  <div class='ocr_page' id='page_1' title='image "/cluster/home/n/w/nwhite01/storage/ocr_20150623/123/ien.35556001659978/379.png"; bbox 0 0 4028 6412; ppageno 0'>
   <div class='ocr_carea' id='block_1_1' title="bbox 575 465 676 530">
    <p class='ocr_par' dir='ltr' id='par_1_1' title="bbox 575 465 676 530">
     <span class='ocr_line' id='line_1_1' title="bbox 575 465 676 530; baseline -0.01 0"><span class='ocrx_word' id='word_1_1' title='bbox 575 465 676 530; x_wconf 69' lang='grc'><strong>747</strong></span> 
     </span>
    </p>
   </div>
   <div class='ocr_carea' id='block_1_2' title="bbox 1490 468 2903 538">
    <p class='ocr_par' dir='ltr' id='par_1_2' title="bbox 1490 468 2903 538">
     <span class='ocr_line' id='line_1_2' title="bbox 1490 468 2903 538; baseline -0.004 -2"><span class='ocrx_word' id='word_1_2' title='bbox 1490 468 2073 538; x_wconf 69' lang='lat' dir='ltr'><strong>&#39;I‘HEOPHYLACTI</strong></span> <span class='ocrx_word' id='word_1_3' title='bbox 2099 472 2517 534; x_wconf 76' lang='lat' dir='ltr'><strong>BULGARI/E</strong></span> <span class='ocrx_word' id='word_1_4' title='bbox 2548 470 2903 531; x_wconf 79' lang='lat' dir='ltr'><strong>ARCHIEP.</strong></span> 
     </span>
    </p>
   </div>
   <div class='ocr_carea' id='block_1_3' title="bbox 3729 463 3835 529">
    <p class='ocr_par' dir='ltr' id='par_1_3' title="bbox 3729 463 3835 529">
     <span class='ocr_line' id='line_1_3' title="bbox 3729 463 3835 529; baseline -0.019 0"><span class='ocrx_word' id='word_1_5' title='bbox 3729 463 3835 529; x_wconf 64' lang='grc'>748</span> 
     </span>
    </p>
   </div>
   <div class='ocr_carea' id='block_1_4' title="bbox 575 570 2142 652">
    <p class='ocr_par' dir='ltr' id='par_1_4' title="bbox 575 580 2142 652">
     <span class='ocr_line' id='line_1_4' title="bbox 575 580 2142 652; baseline 0.002 -16"><span class='ocrx_word' id='word_1_6' title='bbox 575 580 876 637; x_wconf 70' lang='lat' dir='ltr'><strong>adulatione</strong></span> <span class='ocrx_word' id='word_1_7' title='bbox 915 583 1169 652; x_wconf 80' lang='lat' dir='ltr'><strong>deceptus</strong></span> <span class='ocrx_word' id='word_1_8' title='bbox 1208 598 1265 638; x_wconf 83' lang='lat' dir='ltr'><strong>se</strong></span> <span class='ocrx_word' id='word_1_9' title='bbox 1327 584 1519 640; x_wconf 86' lang='lat' dir='ltr'><strong>Filium</strong></span> <span class='ocrx_word' id='word_1_10' title='bbox 1556 586 1649 641; x_wconf 89' lang='lat' dir='ltr'><strong>Dei</strong></span> <span class='ocrx_word' id='word_1_11' title='bbox 1682 594 1959 641; x_wconf 84' lang='lat' dir='ltr'><strong>ostentare</strong></span> <span class='ocrx_word' id='word_1_12' title='bbox 2004 586 2142 639; x_wconf 79' lang='lat' dir='ltr'><strong>velit.</strong></span> 
     </span>
    </p>
   </div>
   <div class='ocr_carea' id='block_1_5' title="bbox 2250 570 3843 652">
    <p class='ocr_par' dir='ltr' id='par_1_5' title="bbox 2257 570 3843 650">
     <span class='ocr_line' id='line_1_5' title="bbox 2257 570 3843 650; baseline -0.003 -14"><span class='ocrx_word' id='word_1_13' title='bbox 2257 584 2459 645; x_wconf 87' lang='grc' dir='ltr'>ταύτας</span> <span class='ocrx_word' id='word_1_14' title='bbox 2484 599 2496 613; x_wconf 76' lang='grc' dir='ltr'><strong><em>ο</em></strong></span> <span class='ocrx_word' id='word_1_15' title='bbox 2533 582 2671 650; x_wconf 76' lang='grc' dir='ltr'>πλὴν</span> <span class='ocrx_word' id='word_1_16' title='bbox 2696 581 2812 632; x_wconf 78' lang='grc' dir='ltr'><strong>ἀλλ’</strong></span> <span class='ocrx_word' id='word_1_17' title='bbox 2839 581 2899 632; x_wconf 80' lang='grc' dir='ltr'>οὐ</span> <span class='ocrx_word' id='word_1_18' title='bbox 2936 578 3075 631; x_wconf 77' lang='grc' dir='ltr'>κατὰ</span> <span class='ocrx_word' id='word_1_19' title='bbox 3114 575 3351 630; x_wconf 75' lang='grc' dir='ltr'>διάνοιαν</span> <span class='ocrx_word' id='word_1_20' title='bbox 3380 570 3555 645; x_wconf 74' lang='grc' dir='ltr'>οἶμαι,</span> <span class='ocrx_word' id='word_1_21' title='bbox 3611 575 3729 630; x_wconf 71' lang='grc' dir='ltr'><strong>ἀλλ’</strong></span> <span class='ocrx_word' id='word_1_22' title='bbox 3754 578 3843 631; x_wconf 81' lang='grc' dir='ltr'><strong>αι-</strong></span> 
     </span>
    </p>
   </div>
   <div class='ocr_carea' id='block_1_6' title="bbox 574 674 2143 749">
    <p class='ocr_par' dir='ltr' id='par_1_6' title="bbox 574 674 2143 749">
     <span class='ocr_line' id='line_1_6' title="bbox 574 674 2143 749; baseline 0.003 -22"><span class='ocrx_word' id='word_1_23' title='bbox 574 674 873 741; x_wconf 76' lang='lat' dir='ltr'><strong>«lejiciendo</strong></span> <span class='ocrx_word' id='word_1_24' title='bbox 924 692 982 730; x_wconf 86' lang='lat' dir='ltr'><strong>se</strong></span> <span class='ocrx_word' id='word_1_25' title='bbox 1023 679 1297 739; x_wconf 78' lang='lat' dir='ltr'><strong>deorsum,</strong></span> <span class='ocrx_word' id='word_1_26' title='bbox 1352 693 1459 746; x_wconf 89' lang='lat' dir='ltr'><strong>quo</strong></span> <span class='ocrx_word' id='word_1_27' title='bbox 1498 688 1849 749; x_wconf 73' lang='lat' dir='ltr'><strong>cognosceret</strong></span> <span class='ocrx_word' id='word_1_28' title='bbox 1894 678 2143 747; x_wconf 78' lang='lat' dir='ltr'><strong>quisnam</strong></span> 
     </span>
    </p>
   </div>
   <div class='ocr_carea' id='block_1_7' title="bbox 574 767 2144 839">
    <p class='ocr_par' dir='ltr' id='par_1_7' title="bbox 574 767 2144 839">
     <span class='ocr_line' id='line_1_7' title="bbox 574 767 2144 839; baseline 0.003 -21"><span class='ocrx_word' id='word_1_29' title='bbox 574 776 737 819; x_wconf 88' lang='lat' dir='ltr'><strong>esset.</strong></span> <span class='ocrx_word' id='word_1_30' title='bbox 775 769 843 820; x_wconf 86' lang='lat' dir='ltr'><strong>At</strong></span> <span class='ocrx_word' id='word_1_31' title='bbox 888 768 1137 823; x_wconf 82' lang='lat' dir='ltr'><strong>Dominus</strong></span> <span class='ocrx_word' id='word_1_32' title='bbox 1170 767 1317 823; x_wconf 85' lang='lat' dir='ltr'><strong>iiltttn</strong></span> <span class='ocrx_word' id='word_1_33' title='bbox 1356 768 1652 839; x_wconf 77' lang='lat' dir='ltr'><strong>Scriptut&#39;is</strong></span> <span class='ocrx_word' id='word_1_34' title='bbox 1683 771 1933 839; x_wconf 84' lang='lat' dir='ltr'><strong>repellit:</strong></span> <span class='ocrx_word' id='word_1_35' title='bbox 1974 790 1990 821; x_wconf 86' lang='grc' dir='ltr'><strong>ι</strong></span> <span class='ocrx_word' id='word_1_36' title='bbox 2030 770 2144 824; x_wconf 83' lang='lat' dir='ltr'><strong>Non</strong></span> 
     </span>
    </p>
   </div>
   <div class='ocr_carea' id='block_1_8' title="bbox 577 860 2147 931">
    <p class='ocr_par' dir='ltr' id='par_1_8' title="bbox 577 860 2147 931">
     <span class='ocr_line' id='line_1_8' title="bbox 577 860 2147 931; baseline 0.004 -20"><span class='ocrx_word' id='word_1_37' title='bbox 577 860 823 920; x_wconf 73' lang='lat' dir='ltr'><strong>tentubis,</strong></span> <span class='ocrx_word' id='word_1_38' title='bbox 883 860 1079 927; x_wconf 83' lang='lat' dir='ltr'><strong>inquit,</strong></span> <span class='ocrx_word' id='word_1_39' title='bbox 1135 860 1418 916; x_wconf 88' lang='lat' dir='ltr'><strong>Dominum</strong></span> <span class='ocrx_word' id='word_1_40' title='bbox 1453 864 1615 916; x_wconf 90' lang='lat' dir='ltr'><strong>Deum</strong></span> <span class='ocrx_word' id='word_1_41' title='bbox 1678 875 1851 917; x_wconf 88' lang='lat' dir='ltr'><strong>tuum.</strong></span> <span class='ocrx_word' id='word_1_42' title='bbox 1890 884 1907 913; x_wconf 75' lang='grc' dir='ltr'><strong>ι</strong></span> <span class='ocrx_word' id='word_1_43' title='bbox 1963 862 2147 931; x_wconf 81' lang='lat' dir='ltr'><strong>Neque</strong></span> 
     </span>
    </p>
   </div>
   <div class='ocr_carea' id='block_1_9' title="bbox 573 948 2143 1020">
    <p class='ocr_par' dir='ltr' id='par_1_9' title="bbox 573 948 2143 1020">
     <span class='ocr_line' id='line_1_9' title="bbox 573 948 2143 1020; baseline 0.003 -19"><span class='ocrx_word' id='word_1_44' title='bbox 573 950 712 1001; x_wconf 86' lang='lat' dir='ltr'><strong>enim</strong></span> <span class='ocrx_word' id='word_1_45' title='bbox 735 950 855 1016; x_wconf 85' lang='lat' dir='ltr'><strong>quis</strong></span> <span class='ocrx_word' id='word_1_46' title='bbox 886 964 941 1002; x_wconf 91' lang='lat' dir='ltr'><strong>se</strong></span> <span class='ocrx_word' id='word_1_47' title='bbox 963 948 1016 1001; x_wconf 90' lang='lat' dir='ltr'><strong>in</strong></span> <span class='ocrx_word' id='word_1_48' title='bbox 1037 950 1407 1006; x_wconf 80' lang='lat' dir='ltr'><strong>manifestaria</strong></span> <span class='ocrx_word' id='word_1_49' title='bbox 1434 952 1668 1020; x_wconf 85' lang='lat' dir='ltr'><strong>pericula</strong></span> <span class='ocrx_word' id='word_1_50' title='bbox 1696 954 1855 1006; x_wconf 86' lang='lat' dir='ltr'><strong>debet</strong></span> <span class='ocrx_word' id='word_1_51' title='bbox 1884 954 2143 1020; x_wconf 88' lang='lat' dir='ltr'><strong>objicere,</strong></span> 
     </span>
    </p>
   </div>
   <div class='ocr_carea' id='block_1_10' title="bbox 575 1042 2143 1113">
    <p class='ocr_par' dir='ltr' id='par_1_10' title="bbox 575 1042 2143 1113">
     <span class='ocr_line' id='line_1_10' title="bbox 575 1042 2143 1113; baseline 0.002 -19"><span class='ocrx_word' id='word_1_52' title='bbox 575 1042 849 1109; x_wconf 80' lang='lat' dir='ltr'><strong>probando</strong></span> <span class='ocrx_word' id='word_1_53' title='bbox 887 1060 1011 1096; x_wconf 90' lang='lat' dir='ltr'><strong>num</strong></span> <span class='ocrx_word' id='word_1_54' title='bbox 1038 1046 1189 1113; x_wconf 89' lang='lat' dir='ltr'><strong>juvet</strong></span> <span class='ocrx_word' id='word_1_55' title='bbox 1220 1060 1279 1097; x_wconf 92' lang='lat' dir='ltr'><strong>se</strong></span> <span class='ocrx_word' id='word_1_56' title='bbox 1314 1045 1472 1097; x_wconf 83' lang='lat' dir='ltr'><strong>Deus.</strong></span> <span class='ocrx_word' id='word_1_57' title='bbox 1502 1046 1885 1099; x_wconf 90' lang='lat' dir='ltr'><strong>Animadverte</strong></span> <span class='ocrx_word' id='word_1_58' title='bbox 1926 1046 2143 1099; x_wconf 76' lang='lat' dir='ltr'><strong>interim</strong></span> 
     </span>
    </p>
   </div>
   <div class='ocr_carea' id='block_1_11' title="bbox 558 1135 2143 1205">
    <p class='ocr_par' dir='ltr' id='par_1_11' title="bbox 558 1135 2143 1205">
     <span class='ocr_line' id='line_1_11' title="bbox 558 1135 2143 1205; baseline -0.001 -20"><span class='ocrx_word' id='word_1_59' title='bbox 558 1144 768 1199; x_wconf 75' lang='lat' dir='ltr'><strong>‘quanta</strong></span> <span class='ocrx_word' id='word_1_60' title='bbox 810 1136 878 1189; x_wconf 89' lang='lat' dir='ltr'><strong>sit</strong></span> <span class='ocrx_word' id='word_1_61' title='bbox 914 1136 1113 1189; x_wconf 85' lang='lat' dir='ltr'><strong>utilitas</strong></span> <span class='ocrx_word' id='word_1_62' title='bbox 1144 1137 1284 1190; x_wconf 85' lang='lat' dir='ltr'><strong>scire</strong></span> <span class='ocrx_word' id='word_1_63' title='bbox 1316 1136 1647 1203; x_wconf 82' lang='lat' dir='ltr'><strong>Scripturns.</strong></span> <span class='ocrx_word' id='word_1_64' title='bbox 1685 1135 1981 1205; x_wconf 83' lang='lat' dir='ltr'><strong>Seripturis</strong></span> <span class='ocrx_word' id='word_1_65' title='bbox 2001 1135 2143 1188; x_wconf 87' lang='lat' dir='ltr'><strong>enim</strong></span> 
     </span>
    </p>
   </div>
   <div class='ocr_carea' id='block_1_12' title="bbox 572 1225 2144 1297">
    <p class='ocr_par' dir='ltr' id='par_1_12' title="bbox 572 1225 2144 1297">
     <span class='ocr_line' id='line_1_12' title="bbox 572 1225 2144 1297; baseline 0.001 -19"><span class='ocrx_word' id='word_1_66' title='bbox 572 1225 830 1281; x_wconf 88' lang='lat' dir='ltr'><strong>Dominus</strong></span> <span class='ocrx_word' id='word_1_67' title='bbox 855 1227 1112 1281; x_wconf 85' lang='lat' dir='ltr'><strong>Satanam</strong></span> <span class='ocrx_word' id='word_1_68' title='bbox 1147 1229 1359 1297; x_wconf 82' lang='lat' dir='ltr'><strong>repulit.</strong></span> <span class='ocrx_word' id='word_1_69' title='bbox 1388 1227 1499 1282; x_wconf 88' lang='lat' dir='ltr'><strong>lloc</strong></span> <span class='ocrx_word' id='word_1_70' title='bbox 1528 1230 1693 1290; x_wconf 88' lang='lat' dir='ltr'><strong>enim,</strong></span> <span class='ocrx_word' id='word_1_71' title='bbox 1730 1228 1841 1282; x_wconf 86' lang='lat' dir='ltr'><strong>Non</strong></span> <span class='ocrx_word' id='word_1_72' title='bbox 1869 1227 1985 1281; x_wconf 89' lang='lat' dir='ltr'><strong>solo</strong></span> <span class='ocrx_word' id='word_1_73' title='bbox 2008 1240 2144 1295; x_wconf 89' lang='lat' dir='ltr'><strong>pane</strong></span> 
     </span>
    </p>
   </div>
   <div class='ocr_carea' id='block_1_13' title="bbox 570 1317 2143 1384">
    <p class='ocr_par' dir='ltr' id='par_1_13' title="bbox 570 1317 2143 1384">
     <span class='ocr_line' id='line_1_13' title="bbox 570 1317 2143 1384; baseline 0.001 -15"><span class='ocrx_word' id='word_1_74' title='bbox 570 1318 699 1370; x_wconf 90' lang='lat' dir='ltr'><strong>vivit</strong></span> <span class='ocrx_word' id='word_1_75' title='bbox 732 1319 911 1384; x_wconf 88' lang='lat' dir='ltr'><strong>homo,</strong></span> <span class='ocrx_word' id='word_1_76' title='bbox 942 1317 1235 1373; x_wconf 78' lang='lat' dir='ltr'><strong>Mosaicum</strong></span> <span class='ocrx_word' id='word_1_77' title='bbox 1266 1329 1349 1374; x_wconf 91' lang='lat' dir='ltr'><strong>est</strong></span> <span class='ocrx_word' id='word_1_78' title='bbox 1384 1322 1447 1374; x_wconf 91' lang='lat' dir='ltr'><strong>de</strong></span> <span class='ocrx_word' id='word_1_79' title='bbox 1483 1320 1674 1373; x_wconf 72' lang='lat' dir='ltr'><strong>Munna</strong></span> <span class='ocrx_word' id='word_1_80' title='bbox 1729 1320 1930 1374; x_wconf 87' lang='lat' dir='ltr'><strong>dictum</strong></span> <span class='ocrx_word' id='word_1_81' title='bbox 1965 1336 1978 1372; x_wconf 93' lang='lat'>:</span> <span class='ocrx_word' id='word_1_82' title='bbox 2020 1334 2143 1372; x_wconf 89' lang='lat' dir='ltr'><strong>nam</strong></span> 
     </span>
    </p>
   </div>
   <div class='ocr_carea' id='block_1_14' title="bbox 571 1411 2146 1483">
    <p class='ocr_par' dir='ltr' id='par_1_14' title="bbox 571 1411 2146 1483">
     <span class='ocr_line' id='line_1_14' title="bbox 571 1411 2146 1483; baseline 0.002 -22"><span class='ocrx_word' id='word_1_83' title='bbox 571 1411 697 1465; x_wconf 91' lang='lat' dir='ltr'><strong>licet</strong></span> <span class='ocrx_word' id='word_1_84' title='bbox 726 1427 829 1465; x_wconf 92' lang='lat' dir='ltr'><strong>non</strong></span> <span class='ocrx_word' id='word_1_85' title='bbox 860 1424 1001 1466; x_wconf 85' lang='lat' dir='ltr'><strong>esset</strong></span> <span class='ocrx_word' id='word_1_86' title='bbox 1040 1414 1193 1483; x_wconf 83' lang='lat' dir='ltr'><strong>panis</strong></span> <span class='ocrx_word' id='word_1_87' title='bbox 1235 1413 1451 1475; x_wconf 80' lang='lat' dir='ltr'><strong>Munna,</strong></span> <span class='ocrx_word' id='word_1_88' title='bbox 1488 1428 1552 1466; x_wconf 75' lang='lat' dir='ltr'><strong>eo</strong></span> <span class='ocrx_word' id='word_1_89' title='bbox 1578 1426 1753 1467; x_wconf 89' lang='lat' dir='ltr'><strong>tamen</strong></span> <span class='ocrx_word' id='word_1_90' title='bbox 1782 1412 2025 1466; x_wconf 81' lang='lat' dir='ltr'><strong>alebatur</strong></span> <span class='ocrx_word' id='word_1_91' title='bbox 2060 1426 2146 1479; x_wconf 89' lang='lat' dir='ltr'><strong>po-</strong></span> 
     </span>
    </p>
   </div>
   <div class='ocr_carea' id='block_1_15' title="bbox 569 1501 2145 1572">
    <p class='ocr_par' dir='ltr' id='par_1_15' title="bbox 569 1501 2145 1572">
     <span class='ocr_line' id='line_1_15' title="bbox 569 1501 2145 1572; baseline 0 -17"><span class='ocrx_word' id='word_1_92' title='bbox 569 1501 744 1570; x_wconf 86' lang='lat' dir='ltr'><strong>pulus.</strong></span> <span class='ocrx_word' id='word_1_93' title='bbox 774 1502 1034 1556; x_wconf 82' lang='lat' dir='ltr'><strong>Similiter</strong></span> <span class='ocrx_word' id='word_1_94' title='bbox 1058 1514 1110 1557; x_wconf 87' lang='lat' dir='ltr'><strong>et</strong></span> <span class='ocrx_word' id='word_1_95' title='bbox 1149 1504 1235 1557; x_wconf 91' lang='lat' dir='ltr'><strong>illa</strong></span> <span class='ocrx_word' id='word_1_96' title='bbox 1269 1521 1295 1555; x_wconf 88' lang='lat' dir='ltr'><strong>a</strong></span> <span class='ocrx_word' id='word_1_97' title='bbox 1330 1504 1476 1557; x_wconf 81' lang='lat' dir='ltr'><strong>Mose</strong></span> <span class='ocrx_word' id='word_1_98' title='bbox 1511 1504 1826 1572; x_wconf 84' lang='lat' dir='ltr'><strong>deprompta</strong></span> <span class='ocrx_word' id='word_1_99' title='bbox 1863 1513 2007 1566; x_wconf 87' lang='lat' dir='ltr'><strong>sunt,</strong></span> <span class='ocrx_word' id='word_1_100' title='bbox 2040 1501 2145 1555; x_wconf 85' lang='lat' dir='ltr'><strong>Du-</strong></span> 
     </span>
    </p>
   </div>
   <div class='ocr_carea' id='block_1_16' title="bbox 573 1593 2141 1659">
    <p class='ocr_par' dir='ltr' id='par_1_16' title="bbox 573 1593 2141 1659">
     <span class='ocr_line' id='line_1_16' title="bbox 573 1593 2141 1659; baseline 0.003 -16"><span class='ocrx_word' id='word_1_101' title='bbox 573 1593 773 1647; x_wconf 88' lang='lat' dir='ltr'><strong>minum</strong></span> <span class='ocrx_word' id='word_1_102' title='bbox 809 1606 984 1648; x_wconf 81' lang='lat' dir='ltr'><strong>autem</strong></span> <span class='ocrx_word' id='word_1_103' title='bbox 1020 1595 1184 1651; x_wconf 89' lang='lat' dir='ltr'><strong>Deum</strong></span> <span class='ocrx_word' id='word_1_104' title='bbox 1220 1606 1367 1649; x_wconf 88' lang='lat' dir='ltr'><strong>tuum</strong></span> <span class='ocrx_word' id='word_1_105' title='bbox 1401 1598 1678 1659; x_wconf 76' lang='lat' dir='ltr'><strong>adorabis,</strong></span> <span class='ocrx_word' id='word_1_106' title='bbox 1730 1606 1823 1647; x_wconf 92' lang='lat' dir='ltr'><strong>ct:</strong></span> <span class='ocrx_word' id='word_1_107' title='bbox 1865 1593 1979 1647; x_wconf 85' lang='lat' dir='ltr'><strong>Non</strong></span> <span class='ocrx_word' id='word_1_108' title='bbox 2024 1606 2141 1647; x_wconf 71' lang='lat' dir='ltr'><strong>ten-</strong></span> 
     </span>
    </p>
   </div>
   <div class='ocr_carea' id='block_1_17' title="bbox 572 1687 733 1742">
    <p class='ocr_par' dir='ltr' id='par_1_17' title="bbox 572 1687 733 1742">
     <span class='ocr_line' id='line_1_17' title="bbox 572 1687 733 1742; baseline 0.031 -6"><span class='ocrx_word' id='word_1_109' title='bbox 572 1687 733 1742; x_wconf 86' lang='lat' dir='ltr'><strong>labis.</strong></span> 
     </span>
    </p>
   </div>
   <div class='ocr_carea' id='block_1_18' title="bbox 2255 668 3842 745">
    <p class='ocr_par' dir='ltr' id='par_1_18' title="bbox 2255 668 3842 745">
     <span class='ocr_line' id='line_1_18' title="bbox 2255 668 3842 745; baseline -0.003 -17"><span class='ocrx_word' id='word_1_110' title='bbox 2255 676 2466 745; x_wconf 80' lang='grc' dir='ltr'>σθητῶς</span> <span class='ocrx_word' id='word_1_111' title='bbox 2486 674 2688 735; x_wconf 87' lang='grc' dir='ltr'>ταύτας</span> <span class='ocrx_word' id='word_1_112' title='bbox 2715 672 2862 742; x_wconf 83' lang='grc' dir='ltr'>αὐτῷ</span> <span class='ocrx_word' id='word_1_113' title='bbox 2894 668 3192 735; x_wconf 82' lang='grc' dir='ltr'>ὑπέδειξεν,</span> <span class='ocrx_word' id='word_1_114' title='bbox 3222 671 3278 722; x_wconf 82' lang='grc' dir='ltr'>ὲν</span> <span class='ocrx_word' id='word_1_115' title='bbox 3305 668 3577 739; x_wconf 75' lang='grc' dir='ltr'>φαντασίᾳ</span> <span class='ocrx_word' id='word_1_116' title='bbox 3606 670 3842 739; x_wconf 76' lang='grc' dir='ltr'><strong>ποιήσας</strong></span> 
     </span>
    </p>
   </div>
   <div class='ocr_carea' id='block_1_19' title="bbox 2255 760 3847 838">
    <p class='ocr_par' dir='ltr' id='par_1_19' title="bbox 2255 760 3847 838">
     <span class='ocr_line' id='line_1_19' title="bbox 2255 760 3847 838; baseline -0.003 -18"><span class='ocrx_word' id='word_1_117' title='bbox 2255 768 2512 838; x_wconf 82' lang='grc' dir='ltr'>φανῆναι,</span> <span class='ocrx_word' id='word_1_118' title='bbox 2539 766 2629 818; x_wconf 79' lang='grc' dir='ltr'><strong>τοῦ</strong></span> <span class='ocrx_word' id='word_1_119' title='bbox 2651 764 2854 834; x_wconf 78' lang='grc' dir='ltr'><strong>Κυρίου</strong></span> <span class='ocrx_word' id='word_1_120' title='bbox 2884 762 3400 833; x_wconf 76' lang='grc' dir='ltr'>μὴσφανταζομένου</span> <span class='ocrx_word' id='word_1_121' title='bbox 3429 781 3440 792; x_wconf 92' lang='grc'>·</span> <span class='ocrx_word' id='word_1_122' title='bbox 3479 762 3667 830; x_wconf 79' lang='grc' dir='ltr'>τρίτον</span> <span class='ocrx_word' id='word_1_123' title='bbox 3691 760 3847 832; x_wconf 74' lang='grc' dir='ltr'>αὐτῷ</span> 
     </span>
    </p>
   </div>
   <div class='ocr_carea' id='block_1_20' title="bbox 2256 854 3843 929">
    <p class='ocr_par' dir='ltr' id='par_1_20' title="bbox 2256 854 3843 929">
     <span class='ocr_line' id='line_1_20' title="bbox 2256 854 3843 929; baseline -0.001 -20"><span class='ocrx_word' id='word_1_124' title='bbox 2256 857 2605 929; x_wconf 75' lang='grc' dir='ltr'>προσϐάλλει,</span> <span class='ocrx_word' id='word_1_125' title='bbox 2640 858 2745 908; x_wconf 75' lang='grc' dir='ltr'><strong>ἀπὸ</strong></span> <span class='ocrx_word' id='word_1_126' title='bbox 2767 856 2866 924; x_wconf 82' lang='grc' dir='ltr'>τῆς</span> <span class='ocrx_word' id='word_1_127' title='bbox 2898 854 3203 922; x_wconf 78' lang='grc' dir='ltr'><strong>φιλοδοξίας</strong></span> <span class='ocrx_word' id='word_1_128' title='bbox 3224 868 3239 883; x_wconf 80' lang='grc'><strong>⁸</strong></span> <span class='ocrx_word' id='word_1_129' title='bbox 3272 854 3331 905; x_wconf 78' lang='lat' dir='ltr'><strong>Ei</strong></span> <span class='ocrx_word' id='word_1_130' title='bbox 3358 854 3471 917; x_wconf 78' lang='grc' dir='ltr'>υἱὸς</span> <span class='ocrx_word' id='word_1_131' title='bbox 3494 854 3625 922; x_wconf 81' lang='grc' dir='ltr'>γάρ,</span> <span class='ocrx_word' id='word_1_132' title='bbox 3654 856 3843 923; x_wconf 78' lang='grc' dir='ltr'>φησὶν,</span> 
     </span>
    </p>
   </div>
   <div class='ocr_carea' id='block_1_21' title="bbox 2255 946 3841 1015">
    <p class='ocr_par' dir='ltr' id='par_1_21' title="bbox 2255 946 3841 1015">
     <span class='ocr_line' id='line_1_21' title="bbox 2255 946 3841 1015; baseline -0.003 -13"><span class='ocrx_word' id='word_1_133' title='bbox 2255 946 2303 1002; x_wconf 79' lang='grc' dir='ltr'>εἷ</span> <span class='ocrx_word' id='word_1_134' title='bbox 2341 948 2435 1001; x_wconf 82' lang='grc' dir='ltr'>τοῦ</span> <span class='ocrx_word' id='word_1_135' title='bbox 2461 947 2618 1011; x_wconf 83' lang='grc' dir='ltr'><strong>Θεοῦ,</strong></span> <span class='ocrx_word' id='word_1_136' title='bbox 2648 948 2775 1015; x_wconf 82' lang='grc' dir='ltr'>βάλε</span> <span class='ocrx_word' id='word_1_137' title='bbox 2822 948 3048 1000; x_wconf 75' lang='grc' dir='ltr'>σεαυτὸν</span> <span class='ocrx_word' id='word_1_138' title='bbox 3082 947 3234 998; x_wconf 86' lang='grc' dir='ltr'>κάτω</span> <span class='ocrx_word' id='word_1_139' title='bbox 3256 962 3269 975; x_wconf 92' lang='grc'><strong>·</strong></span> <span class='ocrx_word' id='word_1_140' title='bbox 3304 946 3621 1001; x_wconf 81' lang='grc' dir='ltr'><strong>κολακεύων</strong></span> <span class='ocrx_word' id='word_1_141' title='bbox 3659 946 3717 999; x_wconf 81' lang='grc' dir='ltr'>δὲ</span> <span class='ocrx_word' id='word_1_142' title='bbox 3743 946 3841 1000; x_wconf 83' lang='grc' dir='ltr'><strong>αὐ-</strong></span> 
     </span>
    </p>
   </div>
   <div class='ocr_carea' id='block_1_22' title="bbox 2253 1044 3844 1116">
    <p class='ocr_par' dir='ltr' id='par_1_22' title="bbox 2253 1044 3844 1116">
     <span class='ocr_line' id='line_1_22' title="bbox 2253 1044 3844 1116; baseline -0.003 -14"><span class='ocrx_word' id='word_1_143' title='bbox 2253 1051 2365 1113; x_wconf 80' lang='grc' dir='ltr'>τὸν,</span> <span class='ocrx_word' id='word_1_144' title='bbox 2402 1050 2469 1101; x_wconf 78' lang='grc' dir='ltr'><strong>τά</strong></span> <span class='ocrx_word' id='word_1_145' title='bbox 2504 1048 2727 1101; x_wconf 86' lang='grc' dir='ltr'>τοιαῦτα</span> <span class='ocrx_word' id='word_1_146' title='bbox 2760 1046 2967 1116; x_wconf 78' lang='grc' dir='ltr'><strong>ἐλήρει,</strong></span> <span class='ocrx_word' id='word_1_147' title='bbox 3000 1046 3051 1097; x_wconf 81' lang='grc' dir='ltr'>εἴ</span> <span class='ocrx_word' id='word_1_148' title='bbox 3084 1062 3200 1107; x_wconf 83' lang='grc' dir='ltr'><strong>πως</strong></span> <span class='ocrx_word' id='word_1_149' title='bbox 3252 1044 3357 1097; x_wconf 84' lang='grc' dir='ltr'><strong>ἀπὸ</strong></span> <span class='ocrx_word' id='word_1_150' title='bbox 3405 1044 3506 1112; x_wconf 82' lang='grc' dir='ltr'>τῆς</span> <span class='ocrx_word' id='word_1_151' title='bbox 3548 1045 3844 1106; x_wconf 78' lang='grc' dir='ltr'><strong>κολακείας</strong></span> 
     </span>
    </p>
   </div>
   <div class='ocr_carea' id='block_1_23' title="bbox 2254 1136 3842 1209">
    <p class='ocr_par' dir='ltr' id='par_1_23' title="bbox 2254 1136 3842 1209">
     <span class='ocr_line' id='line_1_23' title="bbox 2254 1136 3842 1209; baseline -0.001 -15"><span class='ocrx_word' id='word_1_152' title='bbox 2254 1141 2576 1209; x_wconf 76' lang='grc' dir='ltr'>ἀπατηθεὶς,</span> <span class='ocrx_word' id='word_1_153' title='bbox 2620 1140 2714 1192; x_wconf 69' lang='grc' dir='ltr'><strong>καὶ</strong></span> <span class='ocrx_word' id='word_1_154' title='bbox 2754 1138 2922 1191; x_wconf 76' lang='grc' dir='ltr'>Θέλων</span> <span class='ocrx_word' id='word_1_155' title='bbox 2945 1138 3113 1201; x_wconf 80' lang='grc' dir='ltr'>δεῖξαι</span> <span class='ocrx_word' id='word_1_156' title='bbox 3145 1138 3338 1189; x_wconf 75' lang='grc' dir='ltr'>ἑαυτὸν</span> <span class='ocrx_word' id='word_1_157' title='bbox 3370 1137 3497 1189; x_wconf 80' lang='grc' dir='ltr'><strong>Υἱὸν</strong></span> <span class='ocrx_word' id='word_1_158' title='bbox 3527 1136 3842 1209; x_wconf 73' lang='grc' dir='ltr'>Θεοῦ,βάλῃ</span> 
     </span>
    </p>
   </div>
   <div class='ocr_carea' id='block_1_24' title="bbox 2255 1228 3840 1297">
    <p class='ocr_par' dir='ltr' id='par_1_24' title="bbox 2255 1228 3840 1297">
     <span class='ocr_line' id='line_1_24' title="bbox 2255 1228 3840 1297; baseline 0 -17"><span class='ocrx_word' id='word_1_159' title='bbox 2255 1230 2448 1281; x_wconf 77' lang='grc' dir='ltr'>ἑαυτὸν</span> <span class='ocrx_word' id='word_1_160' title='bbox 2473 1229 2623 1283; x_wconf 82' lang='grc' dir='ltr'>κάτω</span> <span class='ocrx_word' id='word_1_161' title='bbox 2644 1270 2657 1289; x_wconf 85' lang='grc'><strong>,</strong></span> <span class='ocrx_word' id='word_1_162' title='bbox 2696 1230 2788 1279; x_wconf 64' lang='grc' dir='ltr'><strong>καὶ</strong></span> <span class='ocrx_word' id='word_1_163' title='bbox 2818 1228 2961 1281; x_wconf 71' lang='grc' dir='ltr'>οὕτω</span> <span class='ocrx_word' id='word_1_164' title='bbox 2988 1228 3294 1296; x_wconf 80' lang='grc' dir='ltr'>διαγνωσθῇ</span> <span class='ocrx_word' id='word_1_165' title='bbox 3324 1228 3493 1297; x_wconf 81' lang='grc' dir='ltr'>αὐτῷ,</span> <span class='ocrx_word' id='word_1_166' title='bbox 3540 1228 3624 1289; x_wconf 86' lang='grc' dir='ltr'><strong>τίς</strong></span> <span class='ocrx_word' id='word_1_167' title='bbox 3669 1229 3840 1280; x_wconf 74' lang='grc' dir='ltr'>ἐστιν.</span> 
     </span>
    </p>
   </div>
   <div class='ocr_carea' id='block_1_25' title="bbox 2262 1320 3847 1391">
    <p class='ocr_par' dir='ltr' id='par_1_25' title="bbox 2262 1320 3847 1391">
     <span class='ocr_line' id='line_1_25' title="bbox 2262 1320 3847 1391; baseline -0.001 -16"><span class='ocrx_word' id='word_1_168' title='bbox 2262 1320 2324 1375; x_wconf 73' lang='grc'><strong>’0</strong></span> <span class='ocrx_word' id='word_1_169' title='bbox 2360 1322 2415 1376; x_wconf 74' lang='grc' dir='ltr'>δὲ</span> <span class='ocrx_word' id='word_1_170' title='bbox 2458 1322 2659 1391; x_wconf 83' lang='grc' dir='ltr'>Κύριος</span> <span class='ocrx_word' id='word_1_171' title='bbox 2692 1324 2791 1390; x_wconf 69' lang='grc' dir='ltr'>ὅρα</span> <span class='ocrx_word' id='word_1_172' title='bbox 2830 1322 2946 1385; x_wconf 83' lang='grc' dir='ltr'><strong>πῶς</strong></span> <span class='ocrx_word' id='word_1_173' title='bbox 2976 1320 3342 1389; x_wconf 76' lang='grc' dir='ltr'><strong>ἀποκρούεται</strong></span> <span class='ocrx_word' id='word_1_174' title='bbox 3382 1321 3543 1373; x_wconf 74' lang='grc' dir='ltr'>αὑτὸν</span> <span class='ocrx_word' id='word_1_175' title='bbox 3577 1322 3687 1374; x_wconf 81' lang='grc' dir='ltr'><strong>ἀπὸ</strong></span> <span class='ocrx_word' id='word_1_176' title='bbox 3744 1324 3847 1388; x_wconf 70' lang='grc' dir='ltr'>τῆς</span> 
     </span>
    </p>
   </div>
   <div class='ocr_carea' id='block_1_26' title="bbox 2252 1411 3847 1486">
    <p class='ocr_par' dir='ltr' id='par_1_26' title="bbox 2252 1411 3847 1486">
     <span class='ocr_line' id='line_1_26' title="bbox 2252 1411 3847 1486; baseline 0.001 -22"><span class='ocrx_word' id='word_1_177' title='bbox 2252 1412 2507 1484; x_wconf 69' lang='grc' dir='ltr'>Γραφῆς·</span> <span class='ocrx_word' id='word_1_178' title='bbox 2572 1432 2589 1465; x_wconf 79' lang='grc' dir='ltr'><strong>ι</strong></span> <span class='ocrx_word' id='word_1_179' title='bbox 2626 1415 2739 1486; x_wconf 77' lang='grc' dir='ltr'>Οὐκ</span> <span class='ocrx_word' id='word_1_180' title='bbox 2774 1414 3121 1482; x_wconf 74' lang='grc' dir='ltr'><strong>ἐκπειράσεις</strong></span> <span class='ocrx_word' id='word_1_181' title='bbox 3158 1413 3288 1481; x_wconf 83' lang='grc' dir='ltr'>γὰρ,</span> <span class='ocrx_word' id='word_1_182' title='bbox 3326 1416 3480 1482; x_wconf 85' lang='grc' dir='ltr'>φησὶ,</span> <span class='ocrx_word' id='word_1_183' title='bbox 3518 1411 3729 1481; x_wconf 80' lang='grc' dir='ltr'>Κύριον</span> <span class='ocrx_word' id='word_1_184' title='bbox 3754 1413 3847 1465; x_wconf 78' lang='grc' dir='ltr'>τὸν</span> 
     </span>
    </p>
   </div>
   <div class='ocr_carea' id='block_1_27' title="bbox 2250 1504 3848 1576">
    <p class='ocr_par' dir='ltr' id='par_1_27' title="bbox 2250 1504 3848 1576">
     <span class='ocr_line' id='line_1_27' title="bbox 2250 1504 3848 1576; baseline -0.002 -17"><span class='ocrx_word' id='word_1_185' title='bbox 2250 1504 2384 1559; x_wconf 83' lang='grc' dir='ltr'>Θεόν</span> <span class='ocrx_word' id='word_1_186' title='bbox 2425 1521 2539 1561; x_wconf 87' lang='grc' dir='ltr'>σου.</span> <span class='ocrx_word' id='word_1_187' title='bbox 2587 1525 2603 1556; x_wconf 79' lang='grc' dir='ltr'><strong>ι</strong></span> <span class='ocrx_word' id='word_1_188' title='bbox 2667 1508 2740 1560; x_wconf 81' lang='grc' dir='ltr'><strong>Οὐ</strong></span> <span class='ocrx_word' id='word_1_189' title='bbox 2773 1507 2880 1576; x_wconf 84' lang='grc' dir='ltr'><strong>γὰρ</strong></span> <span class='ocrx_word' id='word_1_190' title='bbox 2935 1507 3017 1559; x_wconf 87' lang='grc' dir='ltr'>δεῖ</span> <span class='ocrx_word' id='word_1_191' title='bbox 3074 1508 3152 1569; x_wconf 87' lang='grc' dir='ltr'><strong>είς</strong></span> <span class='ocrx_word' id='word_1_192' title='bbox 3204 1507 3502 1576; x_wconf 79' lang='grc' dir='ltr'>προφανετς</span> <span class='ocrx_word' id='word_1_193' title='bbox 3562 1504 3848 1569; x_wconf 80' lang='grc' dir='ltr'>κινδύνους</span> 
     </span>
    </p>
   </div>
   <div class='ocr_carea' id='block_1_28' title="bbox 2248 1597 3846 1668">
    <p class='ocr_par' dir='ltr' id='par_1_28' title="bbox 2248 1597 3846 1668">
     <span class='ocr_line' id='line_1_28' title="bbox 2248 1597 3846 1668; baseline 0.001 -19"><span class='ocrx_word' id='word_1_194' title='bbox 2248 1598 2543 1667; x_wconf 71' lang='grc' dir='ltr'>ἐμϐάλλειν</span> <span class='ocrx_word' id='word_1_195' title='bbox 2592 1600 2714 1651; x_wconf 82' lang='grc' dir='ltr'>τινὰ</span> <span class='ocrx_word' id='word_1_196' title='bbox 2766 1600 2983 1661; x_wconf 67' lang='grc' dir='ltr'>ἑαυτὸν,</span> <span class='ocrx_word' id='word_1_197' title='bbox 3046 1599 3411 1668; x_wconf 72' lang='grc' dir='ltr'><strong>δοκιμάζοντα</strong></span> <span class='ocrx_word' id='word_1_198' title='bbox 3467 1600 3513 1649; x_wconf 90' lang='grc' dir='ltr'><strong>εί</strong></span> <span class='ocrx_word' id='word_1_199' title='bbox 3582 1597 3846 1667; x_wconf 68' lang='grc' dir='ltr'><strong>βοηῦήσει</strong></span> 
     </span>
    </p>
   </div>
   <div class='ocr_carea' id='block_1_29' title="bbox 2246 1688 3846 1760">
    <p class='ocr_par' dir='ltr' id='par_1_29' title="bbox 2246 1688 3846 1760">
     <span class='ocr_line' id='line_1_29' title="bbox 2246 1688 3846 1760; baseline 0.001 -19"><span class='ocrx_word' id='word_1_200' title='bbox 2246 1691 2393 1759; x_wconf 69' lang='grc' dir='ltr'>αὐτῷ</span> <span class='ocrx_word' id='word_1_201' title='bbox 2420 1692 2446 1743; x_wconf 90' lang='lat'><strong>6</strong></span> <span class='ocrx_word' id='word_1_202' title='bbox 2467 1689 2619 1753; x_wconf 84' lang='grc' dir='ltr'>Θεός.</span> <span class='ocrx_word' id='word_1_203' title='bbox 2653 1691 2964 1760; x_wconf 85' lang='grc' dir='ltr'>Σημείωσαι</span> <span class='ocrx_word' id='word_1_204' title='bbox 2991 1691 3160 1745; x_wconf 80' lang='grc' dir='ltr'>δὲκαὶ</span> <span class='ocrx_word' id='word_1_205' title='bbox 3193 1690 3369 1757; x_wconf 81' lang='grc' dir='ltr'>τοῦτο,</span> <span class='ocrx_word' id='word_1_206' title='bbox 3406 1690 3487 1743; x_wconf 78' lang='grc' dir='ltr'>ὅτι</span> <span class='ocrx_word' id='word_1_207' title='bbox 3524 1689 3671 1760; x_wconf 75' lang='grc' dir='ltr'>μέγα</span> <span class='ocrx_word' id='word_1_208' title='bbox 3714 1688 3846 1757; x_wconf 54' lang='lat' dir='ltr'><strong>630e-</strong></span> 
     </span>
    </p>
   </div>
   <div class='ocr_carea' id='block_1_30' title="bbox 568 1778 3842 1851">
    <p class='ocr_par' dir='ltr' id='par_1_30' title="bbox 568 1778 3842 1851">
     <span class='ocr_line' id='line_1_30' title="bbox 568 1778 3842 1851; baseline 0.001 -20"><span class='ocrx_word' id='word_1_209' title='bbox 568 1780 655 1843; x_wconf 87' lang='grc' dir='ltr'><strong>λος</strong></span> <span class='ocrx_word' id='word_1_210' title='bbox 678 1780 737 1833; x_wconf 83' lang='grc' dir='ltr'>τὸ</span> <span class='ocrx_word' id='word_1_211' title='bbox 765 1780 959 1834; x_wconf 79' lang='grc' dir='ltr'>ειδέναι</span> <span class='ocrx_word' id='word_1_212' title='bbox 990 1783 1088 1843; x_wconf 82' lang='grc' dir='ltr'>τὰς</span> <span class='ocrx_word' id='word_1_213' title='bbox 1112 1781 1335 1851; x_wconf 86' lang='grc' dir='ltr'>Γραφάς</span> <span class='ocrx_word' id='word_1_214' title='bbox 1356 1798 1367 1810; x_wconf 96' lang='grc'><strong>·</strong></span> <span class='ocrx_word' id='word_1_215' title='bbox 1406 1780 1499 1833; x_wconf 74' lang='grc' dir='ltr'>καὶ</span> <span class='ocrx_word' id='word_1_216' title='bbox 1530 1780 1639 1848; x_wconf 83' lang='grc' dir='ltr'>γὰρ</span> <span class='ocrx_word' id='word_1_217' title='bbox 1668 1781 1761 1833; x_wconf 68' lang='grc' dir='ltr'><strong>καὶ</strong></span> <span class='ocrx_word' id='word_1_218' title='bbox 1784 1782 1809 1832; x_wconf 93' lang='lat'><strong>6</strong></span> <span class='ocrx_word' id='word_1_219' title='bbox 1834 1778 2035 1847; x_wconf 84' lang='grc' dir='ltr'>Κύριος</span> <span class='ocrx_word' id='word_1_220' title='bbox 2094 1779 2183 1830; x_wconf 77' lang='grc' dir='ltr'>τὸν</span> <span class='ocrx_word' id='word_1_221' title='bbox 2223 1780 2468 1833; x_wconf 79' lang='grc' dir='ltr'><strong>Σατανᾶν</strong></span> <span class='ocrx_word' id='word_1_222' title='bbox 2506 1781 2613 1834; x_wconf 87' lang='grc' dir='ltr'><strong>άπδ</strong></span> <span class='ocrx_word' id='word_1_223' title='bbox 2636 1782 2743 1833; x_wconf 90' lang='grc' dir='ltr'><strong>τῶν</strong></span> <span class='ocrx_word' id='word_1_224' title='bbox 2776 1781 3011 1849; x_wconf 80' lang='grc' dir='ltr'>Γραφῶν</span> <span class='ocrx_word' id='word_1_225' title='bbox 3034 1780 3419 1850; x_wconf 84' lang='grc' dir='ltr'>ἀπεκρούσατο</span> <span class='ocrx_word' id='word_1_226' title='bbox 3454 1797 3466 1808; x_wconf 92' lang='grc'><strong>·</strong></span> <span class='ocrx_word' id='word_1_227' title='bbox 3501 1780 3563 1832; x_wconf 91' lang='grc' dir='ltr'><strong>τό</strong></span> <span class='ocrx_word' id='word_1_228' title='bbox 3617 1798 3678 1833; x_wconf 89' lang='grc' dir='ltr'><strong>τε</strong></span> <span class='ocrx_word' id='word_1_229' title='bbox 3711 1782 3842 1850; x_wconf 73' lang='grc' dir='ltr'>γὰρ·</span> 
     </span>
    </p>
   </div>
   <div class='ocr_carea' id='block_1_31' title="bbox 568 1872 3846 1945">
    <p class='ocr_par' dir='ltr' id='par_1_31' title="bbox 568 1872 3846 1945">
     <span class='ocr_line' id='line_1_31' title="bbox 568 1872 3846 1945; baseline 0 -20"><span class='ocrx_word' id='word_1_230' title='bbox 568 1874 682 1925; x_wconf 67' lang='grc' dir='ltr'><strong>Οὐκ</strong></span> <span class='ocrx_word' id='word_1_231' title='bbox 726 1874 987 1942; x_wconf 66' lang='grc' dir='ltr'>ἐπ’άρτῳ</span> <span class='ocrx_word' id='word_1_232' title='bbox 1030 1875 1173 1943; x_wconf 88' lang='grc' dir='ltr'><strong>μόνῳ</strong></span> <span class='ocrx_word' id='word_1_233' title='bbox 1220 1872 1443 1943; x_wconf 76' lang='grc' dir='ltr'><strong>ζήσεται</strong></span> <span class='ocrx_word' id='word_1_234' title='bbox 1490 1874 1812 1944; x_wconf 74' lang='grc' dir='ltr'>ἄνθρωπος,</span> <span class='ocrx_word' id='word_1_235' title='bbox 1852 1873 2143 1925; x_wconf 77' lang='grc' dir='ltr'>Μωσαῖκόν</span> <span class='ocrx_word' id='word_1_236' title='bbox 2180 1873 2320 1935; x_wconf 77' lang='grc' dir='ltr'>ἐστι,</span> <span class='ocrx_word' id='word_1_237' title='bbox 2346 1876 2473 1945; x_wconf 72' lang='grc' dir='ltr'>περὶ</span> <span class='ocrx_word' id='word_1_238' title='bbox 2513 1873 2605 1927; x_wconf 77' lang='grc' dir='ltr'>τοῦ</span> <span class='ocrx_word' id='word_1_239' title='bbox 2656 1875 2849 1928; x_wconf 71' lang='grc' dir='ltr'>Μάννα</span> <span class='ocrx_word' id='word_1_240' title='bbox 2914 1874 3115 1944; x_wconf 53' lang='grc' dir='ltr'><strong>ῥηθέν</strong></span> <span class='ocrx_word' id='word_1_241' title='bbox 3154 1874 3214 1927; x_wconf 87' lang='grc' dir='ltr'>τὸ</span> <span class='ocrx_word' id='word_1_242' title='bbox 3282 1874 3389 1944; x_wconf 78' lang='grc' dir='ltr'><strong>γὰρ</strong></span> <span class='ocrx_word' id='word_1_243' title='bbox 3444 1874 3637 1928; x_wconf 82' lang='grc' dir='ltr'>Μάννα</span> <span class='ocrx_word' id='word_1_244' title='bbox 3679 1873 3846 1945; x_wconf 76' lang='grc' dir='ltr'>ἄρτος</span> 
     </span>
    </p>
   </div>
   <div class='ocr_carea' id='block_1_32' title="bbox 570 1962 3204 2039">
    <p class='ocr_par' dir='ltr' id='par_1_32' title="bbox 570 1962 3204 2039">
     <span class='ocr_line' id='line_1_32' title="bbox 570 1962 3204 2039; baseline 0.002 -23"><span class='ocrx_word' id='word_1_245' title='bbox 570 1965 644 2034; x_wconf 80' lang='grc' dir='ltr'>μὴ</span> <span class='ocrx_word' id='word_1_246' title='bbox 670 1962 749 2029; x_wconf 74' lang='grc' dir='ltr'>ὃν,</span> <span class='ocrx_word' id='word_1_247' title='bbox 780 1966 928 2035; x_wconf 84' lang='grc' dir='ltr'>ὅμως</span> <span class='ocrx_word' id='word_1_248' title='bbox 966 1965 1159 2036; x_wconf 71' lang='grc' dir='ltr'>ἔθρεψε</span> <span class='ocrx_word' id='word_1_249' title='bbox 1192 1970 1279 2020; x_wconf 81' lang='grc' dir='ltr'>τὸν</span> <span class='ocrx_word' id='word_1_250' title='bbox 1305 1966 1431 2020; x_wconf 86' lang='grc' dir='ltr'>λαόν</span> <span class='ocrx_word' id='word_1_251' title='bbox 1453 1984 1465 1995; x_wconf 92' lang='grc'><strong>·</strong></span> <span class='ocrx_word' id='word_1_252' title='bbox 1498 1970 1590 2019; x_wconf 73' lang='grc' dir='ltr'>καὶ</span> <span class='ocrx_word' id='word_1_253' title='bbox 1618 1967 1697 2029; x_wconf 82' lang='grc' dir='ltr'>τὸ,</span> <span class='ocrx_word' id='word_1_254' title='bbox 1729 1967 1931 2037; x_wconf 82' lang='grc' dir='ltr'>Κύριον</span> <span class='ocrx_word' id='word_1_255' title='bbox 1967 1966 2022 2019; x_wconf 84' lang='grc' dir='ltr'>δὲ</span> <span class='ocrx_word' id='word_1_256' title='bbox 2055 1966 2144 2019; x_wconf 80' lang='grc' dir='ltr'>τὸν</span> <span class='ocrx_word' id='word_1_257' title='bbox 2181 1966 2313 2020; x_wconf 71' lang='grc' dir='ltr'>Θεὸν</span> <span class='ocrx_word' id='word_1_258' title='bbox 2349 1984 2442 2022; x_wconf 85' lang='grc' dir='ltr'><strong>σου</strong></span> <span class='ocrx_word' id='word_1_259' title='bbox 2518 1971 2939 2039; x_wconf 75' lang='grc' dir='ltr'><strong>προσκυνήσεις,</strong></span> <span class='ocrx_word' id='word_1_260' title='bbox 2987 1968 3081 2021; x_wconf 73' lang='grc' dir='ltr'>καὶ</span> <span class='ocrx_word' id='word_1_261' title='bbox 3109 1968 3204 2033; x_wconf 78' lang='grc' dir='ltr'>τὸ,</span> 
     </span>
    </p>
   </div>
   <div class='ocr_carea' id='block_1_33' title="bbox 569 2061 1214 2139">
    <p class='ocr_par' dir='ltr' id='par_1_33' title="bbox 569 2061 1214 2139">
     <span class='ocr_line' id='line_1_33' title="bbox 569 2061 1214 2139; baseline 0.006 -27"><span class='ocrx_word' id='word_1_262' title='bbox 569 2061 663 2113; x_wconf 80' lang='grc' dir='ltr'><strong>καὶ</strong></span> <span class='ocrx_word' id='word_1_263' title='bbox 700 2061 868 2115; x_wconf 82' lang='grc' dir='ltr'>ταῦτα</span> <span class='ocrx_word' id='word_1_264' title='bbox 908 2064 1214 2139; x_wconf 46' lang='grc' dir='ltr'>Μωσαῖκά..</span> 
     </span>
    </p>
   </div>
   <div class='ocr_carea' id='block_1_34' title="bbox 640 2157 2219 2217">
    <p class='ocr_par' dir='ltr' id='par_1_34' title="bbox 640 2157 2219 2217">
     <span class='ocr_line' id='line_1_34' title="bbox 640 2157 2219 2217; baseline -0.001 -6"><span class='ocrx_word' id='word_1_265' title='bbox 640 2158 800 2211; x_wconf 75' lang='lat' dir='ltr'><strong>Vens.</strong></span> <span class='ocrx_word' id='word_1_266' title='bbox 848 2157 1036 2210; x_wconf 72' lang='grc'><strong>15-15.</strong></span> <span class='ocrx_word' id='word_1_267' title='bbox 1075 2175 1091 2206; x_wconf 87' lang='grc'><strong>‹</strong></span> <span class='ocrx_word' id='word_1_268' title='bbox 1131 2157 1189 2208; x_wconf 87' lang='lat' dir='ltr'><strong>Et</strong></span> <span class='ocrx_word' id='word_1_269' title='bbox 1222 2168 1599 2210; x_wconf 85' lang='lat' dir='ltr'><strong>consummata</strong></span> <span class='ocrx_word' id='word_1_270' title='bbox 1647 2157 1791 2210; x_wconf 89' lang='lat' dir='ltr'><strong>omni</strong></span> <span class='ocrx_word' id='word_1_271' title='bbox 1844 2157 2145 2209; x_wconf 83' lang='lat' dir='ltr'><strong>tentatione</strong></span> <span class='ocrx_word' id='word_1_272' title='bbox 2182 2164 2219 2217; x_wconf 79' lang='grc' dir='ltr'>Β</span> 
     </span>
    </p>
   </div>
   <div class='ocr_carea' id='block_1_35' title="bbox 564 2248 2145 2318">
    <p class='ocr_par' dir='ltr' id='par_1_35' title="bbox 564 2248 2145 2318">
     <span class='ocr_line' id='line_1_35' title="bbox 564 2248 2145 2318; baseline -0.001 -15"><span class='ocrx_word' id='word_1_273' title='bbox 564 2250 811 2305; x_wconf 80' lang='lat' dir='ltr'><strong>diabolus</strong></span> <span class='ocrx_word' id='word_1_274' title='bbox 860 2250 1083 2303; x_wconf 82' lang='lat' dir='ltr'><strong>recessit</strong></span> <span class='ocrx_word' id='word_1_275' title='bbox 1134 2248 1200 2301; x_wconf 89' lang='lat' dir='ltr'><strong>ab</strong></span> <span class='ocrx_word' id='word_1_276' title='bbox 1247 2248 1338 2301; x_wconf 92' lang='lat' dir='ltr'><strong>illo</strong></span> <span class='ocrx_word' id='word_1_277' title='bbox 1390 2265 1558 2318; x_wconf 88' lang='lat' dir='ltr'><strong>usque</strong></span> <span class='ocrx_word' id='word_1_278' title='bbox 1590 2251 1653 2303; x_wconf 89' lang='lat' dir='ltr'><strong>ad</strong></span> <span class='ocrx_word' id='word_1_279' title='bbox 1702 2259 1929 2317; x_wconf 92' lang='lat' dir='ltr'><strong>tempus.</strong></span> <span class='ocrx_word' id='word_1_280' title='bbox 1968 2248 2029 2302; x_wconf 85' lang='lat' dir='ltr'><strong>Et</strong></span> <span class='ocrx_word' id='word_1_281' title='bbox 2062 2264 2145 2302; x_wconf 82' lang='lat' dir='ltr'><strong>re-</strong></span> 
     </span>
    </p>
   </div>
   <div class='ocr_carea' id='block_1_36' title="bbox 568 2341 2141 2409">
    <p class='ocr_par' dir='ltr' id='par_1_36' title="bbox 568 2341 2141 2409">
     <span class='ocr_line' id='line_1_36' title="bbox 568 2341 2141 2409; baseline -0.003 -17"><span class='ocrx_word' id='word_1_282' title='bbox 568 2358 753 2397; x_wconf 71' lang='lat' dir='ltr'><strong>versus</strong></span> <span class='ocrx_word' id='word_1_283' title='bbox 785 2352 868 2396; x_wconf 87' lang='lat' dir='ltr'><strong>est</strong></span> <span class='ocrx_word' id='word_1_284' title='bbox 916 2341 1071 2396; x_wconf 85' lang='lat' dir='ltr'><strong>Jesus</strong></span> <span class='ocrx_word' id='word_1_285' title='bbox 1113 2342 1162 2394; x_wconf 91' lang='lat' dir='ltr'><strong>in</strong></span> <span class='ocrx_word' id='word_1_286' title='bbox 1220 2342 1415 2394; x_wconf 80' lang='lat' dir='ltr'><strong>virtute</strong></span> <span class='ocrx_word' id='word_1_287' title='bbox 1468 2341 1692 2409; x_wconf 77' lang='lat' dir='ltr'><strong>Spiritus</strong></span> <span class='ocrx_word' id='word_1_288' title='bbox 1747 2342 1797 2395; x_wconf 87' lang='lat' dir='ltr'><strong>in</strong></span> <span class='ocrx_word' id='word_1_289' title='bbox 1846 2341 2141 2405; x_wconf 70' lang='lat' dir='ltr'><strong>Galilmam,</strong></span> 
     </span>
    </p>
   </div>
   <div class='ocr_carea' id='block_1_37' title="bbox 562 2434 2146 2503">
    <p class='ocr_par' dir='ltr' id='par_1_37' title="bbox 562 2434 2146 2503">
     <span class='ocr_line' id='line_1_37' title="bbox 562 2434 2146 2503; baseline -0.003 -14"><span class='ocrx_word' id='word_1_290' title='bbox 562 2446 614 2489; x_wconf 85' lang='lat' dir='ltr'><strong>et</strong></span> <span class='ocrx_word' id='word_1_291' title='bbox 652 2436 789 2489; x_wconf 80' lang='lat' dir='ltr'><strong>fama</strong></span> <span class='ocrx_word' id='word_1_292' title='bbox 848 2436 977 2489; x_wconf 78' lang='lat' dir='ltr'><strong>exiit</strong></span> <span class='ocrx_word' id='word_1_293' title='bbox 1013 2450 1105 2503; x_wconf 89' lang='lat' dir='ltr'><strong>per</strong></span> <span class='ocrx_word' id='word_1_294' title='bbox 1152 2434 1458 2487; x_wconf 81' lang='lat' dir='ltr'><strong>universam</strong></span> <span class='ocrx_word' id='word_1_295' title='bbox 1518 2437 1791 2503; x_wconf 74' lang='lat' dir='ltr'><strong>regionem</strong></span> <span class='ocrx_word' id='word_1_296' title='bbox 1826 2437 1891 2487; x_wconf 88' lang='lat' dir='ltr'><strong>de</strong></span> <span class='ocrx_word' id='word_1_297' title='bbox 1924 2435 2031 2488; x_wconf 87' lang='lat' dir='ltr'><strong>illo.</strong></span> <span class='ocrx_word' id='word_1_298' title='bbox 2082 2435 2146 2487; x_wconf 80' lang='lat' dir='ltr'><strong>Et</strong></span> 
     </span>
    </p>
   </div>
   <div class='ocr_carea' id='block_1_38' title="bbox 566 2525 2144 2596">
    <p class='ocr_par' dir='ltr' id='par_1_38' title="bbox 566 2525 2144 2596">
     <span class='ocr_line' id='line_1_38' title="bbox 566 2525 2144 2596; baseline -0.002 -16"><span class='ocrx_word' id='word_1_299' title='bbox 566 2531 679 2595; x_wconf 86' lang='lat' dir='ltr'><strong>ipse</strong></span> <span class='ocrx_word' id='word_1_300' title='bbox 702 2527 927 2592; x_wconf 81' lang='lat' dir='ltr'><strong>docebat</strong></span> <span class='ocrx_word' id='word_1_301' title='bbox 971 2527 1023 2580; x_wconf 92' lang='lat' dir='ltr'><strong>in</strong></span> <span class='ocrx_word' id='word_1_302' title='bbox 1068 2526 1356 2596; x_wconf 85' lang='lat' dir='ltr'><strong>synagogis</strong></span> <span class='ocrx_word' id='word_1_303' title='bbox 1390 2541 1599 2589; x_wconf 83' lang='lat' dir='ltr'><strong>eorum,</strong></span> <span class='ocrx_word' id='word_1_304' title='bbox 1644 2534 1697 2579; x_wconf 90' lang='lat' dir='ltr'><strong>et</strong></span> <span class='ocrx_word' id='word_1_305' title='bbox 1741 2525 2144 2593; x_wconf 76' lang='lat' dir='ltr'><strong>glorilicabatur</strong></span> 
     </span>
    </p>
   </div>
   <div class='ocr_carea' id='block_1_39' title="bbox 562 2616 2143 2672">
    <p class='ocr_par' dir='ltr' id='par_1_39' title="bbox 562 2616 2143 2672">
     <span class='ocr_line' id='line_1_39' title="bbox 562 2616 2143 2672; baseline -0.001 -2"><span class='ocrx_word' id='word_1_306' title='bbox 562 2619 627 2670; x_wconf 86' lang='lat' dir='ltr'><strong>ab</strong></span> <span class='ocrx_word' id='word_1_307' title='bbox 656 2619 930 2672; x_wconf 88' lang='lat' dir='ltr'><strong>omnibus.</strong></span> <span class='ocrx_word' id='word_1_308' title='bbox 967 2636 983 2668; x_wconf 72' lang='grc' dir='ltr'><strong>ι</strong></span> <span class='ocrx_word' id='word_1_309' title='bbox 1014 2618 1239 2670; x_wconf 84' lang='lat' dir='ltr'><strong>Omnem</strong></span> <span class='ocrx_word' id='word_1_310' title='bbox 1272 2617 1619 2670; x_wconf 85' lang='lat' dir='ltr'><strong>tentationem</strong></span> <span class='ocrx_word' id='word_1_311' title='bbox 1654 2617 1780 2669; x_wconf 86' lang='lat' dir='ltr'><strong>dicit</strong></span> <span class='ocrx_word' id='word_1_312' title='bbox 1813 2616 1985 2670; x_wconf 83' lang='lat' dir='ltr'><strong>Lucas</strong></span> <span class='ocrx_word' id='word_1_313' title='bbox 2015 2633 2143 2670; x_wconf 84' lang='lat' dir='ltr'><strong>cun-</strong></span> 
     </span>
    </p>
   </div>
   <div class='ocr_carea' id='block_1_40' title="bbox 562 2707 2143 2775">
    <p class='ocr_par' dir='ltr' id='par_1_40' title="bbox 562 2707 2143 2775">
     <span class='ocr_line' id='line_1_40' title="bbox 562 2707 2143 2775; baseline -0.003 -10"><span class='ocrx_word' id='word_1_314' title='bbox 562 2724 863 2765; x_wconf 82' lang='lat' dir='ltr'><strong>sunnnasse</strong></span> <span class='ocrx_word' id='word_1_315' title='bbox 896 2709 1206 2772; x_wconf 90' lang='lat' dir='ltr'><strong>Dominum,</strong></span> <span class='ocrx_word' id='word_1_316' title='bbox 1250 2708 1496 2775; x_wconf 81' lang='lat' dir='ltr'><strong>quamvis</strong></span> <span class='ocrx_word' id='word_1_317' title='bbox 1528 2707 1701 2761; x_wconf 88' lang='lat' dir='ltr'><strong>tribus</strong></span> <span class='ocrx_word' id='word_1_318' title='bbox 1732 2710 1991 2761; x_wconf 78' lang='lat' dir='ltr'><strong>duntaxat</strong></span> <span class='ocrx_word' id='word_1_319' title='bbox 2027 2717 2143 2761; x_wconf 82' lang='lat' dir='ltr'><strong>ten-</strong></span> 
     </span>
    </p>
   </div>
   <div class='ocr_carea' id='block_1_41' title="bbox 565 2800 2140 2868">
    <p class='ocr_par' dir='ltr' id='par_1_41' title="bbox 565 2800 2140 2868">
     <span class='ocr_line' id='line_1_41' title="bbox 565 2800 2140 2868; baseline -0.001 -13"><span class='ocrx_word' id='word_1_320' title='bbox 565 2804 859 2858; x_wconf 85' lang='lat' dir='ltr'><strong>tationibus</strong></span> <span class='ocrx_word' id='word_1_321' title='bbox 889 2812 1151 2857; x_wconf 86' lang='lat' dir='ltr'><strong>tentatum</strong></span> <span class='ocrx_word' id='word_1_322' title='bbox 1179 2819 1191 2854; x_wconf 91' lang='lat'><strong>:</strong></span> <span class='ocrx_word' id='word_1_323' title='bbox 1223 2814 1288 2854; x_wconf 91' lang='lat' dir='ltr'><strong>eo</strong></span> <span class='ocrx_word' id='word_1_324' title='bbox 1325 2800 1467 2868; x_wconf 91' lang='lat' dir='ltr'><strong>quod</strong></span> <span class='ocrx_word' id='word_1_325' title='bbox 1513 2800 1865 2854; x_wconf 88' lang='lat' dir='ltr'><strong>tentationum</strong></span> <span class='ocrx_word' id='word_1_326' title='bbox 1901 2802 2140 2853; x_wconf 89' lang='lat' dir='ltr'><strong>omnium</strong></span> 
     </span>
    </p>
   </div>
   <div class='ocr_carea' id='block_1_42' title="bbox 565 2892 2139 2965">
    <p class='ocr_par' dir='ltr' id='par_1_42' title="bbox 565 2892 2139 2965">
     <span class='ocr_line' id='line_1_42' title="bbox 565 2892 2139 2965; baseline -0.003 -13"><span class='ocrx_word' id='word_1_327' title='bbox 565 2900 670 2952; x_wconf 81' lang='lat' dir='ltr'><strong>sint</strong></span> <span class='ocrx_word' id='word_1_328' title='bbox 724 2898 901 2965; x_wconf 89' lang='lat' dir='ltr'><strong>capita</strong></span> <span class='ocrx_word' id='word_1_329' title='bbox 952 2896 1073 2960; x_wconf 85' lang='lat' dir='ltr'><strong>tria,</strong></span> <span class='ocrx_word' id='word_1_330' title='bbox 1137 2893 1385 2955; x_wconf 86' lang='lat' dir='ltr'><strong>avaritia,</strong></span> <span class='ocrx_word' id='word_1_331' title='bbox 1440 2892 1583 2963; x_wconf 87' lang='lat' dir='ltr'><strong>gula,</strong></span> <span class='ocrx_word' id='word_1_332' title='bbox 1620 2901 1673 2946; x_wconf 89' lang='lat' dir='ltr'><strong>et</strong></span> <span class='ocrx_word' id='word_1_333' title='bbox 1723 2892 1897 2947; x_wconf 87' lang='lat' dir='ltr'><strong>inanis</strong></span> <span class='ocrx_word' id='word_1_334' title='bbox 1947 2894 2139 2958; x_wconf 81' lang='lat' dir='ltr'><strong>gloria.</strong></span> 
     </span>
    </p>
   </div>
   <div class='ocr_carea' id='block_1_43' title="bbox 565 2982 2139 3056">
    <p class='ocr_par' dir='ltr' id='par_1_43' title="bbox 565 2982 2139 3056">
     <span class='ocr_line' id='line_1_43' title="bbox 565 2982 2139 3056; baseline -0.003 -13"><span class='ocrx_word' id='word_1_335' title='bbox 565 2992 734 3043; x_wconf 81' lang='lat' dir='ltr'><strong>l‘orro</strong></span> <span class='ocrx_word' id='word_1_336' title='bbox 782 2988 1312 3056; x_wconf 56' lang='lat' dir='ltr'><strong>gulatentationem</strong></span> <span class='ocrx_word' id='word_1_337' title='bbox 1371 2985 1585 3054; x_wconf 87' lang='lat' dir='ltr'><strong>repulit,</strong></span> <span class='ocrx_word' id='word_1_338' title='bbox 1638 2988 1827 3039; x_wconf 89' lang='lat' dir='ltr'><strong>dicens</strong></span> <span class='ocrx_word' id='word_1_339' title='bbox 1867 3003 1878 3039; x_wconf 88' lang='lat'><strong>:</strong></span> <span class='ocrx_word' id='word_1_340' title='bbox 1919 2982 2035 3038; x_wconf 87' lang='lat' dir='ltr'><strong>Non</strong></span> <span class='ocrx_word' id='word_1_341' title='bbox 2087 2986 2139 3039; x_wconf 92' lang='lat' dir='ltr'><strong>in</strong></span> 
     </span>
    </p>
   </div>
   <div class='ocr_carea' id='block_1_44' title="bbox 564 3074 2138 3148">
    <p class='ocr_par' dir='ltr' id='par_1_44' title="bbox 564 3074 2138 3148">
     <span class='ocr_line' id='line_1_44' title="bbox 564 3074 2138 3148; baseline -0.003 -14"><span class='ocrx_word' id='word_1_342' title='bbox 564 3084 677 3134; x_wconf 69' lang='lat' dir='ltr'><strong>solo</strong></span> <span class='ocrx_word' id='word_1_343' title='bbox 706 3096 842 3148; x_wconf 82' lang='lat' dir='ltr'><strong>pane</strong></span> <span class='ocrx_word' id='word_1_344' title='bbox 870 3080 1012 3132; x_wconf 87' lang='lat' dir='ltr'><strong>vivet</strong></span> <span class='ocrx_word' id='word_1_345' title='bbox 1042 3077 1221 3131; x_wconf 90' lang='lat' dir='ltr'><strong>homo.</strong></span> <span class='ocrx_word' id='word_1_346' title='bbox 1267 3074 1380 3129; x_wconf 81' lang='lat' dir='ltr'><strong>Hac</strong></span> <span class='ocrx_word' id='word_1_347' title='bbox 1404 3077 1547 3129; x_wconf 89' lang='lat' dir='ltr'><strong>enim</strong></span> <span class='ocrx_word' id='word_1_348' title='bbox 1580 3077 1752 3145; x_wconf 88' lang='lat' dir='ltr'><strong>primo</strong></span> <span class='ocrx_word' id='word_1_349' title='bbox 1775 3076 1972 3129; x_wconf 85' lang='lat' dir='ltr'><strong>invasit</strong></span> <span class='ocrx_word' id='word_1_350' title='bbox 1992 3091 2138 3140; x_wconf 92' lang='lat' dir='ltr'><strong>eum,</strong></span> 
     </span>
    </p>
   </div>
   <div class='ocr_carea' id='block_1_45' title="bbox 562 3168 2139 3236">
    <p class='ocr_par' dir='ltr' id='par_1_45' title="bbox 562 3168 2139 3236">
     <span class='ocr_line' id='line_1_45' title="bbox 562 3168 2139 3236; baseline -0.001 -12"><span class='ocrx_word' id='word_1_351' title='bbox 562 3172 701 3225; x_wconf 88' lang='lat' dir='ltr'><strong>sicut</strong></span> <span class='ocrx_word' id='word_1_352' title='bbox 734 3180 786 3223; x_wconf 89' lang='lat' dir='ltr'><strong>et</strong></span> <span class='ocrx_word' id='word_1_353' title='bbox 811 3170 1098 3223; x_wconf 85' lang='lat' dir='ltr'><strong>Adamum.</strong></span> <span class='ocrx_word' id='word_1_354' title='bbox 1127 3168 1295 3221; x_wconf 85' lang='lat' dir='ltr'><strong>Adam</strong></span> <span class='ocrx_word' id='word_1_355' title='bbox 1332 3168 1476 3222; x_wconf 89' lang='lat' dir='ltr'><strong>enim</strong></span> <span class='ocrx_word' id='word_1_356' title='bbox 1506 3182 1609 3220; x_wconf 91' lang='lat' dir='ltr'><strong>non</strong></span> <span class='ocrx_word' id='word_1_357' title='bbox 1634 3169 1801 3236; x_wconf 84' lang='lat' dir='ltr'><strong>potuit</strong></span> <span class='ocrx_word' id='word_1_358' title='bbox 1841 3182 1936 3234; x_wconf 90' lang='lat' dir='ltr'><strong>per</strong></span> <span class='ocrx_word' id='word_1_359' title='bbox 1964 3170 2139 3222; x_wconf 85' lang='lat' dir='ltr'><strong>avari-</strong></span> 
     </span>
    </p>
   </div>
   <div class='ocr_carea' id='block_1_46' title="bbox 565 3259 2133 3330">
    <p class='ocr_par' dir='ltr' id='par_1_46' title="bbox 565 3259 2133 3330">
     <span class='ocr_line' id='line_1_46' title="bbox 565 3259 2133 3330; baseline -0.002 -13"><span class='ocrx_word' id='word_1_360' title='bbox 565 3264 690 3317; x_wconf 85' lang='lat' dir='ltr'><strong>tiam</strong></span> <span class='ocrx_word' id='word_1_361' title='bbox 709 3261 1042 3330; x_wconf 86' lang='lat' dir='ltr'><strong>snpplautari</strong></span> <span class='ocrx_word' id='word_1_362' title='bbox 1072 3278 1083 3313; x_wconf 93' lang='lat'>:</span> <span class='ocrx_word' id='word_1_363' title='bbox 1110 3276 1213 3313; x_wconf 91' lang='lat' dir='ltr'><strong>non</strong></span> <span class='ocrx_word' id='word_1_364' title='bbox 1236 3260 1379 3313; x_wconf 88' lang='lat' dir='ltr'><strong>enim</strong></span> <span class='ocrx_word' id='word_1_365' title='bbox 1400 3268 1606 3328; x_wconf 86' lang='lat' dir='ltr'><strong>poterat</strong></span> <span class='ocrx_word' id='word_1_366' title='bbox 1630 3260 1778 3328; x_wconf 87' lang='lat' dir='ltr'><strong>plura</strong></span> <span class='ocrx_word' id='word_1_367' title='bbox 1807 3259 1893 3314; x_wconf 91' lang='lat' dir='ltr'><strong>ille</strong></span> <span class='ocrx_word' id='word_1_368' title='bbox 1917 3275 2133 3327; x_wconf 86' lang='lat' dir='ltr'><strong>cupere,</strong></span> 
     </span>
    </p>
   </div>
   <div class='ocr_carea' id='block_1_47' title="bbox 565 3351 2137 3425">
    <p class='ocr_par' dir='ltr' id='par_1_47' title="bbox 565 3351 2137 3425">
     <span class='ocr_line' id='line_1_47' title="bbox 565 3351 2137 3425; baseline -0.003 -16"><span class='ocrx_word' id='word_1_369' title='bbox 565 3357 614 3409; x_wconf 92' lang='lat' dir='ltr'><strong>id</strong></span> <span class='ocrx_word' id='word_1_370' title='bbox 652 3353 815 3425; x_wconf 76' lang='grc'><strong>299</strong></span> <span class='ocrx_word' id='word_1_371' title='bbox 844 3354 982 3423; x_wconf 90' lang='lat' dir='ltr'><strong>quod</strong></span> <span class='ocrx_word' id='word_1_372' title='bbox 1036 3354 1277 3407; x_wconf 76' lang='lat' dir='ltr'><strong>avaritia:</strong></span> <span class='ocrx_word' id='word_1_373' title='bbox 1304 3360 1407 3416; x_wconf 77' lang='lat' dir='ltr'><strong>est,</strong></span> <span class='ocrx_word' id='word_1_374' title='bbox 1444 3352 1587 3406; x_wconf 90' lang='lat' dir='ltr'><strong>solus</strong></span> <span class='ocrx_word' id='word_1_375' title='bbox 1634 3353 1923 3407; x_wconf 81' lang='lat' dir='ltr'><strong>exsistens.</strong></span> <span class='ocrx_word' id='word_1_376' title='bbox 1953 3351 2137 3421; x_wconf 84' lang='lat' dir='ltr'><strong>Neque</strong></span> 
     </span>
    </p>
   </div>
   <div class='ocr_carea' id='block_1_48' title="bbox 566 3442 2136 3515">
    <p class='ocr_par' dir='ltr' id='par_1_48' title="bbox 566 3442 2136 3515">
     <span class='ocr_line' id='line_1_48' title="bbox 566 3442 2136 3515; baseline -0.001 -16"><span class='ocrx_word' id='word_1_377' title='bbox 566 3462 659 3515; x_wconf 90' lang='lat' dir='ltr'><strong>per</strong></span> <span class='ocrx_word' id='word_1_378' title='bbox 694 3449 827 3499; x_wconf 85' lang='lat' dir='ltr'><strong>iram</strong></span> <span class='ocrx_word' id='word_1_379' title='bbox 861 3465 873 3499; x_wconf 89' lang='lat'>:</span> <span class='ocrx_word' id='word_1_380' title='bbox 907 3446 988 3498; x_wconf 86' lang='lat' dir='ltr'><strong>cui</strong></span> <span class='ocrx_word' id='word_1_381' title='bbox 1021 3445 1161 3498; x_wconf 89' lang='lat' dir='ltr'><strong>enim</strong></span> <span class='ocrx_word' id='word_1_382' title='bbox 1193 3444 1627 3499; x_wconf 74' lang='lat' dir='ltr'><strong>suc-censuisset?</strong></span> <span class='ocrx_word' id='word_1_383' title='bbox 1651 3442 1837 3514; x_wconf 84' lang='lat' dir='ltr'><strong>Neque</strong></span> <span class='ocrx_word' id='word_1_384' title='bbox 1872 3459 1966 3511; x_wconf 90' lang='lat' dir='ltr'><strong>per</strong></span> <span class='ocrx_word' id='word_1_385' title='bbox 1999 3445 2136 3497; x_wconf 87' lang='lat' dir='ltr'><strong>invi-</strong></span> 
     </span>
    </p>
   </div>
   <div class='ocr_carea' id='block_1_49' title="bbox 3289 1970 3846 2039">
    <p class='ocr_par' dir='ltr' id='par_1_49' title="bbox 3289 1970 3846 2039">
     <span class='ocr_line' id='line_1_49' title="bbox 3289 1970 3846 2039; baseline -0.011 -16"><span class='ocrx_word' id='word_1_386' title='bbox 3289 1972 3402 2023; x_wconf 73' lang='grc' dir='ltr'><strong>Οὐκ</strong></span> <span class='ocrx_word' id='word_1_387' title='bbox 3468 1970 3846 2039; x_wconf 54' lang='grc' dir='ltr'>ἐκπειράσεις.</span> 
     </span>
    </p>
   </div>
   <div class='ocr_carea' id='block_1_50' title="bbox 2328 2154 3845 2225">
    <p class='ocr_par' dir='ltr' id='par_1_50' title="bbox 2328 2154 3845 2225">
     <span class='ocr_line' id='line_1_50' title="bbox 2328 2154 3845 2225; baseline 0.002 -20"><span class='ocrx_word' id='word_1_388' title='bbox 2328 2176 2342 2205; x_wconf 77' lang='grc' dir='ltr'><strong>ι</strong></span> <span class='ocrx_word' id='word_1_389' title='bbox 2380 2156 2491 2207; x_wconf 74' lang='grc' dir='ltr'>Καὶ</span> <span class='ocrx_word' id='word_1_390' title='bbox 2540 2156 2861 2217; x_wconf 76' lang='grc' dir='ltr'><strong>συντελέσας</strong></span> <span class='ocrx_word' id='word_1_391' title='bbox 2922 2158 3099 2209; x_wconf 88' lang='grc' dir='ltr'>πάντα</span> <span class='ocrx_word' id='word_1_392' title='bbox 3140 2154 3447 2225; x_wconf 79' lang='grc' dir='ltr'>πειρασμὸν</span> <span class='ocrx_word' id='word_1_393' title='bbox 3492 2156 3521 2208; x_wconf 97' lang='lat'><strong>6</strong></span> <span class='ocrx_word' id='word_1_394' title='bbox 3572 2154 3845 2219; x_wconf 78' lang='grc' dir='ltr'>διάϐολος.</span> 
     </span>
    </p>
   </div>
   <div class='ocr_carea' id='block_1_51' title="bbox 2253 2245 3845 2316">
    <p class='ocr_par' dir='ltr' id='par_1_51' title="bbox 2253 2245 3845 2316">
     <span class='ocr_line' id='line_1_51' title="bbox 2253 2245 3845 2316; baseline 0 -20"><span class='ocrx_word' id='word_1_395' title='bbox 2253 2245 2465 2315; x_wconf 76' lang='grc' dir='ltr'>ἀπέστη</span> <span class='ocrx_word' id='word_1_396' title='bbox 2511 2247 2602 2297; x_wconf 77' lang='grc' dir='ltr'><strong>ἀπ’</strong></span> <span class='ocrx_word' id='word_1_397' title='bbox 2639 2245 2799 2299; x_wconf 82' lang='grc' dir='ltr'>αὐτοῦ</span> <span class='ocrx_word' id='word_1_398' title='bbox 2846 2247 2972 2316; x_wconf 83' lang='grc' dir='ltr'>ἄχρι</span> <span class='ocrx_word' id='word_1_399' title='bbox 3024 2245 3251 2315; x_wconf 80' lang='grc' dir='ltr'>καιροῦ·</span> <span class='ocrx_word' id='word_1_400' title='bbox 3285 2249 3378 2298; x_wconf 71' lang='grc' dir='ltr'>καὶ</span> <span class='ocrx_word' id='word_1_401' title='bbox 3422 2245 3768 2313; x_wconf 69' lang='grc' dir='ltr'>ὑπέστρεψεν</span> <span class='ocrx_word' id='word_1_402' title='bbox 3816 2247 3845 2297; x_wconf 91' lang='lat'><strong>6</strong></span> 
     </span>
    </p>
   </div>
   <div class='ocr_carea' id='block_1_52' title="bbox 2264 2341 3847 2411">
    <p class='ocr_par' dir='ltr' id='par_1_52' title="bbox 2264 2341 3847 2411">
     <span class='ocr_line' id='line_1_52' title="bbox 2264 2341 3847 2411; baseline -0.001 -19"><span class='ocrx_word' id='word_1_403' title='bbox 2264 2342 2471 2410; x_wconf 76' lang='grc' dir='ltr'>Ἰησοῦς</span> <span class='ocrx_word' id='word_1_404' title='bbox 2503 2344 2559 2394; x_wconf 83' lang='grc' dir='ltr'>ὲν</span> <span class='ocrx_word' id='word_1_405' title='bbox 2587 2345 2653 2411; x_wconf 83' lang='grc' dir='ltr'>τῇ</span> <span class='ocrx_word' id='word_1_406' title='bbox 2684 2342 2913 2409; x_wconf 65' lang='grc' dir='ltr'>δυνάμει</span> <span class='ocrx_word' id='word_1_407' title='bbox 2950 2341 3042 2394; x_wconf 82' lang='grc' dir='ltr'>τοῦ</span> <span class='ocrx_word' id='word_1_408' title='bbox 3084 2342 3394 2409; x_wconf 84' lang='grc' dir='ltr'>πνεύματος</span> <span class='ocrx_word' id='word_1_409' title='bbox 3442 2342 3521 2397; x_wconf 84' lang='grc' dir='ltr'><strong>είς</strong></span> <span class='ocrx_word' id='word_1_410' title='bbox 3554 2342 3652 2408; x_wconf 81' lang='grc' dir='ltr'>τὴν</span> <span class='ocrx_word' id='word_1_411' title='bbox 3685 2341 3847 2391; x_wconf 87' lang='grc' dir='ltr'>Γαλι-</span> 
     </span>
    </p>
   </div>
   <div class='ocr_carea' id='block_1_53' title="bbox 2250 2431 3841 2505">
    <p class='ocr_par' dir='ltr' id='par_1_53' title="bbox 2250 2431 3841 2505">
     <span class='ocr_line' id='line_1_53' title="bbox 2250 2431 3841 2505; baseline -0.001 -21"><span class='ocrx_word' id='word_1_412' title='bbox 2250 2434 2405 2487; x_wconf 87' lang='grc' dir='ltr'>λαίαν</span> <span class='ocrx_word' id='word_1_413' title='bbox 2434 2450 2445 2463; x_wconf 83' lang='lat'><strong><em>°</em></strong></span> <span class='ocrx_word' id='word_1_414' title='bbox 2484 2436 2578 2487; x_wconf 71' lang='grc' dir='ltr'>καὶ</span> <span class='ocrx_word' id='word_1_415' title='bbox 2614 2438 2772 2505; x_wconf 77' lang='grc' dir='ltr'>φήμη</span> <span class='ocrx_word' id='word_1_416' title='bbox 2818 2436 3010 2505; x_wconf 71' lang='grc' dir='ltr'><strong>ἐξῆλθε</strong></span> <span class='ocrx_word' id='word_1_417' title='bbox 3050 2435 3169 2489; x_wconf 74' lang='grc' dir='ltr'>καθ’</span> <span class='ocrx_word' id='word_1_418' title='bbox 3200 2436 3325 2503; x_wconf 79' lang='grc' dir='ltr'>ὅλης</span> <span class='ocrx_word' id='word_1_419' title='bbox 3378 2434 3477 2503; x_wconf 83' lang='grc' dir='ltr'>τῆς</span> <span class='ocrx_word' id='word_1_420' title='bbox 3520 2431 3841 2503; x_wconf 74' lang='grc' dir='ltr'>περιχώρου</span> 
     </span>
    </p>
   </div>
   <div class='ocr_carea' id='block_1_54' title="bbox 2250 2527 3843 2595">
    <p class='ocr_par' dir='ltr' id='par_1_54' title="bbox 2250 2527 3843 2595">
     <span class='ocr_line' id='line_1_54' title="bbox 2250 2527 3843 2595; baseline 0.001 -18"><span class='ocrx_word' id='word_1_421' title='bbox 2250 2527 2377 2595; x_wconf 73' lang='grc' dir='ltr'>περὶ</span> <span class='ocrx_word' id='word_1_422' title='bbox 2426 2527 2625 2580; x_wconf 80' lang='grc' dir='ltr'>αὑτοῦ·</span> <span class='ocrx_word' id='word_1_423' title='bbox 2683 2529 2779 2580; x_wconf 68' lang='grc' dir='ltr'>καὶ</span> <span class='ocrx_word' id='word_1_424' title='bbox 2814 2530 2977 2591; x_wconf 74' lang='grc' dir='ltr'>αὐτὸς</span> <span class='ocrx_word' id='word_1_425' title='bbox 3014 2529 3295 2581; x_wconf 75' lang='grc' dir='ltr'>ἐδίδασκεν</span> <span class='ocrx_word' id='word_1_426' title='bbox 3330 2531 3385 2579; x_wconf 81' lang='grc' dir='ltr'>ἐν</span> <span class='ocrx_word' id='word_1_427' title='bbox 3422 2529 3541 2589; x_wconf 88' lang='grc' dir='ltr'>ταῖς</span> <span class='ocrx_word' id='word_1_428' title='bbox 3582 2542 3843 2594; x_wconf 82' lang='grc' dir='ltr'>συναγω-</span> 
     </span>
    </p>
   </div>
   <div class='ocr_carea' id='block_1_55' title="bbox 2252 2618 3842 2689">
    <p class='ocr_par' dir='ltr' id='par_1_55' title="bbox 2252 2618 3842 2689">
     <span class='ocr_line' id='line_1_55' title="bbox 2252 2618 3842 2689; baseline 0.001 -20"><span class='ocrx_word' id='word_1_429' title='bbox 2252 2618 2368 2685; x_wconf 83' lang='grc' dir='ltr'>γαῖς</span> <span class='ocrx_word' id='word_1_430' title='bbox 2404 2619 2603 2681; x_wconf 80' lang='grc' dir='ltr'>αὐτῶν,</span> <span class='ocrx_word' id='word_1_431' title='bbox 2646 2619 3003 2689; x_wconf 76' lang='grc' dir='ltr'>δοξαζόμενος</span> <span class='ocrx_word' id='word_1_432' title='bbox 3050 2620 3152 2673; x_wconf 73' lang='grc' dir='ltr'><strong>ὑπὸ</strong></span> <span class='ocrx_word' id='word_1_433' title='bbox 3175 2620 3412 2672; x_wconf 85' lang='grc' dir='ltr'>πάντων.</span> <span class='ocrx_word' id='word_1_434' title='bbox 3447 2636 3464 2670; x_wconf 74' lang='grc' dir='ltr'><strong>ι</strong></span> <span class='ocrx_word' id='word_1_435' title='bbox 3497 2620 3684 2671; x_wconf 75' lang='grc' dir='ltr'>Πάντα</span> <span class='ocrx_word' id='word_1_436' title='bbox 3718 2634 3842 2671; x_wconf 81' lang='grc' dir='ltr'>πει-</span> 
     </span>
    </p>
   </div>
   <div class='ocr_carea' id='block_1_56' title="bbox 2249 2710 3840 2781">
    <p class='ocr_par' dir='ltr' id='par_1_56' title="bbox 2249 2710 3840 2781">
     <span class='ocr_line' id='line_1_56' title="bbox 2249 2710 3840 2781; baseline -0.001 -19"><span class='ocrx_word' id='word_1_437' title='bbox 2249 2711 2455 2779; x_wconf 86' lang='grc' dir='ltr'>ρασμόν</span> <span class='ocrx_word' id='word_1_438' title='bbox 2507 2728 2669 2780; x_wconf 82' lang='grc' dir='ltr'>φησιν</span> <span class='ocrx_word' id='word_1_439' title='bbox 2718 2714 2745 2764; x_wconf 88' lang='lat'><strong>6</strong></span> <span class='ocrx_word' id='word_1_440' title='bbox 2799 2713 3011 2775; x_wconf 79' lang='grc' dir='ltr'>Λουκᾶς</span> <span class='ocrx_word' id='word_1_441' title='bbox 3068 2712 3387 2764; x_wconf 82' lang='grc' dir='ltr'>συντελέσαι</span> <span class='ocrx_word' id='word_1_442' title='bbox 3441 2710 3532 2763; x_wconf 79' lang='grc' dir='ltr'>τὸν</span> <span class='ocrx_word' id='word_1_443' title='bbox 3608 2711 3840 2781; x_wconf 81' lang='grc' dir='ltr'>Κύριον,</span> 
     </span>
    </p>
   </div>
   <div class='ocr_carea' id='block_1_57' title="bbox 2246 2802 3841 2873">
    <p class='ocr_par' dir='ltr' id='par_1_57' title="bbox 2246 2802 3841 2873">
     <span class='ocr_line' id='line_1_57' title="bbox 2246 2802 3841 2873; baseline -0.001 -20"><span class='ocrx_word' id='word_1_444' title='bbox 2246 2803 2423 2854; x_wconf 89' lang='grc' dir='ltr'>καίτοι</span> <span class='ocrx_word' id='word_1_445' title='bbox 2449 2806 2598 2871; x_wconf 82' lang='grc' dir='ltr'>τρεῖς</span> <span class='ocrx_word' id='word_1_446' title='bbox 2630 2805 2968 2873; x_wconf 82' lang='grc' dir='ltr'>πειρασμοὺς</span> <span class='ocrx_word' id='word_1_447' title='bbox 2988 2803 3371 2867; x_wconf 77' lang='grc' dir='ltr'>πειρασθέντα,</span> <span class='ocrx_word' id='word_1_448' title='bbox 3402 2803 3537 2855; x_wconf 80' lang='grc' dir='ltr'>διότι</span> <span class='ocrx_word' id='word_1_449' title='bbox 3562 2802 3841 2869; x_wconf 83' lang='grc' dir='ltr'>κεφάλαια</span> 
     </span>
    </p>
   </div>
   <div class='ocr_carea' id='block_1_58' title="bbox 2244 2892 3837 2967">
    <p class='ocr_par' dir='ltr' id='par_1_58' title="bbox 2244 2892 3837 2967">
     <span class='ocr_line' id='line_1_58' title="bbox 2244 2892 3837 2967; baseline 0.002 -23"><span class='ocrx_word' id='word_1_450' title='bbox 2244 2893 2353 2945; x_wconf 90' lang='grc' dir='ltr'><strong>τῶν</strong></span> <span class='ocrx_word' id='word_1_451' title='bbox 2396 2896 2719 2967; x_wconf 72' lang='grc' dir='ltr'>πειρασμῶν</span> <span class='ocrx_word' id='word_1_452' title='bbox 2753 2897 2973 2949; x_wconf 83' lang='grc' dir='ltr'>πάντων</span> <span class='ocrx_word' id='word_1_453' title='bbox 3007 2898 3055 2950; x_wconf 91' lang='grc' dir='ltr'><strong>οί</strong></span> <span class='ocrx_word' id='word_1_454' title='bbox 3084 2899 3231 2965; x_wconf 85' lang='grc' dir='ltr'>τρεῖς</span> <span class='ocrx_word' id='word_1_455' title='bbox 3254 2892 3398 2950; x_wconf 77' lang='grc' dir='ltr'>οὗτοί</span> <span class='ocrx_word' id='word_1_456' title='bbox 3433 2898 3591 2957; x_wconf 87' lang='grc' dir='ltr'>είσιν,</span> <span class='ocrx_word' id='word_1_457' title='bbox 3650 2897 3680 2948; x_wconf 91' lang='lat'><strong>6</strong></span> <span class='ocrx_word' id='word_1_458' title='bbox 3735 2894 3837 2962; x_wconf 81' lang='grc' dir='ltr'>τῆς</span> 
     </span>
    </p>
   </div>
   <div class='ocr_carea' id='block_1_59' title="bbox 2246 2984 3840 3059">
    <p class='ocr_par' dir='ltr' id='par_1_59' title="bbox 2246 2984 3840 3059">
     <span class='ocr_line' id='line_1_59' title="bbox 2246 2984 3840 3059; baseline 0.002 -23"><span class='ocrx_word' id='word_1_459' title='bbox 2246 2984 2707 3056; x_wconf 83' lang='grc' dir='ltr'>φιλοχρηματίας.</span> <span class='ocrx_word' id='word_1_460' title='bbox 2761 2990 2789 3041; x_wconf 93' lang='lat'><strong>6</strong></span> <span class='ocrx_word' id='word_1_461' title='bbox 2825 2989 2924 3057; x_wconf 79' lang='grc' dir='ltr'>τῆς</span> <span class='ocrx_word' id='word_1_462' title='bbox 2972 2991 3440 3059; x_wconf 81' lang='grc' dir='ltr'>γαστριμαργίας,</span> <span class='ocrx_word' id='word_1_463' title='bbox 3487 2990 3515 3040; x_wconf 90' lang='lat'><strong>6</strong></span> <span class='ocrx_word' id='word_1_464' title='bbox 3544 2992 3646 3058; x_wconf 86' lang='grc' dir='ltr'>τῆς</span> <span class='ocrx_word' id='word_1_465' title='bbox 3688 2988 3840 3056; x_wconf 86' lang='grc' dir='ltr'>φιλο-</span> 
     </span>
    </p>
   </div>
   <div class='ocr_carea' id='block_1_60' title="bbox 2243 3075 3839 3148">
    <p class='ocr_par' dir='ltr' id='par_1_60' title="bbox 2243 3075 3839 3148">
     <span class='ocr_line' id='line_1_60' title="bbox 2243 3075 3839 3148; baseline 0.001 -20"><span class='ocrx_word' id='word_1_466' title='bbox 2243 3076 2441 3140; x_wconf 77' lang='grc' dir='ltr'>δοξίας.</span> <span class='ocrx_word' id='word_1_467' title='bbox 2483 3078 2585 3131; x_wconf 83' lang='grc' dir='ltr'><strong>Τὸν</strong></span> <span class='ocrx_word' id='word_1_468' title='bbox 2615 3078 2714 3148; x_wconf 88' lang='grc' dir='ltr'>μὲν</span> <span class='ocrx_word' id='word_1_469' title='bbox 2747 3075 2838 3131; x_wconf 80' lang='grc' dir='ltr'>οὖν</span> <span class='ocrx_word' id='word_1_470' title='bbox 2882 3081 2977 3148; x_wconf 85' lang='grc' dir='ltr'>τῆς</span> <span class='ocrx_word' id='word_1_471' title='bbox 3004 3081 3448 3148; x_wconf 82' lang='grc' dir='ltr'>γαστριμαργίας</span> <span class='ocrx_word' id='word_1_472' title='bbox 3483 3077 3839 3147; x_wconf 82' lang='grc' dir='ltr'>ἀπεκρούσα-</span> 
     </span>
    </p>
   </div>
   <div class='ocr_carea' id='block_1_61' title="bbox 2241 3170 3839 3245">
    <p class='ocr_par' dir='ltr' id='par_1_61' title="bbox 2241 3170 3839 3245">
     <span class='ocr_line' id='line_1_61' title="bbox 2241 3170 3839 3245; baseline 0.001 -25"><span class='ocrx_word' id='word_1_473' title='bbox 2241 3185 2302 3221; x_wconf 88' lang='grc' dir='ltr'><strong>το</strong></span> <span class='ocrx_word' id='word_1_474' title='bbox 2327 3170 2413 3222; x_wconf 78' lang='grc' dir='ltr'><strong>διὰ</strong></span> <span class='ocrx_word' id='word_1_475' title='bbox 2447 3170 2541 3245; x_wconf 81' lang='grc' dir='ltr'>τοῦ</span> <span class='ocrx_word' id='word_1_476' title='bbox 2596 3174 2792 3235; x_wconf 79' lang='grc' dir='ltr'>εἰπεῖν,</span> <span class='ocrx_word' id='word_1_477' title='bbox 2831 3174 2910 3224; x_wconf 84' lang='grc' dir='ltr'>ὃτι</span> <span class='ocrx_word' id='word_1_478' title='bbox 2941 3174 3054 3225; x_wconf 82' lang='grc' dir='ltr'><strong>Οὐκ</strong></span> <span class='ocrx_word' id='word_1_479' title='bbox 3111 3174 3197 3224; x_wconf 78' lang='grc' dir='ltr'><strong>ἐπ’</strong></span> <span class='ocrx_word' id='word_1_480' title='bbox 3226 3172 3376 3242; x_wconf 83' lang='grc' dir='ltr'>ἄρτῳ</span> <span class='ocrx_word' id='word_1_481' title='bbox 3426 3172 3574 3241; x_wconf 85' lang='grc' dir='ltr'><strong>μόνῳ</strong></span> <span class='ocrx_word' id='word_1_482' title='bbox 3609 3171 3839 3242; x_wconf 75' lang='grc' dir='ltr'>ζήσεται</span> 
     </span>
    </p>
   </div>
   <div class='ocr_carea' id='block_1_62' title="bbox 2240 3261 3836 3334">
    <p class='ocr_par' dir='ltr' id='par_1_62' title="bbox 2240 3261 3836 3334">
     <span class='ocr_line' id='line_1_62' title="bbox 2240 3261 3836 3334; baseline 0 -19"><span class='ocrx_word' id='word_1_483' title='bbox 2240 3261 2567 3331; x_wconf 80' lang='grc' dir='ltr'>ἄνθρωπος’</span> <span class='ocrx_word' id='word_1_484' title='bbox 2635 3265 2853 3334; x_wconf 85' lang='grc' dir='ltr'>πρῶτον</span> <span class='ocrx_word' id='word_1_485' title='bbox 2920 3262 3027 3333; x_wconf 85' lang='grc' dir='ltr'>γὰρ</span> <span class='ocrx_word' id='word_1_486' title='bbox 3097 3264 3187 3315; x_wconf 66' lang='grc' dir='ltr'><strong>τὸν</strong></span> <span class='ocrx_word' id='word_1_487' title='bbox 3255 3263 3567 3334; x_wconf 69' lang='grc' dir='ltr'>πειρασμὸν</span> <span class='ocrx_word' id='word_1_488' title='bbox 3639 3262 3836 3315; x_wconf 82' lang='grc' dir='ltr'>τοῦτον</span> 
     </span>
    </p>
   </div>
   <div class='ocr_carea' id='block_1_63' title="bbox 2241 3352 3838 3423">
    <p class='ocr_par' dir='ltr' id='par_1_63' title="bbox 2241 3352 3838 3423">
     <span class='ocr_line' id='line_1_63' title="bbox 2241 3352 3838 3423; baseline 0.001 -20"><span class='ocrx_word' id='word_1_489' title='bbox 2241 3354 2596 3421; x_wconf 81' lang='grc' dir='ltr'>προσήγαγεν</span> <span class='ocrx_word' id='word_1_490' title='bbox 2622 3354 2792 3423; x_wconf 79' lang='grc' dir='ltr'>αὐτῷ,</span> <span class='ocrx_word' id='word_1_491' title='bbox 2820 3353 2894 3417; x_wconf 86' lang='grc' dir='ltr'>ὼς</span> <span class='ocrx_word' id='word_1_492' title='bbox 2920 3357 3013 3407; x_wconf 72' lang='grc' dir='ltr'>καὶ</span> <span class='ocrx_word' id='word_1_493' title='bbox 3042 3353 3119 3423; x_wconf 80' lang='grc' dir='ltr'>τῷ</span> <span class='ocrx_word' id='word_1_494' title='bbox 3154 3353 3328 3421; x_wconf 83' lang='grc' dir='ltr'>Ἀδάμ</span> <span class='ocrx_word' id='word_1_495' title='bbox 3350 3369 3361 3381; x_wconf 91' lang='grc'><strong>·</strong></span> <span class='ocrx_word' id='word_1_496' title='bbox 3398 3354 3489 3405; x_wconf 85' lang='grc' dir='ltr'>τὸν</span> <span class='ocrx_word' id='word_1_497' title='bbox 3524 3352 3634 3423; x_wconf 82' lang='grc' dir='ltr'>γὰρ</span> <span class='ocrx_word' id='word_1_498' title='bbox 3658 3354 3838 3423; x_wconf 73' lang='grc' dir='ltr'><strong>’Δδὰμ</strong></span> 
     </span>
    </p>
   </div>
   <div class='ocr_carea' id='block_1_64' title="bbox 2240 3445 3839 3517">
    <p class='ocr_par' dir='ltr' id='par_1_64' title="bbox 2240 3445 3839 3517">
     <span class='ocr_line' id='line_1_64' title="bbox 2240 3445 3839 3517; baseline 0.003 -21"><span class='ocrx_word' id='word_1_499' title='bbox 2240 3445 2364 3497; x_wconf 70' lang='grc' dir='ltr'>οὔτε</span> <span class='ocrx_word' id='word_1_500' title='bbox 2400 3447 2507 3497; x_wconf 86' lang='grc' dir='ltr'><strong>ἀπὸ</strong></span> <span class='ocrx_word' id='word_1_501' title='bbox 2552 3446 2863 3509; x_wconf 79' lang='grc' dir='ltr'>πλεονεξίας</span> <span class='ocrx_word' id='word_1_502' title='bbox 2904 3447 3138 3514; x_wconf 77' lang='grc' dir='ltr'>ἠδύνατο</span> <span class='ocrx_word' id='word_1_503' title='bbox 3185 3445 3562 3510; x_wconf 83' lang='grc' dir='ltr'>ὑποσκελίσαι,</span> <span class='ocrx_word' id='word_1_504' title='bbox 3616 3446 3680 3497; x_wconf 82' lang='grc' dir='ltr'>οὐ</span> <span class='ocrx_word' id='word_1_505' title='bbox 3728 3447 3839 3517; x_wconf 80' lang='grc' dir='ltr'>γὰρ</span> 
     </span>
    </p>
   </div>
   <div class='ocr_carea' id='block_1_65' title="bbox 565 3528 2142 3609">
    <p class='ocr_par' dir='ltr' id='par_1_65' title="bbox 565 3530 2132 3601">
     <span class='ocr_line' id='line_1_65' title="bbox 565 3530 2132 3601; baseline -0.006 -11"><span class='ocrx_word' id='word_1_506' title='bbox 565 3538 733 3590; x_wconf 91' lang='lat' dir='ltr'><strong>diam.</strong></span> <span class='ocrx_word' id='word_1_507' title='bbox 785 3534 1013 3587; x_wconf 86' lang='lat' dir='ltr'><strong>Proinde</strong></span> <span class='ocrx_word' id='word_1_508' title='bbox 1062 3547 1157 3601; x_wconf 90' lang='lat' dir='ltr'><strong>per</strong></span> <span class='ocrx_word' id='word_1_509' title='bbox 1200 3533 1377 3601; x_wconf 89' lang='lat' dir='ltr'><strong>gulam</strong></span> <span class='ocrx_word' id='word_1_510' title='bbox 1428 3531 1811 3601; x_wconf 88' lang='lat' dir='ltr'><strong>supplantavit.</strong></span> <span class='ocrx_word' id='word_1_511' title='bbox 1860 3530 2132 3585; x_wconf 68' lang='lat' dir='ltr'><strong>Cmterum</strong></span> 
     </span>
    </p>
   </div>
   <div class='ocr_carea' id='block_1_66' title="bbox 2250 3528 3837 3609">
    <p class='ocr_par' dir='ltr' id='par_1_66' title="bbox 2250 3533 3837 3609">
     <span class='ocr_line' id='line_1_66' title="bbox 2250 3533 3837 3609; baseline 0.001 -20"><span class='ocrx_word' id='word_1_512' title='bbox 2250 3533 2352 3607; x_wconf 77' lang='grc' dir='ltr'>εἶχε</span> <span class='ocrx_word' id='word_1_513' title='bbox 2402 3539 2490 3590; x_wconf 76' lang='grc' dir='ltr'>τὸν</span> <span class='ocrx_word' id='word_1_514' title='bbox 2529 3539 3042 3607; x_wconf 83' lang='grc' dir='ltr'>πλεονεκτούμενον,</span> <span class='ocrx_word' id='word_1_515' title='bbox 3084 3540 3241 3609; x_wconf 85' lang='grc' dir='ltr'>μόνος</span> <span class='ocrx_word' id='word_1_516' title='bbox 3286 3536 3382 3592; x_wconf 80' lang='grc' dir='ltr'><strong>ὢν.</strong></span> <span class='ocrx_word' id='word_1_517' title='bbox 3428 3537 3567 3589; x_wconf 80' lang='grc' dir='ltr'>Οὔτε</span> <span class='ocrx_word' id='word_1_518' title='bbox 3596 3538 3710 3590; x_wconf 80' lang='grc' dir='ltr'><strong>ἀπὸ</strong></span> <span class='ocrx_word' id='word_1_519' title='bbox 3741 3539 3837 3609; x_wconf 81' lang='grc' dir='ltr'><strong>ὀρ-</strong></span> 
     </span>
    </p>
   </div>
   <div class='ocr_carea' id='block_1_67' title="bbox 566 3621 2138 3692">
    <p class='ocr_par' dir='ltr' id='par_1_67' title="bbox 566 3621 2138 3692">
     <span class='ocr_line' id='line_1_67' title="bbox 566 3621 2138 3692; baseline -0.003 -14"><span class='ocrx_word' id='word_1_520' title='bbox 566 3628 807 3681; x_wconf 76' lang='lat' dir='ltr'><strong>avaritia:</strong></span> <span class='ocrx_word' id='word_1_521' title='bbox 851 3625 1200 3680; x_wconf 87' lang='lat' dir='ltr'><strong>tentationem</strong></span> <span class='ocrx_word' id='word_1_522' title='bbox 1272 3622 1464 3692; x_wconf 88' lang='lat' dir='ltr'><strong>repulit</strong></span> <span class='ocrx_word' id='word_1_523' title='bbox 1529 3637 1635 3675; x_wconf 89' lang='lat' dir='ltr'><strong>non</strong></span> <span class='ocrx_word' id='word_1_524' title='bbox 1686 3621 1976 3692; x_wconf 82' lang='lat' dir='ltr'><strong>procidens</strong></span> <span class='ocrx_word' id='word_1_525' title='bbox 2012 3630 2138 3673; x_wconf 90' lang='lat' dir='ltr'><strong>ante</strong></span> 
     </span>
    </p>
   </div>
   <div class='ocr_carea' id='block_1_68' title="bbox 566 3713 2138 3785">
    <p class='ocr_par' dir='ltr' id='par_1_68' title="bbox 566 3713 2138 3785">
     <span class='ocr_line' id='line_1_68' title="bbox 566 3713 2138 3785; baseline -0.004 -12"><span class='ocrx_word' id='word_1_526' title='bbox 566 3719 853 3783; x_wconf 86' lang='lat' dir='ltr'><strong>diabolum,</strong></span> <span class='ocrx_word' id='word_1_527' title='bbox 890 3732 1060 3785; x_wconf 79' lang='lat' dir='ltr'><strong>neque</strong></span> <span class='ocrx_word' id='word_1_528' title='bbox 1094 3732 1213 3771; x_wconf 86' lang='lat' dir='ltr'><strong>eum</strong></span> <span class='ocrx_word' id='word_1_529' title='bbox 1249 3715 1500 3770; x_wconf 86' lang='lat' dir='ltr'><strong>adorans.</strong></span> <span class='ocrx_word' id='word_1_530' title='bbox 1548 3713 1680 3768; x_wconf 86' lang='lat' dir='ltr'><strong>Nam</strong></span> <span class='ocrx_word' id='word_1_531' title='bbox 1741 3729 1862 3768; x_wconf 92' lang='lat' dir='ltr'><strong>cum</strong></span> <span class='ocrx_word' id='word_1_532' title='bbox 1916 3716 2138 3767; x_wconf 83' lang='lat' dir='ltr'><strong>demon-</strong></span> 
     </span>
    </p>
   </div>
   <div class='ocr_carea' id='block_1_69' title="bbox 566 3806 2137 3877">
    <p class='ocr_par' dir='ltr' id='par_1_69' title="bbox 566 3806 2137 3877">
     <span class='ocr_line' id='line_1_69' title="bbox 566 3806 2137 3877; baseline -0.006 -12"><span class='ocrx_word' id='word_1_533' title='bbox 566 3820 791 3865; x_wconf 87' lang='lat' dir='ltr'><strong>strasset</strong></span> <span class='ocrx_word' id='word_1_534' title='bbox 820 3810 1001 3863; x_wconf 85' lang='lat' dir='ltr'><strong>omnia</strong></span> <span class='ocrx_word' id='word_1_535' title='bbox 1035 3822 1196 3877; x_wconf 89' lang='lat' dir='ltr'><strong>regna</strong></span> <span class='ocrx_word' id='word_1_536' title='bbox 1239 3806 1567 3861; x_wconf 87' lang='lat' dir='ltr'><strong>sensibiliter</strong></span> <span class='ocrx_word' id='word_1_537' title='bbox 1595 3806 1715 3875; x_wconf 87' lang='lat' dir='ltr'><strong>ejus</strong></span> <span class='ocrx_word' id='word_1_538' title='bbox 1747 3806 2137 3875; x_wconf 77' lang='lat' dir='ltr'><strong>iniaginationi,</strong></span> 
     </span>
    </p>
   </div>
   <div class='ocr_carea' id='block_1_70' title="bbox 568 3892 2141 3968">
    <p class='ocr_par' dir='ltr' id='par_1_70' title="bbox 568 3892 2141 3968">
     <span class='ocr_line' id='line_1_70' title="bbox 568 3892 2141 3968; baseline -0.003 -15"><span class='ocrx_word' id='word_1_539' title='bbox 568 3916 673 3954; x_wconf 91' lang='lat' dir='ltr'><strong>non</strong></span> <span class='ocrx_word' id='word_1_540' title='bbox 708 3903 771 3953; x_wconf 87' lang='lat' dir='ltr'><strong>ad</strong></span> <span class='ocrx_word' id='word_1_541' title='bbox 803 3915 867 3954; x_wconf 88' lang='lat' dir='ltr'><strong>ea</strong></span> <span class='ocrx_word' id='word_1_542' title='bbox 917 3892 1203 3968; x_wconf 59' lang='lat' dir='ltr'><strong>respexit?</strong></span> <span class='ocrx_word' id='word_1_543' title='bbox 1236 3899 1446 3953; x_wconf 86' lang='lat' dir='ltr'><strong>tametsi</strong></span> <span class='ocrx_word' id='word_1_544' title='bbox 1497 3897 1737 3952; x_wconf 87' lang='lat' dir='ltr'><strong>nonnulli</strong></span> <span class='ocrx_word' id='word_1_545' title='bbox 1776 3900 1876 3952; x_wconf 88' lang='lat' dir='ltr'><strong>hoc</strong></span> <span class='ocrx_word' id='word_1_546' title='bbox 1930 3913 2035 3950; x_wconf 91' lang='lat' dir='ltr'><strong>non</strong></span> <span class='ocrx_word' id='word_1_547' title='bbox 2076 3896 2141 3950; x_wconf 89' lang='lat' dir='ltr'><strong>de</strong></span> 
     </span>
    </p>
   </div>
   <div class='ocr_carea' id='block_1_71' title="bbox 568 3988 2142 4063">
    <p class='ocr_par' dir='ltr' id='par_1_71' title="bbox 568 3988 2142 4063">
     <span class='ocr_line' id='line_1_71' title="bbox 568 3988 2142 4063; baseline -0.005 -15"><span class='ocrx_word' id='word_1_548' title='bbox 568 3992 911 4048; x_wconf 76' lang='lat' dir='ltr'><strong>sensibilibus</strong></span> <span class='ocrx_word' id='word_1_549' title='bbox 944 3990 1144 4059; x_wconf 78' lang='lat' dir='ltr'><strong>regnis,</strong></span> <span class='ocrx_word' id='word_1_550' title='bbox 1175 3989 1270 4043; x_wconf 87' lang='lat' dir='ltr'><strong>sed</strong></span> <span class='ocrx_word' id='word_1_551' title='bbox 1299 3988 1624 4063; x_wconf 79' lang='lat' dir='ltr'><strong>nientalibus</strong></span> <span class='ocrx_word' id='word_1_552' title='bbox 1666 3988 2050 4051; x_wconf 84' lang='lat' dir='ltr'><strong>intellexerint,</strong></span> <span class='ocrx_word' id='word_1_553' title='bbox 2086 3999 2142 4040; x_wconf 90' lang='lat' dir='ltr'><strong>ut</strong></span> 
     </span>
    </p>
   </div>
   <div class='ocr_carea' id='block_1_72' title="bbox 568 4079 2142 4151">
    <p class='ocr_par' dir='ltr' id='par_1_72' title="bbox 568 4079 2142 4151">
     <span class='ocr_line' id='line_1_72' title="bbox 568 4079 2142 4151; baseline 0 -20"><span class='ocrx_word' id='word_1_554' title='bbox 568 4084 708 4151; x_wconf 87' lang='lat' dir='ltr'><strong>quod</strong></span> <span class='ocrx_word' id='word_1_555' title='bbox 743 4080 1127 4134; x_wconf 84' lang='lat' dir='ltr'><strong>monstraverit</strong></span> <span class='ocrx_word' id='word_1_556' title='bbox 1157 4081 1203 4133; x_wconf 90' lang='lat' dir='ltr'><strong>ei</strong></span> <span class='ocrx_word' id='word_1_557' title='bbox 1261 4095 1483 4147; x_wconf 78' lang='lat' dir='ltr'><strong>regnum</strong></span> <span class='ocrx_word' id='word_1_558' title='bbox 1541 4079 1775 4144; x_wconf 73' lang='lat' dir='ltr'><strong>invidize,</strong></span> <span class='ocrx_word' id='word_1_559' title='bbox 1814 4093 2035 4147; x_wconf 89' lang='lat' dir='ltr'><strong>regnum</strong></span> <span class='ocrx_word' id='word_1_560' title='bbox 2060 4080 2142 4131; x_wconf 86' lang='lat' dir='ltr'><strong>in-</strong></span> 
     </span>
    </p>
   </div>
   <div class='ocr_carea' id='block_1_73' title="bbox 566 4169 2135 4237">
    <p class='ocr_par' dir='ltr' id='par_1_73' title="bbox 566 4169 2135 4237">
     <span class='ocr_line' id='line_1_73' title="bbox 566 4169 2135 4237; baseline -0.003 -11"><span class='ocrx_word' id='word_1_561' title='bbox 566 4169 908 4226; x_wconf 82' lang='lat' dir='ltr'><strong>continentiae</strong></span> <span class='ocrx_word' id='word_1_562' title='bbox 941 4182 995 4223; x_wconf 90' lang='lat' dir='ltr'><strong>et</strong></span> <span class='ocrx_word' id='word_1_563' title='bbox 1023 4171 1072 4223; x_wconf 92' lang='lat' dir='ltr'><strong>in</strong></span> <span class='ocrx_word' id='word_1_564' title='bbox 1096 4184 1303 4223; x_wconf 83' lang='lat' dir='ltr'><strong>summa</strong></span> <span class='ocrx_word' id='word_1_565' title='bbox 1326 4169 1565 4222; x_wconf 90' lang='lat' dir='ltr'><strong>omnium</strong></span> <span class='ocrx_word' id='word_1_566' title='bbox 1581 4178 1921 4236; x_wconf 87' lang='lat' dir='ltr'><strong>peccatorum</strong></span> <span class='ocrx_word' id='word_1_567' title='bbox 1944 4182 2135 4237; x_wconf 87' lang='lat' dir='ltr'><strong>regna:</strong></span> 
     </span>
    </p>
   </div>
   <div class='ocr_carea' id='block_1_74' title="bbox 567 4258 2140 4333">
    <p class='ocr_par' dir='ltr' id='par_1_74' title="bbox 567 4258 2140 4333">
     <span class='ocr_line' id='line_1_74' title="bbox 567 4258 2140 4333; baseline -0.001 -18"><span class='ocrx_word' id='word_1_568' title='bbox 567 4275 620 4315; x_wconf 90' lang='lat' dir='ltr'><strong>et</strong></span> <span class='ocrx_word' id='word_1_569' title='bbox 651 4266 804 4333; x_wconf 76' lang='lat' dir='ltr'><strong>quasi</strong></span> <span class='ocrx_word' id='word_1_570' title='bbox 840 4262 967 4315; x_wconf 85' lang='lat' dir='ltr'><strong>talia</strong></span> <span class='ocrx_word' id='word_1_571' title='bbox 1004 4263 1051 4315; x_wconf 90' lang='lat' dir='ltr'><strong>ei</strong></span> <span class='ocrx_word' id='word_1_572' title='bbox 1089 4263 1295 4315; x_wconf 87' lang='lat' dir='ltr'><strong>diceret</strong></span> <span class='ocrx_word' id='word_1_573' title='bbox 1325 4276 1341 4313; x_wconf 91' lang='lat'><em>:</em></span> <span class='ocrx_word' id='word_1_574' title='bbox 1372 4260 1427 4313; x_wconf 92' lang='lat' dir='ltr'><strong>Si</strong></span> <span class='ocrx_word' id='word_1_575' title='bbox 1461 4260 1541 4314; x_wconf 89' lang='lat' dir='ltr'><strong>vis</strong></span> <span class='ocrx_word' id='word_1_576' title='bbox 1584 4275 1810 4328; x_wconf 84' lang='lat' dir='ltr'><strong>regnare</strong></span> <span class='ocrx_word' id='word_1_577' title='bbox 1842 4258 2140 4314; x_wconf 80' lang='lat' dir='ltr'><strong>affectioni-</strong></span> 
     </span>
    </p>
   </div>
   <div class='ocr_carea' id='block_1_75' title="bbox 570 4352 2140 4421">
    <p class='ocr_par' dir='ltr' id='par_1_75' title="bbox 570 4352 2140 4421">
     <span class='ocr_line' id='line_1_75' title="bbox 570 4352 2140 4421; baseline -0.003 -12"><span class='ocrx_word' id='word_1_578' title='bbox 570 4359 667 4410; x_wconf 88' lang='lat' dir='ltr'><strong>bus</strong></span> <span class='ocrx_word' id='word_1_579' title='bbox 697 4356 821 4419; x_wconf 86' lang='lat' dir='ltr'><strong>illis,</strong></span> <span class='ocrx_word' id='word_1_580' title='bbox 854 4365 907 4408; x_wconf 88' lang='lat' dir='ltr'><strong>et</strong></span> <span class='ocrx_word' id='word_1_581' title='bbox 936 4355 987 4407; x_wconf 92' lang='lat' dir='ltr'><strong>in</strong></span> <span class='ocrx_word' id='word_1_582' title='bbox 1023 4355 1124 4407; x_wconf 85' lang='lat' dir='ltr'><strong>hoc</strong></span> <span class='ocrx_word' id='word_1_583' title='bbox 1159 4353 1375 4416; x_wconf 90' lang='lat' dir='ltr'><strong>venisti,</strong></span> <span class='ocrx_word' id='word_1_584' title='bbox 1414 4360 1469 4405; x_wconf 89' lang='lat' dir='ltr'><strong>ut</strong></span> <span class='ocrx_word' id='word_1_585' title='bbox 1502 4366 1595 4406; x_wconf 89' lang='lat' dir='ltr'><strong>eos</strong></span> <span class='ocrx_word' id='word_1_586' title='bbox 1648 4353 1737 4421; x_wconf 87' lang='lat' dir='ltr'><strong>qui</strong></span> <span class='ocrx_word' id='word_1_587' title='bbox 1764 4352 1862 4405; x_wconf 89' lang='lat' dir='ltr'><strong>sub</strong></span> <span class='ocrx_word' id='word_1_588' title='bbox 1889 4366 1971 4404; x_wconf 87' lang='lat' dir='ltr'><strong>me</strong></span> <span class='ocrx_word' id='word_1_589' title='bbox 2014 4362 2140 4404; x_wconf 91' lang='lat' dir='ltr'><strong>sunt</strong></span> 
     </span>
    </p>
   </div>
   <div class='ocr_carea' id='block_1_76' title="bbox 571 4444 2139 4519">
    <p class='ocr_par' dir='ltr' id='par_1_76' title="bbox 571 4444 2139 4519">
     <span class='ocr_line' id='line_1_76' title="bbox 571 4444 2139 4519; baseline -0.004 -17"><span class='ocrx_word' id='word_1_590' title='bbox 571 4450 767 4519; x_wconf 89' lang='lat' dir='ltr'><strong>rapias,</strong></span> <span class='ocrx_word' id='word_1_591' title='bbox 800 4447 1019 4517; x_wconf 86' lang='lat' dir='ltr'><strong>procide</strong></span> <span class='ocrx_word' id='word_1_592' title='bbox 1059 4454 1111 4499; x_wconf 88' lang='lat' dir='ltr'><strong>et</strong></span> <span class='ocrx_word' id='word_1_593' title='bbox 1143 4446 1305 4498; x_wconf 85' lang='lat' dir='ltr'><strong>adora</strong></span> <span class='ocrx_word' id='word_1_594' title='bbox 1354 4457 1437 4498; x_wconf 89' lang='lat' dir='ltr'><strong>me</strong></span> <span class='ocrx_word' id='word_1_595' title='bbox 1468 4461 1481 4497; x_wconf 88' lang='lat'><strong>:</strong></span> <span class='ocrx_word' id='word_1_596' title='bbox 1518 4453 1571 4497; x_wconf 87' lang='lat' dir='ltr'><strong>et</strong></span> <span class='ocrx_word' id='word_1_597' title='bbox 1614 4446 1797 4511; x_wconf 88' lang='lat' dir='ltr'><strong>accipe</strong></span> <span class='ocrx_word' id='word_1_598' title='bbox 1831 4458 2020 4497; x_wconf 87' lang='lat' dir='ltr'><strong>omnes</strong></span> <span class='ocrx_word' id='word_1_599' title='bbox 2048 4444 2139 4512; x_wconf 90' lang='lat' dir='ltr'><strong>qui</strong></span> 
     </span>
    </p>
   </div>
   <div class='ocr_carea' id='block_1_77' title="bbox 566 4535 2139 4609">
    <p class='ocr_par' dir='ltr' id='par_1_77' title="bbox 566 4535 2139 4609">
     <span class='ocr_line' id='line_1_77' title="bbox 566 4535 2139 4609; baseline -0.003 -16"><span class='ocrx_word' id='word_1_600' title='bbox 566 4558 593 4593; x_wconf 88' lang='lat' dir='ltr'><strong>a</strong></span> <span class='ocrx_word' id='word_1_601' title='bbox 636 4556 720 4595; x_wconf 91' lang='lat' dir='ltr'><strong>me</strong></span> <span class='ocrx_word' id='word_1_602' title='bbox 739 4541 1127 4609; x_wconf 82' lang='lat' dir='ltr'><strong>gubernantur.</strong></span> <span class='ocrx_word' id='word_1_603' title='bbox 1160 4537 1415 4590; x_wconf 90' lang='lat' dir='ltr'><strong>Dominus</strong></span> <span class='ocrx_word' id='word_1_604' title='bbox 1450 4544 1628 4590; x_wconf 90' lang='lat' dir='ltr'><strong>autem</strong></span> <span class='ocrx_word' id='word_1_605' title='bbox 1676 4550 1900 4605; x_wconf 87' lang='lat' dir='ltr'><strong>regnare</strong></span> <span class='ocrx_word' id='word_1_606' title='bbox 1924 4535 2139 4603; x_wconf 89' lang='lat' dir='ltr'><strong>quidem</strong></span> 
     </span>
    </p>
   </div>
   <div class='ocr_carea' id='block_1_78' title="bbox 568 4629 2143 4697">
    <p class='ocr_par' dir='ltr' id='par_1_78' title="bbox 568 4629 2143 4697">
     <span class='ocr_line' id='line_1_78' title="bbox 568 4629 2143 4697; baseline -0.001 -14"><span class='ocrx_word' id='word_1_607' title='bbox 568 4634 698 4697; x_wconf 75' lang='lat' dir='ltr'><strong>\ult,</strong></span> <span class='ocrx_word' id='word_1_608' title='bbox 732 4645 784 4687; x_wconf 88' lang='lat' dir='ltr'><strong>et</strong></span> <span class='ocrx_word' id='word_1_609' title='bbox 818 4632 883 4685; x_wconf 89' lang='lat' dir='ltr'><strong>ad</strong></span> <span class='ocrx_word' id='word_1_610' title='bbox 921 4632 1021 4685; x_wconf 92' lang='lat' dir='ltr'><strong>hoc</strong></span> <span class='ocrx_word' id='word_1_611' title='bbox 1052 4629 1233 4683; x_wconf 88' lang='lat' dir='ltr'><strong>venit:</strong></span> <span class='ocrx_word' id='word_1_612' title='bbox 1262 4643 1489 4695; x_wconf 88' lang='lat' dir='ltr'><strong>regnare</strong></span> <span class='ocrx_word' id='word_1_613' title='bbox 1513 4636 1689 4681; x_wconf 90' lang='lat' dir='ltr'><strong>autem</strong></span> <span class='ocrx_word' id='word_1_614' title='bbox 1728 4642 1831 4680; x_wconf 79' lang='lat' dir='ltr'><strong>non</strong></span> <span class='ocrx_word' id='word_1_615' title='bbox 1864 4642 1985 4681; x_wconf 89' lang='lat' dir='ltr'><strong>cum</strong></span> <span class='ocrx_word' id='word_1_616' title='bbox 2018 4641 2143 4696; x_wconf 76' lang='lat' dir='ltr'><strong>pec—</strong></span> 
     </span>
    </p>
   </div>
   <div class='ocr_carea' id='block_1_79' title="bbox 568 4721 2137 4793">
    <p class='ocr_par' dir='ltr' id='par_1_79' title="bbox 568 4721 2137 4793">
     <span class='ocr_line' id='line_1_79' title="bbox 568 4721 2137 4793; baseline -0.001 -16"><span class='ocrx_word' id='word_1_617' title='bbox 568 4734 709 4787; x_wconf 80' lang='lat' dir='ltr'><strong>Cato,</strong></span> <span class='ocrx_word' id='word_1_618' title='bbox 751 4739 923 4793; x_wconf 88' lang='lat' dir='ltr'><strong>neque</strong></span> <span class='ocrx_word' id='word_1_619' title='bbox 953 4722 1069 4775; x_wconf 89' lang='lat' dir='ltr'><strong>sine</strong></span> <span class='ocrx_word' id='word_1_620' title='bbox 1102 4722 1417 4787; x_wconf 84' lang='lat' dir='ltr'><strong>certamine,</strong></span> <span class='ocrx_word' id='word_1_621' title='bbox 1448 4721 1538 4776; x_wconf 86' lang='lat' dir='ltr'><strong>sed</strong></span> <span class='ocrx_word' id='word_1_622' title='bbox 1570 4733 1783 4777; x_wconf 87' lang='lat' dir='ltr'><strong>certans</strong></span> <span class='ocrx_word' id='word_1_623' title='bbox 1823 4724 2137 4775; x_wconf 88' lang='lat' dir='ltr'><strong>etvincens.</strong></span> 
     </span>
    </p>
   </div>
   <div class='ocr_carea' id='block_1_80' title="bbox 570 4813 2141 4885">
    <p class='ocr_par' dir='ltr' id='par_1_80' title="bbox 570 4813 2141 4885">
     <span class='ocr_line' id='line_1_80' title="bbox 570 4813 2141 4885; baseline -0.003 -16"><span class='ocrx_word' id='word_1_624' title='bbox 570 4817 661 4870; x_wconf 88' lang='lat' dir='ltr'><strong>Sic</strong></span> <span class='ocrx_word' id='word_1_625' title='bbox 686 4817 901 4885; x_wconf 89' lang='lat' dir='ltr'><strong>quidam</strong></span> <span class='ocrx_word' id='word_1_626' title='bbox 932 4813 1313 4867; x_wconf 84' lang='lat' dir='ltr'><strong>intellexerunt</strong></span> <span class='ocrx_word' id='word_1_627' title='bbox 1347 4830 1358 4865; x_wconf 76' lang='grc' dir='ltr'><strong>ι</strong></span> <span class='ocrx_word' id='word_1_628' title='bbox 1389 4828 1549 4881; x_wconf 85' lang='lat' dir='ltr'><strong>quem</strong></span> <span class='ocrx_word' id='word_1_629' title='bbox 1580 4827 1823 4879; x_wconf 85' lang='lat' dir='ltr'><strong>sensum,</strong></span> <span class='ocrx_word' id='word_1_630' title='bbox 1848 4814 1889 4866; x_wconf 91' lang='lat' dir='ltr'><strong>si</strong></span> <span class='ocrx_word' id='word_1_631' title='bbox 1923 4815 2003 4866; x_wconf 92' lang='lat' dir='ltr'><strong>cui</strong></span> <span class='ocrx_word' id='word_1_632' title='bbox 2030 4818 2141 4882; x_wconf 82' lang='lat' dir='ltr'><strong>pla-</strong></span> 
     </span>
    </p>
   </div>
   <div class='ocr_carea' id='block_1_81' title="bbox 569 4903 2139 4973">
    <p class='ocr_par' dir='ltr' id='par_1_81' title="bbox 569 4903 2139 4973">
     <span class='ocr_line' id='line_1_81' title="bbox 569 4903 2139 4973; baseline -0.001 -12"><span class='ocrx_word' id='word_1_633' title='bbox 569 4919 675 4969; x_wconf 74' lang='lat' dir='ltr'><strong>Cet.</strong></span> <span class='ocrx_word' id='word_1_634' title='bbox 720 4906 961 4973; x_wconf 87' lang='lat' dir='ltr'><strong>recipiat.</strong></span> <span class='ocrx_word' id='word_1_635' title='bbox 989 4903 1157 4959; x_wconf 87' lang='lat' dir='ltr'><strong>Porro</strong></span> <span class='ocrx_word' id='word_1_636' title='bbox 1180 4913 1232 4957; x_wconf 89' lang='lat' dir='ltr'><strong>et</strong></span> <span class='ocrx_word' id='word_1_637' title='bbox 1265 4904 1477 4957; x_wconf 85' lang='lat' dir='ltr'><strong>inanem</strong></span> <span class='ocrx_word' id='word_1_638' title='bbox 1505 4903 1728 4972; x_wconf 84' lang='lat' dir='ltr'><strong>gloriam</strong></span> <span class='ocrx_word' id='word_1_639' title='bbox 1758 4904 1951 4973; x_wconf 87' lang='lat' dir='ltr'><strong>repulit</strong></span> <span class='ocrx_word' id='word_1_640' title='bbox 1976 4905 2139 4959; x_wconf 84' lang='lat' dir='ltr'><strong>verbo</strong></span> 
     </span>
    </p>
   </div>
   <div class='ocr_carea' id='block_1_82' title="bbox 572 4993 2143 5067">
    <p class='ocr_par' dir='ltr' id='par_1_82' title="bbox 572 4993 2143 5067">
     <span class='ocr_line' id='line_1_82' title="bbox 572 4993 2143 5067; baseline -0.004 -12"><span class='ocrx_word' id='word_1_641' title='bbox 572 5000 877 5067; x_wconf 69' lang='lat' dir='ltr'><strong>Scripturaa.</strong></span> <span class='ocrx_word' id='word_1_642' title='bbox 908 4996 1066 5065; x_wconf 90' lang='lat' dir='ltr'><strong>Eripe</strong></span> <span class='ocrx_word' id='word_1_643' title='bbox 1094 4995 1255 5064; x_wconf 88' lang='lat' dir='ltr'><strong>igitur</strong></span> <span class='ocrx_word' id='word_1_644' title='bbox 1280 5003 1333 5049; x_wconf 90' lang='lat' dir='ltr'><strong>et</strong></span> <span class='ocrx_word' id='word_1_645' title='bbox 1363 5009 1481 5060; x_wconf 91' lang='lat' dir='ltr'><strong>nos,</strong></span> <span class='ocrx_word' id='word_1_646' title='bbox 1508 4993 1758 5056; x_wconf 88' lang='lat' dir='ltr'><strong>Domine,</strong></span> <span class='ocrx_word' id='word_1_647' title='bbox 1783 5010 1811 5045; x_wconf 87' lang='lat' dir='ltr'><strong>a</strong></span> <span class='ocrx_word' id='word_1_648' title='bbox 1845 4993 2019 5047; x_wconf 87' lang='lat' dir='ltr'><strong>tribus</strong></span> <span class='ocrx_word' id='word_1_649' title='bbox 2040 4994 2143 5048; x_wconf 90' lang='lat' dir='ltr'><strong>illis</strong></span> 
     </span>
    </p>
   </div>
   <div class='ocr_carea' id='block_1_83' title="bbox 570 5084 2144 5161">
    <p class='ocr_par' dir='ltr' id='par_1_83' title="bbox 570 5084 2144 5161">
     <span class='ocr_line' id='line_1_83' title="bbox 570 5084 2144 5161; baseline -0.005 -15"><span class='ocrx_word' id='word_1_650' title='bbox 570 5092 835 5161; x_wconf 80' lang='lat' dir='ltr'><strong>capitibus</strong></span> <span class='ocrx_word' id='word_1_651' title='bbox 861 5091 1128 5143; x_wconf 87' lang='lat' dir='ltr'><strong>draconis.</strong></span> <span class='ocrx_word' id='word_1_652' title='bbox 1152 5087 1423 5143; x_wconf 83' lang='lat' dir='ltr'><strong>Reversus</strong></span> <span class='ocrx_word' id='word_1_653' title='bbox 1450 5096 1534 5141; x_wconf 88' lang='lat' dir='ltr'><strong>est</strong></span> <span class='ocrx_word' id='word_1_654' title='bbox 1560 5098 1737 5140; x_wconf 88' lang='lat' dir='ltr'><strong>autem</strong></span> <span class='ocrx_word' id='word_1_655' title='bbox 1760 5084 1921 5140; x_wconf 82' lang='lat' dir='ltr'><strong>Jesns</strong></span> <span class='ocrx_word' id='word_1_656' title='bbox 1946 5087 1997 5138; x_wconf 91' lang='lat' dir='ltr'><strong>in</strong></span> <span class='ocrx_word' id='word_1_657' title='bbox 2032 5086 2144 5138; x_wconf 51' lang='lat' dir='ltr'><strong>vir.</strong></span> 
     </span>
    </p>
   </div>
   <div class='ocr_carea' id='block_1_84' title="bbox 575 5179 2139 5253">
    <p class='ocr_par' dir='ltr' id='par_1_84' title="bbox 575 5179 2139 5253">
     <span class='ocr_line' id='line_1_84' title="bbox 575 5179 2139 5253; baseline -0.004 -16"><span class='ocrx_word' id='word_1_658' title='bbox 575 5196 685 5238; x_wconf 86' lang='lat' dir='ltr'><strong>tute</strong></span> <span class='ocrx_word' id='word_1_659' title='bbox 723 5185 963 5253; x_wconf 84' lang='lat' dir='ltr'><strong>spiritus.</strong></span> <span class='ocrx_word' id='word_1_660' title='bbox 1004 5182 1228 5235; x_wconf 84' lang='lat' dir='ltr'><strong>Videtur</strong></span> <span class='ocrx_word' id='word_1_661' title='bbox 1285 5180 1412 5235; x_wconf 77' lang='lat' dir='ltr'><strong>milii</strong></span> <span class='ocrx_word' id='word_1_662' title='bbox 1470 5180 1615 5248; x_wconf 87' lang='lat' dir='ltr'><strong>quod</strong></span> <span class='ocrx_word' id='word_1_663' title='bbox 1672 5179 1853 5232; x_wconf 87' lang='lat' dir='ltr'><strong>divino</strong></span> <span class='ocrx_word' id='word_1_664' title='bbox 1906 5179 2139 5245; x_wconf 90' lang='lat' dir='ltr'><strong>quodam</strong></span> 
     </span>
    </p>
   </div>
   <div class='ocr_carea' id='block_1_85' title="bbox 574 5272 2139 5343">
    <p class='ocr_par' dir='ltr' id='par_1_85' title="bbox 574 5272 2139 5343">
     <span class='ocr_line' id='line_1_85' title="bbox 574 5272 2139 5343; baseline -0.006 -12"><span class='ocrx_word' id='word_1_665' title='bbox 574 5275 753 5331; x_wconf 75' lang='lat' dir='ltr'><strong>amatu</strong></span> <span class='ocrx_word' id='word_1_666' title='bbox 784 5283 1062 5343; x_wconf 88' lang='lat' dir='ltr'><strong>correptus</strong></span> <span class='ocrx_word' id='word_1_667' title='bbox 1098 5274 1313 5326; x_wconf 81' lang='lat' dir='ltr'><strong>redierit</strong></span> <span class='ocrx_word' id='word_1_668' title='bbox 1342 5276 1476 5340; x_wconf 52' lang='lat' dir='ltr'><strong>:,lioc</strong></span> <span class='ocrx_word' id='word_1_669' title='bbox 1505 5274 1648 5326; x_wconf 88' lang='lat' dir='ltr'><strong>enim</strong></span> <span class='ocrx_word' id='word_1_670' title='bbox 1676 5281 1758 5326; x_wconf 85' lang='lat' dir='ltr'><strong>est</strong></span> <span class='ocrx_word' id='word_1_671' title='bbox 1790 5273 1931 5334; x_wconf 86' lang='lat' dir='ltr'><strong>quod</strong></span> <span class='ocrx_word' id='word_1_672' title='bbox 1966 5273 2061 5336; x_wconf 87' lang='lat' dir='ltr'><strong>ait,</strong></span> <span class='ocrx_word' id='word_1_673' title='bbox 2088 5272 2139 5323; x_wconf 92' lang='lat' dir='ltr'><strong>in</strong></span> 
     </span>
    </p>
   </div>
   <div class='ocr_carea' id='block_1_86' title="bbox 572 5363 2139 5433">
    <p class='ocr_par' dir='ltr' id='par_1_86' title="bbox 572 5363 2139 5433">
     <span class='ocr_line' id='line_1_86' title="bbox 572 5363 2139 5433; baseline -0.001 -16"><span class='ocrx_word' id='word_1_674' title='bbox 572 5374 767 5419; x_wconf 87' lang='lat' dir='ltr'><strong>virtute</strong></span> <span class='ocrx_word' id='word_1_675' title='bbox 800 5367 1041 5431; x_wconf 71' lang='lat' dir='ltr'><strong>spiritus.</strong></span> <span class='ocrx_word' id='word_1_676' title='bbox 1088 5364 1316 5417; x_wconf 81' lang='lat' dir='ltr'><strong>Attende</strong></span> <span class='ocrx_word' id='word_1_677' title='bbox 1356 5378 1566 5433; x_wconf 88' lang='lat' dir='ltr'><strong>quoque</strong></span> <span class='ocrx_word' id='word_1_678' title='bbox 1596 5363 1957 5433; x_wconf 84' lang='lat' dir='ltr'><strong>Scripturam.</strong></span> <span class='ocrx_word' id='word_1_679' title='bbox 1998 5365 2139 5431; x_wconf 83' lang='lat' dir='ltr'><strong>quod</strong></span> 
     </span>
    </p>
   </div>
   <div class='ocr_carea' id='block_1_87' title="bbox 570 5456 2139 5529">
    <p class='ocr_par' dir='ltr' id='par_1_87' title="bbox 570 5456 2139 5529">
     <span class='ocr_line' id='line_1_87' title="bbox 570 5456 2139 5529; baseline 0.001 -22"><span class='ocrx_word' id='word_1_680' title='bbox 570 5471 854 5529; x_wconf 86' lang='lat' dir='ltr'><strong>postquam</strong></span> <span class='ocrx_word' id='word_1_681' title='bbox 905 5456 1026 5510; x_wconf 85' lang='lat' dir='ltr'><strong>vicit</strong></span> <span class='ocrx_word' id='word_1_682' title='bbox 1078 5466 1399 5512; x_wconf 86' lang='lat' dir='ltr'><strong>tentantem.</strong></span> <span class='ocrx_word' id='word_1_683' title='bbox 1439 5466 1491 5509; x_wconf 89' lang='lat' dir='ltr'><strong>et</strong></span> <span class='ocrx_word' id='word_1_684' title='bbox 1536 5458 2139 5510; x_wconf 86' lang='lat' dir='ltr'><strong>monstravitvirtutem</strong></span> 
     </span>
    </p>
   </div>
   <div class='ocr_carea' id='block_1_88' title="bbox 573 5547 2136 5615">
    <p class='ocr_par' dir='ltr' id='par_1_88' title="bbox 573 5547 2136 5615">
     <span class='ocr_line' id='line_1_88' title="bbox 573 5547 2136 5615; baseline -0.003 -11"><span class='ocrx_word' id='word_1_685' title='bbox 573 5565 746 5615; x_wconf 75' lang='lat' dir='ltr'><strong>Sllattl,</strong></span> <span class='ocrx_word' id='word_1_686' title='bbox 783 5558 905 5602; x_wconf 89' lang='lat' dir='ltr'><strong>tunc</strong></span> <span class='ocrx_word' id='word_1_687' title='bbox 942 5548 1067 5599; x_wconf 81' lang='lat' dir='ltr'><strong>illud</strong></span> <span class='ocrx_word' id='word_1_688' title='bbox 1120 5547 1377 5614; x_wconf 85' lang='lat' dir='ltr'><strong>scriptum</strong></span> <span class='ocrx_word' id='word_1_689' title='bbox 1430 5548 1519 5611; x_wconf 85' lang='lat' dir='ltr'><strong>sit,</strong></span> <span class='ocrx_word' id='word_1_690' title='bbox 1548 5548 1599 5600; x_wconf 87' lang='lat' dir='ltr'><strong>itt</strong></span> <span class='ocrx_word' id='word_1_691' title='bbox 1634 5550 1833 5602; x_wconf 87' lang='lat' dir='ltr'><strong>virtute</strong></span> <span class='ocrx_word' id='word_1_692' title='bbox 1896 5550 2136 5615; x_wconf 57' lang='lat' dir='ltr'><strong>spiritus.</strong></span> 
     </span>
    </p>
   </div>
   <div class='ocr_carea' id='block_1_89' title="bbox 570 5639 2140 5707">
    <p class='ocr_par' dir='ltr' id='par_1_89' title="bbox 570 5639 2140 5707">
     <span class='ocr_line' id='line_1_89' title="bbox 570 5639 2140 5707; baseline -0.002 -12"><span class='ocrx_word' id='word_1_693' title='bbox 570 5639 811 5694; x_wconf 78' lang='lat' dir='ltr'><strong>Recessit</strong></span> <span class='ocrx_word' id='word_1_694' title='bbox 844 5648 1023 5691; x_wconf 86' lang='lat' dir='ltr'><strong>autem</strong></span> <span class='ocrx_word' id='word_1_695' title='bbox 1068 5643 1130 5690; x_wconf 87' lang='lat' dir='ltr'><strong>ab</strong></span> <span class='ocrx_word' id='word_1_696' title='bbox 1164 5639 1254 5691; x_wconf 91' lang='lat' dir='ltr'><strong>illo</strong></span> <span class='ocrx_word' id='word_1_697' title='bbox 1292 5640 1535 5705; x_wconf 79' lang='lat' dir='ltr'><strong>usquead</strong></span> <span class='ocrx_word' id='word_1_698' title='bbox 1566 5649 1793 5707; x_wconf 89' lang='lat' dir='ltr'><strong>tempus,</strong></span> <span class='ocrx_word' id='word_1_699' title='bbox 1835 5642 1975 5694; x_wconf 89' lang='lat' dir='ltr'><strong>httnc</strong></span> <span class='ocrx_word' id='word_1_700' title='bbox 2020 5657 2140 5694; x_wconf 87' lang='lat' dir='ltr'><strong>seu-</strong></span> 
     </span>
    </p>
   </div>
   <div class='ocr_carea' id='block_1_90' title="bbox 574 5730 2137 5789">
    <p class='ocr_par' dir='ltr' id='par_1_90' title="bbox 574 5730 2137 5789">
     <span class='ocr_line' id='line_1_90' title="bbox 574 5730 2137 5789; baseline -0.004 0"><span class='ocrx_word' id='word_1_701' title='bbox 574 5752 688 5789; x_wconf 78' lang='lat' dir='ltr'><strong>suin</strong></span> <span class='ocrx_word' id='word_1_702' title='bbox 728 5734 919 5788; x_wconf 76' lang='lat' dir='ltr'><strong>liabet:</strong></span> <span class='ocrx_word' id='word_1_703' title='bbox 955 5730 1205 5784; x_wconf 82' lang='lat' dir='ltr'><strong>Diabolus</strong></span> <span class='ocrx_word' id='word_1_704' title='bbox 1226 5730 1599 5783; x_wconf 62' lang='lat' dir='ltr'><strong>alii-ctionibus</strong></span> <span class='ocrx_word' id='word_1_705' title='bbox 1622 5732 1827 5785; x_wconf 84' lang='lat' dir='ltr'><strong>duabus</strong></span> <span class='ocrx_word' id='word_1_706' title='bbox 1855 5732 2137 5784; x_wconf 86' lang='lat' dir='ltr'><strong>Dominum</strong></span> 
     </span>
    </p>
   </div>
   <div class='ocr_carea' id='block_1_91' title="bbox 574 5821 2141 5891">
    <p class='ocr_par' dir='ltr' id='par_1_91' title="bbox 574 5821 2141 5891">
     <span class='ocr_line' id='line_1_91' title="bbox 574 5821 2141 5891; baseline -0.001 -14"><span class='ocrx_word' id='word_1_707' title='bbox 574 5830 790 5879; x_wconf 79' lang='lat' dir='ltr'><strong>adortus</strong></span> <span class='ocrx_word' id='word_1_708' title='bbox 818 5837 917 5885; x_wconf 87' lang='lat' dir='ltr'><strong>est.</strong></span> <span class='ocrx_word' id='word_1_709' title='bbox 951 5826 1237 5891; x_wconf 83' lang='lat' dir='ltr'><strong>voluptatis</strong></span> <span class='ocrx_word' id='word_1_710' title='bbox 1262 5822 1465 5875; x_wconf 78' lang='lat' dir='ltr'><strong>scilicet</strong></span> <span class='ocrx_word' id='word_1_711' title='bbox 1489 5836 1549 5873; x_wconf 81' lang='lat' dir='ltr'><strong>ac</strong></span> <span class='ocrx_word' id='word_1_712' title='bbox 1584 5821 1813 5875; x_wconf 75' lang='lat' dir='ltr'><strong>tristitia:</strong></span> <span class='ocrx_word' id='word_1_713' title='bbox 1835 5840 1851 5885; x_wconf 72' lang='grc' dir='ltr'><strong>ς</strong></span> <span class='ocrx_word' id='word_1_714' title='bbox 1875 5833 1928 5877; x_wconf 87' lang='lat' dir='ltr'><strong>et</strong></span> <span class='ocrx_word' id='word_1_715' title='bbox 1963 5839 2141 5877; x_wconf 63' lang='lat' dir='ltr'><strong>aet-es-</strong></span> 
     </span>
    </p>
   </div>
   <div class='ocr_carea' id='block_1_92' title="bbox 575 5914 2143 5982">
    <p class='ocr_par' dir='ltr' id='par_1_92' title="bbox 575 5914 2143 5982">
     <span class='ocr_line' id='line_1_92' title="bbox 575 5914 2143 5982; baseline 0 -12"><span class='ocrx_word' id='word_1_716' title='bbox 575 5922 641 5970; x_wconf 90' lang='lat' dir='ltr'><strong>sit</strong></span> <span class='ocrx_word' id='word_1_717' title='bbox 678 5918 738 5969; x_wconf 83' lang='lat' dir='ltr'><strong>ad</strong></span> <span class='ocrx_word' id='word_1_718' title='bbox 774 5916 1055 5971; x_wconf 84' lang='lat' dir='ltr'><strong>Dominum</strong></span> <span class='ocrx_word' id='word_1_719' title='bbox 1100 5914 1163 5968; x_wconf 87' lang='lat' dir='ltr'><strong>de</strong></span> <span class='ocrx_word' id='word_1_720' title='bbox 1190 5914 1459 5981; x_wconf 85' lang='lat' dir='ltr'><strong>voluptate</strong></span> <span class='ocrx_word' id='word_1_721' title='bbox 1482 5921 1692 5968; x_wconf 72' lang='lat' dir='ltr'><strong>tentans</strong></span> <span class='ocrx_word' id='word_1_722' title='bbox 1724 5916 1776 5968; x_wconf 89' lang='lat' dir='ltr'><strong>itt</strong></span> <span class='ocrx_word' id='word_1_723' title='bbox 1820 5928 2022 5982; x_wconf 82' lang='lat' dir='ltr'><strong>monte,</strong></span> <span class='ocrx_word' id='word_1_724' title='bbox 2063 5934 2143 5970; x_wconf 86' lang='lat' dir='ltr'><strong>tc-</strong></span> 
     </span>
    </p>
   </div>
   <div class='ocr_carea' id='block_1_93' title="bbox 2244 3625 3839 3701">
    <p class='ocr_par' dir='ltr' id='par_1_93' title="bbox 2244 3625 3839 3701">
     <span class='ocr_line' id='line_1_93' title="bbox 2244 3625 3839 3701; baseline 0.002 -20"><span class='ocrx_word' id='word_1_725' title='bbox 2244 3627 2373 3697; x_wconf 86' lang='grc' dir='ltr'><strong>γῆς·</strong></span> <span class='ocrx_word' id='word_1_726' title='bbox 2414 3631 2472 3682; x_wconf 74' lang='grc' dir='ltr'>οὐ</span> <span class='ocrx_word' id='word_1_727' title='bbox 2514 3630 2621 3699; x_wconf 80' lang='grc' dir='ltr'><strong>γὰρ</strong></span> <span class='ocrx_word' id='word_1_728' title='bbox 2648 3626 2793 3699; x_wconf 75' lang='grc' dir='ltr'>εἶχεν</span> <span class='ocrx_word' id='word_1_729' title='bbox 2824 3625 2865 3697; x_wconf 83' lang='grc' dir='ltr'>ᾧ</span> <span class='ocrx_word' id='word_1_730' title='bbox 2898 3633 3147 3701; x_wconf 81' lang='grc' dir='ltr'>ὀργισθῇ.</span> <span class='ocrx_word' id='word_1_731' title='bbox 3185 3629 3325 3683; x_wconf 85' lang='grc' dir='ltr'>Οὒτε</span> <span class='ocrx_word' id='word_1_732' title='bbox 3344 3629 3451 3682; x_wconf 82' lang='grc' dir='ltr'><strong>ἀπὸ</strong></span> <span class='ocrx_word' id='word_1_733' title='bbox 3473 3630 3697 3697; x_wconf 78' lang='grc' dir='ltr'>φθόνου·</span> <span class='ocrx_word' id='word_1_734' title='bbox 3729 3630 3839 3684; x_wconf 78' lang='grc' dir='ltr'><strong>ἀπὸ</strong></span> 
     </span>
    </p>
   </div>
   <div class='ocr_carea' id='block_1_94' title="bbox 2241 3719 3837 3797">
    <p class='ocr_par' dir='ltr' id='par_1_94' title="bbox 2241 3719 3837 3797">
     <span class='ocr_line' id='line_1_94' title="bbox 2241 3719 3837 3797; baseline 0.003 -25"><span class='ocrx_word' id='word_1_735' title='bbox 2241 3722 2339 3789; x_wconf 79' lang='grc' dir='ltr'>τῆς</span> <span class='ocrx_word' id='word_1_736' title='bbox 2376 3722 2579 3797; x_wconf 82' lang='grc' dir='ltr'>κοιλίας</span> <span class='ocrx_word' id='word_1_737' title='bbox 2606 3719 2696 3775; x_wconf 75' lang='grc' dir='ltr'>οὖν</span> <span class='ocrx_word' id='word_1_738' title='bbox 2726 3724 3083 3777; x_wconf 86' lang='grc' dir='ltr'>ὑπεσκέλισεν</span> <span class='ocrx_word' id='word_1_739' title='bbox 3111 3723 3297 3775; x_wconf 82' lang='grc' dir='ltr'>αὐτόν.</span> <span class='ocrx_word' id='word_1_740' title='bbox 3333 3721 3437 3775; x_wconf 85' lang='grc' dir='ltr'><strong>Τὸν</strong></span> <span class='ocrx_word' id='word_1_741' title='bbox 3469 3722 3525 3775; x_wconf 80' lang='grc' dir='ltr'>δὲ</span> <span class='ocrx_word' id='word_1_742' title='bbox 3552 3723 3656 3794; x_wconf 84' lang='grc' dir='ltr'>τῆς</span> <span class='ocrx_word' id='word_1_743' title='bbox 3685 3722 3837 3793; x_wconf 79' lang='grc' dir='ltr'>φιλο-</span> 
     </span>
    </p>
   </div>
   <div class='ocr_carea' id='block_1_95' title="bbox 2243 3816 3833 3889">
    <p class='ocr_par' dir='ltr' id='par_1_95' title="bbox 2243 3816 3833 3889">
     <span class='ocr_line' id='line_1_95' title="bbox 2243 3816 3833 3889; baseline 0.005 -25"><span class='ocrx_word' id='word_1_744' title='bbox 2243 3816 2549 3883; x_wconf 79' lang='grc' dir='ltr'>χρηματίας</span> <span class='ocrx_word' id='word_1_745' title='bbox 2591 3816 2994 3885; x_wconf 83' lang='grc' dir='ltr'>ἀπεκρούσατο,</span> <span class='ocrx_word' id='word_1_746' title='bbox 3040 3818 3129 3870; x_wconf 83' lang='grc' dir='ltr'><strong>διά</strong></span> <span class='ocrx_word' id='word_1_747' title='bbox 3160 3818 3255 3870; x_wconf 81' lang='grc' dir='ltr'>τοῦ</span> <span class='ocrx_word' id='word_1_748' title='bbox 3296 3822 3371 3889; x_wconf 79' lang='grc' dir='ltr'>μὴ</span> <span class='ocrx_word' id='word_1_749' title='bbox 3426 3820 3637 3883; x_wconf 81' lang='grc' dir='ltr'>πεσεῖν,</span> <span class='ocrx_word' id='word_1_750' title='bbox 3693 3819 3833 3888; x_wconf 68' lang='grc' dir='ltr'>μηδὲ</span> 
     </span>
    </p>
   </div>
   <div class='ocr_carea' id='block_1_96' title="bbox 2246 3908 3834 3982">
    <p class='ocr_par' dir='ltr' id='par_1_96' title="bbox 2246 3908 3834 3982">
     <span class='ocr_line' id='line_1_96' title="bbox 2246 3908 3834 3982; baseline 0.004 -26"><span class='ocrx_word' id='word_1_751' title='bbox 2246 3908 2615 3977; x_wconf 79' lang='grc' dir='ltr'>προσκυνῆσαι</span> <span class='ocrx_word' id='word_1_752' title='bbox 2647 3908 2815 3973; x_wconf 77' lang='grc' dir='ltr'><strong>αὐτῷ.</strong></span> <span class='ocrx_word' id='word_1_753' title='bbox 2861 3910 3235 3975; x_wconf 76' lang='grc' dir='ltr'>’Υποδείξαντι</span> <span class='ocrx_word' id='word_1_754' title='bbox 3267 3915 3377 3982; x_wconf 70' lang='grc' dir='ltr'>γὰρ</span> <span class='ocrx_word' id='word_1_755' title='bbox 3415 3913 3512 3975; x_wconf 85' lang='grc' dir='ltr'>τὰς</span> <span class='ocrx_word' id='word_1_756' title='bbox 3548 3910 3834 3981; x_wconf 85' lang='grc' dir='ltr'>βασιλείας</span> 
     </span>
    </p>
   </div>
   <div class='ocr_carea' id='block_1_97' title="bbox 2246 3998 3828 4073">
    <p class='ocr_par' dir='ltr' id='par_1_97' title="bbox 2246 3998 3828 4073">
     <span class='ocr_line' id='line_1_97' title="bbox 2246 3998 3828 4073; baseline 0.006 -26"><span class='ocrx_word' id='word_1_757' title='bbox 2246 3999 2419 4060; x_wconf 80' lang='grc' dir='ltr'>πάσας</span> <span class='ocrx_word' id='word_1_758' title='bbox 2479 3998 2751 4068; x_wconf 78' lang='grc' dir='ltr'>αἰσθητῶς</span> <span class='ocrx_word' id='word_1_759' title='bbox 2796 4002 2936 4054; x_wconf 83' lang='grc' dir='ltr'>κατὰ</span> <span class='ocrx_word' id='word_1_760' title='bbox 2998 4004 3325 4069; x_wconf 86' lang='grc' dir='ltr'>φαντασίαν,</span> <span class='ocrx_word' id='word_1_761' title='bbox 3389 4004 3488 4073; x_wconf 80' lang='grc' dir='ltr'><strong>οὐχ</strong></span> <span class='ocrx_word' id='word_1_762' title='bbox 3541 4004 3828 4073; x_wconf 73' lang='grc' dir='ltr'>ὑπέκυψι·</span> 
     </span>
    </p>
   </div>
   <div class='ocr_carea' id='block_1_98' title="bbox 2244 4088 3835 4165">
    <p class='ocr_par' dir='ltr' id='par_1_98' title="bbox 2244 4088 3835 4165">
     <span class='ocr_line' id='line_1_98' title="bbox 2244 4088 3835 4165; baseline 0.006 -25"><span class='ocrx_word' id='word_1_763' title='bbox 2244 4088 2420 4141; x_wconf 85' lang='grc' dir='ltr'>καίτοι</span> <span class='ocrx_word' id='word_1_764' title='bbox 2450 4090 2511 4155; x_wconf 77' lang='grc' dir='ltr'>γέ</span> <span class='ocrx_word' id='word_1_765' title='bbox 2544 4107 2687 4153; x_wconf 88' lang='grc' dir='ltr'>τινες</span> <span class='ocrx_word' id='word_1_766' title='bbox 2736 4091 2797 4142; x_wconf 81' lang='grc' dir='ltr'>οὐ</span> <span class='ocrx_word' id='word_1_767' title='bbox 2846 4093 2973 4161; x_wconf 70' lang='grc' dir='ltr'>περὶ</span> <span class='ocrx_word' id='word_1_768' title='bbox 3004 4093 3279 4163; x_wconf 81' lang='grc' dir='ltr'>αἰσθητῶν</span> <span class='ocrx_word' id='word_1_769' title='bbox 3334 4094 3627 4165; x_wconf 78' lang='grc' dir='ltr'>βασιλειῶν</span> <span class='ocrx_word' id='word_1_770' title='bbox 3672 4096 3835 4149; x_wconf 77' lang='grc' dir='ltr'>τοῦτο</span> 
     </span>
    </p>
   </div>
   <div class='ocr_carea' id='block_1_99' title="bbox 2243 4178 3835 4257">
    <p class='ocr_par' dir='ltr' id='par_1_99' title="bbox 2243 4178 3835 4257">
     <span class='ocr_line' id='line_1_99' title="bbox 2243 4178 3835 4257; baseline 0.006 -28"><span class='ocrx_word' id='word_1_771' title='bbox 2243 4178 2491 4247; x_wconf 80' lang='grc' dir='ltr'>ἐνόησαν,</span> <span class='ocrx_word' id='word_1_772' title='bbox 2528 4181 2662 4232; x_wconf 81' lang='grc' dir='ltr'><strong>ἀλλὰ</strong></span> <span class='ocrx_word' id='word_1_773' title='bbox 2694 4182 2821 4249; x_wconf 78' lang='grc' dir='ltr'>περὶ</span> <span class='ocrx_word' id='word_1_774' title='bbox 2844 4184 3146 4251; x_wconf 61' lang='grc' dir='ltr'>νοουμένων</span> <span class='ocrx_word' id='word_1_775' title='bbox 3173 4200 3186 4215; x_wconf 89' lang='grc'>·</span> <span class='ocrx_word' id='word_1_776' title='bbox 3222 4182 3353 4249; x_wconf 75' lang='grc' dir='ltr'>οἷον,</span> <span class='ocrx_word' id='word_1_777' title='bbox 3383 4185 3659 4250; x_wconf 78' lang='grc' dir='ltr'>ὑπέδειξεν</span> <span class='ocrx_word' id='word_1_778' title='bbox 3681 4185 3835 4257; x_wconf 83' lang='grc' dir='ltr'><strong>αὑτῷ</strong></span> 
     </span>
    </p>
   </div>
   <div class='ocr_carea' id='block_1_100' title="bbox 2242 4270 3835 4347">
    <p class='ocr_par' dir='ltr' id='par_1_100' title="bbox 2242 4270 3835 4347">
     <span class='ocr_line' id='line_1_100' title="bbox 2242 4270 3835 4347; baseline 0.005 -25"><span class='ocrx_word' id='word_1_779' title='bbox 2242 4270 2339 4339; x_wconf 81' lang='grc' dir='ltr'>τὴν</span> <span class='ocrx_word' id='word_1_780' title='bbox 2394 4270 2669 4339; x_wconf 80' lang='grc' dir='ltr'>βασιλείαν</span> <span class='ocrx_word' id='word_1_781' title='bbox 2727 4273 2819 4340; x_wconf 80' lang='grc' dir='ltr'>τῆς</span> <span class='ocrx_word' id='word_1_782' title='bbox 2858 4274 3153 4338; x_wconf 81' lang='grc' dir='ltr'>ἀκολασίας</span> <span class='ocrx_word' id='word_1_783' title='bbox 3186 4314 3199 4338; x_wconf 92' lang='grc'><strong>,</strong></span> <span class='ocrx_word' id='word_1_784' title='bbox 3259 4276 3359 4347; x_wconf 83' lang='grc' dir='ltr'><strong>τὴν</strong></span> <span class='ocrx_word' id='word_1_785' title='bbox 3406 4276 3686 4345; x_wconf 84' lang='grc' dir='ltr'>βασιλείαν</span> <span class='ocrx_word' id='word_1_786' title='bbox 3737 4276 3835 4330; x_wconf 79' lang='grc' dir='ltr'>τοῦ</span> 
     </span>
    </p>
   </div>
   <div class='ocr_carea' id='block_1_101' title="bbox 2243 4361 3836 4438">
    <p class='ocr_par' dir='ltr' id='par_1_101' title="bbox 2243 4361 3836 4438">
     <span class='ocr_line' id='line_1_101' title="bbox 2243 4361 3836 4438; baseline 0.006 -26"><span class='ocrx_word' id='word_1_787' title='bbox 2243 4361 2437 4429; x_wconf 84' lang='grc' dir='ltr'>φθόνου</span> <span class='ocrx_word' id='word_1_788' title='bbox 2460 4400 2475 4426; x_wconf 88' lang='grc'><strong>,</strong></span> <span class='ocrx_word' id='word_1_789' title='bbox 2506 4362 2601 4413; x_wconf 73' lang='grc' dir='ltr'>καὶ</span> <span class='ocrx_word' id='word_1_790' title='bbox 2631 4362 2814 4424; x_wconf 80' lang='grc' dir='ltr'>ἁπλῶς</span> <span class='ocrx_word' id='word_1_791' title='bbox 2868 4365 3059 4418; x_wconf 88' lang='grc' dir='ltr'>πασῶν</span> <span class='ocrx_word' id='word_1_792' title='bbox 3089 4366 3197 4423; x_wconf 90' lang='grc' dir='ltr'><strong>τῶν</strong></span> <span class='ocrx_word' id='word_1_793' title='bbox 3228 4368 3517 4437; x_wconf 82' lang='grc' dir='ltr'>ἁμαρτιῶν</span> <span class='ocrx_word' id='word_1_794' title='bbox 3547 4370 3646 4432; x_wconf 79' lang='grc' dir='ltr'>τὰς</span> <span class='ocrx_word' id='word_1_795' title='bbox 3678 4368 3836 4438; x_wconf 62' lang='grc' dir='ltr'>βασις</span> 
     </span>
    </p>
   </div>
   <div class='ocr_carea' id='block_1_102' title="bbox 2243 4453 3828 4529">
    <p class='ocr_par' dir='ltr' id='par_1_102' title="bbox 2243 4453 3828 4529">
     <span class='ocr_line' id='line_1_102' title="bbox 2243 4453 3828 4529; baseline 0.008 -26"><span class='ocrx_word' id='word_1_796' title='bbox 2243 4453 2391 4514; x_wconf 81' lang='grc' dir='ltr'>λείας</span> <span class='ocrx_word' id='word_1_797' title='bbox 2413 4470 2425 4481; x_wconf 87' lang='grc'><strong>·</strong></span> <span class='ocrx_word' id='word_1_798' title='bbox 2457 4457 2549 4505; x_wconf 75' lang='grc' dir='ltr'>καὶ</span> <span class='ocrx_word' id='word_1_799' title='bbox 2590 4454 2793 4508; x_wconf 63' lang='grc' dir='ltr'>ὡσανεὶ</span> <span class='ocrx_word' id='word_1_800' title='bbox 2841 4457 3065 4510; x_wconf 77' lang='grc' dir='ltr'>τοιαῦτα</span> <span class='ocrx_word' id='word_1_801' title='bbox 3112 4458 3297 4526; x_wconf 66' lang='grc' dir='ltr'>ἔλεγεν</span> <span class='ocrx_word' id='word_1_802' title='bbox 3332 4459 3480 4529; x_wconf 86' lang='grc' dir='ltr'><strong>αὑτῷ</strong></span> <span class='ocrx_word' id='word_1_803' title='bbox 3504 4476 3517 4489; x_wconf 75' lang='grc'>⁸</span> <span class='ocrx_word' id='word_1_804' title='bbox 3552 4461 3614 4513; x_wconf 78' lang='lat' dir='ltr'><strong>Et</strong></span> <span class='ocrx_word' id='word_1_805' title='bbox 3649 4461 3828 4524; x_wconf 71' lang='grc' dir='ltr'>θέλεις</span> 
     </span>
    </p>
   </div>
   <div class='ocr_carea' id='block_1_103' title="bbox 2246 4537 3836 4623">
    <p class='ocr_par' dir='ltr' id='par_1_103' title="bbox 2246 4537 3836 4623">
     <span class='ocr_line' id='line_1_103' title="bbox 2246 4537 3836 4623; baseline 0.008 -30"><span class='ocrx_word' id='word_1_806' title='bbox 2246 4543 2561 4611; x_wconf 80' lang='grc' dir='ltr'>βασιλεῦσαι</span> <span class='ocrx_word' id='word_1_807' title='bbox 2594 4537 2796 4597; x_wconf 72' lang='grc' dir='ltr'>τούτων</span> <span class='ocrx_word' id='word_1_808' title='bbox 2815 4546 2923 4599; x_wconf 90' lang='grc' dir='ltr'><strong>τῶν</strong></span> <span class='ocrx_word' id='word_1_809' title='bbox 2952 4548 3159 4616; x_wconf 84' lang='grc' dir='ltr'>παθῶν,</span> <span class='ocrx_word' id='word_1_810' title='bbox 3183 4552 3281 4603; x_wconf 74' lang='grc' dir='ltr'>καὶ</span> <span class='ocrx_word' id='word_1_811' title='bbox 3311 4553 3403 4603; x_wconf 68' lang='grc' dir='ltr'><strong>ἐπὶ</strong></span> <span class='ocrx_word' id='word_1_812' title='bbox 3436 4552 3613 4621; x_wconf 85' lang='grc' dir='ltr'>τούτῳ</span> <span class='ocrx_word' id='word_1_813' title='bbox 3639 4551 3836 4623; x_wconf 71' lang='grc' dir='ltr'>ἐλήλυ-</span> 
     </span>
    </p>
   </div>
   <div class='ocr_carea' id='block_1_104' title="bbox 2245 4634 3833 4715">
    <p class='ocr_par' dir='ltr' id='par_1_104' title="bbox 2245 4634 3833 4715">
     <span class='ocr_line' id='line_1_104' title="bbox 2245 4634 3833 4715; baseline 0.008 -30"><span class='ocrx_word' id='word_1_814' title='bbox 2245 4634 2365 4697; x_wconf 85' lang='grc' dir='ltr'>Θας,</span> <span class='ocrx_word' id='word_1_815' title='bbox 2402 4635 2488 4687; x_wconf 81' lang='grc' dir='ltr'>ἵνα</span> <span class='ocrx_word' id='word_1_816' title='bbox 2536 4637 2667 4697; x_wconf 76' lang='grc' dir='ltr'>τοὺς</span> <span class='ocrx_word' id='word_1_817' title='bbox 2717 4637 2807 4687; x_wconf 81' lang='grc' dir='ltr'><strong>ὑπ’</strong></span> <span class='ocrx_word' id='word_1_818' title='bbox 2855 4636 2991 4707; x_wconf 80' lang='grc' dir='ltr'>ἐμοῦ</span> <span class='ocrx_word' id='word_1_819' title='bbox 3024 4645 3424 4714; x_wconf 79' lang='grc' dir='ltr'>κατεχομένους</span> <span class='ocrx_word' id='word_1_820' title='bbox 3470 4644 3833 4715; x_wconf 76' lang='grc' dir='ltr'>ἀφαρπάσῃς.</span> 
     </span>
    </p>
   </div>
   <div class='ocr_carea' id='block_1_105' title="bbox 2245 4726 3835 4801">
    <p class='ocr_par' dir='ltr' id='par_1_105' title="bbox 2245 4726 3835 4801">
     <span class='ocr_line' id='line_1_105' title="bbox 2245 4726 3835 4801; baseline 0.008 -25"><span class='ocrx_word' id='word_1_821' title='bbox 2245 4726 2425 4778; x_wconf 84' lang='grc' dir='ltr'>πεσὼν</span> <span class='ocrx_word' id='word_1_822' title='bbox 2456 4728 2835 4798; x_wconf 74' lang='grc' dir='ltr'>προσκύνησον</span> <span class='ocrx_word' id='word_1_823' title='bbox 2872 4747 2998 4799; x_wconf 86' lang='grc' dir='ltr'>μοι,</span> <span class='ocrx_word' id='word_1_824' title='bbox 3034 4732 3126 4784; x_wconf 71' lang='grc' dir='ltr'>καὶ</span> <span class='ocrx_word' id='word_1_825' title='bbox 3152 4733 3435 4801; x_wconf 75' lang='grc' dir='ltr'>παράλαϐε</span> <span class='ocrx_word' id='word_1_826' title='bbox 3468 4734 3677 4797; x_wconf 84' lang='grc' dir='ltr'>πάντας</span> <span class='ocrx_word' id='word_1_827' title='bbox 3706 4736 3835 4799; x_wconf 78' lang='grc' dir='ltr'>τοὺς</span> 
     </span>
    </p>
   </div>
   <div class='ocr_carea' id='block_1_106' title="bbox 2247 4817 3835 4895">
    <p class='ocr_par' dir='ltr' id='par_1_106' title="bbox 2247 4817 3835 4895">
     <span class='ocr_line' id='line_1_106' title="bbox 2247 4817 3835 4895; baseline 0.006 -26"><span class='ocrx_word' id='word_1_828' title='bbox 2247 4817 2338 4869; x_wconf 83' lang='grc' dir='ltr'><strong>ὑπ’</strong></span> <span class='ocrx_word' id='word_1_829' title='bbox 2365 4818 2498 4886; x_wconf 77' lang='grc' dir='ltr'>ἐμοῦ</span> <span class='ocrx_word' id='word_1_830' title='bbox 2538 4818 3007 4889; x_wconf 82' lang='grc' dir='ltr'>βασιλευομένους.</span> <span class='ocrx_word' id='word_1_831' title='bbox 3056 4823 3115 4875; x_wconf 90' lang='lat'><strong>&#39;0</strong></span> <span class='ocrx_word' id='word_1_832' title='bbox 3168 4824 3222 4876; x_wconf 79' lang='grc' dir='ltr'>δὲ</span> <span class='ocrx_word' id='word_1_833' title='bbox 3262 4826 3464 4895; x_wconf 85' lang='grc' dir='ltr'>Κύριος</span> <span class='ocrx_word' id='word_1_834' title='bbox 3510 4825 3835 4894; x_wconf 71' lang='grc' dir='ltr'>βασιλεῦσαι</span> 
     </span>
    </p>
   </div>
   <div class='ocr_carea' id='block_1_107' title="bbox 2252 4910 3833 4987">
    <p class='ocr_par' dir='ltr' id='par_1_107' title="bbox 2252 4910 3833 4987">
     <span class='ocr_line' id='line_1_107' title="bbox 2252 4910 3833 4987; baseline 0.007 -26"><span class='ocrx_word' id='word_1_835' title='bbox 2252 4910 2351 4979; x_wconf 80' lang='grc' dir='ltr'>μὲν</span> <span class='ocrx_word' id='word_1_836' title='bbox 2379 4912 2550 4973; x_wconf 53' lang='lat' dir='ltr'><strong>Oilei,</strong></span> <span class='ocrx_word' id='word_1_837' title='bbox 2583 4914 2675 4965; x_wconf 70' lang='grc' dir='ltr'><strong>καὶ</strong></span> <span class='ocrx_word' id='word_1_838' title='bbox 2702 4914 2779 4975; x_wconf 86' lang='grc' dir='ltr'><strong>είς</strong></span> <span class='ocrx_word' id='word_1_839' title='bbox 2824 4913 2982 4966; x_wconf 82' lang='grc' dir='ltr'>τοῦτο</span> <span class='ocrx_word' id='word_1_840' title='bbox 3018 4915 3269 4985; x_wconf 79' lang='grc' dir='ltr'>ἐλήλυθε,</span> <span class='ocrx_word' id='word_1_841' title='bbox 3322 4916 3641 4987; x_wconf 75' lang='grc' dir='ltr'>βασιλεῦσαι</span> <span class='ocrx_word' id='word_1_842' title='bbox 3683 4917 3745 4971; x_wconf 62' lang='grc' dir='ltr'>δὲ</span> <span class='ocrx_word' id='word_1_843' title='bbox 3770 4917 3833 4973; x_wconf 78' lang='grc' dir='ltr'>οὐ</span> 
     </span>
    </p>
   </div>
   <div class='ocr_carea' id='block_1_108' title="bbox 2254 5002 3838 5075">
    <p class='ocr_par' dir='ltr' id='par_1_108' title="bbox 2254 5002 3838 5075">
     <span class='ocr_line' id='line_1_108' title="bbox 2254 5002 3838 5075; baseline 0.01 -25"><span class='ocrx_word' id='word_1_844' title='bbox 2254 5002 2393 5068; x_wconf 84' lang='grc' dir='ltr'>μετὰ</span> <span class='ocrx_word' id='word_1_845' title='bbox 2428 5003 2728 5072; x_wconf 83' lang='grc' dir='ltr'>ἁμαρτίας,</span> <span class='ocrx_word' id='word_1_846' title='bbox 2767 5005 2877 5056; x_wconf 79' lang='grc' dir='ltr'>οὐδ’</span> <span class='ocrx_word' id='word_1_847' title='bbox 2908 5007 3038 5061; x_wconf 75' lang='grc' dir='ltr'>ἄνευ</span> <span class='ocrx_word' id='word_1_848' title='bbox 3064 5008 3276 5075; x_wconf 86' lang='grc' dir='ltr'>ἀγῶνος</span> <span class='ocrx_word' id='word_1_849' title='bbox 3300 5047 3316 5074; x_wconf 84' lang='grc'><strong>,</strong></span> <span class='ocrx_word' id='word_1_850' title='bbox 3368 5008 3503 5062; x_wconf 83' lang='grc' dir='ltr'><strong>ἀλλά</strong></span> <span class='ocrx_word' id='word_1_851' title='bbox 3560 5010 3838 5075; x_wconf 84' lang='grc' dir='ltr'>παλαίσας</span> 
     </span>
    </p>
   </div>
   <div class='ocr_carea' id='block_1_109' title="bbox 2252 5095 3833 5172">
    <p class='ocr_par' dir='ltr' id='par_1_109' title="bbox 2252 5095 3833 5172">
     <span class='ocr_line' id='line_1_109' title="bbox 2252 5095 3833 5172; baseline 0.005 -27"><span class='ocrx_word' id='word_1_852' title='bbox 2252 5095 2347 5148; x_wconf 79' lang='grc' dir='ltr'>καὶ</span> <span class='ocrx_word' id='word_1_853' title='bbox 2377 5096 2631 5163; x_wconf 82' lang='grc' dir='ltr'>νικήσας.</span> <span class='ocrx_word' id='word_1_854' title='bbox 2690 5097 2878 5151; x_wconf 78' lang='grc' dir='ltr'>Ταῦτά</span> <span class='ocrx_word' id='word_1_855' title='bbox 2926 5115 3071 5163; x_wconf 86' lang='grc' dir='ltr'>τινες</span> <span class='ocrx_word' id='word_1_856' title='bbox 3121 5095 3383 5169; x_wconf 66' lang='grc' dir='ltr'>ἐνόησαν·</span> <span class='ocrx_word' id='word_1_857' title='bbox 3424 5102 3533 5172; x_wconf 84' lang='grc' dir='ltr'><strong>ὅτῳ</strong></span> <span class='ocrx_word' id='word_1_858' title='bbox 3565 5102 3623 5155; x_wconf 77' lang='grc' dir='ltr'>δὲ</span> <span class='ocrx_word' id='word_1_859' title='bbox 3655 5102 3833 5171; x_wconf 82' lang='grc' dir='ltr'>φίλον,</span> 
     </span>
    </p>
   </div>
   <div class='ocr_carea' id='block_1_110' title="bbox 2256 5188 3837 5263">
    <p class='ocr_par' dir='ltr' id='par_1_110' title="bbox 2256 5188 3837 5263">
     <span class='ocr_line' id='line_1_110' title="bbox 2256 5188 3837 5263; baseline 0.006 -26"><span class='ocrx_word' id='word_1_860' title='bbox 2256 5188 2647 5257; x_wconf 82' lang='grc' dir='ltr'>παραδεχέσθω</span> <span class='ocrx_word' id='word_1_861' title='bbox 2702 5188 2895 5242; x_wconf 78' lang='grc' dir='ltr'>ταῦτα.</span> <span class='ocrx_word' id='word_1_862' title='bbox 2926 5192 3089 5245; x_wconf 81' lang='grc' dir='ltr'><strong>Ἀλλὰ</strong></span> <span class='ocrx_word' id='word_1_863' title='bbox 3131 5194 3344 5246; x_wconf 73' lang='grc' dir='ltr'>καὶτὸν</span> <span class='ocrx_word' id='word_1_864' title='bbox 3374 5196 3474 5263; x_wconf 80' lang='grc' dir='ltr'>τῆς</span> <span class='ocrx_word' id='word_1_865' title='bbox 3526 5195 3837 5263; x_wconf 81' lang='grc' dir='ltr'>φιλοδοξίας</span> 
     </span>
    </p>
   </div>
   <div class='ocr_carea' id='block_1_111' title="bbox 2252 5280 3831 5357">
    <p class='ocr_par' dir='ltr' id='par_1_111' title="bbox 2252 5280 3831 5357">
     <span class='ocr_line' id='line_1_111' title="bbox 2252 5280 3831 5357; baseline 0.006 -27"><span class='ocrx_word' id='word_1_866' title='bbox 2252 5280 2663 5349; x_wconf 83' lang='grc' dir='ltr'>ἀπεκρούσατο,</span> <span class='ocrx_word' id='word_1_867' title='bbox 2706 5282 2791 5334; x_wconf 82' lang='grc' dir='ltr'><strong>διὰ</strong></span> <span class='ocrx_word' id='word_1_868' title='bbox 2826 5282 2919 5335; x_wconf 78' lang='grc' dir='ltr'>τοῦ</span> <span class='ocrx_word' id='word_1_869' title='bbox 2968 5284 3028 5335; x_wconf 74' lang='grc' dir='ltr'>τὸ</span> <span class='ocrx_word' id='word_1_870' title='bbox 3088 5286 3362 5354; x_wconf 81' lang='grc' dir='ltr'>γραφικὺν</span> <span class='ocrx_word' id='word_1_871' title='bbox 3416 5288 3590 5340; x_wconf 74' lang='grc' dir='ltr'>εἰπεῖν</span> <span class='ocrx_word' id='word_1_872' title='bbox 3644 5289 3831 5357; x_wconf 79' lang='grc' dir='ltr'>ῥητόν.</span> 
     </span>
    </p>
   </div>
   <div class='ocr_carea' id='block_1_112' title="bbox 2251 5370 3836 5448">
    <p class='ocr_par' dir='ltr' id='par_1_112' title="bbox 2251 5370 3836 5448">
     <span class='ocr_line' id='line_1_112' title="bbox 2251 5370 3836 5448; baseline 0.005 -25"><span class='ocrx_word' id='word_1_873' title='bbox 2251 5372 2463 5437; x_wconf 77' lang='grc' dir='ltr'><strong>Ἐξελοῦ</strong></span> <span class='ocrx_word' id='word_1_874' title='bbox 2490 5370 2690 5442; x_wconf 64' lang='grc' dir='ltr'>οὖνξκαὶ</span> <span class='ocrx_word' id='word_1_875' title='bbox 2708 5376 2873 5443; x_wconf 79' lang='grc' dir='ltr'>ἡμᾶς,</span> <span class='ocrx_word' id='word_1_876' title='bbox 2896 5375 3084 5444; x_wconf 86' lang='grc' dir='ltr'>Κύριε,</span> <span class='ocrx_word' id='word_1_877' title='bbox 3107 5376 3312 5430; x_wconf 87' lang='grc' dir='ltr'>τούτων</span> <span class='ocrx_word' id='word_1_878' title='bbox 3332 5381 3437 5431; x_wconf 87' lang='grc' dir='ltr'><strong>τῶν</strong></span> <span class='ocrx_word' id='word_1_879' title='bbox 3459 5377 3628 5448; x_wconf 87' lang='grc' dir='ltr'>τριῶν</span> <span class='ocrx_word' id='word_1_880' title='bbox 3662 5396 3836 5447; x_wconf 74' lang='grc' dir='ltr'>κιφα-</span> 
     </span>
    </p>
   </div>
   <div class='ocr_carea' id='block_1_113' title="bbox 2251 5464 3833 5542">
    <p class='ocr_par' dir='ltr' id='par_1_113' title="bbox 2251 5464 3833 5542">
     <span class='ocr_line' id='line_1_113' title="bbox 2251 5464 3833 5542; baseline 0.006 -27"><span class='ocrx_word' id='word_1_881' title='bbox 2251 5464 2356 5518; x_wconf 90' lang='grc' dir='ltr'><strong>λῶν</strong></span> <span class='ocrx_word' id='word_1_882' title='bbox 2390 5466 2482 5519; x_wconf 81' lang='grc' dir='ltr'>τοῦ</span> <span class='ocrx_word' id='word_1_883' title='bbox 2528 5466 2834 5533; x_wconf 86' lang='grc' dir='ltr'>δράκοντος.</span> <span class='ocrx_word' id='word_1_884' title='bbox 2900 5468 3238 5539; x_wconf 67' lang='grc' dir='ltr'>Ὑπέστρεψε</span> <span class='ocrx_word' id='word_1_885' title='bbox 3277 5472 3334 5523; x_wconf 79' lang='grc' dir='ltr'>δὲ</span> <span class='ocrx_word' id='word_1_886' title='bbox 3376 5472 3404 5523; x_wconf 84' lang='lat'><strong>6</strong></span> <span class='ocrx_word' id='word_1_887' title='bbox 3430 5470 3639 5542; x_wconf 78' lang='grc' dir='ltr'>Ἰησοῦς</span> <span class='ocrx_word' id='word_1_888' title='bbox 3667 5473 3724 5524; x_wconf 75' lang='grc' dir='ltr'>ὲν</span> <span class='ocrx_word' id='word_1_889' title='bbox 3768 5474 3833 5539; x_wconf 75' lang='grc' dir='ltr'><strong>τῇ</strong></span> 
     </span>
    </p>
   </div>
   <div class='ocr_carea' id='block_1_114' title="bbox 2250 5556 3835 5628">
    <p class='ocr_par' dir='ltr' id='par_1_114' title="bbox 2250 5556 3835 5628">
     <span class='ocr_line' id='line_1_114' title="bbox 2250 5556 3835 5628; baseline 0.004 -19"><span class='ocrx_word' id='word_1_890' title='bbox 2250 5556 2475 5625; x_wconf 84' lang='grc' dir='ltr'>δυνάμει</span> <span class='ocrx_word' id='word_1_891' title='bbox 2515 5558 2609 5609; x_wconf 74' lang='grc' dir='ltr'>τοῦ</span> <span class='ocrx_word' id='word_1_892' title='bbox 2644 5560 2983 5627; x_wconf 79' lang='grc' dir='ltr'>πνεύματος’</span> <span class='ocrx_word' id='word_1_893' title='bbox 3019 5559 3166 5612; x_wconf 86' lang='grc' dir='ltr'>δοκεῖ</span> <span class='ocrx_word' id='word_1_894' title='bbox 3219 5578 3307 5628; x_wconf 84' lang='grc' dir='ltr'><strong>μοι</strong></span> <span class='ocrx_word' id='word_1_895' title='bbox 3345 5562 3426 5614; x_wconf 81' lang='grc' dir='ltr'>ὃτι</span> <span class='ocrx_word' id='word_1_896' title='bbox 3480 5561 3779 5616; x_wconf 72' lang='grc' dir='ltr'>ἐνθουσιῶν</span> <span class='ocrx_word' id='word_1_897' title='bbox 3807 5564 3835 5615; x_wconf 83' lang='grc'>6</span> 
     </span>
    </p>
   </div>
   <div class='ocr_carea' id='block_1_115' title="bbox 2264 5647 3837 5725">
    <p class='ocr_par' dir='ltr' id='par_1_115' title="bbox 2264 5647 3837 5725">
     <span class='ocr_line' id='line_1_115' title="bbox 2264 5647 3837 5725; baseline 0.008 -26"><span class='ocrx_word' id='word_1_898' title='bbox 2264 5647 2471 5717; x_wconf 83' lang='grc' dir='ltr'>Ἰησοῦς</span> <span class='ocrx_word' id='word_1_899' title='bbox 2498 5650 2867 5719; x_wconf 65' lang='grc' dir='ltr'>ὑπέστρεψεν·</span> <span class='ocrx_word' id='word_1_900' title='bbox 2904 5652 3063 5703; x_wconf 81' lang='grc' dir='ltr'>τοῦτο</span> <span class='ocrx_word' id='word_1_901' title='bbox 3102 5652 3207 5722; x_wconf 87' lang='grc' dir='ltr'><strong>γάρ</strong></span> <span class='ocrx_word' id='word_1_902' title='bbox 3240 5655 3354 5706; x_wconf 75' lang='grc' dir='ltr'>ἐστι</span> <span class='ocrx_word' id='word_1_903' title='bbox 3386 5654 3470 5720; x_wconf 79' lang='grc' dir='ltr'>τὸ,</span> <span class='ocrx_word' id='word_1_904' title='bbox 3502 5658 3563 5708; x_wconf 76' lang='grc' dir='ltr'>ὲν</span> <span class='ocrx_word' id='word_1_905' title='bbox 3582 5659 3649 5725; x_wconf 80' lang='grc' dir='ltr'><strong>τῇ</strong></span> <span class='ocrx_word' id='word_1_906' title='bbox 3678 5656 3837 5711; x_wconf 82' lang='grc' dir='ltr'>δυνά-</span> 
     </span>
    </p>
   </div>
   <div class='ocr_carea' id='block_1_116' title="bbox 2256 5739 3835 5818">
    <p class='ocr_par' dir='ltr' id='par_1_116' title="bbox 2256 5739 3835 5818">
     <span class='ocr_line' id='line_1_116' title="bbox 2256 5739 3835 5818; baseline 0.008 -31"><span class='ocrx_word' id='word_1_907' title='bbox 2256 5756 2343 5807; x_wconf 80' lang='grc' dir='ltr'><strong>μει</strong></span> <span class='ocrx_word' id='word_1_908' title='bbox 2366 5739 2461 5791; x_wconf 80' lang='grc' dir='ltr'>τοῦ</span> <span class='ocrx_word' id='word_1_909' title='bbox 2496 5740 2831 5809; x_wconf 74' lang='grc' dir='ltr'><strong>πνεύματος⁹</strong></span> <span class='ocrx_word' id='word_1_910' title='bbox 2878 5744 3017 5812; x_wconf 81' lang='grc' dir='ltr'>τάχα</span> <span class='ocrx_word' id='word_1_911' title='bbox 3046 5744 3100 5797; x_wconf 77' lang='grc' dir='ltr'>δὲ</span> <span class='ocrx_word' id='word_1_912' title='bbox 3132 5746 3371 5815; x_wconf 76' lang='grc' dir='ltr'>πρόσχες</span> <span class='ocrx_word' id='word_1_913' title='bbox 3399 5750 3465 5818; x_wconf 77' lang='grc' dir='ltr'>τῇ</span> <span class='ocrx_word' id='word_1_914' title='bbox 3506 5747 3726 5818; x_wconf 74' lang='grc' dir='ltr'>Γραφῇ.</span> <span class='ocrx_word' id='word_1_915' title='bbox 3755 5747 3835 5801; x_wconf 77' lang='grc' dir='ltr'><strong>δτι</strong></span> 
     </span>
    </p>
   </div>
   <div class='ocr_carea' id='block_1_117' title="bbox 2258 5832 3837 5910">
    <p class='ocr_par' dir='ltr' id='par_1_117' title="bbox 2258 5832 3837 5910">
     <span class='ocr_line' id='line_1_117' title="bbox 2258 5832 3837 5910; baseline 0.009 -28"><span class='ocrx_word' id='word_1_916' title='bbox 2258 5832 2372 5898; x_wconf 78' lang='grc' dir='ltr'>μεθ’</span> <span class='ocrx_word' id='word_1_917' title='bbox 2404 5832 2670 5900; x_wconf 72' lang='grc' dir='ltr'>ὃὲνεκησε</span> <span class='ocrx_word' id='word_1_918' title='bbox 2700 5834 2791 5885; x_wconf 83' lang='grc' dir='ltr'>τὸν</span> <span class='ocrx_word' id='word_1_919' title='bbox 2820 5838 3169 5905; x_wconf 74' lang='grc' dir='ltr'>πειράζοντα,</span> <span class='ocrx_word' id='word_1_920' title='bbox 3206 5841 3299 5891; x_wconf 75' lang='grc' dir='ltr'>καὶ</span> <span class='ocrx_word' id='word_1_921' title='bbox 3332 5839 3503 5906; x_wconf 77' lang='grc' dir='ltr'>ἔδειξε</span> <span class='ocrx_word' id='word_1_922' title='bbox 3540 5842 3641 5910; x_wconf 72' lang='grc' dir='ltr'>τὴν</span> <span class='ocrx_word' id='word_1_923' title='bbox 3680 5839 3837 5895; x_wconf 60' lang='grc' dir='ltr'>δινα-</span> 
     </span>
    </p>
   </div>
   <div class='ocr_carea' id='block_1_118' title="bbox 2260 5921 3831 6001">
    <p class='ocr_par' dir='ltr' id='par_1_118' title="bbox 2260 5921 3831 6001">
     <span class='ocr_line' id='line_1_118' title="bbox 2260 5921 3831 6001; baseline 0.008 -29"><span class='ocrx_word' id='word_1_924' title='bbox 2260 5938 2347 5990; x_wconf 89' lang='grc' dir='ltr'><strong>μιν</strong></span> <span class='ocrx_word' id='word_1_925' title='bbox 2379 5921 2568 5989; x_wconf 81' lang='grc' dir='ltr'>αὑτοῦ,</span> <span class='ocrx_word' id='word_1_926' title='bbox 2606 5924 2723 5975; x_wconf 79' lang='grc' dir='ltr'>τότε</span> <span class='ocrx_word' id='word_1_927' title='bbox 2772 5926 3085 5998; x_wconf 84' lang='grc' dir='ltr'>γέγραπται</span> <span class='ocrx_word' id='word_1_928' title='bbox 3131 5929 3209 5994; x_wconf 80' lang='grc' dir='ltr'>τὸ,</span> <span class='ocrx_word' id='word_1_929' title='bbox 3249 5932 3306 5983; x_wconf 81' lang='grc' dir='ltr'>ἐν</span> <span class='ocrx_word' id='word_1_930' title='bbox 3359 5932 3425 6001; x_wconf 79' lang='grc' dir='ltr'>τῇ</span> <span class='ocrx_word' id='word_1_931' title='bbox 3483 5930 3711 6001; x_wconf 76' lang='grc' dir='ltr'>δυνάμει</span> <span class='ocrx_word' id='word_1_932' title='bbox 3740 5929 3831 5985; x_wconf 66' lang='grc' dir='ltr'>τοῦ</span> 
     </span>
    </p>
   </div>
  </div>
