4028 6458
199 557 296 620 ’169

932 547 1384 610 ENARRATIO
1424 544 1502 606 ΙΝ
1549 540 1798 603 EVANG

1911 536 2055 598 [ΗΜ
2103 532 2319 595 LUC/ll.
2375 557 2438 566 -
2470 531 2637 591 CAP.
2666 530 2758 587 1V.

3396 522 3504 586 750

198 669 537 737 πνεύματος·
584 668 645 719 τὸ
685 666 761 731 δέ,
814 665 1027 731 ἀπέστη
1061 663 1154 717 ἀπ’
1203 661 1369 715 αὐτοῦ
1404 661 1532 729 ἄχρι
1568 655 1787 727 καιροῦ,

1910 653 2062 708 :essit
2103 663 2234 705 vero
2264 662 2436 717 usque
2480 648 2546 699 ad
2596 654 2833 712 tempus.
2869 638 3051 694 crucis
3086 635 3318 698 scilicet.
3374 646 3500 691 tune

198 762 437 815 τοῖοῦτον
469 761 582 829 ἔχει
610 757 757 809 νοῦν.
806 756 869 806 Ὀ
898 753 1144 826 διάδολος
1165 752 1251 805 διὰ
1274 751 1368 803 δύο
1399 749 1591 801 παθῶν
1623 763 1795 817 προσ-

201 852 478 923 ϐάλλειτῴ
506 848 721 919 Κυρίῳ,
752 848 947 917 ἡδονῆς
986 845 1083 899 καὶ
1113 845 1293 913 λύπης
1316 862 1329 875 ·

1911 746 2059 798 illmn
2092 759 2187 813 per
2210 742 2438 795 adversa
2474 752 2538 792 ac
2572 737 2703 791 dura
2734 743 3068 787 tentaturus.

1382 844 1613 913 καὶγὰρ
1643 840 1953 912 προσέϐαλε
2015 841 2092 910 τῷ
2152 838 2346 909 Κυρίῳ
2380 836 2469 890 διὰ
2527 832 2746 905 ἡδονῆς,
2808 829 2999 899 ὥσπερ
3034 828 3129 886 ἐπὶ
3182 825 3279 882 τοῦ
3318 827 3502 897 ὄρους’

199 948 409 1016 ἀπέστη
442 946 487 997 δ’
529 942 625 996 ἀπ’
652 938 840 1003 αὑτοῦ,
877 939 1008 1009 ἄχρι
1049 938 1268 1009 καιροῦ,
1326 938 1607 990 τουτέστιν
1663 936 1790 1005 ἄχρι
1830 934 1924 986 τοῦ
1957 932 2162 1003 «καιροῦ
2223 929 2322 983 τοῦ
2381 927 2651 1000 σταυροῦ·
2680 925 2805 977 τότε
2835 925 2945 993 γὰρ
2992 923 3325 994 προσϐαλεῖν
3356 923 3503 995 αὐτῷ

198 1042 281 1095 διὰ
313 1040 494 1107 λύπης
528 1036 775 1106 ἔμελλεν.

271 1157 289 1190 ι
332 1135 446 1189 Καὶ
488 1129 653 1204 ἦλθεν
685 1134 762 1195 είς
795 1132 895 1201 τὴν
944 1128 1223 1201 Ναζαρὲτ,
1263 1124 1326 1181 οῦ
1357 1124 1425 1198 ἦν
1473 1126 1794 1195 τεθραμμέ-

200 1246 305 1291 νος,
340 1227 439 1279 καὶ⁸
492 1225 715 1293 εἰσῆλθε
763 1224 905 1277 κατὰ
935 1222 998 1275 τὸ
1023 1221 1219 1285 εἰωθὸς
1249 1219 1400 1290 αὐτῷ
1432 1221 1487 1271 ἐν
1518 1223 1583 1289 τῇ
1614 1219 1798 1288 ἡμέρᾳ

199 1320 303 1372 τῶν
352 1315 693 1377 Σαδδάτων,
739 1316 819 1377 εἰς
860 1316 962 1383 τὴν
1015 1312 1393 1380 Συναγωγὴν,
1447 1312 1541 1363 καὶ
1593 1313 1795 1379 ἀνέστη

199 1409 532 1477 ἀναγνῶναι,
582 1406 677 1460 καὶ
726 1404 960 1475 ἐπεδόθη
988 1404 1137 1474 αὐτῷ
1174 1403 1379 1474 βιϐλίον
1449 1402 1667 1455 Ἡσαΐου
1700 1400 1796 1454 τοῦ

201 1502 484 1571 προφήτου
509 1516 522 1529 ·
559 1500 654 1552 καὶ
706 1498 1023 1563 ἀναπτύξας
1056 1498 1115 1549 τὸ
1151 1494 1381 1566 βιόλίον,
1421 1488 1549 1563 εὗρε
1581 1494 1673 1546 τὸν
1705 1494 1797 1544 τό·

200 1610 300 1647 πον
342 1586 403 1646 οὗ
436 1588 503 1661 ἧν
542 1591 935 1660 γεγραμμένον
961 1606 973 1618 ο
1013 1587 1240 1657 Πνεῦμα
1284 1585 1494 1657 Κυρίου
1544 1585 1629 1639 ἐπ’
1680 1586 1802 1652 ἐμὲ,

197 1676 261 1738 οὗ
302 1683 490 1735 ἕνεκεν
534 1680 724 1749 ἐχρισέ
765 1696 832 1747 με
864 1720 876 1743 ,
911 1678 1369 1747 εὐαγγελίσασθαι
1420 1680 1653 1747 πτωχοῖς
1694 1679 1801 1731 ἀπ-

200 1775 429 1829 έσταλκέ
464 1790 553 1843 με·
582 1773 837 1826 ἰάσασθαι
861 1773 987 1833 τοὺς
1016 1772 1511 1843 συντετριμμένους
1545 1774 1640 1841 τὴν
1665 1788 1803 1840 καρ-

1981 1121 2144 1173 Vsns.
2184 1117 2371 1171 ltili.
2418 1135 2433 1167 ι
2470 1114 2536 1169 Ει
2571 1116 2717 1168 venit
2773 1113 3066 1178 Nazaretli,
3111 1113 3201 1167 ubi
3251 1124 3369 1169 erat
3404 1130 3505 1168 nu-

1910 1212 2071 1264 tritus
2104 1227 2117 1263 :
2154 1218 2207 1262 et
2237 1205 2461 1260 intravit
2513 1206 2815 1258 secundum
2866 1198 3317 1257 consuetudinem
3347 1206 3500 1255 suam

1906 1305 1996 1357 die
2034 1301 2401 1356 Sabbatorum
2432 1299 2487 1353 in
2521 1297 2887 1368 Synagrigam,
2917 1305 2973 1351 et
2999 1295 3233 1348 surrexit
3269 1302 3327 1347 ut
3355 1293 3504 1362 lege-

1906 1405 2010 1451 ret.
2043 1394 2110 1449 Et
2136 1393 2369 1448 traditus
2403 1400 2489 1446 est
2525 1392 2599 1444 illi
2647 1391 2785 1444 liber
2814 1389 2965 1443 Isaiae
3015 1388 3295 1458 prophetae
3325 1402 3339 1441 :
3369 1398 3421 1443 et
3447 1399 3506 1442 ut

1904 1487 2167 1558 eXplicuit
2197 1486 2419 1550 librum,
2451 1484 2665 1538 invenit
2713 1483 2892 1536 locum
2932 1482 3018 1536 ubi
3052 1484 3317 1552 scripturn
3346 1480 3502 1537 eiut:

1910 1583 2149 1652 Spiritus
2209 1579 2420 1633 Domini
2465 1593 2628 1646 super
2679 1591 2785 1637 me,
2840 1585 3130 1644 propterea
3169 1576 3313 1643 quod
3350 1576 3505 1630 unxit

1908 1691 2033 1739 me,
2077 1671 2148 1727 ad
2192 1670 2678 1739 evangelizandutn
2731 1669 3061 1737 pauperibus
3106 1668 3253 1720 misit
3292 1682 3409 1731 me,
3448 1678 3507 1720 ut

1908 1782 2094 1821 sanem
2132 1764 2398 1819 contritos
2423 1762 2609 1826 corde,
2646 1772 2704 1814 ut
2732 1762 3015 1827 prsidii-ein
3042 1760 3275 1829 captivis
3314 1761 3505 1814 remis-

200 1866 360 1920 δίανο
418 1865 656 1935 κηρύξαι
717 1862 1089 1935 αἰχμαλώτοις
1140 1864 1379 1933 ἄφεσιν,
1432 1864 1527 1917 καὶ
1579 1862 1800 1931 τυφλοῖς

1910 1858 2139 1921 sionem,
2178 1865 2232 1910 et
2259 1855 2419 1910 caacis
2459 1854 2656 1914 visum,
2705 1860 2761 1905 ut
2789 1853 3033 1904 t-initlam
3072 1851 3379 1905 confractus
3411 1864 3507 1918 per

200 1956 530 2025 ἀνάϐλεψιν
586 1956 909 2008 ἀποστεῖλαι
968 1954 1416 2025 τεθραυσμένους
1458 1956 1515 2006 ἐν
1565 1954 1797 2022 ἀφέσει*

207 2047 445 2119 κηρύξαι
500 2048 748 2100 ἐνιαυτὸν
806 2047 1016 2118 Κυρίου
1074 2049 1282 2101 δεκτόν.
1342 2049 1452 2101 Kal
1504 2046 1713 2112 πτύξας
1742 2044 1804 2097 τὸ

203 2141 428 2211 βιϐλίον,
470 2141 705 2203 ἀποδοὺς
739 2140 818 2211 τῷ
846 2139 1121 2212 ὑπηρέτῃ,
1152 2141 1379 2194 ἐκάθισε
1412 2156 1424 2168 ’
1463 2140 1559 2195 καὶ
1585 2141 1803 2193 πάντων

200 2234 249 2285 οἱ
282 2232 559 2303 ὀφθαλμώ⁵
587 2236 646 2286 ἐν
666 2236 732 2303 τῇ
761 2234 1063 2303 Συναγωγῇ
1085 2228 1227 2303 ἦσαν
1257 2233 1599 2296 ἀτενίζοντες
1628 2230 1799 2299 αύτῷ.

203 2326 450 2395 Ἤρξατο
479 2326 535 2379 δὲ
566 2326 749 2393 λέγειν
781 2326 919 2396 πρὸς
950 2327 1172 2389 αὐτοὺς,
1198 2326 1277 2379 ὅτι
1304 2325 1552 2395 Σήμερον
1593 2324 1803 2393 πεπλή-

204 2434 375 2488 ρωται
401 2420 434 2487 ἡ
465 2418 657 2491 Γραφὴ
682 2417 821 2487 αὕτη
840 2420 899 2469 ἐν
927 2420 1039 2481 τοῖς
1066 2417 1199 2469 ὠσὶν
1226 2417 1401 2487 ὑμῶν.
1440 2436 1459 2467 ›
1510 2415 1804 2469 Ἠϐούλετο

204 2508 307 2579 μὲν
334 2510 363 2562 6
387 2508 594 2582 Κύριος
625 2510 842 2579 ἐμφανῆ
868 2509 1061 2561 ἐαυτὸν
1101 2510 1442 2578 καταστῆσαι
1475 2509 1587 2571 τοῖς
1624 2509 1802 2578 Ἰσρα-

202 2602 439 2673 ηλίταις,
472 2602 567 2655 καὶ
600 2603 683 2656 ὃτι
727 2601 877 2673 παρὰ
909 2601 1005 2655 τοῦ
1037 2600 1172 2653 Θεοῦ
1200 2601 1291 2654 καὶ
1332 2601 1544 2670 Πατρὸς
1573 2599 1802 2671 ἐχρίσθη

201 2694 285 2756 εἰς
306 2693 368 2747 τὸ
393 2692 567 2747 σῶσαι
611 2693 739 2758 τοὺς
773 2692 864 2746 ὑπ’
917 2692 1171 2763 οὐρανόν.
1232 2692 1567 2762 Θαυμασίως
1606 2693 1663 2746 δέ
1708 2694 1805 2746 καὶ

200 2784 364 2840 τοῦτο
399 2787 696 2853 οίκονομεῖ.
756 2787 870 2855 11ρὸ
920 2786 1029 2837 τῶν
1086 2785 1260 2838 ἄλλων
1314 2789 1427 2848 τοῖς
1460 2788 1518 2839 ἐν
1548 2785 1803 2856 Ναζαρὲτ

201 2878 399 2932 ἑαυτὸν
452 2876 795 2947 ἐμφανίζων,
828 2874 912 2942 οἷς
946 2878 1327 2949 συνανετράφη
1353 2894 1367 2909 ⁸
1410 2879 1496 2932 ἵνα
1528 2880 1621 2932 καὶ
1656 2880 1802 2949 ἡμᾶς

200 2969 415 3041 διδάξῃ,
459 2970 727 3039 πρότερον
757 2970 885 3032 τοὺς
912 2970 1149 3035 οίκείους
1191 2972 1530 3041 εὐεργετεῖν,
1556 2971 1653 3023 καὶ
1681 2970 1804 3023 τού-

201 3078 331 3125 τους
360 3061 719 3127 ἐκδιδάσκειν,
753 3058 873 3116 εἶτα
900 3063 993 3114 καὶ
1024 3063 1105 3125 εἰς
1142 3064 1270 3126 τοὺς
1295 3064 1517 3128 λοιποὺς
1545 3067 1643 3133 τὴν
1682 3064 1802 3133 φιλ-

202 3151 526 3222 ανθρωπίαν
594 3154 830 3222 ἐκχέειν.
901 3152 1178 3207 Ἐπιδοθὲν
1242 3155 1301 3208 δὲ
1381 3156 1532 3228 αὐτῷ
1598 3156 1801 3227 βιϐλίον

1907 1948 2309 2010 remissionem,
2337 1956 2393 2001 ut
2412 1946 2703 2015 prmdicem
2732 1958 2933 1997 annum
2954 1943 3168 1996 Domini
3195 1952 3501 2013 acceptum.

1910 2041 1972 2094 ιςι
2004 2041 2335 2110 complicato
2379 2040 2517 2106 libro
2570 2037 2807 2091 reddidit
2858 2038 3133 2104 ministro,
3183 2052 3249 2091 ac
3279 2036 3502 2091 resedit.

1904 2132 1973 2186 Et
2011 2134 2252 2187 omnium
2289 2134 2339 2186 in
2380 2130 2664 2202 Synagoga
2702 2130 2842 2183 oculi
2879 2139 3036 2183 erant
3068 2129 3230 2184 defixi
3270 2131 3321 2183 in
3356 2144 3502 2183 eum.

1904 2224 2082 2294 C(Bpll
2113 2236 2295 2279 autem
2328 2226 2512 2279 dicere
2544 2225 2609 2279 ad
2642 2224 2761 2277 illos
2787 2238 2801 2275 :
2828 2222 3000 2278 Hodie
3027 2225 3245 2290 impleta
3283 2233 3367 2277 est
3392 2224 3505 2278 hinc

1906 2320 2190 2387 Scriptura
2255 2319 2305 2370 in
2359 2319 2583 2371 auribus
2648 2318 2866 2371 vestris.
2915 2337 2934 2369 ι
2988 2315 3222 2372 Volebat
3282 2317 3501 2387 quidem

1904 2411 2063 2467 Jesus
2114 2412 2461 2465 manifestum
2500 2426 2560 2465 se
2591 2410 2816 2465 reddere
2871 2410 3157 2476 lsraelitis,
3192 2420 3248 2464 et
3293 2411 3437 2480 quod
3473 2426 3503 2463 a

1908 2508 2115 2563 Deo'ac
2148 2506 2313 2560 Palre
2346 2515 2546 2563 unctus
2584 2508 2650 2562 sit
2679 2518 2734 2562 ut
2766 2508 2938 2564 salvet
2966 2523 3060 2563 eos
3092 2510 3185 2578 qui
3228 2508 3331 2562 sub
3366 2508 3505 2565 caelo

1908 2608 2054 2652 sunt.
2083 2596 2216 2651 Cum
2252 2613 2442 2671 magna
2476 2600 2840 2654 admiratione
2872 2608 2925 2655 et
2958 2601 3061 2655 hoc
3080 2602 3209 2671 agit.
3240 2599 3359 2656 Pra:
3382 2602 3505 2657 aliis

1908 2701 2087 2745 autem
2136 2707 2194 2746 se
2241 2691 2538 2747 Nazarenis
2594 2710 2713 2747 cum
2772 2694 2973 2765 quibus
3037 2697 3500 2778 cciiversabatpr,

1910 2784 2222 2839 manifestat
2256 2804 2267 2838 :
2302 2795 2359 2838 ut
2390 2794 2443 2839 et
2476 2800 2573 2839 nos
2625 2785 2839 2851 doceat,
2883 2786 3118 2854 primum
3167 2796 3219 2841 et
3269 2790 3505 2857 prepriis

1909 2870 2257 2940 benefacere,
2309 2890 2474 2947 atque
2521 2878 2643 2933 illos
2699 2878 2921 2944 docere,
2962 2888 3019 2933 et
3058 2888 3245 2949 postea
3281 2880 3333 2933 in
3370 2879 3507 2937 alios

1909 2978 2124 3032 quoque
2178 2964 2568 3047 benignitatem
2607 2965 3021 3021 transfundere.
3057 2965 3231 3023 Porro
3260 2967 3505 3023 oblatum

1907 3056 2011 3111 sibi
2033 3056 2227 3111 librum
2257 3058 2489 3124 aperuit,
2518 3074 2583 3113 ac
2608 3059 2836 3123 invenit,
2856 3075 2964 3113 non
2990 3060 3129 3128 quod
3154 3056 3296 3115 forte
3317 3074 3509 3115 occur-

1909 3150 2001 3214 rit,
2026 3148 2190 3219 300
2218 3153 2310 3203 sed
2338 3151 2478 3219 quod
2529 3152 2644 3220 ipse
2692 3152 2880 3207 voluit.
2927 3152 3008 3208 Ne
3041 3153 3187 3207 enim
3219 3154 3505 3210 existimes

203 3244 496 3311 ἀνέπτυξε,
539 3248 635 3298 καὶ
676 3238 857 3311 εὗρεν,
896 3246 995 3314 ούχ
1024 3246 1052 3298 ὃ
1081 3248 1411 3317 παρέτυχεν,
1446 3248 1562 3300 ἀλλ’
1585 3248 1613 3301 ὃ
1648 3247 1802 3317 ὴὸού·

1911 3241 2050 3297 forte
2087 3252 2277 3311 aperto
2327 3243 2467 3297 libro
2504 3244 2762 3299 incidisse
2797 3260 2921 3299 eum
2960 3247 3012 3299 in
3057 3245 3208 3299 illum
3244 3246 3419 3301 locum
3450 3249 3503 3303 ln

202 3336 331 3389 λετο
384 3337 568 3400 αὐτός.
613 3337 703 3395 Μὴ
742 3337 849 3407 γὰρ
900 3336 1109 3407 νόμιζε,
1166 3340 1248 3392 ὅτι
1303 3339 1445 3392 κατὰ
1510 3340 1802 3411 συντυχίαν

202 3428 521 3494 ἀνοίξαντος
546 3430 711 3481 αὑτοῦ
741 3430 802 3481 τὸ
834 3429 1064 3499 βιόλίον,
1098 3431 1297 3502 εὑρέθη
1324 3434 1351 3485 6
1370 3433 1535 3496 τόπος
1570 3437 1797 3499 ἐκεῖνος,

201 3516 267 3577 οὗ
303 3524 618 3595 ἐγέγραπτο
648 3522 715 3576 τὰ
741 3525 868 3594 περὶ
901 3523 1070 3578 αὑτοῦ
1093 3542 1106 3555 ·
1136 3526 1252 3579 ἀλλ’
1276 3526 1443 3579 αύτοῦ
1475 3526 1804 3598 θελήσαντος

203 3613 368 3666 τοῦτο
393 3615 633 3681 ἐγένετο.
662 3615 727 3667 Τί
746 3614 798 3668 δέ
819 3616 1167 3686 ἐγέγραπτο;
1193 3618 1316 3669 ’Ότι
1352 3616 1569 3687 πνεῦμα
1597 3618 1803 3687 Κυρίου

205 3704 396 3775 ἐχρισέ
420 3723 511 3776 με,
531 3706 832 3771 τουτέστιν,
858 3709 1132 3778 ἀφιέρωσέ
1165 3728 1253 3779 με.
1280 3710 1602 3779 Κατέστησέ
1628 3729 1694 3780 με
1726 3714 1805 3774 εἰς

203 3801 269 3852 τὸ
298 3798 764 3867 εὐαγγελίσασθαι
787 3805 899 3864 τοῖς
926 3807 1189 3874 πτωχοῖς,
1222 3804 1472 3856 τουτέστι
1517 3806 1628 3868 τοῖς
1658 3804 1804 3856 ἔθνε-

206 3909 298 3945 σιν
323 3933 338 3958 ,
377 3892 414 3944 ἃ
444 3891 568 3945 οῦτε
604 3894 786 3962 νόμον,
824 3893 949 3948 οῦτε
1002 3898 1291 3967 προφήτας
1341 3897 1556 3967 ἔχοντα,
1584 3898 1662 3967 τῷ
1691 3898 1804 3952 δντι

208 3985 273 4037 ἐν
304 3982 473 4054 πολλῇ
511 3984 756 4054 πτωχείᾳ
802 3980 973 4055 ἦσαν·
1010 3988 1058 4039 oi
1102 3988 1158 4040 δὲ
1192 3990 1655 4057 συντετριμμένοι
1706 3989 1805 4059 τὴν

206 4074 476 4143 καρδίαν,
540 4070 679 4144 ἦσαν
744 4076 885 4144 τάχα
931 4078 981 4129 oi
1037 4077 1096 4141 ἐξ
1154 4077 1404 4149 Ἰσραὴλ,
1478 4072 1554 4133 ὧν
1593 4081 1624 4150 ὴ
1669 4096 1807 4151 καρο

202 4167 298 4220 δία
345 4166 610 4237 πρότερον
666 4169 875 4239 μεγάλη
913 4187 971 4222 τε
1012 4164 1079 4240 ἦν
1115 4170 1212 4223 καὶ
1249 4172 1450 4241 ὑψηλὴ,
1508 4173 1602 4225 καὶ
1655 4167 1805 4235 οἶκος

204 4258 367 4312 Θεοῦ.
398 4258 663 4329 ’Ὕστερον
690 4260 745 4314 δὲ
770 4260 1376 4332 είδωλολατρησάντων,
1412 4263 1505 4316 καὶ
1531 4264 1805 4334 διαφόρως

203 4350 611 4422 ἁμαρτόντων,,
664 4353 956 4423 συνετρίϐη
990 4354 1022 4423 ὴ
1060 4354 1257 4419 καρδία
1305 4354 1506 4421 αὐτῶν,
1541 4357 1630 4408 καὶ
1670 4373 1804 4409 κατ-

1906 3348 2016 3404 quo
2057 3332 2175 3388 haec
2220 3334 2286 3387 de
2333 3335 2450 3405 ipso
2501 3336 2704 3404 scripta
2740 3345 2900 3391 erant
2932 3354 2946 3392 :
2982 3353 3105 3391 nam
3141 3338 3259 3408 ipso
3292 3339 3507 3395 volente

1906 3425 2013 3479 hoc
2048 3425 2267 3480 accidit.
2304 3425 2443 3493 Quid
2496 3438 2690 3486 autem.
2739 3429 3001 3496 scriptum
3064 3429 3218 3485 erat?
3270 3430 3509 3502 Spiritus

1910 3517 2125 3572 Domini
2179 3519 2339 3575 unxit
2373 3536 2482 3581 me,
2518 3521 2620 3575 hoc
2650 3529 2757 3586 est,
2788 3524 3131 3578 consecravit
3162 3539 3270 3591 me,
3302 3528 3510 3581 consti-

1911 3611 2012 3663 tuit
2042 3626 2148 3674 me,
2184 3620 2243 3663 ut
2269 3614 2705 3679 evangelizarem
2734 3615 3091 3683 pauperibus,
3122 3617 3223 3672 hoc
3244 3626 3349 3684 est,
3377 3633 3510 3688 gen-

1911 3703 2054 3757 tibus
2091 3718 2213 3772 qum
2240 3717 2416 3772 neque
2448 3705 2645 3773 legem,
2673 3721 2850 3775 neque
2884 3710 3177 3779 prophetas
3210 3710 3506 3777 habebant,

1908 3802 1964 3848 et
2012 3809 2201 3849 revera
2251 3795 2406 3849 valde
2461 3812 2730 3863 pauperes
2791 3790 3272 3879 erantCContriti
3325 3814 3507 3859 autem

1909 3890 2075 3940 corde
2120 3884 2373 3942 fortassis
2403 3888 2625 3943 fuerunt
2649 3890 2935 3960 Israelitte,
2972 3910 3206 3963 quorum
3231 3912 3328 3951 cor
3356 3899 3509 3966 prius

1910 3978 2014 4033 fuit
2053 3995 2307 4048 magnum
2341 3991 2393 4037 et
2426 3984 2681 4051 sublime,
2715 3997 2772 4041 et
2808 3987 3001 4043 domus
3030 3988 3147 4045 Dei.
3182 3988 3377 4047 Postea
3406 4010 3505 4046 au-

1913 4078 2018 4125 tem
2058 4070 2147 4125 ubi
2198 4088 2397 4130 vacare
2452 4086 2737 4146 cmperunt
2790 4079 2976 4145 idolis,
3023 4091 3079 4135 et
3114 4082 3283 4137 variis
3333 4085 3509 4140 modis

1911 4172 2232 4231 pecearunt,
2262 4166 2556 4221 contritum
2579 4179 2632 4221 ct
2665 4172 3003 4226 destructum
3036 4181 3122 4229 est
3145 4189 3241 4230 cor
3265 4175 3507 4243 illorum,

1912 4254 2015 4309 hoc
2046 4264 2153 4321 est,
2214 4258 2406 4312 domus
2444 4259 2537 4314 Dei
2591 4260 2731 4315 facta
2767 4274 2851 4317 est
2905 4266 3164 4335 spelunca
3209 4268 3506 4327 latronum.

1913 4346 2075 4402 Venit
2110 4348 2277 4419 igitur
2316 4347 2581 4408 Dominus
2609 4362 2666 4408 ut
2697 4367 2748 4408 et
2780 4356 2900 4411 illos
2922 4370 3161 4427 sanaret,
3194 4372 3248 4415 et
3280 4363 3508 4431 captivis

204 4444 400 4513 ελύθη,
422 4445 545 4496 ἀντὶ
588 4444 683 4497 τοῦ
712 4441 861 4507 οἶκος
894 4440 1031 4499 εἶναι
1054 4447 1210 4511 Θεοῦ,
1242 4448 1510 4521 γενομένη
1542 4450 1802 4521 σπήλαιον

1913 4442 2289 4497 remissionem
2336 4445 2516 4511 daret,
2548 4456 2600 4500 et
2638 4450 2797 4503 caecis
2825 4450 3024 4518 visum,
3054 4452 3157 4509 hoc
3214 4464 3299 4511 est
3328 4457 3509 4527 genti-

203 4533 446 4606 λῃστῶν.
479 4530 683 4588 Ἦλθεν
713 4531 807 4590 οὖν
840 4540 865 4589 6
891 4538 1117 4607 Κύριος,
1153 4540 1238 4591 ἵνα
1261 4543 1351 4593 καὶ
1391 4540 1615 4606 τούτους
1645 4544 1801 4615 ἰάση-

1914 4534 2013 4589 bus
2030 4545 2086 4590 et
2109 4533 2333 4592 Judzeis.
2369 4538 2546 4593 Ambo
2565 4540 2712 4595 enim
2738 4541 2816 4595 illi
2836 4543 3017 4613 p0puli
3039 4553 3095 4600 et
3116 4549 3320 4617 captivi
3347 4560 3504 4605 erant

203 4644 320 4691 ται,
369 4628 462 4679 καὶ
507 4629 619 4691 τοῖς
663 4629 1033 4699 αἰχμαλώτοις
1086 4632 1142 4684 δὲ
1203 4634 1420 4700 ἄφεσιν,
1454 4635 1549 4688 καὶ
1584 4637 1802 4705 τυφλοῖς

1912 4626 2013 4681 sub
2076 4626 2296 4693 Satana,
2353 4645 2416 4685 ac
2462 4632 2612 4686 caici.
2659 4631 2897 4689 Possunt
2945 4652 3127 4691 autem
3161 4639 3277 4695 haec
3332 4654 3385 4697 et
3443 4644 3509 4699 de

203 4718 508 4789 ἀνάϐλεψιν
530 4720 627 4791 δῷ,
661 4723 773 4785 τοῖς
801 4739 859 4775 τε
894 4722 951 4788 ἐξ
978 4722 1149 4775 ἐθνῶν
1179 4729 1273 4777 καὶ
1313 4729 1427 4788 τοῖς
1461 4727 1520 4791 ἐξ
1564 4728 1800 4799 Ἰσραήλ.

1911 4721 2142 4777 mortuis
2202 4722 2455 4793 intelligi.
2494 4724 2669 4781 Erant
2717 4730 2863 4783 enim
2896 4740 2953 4786 et
2996 4732 3073 4788 illi
3108 4737 3309 4803 captivi
3346 4746 3508 4807 atque

219 4813 543 4883 ’Δμφότερα
571 4814 680 4885 γὰρ
707 4815 883 4869 ταῦτα
902 4817 971 4869 τὰ
996 4816 1138 4888 μέρη
1185 4818 1279 4871 καὶ
1315 4820 1638 4889 αἰχμάλωτα
1664 4818 1802 4894 ἦσαν

1910 4812 2099 4881 saucii,
2160 4814 2490 4888 liberalique
2532 4828 2658 4873 sunt
2680 4836 2715 4875 a
2748 4832 3021 4891 potestate
3052 4826 3253 4883 inferni
3289 4847 3387 4900 per
3418 4848 3506 4887 re-

204 4904 318 4958 ὓτοὺ
369 4905 461 4957 τὸν
510 4905 778 4972 Σατανᾶν,
834 4907 931 4960 καὶ
980 4910 1179 4978 τυφλά.
1232 4909 1585 4967 Δύνανταιδέ
1630 4914 1802 4969 ταῦτα

1910 4907 2328 4963 surrectionem.
2363 4911 2687 4969 Praedicavit
2720 4915 2849 4970 item
2880 4925 2933 4972 et
2960 4934 3163 4975 annum
3195 4933 3505 4992 acceptum.

203 4997 473 5067 νοηθῆναι
515 5000 610 5051 καὶ
642 5000 774 5069 περὶ
807 5002 914 5053 τῶν
948 5002 1159 5072 νεκρῶν
1191 5020 1203 5032 ·
1244 5007 1340 5058 καὶ
1370 5000 1517 5059 οὗτοι
1545 5008 1653 5079 γὰρ
1680 5013 1804 5079 αἰχ-

209 5090 457 5161 μὰλωτοι
511 5090 663 5156 ὄντες
704 5093 799 5147 καὶ
832 5093 1249 5165 τεθραυσμένοι,
1299 5100 1655 5172 ἀπελύθησαν
1699 5104 1801 5172 τῆς

203 5184 305 5239 τοῦ
336 5183 462 5256 ᾅδου
497 5184 744 5250 ἐξουσίας
784 5186 873 5240 διὰ
920 5187 1025 5253 τῆς
1055 5191 1408 5255 ἀναστάσεως
1430 5209 1444 5224 ·
1484 5196 1719 5265 ἐκήρυξε
1750 5198 1805 5251 δὲ

204 5274 308 5329 καὶ
341 5275 588 5329 ἐνιαυτὸν
620 5277 832 5332 δεκτόν.
871 5278 970 5342 Τίς
1000 5273 1056 5334 δὲ
1087 5277 1155 5351 ἦν
1187 5284 1213 5335 6
1245 5284 1493 5349 ἐνιαυτὸς
1524 5288 1553 5339 6
1578 5287 1799 5357 δεκτός;

206 5364 365 5435 Τάχα
421 5364 522 5437 μὲν
571 5368 662 5420 καὶ
693 5370 721 5419 6
758 5369 969 5438 μέλλων
1010 5371 1170 5439 αἰὼν,
1213 5378 1341 5444 περὶ
1392 5370 1453 5429 οῦ
1487 5380 1752 5449 ἐκήρυξεν
1778 5384 1804 5435 6

207 5456 443 5527 Κύριος,
478 5460 654 5528 λέγων
679 5477 692 5491 °
734 5462 823 5516 Ἐν
853 5464 1034 5536 ἐκείνῃ
1066 5469 1132 5536 τῇ
1162 5468 1345 5538 ἡμέρᾳ
1366 5472 1466 5523 οὐκ
1500 5474 1807 5543 ἐρωτήσετέ

211 5568 279 5620 με
313 5552 491 5607 οὐδέν.
550 5554 661 5606 Kal.
714 5555 878 5609 πάλιν
900 5573 913 5587 ·
957 5557 1220 5629 Ἔρχεται
1254 5560 1374 5632 ὥρα
1420 5564 1509 5617 ὅτε
1542 5567 1591 5618 oi
1621 5572 1807 5639 νεκροὶ

206 5644 634 5713 ἀναστήσονται.
686 5646 887 5709 Δεκτὸς
933 5646 989 5700 δέ
1029 5650 1179 5702 ἐστιν
1234 5651 1443 5716 ἐκεῖνος
1476 5656 1502 5707 6
1536 5656 1805 5721 ἐνιαυτὸς,

203 5735 518 5799 τουτέστιν,
567 5736 906 5809 ἐπιθυμητὸς
943 5742 1056 5805 τοῖς
1085 5741 1318 5807 δικαίοις
1359 5747 1450 5799 καὶ
1482 5749 1805 5819 ἐπέραστος·

205 5826 271 5881 ὃν
306 5829 705 5899 προσδέχονται
757 5832 961 5897 πάντες
1010 5836 1059 5888 oi
1109 5836 1349 5891 ἐνταῦθα
1405 5840 1804 5913 ἐργαζόμενοι·

286 5996 334 6025 ³⁵
369 5994 410 6048 ll
440 5996 567 6051 Cor.
620 6013 691 6063 vr,
724 5998 776 6051 2.

1905 4997 2040 5062 Quis
2094 5008 2274 5056 autem
2338 5004 2440 5056 fuit
2505 5021 2682 5061 annus
2737 5009 2825 5063 ille
2879 5018 3175 5081 acceptus?
3233 5013 3509 5075 Fortassis

1907 5092 2163 5147 saeculum
2222 5096 2493 5163 futurum,
2531 5099 2595 5154 de
2629 5115 2737 5169 quo
2773 5106 3088 5172 prmdicavit
3123 5107 3387 5165 Dominus
3421 5111 3510 5168 di-

1906 5197 2036 5239 cens
2070 5203 2082 5239 :
2121 5185 2177 5241 ln
2208 5188 2297 5242 die
2329 5190 2415 5244 illa
2456 5208 2561 5246 non
2615 5194 3027 5266 interrogabitis
3060 5217 3148 5257 me
3180 5206 3503 5275 quidquam.

1908 5275 1974 5331 Et
2006 5278 2201 5333 iterum
2237 5299 2251 5336 :
2288 5281 2449 5338 Venit
2486 5284 2620 5339 hora
2676 5292 2896 5357 quando
2934 5294 3131 5347 mortui
3186 5310 3501 5368 resurgent.

1909 5376 2187 5448 Acceptus
2213 5391 2397 5437 autem
2428 5394 2513 5439 est
2552 5384 2645 5439 ille
2677 5403 2874 5455 annus,
2926 5389 3030 5444 lioc
3053 5402 3137 5447 est
3167 5391 3508 5452 desiderabi-

1910 5470 1996 5537 lis,
2026 5483 2079 5525 et
2103 5471 2265 5541 justis
2299 5477 2550 5532 amabilis
2584 5496 2599 5532 :
2636 5495 2799 5547 quem
2833 5495 3156 5551 exspectant
3196 5503 3386 5545 omnes
3412 5492 3507 5561 qui

1910 5564 1999 5619 hic
2045 5581 2363 5635 operantur.
2399 5570 2495 5625 Est
2526 5581 2705 5626 autem
2753 5582 2807 5628 et
2844 5584 3057 5645 tempus
3107 5576 3373 5636 Dominici
3407 5584 3507 5637 ad-

1908 5670 2102 5715 ventus
2136 5661 2187 5714 in
2228 5676 2395 5719 carne
2450 5681 2625 5722 annus
2680 5681 2939 5737 acceptus
2976 5688 2988 5723 :
3021 5673 3087 5727 de
3138 5688 3248 5744 quo
3300 5674 3507 5733 Paulus

1910 5755 2087 5809 dicit:
2129 5775 2147 5808 ι
2195 5756 2351 5811 Nunc
2408 5769 2619 5831 tempus
2672 5773 2755 5816 est
2808 5768 3165 5837 acceptabile,
3218 5783 3361 5823 nunc
3392 5771 3509 5826 dies

1912 5846 2105 5902 salutis
2136 5847 2205 5900 ".
2249 5867 2266 5900 ι
2315 5848 2485 5908 Porro
2522 5853 2611 5908 ubi
2649 5854 2764 5913 btec
2807 5856 2961 5929 legit,
2990 5860 3168 5916 dixit:
3200 5858 3372 5918 llodie
3404 5864 3510 5921 im-
