4028 6466
553 514 653 580 751

1471 501 2055 565 THEOPHYLACTI
2105 483 2521 562 BULGARI/E’
2554 495 2909 560 ARCHIEF.

3727 489 3833 556 ’152

554 632 698 700 pleta
725 635 806 680 est
837 625 1105 695 scriptura
1158 620 1273 676 htec
1303 619 1356 675 in
1393 617 1615 673 auribus
1672 618 1892 679 vestris,
1947 615 2119 670 mani-

2239 615 2346 669 ίστι
2372 613 2439 669 δὲ
2471 613 2566 668 καὶ
2597 615 2624 667 6
2650 615 2751 681 τῆς
2800 611 2894 665 τοῦ
2953 610 3164 683 Κυρίου
3213 609 3290 700 ἐν.
3316 607 3484 680 σαρκὶ
3530 608 3834 679 ἐπιδημίας

556 719 695 772 fesle
720 731 780 770 se
815 713 1162 767 audientibus
1206 708 1618 770 commendans,
1650 705 1774 775 quia
1819 705 1938 774 ipse
1963 704 2034 759 sit
2062 705 2130 759 de

555 826 660 876 quo
691 810 804 862 hac
830 807 1026 874 scripta
1058 801 1280 858 fuerint.

2243 707 2436 778 καιρὸς
2487 706 2734 767 ἐνιαυτὸς
2799 704 3026 767 δεκτός·
3078 702 3207 772 περὶ
3234 694 3296 754 οὗ
3336 703 3364 754 6
3397 699 3612 762 Παῦλος
3649 701 3820 769 λέγει·

2244 818 2263 850 ι
2292 797 2407 851 Νῦν
2435 799 2623 867 καιρὸς
2657 796 3058 866 εὐπρόσδεκτος
3081 813 3095 826 ⁸
3130 793 3225 848 νῦν
3251 793 3429 866 ἡμέρα
3458 793 3762 862 σωτηρίας.
3806 813 3824 843 ι

569 900 860 967 Ἀναγνοὺς
888 897 946 950 δὲ
991 892 1191 959 ταῦτα,
1234 890 1377 956 εἶπε,
1437 891 1684 961 Σήμερον
1716 890 2078 960 πεπλήρωται
2139 891 2173 961 ἡ
2213 891 2404 963 Γραφὴ
2457 890 2600 960 αὓτη
2645 891 2702 942 ἐν
2770 893 2880 953 τοῖς
2930 890 3062 941 ὠσὶν
3118 888 3290 958 ὑμῶν,
3329 886 3580 956 φανερῶς
3639 887 3836 941 ἐαυτῖν

557 991 832 1063 παριστῶν
885 991 996 1052 τοῖς
1039 989 1350 1052 ἀκούουσιν,
1406 987 1487 1039 ὅτι
1529 985 1690 1049 αὑτός
1736 987 1850 1037 ἐστι
1901 985 2030 1054 περὶ
2059 979 2120 1039 οὗ
2159 987 2329 1040 ταῦτα
2350 986 2684 1055 γέγραπται.

629 1088 796 1142 νειιε.
823 1086 1014 1140 ‘22-'50.
1047 1102 1064 1135 ι
1098 1085 1161 1138 Et
1189 1097 1374 1138 omnes
1410 1083 1776 1136 testiinonium
1810 1081 1882 1134 illi
1910 1080 2106 1135 dabant

553 1195 614 1231 ac
647 1180 982 1231 mirabantur
1033 1190 1198 1245 super
1246 1174 1420 1244 gratia
1457 1188 1769 1228 sermonum
1819 1172 1910 1242 qui
1943 1187 2130 1240 proce-

2312 1103 2328 1135 ι
2369 1084 2481 1137 Καὶ
2519 1084 2720 1145 πάντες
2770 1082 3116 1151 ἐμαρτύρουν
3148 1081 3318 1151 αὐτῷ.
3359 1080 3466 1134 Καὶ
3515 1077 3836 1147 ἐθαύμαζον

2231 1178 2323 1230 ἐπὶ
2352 1179 2460 1239 τοῖς
2490 1174 2671 1242 λόγοις
2703 1175 2802 1245 τῆς
2831 1176 3054 1244 χάριτος
3089 1176 3200 1236 τοῖς
3247 1174 3717 1244 ἐκπορευομένοις
3755 1173 3820 1222 ἐκ

552 1273 752 1327 debaut
785 1286 851 1323 ex
887 1283 981 1322 ore
1022 1268 1212 1335 ipsius,
1270 1267 1629 1335 dicebantque
1659 1284 1673 1321 :
1708 1265 1894 1319 Nonne
1929 1264 2014 1340 hic
2044 1273 2128 1320 est

2239 1267 2323 1320 τοῦ
2349 1267 2616 1338 στόματος
2651 1266 2842 1331 αὑτοῦ,
2894 1267 2988 1319 καὶ
3024 1265 3238 1334 ἔλεγον·
3277 1265 3388 1333 Οὐχ
3421 1256 3579 1326 οὗτός
3614 1266 3764 1314 ἐστιν
3791 1263 3822 1314 6

556 1365 697 1417 illius
731 1360 966 1427 ioscph?
996 1358 1059 1413 Et
1085 1361 1161 1412 ait
1195 1358 1296 1412 illis
1325 1356 1596 1412 :Omnino
1623 1356 1814 1410 dicetis
1832 1355 1962 1409 mihi
1991 1347 2130 1409 hanc

2239 1360 2347 1422 υίὸς
2380 1359 2470 1411 τοῦ
2510 1357 2744 1429 Ἰωσήφς
2806 1359 2914 1410 Καὶ
2957 1356 3079 1410 εἷπε
3131 1357 3265 1426 πρὸς
3316 1357 3533 1418 αὐτοὺς,
3589 1355 3819 1418 Πάντως

553 1455 653 1507 sim
681 1453 983 1514 litudinem,
1025 1449 1260 1512 Modice,
1295 1465 1419 1503 cura
1473 1449 1725 1518 teipsum.
1778 1447 2123 1514 Qum-cunque

2239 1450 2402 1520 ἐρεῖτέ
2439 1467 2529 1520 μοι
2562 1451 2662 1519 τὴν
2698 1450 3016 1518 παραϐολὴν
3046 1448 3269 1518 ταύτην,
3319 1447 3512 1516 Ἰατρὲ,
3551 1446 3831 1516 θεράπευ-

556 1545 861 1599 audivimus
899 1545 1034 1595 facta
1067 1541 1119 1594 in
1152 1541 1512 1610 Capernanm,
1560 1539 1643 1593 {ac
1671 1548 1726 1593 et
1754 1542 1838 1593 hic
1870 1541 1920 1592 in
1950 1539 2124 1607 patria

2239 1559 2329 1594 σον
2357 1544 2612 1594 σεαυτόν·
2637 1544 2736 1596 ὃσα
2770 1542 3088 1610 ἠκούσαμεν
3118 1542 3388 1608 γενόμενα
3412 1543 3468 1590 ἐν
3505 1542 3568 1609 τῇ
3602 1542 3836 1610 Καπερ-

559 1645 666 1689 tua.
703 1633 789 1688 Ait
820 1643 998 1686 autem
1038 1647 1050 1684 :
1090 1631 1259 1684 Amen
1300 1632 1418 1683 dico
1454 1631 1627 1695 vobis,
1662 1645 1821 1684 nemo
1863 1629 2126 1698 propheta

2239 1631 2432 1700 ναοὺμ,
2471 1632 2698 1702 ποίησον
2729 1633 2824 1685 καὶ
2857 1625 2958 1684 ὧδε
2990 1633 3046 1683 ἐν
3073 1634 3138 1701 τῇ
3163 1630 3382 1700 πατρίδι
3414 1646 3529 1682 σου.
3566 1624 3708 1680 Eii-:5
3738 1629 3796 1681 δέ
3818 1645 3834 1660 ·

555 1735 806 1793 acceptus
832 1733 914 1776 est
945 1723 996 1776 in
1032 1724 1203 1791 pa'ria
1241 1739 1358 1775 sua.
1390 1722 1492 1776 Sed
1529 1721 1582 1788 ip
1627 1721 1850 1775 veritate
1880 1721 2000 1774 dico
2029 1736 2125 1773 vo-

2239 1724 2409 1793 ¹Αμὴν
2434 1723 2578 1792 λέγω
2629 1725 2780 1794 ὑμῖν,
2818 1725 2899 1776 ὅτι
2935 1725 3110 1787 οὐδεὶς
3152 1727 3436 1794 προφήτης
3460 1722 3648 1784 δεκτός
3684 1726 3835 1775 ἐστιν

554 1818 635 1871 his
665 1832 681 1870 :
715 1818 894 1872 multa:
933 1816 1106 1869 vidua:
1146 1827 1301 1869 erant
1355 1816 1406 1868 in
1449 1814 1636 1868 diebus
1688 1815 1816 1868 Elia:
1865 1816 1918 1867 in
1963 1813 2126 1868 Israel

2239 1818 2289 1869 ἐν
2319 1820 2385 1887 τῇ
2418 1818 2640 1888 πατρίδι
2678 1818 2864 1871 αὑτοῦ.
2926 1818 3046 1871 Ἐπ’
3093 1817 3356 1886 ἀληθείας
3395 1817 3449 1868 δὲ
3483 1816 3628 1882 λέγω
3673 1817 3831 1884 ὑμῖν,

554 1909 769 1976 quando
794 1911 1036 1963 clausum
1057 1904 1139 1962 est
1169 1907 1365 1961 caelum
1389 1907 1546 1960 annis
1579 1906 1751 1962 tribus
1778 1916 1831 1960 et
1860 1907 2131 1960 mensibus

2239 1909 2428 1960 πολλαὶ
2473 1911 2639 1978 χῆραι
2684 1904 2826 1979 ἦσαν
2860 1910 2917 1961 ἐν
2953 1910 3073 1971 ταῖς
3123 1910 3360 1979 ἡμέραις
3431 1907 3616 1958 Ἦλιου
3662 1908 3718 1958 ἐν
3754 1905 3835 1976 τῷ

553 2021 669 2069 sex,
704 2019 828 2059 cum
859 2003 998 2056 facta
1035 2011 1181 2056 esset
1212 2000 1383 2054 fames
1419 2014 1612 2069 magna
1644 2014 1739 2068 per
1769 2014 1985 2052 omnem
2021 2009 2129 2051 ter-

552 2113 666 2151 ram
701 2107 716 2154 t
751 2106 805 2150 et
834 2095 900 2150 ad
930 2094 1126 2148 nullam
1165 2093 1376 2147 illarum
1421 2093 1619 2147 missus
1658 2102 1741 2146 est
1777 2090 1921 2144 Elias
1951 2091 2051 2145 nisi
2077 2091 2129 2144 iu

556 2187 861 2257 Sarephtha
909 2185 1133 2238 Sidonis
1169 2186 1234 2236 ad
1275 2185 1555 2238 mulierem
1604 2180 1849 2236 viduam.
1887 2180 1949 2234 Et
1981 2182 2129 2236 multi

549 2281 749 2350 lcprosi
786 2285 940 2332 erant
966 2277 1015 2330 in
1042 2276 1202 2330 Israel
1233 2276 1334 2329 sub
1361 2275 1556 2330 Elissae
1582 2274 1863 2344 prapheta,
1893 2282 1946 2329 et
1972 2289 2131 2328 nemo

550 2386 741 2427 eorum
773 2369 1064 2422 mundatus
1104 2376 1186 2420 cst
1214 2365 1314 2419 nisi
1354 2363 1592 2419 Naaman
1627 2361 1818 2436 Syrus.
1853 2364 1912 2418 Et
1942 2363 2129 2431 repleti

551 2469 678 2515 sunt
729 2472 919 2513 omnes
964 2459 1014 2511 in
1060 2457 1347 2526 Synagoga
1385 2457 1484 2519 ira,
1522 2457 1635 2512 haec
1696 2455 2001 2510 audientes.
2062 2453 2130 2509 Et

552 2554 1003 2608 insurrexerunt.
1070 2547 1460 2617 ejeceruntque
1523 2547 1673 2600 illum
1711 2561 1740 2598 e
1778 2546 2031 2610 civitate,
2077 2555 2133 2600 et

551 2646 827 2697 duxerunt
859 2640 1004 2693 illum
1043 2654 1223 2708 usque
1248 2640 1312 2692 ad
1339 2639 1684 2707 supercilium
1720 2638 1940 2700 montis,
1969 2652 2132 2707 super

549 2750 708 2804 quem
762 2731 951 2787 civitas
986 2732 1196 2785 illorum
1230 2740 1348 2784 erat
1411 2730 1694 2795 :rdiiicata,
1735 2739 1789 2782 ut
1820 2730 2127 2799 praecipita-

549 2835 670 2880 rent
695 2838 840 2880 eum.
861 2820 990 2891 Ipse
1024 2833 1204 2875 autem
1237 2821 1502 2875 transiens
1519 2834 1614 2888 per
1646 2820 1880 2875 medium
1915 2819 2126 2875 illorum

551 2917 684 2970 ibat.
729 2933 748 2966 ι
798 2912 933 2967 Cum
1003 2911 1252 2965 audirent
1308 2911 1481 2966 turbat
1549 2926 1673 2980 qua“.
1741 2913 2055 2967 dicebantur
2098 2930 2126 2967 a

551 3007 809 3071 Christo,
865 3003 1278 3058 admirabantur
1329 3018 1494 3072 super
1555 3002 1905 3057 sermonibus
1968 3002 2124 3073 30],

553 3096 869 3166 gratiarum.
902 3092 1250 3149 Admirantes
1285 3102 1486 3159 autem,
1518 3092 1760 3147 dicteriis
1786 3093 2128 3148 incessebant

2233 1994 2474 2068 Ἰσραὴλ,
2535 2001 2622 2050 ὅτε
2673 1998 2928 2067 ἐκλείσθη
2962 2001 2990 2051 6
3017 1999 3247 2069 οὐρανὸς
3297 1999 3391 2052 ἐπὶ
3431 1998 3526 2068 ἐτη
3564 1997 3695 2068 τρία
3735 1999 3834 2051 καὶ

2236 2089 2410 2159 μῆνας
2442 2089 2524 2154 ἒξ,
2569 2090 2644 2153 ὡς
2691 2091 2908 2158 ἐγένετο
2960 2089 3120 2161 λιμὸς
3169 2091 3342 2160 μέγας
3387 2089 3482 2141 ἐπὶ
3516 2091 3699 2141 πᾶσαν
3729 2090 3832 2159 τὴν

2234 2180 2363 2249 γῆν,
2399 2183 2493 2232 καὶ
2538 2183 2674 2252 πρὸς
2708 2182 2968 2252 οὐδεμίαν
3003 2182 3182 2234 αὐτῶν
3215 2180 3473 2250 ἐπέμφθη
3537 2180 3746 2243 Ἠλίας,
3780 2182 3834 2232 εί.

2237 2273 2312 2343 μὴ
2343 2273 2421 2336 είς
2455 2273 2716 2343 Σαραρθὰ
2758 2273 2857 2342 τῆς
2889 2273 3120 2336 Σιδῶνος
3153 2272 3289 2341 πρὸς
3319 2273 3555 2339 γυναῖκα
3611 2272 3790 2342 χήραν
3815 2287 3830 2298 ·

2233 2367 2326 2417 καὶ
2357 2365 2543 2417 πολλοὶ
2597 2365 2790 2435 λεπροὶ
2825 2361 2966 2436 ἦσαν
3002 2365 3095 2418 ἐπὶ
3144 2363 3454 2417 Ἐλισσαίου
3480 2361 3576 2414 τοῦ
3615 2363 3836 2433 προφή-

2231 2460 2325 2509 του
2357 2457 2414 2507 ἐν
2442 2456 2519 2524 τῷ
2558 2454 2792 2526 Ἰσραὴλ,
2825 2457 2919 2509 καὶ
2960 2457 3141 2519 οὐδεὶς
3175 2456 3357 2510 αὐτῶν
3399 2455 3748 2528 ἐκαθαρίσθη
3776 2457 3831 2507 εί

2236 2547 2310 2617 μὴ
2338 2546 2557 2616 Νεεμὰν
2588 2550 2614 2600 6
2636 2546 2828 2618 Σύρος.
2861 2549 2970 2602 Καὶ
3001 2548 3354 2618 ἐπλήσθησαν
3397 2550 3601 2609 πάντες
3652 2547 3834 2616 θυμοῦ

2234 2635 2293 2686 ἐν
2323 2636 2387 2705 τῇ
2421 2635 2718 2706 Συναγωγῇ
2747 2634 3082 2699 ἀκούσαντες
3109 2636 3305 2691 ταῦτα.
3330 2638 3441 2690 Καὶ
3465 2639 3830 2700 ἀναστάντες,

2239 2726 2493 2793 ἐξέόαλον
2526 2729 2692 2780 αὑτὸν
2729 2728 2833 2793 ἔξω
2859 2731 2957 2798 τῆς
2994 2728 3240 2792 πόλεως·
3285 2731 3375 2781 καὶ
3417 2731 3627 2800 ἤγαγον
3662 2730 3834 2783 αὑτὸν

2231 2818 2336 2883 ἕως
2363 2821 2461 2889 τῆς
2489 2820 2687 2892 ὀφρύος
2719 2819 2812 2873 τοῦ
2838 2821 3019 2892 ὅρους,
3044 2821 3132 2890 ἐφ’·
3163 2815 3223 2874 οὗ
3254 2823 3286 2892 ἡ
3309 2821 3460 2885 πόλις
3486 2824 3670 2876 αὐτῶν
3690 2823 3836 2893 ᾠκο-

2230 2913 2452 2984 δόμητο,
2473 2916 2551 2976 εἰς
2570 2915 2628 2967 τὸ
2647 2913 3093 2984 κατακρημνίσαι
3120 2916 3305 2968 αὐτόν·
3341 2916 3502 2978 αὐτὸς
3521 2916 3577 2968 δὲ
3605 2915 3838 2969 διελθὼδ

2230 3006 2319 3059 διὰ
2359 3007 2525 3077 μέσου
2583 3008 2786 3071 αὐτῶν,
2833 3007 3152 3077 ἐπορεύετο.
3191 3027 3209 3059 ι
3264 3008 3579 3070 Ἀκούοντες
3625 3008 3694 3060 τὰ
3724 3008 3837 3061 ὑπὸ

2232 3098 2468 3167 Χριστοῦ
2502 3099 2769 3168 λεγόμενα
2793 3101 2842 3152 οἱ
2867 3099 3038 3170 ὄχλοι,
3067 3088 3378 3168 ἐθαύμαζον
3403 3100 3493 3150 ἐπὶ
3510 3100 3624 3158 τοῖς
3649 3097 3835 3165 λόγοις

552 3205 673 3243 eum
701 3188 942 3241 dicentes
972 3202 986 3238 :
1026 3183 1212 3237 Nonne
1245 3183 1333 3236 hic.
1362 3194 1444 3238 est
1477 3185 1624 3238 labri
1653 3183 1840 3238 ﬁlius?
1870 3184 2126 3251 Quamvis

2239 3188 2334 3256 τῆς
2382 3190 2626 3260 χάριτος.
2682 3189 3071 3259 Θαυμάζοντες
3100 3191 3181 3254 δὲ,
3214 3187 3602 3260 διεκωμῴδουν
3639 3187 3831 3256 αὑτὸν,

550 3279 677 3347 quid
711 3277 1024 3345 prohiberet
1055 3276 1226 3343 ipsum
1256 3272 1363 3327 dici
1395 3272 1769 3326 admirabilem
1801 3283 1853 3327 et
1880 3272 2127 3326 adorabi-

545 3368 702 3423 Jmu?
735 3367 847 3421 Non
875 3367 1024 3420 vides
1041 3374 1243 3436 quanta
1277 3363 1448 3418 facit?
1475 3362 1594 3417 Non
1621 3363 1774 3418 audis
1797 3378 2129 3432 quaecunque

553 3459 725 3513 dicit?
763 3457 968 3514 Deinde
1007 3455 1267 3512 conviciis
1317 3463 1527 3524 patrem
1564 3453 1708 3508 illius
1738 3453 1991 3508 lacessis?
2024 3453 2127 3507 Re-

556 3569 680 3606 vera
710 3553 776 3606 de
818 3550 922 3605 illis
964 3550 1142 3604 dicere
1183 3548 1312 3603 licet
1343 3563 1356 3602 :
1392 3546 1534 3601 Ecce
1576 3547 1812 3616 populus
1857 3545 2050 3600 stultus
2078 3554 2132 3600 et

555 3647 757 3713 absque
782 3643 972 3703 corde;
1003 3639 1140 3694 oculi
1175 3639 1390 3694 illorum
1421 3653 1527 3692 non
1552 3637 1758 3701 vident,
1786 3653 1946 3691 aures
1966 3639 2129 3691 etiam

557 3750 665 3790 non
699 3734 924 3789 audiunt
955 3733 1021 3783 ".
1054 3731 1313 3786 Dominus
1347 3730 1510 3800 igitur
1539 3729 1665 3798 quid
1697 3729 1865 3783 dicit?
1897 3725 2130 3784 Omnino

554 3825 755 3882 dicetis
794 3823 948 3891 mihi,
979 3822 1087 3876 Fac
1116 3830 1169 3877 et
1198 3822 1249 3875 in
1291 3824 1462 3890 patria
1495 3829 1580 3874 tua
1628 3821 1891 3876 mirabilia
1921 3836 2040 3890 qua:
2075 3822 2128 3875 in

557 3919 898 3989 Capernaum
918 3915 1122 3971 fecisti.
1144 3913 1259 3973 Hoc
1279 3915 1423 3970 enim
1447 3923 1531 3968 est
1554 3913 1696 3984 quod
1720 3914 1882 3968 dicit:
1903 3913 2128 3978 Medice,

557 4027 689 4069 cura
722 4013 973 4081 teipsum.
1001 4009 1357 4065 Proverbium
1399 4009 1543 4062 enim
1577 4015 1696 4061 erat
1741 4007 1880 4074 apud
1914 4005 2131 4062 Iudaeos

559 4105 700 4174 quod
731 4101 1126 4174 aegrotantibus
1177 4099 1404 4154 medicis
1442 4098 1741 4153 dicebatur.
1775 4099 1843 4152 At
1884 4113 1983 4168 ego
2010 4100 2132 4152 dico

556 4199 711 4253 vobis
741 4195 883 4266 quod
914 4193 1162 4249 fecissem
1212 4191 1379 4246 multa
1425 4189 1578 4260 signa
1621 4190 1785 4244 etiam
1817 4193 1957 4258 apud
2006 4205 2129 4257 rus,

558 4290 824 4361 patriotas
862 4300 1012 4341 meos
1041 4303 1055 4339 :
1082 4283 1178 4338 sed
1213 4283 1329 4338 scio
1361 4297 1703 4337 communem
1734 4284 1973 4336 omnium
2000 4281 2133 4337 atie-

559 4393 730 4445 ctum,
766 4379 907 4450 quod
942 4383 1363 4431 contemnantur
1393 4374 1558 4428 etiam
1596 4387 1684 4429 res
1727 4373 1997 4439 maximae,
2029 4375 2130 4429 nisi

557 4489 678 4528 cum
709 4487 848 4527 rara:
881 4470 1100 4535 fuerint;
1126 4467 1172 4522 si
1199 4467 1432 4537 vulgata:
1477 4466 1587 4521 sint
1612 4476 1665 4521 et
1691 4467 2040 4537 quotidianus,
2076 4476 2130 4522 et

559 4567 639 4621 eis
674 4579 866 4620 omnes
921 4563 1140 4630 copiose
1190 4559 1459 4614 fruantur.
1518 4557 1742 4628 Semper
1769 4560 1912 4613 enim
1953 4559 2133 4615 solent

560 4657 808 4712 homines
859 4669 978 4707 rara
1004 4667 1058 4708 et
1086 4651 1427 4706 admirabilia
1474 4666 1690 4714 curare,
1723 4654 2002 4722 despicere
2035 4669 2133 4706 au-

563 4761 669 4803 tem
703 4746 1006 4801 communia
1039 4754 1091 4798 et
1117 4742 1429 4796 familiaria.
1460 4741 1526 4796 Et
1553 4743 1754 4797 idcirco
1791 4746 1969 4798 nullus
2003 4759 2132 4814 pro-

561 4841 721 4910 pheta
747 4839 799 4892 in
824 4837 1123 4906 patriasua
1154 4835 1422 4903 pretiosus
1453 4835 1592 4886 :sed
1621 4834 1662 4887 si
1691 4834 1904 4887 aliunde
1927 4836 2130 4900 veniat,

565 4933 905 4984 admirantur
942 4927 1114 4982 illum.
1169 4926 1259 4980 Sic
1291 4935 1346 4980 et
1388 4924 1562 4979 Eliam
1614 4921 1920 4978 Judmorum
1962 4927 2132 4981 vidua:

569 5039 674 5075 non
712 5028 1101 5088 susceperunt:
1132 5018 1506 5087 Sarephthana
1553 5025 1732 5071 autem
1775 5019 2032 5087 suscepit.
2069 5017 2134 5070 Et

567 5117 788 5169 Eliszeus
842 5113 1197 5181 alienigenam
1245 5113 1522 5180 leprosum
1578 5112 1903 5181 purilicavit,
1954 5111 2135 5166 iideiu

565 5210 714 5262 illum
746 5207 1038 5260 declarata.
1084 5205 1217 5258 Nam
1252 5204 1543 5260 familiares
1596 5206 1734 5274 ejus,
1775 5207 1865 5274 qui
1894 5206 2135 5274 ejusdem

567 5311 721 5355 erant
747 5299 961 5367 patriae,
995 5298 1042 5350 ei
1082 5311 1185 5349 non
1236 5298 1584 5352 crediderunt
1616 5310 1669 5353 et
1710 5306 1995 5368 propterea
2031 5313 2136 5350 nun

569 5404 697 5444 sunt
731 5391 1018 5458 puriﬁcati.
1060 5389 1320 5442 Similiter
1351 5401 1402 5443 et
1426 5405 1526 5458 ego
1568 5390 1715 5443 vobis
1750 5389 1998 5458 patriotis
2029 5403 2134 5442 non

573 5486 758 5537 videor
785 5483 1143 5546 admirabilis,
1174 5483 1265 5536 sed
1305 5492 1642 5550 contemptus
1672 5501 1684 5534 :
1717 5493 1770 5535 et
1803 5481 2005 5535 idcirco
2044 5497 2141 5534 ne-

574 5591 678 5643 que
712 5575 862 5643 signa
891 5572 1052 5628 facio.
1082 5575 1176 5628 liis
1200 5589 1332 5629 sane
1362 5575 1452 5643 qui
1483 5578 1533 5628 in
1559 5574 1921 5642 Capernaum,
1955 5575 2141 5627 videor

574 5668 928 5732 admirabilis,
979 5679 1031 5723 et
1081 5673 1231 5739 signa
1285 5669 1442 5732 facio,
1493 5680 1546 5722 et
1585 5680 1840 5736 acceptus
1883 5669 1962 5723 eis
1995 5684 2135 5723 sum.

575 5765 871 5818 Audientes
927 5774 1107 5818 autem
1147 5765 1258 5820 htte
1290 5764 1342 5816 hi
1386 5765 1473 5832 qui
1525 5765 1573 5815 in
1624 5760 1904 5834 Synagugu
1960 5776 2139 5827 erant,

655 5921 698 5950 ν’
743 5917 938 5972 ἑυτιιιιι,
971 5935 1017 5981 ν,
1057 5920 1146 5973 il.

2234 3278 2484 3347 λέγοντες
2502 3295 2516 3307 ·
2552 3281 2666 3350 Οὐχ
2695 3273 2848 3342 οὗτος
2876 3281 3024 3333 ἐστιν
3045 3283 3073 3334 6
3101 3281 3194 3334 τοῦ
3225 3280 3477 3343 τέκτονος
3505 3280 3659 3347 υίὸς;
3693 3281 3836 3336 Καί-

2231 3387 2314 3424 τοι
2344 3370 2397 3423 τί
2423 3370 2487 3424 τὸ
2516 3372 2724 3425 κωλύον
2753 3367 2892 3425 εἶναι
2916 3372 3079 3426 αὐτὸν
3111 3372 3430 3443 θαυμαστὸν
3457 3372 3554 3426 καὶ
3583 3389 3837 3443 προσκυ-

2235 3462 2432 3529 νητόνς
2466 3462 2580 3532 Θὺχ
2604 3465 2735 3533 ὁρᾷς
2766 3464 2864 3516 ὅσα
2897 3466 3077 3530 ποιεῖ;
3113 3464 3228 3516 Οὐκ
3259 3463 3480 3527 ἀκούεις
3508 3464 3609 3517 ὅσα
3645 3465 3831 3532 λέγει;

2239 3551 2372 3606 Εἶτα
2423 3555 2702 3624 κωμῳδείς
2749 3556 2840 3607 τὸν
2883 3557 3100 3625 πατέρα
3136 3555 3336 3622 αὐτοῦς
3375 3557 3586 3617 Ὄντως
3627 3556 3835 3626 ἀληθὲς

2236 3645 2323 3695 ἐπ’
2359 3645 2542 3708 αὐτοῖς
2590 3647 2765 3698 εἰπεῖν
2788 3660 2801 3674 °
2849 3645 2982 3700 Ἰδοὺ
3016 3647 3143 3710 λαὸς
3189 3648 3371 3721 μωρὸς
3401 3647 3495 3699 καὶ
3529 3647 3792 3718 ἀκάρδιος
3815 3661 3834 3680 ⁸

2232 3734 2501 3806 ὀφθαλμοὶ
2550 3737 2750 3801 αὐτοῖς,
2801 3739 2896 3789 καὶ
2923 3738 2985 3790 οὐ
3041 3739 3372 3808 βλέπουσιν·
3416 3731 3552 3804 ὦτα,
3606 3741 3704 3791 καὶ
3730 3739 3836 3793 οὐκ

2231 3825 2538 3882 ἀκούουσιν.
2589 3829 2645 3879 '0
2678 3828 2881 3896 Κύριος
2913 3828 3006 3882 οὖν
3040 3830 3092 3882 τί
3125 3847 3291 3900 φησιν
3333 3831 3556 3895 αὑτοῖς;
3594 3831 3831 3892 Πάντως

2231 3919 2406 3988 ἐρεῖτέ
2433 3937 2548 3989 μοι,
2577 3921 2660 3973 ὅτι
2703 3921 2792 3973 Ἐν
2820 3925 2887 3993 τῇ
2917 3923 3138 3994 πατρίδι
3168 3940 3263 3977 σου
3291 3924 3516 3993 ποίησον
3543 3923 3833 3993 θαυμάσια

2232 4013 2333 4065 ὅσα
2361 4012 2455 4065 καὶ
2481 4014 2539 4065 ἐν
2564 4014 2960 4083 Καπερναούμ.
2994 4015 3167 4068 Τοῦτο
3201 4015 3308 4086 γάρ
3339 4017 3453 4069 ἐστι
3502 4015 3586 4082 τὸ,
3628 4016 3832 4086 Ἰατρὲ,

2234 4103 2573 4176 θεράπευσον
2599 4105 2826 4159 σεαυτόν
2845 4124 2859 4137 ·
2889 4107 3070 4171 κοινὸς
3109 4108 3217 4177 γὰρ
3240 4102 3308 4179 ἦν
3335 4108 3492 4176 λόγος
3529 4108 3690 4176 παρὰ
3711 4111 3832 4170 τοῖς

2247 4198 2524 4263 Ἰουδαίοις
2551 4194 2728 4266 οὗτος,
2765 4203 2879 4263 τοῖς
2909 4200 3288 4272 ἀρῤωστοῦσιν
3333 4201 3538 4269 ἰατροῖς
3576 4199 3834 4265 ἐπιλεγό-

2237 4307 2420 4362 μενος.
2449 4290 2604 4344 ”Αλλ’
2636 4290 2748 4360 ἐγὼ
2779 4291 2923 4360 λέγω
2966 4291 3119 4362 ὑμῖν,
3152 4293 3233 4346 ὅτι
3275 4293 3508 4363 ἐποίησα
3553 4292 3622 4346 ἂν
3654 4293 3831 4347 πολλὰ

2235 4386 2439 4453 σημεῖα
2469 4385 2565 4438 καὶ
2594 4385 2722 4453 παρ’
2753 4385 2883 4454 ὑμῖν
2912 4386 3026 4448 τοῖς
3074 4386 3230 4454 ἐμοῖς
3290 4384 3632 4456 πατριώταις
3655 4403 3669 4417 ·
3714 4386 3836 4440 ἀλλ’

2155 4518 2210 4578 D
2235 4470 2352 4529 οἶδα
2378 4475 2440 4530 τὸ
2469 4475 2647 4530 κοινὸν
2683 4479 2777 4529 καὶ
2811 4476 2984 4531 ἅπασι
3013 4495 3075 4530 συ
3085 4478 3310 4547 μὸαἶνον
3338 4479 3529 4544 πάθος,
3556 4481 3640 4533 ὅτι
3662 4497 3835 4533 κατα·

2241 4566 2567 4639 φρονοῦνται
2597 4569 2692 4621 καὶ
2736 4569 2807 4622 τὰ
2839 4568 3096 4638 ἐξαίρετα
3138 4569 3247 4622 τῶν
3281 4572 3646 4642 πραγμάτων,
3697 4574 3833 4626 ὅταν

2245 4659 2320 4730 μὴ
2349 4660 2550 4714 σπάνια
2575 4656 2634 4735 ᾗ,
2678 4660 2814 4715 ἀλλὰ
2862 4661 3018 4714 κοινὰ
3062 4661 3158 4714 καὶ
3200 4662 3428 4732 συνήθη,
3475 4664 3572 4716 καὶ
3625 4665 3834 4730 πάντες

2241 4755 2331 4806 ἐπ’
2355 4753 2538 4818 ἁδείας
2562 4754 2760 4824 ἔχωσιν
2792 4753 3090 4808 ἀπολαύειν
3120 4755 3300 4808 αὐτῶν
3326 4774 3338 4786 ·
3374 4757 3459 4809 ἀεὶ
3488 4755 3601 4826 γάρ
3630 4757 3836 4811 εἰώθαο

2243 4862 2328 4898 σιν
2357 4847 2419 4898 οί·
2448 4845 2728 4918 ἄνθρωποι
2791 4845 2904 4898 τῶν
2955 4846 3056 4915 μὲν
3097 4843 3270 4910 ξένων
3317 4849 3408 4900 καὶ
3458 4849 3704 4901 σπανίων
3739 4849 3839 4903 καὶ

2241 4933 2547 5003 φροντίζειν
2577 4937 2672 4987 καὶ
2711 4934 3040 5004 θαυμάζειν,
3071 4936 3179 4988 τῶν
3215 4935 3272 4987 δὲ
3306 4931 3501 4989 κοινῶν
3531 4939 3627 4988 καὶ
3661 4940 3838 5008 συνήο

2242 5027 2349 5079 θων
2379 5027 2744 5096 καταφρονεῖν
2768 5043 2781 5055 ο
2813 5026 2901 5081 διὰ
2931 5026 3090 5081 τοῦτο
3116 5027 3293 5093 οὐδεὶς
3324 5031 3612 5100 προφήτης
3649 5031 3842 5100 τίμιός

2247 5119 2392 5169 ἐστιν
2419 5118 2476 5169 ἐν
2515 5119 2580 5187 τῇ
2610 5117 2827 5189 πατρίδι
2872 5118 3038 5172 αὐτοῦ
3061 5135 3078 5150 ⁸
3112 5118 3226 5173 ἀλλ’
3276 5122 3370 5173 ἐὰν
3401 5108 3625 5175 ἄλλοθέν
3666 5123 3841 5175 ποθεν

2246 5208 2398 5280 ἔλθῃ,
2433 5209 2808 5278 θαυμάζουσιν
2859 5212 3055 5264 αὐτόν·
3087 5210 3232 5264 οὕτω
3265 5213 3359 5264 καὶ
3413 5212 3505 5265 τὸν
3547 5211 3740 5266 Ἠλίαν
3777 5218 3840 5268 αἱ

2250 5301 2347 5370 μὲν
2372 5301 2468 5368 τῆς
2507 5299 2770 5361 ἰουδαίας
2814 5302 2983 5371 χῆραι
3022 5301 3124 5356 οὐκ
3163 5302 3431 5367 ἐδέξαντο,
3467 5306 3500 5373 ὴ
3550 5302 3607 5356 δὲ
3636 5304 3831 5375 Σαρα-

2248 5389 2375 5458 ιρθία
2419 5390 2668 5456 ἐδέξατο·
2721 5391 2870 5444 καὶὸ
2938 5391 3240 5455 Ἐλισσαῖος
3290 5393 3381 5444 τὸν
3426 5392 3577 5459 ξένον
3626 5392 3841 5464 λεπρὸν

2246 5483 2536 5553 ἐκαθάρισε
2559 5523 2575 5548 ,
2627 5483 2813 5537 πίστιν
2863 5485 2941 5547 είς
2976 5486 3140 5539 αὐτὸν
3179 5484 3554 5556 ἐνδειξάμενον
3581 5499 3594 5513 ⁸
3628 5486 3678 5537 οἱ
3724 5489 3842 5556 γὰρ

2246 5578 2499 5649 συνήθεις
2557 5578 2651 5631 καὶ
2709 5579 3131 5648 συμπατριῶται
3181 5577 3347 5632 αὑτοῦ
3391 5577 3492 5630 οὐκ
3541 5577 3841 5631 ἐπίστευον

2245 5670 2422 5740 αὐτῷ,
2474 5673 2568 5721 καὶ
2612 5671 2699 5724 διὰ
2738 5669 2897 5724 τοῦτο
2947 5671 3046 5724 οὐκ
3081 5670 3547 5740 ἐκαθαρίσθησαν.
3595 5671 3842 5741 Ὁμοίως

2244 5757 2335 5815 οὖν
2394 5760 2546 5828 κάγὼ
2589 5760 2716 5830 ὑμῖν
2771 5762 2868 5828 μὲν
2900 5763 3012 5824 τοῖς
3057 5759 3395 5832 πατριώταις
3422 5761 3482 5813 οὐ
3507 5759 3652 5816 δοκῶ
3691 5761 3836 5814 θαυ-
