4028 6410
223 406 335 468 753

969 403 1416 464 ENARRATIO
1460 401 1536 460 ΙΝ
1582 399 2089 462 EVANGELIUM
2136 396 2791 459 LUC:E.-CAP.1V.

3429 391 3530 452 τω

230 517 464 588 μαστὸς,
487 516 623 571 ἀλλὰ
645 516 995 588 καταφρονοῖ)
1005 535 1104 588 μαι
1124 534 1138 548 ·
1171 519 1251 571 διὸ
1275 519 1396 571 οὐδὲ
1430 519 1637 587 σημεῖα
1658 516 1825 572 ποιῶ·

1940 517 2310 586 implebantur
2338 515 2540 580 furore,
2574 514 2716 583 quod
2748 519 2964 583 oportet
2995 509 3281 576 admirari,
3311 519 3363 564 ct
3391 525 3532 577 ptan-

227 613 342 674 τυίς
367 611 414 664 δ’
440 613 497 664 ὲν
534 611 912 680 Καπερναοὺμ
941 610 1114 663 δοκῶν
1141 611 1478 680 θαυμαστὸς,
1503 612 1598 662 καὶ
1624 612 1827 680 σημεῖα

230 705 370 758 ποιῶ
393 705 488 757 καὶ
519 703 706 765 δεκτὸς
735 704 921 764 αὐτοῖς
952 706 1088 773 είμι.
1126 703 1446 766 Ἀκούοντες
1475 705 1532 756 δὲ
1559 704 1735 756 ταῦτα
1765 707 1827 758 ὲν

227 801 292 868 τῇ
332 799 654 866 συναγωγῇ,
713 796 1049 864 ἐπληροῦντο
1078 795 1275 864 Θυμοῦ,
1324 795 1444 849 δέον
1494 795 1824 865 θαυμάζειν,

229 889 326 940 καὶ
376 888 683 956 ἐπειρῶντο
739 886 1196 958 κατακρημνίσαι
1239 885 1423 940 αὐτόν.
1477 887 1618 939 Ἀλλ’
1665 887 1827 950 αὐτὸς

226 981 458 1034 διελθὼν
505 980 594 1033 διά
644 981 810 1050 μέσου
855 981 1058 1045 αὐτῶν,
1108 980 1381 1051 ἐπορεύθη
1408 995 1419 1008 ·
1453 981 1514 1034 ού
1545 982 1606 1035 τὸ
1635 983 1828 1034 παθεῖν

226 1075 467 1143 φεύγων,
500 1073 638 1126 ἀλλὰ
663 1074 754 1126 τὸν
784 1075 977 1142 καιρὸν
1009 1073 1316 1142 ἀναμένων.
1346 1074 1438 1136 Εἰς
1462 1073 1570 1142 γάρ
1599 1071 1661 1125 τὸ
1686 1071 1828 1142 ὑπὲρ

225 1169 386 1238 ήμῶν
422 1168 618 1221 παθεῖν
651 1167 913 1236 ἐλήλυθεν
937 1182 950 1194 °
977 1166 1112 1218 ἀλλά
1158 1166 1252 1218 νῦν
1280 1167 1456 1234 ἀρχὴν
1488 1166 1705 1233 ἔχοντος
1733 1161 1826 1215 τοῦ

226 1259 614 1330 κηρύγματος,
650 1261 751 1312 οὐκ
790 1259 897 1310 ἔδει
933 1258 1129 1311 ἑαυτὸν
1161 1257 1442 1310 ἐπιδοῦναι
1475 1257 1552 1327 τῷ
1584 1256 1824 1328 Θανάτῳ,

223 1351 344 1405 ἀλλ’
412 1351 614 1414 ἱκανῶς
669 1350 994 1414 διδάξαντα,
1051 1349 1195 1402 οὕτω
1244 1348 1634 1418 τελειωθῆναι·
1682 1349 1827 1402 ὥστε

223 1446 289 1496 ἐκ
337 1441 532 1495 τούτου
583 1443 764 1510 δῆλον,
805 1443 884 1495 ὅτι
924 1442 986 1494 οὐ
1013 1442 1058 1494 δ’
1088 1442 1218 1494 ὅταν
1269 1435 1623 1510 ἐσταυρώθη,
1675 1439 1828 1493 ἄκων

224 1532 580 1604 ἐσταυρώθη,
619 1533 734 1585 ἀλλ’
769 1531 910 1587 ἑκὼν
965 1534 1160 1586 ἑαυτὸν
1208 1532 1442 1597 ἐξέδωκε
1474 1532 1551 1600 τῷ
1583 1531 1824 1602 θανάτῳ.

229 1627 368 1680 "tam
397 1626 455 1678 δὲ
486 1627 568 1680 ὅτι
601 1607 798 1695 πατρὶς
829 1626 936 1677 τῶν
964 1627 1262 1696 προφητῶν
1312 1627 1343 1695 ἡ
1389 1625 1661 1678 Ἰουδαίων
1689 1626 1824 1678 ειν.-

224 1719 443 1786 αγωγὴ,
495 1710 616 1789 ὲνῇ
659 1718 1023 1786 ἀτιμάζονται
1067 1720 1115 1769 οί
1164 1721 1483 1787 προφῆται·
1543 1716 1663 1769 οὐδὲ
1716 1718 1826 1786 γὰρ

221 1809 404 1861 δεκτοί
436 1809 611 1861 εἰσιν·
650 1811 808 1878 ἡμεῖς
843 1810 896 1860 δὲ
932 1811 981 1860 οἱ
1032 1810 1303 1879 ἀλλότριοι
1359 1809 1661 1880 ἐδεξάμεθα
1704 1808 1828 1862 τού-

1935 613 2167 678 cipitare
2221 611 2584 666 conabamur.
2621 609 2688 661 At
2742 608 2855 676 ipse
2893 621 2991 674 per
3035 604 3266 659 medium
3316 604 3528 656 illorum

1936 707 2049 770 ivit,
2098 721 2201 758 nou
2249 704 2465 772 quidem
2523 701 2832 771 passionem
2890 700 3122 760 fugiens.
3178 698 3271 752 sed
3315 705 3531 765 tempus

1932 809 2276 868 exspectans.
2305 796 2469 852 Venit
2496 794 2641 850 enim
2681 804 2739 847 ut
2768 808 2864 860 pro
2892 793 3048 846 nobis
3086 801 3364 860 pateretur
3433 791 3528 843 sed

1934 907 2078 947 nunc
2107 893 2159 945 itt
2191 889 2594 958 pradicationis
2628 887 2855 942 exordio
2885 901 2989 939 non
3014 885 3246 939 debebat
3279 900 3337 938 se
3364 884 3528 937 morti

1932 996 2206 1048 exttonere
2237 998 2250 1034 :
2282 979 2378 1035 sed
2411 990 2540 1033 tunc
2566 978 2729 1044 mori,
2759 991 2882 1032 cum
2906 971 3299 1031 Sttﬂicientihus
3325 974 3531 1048 doctri—

1933 1075 2018 1128 nis
2050 1090 2148 1128 nos
2182 1075 2480 1129 docuisset.
2511 1074 2575 1128 Et
2599 1075 2671 1126 ita
2691 1088 2756 1127 ex
2777 1072 2880 1126 hoc
2905 1069 3250 1124 manifestum
3271 1079 3352 1123 est
3381 1069 3528 1138 quod

1934 1185 2107 1238 neque
2138 1185 2260 1223 cum
2290 1170 2725 1234 cruciﬁgeretur,
2764 1167 2967 1220 inritus
2991 1165 3061 1219 sit
3085 1162 3402 1226 crucifixus,
3432 1162 3527 1216 sed

1931 1271 2126 1330 sponte
2155 1269 2380 1314 mortem
2412 1261 2628 1314 Obieril.
2661 1258 2817 1313 Scias
2851 1267 3030 1312 autem
3060 1256 3202 1325 quod
3235 1254 3525 1323 prOpheta-

1933 1369 2051 1407 rum
2104 1353 2298 1421 patria,
2345 1352 2631 1422 Synngoga
2669 1350 2990 1406 Iud-eurum
3028 1361 3130 1414 est,
3171 1349 3224 1402 in
3253 1362 3358 1417 qua
3397 1361 3524 1416 pro-

1933 1448 2106 1516 pheta:
2151 1444 2512 1509 desiticahiles
2567 1455 2719 1510 sunt,
2747 1453 2802 1498 et
2835 1459 2941 1498 non
2974 1443 3349 1512 suscipiuntur
3382 1457 3394 1493 :
3431 1454 3528 1493 nos

1932 1545 2112 1590 autem
2166 1536 2483 1606 alienigenze
2547 1535 2890 1605 suscepimus
2963 1535 3106 1589 illos.
3155 1531 3332 1587 Vidua
3382 1532 3527 1587 enim

1935 1628 2196 1691 Ecclesia,
2234 1628 2478 1696 inquam,
2517 1644 2640 1698 quae
2672 1645 2735 1683 ex
2779 1629 3030 1699 gentibus
3057 1628 3306 1691 collecta,
3343 1639 3531 1680 susce-

1933 1722 2008 1788 pit
2066 1719 2260 1784 Eliam,
2317 1722 2416 1775 hoc
2458 1731 2541 1776 est
2590 1722 2966 1790 propheticum
3019 1736 3351 1783 sermonem,
3407 1734 3530 1773 cum

1933 1821 2077 1865 esset
2093 1812 2263 1864 fames
2284 1809 2586 1878 spiritualis
2605 1809 2743 1864 facta
2763 1811 2813 1864 in
2839 1809 3017 1864 Judaza
3038 1827 3052 1874 ;
3073 1809 3262 1872 fames,
3281 1808 3532 1885 inquam,

222 1917 385 1965 τους·
421 1904 453 1970 ἠ
477 1902 588 1972 γὰρ
613 1868 844 1972 χέραξὴ
874 1903 932 1965 ἐξ
964 1901 1137 1954 ἐθνῶν
1181 1868 1482 1973 ’ἐκκλησίᾷ
1514 1868 1680 1971 λέγω.
1712 1901 1828 1955 ἐδέ-

1938 1903 2192 1959 audiendi
2225 1904 2673 1959 scrmonem'Dei.
2699 1902 2772 1958 De
2799 1904 2901 1958 hac
2926 1917 3059 1958 sane
3077 1901 3239 1956 vidua
3268 1882 3533 1970 propheta

225 1994 352 2058 ξχτο
395 1995 489 2048 τὸν
537 1996 748 2060 Ἠλίαν,
802 1995 1077 2059 τουτέστι,
1127 1997 1217 2048 τὸν
1253 1996 1598 2067 προφητικὸν
1647 1995 1828 2063 λόγον,

229 2085 392 2155 λιμοῦ
428 2089 725 2157 γενομένου
775 2089 966 2159 νοητοῦ
1006 2091 1064 2142 ἐν
1097 2093 1166 2159 τῇ
1220 2090 1465 2157 Ἰουδαίᾳ,
1523 2088 1688 2160 λιμοῦ
1732 2087 1829 2142 τοῦ

153 2208 160 2212 -
223 2183 462 2236 ἀκοῦσαι
515 2183 672 2251 λόγον
720 2185 854 2236 Θεοῦ
884 2203 898 2216 ο
933 2187 1061 2254 περὶ
1109 2186 1314 2254 ταύτης
1349 2184 1405 2236 δὲ
1452 2183 1550 2252 τῆς
1596 2184 1771 2253 χήρας
1799 2183 1828 2234 δ

1935 1997 2067 2050 dicit
2108 1999 2248 2065 quod
2281 1996 2464 2064 plures
2496 2006 2622 2050 sunt
2655 1994 2749 2050 ﬁlii
2784 1996 3034 2059 deserta},
3076 2009 3238 2064 quam
3271 1991 3394 2062 ejus
3416 2006 3534 2060 qua:

1936 2089 2099 2143 habet
2121 2090 2319 2142 virum.
2346 2090 2409 2142 Et
2436 2104 2649 2142 rursum
2673 2087 2800 2156 quia
2820 2087 3022 2142 sterilis
3048 2085 3256 2156 peperit
3283 2093 3490 2154 septem
3517 2098 3533 2136 :

1933 2192 1988 2234 et
2015 2196 2134 2250 quae
2172 2183 2367 2236 multos
2405 2182 2638 2236 hahehat
2673 2181 2834 2245 ﬁlios,
2874 2179 3147 2234 inﬁrmata
3176 2188 3282 2233 est.

225 2277 518 2344 προφήτης
574 2278 762 2344 φησὶν,
800 2278 881 2330 ὅτι
932 2277 1102 2329 πολλὰ
1165 2278 1230 2327 τὰ
1305 2277 1469 2328 τέκνα
1515 2276 1614 2344 τῆς
1675 2275 1887 2345 ἐρήμου
1931 2273 2134 2344 μᾶλλον
2189 2275 2221 2344 ἢ
2292 2275 2392 2344 τῆς
2443 2273 2675 2344 ἐχούσης
2729 2271 2820 2324 τὸν
2870 2270 3067 2342 ἄνδρα·
3112 2268 3207 2323 λαὶ
3252 2266 3417 2321 πάλιν
3455 2267 3560 2320 ὄτο-

228 2372 417 2437 στεῖρα
455 2370 640 2420 ἔτεκεν
682 2372 840 2434 ἑπτὰ,
886 2375 979 2424 καὶ
1013 2374 1044 2439 ἡ
1085 2372 1253 2441 πολλὴ
1294 2374 1348 2422 ἐν
1390 2373 1604 2434 τέκνοις
1639 2371 1966 2441 ἠσθένησεν.

304 2480 323 2510 ι
374 2462 485 2512 Καὶ
521 2464 790 2530 κατῆλθεν
832 2469 911 2527 είς
950 2467 1353 2535 Καπερναοίιμ,
1406 2467 1564 2517 πόλιν
1599 2467 1692 2536 τῆς
1723 2467 1831 2519 ra“

226 2554 438 2618 λιλαίας
459 2572 472 2587 ⁸

229 2650 322 2700 καὶ
349 2648 752 2718 ἐξεπλήσσοντο
795 2655 883 2704 ἐπὶ
918 2657 979 2722 τῇ
1019 2655 1206 2723 διδαχῇ
1253 2654 1440 2715 αὐτοῦ,
1472 2655 1551 2706 ὅτι
1581 2657 1638 2707 ἐν
1675 2655 1826 2720 ἐξου-

231 2738 322 2809 σία
352 2737 420 2810 ἦν
460 2742 487 2793 ὁ
519 2741 677 2807 λόγος
725 2743 915 2795 αὑτοῦ·
954 2747 1045 2797 καὶ
1081 2749 1138 2798 ἐν
1185 2750 1247 2815 τῇ
1297 2749 1599 2820 Συναγωγῇ
1633 2745 1699 2820 ἦν
1725 2752 1824 2805 άν-

515 2558 612 2609 καὶ
641 2554 706 2628 ἦν
758 2561 1026 2613 διδάσκων
1068 2561 1265 2622 αὐτοὺς
1303 2563 1359 2611 ἐν
1389 2565 1500 2624 τοῖς
1549 2560 1823 2613 Σάϐϐασι·

233 2833 474 2901 Θρωττος,
526 2837 664 2906 ἔχων
727 2838 944 2908 πνεῦμα
1005 2841 1286 2908 δαιμονίου
1340 2843 1686 2913 ἀκαθάρτου·
1732 2847 1830 2899 καὶ

233 2926 505 2995 ἁνέκρπξε
557 2932 708 2998 φωνῇ
772 2932 1007 3002 μεγάλῃ,
1051 2933 1253 3000 λέγων·
1313 2937 1437 2998 Ἔα,
1470 2936 1523 2988 τί
1553 2938 1687 3006 ἡμῖν
1738 2937 1836 2990 καὶ

236 3021 342 3082 σοὶ,
393 3021 570 3088 Ἰησοῦ
620 3023 949 3093 Ναζαρηνὲ,
997 3022 1160 3095 ἦλθες
1195 3028 1460 3081 ἀπολέσαι
1497 3031 1677 3100 ἡμᾶς
1703 3025 1836 3085 Οἶδά

234 3128 293 3162 σε
328 3112 412 3174 τίς
450 3110 531 3164 εἴ·
579 3114 636 3166 Ὀ
673 3117 824 3181 ἆγιος
853 3118 944 3170 τοῦ
966 3119 1122 3174 Θεοῦ.
1166 3121 1272 3172 Καὶ
1304 3122 1641 3191 ἐπετίμησεν
1677 3121 1829 3192 αύπῷ

2017 2462 2182 2520 Vatis.
2213 2465 2407 2520 51-57.
2450 2484 2467 2517 ι
2502 2464 2569 2520 Ει
2614 2463 2899 2520 descendit
2929 2463 2982 2517 in
3013 2462 3354 2531 Capernaum
3403 2460 3538 2514 civi-

1936 2566 2104 2614 tatem
2160 2559 2418 2623 Galilaeze,
2478 2560 2658 2630 ibique
2701 2559 2929 2614 docebat
2979 2557 3098 2611 illos
3153 2555 3428 2610 Sabbatis.
3476 2553 3536 2607 lit

1936 2655 2229 2722 stupebant
2259 2670 2424 2723 super
2457 2655 2705 2708 doctrina
2761 2653 2901 2723 ejus,
2943 2653 3065 2722 quia
3108 2665 3229 2705 cum
3265 2646 3537 2718 potestate

1937 2749 2263 2818 conjttnctus
2291 2760 2409 2802 erat
2441 2764 2621 2803 sermo
2652 2749 2841 2818 ipsius.
2881 2745 2944 2799 Et
2976 2746 3028 2798 in
3060 2743 3222 2815 302
3249 2742 3533 2813 Syuagoga

1936 2851 2055 2896 erat
2090 2842 2254 2895 homo
2311 2842 2520 2896 hahens
2556 2841 2810 2911 spiritum
2848 2838 3110 2893 daamouis
3162 2833 3448 2890 immundi.
3485 2842 3537 2884 ct

1935 2935 2258 2989 exclatnat‘it
2311 2950 2445 2989 voce
2492 2950 2688 3003 magna
2732 2935 2961 2988 dicens:
3000 2931 3094 2984 Eia
3129 2929 3254 2999 quid
3303 2926 3400 2980 tihi
3439 2943 3537 2976 tto-

1936 3028 2145 3081 hiscum
2178 3038 2282 3093 est,
2324 3026 2451 3082 Jesu
2503 3027 2828 3082 Nazarene?
2876 3025 3070 3078 venisti
3101 3025 3168 3076 ad
3200 3021 3533 3093 perdendum

1940 3119 2077 3173 nos?
2110 3118 2236 3175 Scio
2267 3129 2316 3175 le
2341 3121 2432 3188 qui
2463 3121 2538 3174 sis
2569 3139 2580 3173 :
2619 3119 2852 3175 Sanctus
2879 3118 2956 3172 illi
2995 3117 3106 3170 Dei.
3141 3115 3205 3169 Et
3238 3113 3540 3183 increpavit

231 3204 260 3253 ὁ
305 3204 540 3272 Ἰησοῦς,
592 3207 769 3273 λέγων
795 3223 808 3237 ⁸
852 3210 1138 3279 Φιμώθητι
1195 3213 1291 3265 καὶ
1321 3213 1502 3277 ἔξελθε
1530 3212 1586 3280 ἐξ
1614 3215 1783 3268 αὐτοῦ
1809 3230 1826 3246 ⁸

1939 3214 2089 3266 illutn
2119 3212 2277 3269 Jesus
2314 3231 2328 3267 :
2363 3214 2712 3278 Obmutesce,
2741 3222 2796 3266 et
2832 3210 2918 3264 cxi
2948 3209 3015 3262 ab
3049 3225 3134 3263 eo.
3166 3207 3230 3261 Et
3259 3222 3382 3261 cum
3411 3219 3538 3273 pro-

235 3296 330 3345 καὶ
363 3295 525 3363 ῥίψαν
565 3299 730 3351 αὑτὸν
760 3301 821 3352 τὸ
849 3300 1130 3371 δαιμόνιον
1167 3306 1249 3364 είς
1282 3305 1340 3356 τὸ
1379 3306 1562 3374 μέσον,
1603 3305 1833 3375 ἐξῆλθεν

234 3388 331 3439 ἀπ’
363 3389 556 3453 αὑτοῦ,
587 3392 753 3462 μηδὲν
785 3393 998 3464 βλάψαν
1021 3397 1208 3450 αὐτόν.
1236 3398 1344 3450 Καὶ
1377 3399 1597 3466 ἐγένετο
1622 3399 1834 3469 θάμϐος

235 3481 330 3532 ἐπὶ
366 3481 577 3544 πάντας
601 3499 614 3511 ·
654 3487 745 3538 καὶ
792 3487 1122 3540 συνελάλουν
1154 3489 1292 3558 πρὸς
1323 3490 1608 3558 ἀλλήλους,
1647 3491 1834 3559 λέγον-

233 3589 325 3634 τες
351 3589 366 3602 ⁸
406 3573 500 3630 Τίς
539 3575 565 3624 ό
591 3574 750 3642 λόγος
798 3569 975 3639 οὗτος,
1009 3580 1089 3631 ὄτι
1123 3581 1179 3631 ὲν
1211 3581 1435 3652 ἐξουσίᾳ
1475 3584 1570 3634 καὶ
1601 3581 1833 3652 δυνάμει

235 3666 526 3719 ἐπιτάσσει
559 3671 672 3732 τοῖς
716 3670 1052 3741 ἀκαθάρτοις
1106 3673 1408 3743 πνεύμασι,
1445 3675 1538 3727 καὶ
1577 3675 1832 3746 ἐξέρχον-

232 3777 360 3823 ται;
414 3760 526 3813 Καὶ
579 3762 939 3833 ἐξεπορεύετο
965 3760 1099 3836 ἦχος
1147 3769 1276 3837 περὶ
1322 3767 1489 3821 αὐτοῦ
1529 3771 1610 3833 εἰς
1655 3771 1837 3827 πάντα

233 3851 402 3904 τόπον
432 3854 534 3920 τῆς
563 3855 899 3926 περιχώρου.
942 3876 958 3907 ι
1013 3857 1234 3929 Ἐπειδὴ
1256 3862 1385 3924 τοὺς
1415 3861 1682 3927 ἀπίστους
1708 3861 1832 3916 οὔτε

232 3943 558 3998 ἱιδασκαλία
588 3947 874 4013 ἐφέλκεται
902 3949 1038 4020 πρὸς
1056 3951 1262 4010 πίστιν,
1284 3952 1370 4004 διὰ
1400 3953 1560 4006 τοῦτο
1581 3957 1608 4007 ό
1628 3955 1836 4027 Κύριος

234 4037 335 4100 τὰς
365 4038 817 4109 θαυματουργίας
844 4043 1135 4110 προσάγει,
1167 4040 1282 4098 οἶόν
1310 4063 1359 4098 τι
1388 4046 1834 4115 δραστικώτατον

234 4127 532 4196 φάρμακον
558 4142 570 4156 ·
598 4129 1014 4201 θαυματουργεῖ
1046 4128 1139 4185 οὖν
1170 4136 1227 4186 ὲν
1266 4137 1647 4208 Καπερναούμ
1666 4157 1680 4172 °
1706 4143 1834 4196 ἀπι·

235 4218 492 4271 στότατοι
514 4217 623 4288 γὰρ
643 4213 789 4272 οὗτοι
811 4223 906 4274 καὶ
927 4223 1142 4276 πολλῶν
1168 4224 1414 4294 δεόμενοι
1444 4229 1581 4298 πρὸς
1611 4230 1794 4285 πίστιν
1815 4249 1828 4264 ·

233 4311 361 4364 ἐπεὶ
402 4311 585 4364 τοίνυν
616 4312 856 4379 ἐδίδαξεν
891 4315 1117 4380 ἱκανῶς,
1157 4319 1253 4371 καὶ
1282 4320 1445 4374 τοῦτο
1475 4320 1551 4386 ὼς
1581 4323 1832 4390 ἐξουσίαν

233 4404 374 4474 ἔχων
413 4406 512 4466 (ού
548 4404 658 4476 γὰρ
688 4405 864 4473 ἔλεγε,
912 4410 1038 4464 τάδε
1092 4410 1243 4478 λέγει
1289 4414 1516 4484 Κύριος,
1568 4415 1684 4470 ἀλλ’
1717 4419 1828 4486 ἐγὼ

231 4489 380 4556 λέγω
413 4491 563 4560 ὑμῖν,
599 4492 682 4544 ὅτι
715 4494 850 4561 μηδὲ
883 4495 959 4558 ῶς
1003 4491 1084 4559 εἷς
1115 4499 1226 4553 τῶν
1266 4504 1568 4572 προφητῶν
1595 4501 1685 4577 ἦν,
1713 4509 1830 4562 ἀλλ’

1935 3307 2158 3376 jecisset
2190 3305 2341 3358 illum
2401 3305 2731 3359 daamoniutu
2765 3305 2816 3357 in
2853 3304 3112 3365 medium,
3152 3299 3286 3354 exiit
3326 3299 3538 3360 abillo,

1942 3399 2186 3466 nihilque
2245 3397 2319 3451 illi
2383 3398 2588 3452 nocuit.
2649 3398 2715 3452 Et
2770 3397 2951 3452 factus
3013 3407 3094 3451 est
3150 3411 3318 3466 pavor
3378 3411 3541 3464 super

1941 3505 2154 3552 omnes,
2184 3499 2235 3544 et
2265 3488 2723 3560 colloquebantur
2757 3491 2898 3542 inter
2925 3504 3066 3554 sese,
3097 3489 3342 3542 dicentes
3368 3504 3380 3539 :
3409 3487 3540 3553 Quis

1940 3596 2122 3636 sermo
2157 3581 2246 3636 hic
2296 3593 2402 3644 est,
2457 3582 2582 3648 quia
2627 3595 2749 3635 cum
2810 3582 3135 3634 auctoritate
3165 3589 3218 3632 et
3269 3587 3542 3648 potestate

1950 3677 2181 3744 imperat
2207 3675 2502 3728 immundis
2527 3674 2831 3743 spiritibus,
2856 3681 3126 3727 etexeunt
3149 3672 3171 3725 ἲ
3197 3671 3258 3724 Ει
3294 3672 3538 3740 divulga-

1940 3767 2258 3822 haturfama
2289 3769 2354 3822 de
2378 3767 2467 3820 illo
2488 3767 2540 3820 in
2569 3782 2786 3822 omnem
2819 3765 2999 3820 locum
3033 3765 3272 3835 undique
3295 3765 3540 3818 ﬁnitimae

1942 3862 2201 3932 regionis.
2231 3879 2249 3912 ι
2275 3859 2572 3929 Postquam
2601 3873 2776 3927 neque
2813 3859 2952 3912 ratio
2993 3875 3168 3930 neque
3193 3859 3440 3913 doctrina
3473 3857 3540 3913 ad

1942 3954 2102 4008 ﬁdem
2160 3953 2337 4019 rapuit
2386 3950 2716 4014 incredulos,
2758 3949 3018 4006 Dominus
3046 3951 3111 4005 ad
3146 3953 3533 4005 miraculorum

1939 4043 2311 4111 Operatiouem
2347 4056 2405 4095 se
2441 4043 2735 4104 convertit,
2775 4057 2871 4095 ceu
2907 4039 3342 4096 efﬁcacissimum
3368 4043 3537 4109 phar-

1941 4152 2176 4190 macum.
2237 4134 2494 4188 Miracula
2549 4134 2713 4204 igitur
2762 4143 3021 4202 Operatur
3058 4135 3109 4188 in
3158 4136 3530 4202 Lapernaum.

1940 4227 2109 4282 Valde
2140 4227 2285 4281 enim
2318 4225 2582 4280 increduli
2616 4235 2795 4289 erant,
2827 4237 2874 4281 et
2905 4226 3088 4280 multis
3110 4228 3175 4280 ad
3204 4229 3362 4279 Iidem
3395 4227 3538 4280 indi-

1937 4324 2135 4390 gebant
2159 4339 2172 4375 :
2199 4321 2406 4375 idcirco
2425 4329 2711 4387 postquam
2735 4321 2868 4375 satis
2887 4321 3094 4385 docuit,
3115 4329 3170 4375 et
3193 4321 3245 4376 id
3276 4329 3535 4391 tanquam

1940 4421 2213 4477 potestate
2265 4411 2530 4478 prteditus
2567 4411 2697 4480 (non
2747 4413 2895 4466 enim
2939 4411 3174 4476 dicebat,
3227 4413 3353 4467 Haec
3406 4414 3538 4466 dicit

1937 4505 2222 4570 Dominus,
2269 4509 2387 4569 sed,
2437 4504 2550 4576 Ego
2604 4504 2726 4558 dico
2757 4503 2907 4558 vobis
2937 4522 2947 4556 :
2981 4505 3107 4574 quia
3143 4520 3247 4559 non
3297 4522 3436 4559 unus
3470 4521 3536 4560 ex

230 4582 442 4651 ἀληθὴς
490 4583 617 4647 Υἱὸς
651 4586 743 4638 τοῦ
770 4587 960 4670 θεοῦ),
990 4591 1131 4657 μετὰ
1183 4593 1357 4648 ταῦτα
1407 4597 1607 4666 ἐπάγει
1646 4601 1829 4656 καὶτὸ

1939 4598 2216 4669 prophetis
2249 4606 2388 4659 erat,
2432 4599 2528 4650 sed
2566 4611 2690 4650 rere
2752 4595 2844 4649 Dei
2890 4595 3107 4667 Filius),
3146 4597 3328 4652 subdit
3368 4599 3534 4652 etiam

234 4674 446 4744 θαῦμα,
506 4681 601 4730 καὶ
654 4678 948 4750 θεραπεύει
999 4683 1092 4735 τὸν
1140 4685 1614 4760 δαιμονιζόμενον.
1681 4693 1738 4747 Ὀ
1777 4695 1833 4748 δὲ

232 4768 447 4837 δαίμων
501 4770 767 4840 πρότερον
804 4776 1061 4843 ὁμολογεῖ
1090 4779 1188 4848 τὴν
1221 4781 1443 4853 ἔχθραν,
1502 4784 1590 4838 ἵνα
1620 4786 1652 4856 ἠ
1686 4804 1832 4858 μαρ-

233 4862 398 4949 τυρία
429 4861 747 4926 ἀξιόπιστος
780 4867 864 4937 εἴη
891 4885 904 4900 ·
943 4866 1065 4922 εἶτα
1120 4872 1318 4938 ἐπάγει
1352 4873 1451 4944 τὴν
1482 4880 1794 4949 μαρτυρίαν
1815 4896 1829 4912 ·

233 4947 366 5008 Οἶδά
381 4972 440 5008 σε
460 4956 544 5018 τίς
570 4955 636 5009 εἷ.
655 4959 715 5011 '0
734 4960 887 5028 ἆγιος
910 4963 1003 5015 τοῦ
1024 4965 1181 5022 Θεοῦ.
1202 4967 1478 5040 Πρότερον
1491 4965 1584 5024 οὖν
1605 4947 1835 5039 ἐγκαλεῖ

233 5046 402 5116 αὐτῷ·
433 5047 499 5099 Τί
521 5043 683 5118 ἦλθες
707 5044 808 5104 ὧδε
839 5050 1106 5110 ἀπολέσαι
1139 5059 1288 5128 ἡμᾶς
1310 5076 1324 5123 ;
1350 5055 1483 5114 Εἶτα
1516 5063 1830 5129 κολακεύει,

231 5137 406 5192 δοκῶν
436 5140 532 5193 τὸν
567 5141 774 5213 Κύριον
799 5145 903 5199 ὑπὸ
924 5152 1030 5216 τῆς
1065 5148 1359 5215 κολακείας
1396 5147 1830 5223 μαλακισθέντα,

232 5231 418 5287 ἐάσειν
478 5233 682 5286 αὐτόν·
739 5236 918 5302 οὕτως
987 5241 1217 5312 ἀνόητον
1252 5245 1285 5313 ἡ
1329 5247 1602 5316 πονηρία·
1657 5248 1833 5303 ἀλλ’ό

235 5325 465 5395 Κύριος,
505 5325 776 5381 διδάσκων
831 5331 1001 5399 ἡμᾶς,
1041 5333 1128 5388 ἵνα
1162 5335 1238 5405 μὴ
1271 5337 1564 5408 χρῄζωμεν
1593 5343 1692 5411 τῆς
1725 5342 1832 5395 ἀπὺ

229 5416 342 5469 τῶν
396 5417 673 5486 δαιμόνων
733 5425 1045 5494 μαρτυρίας
1103 5425 1201 5479 καὶ
1259 5430 1599 5495 συστάσεως,
1660 5435 1828 5502 φησί·

231 5509 540 5580 Φιμώθητι,
598 5513 694 5564 καὶ
747 5514 929 5579 ἔξελθε
974 5518 1034 5581 ἐξ
1081 5520 1270 5576 αὐτοῦ.
1333 5523 1620 5594 Συγχωρεῖ
1663 5527 1830 5590 δὲτῷ

229 5600 448 5669 δαίμονι
508 5602 660 5673 ῥίψαι
707 5607 799 5660 τον
844 5607 1157 5678 ἄνθρωπον,
1195 5613 1280 5666 ἵνα
1331 5615 1579 5684 μάθωσιν
1607 5619 1659 5671 οἱ
1692 5639 1831 5693 παρ-

231 5695 492 5761 εστῶτες,
525 5696 608 5749 ὅτι
654 5698 822 5762 ὅντως
878 5703 1155 5772 δαιμόνιον
1189 5704 1320 5778 εἶχε.
1366 5711 1637 5764 Κάκείνου
1672 5709 1739 5783 ἦν
1761 5715 1830 5769 τὰ

235 5789 479 5858 ῥήματα,
507 5792 553 5842 εί
595 5792 688 5846 καὶ
717 5795 748 5864 ἡ
782 5795 1006 5862 γλῶσσα
1046 5800 1140 5854 τοῦ
1191 5802 1488 5874 ἀνθρώπου
1522 5805 1789 5878 ὑπούργει
1812 5825 1825 5839 ·

232 5881 329 5936 καὶ
352 5882 421 5953 δὴ
456 5883 787 5943 συνελάλουν
821 5893 954 5960 πρὸς
993 5893 1258 5966 ἀλλήλους
1299 5896 1559 5964 ἅπαντες,
1617 5899 1828 5971 θαυμά-

1941 4689 2296 4754 miraculum,
2330 4697 2381 4742 et
2416 4695 2575 4742 sanat
2611 4687 2882 4741 daemonio
2910 4687 3196 4756 agitatum.
3219 4687 3290 4742 At
3323 4687 3534 4743 damon

1939 4785 2261 4838 inimicitias
2304 4782 2541 4852 primum
2601 4779 2828 4844 fatetur,
2869 4797 2978 4850 quo
3013 4783 3378 4836 testimonium
3420 4782 3537 4852 ejus

1938 4877 2044 4931 ﬁde
2076 4877 2292 4945 dignius
2324 4875 2430 4932 sit:
2461 4875 2585 4930 dein
2613 4875 2833 4942 subjicit
2861 4875 3238 4930 testimonium
3265 4892 3277 4929 :
3304 4873 3430 4930 Scio
3460 4887 3530 4941 te,

1936 4970 2028 5039 qui
2078 4969 2179 5038 sis,
2247 4969 2482 5022 Sanctus
2536 4967 2626 5022 ille
2677 4969 2794 5022 Dei.
2858 4967 3018 5023 Prius
3078 4969 3242 5037 igitur
3285 4968 3534 5038 increpat

1937 5063 2087 5117 illum
2115 5079 2130 5116 :
2163 5061 2277 5117 Cur
2305 5060 2500 5115 venisti
2529 5061 2633 5115 huc
2662 5061 2895 5130 perdere
2931 5063 3074 5118 nos?
3105 5063 3300 5118 Postea
3339 5065 3537 5119 adula-

1940 5165 2046 5221 tur,
2076 5148 2406 5210 existimans
2433 5153 2721 5208 Dominum
2749 5156 3064 5212 adulatione
3092 5155 3323 5211 fractum
3355 5157 3535 5213 sinere

1937 5249 2088 5304 illum
2118 5265 2131 5301 :
2170 5257 2277 5302 tam
2303 5247 2467 5303 stulta
2504 5263 2590 5302 res
2627 5257 2709 5302 est
2743 5248 2984 5316 malitia;
3022 5250 3116 5304 sed
3145 5250 3409 5306 Dominus
3437 5252 3532 5305 do-

1937 5359 2066 5398 cens
2106 5356 2204 5396 nos
2235 5358 2300 5396 ne
2330 5350 2549 5397 utamur
2597 5342 2904 5397 daemonum
2959 5344 3288 5400 testimoniis
3320 5358 3375 5400 et
3404 5360 3531 5399 sen-

1938 5437 2123 5490 tentiis
2155 5453 2167 5488 :
2203 5433 2533 5491 Obmutesce
2558 5476 2574 5502 ,
2640 5436 2861 5506 inquit,
2899 5445 2954 5492 et
2990 5438 3252 5507 egredere
3299 5454 3364 5493 ex
3417 5439 3533 5493 illo.

1935 5526 2210 5583 Permittit
2261 5536 2440 5582 autem
2477 5529 2709 5582 daemoni
2745 5539 2799 5582 ut
2838 5532 3090 5599 projiciat
3135 5531 3433 5594 hominem,
3470 5542 3529 5586 ut

1935 5625 2210 5677 discerent
2240 5622 2661 5676 circumsmntes
2694 5621 2844 5674 illum
2883 5639 3008 5676 vere
3034 5623 3285 5678 habuisse
3321 5625 3530 5676 datum-

1938 5715 2105 5780 nium,
2143 5715 2299 5784 cujus
2353 5723 2509 5768 erant
2555 5713 2743 5778 verba,
2802 5718 3015 5770 tametsi
3074 5717 3255 5787 lingua
3297 5718 3533 5772 hominis

1937 5807 2300 5862 ministraret.
2354 5805 2654 5875 Propterea
2712 5807 3161 5877 colloquehautur
3216 5810 3358 5861 inter
3412 5825 3532 5862 sese

1935 5917 2123 5957 omnes
2155 5902 2492 5956 admirantes
2515 5900 2581 5957 de
2611 5901 2810 5957 talibus
2834 5899 2992 5958 {actis
3011 5912 3062 5958 ct
3092 5902 3368 5960 dicentes:
3400 5905 3532 5965 Quis
