4028 6406
539 376 644 440 755

1464 376 2038 452 THEOPHYLAC’I‘I
2080 376 2493 440 BULGARl/E
2535 374 2892 437 ARCHIEP.

3680 369 3791 434 756

540 505 721 545 sermo
759 491 866 553 hic,
900 491 950 546 id
995 499 1099 552 est,
1131 493 1467 547 mandatum
1503 492 1643 546 istud
1674 507 1783 562 quo
1836 493 2061 561 imperat
2093 512 2100 551 :

2217 497 2400 560 ζοντες
2430 493 2522 546 ἐπὶ
2553 495 2664 555 τοῖς
2685 491 3019 561 γενομένοις,
3044 488 3138 542 καὶ
3164 487 3446 556 λέγοντεςθ
3468 485 3568 546 Τίς
3592 490 3619 540 ό
3641 487 3803 554 λόγος

539 582 632 635 Exi
663 583 729 636 ab
785 582 898 642 illo.
934 590 989 635 et
1030 581 1390 637 obmutesce?
1445 582 1598 638 Scias
1648 593 1828 637 autem
1886 586 2027 650 quod
2060 595 2113 638 et

539 689 680 726 nunc
718 672 868 725 multi
905 672 1102 728 habent
1140 675 1428 737 daemonia.
1468 675 1559 742 qui
1608 675 1910 729 daemonum
1949 677 2111 744 perti-

540 764 686 815 ciunt
715 765 1208 832 concupiscentias,
1248 773 1310 819 ut
1357 765 1649 821 iracundus
1687 769 1777 837 qui
1818 768 1977 830 habet
2004 769 2112 820 dae-

540 855 776 908 monium
815 858 930 911 irae.
983 857 1050 910 At
1092 859 1136 913 si
1191 858 1402 913 venerit
1437 858 1594 916 Jesus
1643 861 1692 913 in
1751 860 2107 932 Synagogatn,

539 946 639 999 hoc
670 955 778 1010 est,
820 963 938 1000 cum
971 964 1126 1003 mens
1160 949 1322 1004 fuerit
1359 952 1684 1016 coadunata,
1718 961 1769 1005 et
1809 968 1911 1006 non
1956 953 2108 1004 diva-

535 1045 711 1105 gatur,
762 1045 889 1092 tunc
920 1037 1064 1092 dicet
1115 1039 1379 1094 daemonio
1414 1041 1526 1105 ἱνα),
1579 1057 1696 1111 qua:
1727 1043 1963 1096 coerceri
2012 1058 2106 1096 ne-

537 1126 723 1191 quibat
753 1127 1145 1197 :Obmulesce;
1175 1139 1228 1184 et
1264 1135 1445 1185 statim
1471 1149 1590 1186 cum
1623 1133 1914 1200 proiecerit
1934 1133 2110 1188 ltomi-

537 1230 658 1268 nem
696 1215 748 1268 in
796 1220 1056 1284 medium,
1108 1223 1414 1288 egredietur
1443 1238 1505 1276 ex
1537 1238 1621 1277 eo.
1659 1224 1794 1289 Quid
1825 1233 2006 1279 autem
2036 1224 2108 1279 sit

538 1306 589 1358 in
622 1309 856 1362 medium
916 1310 1125 1381 projici,
1188 1312 1351 1366 disce.
1397 1312 1620 1378 Oportet
1672 1313 1946 1368 hominem
1999 1329 2105 1368 non

540 1399 762 1453 omnino
793 1401 1106 1455 iracundum
1137 1416 1258 1457 esse
1293 1412 1346 1456 et
1377 1420 1642 1468 amarum,
1697 1406 1929 1460 crudelis
1961 1408 2105 1461 enim

533 1489 634 1545 hoc
667 1500 720 1544 et
754 1493 1074 1549 truculentae
1111 1495 1294 1548 bestiae
1343 1496 1525 1561 fuerit,
1565 1511 1740 1567 neque
1770 1499 1994 1552 omnino
2025 1499 2103 1552 ira

529 1593 827 1650 carentem,
866 1601 986 1639 nam
1035 1587 1136 1641 hoc
1183 1587 1443 1642 insensati
1499 1588 1682 1654 fuerit,
1716 1589 1808 1644 sed
1861 1589 2091 1643 mediam

531 1672 784 1729 incedere
812 1676 975 1744 viam,
1006 1687 1059 1732 et
1089 1678 1325 1734 furorem
1359 1695 1510 1736 serva
1524 1697 1579 1735 re
1605 1691 1793 1736 contra
1821 1680 2100 1734 malitiam.

529 1765 662 1820 Cum
698 1769 862 1838 igitur
897 1771 949 1825 in
976 1773 1208 1826 medium
1246 1774 1365 1841 quis
1397 1789 1423 1828 a
1473 1775 1614 1829 malo
1657 1775 1850 1844 spiritu
1883 1773 2102 1844 projici-

531 1866 638 1923 tur,
670 1859 993 1929 relinquitur
1019 1863 1087 1916 ab
1116 1879 1204 1918 eo.

609 2037 770 2093 Vsus.
811 2039 997 2093 38-“.
1039 2060 1057 2093 ι
1091 2041 1227 2096 Cum
1279 2046 1602 2099 surrexisset
1635 2053 1814 2098 autem
1855 2043 2014 2100 Jesus
2045 2045 2111 2100 de

530 2130 846 2204 Synagoga,
903 2134 1144 2189 introivit
1173 2136 1223 2188 iu
1277 2136 1493 2190 donuun
1573 2138 1831 2191 Simonis.
1910 2139 2112 2194 Socrus

528 2236 708 2278 ant-em
767 2225 1004 2282 Simonis
1037 2230 1319 2283 tenebatur
1359 2231 1495 2284 febri
1557 2247 1768 2300 magna,
1799 2240 1854 2285 et
1883 2245 2110 2302 rogave-

532 2328 648 2372 runt
690 2318 837 2372 illum
885 2334 982 2389 pro
1014 2335 1097 2373 ea.
1134 2319 1200 2374 Et
1235 2334 1420 2375 astans
1456 2337 1618 2391 supra
1654 2323 1821 2386 illam,
1860 2324 2105 2393 increpa-

530 2412 606 2466 vit
636 2413 864 2477 febrem,
900 2424 952 2466 et
983 2413 1150 2467 l'ebris
1186 2414 1394 2468 dimisit
1445 2414 1630 2470 illam:
1659 2416 1952 2483 statimque
1982 2432 2105 2471 sor-

525 2519 678 2574 gens,
714 2506 1061 2561 ministrabat
1116 2506 1245 2562 illis.
1282 2507 1414 2561 Cum
1447 2516 1624 2562 autem
1661 2507 1820 2578 303
1851 2509 1928 2563 sol
1958 2509 2108 2564 occi-

521 2599 694 2666 deret,
733 2616 923 2654 omnes
953 2602 1042 2671 qui
1078 2601 1351 2655 habebant
1403 2601 1647 2657 inﬁrmos
1682 2604 1884 2656 morbis
1920 2604 2102 2667 variis,

526 2694 794 2748 ducebant
823 2695 944 2749 illos
974 2697 1039 2749 ad
1076 2711 1222 2750 eum.
1257 2695 1326 2748 At
1368 2694 1455 2750 ille
1493 2696 1722 2765 singulis
1772 2711 1962 2751 manus
1999 2698 2100 2749 itu-

526 2799 753 2852 ponens,
792 2787 1022 2840 sanabat
1062 2801 1175 2841 eos.
1219 2785 1458 2840 Exibant
1491 2799 1668 2841 autem
1701 2797 1754 2841 et
1785 2788 2044 2841 daemonia
2074 2803 2102 2840 a

525 2877 728 2938 multis.
759 2877 1050 2932 clamantia
1073 2894 1135 2932 ac
1160 2879 1394 2933 dicentia
1428 2898 1440 2932 :
1469 2878 1549 2934 Tu
1573 2893 1630 2935 es
1656 2879 1907 2935 Christus
1935 2879 2104 2934 Filius

524 2968 640 3023 Dei.
675 2967 739 3021 Et
770 2969 1060 3038 increpans
1091 2987 1194 3025 non
1231 2971 1444 3024 sinebat
1475 2987 1536 3026 ea
1575 2972 1743 3040 loqui,
1787 2973 1912 3042 quia
1961 2973 2101 3026 scie-

516 3065 652 3134 bant
677 3063 851 3130 ipsum
877 3078 993 3117 esse
1020 3063 1320 3118 Christum.
1349 3065 1513 3120 Facto
1542 3075 1719 3120 autem
1743 3067 1828 3120 die
1847 3081 2099 3135 egressus

525 3154 633 3207 ibat
665 3156 717 3208 in
752 3157 1022 3210 desertum
1075 3156 1273 3223 locum,
1315 3167 1368 3212 et
1393 3159 1561 3213 turbae
1598 3158 1912 3228 quaerebant
1946 3172 2093 3223 cum,
2125 3199 2170 3256 Ο

525 3254 578 3299 et
607 3256 870 3300 venerunt
902 3261 1070 3316 usque
1101 3249 1165 3300 ad
1194 3249 1393 3319 ipsum,
1427 3258 1479 3303 et
1504 3249 1814 3303 detinebant
1847 3249 1991 3302 illum
2032 3264 2098 3304 ne

522 3338 824 3392 discederet
849 3343 914 3394 ab
946 3341 1044 3394 eis.
1080 3338 1282 3406 Quibus
1307 3341 1397 3395 ille
1421 3343 1530 3395 ait:
1557 3343 1623 3396 Et
1648 3342 1765 3394 aliis
1789 3344 2099 3397 civitatibus

524 3439 733 3498 oportet
766 3446 849 3486 me
897 3432 1274 3503 evangelizare
1317 3447 1541 3502 regnum
1591 3433 1703 3499 Dei,
1745 3451 1866 3487 nam
1916 3437 1966 3487 in
2000 3435 2098 3489 hoc

523 3527 716 3577 missus
748 3539 887 3578 sum.
921 3524 984 3579 Et
1019 3527 1346 3594 praedicabat
1383 3527 1432 3580 in
1466 3528 1748 3598 synagOgis
1777 3525 2030 3581 Galilazte.
2061 3546 2080 3578 ι

523 3615 782 3670 Dominus
805 3617 1044 3670 omnium
1071 3633 1097 3669 a
1123 3617 1402 3686 diseirulis
1425 3620 1794 3688 excipiebatur
1825 3629 1877 3675 et
1909 3635 2097 3688 pasce-

521 3711 698 3768 batur.
737 3709 1190 3778 quemadmodum
1228 3726 1368 3765 nunc
1403 3727 1617 3780 quoque
1640 3723 1693 3766 et
1717 3713 1852 3781 apud
1877 3711 2094 3767 Petrum

523 3801 760 3869 hospitio
797 3801 1084 3867 excipitur,
1127 3812 1178 3854 et
1220 3812 1376 3854 sanat
1420 3802 1536 3867 eius
1578 3816 1833 3856 socrum:
1868 3812 1926 3858 ut
1960 3813 2014 3859 et
2045 3814 2096 3859 te

523 3891 761 3944 instruat
792 3907 859 3945 ne
894 3891 1105 3958 rejieias
1140 3907 1436 3960 pauperum
1484 3893 1942 3950 benevolentiam.
1980 3895 2094 3949 Non

520 3981 836 4051 simpliciter
856 3996 1032 4037 autem
1066 3996 1220 4038 eurat
1246 3985 1387 4038 illam
1409 4000 1437 4038 a
1467 3987 1676 4050 morbo,
1701 3987 1793 4041 sed
1824 3997 1874 4040 et
1901 3989 2094 4042 bonam

522 4079 877 4129 valetudinem
914 4088 966 4130 et
1001 4077 1162 4130 robur
1198 4078 1262 4128 ad
1305 4075 1728 4131 ministrandum
1761 4077 1810 4130 ei
1842 4078 2096 4146 suppedi-

521 4177 618 4220 tat.
654 4167 718 4219 Et
750 4182 848 4221 nos
897 4182 1110 4236 quoque
1161 4168 1203 4220 si
1251 4168 1397 4220 illtun
1432 4169 1832 4237 exceperimus,
1882 4171 2092 4223 exstin-

520 4268 645 4329 guet
668 4268 903 4312 nostram
932 4258 1127 4312 febrim
1156 4259 1246 4312 irre
1275 4271 1325 4312 et
1347 4260 1822 4328 concupiscentia),
1853 4269 1904 4313 et
1928 4262 2093 4330 eriget

521 4369 583 4406 ac
620 4350 994 4406 corroborabit
1027 4366 1146 4413 nos,
1188 4350 1256 4404 ita
1285 4360 1339 4404 ut
1369 4353 1415 4404 ei
1453 4352 1762 4405 ministrare
1793 4353 2091 4417 valeamus,

520 4449 621 4502 boc
650 4457 730 4499 est
774 4447 948 4499 facere
977 4433 1093 4515 quie
1121 4447 1167 4500 ei
1197 4447 1426 4515 placent.
1453 4445 1584 4501 Vide
1609 4456 1811 4512 autem,
1844 4448 2090 4512 obsecro,

2215 583 2387 649 οὗτος,
2417 586 2686 651 τουτέστι,
2726 586 2807 646 τίς
2839 585 2870 654 ή
2906 581 3199 652 πρόσταξις
3228 578 3392 648 αῦτη,
3427 580 3492 648 ἣν
3525 580 3812 647 προστάσ-

2218 693 2318 738 σει,
2355 678 2436 730 ὅτι
2476 674 2697 742 Ἔξελθε
2748 675 2808 738 ἐξ
2846 671 3036 738 αὐτοῦ,
3067 672 3164 724 καὶ
3211 669 3525 741 φιμώθητι;
3564 667 3812 720 Γίνωσκε

2211 768 2268 820 δὲ
2297 769 2377 822 ὄτι
2408 767 2502 820 καὶ
2532 765 2628 819 νῦν
2679 766 2863 819 πολλοὶ
2912 764 3099 835 έχουσι
3128 763 3408 834 δαιμόνια,
3438 762 3552 813 ὅσοι
3601 759 3672 812 τὰ
3697 758 3812 812 τῶν

2212 860 2480 930 δαιμόνων
2555 858 2953 926 ἐπιθυμήματα
3018 853 3300 908 τελοῦσιν·
3350 850 3497 915 οἷον,
3548 851 3665 905 ἔστι
3723 867 3814 912 τις

2214 947 2504 1018 θυμώδης,
2554 938 2711 1009 οὗτος
2761 945 3038 1014 δαιμόνιον
3090 942 3204 1012 ἔχει
3267 939 3480 1009 θυμοῦ⁸
3527 937 3647 992 ἀλλ’
3709 936 3804 988 ἐὰν

2211 1042 2344 1115 ἔλθῃ
2372 1043 2400 1096 ό
2437 1038 2646 1112 Ἰησοῦς
2674 1041 2730 1092 ὲν
2760 1041 2826 1109 τῇ
2861 1038 3180 1106 συναγωγῇ.
3220 1032 3524 1096 τουτέστιν,
3557 1032 3688 1083 ὅταν
3720 1029 3808 1098 εἴη

2210 1135 2238 1186 ὀ
2263 1133 2384 1196 νοῦς
2415 1132 2754 1203 συνηγμένος
2790 1131 2884 1184 καὶ
2910 1129 2983 1199 μὴ
3018 1127 3388 1198 διαχεόμενος,
3416 1125 3536 1178 τότε
3571 1126 3692 1195 έρεῖ
3728 1123 3811 1195 τῷ

2209 1227 2470 1297 δαιμονίῳ
2493 1224 2586 1280 τοῦ
2621 1222 2820 1294 θυμοῦ,
2854 1221 3144 1290 ἀκαθέκτῳ
3175 1219 3289 1272 ὄντι
3315 1235 3329 1248 ’
3354 1217 3680 1286 Φιμώθητι·
3711 1215 3811 1269 καὶ

2211 1318 2374 1382 εὐθὺς
2403 1318 2564 1387 ῥίψαν
2583 1316 2675 1370 τὸν
2709 1315 2997 1386 ἄνθρωπον
3033 1314 3112 1375 είς
3146 1313 3206 1364 τὸ
3233 1307 3811 1381 μέσον,’ὲξελεύσεται

2211 1407 2305 1462 ἀπ’
2338 1406 2530 1461 αὐτοῦ.
2576 1406 2640 1458 Τί
2673 1405 2732 1458 δέ
2770 1407 2887 1457 ἐστι
2931 1403 2992 1455 τὸ
3024 1402 3176 1472 ῥίψαι
3212 1402 3293 1461 εις
3338 1400 3400 1452 τὸ
3434 1399 3625 1469 μέσον.
3674 1397 3813 1455 μάν-

2210 1502 2338 1554 θανε
2358 1517 2371 1530 ο
2398 1500 2489 1552 τὸν
2514 1498 2805 1568 ἄνθρωπον
2831 1493 2957 1548 οὐτε
2996 1497 3172 1562 πάντη
3216 1489 3440 1560 θυμώδη
3485 1491 3580 1544 καὶ
3602 1489 3809 1557 πικρὸν

2208 1594 2289 1646 δεῖ
2327 1587 2510 1644 εἶναι’
2563 1589 2832 1661 θηριῶδες
2891 1587 3034 1657 γάρ·
3093 1583 3218 1637 οὔτε
3275 1583 3452 1653 πάντη
3509 1582 3808 1652 ἀόργητον,

2207 1684 2537 1754 ἀναίσθητον
2576 1683 2705 1752 γὰρ,
2735 1679 2871 1734 ἀλλὰ
2898 1680 2998 1749 τὴν
3034 1678 3209 1748 μέσην
3252 1677 3370 1728 ὁδὸν
3406 1674 3670 1745 βαδίζειν.
3711 1672 3810 1726 καὶ

2207 1778 2299 1830 τὸν
2323 1776 2492 1844 θυμὸν
2521 1773 2665 1844 ἔχειν
2686 1772 2828 1825 κατὰ
2848 1771 2946 1840 τῆς
2970 1768 3192 1829 κακίας.
3215 1768 3383 1819 Ὅταν
3409 1761 3502 1818 οῦν
3523 1781 3648 1817 τινα
3674 1761 3813 1832 ῥίψῃ

2134 1840 2182 1900 Β
2215 1870 2293 1932 είς
2341 1840 2405 1921 το
2457 1840 2622 1936 μέσον
2667 1865 2730 1918 τὸ
2781 1863 3019 1930 πονηρὸν
3074 1859 3314 1930 πνεῦμα,
3373 1857 3664 1928 ἐξέρχεται
3713 1855 3808 1908 ἀπ’

2216 1961 2404 2019 αὐτοῦ.

2292 2069 2310 2101 ι
2361 2048 2630 2110 ’Δναστὰς
2651 2048 2706 2100 δὲ
2748 2048 2812 2099 ὲκ
2857 2046 2954 2115 τῆς
3006 2042 3364 2111 συναγωγῆς.
3420 2037 3676 2108 εἰσῆλθεν
3728 2037 3810 2098 είς

2213 2143 2313 2215 τὴν
2338 2141 2516 2197 οίκίαν
2552 2140 2824 2211 Σίμωνος·
2861 2140 2894 2209 ἡ
2927 2138 3170 2206 πενθερὰ
3204 2137 3261 2190 δὲ
3297 2135 3542 2205 Σίμωνος
3571 2129 3641 2202 ἦν
3679 2149 3809 2184 συν-

2211 2235 2448 2308 εχομένη
2481 2232 2698 2305 πυρετῷ
2732 2231 2954 2302 μεγαλῳ
2976 2248 2988 2261 ·
3025 2230 3118 2284 καὶ
3159 2229 3457 2300 ⁴ἠρώτησαν
3483 2226 3653 2278 αὐτὸν
3682 2224 3811 2294 περί

2209 2330 2422 2400 αὐτῆςξ·
2464 2328 2561 2383 καὶ⁵
2606 2327 2837 2390 ἐπιστὰς
2883 2325 3069 2378 ἐπάνω
3116 2323 3323 2392 αὐτῆς,
3379 2319 3685 2390 ἐπετίμησε
3729 2317 3814 2387 τῷ

2211 2421 2456 2494 πυρετῷ,
2493 2421 2586 2474 καὶ
2615 2419 2829 2489 αφῆκεν
2885 2419 3091 2486 αὐτήν⁶
3137 2417 3231 2469 καὶ
3281 2413 3635 2486 παραχρῆμα
3668 2411 3807 2464 ἁνα-

2209 2518 2382 2570 στᾶσα
2408 2514 2647 2583 διηκόνει
2681 2512 2888 2573 αὐτοῖς.
2925 2509 3184 2571 Δύνοντος
3218 2507 3276 2560 δὲ
3307 2505 3404 2558 τοῦ
3443 2506 3629 2576 ἡλίου,
3665 2503 3807 2558 πάν-

2205 2626 2294 2670 τες
2327 2610 2442 2660 ὅσοι
2475 2601 2620 2673 εἶχον
2644 2601 3007 2665 ἀσθενοῦντας
3037 2601 3216 2664 νόσοις
3253 2597 3550 2661 ποικίλαις,
3595 2597 3808 2668 ἢγαγον

2207 2699 2406 2761 αὐτοὺς
2429 2696 2562 2767 πρὸς
2593 2693 2759 2749 αὐτόν
2785 2710 2798 2723 ⁶
2834 2695 2860 2745 ό
2891 2692 2968 2755 δὲ,
2999 2692 3080 2744 ἑνὶ
3111 2691 3331 2759 ἑκάστῳ
3360 2689 3542 2742 αὐτῶν
3568 2686 3670 2751 τὰς
3695 2689 3808 2757 χεῖ-

2209 2809 2305 2862 ρας
2335 2787 2564 2852 ἐπιθεὶς,
2616 2787 2987 2857 δθεράπευοεν
3021 2782 3240 2844 αὐτούς.
3299 2781 3592 2853 Ἐξήρχετο
3618 2781 3676 2833 δὲ
3711 2781 3810 2834 καὶ

2202 2883 2456 2952 δαιμόνια
2484 2880 2592 2934 ἀπὸ
2623 2877 2856 2945 πολλῶν,
2887 2877 3163 2948 κράζοντα
3194 2875 3287 2929 καὶ
3316 2875 3566 2943 λέγοντα,
3605 2875 3690 2926 ὅτι
3721 2873 3801 2925 Σὺ

2203 2972 2252 3030 εἷ
2295 2977 2323 3029 ό
2373 2973 2608 3047 Χριστὸς
2644 2974 2670 3022 ό
2703 2973 2831 3036 Tib;
2880 2970 2975 3024 τοῦ
3029 2969 3168 3023 Θεοῦ
3192 2986 3205 3000 ·
3250 2967 3346 3025 καὶ
3373 2967 3671 3036 ἐπιτιμῶν,
3704 2968 3808 3019 οὐκ

2202 3071 2288 3122 εῖα
2311 3067 2451 3124 αὐτὰ
2475 3068 2676 3130 λαλεῖν,
2704 3067 2786 3118 ὅτι
2809 3065 3033 3135 ᾔδεισαν
3055 3063 3148 3116 τδν
3173 3061 3412 3132 Χριστὸν
3431 3060 3596 3115 αὐτὸν
3626 3054 3771 3112 εῖναι
3789 3097 3805 3111 .

2201 3161 2504 3232 Γενομένης
2537 3159 2592 3212 δὲ
2627 3157 2862 3230 ἡμέρας,
2898 3141 3133 3221 ἐξελθὼν
3167 3153 3442 3226 ἐπορεύθη
3476 3154 3558 3215 είς
3590 3151 3804 3222 ἔρημον

2202 3255 2365 3307 τόπον
2385 3268 2398 3282 ·
2429 3253 2520 3306 καὶ
2549 3252 2598 3304 oi
2627 3250 2777 3322 δχλοι
2807 3250 3114 3320 ἐπεζήτουν
3154 3248 3338 3310 αὐτὸν,
3373 3247 3468 3299 καὶ
3498 3241 3665 3317 ἦλθον
3698 3244 3806 3309 ἕως

2204 3346 2392 3410 αὐτοῦ,
2432 3345 2528 3399 καὶ
2575 3346 2830 3412 κατεῖχον
2881 3343 3046 3396 αὐτὸν
3079 3342 3173 3395 τοῦ
3219 3341 3295 3412 μὴ
3331 3338 3672 3412 πορεύεσθαι
3707 3340 3808 3391 ἀπ’

2204 3438 2381 3490 αὐτῶν
2402 3455 2416 3468 ·
2451 3440 2477 3489 ό
2503 3437 2558 3489 δὲ
2587 3430 2707 3488 εἷπε
2745 3437 2882 3506 πρὸς
2921 3436 3142 3499 αὐτοὺς,
3180 3435 3259 3488 ὅτι
3291 3436 3400 3488 Καὶ
3429 3437 3548 3497 ταῖς
3585 3433 3807 3503 ἑτέραις

2210 3530 2428 3584 πόλεσιν
2468 3529 2931 3595 εὐαγγελίσασθαί
2984 3545 3051 3597 με
3093 3529 3176 3580 δεῖ
3221 3527 3321 3596 τὴν
3370 3526 3656 3597 βασιλείαν
3707 3523 3810 3578 τοῦ

2202 3623 2360 3688 Θεοῦ,
2391 3624 2472 3676 ὅτι
2498 3627 2575 3684 εἰς
2600 3622 2759 3674 τοῦτο
2782 3622 3154 3690 ἀπέσταλμαι,
3187 3622 3280 3674 καὶ
3308 3617 3375 3692 ἦν
3409 3619 3711 3689 κηρύσσων
3747 3620 3807 3671 ὲν

2201 3717 2320 3778 ταῖς
2350 3715 2693 3782 συναγωγαῖς
2726 3711 2825 3780 τῆς
2861 3713 3177 3776 Γαλιλαίας.
3218 3732 3234 3763 ι
3280 3712 3339 3765 '0
3364 3711 3636 3780 δεσπότης
3661 3709 3806 3763 πάν·

2199 3825 2308 3862 των
2356 3806 2507 3875 παρὰ
2557 3809 2671 3869 τοῖς
2743 3806 3016 3876 μαθηταῖς
3097 3804 3442 3874 ξενιζόμενος
3507 3805 3806 3874 ἐτρέφετο·

2209 3901 2399 3970 ῶσπερ
2432 3896 2524 3953 οὖν
2556 3901 2648 3952 καὶ
2681 3900 2827 3968 παρὰ
2865 3900 3058 3969 Πέτρῳ
3099 3898 3196 3951 νῦν
3229 3897 3595 3967 ξενιζόμενος,
3653 3899 3804 3949 ἰᾶται

2199 3997 2298 4066 τὴν
2325 3997 2535 4049 ἐκείνου
2567 3996 2838 4065 πενθεράν
2865 4013 2878 4028 °
2915 3997 3001 4048 ἵνα
3027 3997 3119 4048 καὶ
3153 3995 3210 4048 σὲ
3233 3995 3499 4066 παιδεύσῃ
3534 3995 3673 4065 μηδὲ
3705 3994 3809 4057 τὰς

2199 4089 2308 4143 τῶν
2381 4089 2614 4141 εὐτελῶν
2687 4089 3118 4158 ἀποπέμπεσθαι
3197 4088 3646 4159 φιλοφροσύνας·
3705 4089 3810 4156 οὐχ

2199 4181 2387 4242 ἁπλῶς
2413 4181 2469 4233 δὲ
2511 4180 2805 4249 θεραπεύει
2838 4179 3008 4250 αὐτὴν
3043 4181 3149 4234 ἀπὸ
3185 4184 3283 4251 τῆς
3316 4182 3495 4247 νόσου,
3543 4182 3683 4234 ἀλλὰ
3708 4183 3808 4235 καὶ

2199 4273 2505 4344 εὐρωστίαν
2538 4273 2676 4344 αὐτῇ
2715 4276 2810 4325 καὶ
2860 4272 3094 4342 δύναμιν
3134 4273 3434 4342 ἐντίθησιν,
3481 4276 3559 4338 είς
3587 4277 3649 4329 τὸ
3685 4279 3807 4331 δια-

2199 4369 2395 4419 κονεῖν.
2443 4368 2506 4421 Εἰ
2538 4365 2634 4418 καὶ
2677 4368 2842 4435 ἡμεῖς
2877 4361 2970 4419 οῦν
3005 4365 3382 4436 ὑποδεξάμεθα
3409 4369 3596 4429 αὐτὸν,
3626 4387 3806 4423 κατα-

2200 4460 2383 4511 σϐέσει
2414 4461 2507 4512 καὶ
2539 4460 2631 4512 τὸν
2678 4460 2956 4528 ἡμέτερον
2991 4459 3248 4529 πυρετὸν,
3275 4460 3364 4513 τόν
3394 4478 3453 4513 τε
3490 4461 3585 4513 τοῦ
3620 4461 3808 4532 θυμοῦ

2381 4089 2614 4141 εὐτελῶν
2687 4089 3118 4158 ἀποπέμπεσθαι

522 4552 573 4592 ct
609 4542 777 4592 turbze
809 4540 986 4604 ﬁdem,
1025 4542 1294 4607 quomodo
1328 4541 1490 4593 etiam
1522 4539 1630 4606 jam
1669 4542 1947 4596 occidente
1980 4541 2093 4596 sole

2207 4549 2411 4602 καὶτὸν
2450 4551 2549 4619 τῆς
2606 4551 2936 4619 ἐπιθυμίας·
2975 4551 3069 4602 καὶ
3107 4553 3291 4621 ἐγερεῖ
3335 4554 3482 4622 ημᾶς
3515 4553 3659 4606 ὥστε
3686 4556 3807 4608 δια-

525 4630 765 4683 inlirmos
816 4630 1090 4695 afferebat,
1149 4646 1319 4699 neque
1374 4641 1613 4700 tempore
1672 4635 2086 4701 impediebatur.

522 4716 638 4770 Non
674 4718 799 4771 sinit
834 4729 1013 4771 autem
1057 4721 1318 4772 dzemonia
1352 4721 1519 4790 loqui,
1559 4730 1665 4774 tum
1704 4726 1842 4791 quod
1877 4741 1977 4778 non
2011 4729 2090 4779 in—

519 4807 737 4872 digebat
787 4810 1183 4864 immundorunt
1223 4813 1399 4877 laude,
1453 4829 1627 4884 neque
1670 4817 1810 4868 enim
1847 4820 2087 4884 speciosa

522 4901 633 4953 laus
667 4903 713 4952 in
747 4918 840 4953 ore
876 4905 1170 4967 peccatoris
1197 4904 1260 4965 ",
1293 4915 1399 4957 tum
1434 4908 1578 4975 quod
1626 4906 1838 4960 nolebat
1873 4913 2085 4964 arcendi

524 4993 774 5042 invidiam
807 4992 1174 5057 llobrreorum,
1234 4996 1526 5051 videntium
1569 5015 1688 5052 eum
1735 5002 1803 5054 ab
1842 5005 2090 5058 omnibus

521 5085 802 5135 eeielirari.
843 5085 1032 5138 Turba:
1066 5088 1189 5138 item
1219 5100 1467 5156 qtuerunt
1494 5107 1614 5143 eunt
1637 5093 1800 5146 etiam
1832 5093 1887 5145 in
1919 5095 2089 5149 ineunt

525 5176 798 5228 desertum
845 5180 1153 5243 abeuntem,
1189 5193 1241 5232 et
1279 5183 1538 5238 detinent.
1581 5186 1649 5239 At
1700 5187 1790 5240 ille
1836 5204 1940 5242 non
1989 5206 2093 5244 uno

524 5269 638 5321 loco
662 5271 1287 5339 circumscribitur,sed,
1313 5276 1479 5329 litiam
1506 5279 1649 5342 aliis,
1676 5281 1868 5348 inquit,
1902 5281 2097 5336 civita-

527 5359 666 5411 tibus
722 5370 932 5426 oportet
981 5381 1062 5417 me
1113 5372 1482 5433 evangelizare
1515 5390 1736 5440 regnum
1793 5376 1903 5428 Dei.
1947 5376 2093 5428 Unde

525 5463 725 5517 Oporlel
745 5457 900 5506 etiam
923 5473 1130 5511 nosnnn
1152 5476 1362 5527 segnes,
1379 5481 1547 5531 neque
1566 5468 2092 5522 unolococottlentos

527 5557 663 5596 esse.
699 5546 788 5595 sed
827 5548 1021 5614 ubique
1059 5550 1367 5612 t‘ilt‘lllllil'c,
1403 5565 1453 5606 et
1493 5559 1744 5622 prodesse
1773 5561 2092 5626 quibusque.

2200 4642 2379 4692 κονεῖν
2429 4641 2601 4710 αὐτῷ,
2651 4642 2918 4702 τουτέστι,
2964 4643 3029 4695 τὰ
3063 4644 3268 4714 ἀρεστὰ
3306 4647 3453 4714 αὐτῲ
3510 4647 3803 4717 πράττειν.

2207 4736 2350 4803 Ὅρα
2375 4734 2431 4786 δέ
2461 4752 2551 4804 μοι
2575 4735 2668 4787 καὶ
2697 4734 2790 4786 τοῦ
2815 4735 2973 4804 όχλου
3002 4737 3100 4804 τὴν
3125 4737 3332 4797 πίστιν,
3359 4737 3476 4801 ⁸τιῶς
3503 4740 3597 4790 καὶ
3615 4740 3807 4793 δύνον-

2200 4846 2287 4888 τος
2319 4827 2413 4880 τοῦ
2449 4829 2601 4896 ἡλίου
2642 4827 2980 4897 προσέφερον
3008 4832 3134 4892 τοὺς
3168 4829 3515 4900 ἀρρώστους,
3548 4834 3668 4903 μηδ’
3695 4835 3807 4887 ὐπὸ

2204 4921 2297 4972 τοῦ
2331 4921 2524 4989 καιροῦ
2561 4923 3016 4989 ἐμποδιζόμενοι·
3051 4925 3148 4976 οὐκ
3175 4926 3439 4993 ἀφίησιδίε
3459 4927 3526 4977 τὰ
3544 4927 3804 4994 δαιμόνια

2197 5015 2400 5076 λαλεῖν,
2433 5015 2549 5083 ἅμα
2589 5015 2687 5082 μὲν
2723 5016 2794 5084 μὴ
2829 5015 3082 5082 δεόμενος
3111 5019 3208 5084 τῆς
3239 5019 3389 5086 παρὰ
3417 5019 3525 5070 τῶν
3559 5020 3802 5088 ἀκαθάρ-

2199 5123 2306 5158 των
2359 5106 2602 5174 εὐφημία
2661 5125 2671 5135 ’
2722 5109 2817 5175 οὐχ
2869 5107 3069 5176 ὡραῖος
3124 5112 3231 5178 γὰρ
3265 5107 3411 5172 αἶνος
3458 5113 3517 5164 ἐν
3568 5114 3804 5181 στόματι

2204 5199 2564 5266 ἁμαρτωλῶνο
2617 5202 2732 5266 αμα
2780 5200 2833 5250 δὲ
2869 5200 2942 5268 μὴ
2971 5198 3141 5252 θέλων
3183 5203 3448 5254 ἀνάπτειν
3476 5207 3567 5256 τὸν
3605 5206 3802 5272 φθόνον

2661 5125 2671 5135 ι
2722 5109 2817 5175 οὐχ
2869 5107 3069 5176 ὡραῖος
3124 5112 3231 5178 γὰρ
3265 5107 3411 5172 αἶνος

2204 5288 2308 5338 τῶν
2357 5288 2646 5357 Ἐϐραίων,
2678 5292 2739 5339 ἐκ
2771 5288 2862 5340 τοῦ
2899 5294 3050 5359 παρὰ
3087 5293 3251 5345 πᾶσιν
3298 5295 3704 5363 εὐφημείσθαι·
3750 5299 3800 5349 οἱ

2203 5380 2257 5431 δὲ
2315 5382 2460 5448 ὖχλοι
2508 5384 2600 5433 καὶ
2648 5388 2724 5444 εἰς
2774 5382 2980 5450 ἔρημον
3014 5385 3178 5435 τόπον
3214 5386 3520 5438 ἀπελθόντα
3573 5387 3800 5455 ζητοῦσι

2206 5472 2296 5521 καὶ
2354 5472 2674 5538 κατέχουσιν
2721 5473 2916 5523 αὐτόν·
2964 5473 3077 5524 ἀλλ’
3128 5477 3334 5538 ἐκεῖνος
3371 5477 3467 5546 οὐχ
3525 5478 3607 5529 ἑνὶ
3646 5482 3799 5547 τόπῳ

2208 5566 2599 5633 περιορίζεται.
2641 5564 2798 5616 Ἀλλὰ
2824 5566 2915 5616 καὶ
2948 5569 3067 5627 ταῖς
3103 5568 3337 5635 ἑτέραις,
3379 5570 3534 5636 φησὶ,
3576 5570 3796 5621 πόλεσιν

526 5642 975 5700 εὐαγγελίσασθαί
1002 5661 1066 5710 με
1092 5647 1171 5696 δεῖ
1201 5647 1292 5715 τὴν
1329 5649 1600 5716 βασιλείαν
1621 5655 1708 5703 τιῦ
1738 5654 1895 5707 Θεοῦ.
1917 5656 2077 5704 "003v
2112 5657 2187 5708 δεῖ
2214 5660 2302 5708 καὶ
2326 5661 2471 5727 ἡμᾶς
2508 5659 2580 5729 μὴ
2612 5660 2812 5726 ὀκνεῖν,
2845 5659 2981 5728 μηδὲ
3013 5661 3093 5713 ἐνὶ
3122 5663 3271 5731 τόπῳ
3308 5663 3794 5732 περικλειομένους

529 5733 832 5797 αρκεῖςίηι,
870 5737 999 5786 ἀλλὰ
1034 5741 1308 5807 πανταχοῦ
1338 5746 1619 5812 περιιέναι,
1657 5749 1702 5794 εἴ
1737 5765 1845 5808 πως
1881 5749 2100 5816 ὼςρελήσ

2210 5770 2234 5803 ν
2261 5768 2400 5803 τινα.

602 5869 642 5894 r-
682 5869 694 5891 ι
727 5891 764 5912 με
793 5873 840 5922 η.
879 5890 963 5931 υ..
991 5876 1040 5927 9·
