4028 6480
191 469 297 537 757

800 569 1032 624 ΚΕΦΑΛ
1088 566 1164 623 E'.

202 716 344 784 Περὶ
387 713 492 780 τῆς
520 711 719 784 -ᾶγρας
753 705 883 784 Δτῶν·
915 703 1172 784 ἰχθύ-ων..
1210 697 1353 784 ῌερξ

272 768 412 850 hirpi
441 768 545 836 τοῦ
569 768 1006 850 Ᾰίαρὰλυτικοῦ.
1040 772 1176 850 napi
1207 768 1353 825 Λευτ
1373 768 1479 848 τοῦ
1508 768 1795 850 tszl'tbrov.

575 833 578 834 ν
599 833 818 921 Ἰἧσόῦ-
855 833 1297 921 συνεσθίοντος
1327 837 1454 902 τοῖς
1486 833 1795 921 τελώναιςῖ

273 906 380 978 Et};
396 906 520 977 τίνοι
551 906 974 975 τοῦ”1ωάννου
990 913 1251 985 μαθηται
1274 906 1726 976 ⁷νιινιστεύουιγιν,
1747 906 1800 956 οἱ

276 996 344 1048 δὲ
377 995 485 1048 τοῦ
516 989 780 1059 Χριστοῦ
803 987 982 1056 οὑχί;

287 1151 304 1182 ι
358 1128 612 1195 Ἐγένετο
637 1125 694 1177 δὲ
726 1125 784 1175 ὲν
814 1121 892 1191 τῷ
936 1120 1026 1172 τον
1062 1117 1222 1188 ὅχλον
1277 1112 1591 1168 ἐπικεῖσθαι.
1628 1107 1800 1176 αὐτῷ,

207 1222 301 1276 τοῦ
337 1220 562 1276 ἀκούειν
604 1215 694 1269 τὸν
718 1213 877 1282 λόγον
918 1211 1011 1265 τοῦ
1035 1207 1195 1269 Θεοῦ,
1228 1205 1325 1261 καὶ
1349 1205 1512 1267 αὐτὸς
1539 1196 1606 1272 ἦν
1633 1197 1804 1260 ἑστὼς

210 1314 362 1380 παρὰ
405 1309 502 1380 τὴν
545 1307 744 1376 λίμνην
785 1305 824 1358 Γ
827 1301 1153 1374 εννησαρέτ.
1191 1297 1304 1351 Καὶ
1353 1290 1461 1348 εἶδε
1497 1293 1592 1347 δύο
1644 1290 1804 1342 πλοῖα

212 1401 436 1459 έσ-τῶτα
469 1398 620 1468 παρὰ
662 1399 761 1466 τὴν
810 1394 1009 1464 λίμνην
1037 1408 1049 1420 ο
1083 1392 1132 1444 οἱ
1162 1390 1218 1443 δὲ
1262 1389 1452 1453 ἁλιεῖς,
1498 1383 1805 1444 ἀποϐάντες

212 1495 308 1549 ὰπτ
354 1491 557 1556 αὐτῶν,
606 1487 925 1543 άπέπλυνον
957 1484 1027 1540 τὰ
1070 1484 1294 1536 δίκτυα·
1351 1478 1526 1549 ἐμϐὰς
1556 1476 1613 1528 δὲ
1643 1475 1720 1537 εἰς
1749 1474 1806 1525 ἓν

209 1585 322 1638 τῶν
354 1581 556 1636 πλοίων
584 1579 614 1632 ὃ
637 1572 705 1648 ἦν
733 1577 828 1629 τοῦ
885 1577 1152 1645 Σίμωνος,
1189 1569 1477 1641 ἠρώτησεν
1511 1566 1675 1620 αὑτὸν
1700 1563 1807 1618 ἀπὸ

215 1676 318 1744 τῆς
349 1672 453 1742 γῆς
479 1669 851 1737 ἐπαναγαγεῖν
880 1665 1058 1732 ὀλίγον
1083 1682 1096 1695 -
1121 1663 1216 1716 καὶ
1243 1660 1496 1723 καθίσας,
1531 1657 1807 1711 ἐδίδασκεν

216 1771 278 1821 ἐκ
310 1765 406 1819 τοῦ
439 1764 625 1817 πλοίου
655 1764 779 1824 τοὺς
838 1759 1048 1828 ὄχλους.
1095 1756 1182 1818 Ὦς
1209 1757 1266 1809 δὲ
1305 1754 1581 1807 ἐπαύσατο
1609 1750 1805 1813 λαλῶν,

215 1857 336 1912 εἷπε
365 1858 504 1928 πρὸς
523 1858 614 1910 τὸν
643 1856 864 1924 Σίμωνα
886 1870 898 1882 ·
920 1851 1279 1917 Ἐπανάγαγε
1305 1851 1384 1910 εἰς
1406 1847 1467 1901 τὸ
1498 1844 1682 1917 βάθος,
1717 1843 1808 1894 καὶ

216 1952 492 2022 χαλάσατε
526 1948 596 2002 τὰ
642 1947 836 1999 δίκτυα
870 1945 1024 2016 ὑμῶν
1059 1945 1139 2005 είς
1172 1942 1349 2011 ἄγραν
1373 1957 1386 1969 ·
1433 1940 1531 1995 καὶ
1577 1940 1807 2006 ἀποκρι-

217 2043 328 2103 θεὶς
359 2041 388 2092 ὁ
416 2038 619 2107 Σίμων,
654 2033 807 2089 εἶπεν
857 2033 1038 2103 αύτῷ·
1082 2031 1403 2093 Ἐπιστάτα,
1441 2030 1508 2082 δι’
1543 2028 1670 2096 ὅλης
1707 2028 1807 2094 τῆς

216 2131 412 2193 νυκτὸς
475 2129 880 2191 κοπιάσαντες,
930 2125 1082 2180 οὐδὲν
1132 2124 1433 2192 ἐλάϐομεν,
1480 2122 1574 2174 ἐπὶ
1630 2119 1686 2172 δὲ
1732 2119 1808 2188 τῷ

221 2223 426 2295 ῥήματί
464 2238 557 2274 σου
593 2219 816 2290 χαλάσω
840 2218 900 2270 τὸ
923 2216 1158 2270 δίκτυον.
1194 2215 1305 2269 Καὶ
1359 2213 1515 2266 τοῦτο
1547 2214 1808 2279 ποιήσαν-

216 2334 328 2378 τες,
371 2312 730 2368 συνέκλεισαν
772 2309 974 2380 πλῆθος
1018 2308 1219 2378 ἰχθύων
1250 2306 1403 2360 πολύ.
1442 2306 1809 2375 Διεῤῥὴγνυτο

219 2403 273 2454 δὲ
304 2401 363 2453 τὺ
396 2400 612 2452 δίκτυον
655 2398 834 2452 αὐτῶν
858 2416 871 2430 ·
910 2399 1004 2450 καὶ
1050 2398 1389 2450 κατένευσαν
1419 2398 1530 2456 τοῖς
1562 2396 1809 2463 μετόχοις

218 2497 327 2556 τοῖς
355 2495 414 2546 ὲν
452 2491 528 2562 τῷ
556 2490 730 2561 έτέρῳ
787 2489 980 2560 πλοίῳ,
1022 2489 1114 2541 τοῦ
1148 2487 1403 2548 ἐλθόντας
1450 2484 1820 2538 συλλαϐέσθαι-

219 2587 404 2648 αὐτοϊς
425 2601 438 2617 ·
471 2587 562 2637 καὶ
597 2580 761 2652 ἦλθον
796 2584 892 2636 καὶ
935 2582 1179 2650 ἔπλησαν
1213 2581 1499 2648 ἀμφότερα
1525 2578 1592 2630 τὰ
1626 2578 1807 2643 πλοῖα,

217 2679 359 2732 ὥστε
384 2676 701 2748 βυθίζεσθαι
722 2675 880 2729 αὑτά.
903 2674 1052 2727 Ἰδὼν
1081 2674 1138 2726 δὲ
1169 2673 1354 2742 Σίμων
1377 2673 1600 2741 Πέτρος,
1637 2687 1810 2739 προσ·

225 2773 390 2825 έπεσε
442 2773 553 2834 τοῖς
599 2771 790 2838 γόνασι
837 2769 931 2820 τοῦ
978 2765 1178 2836 Ἰησοῦ,
1217 2764 1421 2833 λέγων·
1463 2763 1688 2830 Ἔξελθε
1715 2764 1811 2817 ἀπ’

224 2859 382 2930 ἐμοῦ,
410 2861 496 2912 ὅτι
523 2861 664 2929 ἀνὴρ
704 2856 1031 2928 ἁμαρτωλός
1062 2857 1200 2926 εἰμι,
1234 2855 1405 2925 Κύριε
1425 2873 1436 2886 ·
1471 2854 1679 2924 θάμϐος
1704 2853 1813 2923 γὰρ

223 2954 520 3024 περιέσχεν
553 2952 717 3004 αὑτὸν
753 2952 849 3004 καὶ
878 2949 1087 3012 πάντας
1120 2949 1247 3012 τοὺς
1285 2949 1382 3001 σὺν
1416 2946 1585 3018 αὐτῷ,
1621 2947 1714 2999 ἐπὶ
1749 2949 1812 3018 τῇ

225 3045 372 3115 ἄγρα
397 3044 505 3097 τῶν
539 3042 760 3114 ἰχθύων,
859 3040 1177 3094 συνέλαϐον.
1234 3039 1467 3110 Ὁμοίως
1494 3039 1549 3091 δὲ
1578 3040 1673 3092 καὶ
1708 3039 1814 3094 Ἰά-

227 3137 426 3200 κωϐον,
457 3138 553 3189 καὶ
597 3135 854 3204 Ἰωάννην
900 3136 1048 3197 υἱοὺς
1092 3131 1404 3197 Ζεϐεδαίου,
1448 3132 1496 3186 οἳ
1526 3128 1666 3202 ἦσαν
1700 3150 1815 3185 κοι-

229 3228 387 3282 νωνοὶ
418 3227 500 3298 τῷ
530 3227 775 3296 Σίμωνι·
814 3226 912 3279 καὶ
945 3221 1065 3278 εἷπε
1107 3226 1241 3296 πρὸς
1267 3226 1357 3278 τὸν
1394 3226 1615 3294 Σίμωνα
1645 3226 1672 3278 ὁ
1713 3227 1818 3294 ’1η-

228 3320 376 3384 σοῦς’
400 3321 491 3388 Μὴ
515 3319 704 3388 φοϐοῦ,
732 3321 840 3371 άπὸ
871 3318 963 3372 τοῦ
989 3317 1082 3370 νῦν
1102 3317 1421 3389 ἀνθρώπους
1440 3318 1538 3390 ἔσῃ
1557 3317 1788 3388 ζωγρῶν
1805 3334 1819 3349 ο

229 3417 322 3468 καὶ
376 3413 789 3482 καταγαγόντες
838 3412 906 3465 τὰ
942 3412 1101 3464 πλοῖα
1138 3413 1231 3464 ἐπὶ
1279 3413 1379 3482 τὴν
1411 3412 1537 3480 γῆν,
1595 3411 1824 3479 ἀφέντες

230 3505 472 3570 ᾶπαντα,
532 3502 908 3573 ἠκολούθησαν
939 3502 1106 3572 αὐτῷ.
1152 3522 1169 3555 ο
1199 3501 1394 3568 Φεύγει
1440 3503 1537 3572 μὲν
1568 3503 1594 3554 ό
1621 3501 1825 3568 Κύριος

231 3599 329 3668 τὴν
359 3598 544 3664 δόξαν,
570 3599 602 3668 ἡ
636 3596 692 3649 δὲ
737 3597 879 3660 τόσῳ
915 3596 1115 3666 μᾶλλον
1139 3595 1469 3648 καταδιώκει
1501 3591 1684 3648 αὖτόνζ
1717 3592 1824 3646 Τοῦ

233 3695 363 3762 γοῦν
386 3693 548 3764 ὄχλου
581 3692 958 3760 ἐπικειμένου,
989 3691 1069 3754 εἰς
1091 3690 1153 3743 τὸ
1181 3690 1362 3743 πλοῖον
1393 3691 1701 3760 εἰσέρχεται
1720 3687 1827 3751 ’ὡς

233 3785 298 3840 ἂν
325 3785 434 3838 ἀπ’)
458 3782 553 3837 τοῦ
579 3783 788 3848 πλοίου,
819 3783 1044 3852 διδάσκῃ
1070 3783 1198 3844 τοὺς
1225 3783 1281 3835 ὲν
1314 3781 1387 3853 τῷ
1413 3780 1649 3850 αἰγιαλῷ
1684 3781 1830 3832 ἱστα-

237 3875 458 3946 μένους,
503 3875 726 3928 πάντων
775 3875 919 3928 κατὰ
956 3874 1251 3944 πρόσωπον
1290 3872 1458 3926 αὑτοῦ
1503 3874 1698 3937 ὄντων,
1733 3873 1830 3925 καὶ

237 3969 466 4039 μηδενὸς
495 3969 740 4032 ἐλθόντος
775 3969 918 4021 κατὰ
954 3966 1147 4021 νώτου.
1171 3967 1327 4021 Ἐπεὶ
1355 3967 1414 4020 δὲ
1440 3967 1529 4018 τὸν
1552 3965 1708 4035 ὄχλον
1734 3965 1832 4018 ἐδί-

234 4059 394 4125 δαξεν
436 4061 501 4112 ὲκ
533 4059 628 4113 τοῦ
663 4059 874 4119 πλοίου,
907 4060 1008 4111 οὐκ
1061 4058 1296 4128 ἄμισθον
1353 4057 1548 4127 ἀφίησι
1600 4057 1693 4110 τὸν
1733 4055 1828 4109 τοῦ

239 4150 429 4202 πλοίου
462 4149 755 4220 δεσπότην,
788 4148 927 4202 ἀλλὰ
953 4148 1157 4211 διπλῶς
1198 4147 1362 4202 αὑτὸν
1394 4149 1709 4217 εὐεργετεῖ·
1747 4148 1832 4200 ὅτι

239 4259 298 4293 τε
330 4241 531 4312 ἰχθύων
563 4241 767 4312 πλῆθος
808 4240 956 4312 αὺτῷ
995 4242 1312 4312 ἐχαρίσατο,
1347 4245 1442 4295 καὶ
1464 4242 1548 4295 ὅτι
1581 4243 1830 4312 μαθητὴν

236 4332 406 4389 αὑτοῦ
435 4335 752 4406 ἐποιήσατο.
780 4333 1076 4404 Θαύμασον
1107 4334 1162 4385 δὲ
1193 4334 1286 4387 τοῦ
1319 4335 1527 4404 Κυρίου
1559 4336 1656 4404 τὴν
1685 4337 1834 4388 οἱκο-

238 4425 456 4496 νομίαν,
491 4426 608 4488 πῶς
632 4426 864 4478 ἕκαστον
896 4426 986 4479 διὰ
1013 4426 1123 4478 τῶν
1153 4427 1370 4479 οἰκείων
1390 4429 1486 4479 καὶ
1514 4429 1832 4498 συντρόφων

237 4518 563 4586 ἐφέλκεται*
610 4517 685 4580 ὼς
719 4518 828 4587 γὰρ
870 4518 997 4579 τοὺς
1055 4517 1264 4586 μάγους
1301 4517 1389 4570 διὰ
1432 4518 1526 4570 τοῦ
1579 4519 1827 4590 ἀστέρος,

939 450 1384 519 ENARRATIO
1425 446 1506 509 IN
1541 438 2044 507 EVANGELIUM
2077 436 2312 501 LUCJ'I.
2350 460 2417 473 --
2444 435 2603 496 CAP.
2635 433 2702 492 V.

1821 555 1874 616 Α

3394 422 3500 488 ’158

2519 541 2866 618 οΑρυτην.

1903 691 1979 746 De
2010 699 2231 756 captura
2278 687 2524 756 piscium:
2577 680 2904 756 Qeleproso.
2947 673 3022 727 De
3060 670 3390 756 paralytico.
3427 672 3500 724 Dc

1978 743 2100 816 Levi
2148 743 2450 827 publicano.
2471 743 2802 827 ADeﬂCItri'uo
2832 765 2951 827 cum
2981 743 3306 827 publicanis”
3330 757 3505 827 conte:

1975 811 2160 886 ξῑέιὶίε]
2199 827 2309 882 Cur
2347 825 2595 892 discipuli
2644 820 2876 877 ιοαηηίε
2915 811 3204 887 jejunum,
3250 811 3498 882 discipuli

1975 918 2094 956 vero
2120 899 2321 954 Christi
2366 913 2468 950 non
2487 895 2511 948 2

1977 1105 2143 1161 Vsus.
2178 1101 2326 1156 1-H.
2377 1118 2394 1152 ι
2433 1097 2660 1153 Factum
2701 1103 2787 1149 est
2829 1101 3016 1148 autem
3050 1103 3174 1144 cum
3213 1087 3368 1141 turba
3401 1087 3506 1140 im-

1909 1201 2141 1254 mineret
2180 1198 2228 1250 ei
2277 1204 2334 1248 ut
2366 1194 2578 1246 audiret
2616 1191 2838 1246 verbum
2872 1186 2986 1250 Dei,
3039 1193 3094 1239 et
3149 1183 3269 1250 ipse
3326 1179 3507 1236 stabat

1901 1292 2055 1358 juvta
2107 1300 2359 1358 stagnum
2410 1273 2771 1340 Genczareth.
2830 1281 2894 1333 Et
2952 1277 3087 1329 vidit
3139 1276 3274 1330 duas
3341 1285 3510 1326 navcs

1908 1394 2120 1440 stantes
2180 1381 2245 1433 ad
2322 1387 2572 1449 stagnum
2621 1393 2634 1430 :
2680 1375 2980 1443 piscatores
3023 1379 3210 1437 autem
3275 1366 3510 1422 descen-

1909 1482 2185 1530 derantex
2221 1472 2346 1536 illis,
2375 1481 2425 1524 et
2469 1468 2763 1522 abluebant
2803 1465 2960 1519 retia.
2999 1463 3285 1532 Ingressus
3328 1467 3509 1513 autem

1913 1570 1965 1623 in
1999 1582 2160 1622 unam
2197 1566 2374 1619 navim
2415 1577 2536 1634 quae
2572 1570 2691 1616 erat
2743 1557 3008 1619 Simonis,
3050 1553 3255 1626 rogavit
3291 1566 3414 1606 eum
3455 1558 3514 1604 rt

1913 1678 1939 1712 ιι
1975 1671 2116 1714 terra
2160 1659 2457 1712 abduceret
2495 1655 2749 1726 pusillum
2776 1693 2791 1716 ,
2829 1662 2882 1707 et
2927 1650 3126 1706 sedens
3177 1646 3410 1703 docebat
3446 1645 3516 1696 i'e

1915 1753 2037 1807 navi
2072 1753 2279 1806 turbas.
2331 1748 2401 1802 Ut
2434 1750 2671 1803 cessavit
2718 1757 2902 1801 autem
2934 1742 3108 1814 loqui,
3149 1741 3283 1794 dixit
3316 1738 3380 1792 ad
3430 1737 3516 1794 Si-

1916 1859 2130 1899 monem
2164 1859 2178 1895 :
2231 1840 2343 1896 Duc
2377 1841 2430 1895 in
2478 1839 2646 1893 altum
2672 1878 2689 1904 ,
2730 1845 2784 1891 et
2827 1835 3012 1890 laxate
3049 1833 3186 1888 retia
3231 1839 3415 1883 vestra
3461 1828 3515 1880 in

1916 1945 2218 2006 eapturam.
2257 1931 2320 1986 Et
2368 1933 2700 2001 respondens
2749 1928 2962 1994 Simon,
3017 1925 3155 1979 dixit
3203 1922 3279 1976 illi
3321 1944 3329 1975 :
3376 1919 3517 1974 Prw-

1917 2039 2130 2099 eeptor,
2177 2043 2272 2096 per
2322 2035 2490 2080 totam
2545 2034 2756 2078 noctem
2804 2020 3116 2095 laborantes
3166 2013 3334 2090 304
3385 2011 3517 2067 nihil

1917 2123 2183 2191 cepimus,
2229 2129 2410 2173 tamen
2447 2128 2540 2171 tuo
2567 2115 2723 2184 jussu
2769 2112 2964 2166 laxabo
2994 2117 3132 2164 rete.
3161 2105 3228 2161 Et
3259 2121 3382 2160 cum
3416 2105 3520 2159 hoc

1920 2217 2203 2278 fecissent,
2257 2211 2643 2268 coni-luserunt
2693 2207 2923 2277 piscium
2976 2199 3382 2258 multitudinem
3428 2212 3520 2252 co-

1901 2310 2147 2378 piosam.
2198 2305 2572 2375 Rumpcbatur
2615 2311 2796 2356 autem
2842 2308 2956 2354 rete
2990 2310 3202 2353 eorum.
3238 2292 3304 2349 Et
3344 2307 3522 2347 annuo

1918 2411 2082 2458 erunt
2112 2401 2279 2457 sociis
2307 2398 2398 2469 qui
2434 2405 2589 2452 erant
2623 2396 2674 2450 in
2713 2394 2885 2448 altera
2915 2389 3064 2455 navi,
3100 2397 3159 2443 ut
3188 2387 3440 2442 venirent
3465 2395 3521 2440 et

1921 2499 2244 2563 adiuvarent
2286 2493 2469 2562 ipsos;
2503 2491 2572 2546 Et
2619 2497 2912 2552 venerunt,
2960 2495 3121 2554 atque
3156 2481 3522 2553 impleverunt

1921 2588 2112 2643 ambas
2145 2601 2336 2650 naves,
2376 2585 2450 2639 ita
2480 2593 2539 2638 ut
2572 2589 2972 2654 mergerentur.
3004 2575 3160 2644 Quod
3204 2589 3330 2630 cum
3369 2572 3522 2628 vide-

1923 2692 2002 2735 ret
2031 2680 2220 2736 Simon
2257 2678 2451 2733 Petrus
2475 2718 2491 2744 ,
2525 2676 2722 2730 accidit
2761 2674 2827 2729 ad
2861 2687 3036 2745 genua
3088 2671 3242 2732 Jesu.
3279 2669 3471 2725 dicens
3502 2683 3518 2721 :

1924 2773 2150 2829 Discede
2196 2788 2225 2826 a
2263 2787 2372 2837 me,
2423 2769 2684 2832 Domine,
2723 2770 2850 2838 quia
2883 2767 3045 2821 homo
3080 2771 3336 2836 peccator
3378 2775 3520 2818 sum.

1925 2867 2128 2937 Stupor
2173 2867 2316 2920 enim
2363 2862 2805 2920 circumdederat
2856 2875 2979 2913 eum
3007 2899 3022 2924 ,
3079 2866 3133 2912 et
3179 2871 3373 2911 omnes
3431 2855 3520 2924 qui

1923 2974 2046 3015 cum
2073 2958 2164 3014 illo
2193 2958 2431 3024 fuerant,
2461 2970 2626 3025 super
2658 2963 2882 3024 captura
2917 2951 3147 3022 piscium
3183 2965 3343 3019 quam
3376 2948 3516 3003 fee“—

1925 3063 2090 3107 raut:
2129 3051 2382 3108 similiter
2423 3061 2606 3105 autem
2661 3045 2924 3101 Jacobum
2957 3053 3011 3098 et
3058 3042 3325 3098 Joannem
3381 3042 3522 3097 lilios

1925 3144 2196 3207 Zebedmi,
2233 3145 2325 3213 qui
2357 3152 2512 3198 erant
2542 3141 2675 3197 socii
2704 3138 2936 3194 Simoni.
2957 3138 3020 3193 Et
3057 3137 3135 3189 ait
3155 3138 3219 3189 ad
3245 3134 3526 3189 Simonem

1925 3239 2086 3295 Jesus
2135 3259 2146 3294 :
2191 3238 2269 3292 Ne
2313 3247 2559 3299 metuas.
2621 3233 2852 3302 posthac
2909 3231 3159 3286 homines
3209 3229 3416 3298 capies.
3461 3225 3528 3280 Et

1927 3328 2210 3388 subductis
2262 3328 2317 3382 in
2356 3336 2557 3381 terram
2606 3322 2862 3386 navibus,
2905 3319 3111 3379 relictis
3153 3319 3408 3374 omnibus
3444 3333 3532 3372 sc-

1927 3427 2036 3480 euti
2070 3433 2197 3480 sunt
2225 3437 2372 3478 eum.
2417 3442 2434 3472 ι
2467 3418 2628 3488 Fugit
2661 3416 2928 3471 Dominus
2959 3414 3211 3484 gloriam,
3250 3428 3372 3481 quae
3405 3427 3528 3463 eum

1929 3520 1997 3573 ob
2042 3519 2144 3572 hoc
2195 3515 2366 3586 magis
2401 3511 2756 3583 sequebatur.
2802 3507 2971 3578 Igitur
3002 3517 3233 3575 urgente
3281 3505 3439 3558 turba
3477 3505 3529 3555 in

1930 3609 2112 3663 navim
2153 3604 2479 3675 ingreditur,
2531 3611 2589 3655 ut
2634 3598 2780 3654 vela
2833 3613 2970 3652 nave
3018 3597 3213 3651 doceat
3259 3596 3312 3648 in
3349 3595 3530 3649 littore

1931 3708 2161 3760 stantes,
2191 3696 2448 3750 omnibus
2475 3708 2506 3750 ο
2531 3691 2751 3762 regione
2791 3689 3258 3759 comparentibus,
3294 3697 3348 3742 et
3385 3689 3530 3740 nullo

1933 3808 1960 3845 a
1997 3803 2146 3859 tergo
2187 3790 2455 3844 veniente.
2501 3785 2800 3856 Postquam
2852 3792 3032 3837 autem
3081 3784 3297 3835 turbam
3331 3796 3358 3832 a
3405 3780 3529 3834 navi

1933 3884 2134 3944 docuit,
2163 3881 2442 3936 dominum
2471 3880 2626 3934 navis
2656 3894 2761 3932 non
2787 3876 3012 3946 reliquit
3042 3875 3532 3942 irremuneralum,

1933 3976 2026 4031 sed
2083 3972 2334 4029 bifariam
2388 3973 2436 4026 ei
2492 3969 2784 4037 benefecit,
2834 3970 2958 4039 quia
3016 3978 3072 4023 et
3125 3967 3531 4021 multitudinem

1935 4069 2161 4138 pisttium
2197 4068 2245 4121 ei
2291 4065 2538 4131 donavit,
2576 4075 2630 4119 et
2673 4063 3001 4131 discipulum
3041 4077 3198 4114 suum
3236 4059 3387 4115 fecit.
3422 4058 3535 4114 Ad-

1935 4162 2136 4214 mirare
2171 4169 2350 4213 autem
2381 4158 2592 4212 Domini
2622 4156 3108 4227 dispensationem,
3139 4153 3413 4228 quomodo
3441 4169 3536 4221 per

1937 4252 2153 4320 propria
2201 4263 2254 4305 et
2291 4249 2584 4303 familiaria
2622 4265 2721 4304 sua
2769 4263 3046 4319 quemque
3084 4248 3314 4301 attrahit
3351 4247 3539 4301 :sicut

1939 4359 2127 4414 magos
2167 4358 2262 4409 per
2311 4341 2548 4405 stellam,
2601 4340 2674 4395 ita
2724 4350 2779 4395 et
2829 4341 3133 4410 piscatores
3189 4354 3286 4408 per
3335 4338 3536 4407 pisces.

1934 4431 2106 4486 Porro
2131 4430 2334 4486 Christi
2368 4430 2845 4486 mansuetudinem
2887 4429 3030 4495 vide,
3062 4429 3334 4497 quomodo
3379 4429 3539 4484 obse-

1937 4535 2051 4579 cret
2083 4523 2300 4578 l’etrum
2329 4535 2386 4576 ut
2413 4539 2441 4576 a
2471 4533 2614 4578 terra
2639 4523 2875 4578 abducat
2902 4538 2915 4574 :
2946 4521 3158 4592 rogavit
3186 4521 3357 4585 enim,
3393 4521 3533 4575 idem

237 4609 384 4665 οὕτω
415 4612 510 4665 καὶ
539 4612 666 4673 τοὺς
723 4609 892 4673 ἁλιεῖς
927 4611 1015 4663 διὰ
1045 4612 1152 4662 τῶν
1206 4611 1426 4681 ἰχθύων.
1472 4612 1616 4680 Ὀρα
1645 4613 1700 4665 δὲ
1734 4610 1818 4664 τοῦ

1939 4627 2021 4671 est
2049 4617 2190 4685 quod
2218 4615 2524 4669 obsecravit
2554 4632 2565 4666 :
2606 4616 2698 4668 sed
2729 4625 2783 4669 et
2813 4616 3086 4682 quomodo
3133 4614 3330 4669 Petrus
3365 4615 3535 4669 mori-

238 4704 484 4775 Χριστοῦ
511 4704 608 4773 τὴν
639 4702 967 4765 ἐπιείκειαν,
999 4703 1118 4765 πῶς
1155 4705 1464 4773 παρακαλεῖ
1495 4705 1585 4756 τὸν
1625 4705 1832 4775 Πέτρον

237 4797 349 4851 ἀπὸ
372 4796 473 4865 τῆς
517 4797 619 4865 γῆς
653 4797 1024 4865 ἐπαναγαγεῖν
1047 4813 1060 4825 ·
1091 4797 1152 4848 τὸ
1198 4797 1329 4866 γὰρ,
1359 4795 1668 4867 ἠρώτησεν,
1712 4798 1834 4850 ἀντὶ

235 4890 356 4953 τοῦ,
394 4890 740 4959 παρεκάλεσε
791 4891 920 4943 νόει’
973 4889 1108 4942 ἀλλὰ
1160 4889 1254 4941 καὶ
1284 4892 1310 4942 ὁ
1343 4890 1579 4959 Πέτρος,
1618 4891 1732 4952 πῶς
1763 4887 1833 4959 ἦν

235 4984 524 5051 εὐπειθὴς,
563 4983 703 5036 ὥστε
744 4983 1053 5054 ἄνθρωπον,
1091 4984 1148 5034 ὃν
1175 4985 1273 5034 οὐκ
1300 4982 1436 5052 ᾔδει,
1464 4981 1832 5046 ὑποδέξασθαί

236 5093 296 5127 τε
325 5077 407 5136 είς
440 5074 502 5127 τὸ
530 5075 713 5126 πλοῖον
745 5074 930 5138 αὑτοῦ,
976 5076 1070 5127 καὶ
1104 5076 1281 5125 πάντα
1308 5073 1474 5126 αὑτοῦ
1502 5075 1829 5127 ὑπακούειν·

235 5167 454 5237 ὡς-γὰρ
503 5162 658 5220 εἶπεν
696 5168 845 5235 αὐτῷ
900 5169 1272 5234 ἐπαναγαγεῖν
1305 5169 1383 5229 είς
1415 5167 1474 5219 τὸ
1505 5167 1686 5236 βάθος,
1733 5167 1835 5220 οὐκ

237 5261 717 5330 ἀπεδυσπέτησεν,
764 5260 873 5312 οὐδ’
909 5255 1051 5322 εἷπε,
1089 5261 1169 5311 Δι’
1203 5261 1331 5328 ὅλης
1365 5263 1462 5328 τῆς
1512 5263 1706 5324 νυκτὸς
1738 5279 1833 5313 κο-

243 5354 448 5417 mica;
483 5355 578 5406 καὶ
632 5353 799 5424 μηδὲν
849 5354 1138 5422 κερδάνας,
1179 5353 1274 5405 νῦν
1323 5355 1408 5406 σοὶ
1443 5356 1832 5424 πεισθήσομαι,

241 5451 332 5501 καὶ
363 5446 640 5517 δευτέροις
680 5448 864 5507 πόνοις
906 5447 1142 5517 ἐμαυτὸν
1173 5447 1459 5512 ὲπιδώσω;
1496 5448 1662 5500 Οὐδὲν
1709 5449 1833 5501 τού-

244 5557 346 5593 των
379 5537 554 5604 εἶπεν,
587 5538 724 5592 ἀλλὰ
767 5540 990 5607 μᾶλλον,
1011 5541 1133 5594 Ἐπὶ
1155 5540 1234 5610 τῷ
1267 5542 1472 5611 ῥήματί
1499 5559 1590 5593 σου
1611 5543 1834 5611 χαλάσω

245 5630 299 5682 τὸ
331 5629 586 5682 δίκτυον·
627 5630 800 5691 οὕτως
845 5627 912 5700 ἦν
946 5631 1043 5702 τὴν
1099 5633 1286 5684 πίστιν
1333 5635 1534 5704 θερμὸς
1584 5637 1678 5687 καὶ
1730 5634 1835 5704 πρὸ

248 5721 340 5791 τῆς
375 5721 652 5785 πίστεως·
691 5723 812 5776 ὅθεν
846 5725 938 5777 καὶ
966 5725 1255 5789 τοσούτους
1291 5727 1480 5796 ἰχθύας
1519 5728 1835 5796 συλλαμϐά-

250 5832 345 5882 νει,
374 5814 521 5869 ὥστε
555 5815 633 5886 μὴ
680 5815 982 5886 δυνάμενος
1035 5819 1257 5882 τούτους
1313 5820 1563 5881 ἑλκύσαι,
1597 5823 1691 5873 καὶ
1723 5823 1834 5884 τοῖς

252 5909 498 5973 μετόγοις
530 5908 699 5972 νεύει,
738 5911 1008 5971 τουτέστι,
1051 5915 1162 5977 τοῖς
1213 5918 1490 5979 κοινωνοῖς
1536 5917 1647 5979 τοῖς
1676 5917 1732 5968 ἐν
1759 5916 1834 5978 τῷ

1938 4724 2099 4778 gerus
2134 4709 2316 4772 fuerit,
2358 4709 2428 4762 ita
2464 4717 2522 4762 ut
2559 4709 2836 4762 hominem
2865 4722 3028 4776 quem
3063 4724 3170 4761 non
3209 4707 3441 4772 viderat,
3481 4710 3565 4765 in-

1939 4803 2116 4854 navim
2155 4817 2309 4856 suam
2344 4802 2668 4870 susceperit,
2701 4808 2753 4852 et
2784 4801 2831 4853 ei
2874 4802 2927 4854 in
2957 4800 3213 4854 omnibus
3247 4799 3536 4857 obedierit.

1936 4891 2070 4946 Nam
2101 4899 2158 4945 ut
2185 4893 2322 4946 dixit
2363 4892 2409 4945 ei
2435 4871 2582 4959 quod
2613 4894 2907 4946 abduceret
2943 4892 2993 4944 in
3047 4891 3398 4960 profundum,
3426 4907 3534 4949 non

1937 4986 2144 5050 abnuit,
2183 5000 2358 5054 neque
2391 4985 2548 5048 dixit,
2601 4984 2702 5038 Per
2733 4995 2897 5039 totam
2933 4997 3149 5040 noctem
3183 4985 3449 5052 laboravi,
3483 4997 3542 5043 et

1939 5077 2068 5130 nihil
2102 5089 2429 5130 consecutus
2463 5091 2622 5142 sum;
2689 5091 2837 5129 nunc
2875 5075 2967 5128 tibi
3008 5091 3280 5143 parerem,
3317 5088 3371 5130 et
3414 5076 3538 5134 aliis

1938 5167 2247 5238 fatigandus
2278 5168 2556 5223 laboribus
2594 5169 3004 5222 incumberent?
3039 5168 3136 5223 sed
3164 5169 3260 5232 ait,
3289 5166 3346 5220 lu
3373 5167 3538 5224 verbo

1941 5269 2030 5314 tuo
2089 5259 2287 5314 laxabo
2349 5270 2484 5314 rete.
2539 5260 2689 5314 Adeo
2748 5260 2992 5316 fervebat
3041 5262 3145 5316 lide
3190 5261 3358 5317 etiam
3411 5274 3538 5319 ante

1941 5353 2099 5409 (idem
2138 5369 2152 5408 :
2190 5353 2330 5408 unde
2356 5364 2410 5408 et
2442 5363 2622 5407 tantos
2658 5355 2833 5424 pisces
2860 5355 3296 5424 comprehendit,
3331 5366 3388 5409 ut
3418 5355 3538 5411 illos

1941 5462 2046 5501 non
2099 5447 2337 5515 potuerit
2391 5449 2633 5512 trahere,
2667 5457 2719 5500 et
2766 5450 3023 5502 annuerit
3059 5449 3248 5510 sociis,
3297 5449 3398 5503 hoc
3456 5459 3541 5502 est

1940 5541 2296 5609 participibus
2321 5541 2375 5593 in
2405 5539 2506 5593 alia
2533 5539 2826 5594 navi.Nutu
2852 5550 3031 5595 autem
3065 5543 3186 5597 illos
3211 5552 3389 5604 vocat,
3411 5543 3537 5610 quia

1940 5640 2166 5702 propter
2203 5641 2480 5701 stuporem
2536 5648 2792 5701 maguum
2844 5634 2992 5701 loqui
3037 5634 3313 5702 nequibat.
3367 5634 3536 5687 Porro

1942 5725 2108 5778 multa
2144 5725 2450 5780 reverentia
2478 5725 2675 5780 Petrus
2717 5734 2870 5794 rogat
2900 5722 3082 5780 Jesum
3122 5737 3177 5779 ut
3209 5726 3331 5779 navi
3371 5741 3534 5779 exce-

1943 5820 2051 5884 dat,
2087 5828 2427 5889 peccatorem
2464 5819 2702 5887 seipsum
2738 5817 2947 5882 dicens,
2990 5828 3044 5873 et
3076 5818 3358 5886 indignum
3393 5818 3536 5873 illius

1942 5915 2377 5971 conversatione.
2422 5912 2545 5970 lltec
2574 5915 2741 5970 etiam
2778 5929 2871 5984 per
2907 5915 3224 5985 auagogiam
3267 5915 3310 5972 si
3342 5917 3422 5971 vis
3453 5918 3501 5966 in
3531 5946 3534 5952 -
