4028 6418
524 425 629 487 7²›9

1413 418 1957 485 THEOPHYLACT
1964 422 1989 483 Ι
2018 422 2429 485 BULGARI/E
2463 422 2805 484 ARCHIEP

3678 422 3795 489 760

526 540 755 609 telligas.
808 536 973 593 Navis
1017 547 1095 593 est
1124 537 1428 593 Judmorum
1466 539 1747 610 Synagoga
1773 579 1788 603 ,
1830 550 1881 592 et
1915 539 2096 595 Petrus

2210 540 2381 608 ἑτέρῳ
2414 539 2587 609 πλοίῳ
2604 554 2617 567 ·
2638 539 2727 592 διὰ
2752 536 3022 609 νεύματος
3050 536 3107 591 δδ
3132 534 3331 601 αύτοῦς
3360 537 3754 607 προσκαλεῖται
3772 560 3787 574 ·

523 635 660 702 gerit
695 644 877 702 typum
919 633 1199 685 doctorum
1251 630 1405 699 legis.
1453 630 1861 685 Laboraverunt
1914 643 2091 685 autem

523 740 621 791 per
670 734 835 777 t0tam
890 729 1099 774 noctem
1129 721 1378 775 doctores
1422 722 1511 790 qui
1553 732 1677 775 ante
1708 722 1981 776 Christum
2018 720 2099 774 fu-

524 826 705 872 erunt.
736 815 971 883 Tempus
1022 813 1162 865 enim
1196 823 1319 867 ante
1350 814 1466 881 ejus
1494 815 1780 868 adventum
1820 831 1923 868 nox
1957 821 2094 876 erat,

526 915 581 957 et
614 904 743 957 nihil
786 904 1315 971 comprehenderunt
1359 922 1373 957 :
1408 913 1690 972 postquam
1743 914 1919 958 autem
1948 903 2098 956 venit

526 997 797 1057 Christus,
830 996 1053 1065 diesque
1098 996 1275 1049 factus
1306 1004 1407 1057 est,
1453 995 1681 1063 apostoli
1722 997 1773 1048 in
1805 994 1980 1048 locum
2010 994 2092 1046 le-

526 1090 605 1160 gis
636 1092 912 1144 doctorum
956 1087 1247 1156 surrogati,
1292 1087 1349 1141 in
1386 1087 1549 1141 verbo
1592 1087 1729 1155 ejus,
1775 1086 1876 1139 hoc
1912 1095 1994 1140 est
2042 1087 2095 1141 in

528 1193 795 1250 praecepto
840 1183 977 1251 ejus,
1029 1180 1210 1233 laxant
1260 1188 1376 1233 rete
1424 1178 1717 1246 Evangelii,
1764 1188 1815 1231 et
1853 1178 2095 1231 multitu-

524 1276 703 1328 dinem
739 1274 1018 1327 hominum
1049 1283 1335 1327 venantur.
1369 1272 1479 1325 Soli
1515 1280 1694 1325 autem
1731 1272 1957 1339 apostoli
1990 1286 2093 1325 non

524 1377 751 1436 possunt
806 1368 1025 1420 trahere
1064 1376 1177 1420 rete
1235 1366 1488 1434 piscium,
1538 1374 1891 1433 annuuntque
1936 1363 2096 1417 sociis

524 1458 657 1521 suis,
693 1467 746 1510 et
768 1458 1188 1520 communicant,
1213 1466 1267 1511 et
1296 1472 1416 1511 cum
1447 1457 1527 1509 eis
1559 1456 1795 1510 trahunt.
1832 1454 1893 1508 Hi
1916 1464 2093 1509 autem

522 1548 683 1619 305
720 1558 844 1614 sunt
868 1558 1111 1617 pastores
1146 1558 1200 1603 et
1232 1551 1482 1603 doctores
1505 1548 1869 1603 Ecclesiarum
1900 1548 1950 1601 in
1984 1549 2095 1602 siu-

527 1641 665 1710 gulis
702 1640 1035 1709 temporibus
1081 1641 1172 1710 qui
1212 1642 1637 1708 interpretantur
1662 1650 1715 1693 et
1754 1641 1946 1694 docent
1971 1654 2098 1709 apo-

524 1731 735 1795 stolica,
798 1732 1125 1801 trahuntque
1191 1747 1312 1787 cum
1378 1732 1656 1800 apostolis,
1706 1740 1768 1785 ut
1823 1732 2095 1800 piscentur

523 1823 791 1877 homines.
829 1822 1208 1877 Animadverte
1250 1824 1375 1876 item
1411 1834 1466 1876 et
1506 1824 1798 1878 dictionem
1830 1862 1845 1887 ,
1889 1822 2097 1876 Laxare

527 1925 657 1968 rete.
690 1914 1039 1985 Evangelium
1074 1917 1217 1969 enim
1261 1925 1344 1970 est
1377 1926 1511 1979 rete,
1548 1919 1847 1970 orationem
1893 1916 2096 1970 habens

524 2007 777 2059 humilem
811 2017 863 2059 ct
892 2006 1214 2075 pedestrem,
1253 2019 1303 2061 et
1350 2009 1413 2059 ad
1458 2007 1761 2062 auditorum
1814 2006 2097 2060 infirmita-

524 2110 628 2151 tem
656 2112 714 2151 se
746 2108 1191 2167 attemperautem
1228 2118 1238 2151 :
1273 2106 1325 2151 et
1350 2098 1555 2152 idcirco
1586 2098 1783 2151 dicitur
1810 2098 1999 2151 laxari.
2038 2097 2094 2151 Si

521 2192 605 2245 cui
638 2200 815 2244 autem
850 2198 905 2244 et
935 2206 1188 2245 sensuum
1221 2190 1557 2258 profunditas
1588 2190 1880 2259 signiﬁcari
1920 2192 2101 2246 videa—

524 2294 610 2337 tur
657 2298 750 2349 per
800 2282 1125 2337 laxationem
1186 2284 1355 2345 retis,
1419 2296 1596 2351 neque
1648 2282 1823 2350 ipsum
1885 2298 1913 2335 a
1971 2298 2099 2338 vero

522 2375 749 2431 abludit.
782 2375 1039 2444 impletur
1069 2375 1210 2428 enim
1246 2383 1300 2427 et
1340 2375 1438 2427 hoc
1467 2374 1746 2443 prophetre
1786 2375 1877 2442 qui
1910 2375 2039 2429 dicit
2080 2393 2092 2428 :

528 2487 546 2519 ι
580 2467 718 2522 Ecce
746 2482 845 2537 ego
882 2469 1038 2520 mitto
1067 2467 1363 2534 piscatores
1391 2466 1612 2527 multos,
1655 2466 1786 2519 dicit
1818 2466 2093 2533 Dominus,

520 2568 575 2613 et
617 2567 800 2627 postea
834 2558 1041 2611 mittam
1074 2556 1270 2609 multos
1320 2562 1625 2619 venatores,
1658 2566 1711 2609 et
1754 2556 2096 2611 venabuntur

520 2651 639 2704 illus
678 2650 723 2681 ⁸⁷
767 2667 779 2702 :
828 2668 846 2701 ι
902 2650 1209 2719 piscatores
1260 2648 1473 2715 quidem
1545 2662 1760 2704 sanetos
1818 2650 2091 2717 apostolos

2200 631 2388 699 ἐπειδὴ
2421 630 2510 683 διὰ
2541 631 2639 701 τὴν
2667 631 2761 683 ἐπὶ
2787 633 2853 701 τῇ
2883 630 3031 701 ἄγρᾳ
3063 628 3349 699 ἔκπληξιν,
3372 628 3501 683 οὐδὲ
3547 629 3785 698 λαλῆσαι

2199 723 2429 790 ἠδύνατο
2454 739 2469 753 ·
2501 721 2609 775 ἀπὸ
2640 722 2839 791 πολλῆς
2888 722 2945 775 δὲ
2969 721 3257 785 εὐλαϐείας
3287 723 3316 775 6
3348 722 3553 792 Πέτρος
3582 738 3790 791 παραι-

2200 816 2376 868 τεῖται
2398 815 2487 869 τὸν
2518 814 2728 883 Ἰησοῦν
2748 814 2845 869 τοῦ
2864 816 2940 887 μὴ
2961 812 3101 869 εἶναι
3131 816 3190 868 ὲν
3206 814 3284 885 τῷ
3306 816 3499 885 πλοίῳ,
3521 817 3792 886 ἁμαρτω-

2202 908 2291 959 λὸν
2324 908 2517 961 ἑαυτὸν
2536 908 2732 974 λέγων,
2759 910 2853 961 καὶ
2884 909 2985 961 οὐκ
3008 908 3158 973 ἀξιον
3188 907 3279 961 τοῦ
3303 908 3497 977 ἐκείνῳ
3522 909 3787 962 συνεῖναι.

2202 999 2416 1067 Νόησον
2447 1000 2502 1052 δὲ
2528 999 2700 1053 ταῦτα
2742 1000 2836 1053 καὶ
2866 1000 3013 1053 κατά
3046 999 3362 1071 ἀναγωγὴν,
3394 1001 3443 1052 εί
3472 999 3673 1062 Θέλεις.
3715 1000 3790 1052 T6

2202 1087 2389 1144 πλοῖόν
2420 1093 2565 1145 ἐστιν
2597 1093 2629 1161 ή
2658 1091 2766 1144 τῶν
2817 1092 3088 1146 Ἰουδαίων
3128 1091 3462 1162 Συναγωγή·
3516 1092 3544 1144 6
3578 1092 3790 1163 Πέτρος

2200 1183 2372 1237 τύπον
2403 1184 2589 1253 ἐπέχει
2617 1184 2725 1237 τῶν
2761 1186 2818 1237 έν
2846 1184 2925 1254 τῷ
2967 1186 3119 1254 νόμῳ
3146 1184 3485 1239 διδασκάλων
3506 1202 3519 1214 ·
3553 1186 3787 1238 ἐκοπία-

2205 1294 2303 1328 σαν
2348 1276 2443 1330 οῦν
2486 1278 2551 1329 δι’
2602 1277 2732 1347 ὅλης
2790 1278 2888 1347 τῆς
2923 1277 3121 1339 νυκτὸς
3176 1277 3227 1329 οἱ
3269 1277 3374 1347 πρὸ
3416 1276 3509 1329 τοῦ
3542 1278 3790 1346 Χριστοῦ

2202 1368 2513 1423 διδάσκαλοι
2548 1369 2666 1440 (νὺξ
2711 1370 2819 1438 γὰρ
2844 1371 2871 1422 ὁ
2904 1370 3008 1441 πρὸ
3058 1369 3160 1437 τῆς
3200 1370 3441 1440 Χριστοῦ
3486 1369 3791 1440 ἐπιδημίας

2205 1459 2439 1529 καιρὸς),
2471 1460 2563 1511 καὶ
2588 1459 2741 1511 οὐδὲν
2763 1458 2977 1511 ἔλαϐον.
3011 1458 3288 1521 Ἐλθόντος
3316 1459 3373 1511 δὲ
3398 1456 3494 1511 τοῦ
3522 1460 3789 1528 Χριστοῦ,

2202 1551 2300 1602 καὶ
2322 1550 2539 1620 ἡμέρας
2588 1550 2910 1619 γενομένης,
2944 1552 3023 1612 είς
3049 1549 3141 1602 τὸν
3172 1550 3337 1603 τόπον
3367 1550 3476 1603 τῶν
3507 1548 3796 1621 νομοδιδαῖ

2206 1644 2421 1697 σκάλων
2459 1641 2706 1705 τεθέντες
2732 1638 2779 1694 οί
2805 1643 3114 1706 ἀπόστολοι,
3140 1642 3232 1696 ἐπὶ
3259 1641 3335 1712 τῷ
3366 1644 3573 1713 ῥήματι
3595 1641 3790 1705 αὑτοῦ,

2204 1736 2482 1789 τουτέστιν
2529 1735 2623 1787 ἐπὶ
2662 1738 2726 1806 τῇ
2790 1732 3121 1807 προστάξει,
3179 1734 3385 1803 χαλῶσι
3453 1736 3513 1787 τὸ
3571 1732 3792 1787 δίκτυον

2204 1830 2295 1883 τοῦ
2341 1828 2696 1898 Εὑαγγελίου,
2747 1829 2840 1882 καὶ
2879 1828 3083 1898 πλῆθος
3127 1827 3432 1897 ἀνθρώπων
3487 1826 3788 1897 ζωγροῦσι.

2206 1924 2371 1975 Μόνοι
2431 1922 2486 1975 δὲ
2547 1922 2595 1974 οἱ
2658 1919 2947 1975 ἀπόστολοι
3001 1922 3063 1973 οὐ
3122 1918 3376 1972 δύνανται
3449 1918 3676 1972 ἑλκύσαι
3732 1917 3794 1971 τὸ

2205 2018 2417 2070 δέκτυον
2454 2016 2563 2069 τῶν
2608 2015 2827 2085 ἰχθύων,
2872 2014 2965 2067 καὶ
2999 2010 3215 2064 νεύουσι
3256 2012 3351 2064 καὶ
3389 2012 3504 2072 τοῖς
3539 1995 3794 2078 μετόχοις

2206 2110 2385 2161 αὐτῶν
2420 2109 2512 2161 κοιλ⁸
2548 2110 2847 2170 κοινωνοῖς,
2878 2106 2973 2159 καὶ
3003 2103 3347 2174 συναίρονται
3391 2104 3597 2164 αὐτοῖς.
3631 2096 3793 2155 Οὗτοι

2203 2200 2259 2251 δέ
2293 2200 2429 2252 εἰσιν
2468 2200 2515 2250 oi.
2570 2198 2691 2251 καθ’
2726 2196 2989 2258 ἑκάστους
3026 2194 3253 2265 καιροὺς
3289 2193 3549 2263 ποιμένες
3582 2193 3676 2245 καὶ
3709 2192 3792 2245 δι-

2202 2291 2461 2345 δάσκαλοι
2495 2290 2604 2345 τῶν
2650 2289 3013 2358 Ἐκκλησιῶν,
3044 2289 3093 2339 οἳ
3122 2290 3191 2340 τά
3233 2285 3567 2339 ἀποστολικά
3614 2285 3792 2356 ἑρμη-

2201 2384 2448 2446 νεύοντες
2486 2384 2579 2436 καὶ
2608 2382 2952 2444 διδάσκοντες
2972 2423 2988 2443 ,
3023 2379 3367 2448 συναίρονται
3399 2380 3511 2439 τοῖς
3554 2376 3792 2429 ἀποστόο

2202 2477 2313 2537 λοις
2342 2480 2477 2545 πρὸς
2509 2474 2568 2526 τὸ
2588 2473 2872 2544 ζωγρῆσαι
2896 2470 3216 2542 ἀνθρώπους
3238 2486 3253 2501 ·
3278 2469 3467 2522 σκόπει
3493 2468 3549 2519 δὲ
3572 2469 3669 2519 καὶ
3691 2468 3791 2535 τὴν

2199 2565 2343 2631 λέξιν
2364 2565 2478 2629 τοῦ,
2500 2564 2722 2617 Χαλῶσι
2768 2564 2827 2615 τὸ
2845 2562 3081 2616 δίκτυον.
3106 2562 3177 2615 Τδ
3206 2562 3304 2631 μὲν
3325 2561 3434 2630 γάρ
3459 2559 3792 2629 Εὑαγγέλιόν

2200 2660 2315 2711 ἐστι
2350 2657 2410 2709 τὸ
2443 2657 2693 2709 δίκτυον·
2728 2655 2875 2720 λέξιν
2916 2654 2973 2708 δὲ
3001 2655 3124 2724 ἕχον
3153 2653 3417 2723 ταπεινὴν
3453 2651 3549 2705 καὶ
3590 2651 3789 2721 πεζὴν,

520 2756 763 2805 vocans,
820 2752 1105 2795 venatores
1180 2749 1359 2793 autem
1432 2755 1526 2794 eos
1604 2741 1693 2809 qui
1762 2743 2095 2811 temporibus

2201 2749 2293 2803 καὶ
2333 2746 2812 2818 συγκαταϐατικὴν
2852 2746 2989 2818 πρὸς
3024 2746 3121 2817 τὴν
3169 2745 3434 2799 ίδιωτείαν
3469 2744 3579 2797 τῶν
3614 2745 3785 2796 ἀκου-

520 2835 870 2903 sequentibus
920 2832 1089 2887 habiti
1152 2840 1277 2886 sunt
1332 2833 1581 2887 doctores
1632 2831 1994 2897 Ecclesiarum
2046 2845 2096 2891 et

2210 2841 2400 2901 όντων,
2438 2839 2525 2891 διά
2555 2838 2714 2893 τοῦτο
2746 2837 2965 2906 λέγεται
2994 2837 3351 2907 χώασθῆναι.
3385 2836 3447 2888 Εἰ
3474 2836 3531 2888 δέ
3568 2852 3649 2899 τις
3696 2834 3795 2888 καὶ⁵

520 2929 778 2996 ντίιτίεειῑ.
2209 2931 2269 2984 τὺ
2321 2931 2481 3003 βάθος
2538 2930 2646 2984 τῶν
2695 2930 2989 2998 νοημάτων
3036 2928 3330 2998 δηλοῦσθαι
3375 2927 3509 2996 φαίη
3557 2927 3645 2980 διὰ
3695 2927 3791 2979 τοῦ

519 3019 784 3089 χαλᾶσθαι
811 3021 868 3073 τὸ
900 3022 1135 3085 δίκτυον,
1168 3024 1288 3077 οὐδὲ
1320 3022 1477 3076 τοῦτο
1512 3024 1738 3082 ἀπεικός
1766 3039 1778 3053 ·
1837 3021 2194 3092 πεπλήρωται
2232 3021 2363 3091 γοῦν
2396 3022 2491 3075 καὶ
2519 3024 2578 3075 τι)
2604 3022 2697 3076 τοῦ
2760 3023 3066 3093 προφήτου,
3107 3021 3353 3083 εἰπόντος
3381 3038 3394 3051 ·
3430 3039 3449 3071 ι
3495 3020 3627 3074 Ἰδοὺ
3679 3019 3793 3086 ἐγὼ

518 3115 805 3169 ἀποστελῶ
843 3117 1015 3179 ἁλιεῖς
1056 3117 1321 3182 πολλοὺς,
1360 3118 1510 3187 λέγει
1555 3116 1789 3187 Κύριος·
1835 3118 1931 3170 καὶ
1969 3118 2107 3188 μετὰ
2142 3118 2315 3171 ταῦτα
2338 3117 2624 3171 ἀποστελῶ
2656 3117 2883 3181 πολλοὺς
2950 3115 3243 3187 θηρευτὰς,
3304 3115 3399 3167 καὶ
3428 3112 3795 3182 θηρεύσουσιν

518 3208 715 3272 αὐτούς
739 3225 753 3241 ο
798 3228 815 3262 ι
859 3208 984 3272 τοὺς
1027 3210 1124 3279 μὲν
1164 3211 1332 3274 ἁλιεῖς
1354 3255 1366 3272 ,
1424 3212 1549 3273 τοὺς
1576 3211 1764 3278 ἀγίους
1794 3210 2126 3274 ἀποστόλους
2164 3211 2339 3277 λέγων
2363 3228 2375 3241 ·
2422 3210 2694 3282 θηρευτὰς
2733 3210 2811 3273 δὲ,
2844 3211 2970 3273 τοὺς
2999 3208 3143 3263 κατά
3171 3207 3396 3278 καιροὺς
3422 3206 3531 3259 τῶν
3560 3205 3795 3274 Ἐκκλη-

522 3302 653 3355 σιῶν
684 3303 1023 3373 ἡγουμένους
1054 3305 1148 3357 καὶ
1170 3305 1541 3367 διδασκάλους.

592 3398 757 3452 Vens.
794 3397 975 3453 12-16.
1008 3417 1027 3450 ι
1074 3398 1139 3453 Ει
1168 3400 1369 3453 factum
1405 3410 1508 3464 est,
1539 3418 1658 3454 cum
1693 3412 1837 3456 esset
1878 3403 1928 3456 In
1968 3418 2101 3473 qua~
2128 3407 2169 3464 C

520 3492 643 3542 dam
698 3490 942 3555 civitate,
990 3498 1044 3544 et
1097 3506 1223 3546 ecce
1281 3491 1365 3545 vir
1407 3492 1599 3562 plenus
1644 3492 1813 3563 lepra,
1869 3510 2100 3564 cumque

523 3584 742 3637 vidisset
775 3581 981 3646 Jesum,
1026 3593 1331 3653 prostratus
1378 3586 1431 3638 in
1475 3584 1667 3639 laciem
1703 3588 1909 3657 rogavit
1952 3603 2095 3653 eum,

520 3676 706 3729 dicens
749 3694 761 3727 :
806 3673 1051 3737 Domine,
1088 3678 1129 3730 si
1166 3676 1269 3741 vis,
1307 3688 1458 3745 potes
1484 3693 1567 3731 me.
1592 3679 1867 3732 mundare.
1890 3677 1954 3731 Et
1976 3694 2099 3747 pro-

521 3781 670 3821 tensa
707 3784 866 3820 manu
893 3770 1063 3837 tetigit
1096 3784 1240 3833 eum,
1275 3770 1668 3833 dicens:Volo,
1704 3772 1933 3825 mundus
1956 3782 2093 3826 esto.

522 3860 586 3912 Et
614 3859 899 3912 confestim
941 3858 1083 3928 lepra
1121 3860 1370 3915 discessit
1400 3861 1467 3914 ab
1504 3860 1615 3913 illo.
1663 3861 1726 3914 Et
1758 3862 1871 3929 ipse
1899 3878 2101 3931 praece-

522 3952 598 4017 pit
629 3952 698 4004 illi
728 3968 791 4005 ne
824 3953 1075 4019 cuiquam
1104 3953 1341 4007 diceret:
1364 3952 1459 4007 sed
1490 3952 1642 4018 vade,
1663 3954 1857 4021 inquit,
1878 3956 2099 4009 ostende

524 4046 747 4113 teipsum
779 4046 1071 4109 sacerdoti,
1112 4053 1163 4099 et
1205 4044 1339 4100 oll'er
1371 4061 1574 4101 munus
1603 4061 1701 4117 pro
1722 4046 2099 4101 emundatione

523 4140 626 4202 tui,
652 4136 1109 4205 quemadmodum
1144 4140 1397 4206 prmcepit
1428 4138 1606 4194 Moses
1639 4139 1690 4193 in
1726 4138 2093 4193 testimonium

522 4230 650 4281 illis.
700 4227 1100 4296 Pervagabatur
1142 4236 1323 4282 autem
1365 4230 1535 4298 magis
1563 4245 1749 4284 rumor
1780 4230 1845 4284 de
1887 4230 1999 4294 illo,
2043 4241 2097 4286 et

520 4318 923 4374 conveniebant
961 4319 1129 4372 turbze
1181 4320 1360 4373 multa:
1407 4330 1466 4374 ut
1502 4324 1787 4384 audirent,
1841 4334 1893 4374 et
1934 4336 2097 4375 sana-

521 4420 708 4463 rentur
737 4409 803 4461 ab
848 4408 1250 4462 inﬁrmitatibus
1286 4411 1419 4465 suis.
1456 4411 1575 4480 lpse
1605 4420 1784 4463 autem
1824 4408 2017 4475 agebat
2042 4409 2096 4462 in

522 4519 735 4558 secessu
775 4505 825 4555 in
850 4504 1078 4557 desertis
1110 4512 1160 4557 et
1196 4506 1403 4558 orabat.
1444 4522 1459 4553 ι
1497 4503 1869 4557 Admiratione
1901 4503 2097 4571 dignus

520 4603 603 4645 cst
644 4593 886 4661 leprosos
918 4593 1025 4656 ille,
1063 4594 1187 4662 quia
1221 4594 1435 4662 dignam
1467 4592 1578 4647 Ι)οο
1616 4595 1682 4647 de
1730 4592 1947 4647 Christo
1976 4592 2095 4661 opi-

520 4688 738 4742 nionem
769 4688 955 4741 habuit
984 4696 1040 4741 et
1071 4688 1204 4740 dixit
1239 4706 1251 4739 :
1283 4686 1337 4739 Si
1377 4686 1476 4747 vis,
1503 4697 1655 4753 potes
1683 4699 1769 4738 me
1812 4685 2089 4738 mundare.

2286 3421 2303 3451 ι
2336 3403 2443 3455 Καὶ
2475 3400 2689 3469 ἐγένετο
2720 3400 2776 3451 ἐν
2812 3397 2889 3467 τῷ
2922 3392 3063 3451 εἶναι
3093 3396 3257 3451 αὐτὸν
3295 3397 3353 3449 ὲν
3389 3397 3490 3467 μιᾷ
3532 3395 3644 3450 τῶν
3695 3396 3793 3449 πόα

2208 3494 2365 3557 λεων,
2404 3496 2497 3545 καὶ
2542 3493 2649 3544 ἰδοὺ
2678 3492 2817 3561 ἀνὴρ
2866 3490 3082 3561 πλήρης
3114 3489 3359 3559 λέπρας,
3399 3490 3497 3541 καὶ
3531 3486 3658 3542 ἰδὼν
3702 3491 3793 3541 τὸν

2218 3586 2422 3656 Ἰησοῦν
2446 3626 2459 3649 ,
2498 3584 2678 3637 πεσὼν
2721 3586 2814 3636 ἐπὶ
2860 3582 3182 3653 πρόσωπον,
3220 3580 3411 3651 ἐδεήθη
3452 3580 3654 3643 αὑτοῦ,
3699 3582 3794 3634 λέ-

2204 3694 2345 3746 γων·
2384 3678 2575 3748 Κύριε,
2614 3678 2707 3729 ὲάν
2742 3676 2923 3747 θέλῃς,
2953 3675 3179 3728 δύνασαί
3222 3694 3289 3745 με
3326 3675 3643 3745 καθαρίσαι.
3680 3675 3794 3728 Καὶ

2202 3772 2448 3831 ἐκτείνας
2499 3770 2596 3841 τὴν
2638 3772 2823 3839 χεῖρα,
2879 3768 3059 3837 ἥψατο
3107 3767 3271 3822 αὑτοῦ
3297 3808 3311 3832 ,
3365 3766 3571 3831 εἰπὼν,
3598 3765 3792 3827 Θέλω,

2203 3863 2600 3931 καθαρίσθητι·
2665 3862 2757 3913 καὶ
2819 3858 3023 3922 εὐθέως
3078 3862 3113 3928 ἡ
3172 3857 3349 3928 λέπρα
3394 3856 3643 3926 ἀπῆλθεν
3694 3857 3792 3911 ἀπ’

2203 3952 2388 4007 αὑτοῦ.
2433 3953 2541 4005 Καὶ
2574 3953 2735 4013 αὐτὸς
2770 3949 3139 4020 παρήγγειλεν
3167 3948 3314 4017 αύτῷ
3350 3948 3542 4017 μηδενὶ
3586 3948 3789 4000 εἰπεῖν·

2202 4044 2339 4098 ἀλλά
2366 4042 2640 4104 ἀπελθὼν.
2685 4040 2856 4107 δεῖξον
2886 4042 3111 4093 σεαυτὸν
3139 4039 3216 4111 τῷ
3271 4042 3429 4111 ίερεϊ,
3462 4039 3562 4092 καὶ
3585 4056 3791 4109 ⁸προσο

2204 4138 2393 4204 ένεγκε
2427 4134 2676 4206 περὶτοῦ
2718 4133 3063 4205 καθαρισμοῦ
3112 4151 3204 4187 σου
3245 4133 3429 4197 καθὼς
3481 4134 3791 4205 προσέταξε

2162 4267 2169 4279 .
2199 4229 2428 4298 Μωσῆς,
2462 4229 2541 4291 είς
2574 4227 2879 4299 μαρτύριον
2906 4227 3115 4288 αὐτοῖς.
3140 4224 3406 4294 Διήρχετο
3437 4222 3493 4275 δὲ
3531 4224 3737 4293 μᾶλλον
3765 4224 3793 4276 6

2200 4321 2354 4387 λόγος
2404 4322 2535 4389 περὶ
2585 4318 2773 4372 αὑτοῦ.
2831 4319 2943 4371 Καὶ
2997 4319 3326 4388 συνήρχοντο
3372 4316 3521 4385 ὄχλοι
3574 4316 3789 4379 πολλοὶ,

2201 4409 2423 4464 ἀκούειν
2451 4409 2545 4461 καὶ
2575 4406 2979 4477 θεραπεύεσθαι
3018 4406 3110 4459 ὑπ’
3139 4405 3308 4459 αὐτοῦ
3342 4406 3450 4458 ἀπὸ
3482 4406 3593 4458 τῶν
3624 4407 3789 4460 ἀσθεη

2199 4507 2359 4559 νειῶν
2384 4504 2585 4559 αὐτῶν.
2613 4503 2785 4565 Αὐτὸς
2806 4502 2862 4555 δὲ
2882 4496 2949 4572 ἦν
2980 4498 3283 4571 ὑποχωρῶν
3305 4500 3361 4552 ὲν
3379 4501 3499 4562 ταῖς
3529 4502 3786 4569 ἐρήμοις,

2199 4598 2295 4650 καὶ
2331 4594 2790 4666 προσευχόμενος.
2824 4612 2841 4643 ι
2888 4590 3354 4661 ’Δξιοθαύμαστος
3378 4591 3407 4643 6
3432 4590 3634 4659 λεπρὸς
3655 4630 3670 4653 ,
3702 4591 3789 4643 ὅτι

2200 4687 2481 4757 θεοπρεπῆ
2512 4687 2720 4739 ἔννοιαν
2744 4683 2873 4755 περὶ
2903 4683 2997 4735 τοῦ
3019 4683 3224 4753 Κυρίου
3244 4682 3403 4751 ἔχων,
3424 4682 3615 4750 φησὶν,
3658 4682 3790 4735 Ἐάν

521 4780 633 4834 lloc
664 4780 806 4833 enim
834 4780 1036 4833 indicat
1078 4781 1251 4847 ipsum
1296 4779 1614 4832 sentientem
1658 4779 1723 4830 de
1772 4777 1990 4830 Christo
2036 4788 2093 4829 ut

2201 4780 2393 4849 θέλῃς,
2426 4780 2653 4831 δύνασαί
2688 4796 2753 4848 με
2798 4776 3118 4849 καθαρίσαι.
3152 4774 3323 4828 Τοῦτο
3367 4776 3477 4845 γάρ
3505 4775 3790 4831 δείκνυσιν

522 4878 586 4929 de
616 4875 746 4929 Deo.
779 4873 897 4928 Non
928 4874 1069 4928 enim
1098 4883 1155 4925 ut
1180 4873 1243 4924 ad
1274 4872 1540 4927 medicum
1569 4878 1895 4933 accesserat,
1920 4884 2094 4937 neque

522 4970 664 5022 enim
688 4967 835 5036 lepra
867 4982 894 5019 a
919 4966 1143 5021 medicis
1174 4966 1350 5020 curari
1377 4972 1577 5035 potest,
1605 4968 1698 5019 sed
1722 4973 1779 5017 ut
1807 4967 1872 5019 ad
1902 4966 2092 5031 Deum,

521 5059 675 5126 cujus
723 5057 889 5111 solius
942 5066 1023 5112 est
1075 5071 1272 5110 sanare
1326 5058 1375 5110 id
1420 5071 1588 5126 genus
1641 5058 1975 5110 morborum.
2029 5059 2097 5109 At

521 5150 676 5205 Jesus
710 5150 877 5219 tangit
902 5151 1074 5211 illum,
1108 5166 1204 5203 nec
1233 5152 1349 5204 sine
1379 5166 1561 5213 causa,
1592 5151 1685 5203 sed
1708 5152 1963 5215 quoniam
1998 5151 2097 5203 im-

524 5242 756 5295 mundus
794 5241 1095 5294 habebatur
1128 5238 1278 5305 juxta
1314 5239 1507 5308 legem,
1541 5240 1627 5308 qui
1663 5240 1928 5309 leprosum
1969 5250 2092 5294 tan-

522 5334 702 5399 gebat,
733 5333 919 5387 volens
949 5333 1231 5386 ostendere
1271 5333 1410 5400 quod
1457 5348 1560 5386 non
1598 5341 1840 5387 teneatur
1882 5334 1947 5387 ad
1976 5349 2095 5387 ser—

523 5424 695 5476 vanda
748 5433 851 5477 tam
914 5424 1105 5492 exigua
1160 5424 1297 5492 legis
1352 5423 1515 5486 dicta,
1559 5433 1613 5477 et
1664 5424 1803 5492 quod
1865 5425 1977 5477 iose
2023 5424 2093 5477 sit

530 5514 789 5566 Dominus
841 5512 993 5579 legis,
1026 5523 1078 5565 et
1119 5515 1259 5583 quod
1292 5514 1525 5567 mundus
1576 5528 1678 5566 non
1711 5514 2091 5583 coinquinetur

524 5620 590 5657 cx
654 5619 720 5658 eo
764 5607 903 5671 quod
962 5606 1177 5659 videtur
1231 5607 1590 5669 immundum,
1651 5606 1742 5659 sed
1791 5606 2089 5659 animorum

526 5695 676 5762 lepra
713 5696 783 5749 sit
814 5711 929 5763 qua:
961 5698 1296 5767 coinquinat,
1340 5709 1393 5753 ct
1437 5699 1555 5753 ideo
1586 5696 1754 5766 iungit
1806 5716 1817 5749 :
1870 5696 2090 5751 interim

597 5854 641 5883 ’⁷
675 5851 871 5905 Jcrcm.
901 5868 1005 5917 λγι,
1044 5854 1127 5908 16.

2201 4871 2364 4923 αὑτὸν
2394 4870 2681 4923 ἐννοοῦντα
2720 4870 2847 4939 περὶ
2872 4869 2966 4922 τοῦ
2993 4868 3254 4939 Χριστοῦ,
3277 4868 3352 4932 ὡς
3382 4867 3510 4937 περὶ
3537 4868 3693 4923 Θεοῦ·
3722 4872 3786 4922 οὐ

2202 4963 2310 5033 γάρ
2349 4962 2425 5025 ὠς
2476 4962 2643 5033 ίατρῷ
2694 4964 3039 5033 προσήρχετο
3087 4960 3286 5031 (ἡγὰρ
3345 4959 3521 5032 λέπρα
3579 4960 3787 5029 ίατρῶν

2204 5056 2392 5125 χερσὶν
2416 5054 2873 5127 ἀνεπιχείρητος),
2909 5054 3023 5107 ἀλλ’
3054 5053 3129 5116 ὡς
3151 5052 3289 5122 Θεῷ·
3322 5054 3513 5107 τούτου
3537 5052 3646 5124 γάρ
3681 5055 3785 5125 μό-

2202 5164 2293 5199 νου
2324 5147 2383 5199 τὺ
2416 5148 2481 5199 τὰ
2503 5148 2725 5200 τοιαῦτα
2763 5147 2965 5200 ἰᾶσθαι.
3006 5146 3066 5199 Ὀ
3088 5147 3144 5200 δὲ
3186 5147 3391 5217 Κύριος
3418 5148 3651 5201 ἅπτεται
3685 5149 3783 5201 αύ-

2202 5235 2330 5298 τοῦ,
2386 5236 2486 5287 οὐκ
2539 5234 2769 5300 ἀλόγως,
2815 5234 2933 5288 ἀλλ’
2978 5235 3165 5306 ἐπειδὴ
3224 5236 3367 5289 κατὰ
3401 5237 3493 5291 τὸν
3528 5236 3714 5308 νόμον,
3754 5242 3783 5293 6

2202 5328 2509 5398 ἁπτόμενος
2560 5327 2764 5399 λεπροῦ
2812 5328 2989 5383 ἐδόκει
3038 5330 3347 5400 ἀκάθαρτος
3384 5325 3565 5396 εἶναι,
3608 5332 3783 5387 θέλων

2199 5422 2391 5488 δεῖξαι,
2428 5421 2507 5473 ὅτι
2539 5423 2637 5484 τὰς
2663 5422 2917 5485 τοιαύτας
2955 5425 3307 5495 μικρολογίας
3338 5426 3432 5479 τοῦ
3466 5429 3636 5497 νόμου
3678 5428 3782 5483 ούκ

2197 5513 2446 5581 ἀνάγκην
2476 5514 2590 5582 έχει
2626 5516 2914 5583 φυλάττειν
2934 5558 2946 5581 ,
2978 5518 3092 5572 ἀλλ’
3122 5520 3283 5583 αύτὸς
3319 5522 3465 5573 ἐστιν
3492 5521 3521 5573 6
3560 5522 3655 5576 τοῦ
3687 5523 3778 5575 νό-

2201 5621 2301 5671 μου
2350 5603 2577 5674 Κύριος,
2612 5608 2706 5659 καὶ
2752 5610 2831 5660 ὅτι
2872 5609 3024 5662 οὐδὲν
3058 5614 3084 5664 ὁ
3115 5610 3353 5680 καθαρὸς
3388 5612 3681 5681 μολύνεται
3712 5614 3779 5667 ὲκ

2197 5695 2291 5749 τοῦ
2325 5694 2609 5762 δοκοῦντος
2634 5699 2969 5773 ἀκαθάρτου.
3002 5704 3119 5757 ἀλλ’
3146 5706 3177 5775 ἡ
3214 5705 3321 5759 τῶν
3346 5705 3537 5777 ψυχῶν
3570 5704 3774 5779 λέπρα,
