4028 6426
217 469 321 532 7'31

938 479 1414 547 IENARRATIO
1448 486 1532 550 IN
1569 490 2081 556 EVANGELIUM
2123 498 2362 561 LUC/E.
2393 523 2460 534 -·
2489 501 2654 563 CAP,
2689 502 2759 561 V.

3423 499 3533 562 762

216 590 404 662 ίκείνη
446 590 598 646 ἐστὶν
634 592 669 663 ἡ
722 590 1031 664 μολύνουσα
1056 613 1070 627 ο
1104 598 1297 651 τούτου
1328 598 1518 655 ἕνεκεν
1551 602 1814 657 ἅπτεται·

1937 614 1992 662 et
2036 608 2138 665 hoc
2182 610 2436 679 indicans
2488 613 2631 682 quod
2698 622 2889 669 sancta
2935 610 3057 681 eius
3108 626 3240 668 caro
3283 613 3531 669 divinam

214 676 333 752 ἃμα
359 682 440 748 δε,
476 684 567 739 καὶ
596 683 681 738 ἵνα
710 682 863 756 δείξῃ
891 686 972 739 ὅτι
1000 690 1034 758 ἡ
1069 689 1201 757 ἁγία
1247 690 1417 745 αὑτοῦ
1487 694 1627 767 σὰρξ
1668 694 1822 750 θείαν

213 772 328 842 εχει
359 775 614 846 δύναμιν,
646 775 737 828 καὶ
778 777 1090 850 καθαρτικη
1131 780 1268 834 οὖσα
1298 784 1395 836 καὶ
1428 784 1777 853 ζωογονοῦσα
1803 828 1818 853 ,

214 865 291 924 ὡς
336 867 434 921 τοῦ
468 866 604 921 Θεοῦ
650 868 827 938 Λόγου
858 866 993 923 οὖσα
1028 872 1187 941 σὰρξ.
1222 875 1604 945 Παραγγέλλει
1650 879 1709 933 δὲ
1743 880 1822 951 τῷ

214 958 408 1029 λεπρῷ
441 960 525 1012 ἵνα
551 962 740 1030 μηδεν)⁸
771 964 923 1036 εἴπῃ,
956 964 1223 1019 διδάσκων
1253 969 1401 1038 ἡμᾶς
1428 971 1504 1042 μὴ
1528 972 1714 1043 ζητεῖν
1738 975 1824 1027 εὑ-

218 1070 290 1122 φη
300 1052 432 1121 μίας
454 1052 605 1122 παρὰ
628 1054 735 1105 τῶν
756 1054 1047 1126 εὖεργετου
1056 1058 1254 1128 μένων.
1276 1046 1557 1118 tamtam
1579 1065 1636 1119 δὲ
1662 1067 1818 1136 φησι,

212 1142 390 1208 δεῖξον
420 1144 647 1197 σεαυτὸν
668 1144 745 1217 τῷ
774 1146 913 1217 ίερεϊ
932 1188 948 1215 ,
983 1149 1078 1203 καὶ
1101 1151 1438 1222 προσένεγκε
1461 1155 1522 1209 τὸ
1538 1156 1712 1229 δῶρον
1739 1158 1822 1222 είς

217 1235 523 1307 μαρτύριον
547 1237 751 1300 αὐτοῖς·
776 1238 940 1309 νόμος
962 1240 1073 1312 γὰρ
1096 1238 1184 1313 ἦν,
1204 1244 1298 1297 τὸν
1323 1246 1475 1318 ἱερέα
1492 1247 1818 1319 δοκιμάζειν

211 1330 340 1390 τοὺς
396 1329 801 1399 λεπρωθέντας,
837 1332 936 1386 καὶ
986 1334 1196 1405 κρίνειν
1236 1338 1285 1390 εί
1334 1340 1815 1412 ἐκαθαρίσθησανο

210 1424 309 1474 καὶ
365 1422 462 1475 ἐὰν
492 1425 592 1491 μὲν
628 1423 695 1477 δι’
728 1425 872 1478 ιπτά
910 1430 1138 1497 ἡμερῶν
1185 1430 1526 1503 ἐκαθαρίσθη
1552 1474 1568 1499 ,
1621 1434 1818 1505 ἔμενεν

210 1516 327 1573 ἔσω
366 1521 466 1588 τῆς
502 1520 711 1582 πόλεως
758 1522 786 1574 6
833 1521 1074 1591 λεπρόςο
1125 1525 1173 1576 εί
1220 1522 1277 1579 δὲ
1318 1526 1431 1598 μὴ,
1472 1529 1815 1593 ὲξεϐάλλετο.

208 1611 385 1665 Τοῦτο
414 1612 594 1666 τοίνυν
617 1613 783 1682 φησιν
808 1616 837 1667 6
857 1616 1087 1688 Κύριος,
1120 1636 1139 1670 ι
1178 1619 1422 1689 ’Ύπαγε,
1448 1622 1623 1689 δεῖξον
1654 1641 1817 1676 σεαυ⁴

206 1705 303 1757 τὸν
337 1705 415 1774 τῷ
454 1708 591 1775 ίερεί
613 1749 626 1768 ,
663 1708 759 1759 καὶ
787 1709 1128 1779 προσένεγκε
1154 1713 1214 1764 τὸ
1268 1712 1462 1784 δῶρον.
1501 1734 1520 1768 ι
1562 1716 1629 1768 Τί
1659 1718 1716 1771 δὲ
1746 1715 1815 1789 ἦν

208 1799 272 1852 τὸ
309 1799 521 1870 δῶρον;
551 1802 655 1853 Δύο
679 1802 916 1873 ὀρνίθια·
960 1804 1013 1857 τί
1052 1805 1109 1859 δέ
1142 1807 1260 1860 ἐστι
1289 1808 1372 1873 τὸ,
1397 1810 1478 1872 είς
1511 1810 1815 1881 μαρτύριον

213 1895 439 1960 ainde;
478 1894 774 1948 Τουτέστιν
796 1938 811 1963 ,
841 1899 919 1959 είς
955 1898 1180 1969 ἔλεγχον
1220 1901 1403 1955 αὐτῶν
1434 1904 1528 1957 καὶ
1571 1921 1816 1974 κατηγο-

1934 701 2130 757 habeat
2150 702 2427 768 virtutem,
2451 716 2506 761 et
2534 704 2787 775 put-ilicet
2811 720 2877 761 ac
2905 706 3167 767 viviﬁcet,
3197 716 3382 776 utpote
3408 723 3532 777 qua

1931 794 2003 849 sit
2042 811 2171 851 caro
2202 794 2368 853 Verbi
2408 798 2521 853 Dei.
2554 797 2822 868 Praecepit
2851 808 3033 853 autem
3079 798 3297 867 leproso
3347 816 3412 853 ne
3439 802 3532 857 cui

1930 888 2159 953 diceret,
2203 905 2300 946 nos
2351 890 2555 946 (iacens
2586 901 2643 945 ut
2690 892 2758 945 ab
2794 891 2898 957 his,
2936 892 3139 961 quibus
3191 892 3533 948 benefeceri-

1931 994 2071 1043 mus,
2109 980 2323 1036 laudem
2364 998 2470 1037 non
2501 998 2833 1051 quaeramus.
2870 984 2971 1039 Abi
3005 993 3213 1047 autem,
3244 985 3444 1055 inquit,
3476 993 3537 1041 et

1928 1073 2159 1128 ostende
2188 1074 2419 1143 teipsum
2450 1078 2749 1138 sacerdoti,
2781 1086 2835 1131 et
2872 1076 3009 1131 oii'er
3041 1092 3239 1132 munus
3281 1079 3333 1131 in
3378 1079 3533 1133 testi-

1931 1170 2171 1223 monium
2234 1168 2363 1223 illis.
2408 1166 2517 1223 Lex
2558 1169 2789 1223 cavebat
2821 1184 2851 1222 a
2888 1169 3178 1225 sacerdote
3221 1170 3535 1239 probandos

1928 1257 2192 1328 leprosos,
2238 1261 2329 1331 qui
2368 1260 2642 1328 judicaret
2671 1276 2741 1315 an
2787 1261 3058 1331 puriiicati
3106 1271 3316 1317 essent.
3373 1261 3442 1316 Et
3478 1262 3529 1317 si

1928 1353 2145 1420 quidem
2179 1352 2319 1406 intra
2353 1352 2468 1407 dies
2492 1360 2701 1419 septem
2736 1353 3134 1420 purificabatur
3167 1357 3314 1423 quis,
3343 1368 3537 1407 manec

1926 1443 2021 1499 bat
2058 1445 2197 1499 intra
2233 1446 2511 1500 civitatem
2553 1460 2567 1499 :
2603 1450 2684 1501 sin
2725 1446 2930 1510 minus,
2956 1446 3299 1513 eiiciebatur.
3338 1446 3404 1500 Et
3430 1446 3536 1500 hoc

1927 1551 2029 1605 est,
2055 1543 2198 1611 quod
2233 1542 2362 1597 dicit
2392 1544 2655 1599 Dominus
2690 1562 2703 1597 :
2747 1560 2766 1593 ι
2801 1540 2974 1605 Vade,
3001 1545 3232 1599 ostende
3262 1554 3314 1598 te
3348 1558 3529 1598 sacer-

1926 1637 2063 1699 doti,
2106 1645 2161 1691 et
2212 1637 2348 1693 oﬂ'er
2386 1654 2601 1692 munus.
2640 1659 2657 1689 ι
2694 1639 2848 1705 Quod
2898 1648 3082 1692 autem
3128 1649 3248 1693 erat
3298 1638 3533 1691 munus?

1928 1731 2056 1785 Duae
2080 1745 2231 1785 aves.
2268 1730 2375 1785 Sed
2410 1732 2535 1798 quid
2565 1732 2732 1804 306
2763 1743 2864 1798 est,
2895 1734 2949 1788 in
2984 1731 3359 1788 testimonium
3390 1733 3532 1787 illis?

1927 1820 2041 1874 iloc
2098 1831 2202 1887 est,
2253 1822 2302 1875 in
2354 1824 2833 1891 reprehensionem
2884 1835 2939 1879 et
3007 1821 3533 1878 condemnationem

1924 1914 2185 1979 illorum,
2217 1927 2274 1968 ut
2307 1916 2526 1983 quando
2567 1918 2954 1971 comdemnant
2999 1931 3086 1971 me
3124 1932 3223 1972 ceu
3272 1918 3534 1985 prevari-

216 1984 364 2054 ρίαν,
390 1984 459 2037 ἶν’
487 1987 617 2039 ὅταν
643 1988 998 2059 κατηγορῶσί
1027 2008 1129 2059 μου
1153 1992 1230 2057 ὡς
1260 1994 1698 2065 παραϐαίνοντος
1721 1996 1813 2049 τὸν

1925 2016 2165 2062 calorem
2209 2008 2362 2075 legis,
2413 2022 2477 2062 ex
2508 2009 2611 2063 hoc
2645 2008 2945 2078 arguantur
2993 2024 3079 2063 me
3130 2023 3236 2063 non
3271 2007 3534 2080 praevari-

209 2078 399 2149 νόμον,
434 2080 497 2132 ὲκ
534 2079 728 2133 τούτου
761 2081 1095 2151 ἐλέγχωνται
1122 2086 1207 2139 ὅτι
1242 2088 1301 2139 οὐ
1341 2088 1668 2158 παραϐαίνω
1693 2132 1710 2155 ,
1752 2092 1816 2144 ὲκ

210 2169 309 2224 τοῦ
355 2170 662 2238 προστάξαι
697 2188 780 2226 σοι
813 2180 1211 2244 προσενεγκεῖν
1242 2180 1305 2231 τὸ
1335 2180 1511 2251 δῶρον
1531 2194 1556 2243 ,‘
1580 2183 1609 2235 6
1638 2200 1815 2252 προσ-

207 2261 367 2328 έταξε
392 2266 634 2335 Μωσῆς·
672 2265 800 2330 Πῶς
830 2268 888 2320 δὲ
923 2270 991 2323 τά
1026 2270 1119 2324 δύο
1166 2272 1378 2341 ὀρνίθια
1411 2276 1594 2329 ὲκεϊνα
1639 2294 1813 2347 προσ-

206 2356 411 2425 ήγοντο
439 2358 515 2428 τῷ
548 2358 668 2430 Θεῷ
695 2398 711 2422 ,
760 2360 862 2414 οὐκ
895 2361 1127 2433 ἄκαιρον
1154 2366 1352 2417 εἰπεῖν’
1384 2368 1651 2436 ἐσφάζετο
1678 2369 1738 2422 τὺ
1758 2368 1816 2421 ἓν

205 2450 464 2519 ὀρνίθιον.
504 2452 614 2505 Καὶ
648 2453 975 2523 ὑπεδέχοντο
1004 2455 1063 2507 τὸ
1096 2451 1239 2524 αἷμα
1271 2458 1472 2522 αὐτοῦ,
1519 2462 1577 2512 ὲν
1606 2461 1817 2531 ἀγγείῳ

204 2540 520 2611 ὀστρακίνῳ
546 2542 745 2614 καινῷ·
769 2539 889 2609 εἶτα
910 2544 1005 2597 τοῦ
1029 2546 1219 2616 ἐτέρου
1248 2547 1490 2618 ὀρνιθίου
1516 2551 1811 2622 ἀμφότερα

204 2634 275 2687 τὰ
312 2634 493 2705 πτερὰ
533 2634 835 2689 ὲϐάπτοντο
866 2638 925 2690 ἐν
977 2637 1055 2707 τῷ
1096 2639 1320 2707 αἵματι,
1359 2641 1453 2693 καὶ
1483 2640 1660 2705 οὕτως
1705 2645 1815 2697 ἁπ-

206 2724 399 2781 ιλύετο
433 2726 492 2780 τὸ
517 2725 750 2797 ὀρνίθιον
783 2728 914 2793 ζῶν.
940 2729 1217 2795 Είκόνιζον
1252 2727 1346 2785 οὖν
1379 2733 1550 2786 ταῦτα
1580 2734 1647 2786 τὰ
1674 2737 1818 2791 κατὰ

207 2818 302 2871 τὸν
337 2818 576 2889 Χριστόν
598 2833 611 2848 ·
642 2820 712 2873 τὰ
744 2820 839 2874 δύο
867 2823 975 2891 γὰρ
1009 2822 1245 2893 ὀρνίθια,
1281 2826 1338 2876 αί
1371 2824 1463 2878 δύο
1495 2822 1691 2895 φύσεις
1721 2827 1816 2881 τοῦ

206 2909 474 2981 Χριστοῦ,
503 2911 539 2982 ἦ
576 2929 636 2963 τε
669 2912 791 2966 θεία
823 2915 917 2967 καὶ
944 2917 977 2985 ἡ
1011 2916 1356 2987 ἀνθρωπίνη,
1404 2909 1479 2971 ὧν
1518 2918 1579 2972 τὸ
1615 2921 1713 2989 μὲν
1758 2920 1817 2974 ἓν

207 3005 428 3075 ἐσφάγη
452 3047 467 3068 ,
516 3006 800 3059 τουτέστιν
859 3010 893 3076 ή
934 3008 1273 3081 ἀνθρωπίνηυ
1306 3012 1368 3064 τὸ
1393 3012 1449 3065 δδ
1482 3012 1671 3085 ἕτερον
1705 3016 1818 3069 ἀπ-

208 3093 375 3162 ελύθη
403 3094 534 3157 ζῶν.
573 3093 641 3147 Ἦ
672 3095 782 3166 γὰρ
808 3096 930 3150 θεία
956 3098 1120 3165 φύσις
1152 3099 1375 3171 ἀπαθὴς
1400 3102 1661 3173 διέμεινε,
1692 3123 1817 3175 χρι-

209 3186 405 3240 σθεῖσα
434 3190 511 3257 τῷ
542 3189 737 3259 αἵματι
762 3192 862 3259 τῆς
885 3191 1172 3263 παθούσης
1195 3194 1435 3261 φθσεως,
1471 3198 1567 3251 καὶ
1591 3199 1670 3260 είς
1691 3199 1818 3252 ἑαυ-

1922 2099 2035 2153 cari
2075 2102 2218 2166 quod
2267 2100 2575 2155 mandarim
2610 2108 2669 2154 ut
2712 2100 2818 2155 illis
2863 2099 3127 2156 offeratur
3160 2105 3360 2157 donum
3391 2102 3534 2157 sicut

1921 2195 2180 2263 praecepit
2201 2194 2395 2249 Moses.
2426 2195 2712 2261 Quomodo
2742 2205 2923 2249 autem
2951 2194 3069 2250 dua:
3090 2210 3220 2251 aves
3245 2195 3350 2250 illae
3377 2193 3516 2249 olfe-

1923 2284 2186 2339 rebantur
2224 2286 2472 2349 Domino,
2504 2302 2611 2341 non
2643 2286 3088 2357 intempestivum
3114 2286 3277 2341 inerit
3302 2286 3525 2342 dixisse.

1924 2371 1969 2427 Ο
2007 2374 2290 2430 cidebatnr
2344 2392 2451 2430 una
2500 2378 2727 2442 avis,'et
2774 2376 3153 2445 suscipiebant
3203 2376 3528 2448 sanguinem

1920 2468 2042 2534 ejus
2087 2469 2138 2522 in
2186 2485 2316 2525 vase
2371 2480 2611 2525 testaceo
2659 2487 2800 2525 novo
2844 2490 2856 2527 :
2893 2473 3093 2527 deinde
3137 2473 3369 2530 alterius
3413 2475 3531 2529 avis

1922 2578 2168 2637 utrmque
2196 2568 2296 2623 alae
2332 2568 2685 2638 tingebantur
2727 2570 2778 2623 in
2812 2571 3103 2641 sanguine,
3140 2582 3195 2627 et
3230 2575 3311 2627 sic
3338 2572 3527 2626 dimit-

1923 2660 2140 2713 tebatnr
2183 2660 2299 2713 avis
2364 2664 2513 2716 viva.
2562 2660 2994 2733 Pueiigurabant
3041 2673 3222 2719 autem
3274 2664 3390 2720 hac
3438 2677 3526 2718 res

1921 2751 2148 2809 Christi.
2195 2754 2321 2809 Dum
2372 2759 2517 2811 enim
2552 2770 2683 2812 aves
2727 2758 2845 2811 duae
2877 2768 3089 2813 natura:
3135 2768 3263 2813 sunt
3294 2758 3529 2825 Christi,

1922 2849 2105 2901 divina
2150 2858 2205 2901 et
2246 2849 2512 2913 humana,
2555 2867 2787 2921 quarum
2826 2868 2931 2906 una
2967 2852 3151 2907 occisa
3192 2860 3298 2915 est,
3332 2867 3528 2923 nempe

1922 2942 2181 3004 humana,
2234 2944 2403 2997 altera
2464 2959 2595 2999 vero
2648 2945 2874 3000 dimissa
2930 2946 3072 3000 viva.
3129 2947 3319 3001 Divina
3374 2947 3523 3002 enim

1922 3031 2281 3099 impassibilis
2336 3036 2673 3102 permansit,
2718 3045 2883 3091 uncta
2930 3037 3199 3107 sanguine
3249 3038 3528 3108 passibilis

1925 3128 2133 3176 natura).
2194 3132 2248 3177 et
2284 3124 2337 3177 in
2380 3140 2439 3178 se
2473 3128 2786 3193 passionem
2817 3128 3145 3196 suscipiens.
3185 3128 3521 3200 Sanguinem

1926 3224 2108 3269 autem
2143 3216 2355 3270 Domini
2390 3231 2484 3271 vas
2518 3221 2762 3287 suscepit
2791 3220 3073 3290 ligulinum
3108 3237 3332 3285 novum,
3356 3237 3528 3290 popu-

208 3280 310 3349 τὴν
336 3280 399 3334 τὸ
442 3280 616 3345 πάθος
648 3283 1053 3354 ἀναδεξαμένη·
1085 3285 1146 3338 τὸ
1176 3285 1235 3339 δὲ
1270 3280 1410 3357 αἷμα
1463 3288 1558 3341 τοῦ
1606 3290 1814 3361 Κυρίου

1926 3306 2031 3373 lus,
2084 3307 2328 3377 inquam,
2375 3325 2551 3365 novus
2593 3326 2657 3365 ex
2699 3314 2976 3381 gentibus,
3014 3312 3149 3368 Novi
3186 3312 3526 3370 Testamenti

210 3368 436 3435 ἐδέξατο
477 3372 700 3439 ἀγγεῖον
728 3372 1055 3443 δστράκινον
1078 3377 1265 3430 καινόν
1285 3392 1299 3406 °
1335 3379 1364 3431 6
1396 3378 1545 3443 λαὸς,
1576 3398 1651 3450 φη

206 3460 398 3524 καινὸς
425 3463 455 3515 6
484 3462 545 3526 ἐξ
569 3462 763 3529 ιθνῶν,
794 3466 823 3517 6
856 3465 958 3535 τῆς
981 3467 1192 3537 Καινῆς
1235 3469 1511 3541 Διαθήκης
1540 3471 1811 3537 δεκτικός.

206 3552 356 3625 ’θρα
382 3554 440 3608 δὲ
481 3556 564 3609 ὃτι
600 3556 720 3626 μεθ’
746 3558 775 3611 ὅ
807 3575 891 3621 τις
932 3560 1245 3633 καθαρισθῇ
1277 3564 1376 3634 τῆς
1419 3564 1660 3636 λέπρας,
1690 3568 1814 3622 τότε

206 3646 359 3711 ἄξιός
383 3648 503 3700 ἐστι
528 3650 861 3720 προσφέρειν
882 3652 944 3705 τὸ
966 3652 1143 3725 δῶρον
1162 3653 1344 3719 τοῦτο,
1370 3658 1638 3725 τουτέστι,
1665 3658 1814 3715 θύειν

205 3739 448 3808 Χριστὸν
471 3743 567 3794 καὶ
595 3742 927 3813 ίερουργεῖψ
961 3744 1167 3819 λεπρὸς
1200 3749 1310 3819 γὰρ
1337 3749 1415 3803 ὢν
1436 3752 1532 3804 καὶ
1561 3753 1812 3824 ἀκάθαρ-

204 3849 299 3896 τος
329 3831 428 3902 τὴν
463 3832 663 3905 ψυχὴν,
687 3840 787 3890 οὐκ
815 3837 884 3892 ἂν
907 3839 1169 3911 ἀξιωθείη
1199 3842 1427 3896 τοιαῦτα
1456 3844 1608 3915 δῶρα
1642 3863 1814 3916 προσο

206 3923 436 3997 φέρειν,
466 3926 597 3997 ,ἦτοι
658 3930 1056 4000 προσκομίζιιν
1098 3935 1159 3988 τὸ
1199 3935 1359 4004 σῶμα
1385 3938 1482 3990 καὶ
1530 3932 1674 4007 αἷμα
1719 3937 1814 3993 τοῦ

206 4018 449 4087 Κυρίου,
490 4019 551 4071 τὸ
591 4022 659 4091 τῇ
691 4020 813 4093 θείᾳ
858 4022 1020 4091 φύσει
1063 4026 1286 4080 ἐνωθέν.
1338 4029 1583 4100 Πρόσχες
1616 4032 1672 4084 δὲ
1721 4034 1817 4085 καλ⁵

206 4108 387 4176 τοῦτο,
430 4110 549 4174 πῶς
590 4112 877 4183 ἀμύθητον
915 4115 1028 4185 ἔχει
1076 4118 1176 4187 τὴν
1210 4119 1490 4190 ὑπεροχὴν
1536 4124 1564 4175 6
1608 4124 1817 4193 Κύριος

206 4203 350 4275 πρὸς
382 4203 476 4257 τὸν
516 4205 751 4277 Μωσῆν.
781 4208 987 4277 Μωσῆς
1024 4211 1121 4280 μὲν
1154 4210 1263 4281 γάρ
1295 4214 1677 4285 λεπρωοείσαν
1714 4217 1815 4287 τὴν

206 4296 447 4366 ἀδελφὴν
487 4297 679 4361 αὑτοῦ,
714 4299 901 4353 καίτοι
938 4302 1109 4355 πολλὰ
1146 4303 1397 4375 δεηθεὶς,
1441 4309 1542 4361 οὐκ
1571 4308 1812 4382 ἠδυνήθη

207 4387 573 4457 θεραπεῦσαν
603 4390 631 4442 6
653 4390 709 4443 δὲ
743 4390 946 4463 Κύριος
970 4392 1115 4464 λόγῳ
1140 4394 1288 4466 μόνῳ
1318 4396 1411 4449 τὸν
1437 4397 1642 4468 λεπρδν
1677 4401 1813 4452 ἐκα-

209 4477 463 4551 θάρισεν.
509 4480 713 4534 Ἐννόει
743 4482 798 4534 δὲ
831 4484 923 4536 καὶ
955 4482 1054 4554 τὴν
1086 4484 1418 4540 ταπείνωσιν
1446 4487 1540 4539 τοῦ
1578 4489 1810 4558 Κυρίου,

209 4570 333 4633 πῶς
366 4569 463 4624 τοῦ
487 4569 648 4641 ὄχλου
682 4571 1081 4643 ἐπιθυμοῦντος
1110 4576 1381 4631 ἅπτεσθαι
1412 4579 1581 4633 αὐτοῦ
1601 4620 1616 4642 ,
1645 4580 1813 4644 αὐτὸς

1662 3382 1757 3476 μὶν.
1785 3381 1814 3434 ὁ
1853 3381 1891 3391 ν
1925 3414 2120 3469 capax.
2155 3399 2291 3455 Vide
2324 3409 2507 3455 autem
2544 3402 2690 3471 quod
2738 3404 2826 3457 ubi
2864 3404 3062 3474 aliquis
3094 3406 3257 3460 fuerit
3300 3421 3327 3457 a
3379 3411 3526 3476 lepra

1920 3490 2265 3560 puriﬁcatns,
2295 3500 2429 3546 tunc
2461 3493 2697 3560 denique
2726 3494 2923 3563 dignus
2946 3505 3031 3551 est
3065 3495 3264 3550 oll'erre
3297 3495 3526 3552 Domino

1922 3586 2125 3640 donum
2161 3586 2331 3650 istud,
2366 3586 2469 3640 hoc
2498 3596 2601 3651 est,
2652 3587 2937 3643 immolare
2963 3590 3242 3643 (Ihristum
3272 3600 3325 3644 et
3353 3591 3527 3646 sacri-

1924 3680 2114 3735 ficare.
2149 3678 2285 3734 Nam
2323 3682 2413 3750 qni
2448 3680 2698 3751 leprosus
2732 3690 2818 3736 est
2865 3691 2923 3736 et
2970 3682 3284 3737 immundus
3318 3684 3526 3749 anima,

1923 3772 2067 3825 baud
2109 3772 2305 3839 dignus
2358 3771 2525 3826 fuerit
2546 3771 2785 3838 _oi‘ferre
2841 3773 2970 3827 talia
3033 3774 3200 3838 dona,
3259 3775 3366 3831 hoc
3418 3786 3522 3839 est,

1924 3866 2127 3917 olierre
2156 3878 2358 3933 corpus
2406 3874 2460 3919 et
2499 3865 2822 3935 sanguinem
2856 3864 3098 3933 Domini,
3147 3868 3291 3936 quod
3324 3868 3523 3924 divitire

1922 3964 2136 4010 natura:
2178 3956 2392 4009 unitum
2441 3965 2545 4011 est.
2600 3956 2733 4014 Vide
2782 3968 2965 4013 autem
3009 3969 3065 4014 et
3101 3960 3203 4014 boc
3251 3963 3527 4029 quomodo

1922 4046 2187 4103 inelfabili
2241 4048 2568 4103 excellentia
2622 4047 2847 4120 Moysen
2905 4052 3185 4118 praecellat
3238 4053 3523 4111 Dominus.

1918 4140 2138 4211 Moyses
2197 4140 2343 4195 enim
2396 4155 2645 4196 sororem
2698 4158 2853 4198 suam
2923 4144 3073 4212 lepra
3142 4146 3519 4211 laborantem,

1920 4232 2173 4301 quamvis
2211 4233 2441 4287 multum
2469 4245 2677 4301 oraret,
2715 4251 2819 4289 non
2862 4237 3040 4306 potuit
3073 4254 3271 4292 sanare
3299 4240 3345 4271 “
3379 4258 3392 4295 :
3428 4241 3525 4294 Do-

1920 4324 2101 4377 minus
2131 4337 2261 4377 vero
2306 4337 2386 4376 sei
2405 4337 2566 4381 mone
2596 4323 2716 4377 solo
2760 4326 3045 4378 Inundavit
3081 4325 3381 4393 leprosum.
3414 4325 3523 4381 Ob-

1918 4429 2074 4469 serva
2109 4414 2239 4469 item
2286 4423 2343 4468 et
2378 4415 2743 4469 humilitatem
2780 4415 3017 4481 Domini,
3052 4420 3325 4486 quomodo
3369 4422 3523 4474 turba

1919 4507 2267 4563 desiderante
2304 4519 2359 4563 ut
2389 4510 2543 4564 illum
2580 4517 2849 4579 tangeret,
2892 4510 2947 4564 in
2986 4512 3373 4567 solitudinibus
3405 4529 3524 4566 ma-

1920 4602 2002 4669 gis
2058 4602 2379 4656 versabatur
2425 4602 2693 4670 placidus,
2750 4616 2814 4657 ac
2861 4604 3054 4658 orabat
3103 4620 3115 4656 :
3154 4611 3214 4657 ut
3261 4604 3418 4658 nobis
3468 4606 3521 4657 in

204 4665 265 4717 ιν
287 4666 409 4727 ταῖς
434 4665 668 4736 ἐρήμοις
699 4667 900 4736 μᾶλλον
920 4669 1188 4739 διέτριϐεν
1211 4672 1490 4740 ἁσμένως,
1517 4676 1613 4728 καλ⁵
1639 4692 1811 4746 προσ-

1924 4694 2176 4749 omnibns
2225 4695 2535 4763 exemplum
2587 4696 2856 4764 praeberet
2901 4707 2959 4751 et
3005 4697 3235 4751 seorsim
3288 4697 3519 4762 orandi,

202 4756 429 4829 ηὔχετοο
458 4756 633 4822 οὕτως
656 4759 764 4830 ἄρα
804 4762 1014 4824 τύπους
1038 4762 1170 4830 ἡμῖν
1203 4763 1261 4815 ὲν
1305 4765 1471 4818 πᾶσιν
1519 4766 1689 4819 ἐδίδου
1714 4769 1807 4821 τοῦ

203 4865 265 4902 τε
302 4849 425 4902 κατ’
459 4848 597 4904 ίδίαν
640 4851 1089 4923 προσεύχεσθαι,
1123 4856 1218 4907 καὶ
1248 4855 1344 4909 τοῦ
1392 4856 1489 4928 τὴν
1523 4858 1683 4922 δόξαν
1713 4862 1809 4913 ὲκ-

202 4940 437 4995 κλίνειν.

281 5051 302 5085 ι
330 5032 443 5087 Καὶ
457 5032 676 5101 ἐγένετο
695 5035 753 5087 ὲν
773 5037 872 5107 μιᾷ
894 5035 1004 5089 τῶν
1021 5036 1268 5109 ἡμερῶν,
1291 5039 1386 5093 καὶ⁷
1405 5040 1569 5105 αὐτὸς
1589 5037 1657 5114 ἦν
1672 5043 1809 5099 διδά·

202 5140 375 5181 σκωνο
398 5125 495 5178 καὶ
515 5122 657 5196 ἦσαν
671 5128 975 5199 καθήμενοι
993 5131 1280 5201 Φαρισαῖοι
1304 5134 1401 5188 καὶ
1417 5136 1814 5205 νομοδιδάσκα-

198 5217 307 5281 λοι,
330 5215 380 5270 οἳ
402 5213 545 5289 ἦσαν
559 5218 955 5289 ἐληλυθότεςέκ
970 5222 1151 5293 πάσης
1166 5222 1362 5294 κώμης
1380 5227 1474 5293 τῆς
1495 5227 1809 5293 Γαλιλαίας,

199 5311 298 5364 καὶ
341 5309 625 5375 Ἰουδαίας,
654 5311 743 5365 καὶ
758 5312 1136 5384 Ἰερουσαλήμο
1168 5318 1263 5369 καὶ
1288 5320 1320 5388 ὴ
1343 5318 1574 5388 δύναμις
1603 5322 1809 5394 Κυρίου

199 5396 269 5473 ἦν
299 5403 381 5465 είς
426 5401 489 5454 τὸ
534 5402 721 5456 ίᾶσθαι
758 5404 980 5467 αὐτούς.
1018 5408 1130 5461 Καὶ
1172 5409 1283 5463 ίδοι,
1320 5411 1517 5481 ἄνδρες
1550 5415 1810 5486 φέροντες

200 5497 297 5552 ἐπὶ
331 5496 522 5568 κλίνης
544 5498 837 5569 ἄνθρωπον
859 5500 918 5563 ὃς
946 5496 1015 5571 ἦν
1045 5504 1516 5577 παραλελυμένοςο
1556 5512 1653 5563 καὶ
1683 5512 1811 5583 ἐζή-

200 5606 331 5645 τουν
359 5588 523 5645 αὐτὸν
547 5594 883 5662 είσενεγκεϊν
908 5596 1003 5649 καὶ
1030 5597 1206 5653 θεῖναι
1229 5600 1463 5654 ἐνώπιον
1490 5604 1683 5657 αὐτοῦ’
1716 5606 1811 5660 καὶ

206 5684 282 5755 μὴ
316 5684 571 5756 εὑρόντες
600 5686 692 5740 διὰ
735 5688 899 5753 ποίας
950 5692 1346 5762 εἰσενέγκωσιν
1390 5697 1559 5750 αὐτὸν
1593 5699 1685 5753 διὰ
1722 5701 1813 5754 τὸν

202 5774 363 5847 ὄχλον
386 5815 401 5843 ,
442 5779 751 5845 ἀναϐάντες
778 5781 876 5835 ἐπὶ
908 5784 969 5837 τὸ
1017 5784 1177 5857 δῶμα
1202 5829 1219 5849 ,
1277 5787 1366 5843 διὰ
1397 5790 1507 5845 τῶν
1549 5792 1813 5865 κεράμων

285 5938 330 5971 ⁸⁸
358 5937 518 5993 Num.
545 5955 642 6001 xu.
690 5942 776 5997 IS.

1918 4794 1974 4839 et
2007 4786 2236 4855 gloriam
2275 4787 2606 4843 declinandi.

1996 5058 2159 5113 Vens.
2201 5058 2390 5114 17-26.
2448 5079 2466 5111 ι
2530 5060 2596 5114 Et
2643 5059 2845 5116 factum
2892 5072 2976 5118 est
3026 5062 3267 5132 quodam
3314 5063 3422 5129 die,
3469 5074 3525 5119 et

1917 5150 2034 5219 ipse
2061 5152 2311 5217 docebat,
2347 5165 2613 5223 erantque
2661 5152 2925 5210 Pharisaei
2960 5158 3237 5219 sedentes,
3284 5172 3347 5211 nc
3388 5158 3524 5228 legis

1920 5244 2197 5311 doctores,
2225 5246 2317 5316 qui
2348 5257 2615 5302 venerant
2644 5264 2710 5303 ex
2743 5251 2890 5303 omni
2922 5250 3148 5304 castello
3180 5249 3439 5315 Galilaete,
3470 5260 3525 5305 et

1918 5332 2145 5402 Iudaeae,
2188 5345 2244 5392 et
2290 5335 2623 5406 Jerusalem,
2661 5350 2718 5395 et
2765 5341 2941 5398 virtus
2992 5340 3207 5397 Domini
3241 5344 3433 5398 aderat
3456 5342 3522 5397 ad

1917 5432 2220 5483 sanandum
2251 5446 2366 5485 eos.
2400 5429 2466 5485 Et
2494 5447 2625 5488 ecce
2650 5432 2758 5488 viri
2783 5446 3070 5505 portantes
3099 5436 3150 5489 in
3180 5435 3320 5492 lecto
3346 5435 3506 5491 homi-

1920 5537 2044 5577 nem
2084 5526 2178 5593 qui
2228 5533 2349 5579 erat
2394 5526 2730 5597 paralyticos
2756 5569 2772 5594 ,
2810 5538 2864 5582 et
2898 5530 3216 5599 quaerebant
3257 5545 3381 5585 eum
3436 5529 3524 5584 in-

1920 5614 2063 5670 ferre
2094 5630 2149 5671 et
2175 5634 2377 5688 ponere
2415 5630 2541 5675 ante
2573 5620 2750 5675 illum.
2790 5621 2857 5676 Et
2887 5637 2994 5676 non
3048 5623 3388 5680 invenientes
3415 5637 3522 5693 qua

1912 5717 2069 5775 parte
2104 5708 2257 5762 illum
2294 5708 2564 5766 inierrent
2595 5727 2707 5783 pra:
2745 5712 2926 5779 turba,
2965 5714 3518 5785 ascenderuntsupra

1916 5806 2143 5868 tectum,
2171 5814 2237 5857 ac
2266 5816 2364 5871 per
2394 5803 2607 5874 tegulas
2633 5804 2974 5862 demiserunt
3006 5820 3130 5861 cum
3154 5819 3276 5861 cum
3315 5805 3518 5862 lectulo
