4028 6410
538 426 642 491 163

1444 422 2021 492 THEOPHYLACI‘I
2061 419 2475 484 BULGARIE
2501 419 2861 484 ARCHIEP.

3692 414 3800 484 76‘

537 539 592 592 in
643 537 875 594 medium
919 547 1046 594 ante
1105 538 1310 595 Jesum.
1358 541 1596 606 Quorum
1643 541 1805 596 iidem
1845 547 1904 595 ut
1953 537 2102 601 vidit,

2214 531 2465 602 καθῆκαν
2497 534 2664 590 αὐτὸν
2689 533 2786 586 σὺν
2815 531 2893 602 τῷ
2920 531 3158 600 κλινιδίῳ
3185 531 3265 594 είς
3294 534 3356 583 τὸ
3388 531 3556 599 μέσον
3585 533 3798 605 ἐμπρο-

536 631 673 686 dixit
702 631 817 685 illi:
860 627 1055 695 ﬂonw,
1096 633 1443 686 remittantur
1482 631 1579 686 tibi
1631 641 1854 701 peccata
1889 640 1998 685 tua.
2034 627 2102 684 Et

536 734 815 792 cmperunt
851 723 1089 793 cogitare
1141 725 1346 779 Scribe
1392 731 1444 777 et
1499 722 1756 778 Pharisaei
1805 723 2099 778 dicentes:

536 814 666 881 Quis
691 822 775 870 est
825 817 870 869 is
902 817 992 885 qui
1040 817 1273 884 loquitur
1321 816 1683 885 blaspliemias
1709 817 1732 870 ‘i
1755 814 1886 881 Quis
1927 823 2103 883 potest

536 907 812 960 remittere
853 920 1095 974 peccata,
1142 908 1244 961 nisi
1293 907 1439 961 solus
1494 907 1684 962 Deus?
1722 906 1792 962 Ut
1851 907 2103 976 cognovit

533 1005 712 1049 autem
755 994 908 1050 Jesus
944 998 1302 1064 cogitationes
1347 1015 1554 1063 eorum,
1595 1001 1923 1069 respondens
1968 999 2102 1053 dixit

535 1085 599 1138 ad
636 1086 753 1140 illos
786 1104 799 1141 :
836 1088 973 1152 Quid
1003 1088 1252 1157 cogitatis
1287 1091 1337 1142 in
1363 1089 1616 1144 cordibus
1643 1091 1836 1144 vestris
1863 1091 1882 1142 ἵ
1906 1088 2099 1146 Utrum

532 1184 614 1228 est
653 1174 866 1230 facilius
891 1178 1074 1232 dicere
1112 1196 1127 1232 :
1176 1177 1544 1234 Remittantur
1585 1181 1678 1235 tibi
1717 1190 1942 1250 peccata
1989 1190 2098 1244 tua,

532 1283 600 1321 an
648 1269 876 1324 dicere:
915 1268 1088 1339 Surge
1133 1282 1187 1325 et
1232 1271 1488 1326 ambula?
1535 1269 1604 1326 Ut
1651 1282 1829 1326 autem
1892 1274 2100 1340 sciatis,

533 1355 678 1421 quod
705 1354 872 1410 Filius
915 1357 1147 1413 hominis
1180 1358 1373 1414 habeat
1399 1368 1718 1428 potestatem
1747 1361 1796 1414 in
1837 1370 1978 1416 terra
2016 1377 2104 1418 re-

535 1447 778 1500 mittendi
808 1460 1050 1517 peccata,
1080 1451 1156 1505 ait
1195 1452 1494 1521 paralytico
1533 1471 1545 1506 :
1584 1453 1702 1509 Tibi
1735 1455 1874 1516 dico,
1907 1452 2099 1525 Surge,

535 1539 658 1592 tolle
687 1540 940 1596 lectulum
962 1532 1142 1609 tuum,
1163 1555 1216 1598 et
1239 1548 1374 1601 vade
1405 1549 1454 1600 in
1488 1547 1706 1601 domum
1733 1547 1900 1618 307
1930 1558 2098 1604 tuam.

535 1631 690 1702 Isque
722 1634 1004 1691 confestim
1044 1653 1271 1708 surgens
1301 1654 1484 1694 coram
1511 1640 1636 1705 illis,
1665 1641 1882 1696 tollebat
1910 1642 1961 1694 in
1995 1656 2102 1710 quo

532 1725 804 1792 iacuerat.
864 1728 1105 1797 abiitque
1158 1731 1210 1784 in
1267 1732 1486 1785 domum
1555 1747 1745 1796 suam,
1795 1732 2104 1801 gloriﬁcans

536 1811 725 1869 Deum.
769 1815 835 1871 Et
877 1827 1064 1886 stupor
1097 1821 1357 1888 corripuit
1385 1835 1593 1886 attines,
1642 1832 1695 1878 et
1728 1822 2102 1891 gloriﬁrabant

538 1905 726 1967 Deum.
757 1913 812 1962 et
856 1909 1042 1972 repleti
1078 1920 1207 1964 sunt
1255 1911 1465 1976 timore,
1514 1914 1760 1969 dicentes
1801 1934 1814 1970 ι
1859 1915 2104 1971 Vidimus

536 1996 876 2052 incredibilia
933 2000 1112 2056 hodie.
1167 2020 1186 2053 ι
1245 2004 1537 2071 Oportebat
1593 2004 1877 2060 Dominum
1926 2007 2104 2062 rarius

534 2087 801 2154 quoddam
852 2103 1033 2143 coram
1086 2091 1321 2146 inimicis
1354 2090 1534 2148 facere
1581 2094 1930 2160 miraculum,
1978 2110 2106 2164 pro-

536 2175 658 2228 inde
694 2189 846 2233 sanat
883 2179 1158 2235 hominem
1189 2180 1491 2237 dimcillimi
1542 2183 1735 2248 morbi,
1774 2192 1831 2237 ut
1860 2186 2103 2239 sanando

537 2278 748 2323 tantum
785 2272 1053 2337 morbum,
1091 2284 1312 2326 sanaret
1339 2283 1393 2327 et
1437 2273 1788 2328 insanabilem
1835 2273 2102 2328 Phariam-

535 2375 690 2415 orum
733 2363 1021 2418 insaniam.
1057 2363 1296 2418 Primum
1331 2365 1495 2436 igitur
1533 2367 1767 2420 animam
1799 2378 1976 2432 sanat,
2024 2369 2105 2423 di-

535 2467 665 2506 cens
694 2472 706 2506 :
732 2451 1095 2508 Remittantur
1121 2457 1213 2509 tibi
1238 2467 1461 2524 peccata
1489 2475 1503 2524 ;
1535 2465 1592 2511 ut
1613 2457 1887 2512 discamus
1909 2460 2103 2516 multas

537 2543 880 2600 infirmitates
915 2562 942 2599 a
971 2549 1206 2614 peccatis
1232 2550 1423 2614 nasci;
1462 2550 1654 2605 deinde
1686 2560 1740 2605 et
1769 2566 1967 2621 corpus
2009 2543 2101 2608 sa?-

537 2643 655 2700 nat,
684 2637 797 2692 visa
824 2636 1160 2703 efferentium
1190 2642 1315 2696 fide.
1352 2640 1506 2710 Saepe
1545 2643 1687 2698 enim
1719 2644 1854 2697 alios
1886 2656 2104 2713 prepter

537 2723 766 2778 aliorum
809 2737 993 2783 servat
1023 2727 1204 2784 fidem.
1231 2729 1400 2784 Porro
1431 2729 1688 2787 Pharisaei
1730 2734 1916 2787 dicunt
1943 2751 1961 2791 ι
1994 2735 2104 2790 Cur

539 2814 628 2870 ille
681 2815 920 2887 loquitur
978 2820 1380 2888 blasphemias?
1425 2821 1558 2888 Quis
1607 2834 1784 2891 potest
1829 2828 2104 2882 remittere

536 2917 761 2975 peccata
797 2909 900 2964 nisi
928 2909 1076 2964 solus
1103 2909 1289 2965 Deus?
1315 2910 1437 2966 Haec
1463 2922 1645 2968 autem
1671 2915 1879 2981 dicunt,
1914 2919 2104 2974 mortis

537 3014 686 3054 reum
717 3002 1156 3057 condemnantes.
1191 3001 1334 3071 Lege
1375 3006 1519 3059 etiim
1555 3014 1840 3074 statutum,
1867 3019 1926 3063 ut
1959 3009 2103 3066 blas-

537 3089 799 3156 phemans
853 3093 905 3146 in
956 3093 1124 3146 Deum
1175 3106 1346 3149 morte
1405 3096 1688 3164 puniretur
1721 3100 1786 3154 "'.
1841 3099 2104 3158 Dominus

2212 627 2340 679 σθεν
2368 623 2464 678 τοῦ
2507 623 2685 693 Ἰησοῦ
2707 640 2719 654 ·
2767 625 2860 677 καὶ
2895 623 3018 675 ἰδὼν
3045 623 3145 695 τὴν
3179 622 3360 674 πίστιν
3395 623 3576 675 αὐτῶν
3599 665 3611 686 ,
3640 621 3798 678 εἶπεν

2206 717 2372 787 αὐτῷ·
2408 717 2716 786 Ἀε.θρωπε,
2741 716 3016 784 ἀφέωνταί
3041 731 3123 767 σοι
3158 715 3211 767 αἱ
3233 714 3497 783 ἁμαρτίαι
3527 731 3646 768 σου.
3683 717 3799 770 Καὶ

2205 809 2437 881 ἧρξαντο
2483 807 2889 872 διαλογίζεσθαι
2929 809 2978 860 οἱ
3014 807 3369 876 Γραμματεῖς
3402 807 3494 859 καὶ
3529 807 3580 858 οί
3624 809 3767 877 Φαρι

2207 905 2367 964 σαῖοι,
2395 903 2663 968 λέγοντες·
2691 897 2786 962 Τίς
2809 901 2954 951 ἔστιν
2974 891 3128 960 οὗτος
3147 899 3202 961 ὃς
3228 897 3380 951 λαλεῖ
3403 898 3758 968 βλασφημίας
3780 915 3800 966 ;

2207 995 2301 1056 Ti;
2341 994 2565 1046 δύναται
2622 993 2840 1060 ἀφιέναι
2871 991 3164 1061 ἁμαρτίας,
3197 991 3246 1042 εί
3271 991 3342 1060 μὴ
3377 991 3538 1060 μόνος
3570 993 3598 1043 ὁ
3626 993 3795 1056 Θεὸςς

2205 1088 2496 1154 Ἐπιγνοῦς
2529 1084 2586 1137 δὲ
2637 1086 2665 1136 ὁ
2716 1083 2926 1155 Ἰησοῦς
2964 1083 3091 1147 τοὺς
3136 1083 3524 1152 διαλογισμοὺς
3575 1085 3794 1149 αὐτῶν,

2205 1177 2520 1248 ἀποκριθεὶς
2543 1173 2666 1230 εἷπε
2692 1177 2828 1246 πρὸς
2859 1177 3054 1240 αὐτούς
3077 1192 3090 1206 ·
3115 1176 3182 1228 Τί
3201 1175 3573 1243 διαλογίζεσθε
3599 1178 3658 1229 ὲν
3678 1178 3797 1238 ταῖς

2205 1269 2454 1338 καρδίαις
2471 1268 2655 1336 suam
2684 1269 2748 1320 Τί
2769 1270 2916 1321 ἐστιν
2937 1266 3319 1336 εὐκοπώτερον
3341 1267 3535 1332 εἰπεῖν,
3556 1267 3801 1335 Ἀφέων-

2204 1361 2293 1413 ταί
2324 1377 2408 1414 σοι
2436 1361 2490 1412 ai
2523 1361 2791 1431 ἁμαρτίαι
2814 1375 2932 1424 σου,
2959 1360 2992 1429 ἢ
3023 1359 3483 1429 είπεῖν,Ἐγειραι
3512 1360 3605 1412 καὶ
3636 1376 3798 1428 περι-

2205 1453 2400 1517 πατεις
2446 1452 2562 1505 Ἵνα
2602 1452 2657 1505 δὲ
2681 1451 2890 1521 εἰδῆτε,
2920 1452 3003 1504 ὅτι
3039 1450 3290 1515 ἐξουσίαν
3323 1449 3435 1520 ἔχει
3467 1452 3495 1504 ὁ
3533 1449 3666 1513 Υἱὸς
3701 1450 3800 1503 τοῦ

2205 1541 2492 1612 ἀνθρώπου
2533 1545 2626 1604 ἐπὶ
2663 1543 2764 1612 τῆς
2794 1544 2898 1613 γῆς
2943 1543 3161 1613 ἀφιέναι
3212 1543 3512 1613 ἀμαρτίας,
3549 1541 3674 1596 εἶπε
3719 1543 3805 1612 τῷ

2207 1635 2664 1707 παραλελυμένῳο
2700 1636 2790 1688 Σοὶ
2821 1637 2985 1703 λέγω,
3010 1635 3247 1706 έγειραιο
3281 1635 3377 1689 καὶ
3422 1637 3562 1705 ἄρας
3588 1636 3650 1688 τὸ
3679 1637 3800 1688 κλι-

2207 1726 2370 1779 νίδιόν
2410 1743 2506 1779 σου
2535 1770 2549 1792 ,
2605 1728 2842 1799 πορεύου
2878 1732 2956 1791 είς
2981 1728 3071 1780 τὸν
3099 1725 3250 1781 οἶκόν
3301 1744 3418 1781 σου.
3459 1729 3572 1782 Καὶ
3619 1746 3800 1799 παρα-

2207 1818 2395 1888 χρῆμα
2417 1819 2658 1881 ἀναστὰς
2685 1819 2917 1873 ἐνώπιον
2940 1820 3140 1883 αὐτῶν,
3166 1819 3305 1889 ἄρας
3327 1822 3414 1888 ἐφ’
3437 1820 3465 1872 δ
3483 1821 3799 1887 κατέκειτο,

2207 1912 2448 1982 ἀπῆλθεν
2491 1916 2574 1976 εἰς
2607 1913 2698 1965 τὸν
2729 1908 2876 1966 οἷκον
2909 1912 3073 1965 αὑτοῦ
3108 1913 3348 1977 δοξάζων
3376 1914 3469 1966 τὸν
3498 1913 3663 1965 Θεδν·
3703 1914 3803 1965 καὶ

2205 2002 2465 2067 ἔκστασις
2494 2002 2656 2055 ἔλαϐε
2685 2003 2917 2064 πάντας..
2949 2002 3060 2055 Καὶ
3086 2002 3336 2069 ὲδόξεζον
3367 2003 3457 2055 τὸν
3487 2002 3627 2056 Θεὸν
3650 2043 3665 2067 ,
3705 2004 3804 2055 καὶ⁵

2209 2094 2561 2165 ἐπλήσθησαν
2592 2093 2756 2161 φόϐου
2782 2135 2797 2158 ,
2815 2093 3090 2161 λέγοντες,
3125 2095 3205 2146 ὅτι.
3247 2093 3475 2162 Είδομεν
3500 2093 3801 2163 ,παράδοξα

2205 2187 2463 2257 σήμερον.
2490 2204 2508 2238 ι
2530 2186 2700 2252 Ἔδει,
2727 2187 3084 2255 συνηγμένων
3106 2184 3213 2238 τῶν
3228 2185 3460 2254 ἐχθρῶν,
3484 2185 3806 2256 καινότερόν

2202 2295 2254 2349 τι
2281 2280 2724 2349 τερατουργῆσαι
2749 2277 2840 2331 τὸν
2865 2277 3068 2347 Κύριον
3089 2295 3102 2309 ·
3129 2277 3426 2346 θεραπεύει
3461 2274 3557 2333 οὖν
3589 2277 3803 2348 ἀνθρω-

2203 2343 2310 2423 1ἴτον
2338 2369 2602 2424 νοσοῦντα
2625 2369 2780 2424 νόσον
2804 2369 3072 2422 δυσίατονο
3109 2369 3197 2422 ἵνα
3221 2369 3307 2422 διὰ
3335 2367 3429 2423 τοῦ
3458 2369 3524 2422 τὸ·
3549 2369 3805 2424 τοιοῦτον

2207 2460 2460 2514 ίάσασθαι
2497 2459 2709 2529 νόσημα
2737 2461 2834 2513 κα)⁸
2862 2461 2959 2530 τὴν
2986 2459 3426 2528 δυσθεράπευτον
3474 2459 3591 2511 τῶν
3623 2460 3801 2529 Φαρι-

2205 2553 2375 2605 σαίων
2405 2551 2607 2622 μανίαν
2635 2551 2945 2620 εξιάσηται.
2979 2551 3202 2621 Πρῶτον
3243 2547 3336 2604 οὗν
3371 2551 3440 2604 τά
3478 2551 3580 2617 τῆς
3620 2550 3803 2621 ψυχῆς

2204 2643 2517 2712 θεραπεύει,
2556 2642 2726 2698 εἰπών
2749 2662 2763 2675 ·
2811 2643 3115 2712 ’Δφέωνταί
3151 2661 3229 2696 σοι
3267 2645 3322 2696 al
3356 2644 3629 2712 ἁμαρτίαι
3661 2661 3756 2697 σου
3783 2685 3801 2708 ,

2204 2735 2290 2788 ῐνα
2321 2733 2604 2803 μάθωμεν,
2637 2735 2720 2788 ὅτι
2743 2733 2814 2788 τὰ
2844 2732 3015 2786 πολλά
3042 2734 3149 2786 τῶν
3189 2735 3650 2804 ἀρρωστημάτων
3696 2735 3804 2788 ἀπὸ

2201 2827 2314 2881 τῶν
2347 2826 2632 2896 ἁμαρτιῶν
2680 2827 2952 2880 τίκτονται
2977 2841 2988 2854 ·
3023 2823 3146 2879 εἶτα
3178 2827 3271 2879 καὶ
3307 2829 3374 2879 τὰ
3405 2827 3502 2878 τοῦ
3537 2827 3802 2896 σώματος

2203 2918 2530 2988 θεραπεύει,
2582 2917 2707 2973 ίδὼν
2751 2920 2851 2989 τὴν
2899 2919 3086 2972 πίστιν
3124 2920 3231 2970 τῶν
3277 2922 3797 2987 προσενεγκάντων.

2202 3010 2464 3073 Πολλάκις
2494 3008 2603 3080 γὰρ
2632 3009 2721 3064 διὰ
2749 3009 2848 3079 τὴν
2872 3009 3077 3077 ἑτέρων
3133 3011 3318 3063 πίστιν
3348 3011 3572 3077 ἑτέρους
3613 3009 3799 3074 σώζει.

2201 3104 2266 3158 Oi
2285 3105 2341 3159 δὲ
2363 3105 2648 3175 Φαρισαῖοι
2670 3119 2821 3173 φασιο
2846 3103 2911 3158 Τί
2933 3096 3088 3164 οὗτος
3110 3102 3260 3154 λαλεί
3289 3101 3679 3173 βλασφημίας;
3704 3103 3803 3166 Τίς

538 3182 700 3251 igitur
730 3193 1036 3239 monstrans
1064 3185 1141 3238 eis
1179 3201 1235 3240 se
1269 3201 1452 3240 verum
1494 3186 1686 3253 Deum,
1725 3200 1778 3244 et
1807 3207 1914 3244 non
1948 3207 2102 3248 arro-

2205 3196 2425 3250 δύναται
2447 3197 2666 3265 ἀφιέναι
2698 3195 2975 3264 ἁμαρτίας
2999 3195 3049 3246 εί
3078 3194 3153 3263 μὴ
3182 3193 3342 3264 μόνος
3365 3196 3393 3247 ὁ
3412 3193 3584 3258 Θεός;
3613 3191 3804 3247 Ταῦτα

538 3273 719 3344 gantia
767 3274 899 3328 illud
950 3291 978 3328 a
1023 3291 1081 3330 se
1124 3276 1346 3342 dictum,
1399 3279 1506 3334 alio
1553 3282 1706 3350 signo
1743 3282 1848 3335 illis
1876 3283 2101 3356 suadet.

540 3363 758 3418 Sciebat
784 3365 927 3424 enim
975 3367 1099 3433 quid
1138 3367 1211 3420 illi
1255 3370 1573 3436 cogitarent.
1616 3372 1762 3428 Unde
1790 3378 2009 3429 omnino
2037 3376 2104 3430 li-

539 3453 781 3524 quidum,
812 3470 932 3510 eum
962 3471 1081 3512 esse
1116 3458 1302 3513 Deum.
1336 3459 1426 3514 0ρὶ
1463 3461 1606 3516 enim
1639 3474 1721 3517 est
1752 3464 1937 3520 videre
1977 3482 2102 3536 cor;

539 3553 819 3616 pmpterea
852 3547 987 3601 dixit
1019 3566 1030 3600 :
1065 3549 1199 3615 Quid
1236 3552 1387 3606 vobis
1415 3553 1669 3608 videtur?
1697 3554 1978 3612 faciliusne
2018 3575 2106 3613 re-

540 3637 755 3690 mittere
779 3647 1080 3706 peccatum,
1109 3640 1188 3692 vel
1214 3656 1309 3695 san
1330 3658 1405 3696 ire
1428 3646 1667 3712 corpus?
1691 3645 1924 3702 Omnino
1951 3649 2104 3717 juxta

537 3735 774 3781 vestram
801 3731 1124 3783 sententiam
1158 3733 1370 3786 videtur
1404 3734 1615 3791 facilius
1659 3739 1936 3794 remittere
1977 3756 2104 3808 pec-

539 3826 682 3882 cata,
711 3827 767 3872 ut
796 3820 1110 3885 obscurum,
1147 3833 1199 3907 et
1235 3840 1337 3877 non
1377 3826 1826 3893 reprehensibile,
1861 3833 2106 3899 quamvis

539 3906 806 3965 difﬁcilius
839 3913 909 3965 sit
939 3931 950 3964 :
991 3906 1183 3966 sanare
1225 3926 1400 3967 autem
1427 3931 1643 3986 corpus,
1683 3929 1738 3972 ut
1770 3923 1939 3978 oculis
1972 3938 2104 3978 con-

539 4002 804 4069 spicuum,
828 4001 1096 4059 diﬂicilius
1113 4005 1615 4078 videturﬁquamvis
1641 4020 1829 4066 natura
1856 4012 2102 4069 facilius:

538 4100 777 4148 attamen
803 4108 900 4162 ego
931 4107 984 4148 et
1013 4097 1113 4150 hoc
1137 4107 1189 4150 et
1224 4097 1348 4151 illud
1381 4099 1573 4154 faciam
1608 4120 1620 4155 :
1655 4112 1709 4156 et
1737 4104 1959 4169 idcirco.
1981 4122 2104 4160 cum

540 4185 744 4240 satiabo
795 4203 1014 4256 corpus,
1056 4204 1175 4256 quae
1227 4203 1311 4244 res
1358 4192 1508 4247 vobis
1557 4193 1822 4251 dimcilior
1870 4198 2103 4264 videtur,

2205 3289 2261 3342 δὲ
2284 3288 2520 3358 λέγρυσι,
2539 3287 2770 3342 θάνατον
2795 3287 2958 3339 αὑτοῦ
2992 3286 3527 3354 καταγινώσκοντες.
3555 3288 3661 3339 Τὸν
3691 3287 3803 3356 γὰρ

2207 3380 2429 3433 εἰπόντα
2453 3379 2799 3449 βλασφημίαν
2829 3378 2971 3431 κατά
2995 3377 3088 3432 τοῦ
3127 3377 3266 3432 Θεοῦ
3301 3378 3537 3433 θάνατον
3589 3379 3800 3448 ὑπομέ·

2205 3487 2316 3523 νειν
2347 3471 2710 3542 προσέταττεν
2756 3472 2785 3523 ὁ
2822 3471 3009 3540 νόμος.
3060 3471 3117 3523 ’0
3156 3470 3288 3538 γοῦν
3331 3470 3537 3541 Κύριος
3580 3470 3804 3533 δεικνὺς

2205 3563 2408 3630 αὐτοῖς,
2443 3563 2525 3616 ὃτι
2548 3561 2720 3627 ὄντως
2744 3563 2876 3626 Θεός
2908 3566 3046 3629 ἐστι,
3074 3562 3168 3618 καὶ⁸
3197 3565 3260 3617 οὐ
3292 3563 3570 3633 κομπάζει
3594 3565 3798 3634 μάτην,

2206 3657 2298 3726 ἀφ’
2336 3656 2520 3726 ἑτέρου
2571 3656 2803 3726 σημείου
2851 3656 3030 3709 πείθει
3071 3656 3291 3720 αὐτούς.
3339 3657 3408 3708 ’Δ
3453 3655 3565 3726 γὰρ
3599 3659 3800 3710 ἁκεῖνοι

2209 3746 2589 3813 διελογίζοντο,
2623 3746 2798 3800 ταῦτα
2843 3747 3006 3810 αὐτὸς
3054 3749 3324 3817 συνίησιν.
3361 3747 3526 3800 Ὅθεν
3576 3752 3800 3813 πάντως

2208 3837 2390 3908 δῆλον,
2419 3839 2500 3892 ὅτι
2543 3838 2676 3901 Θεός
2710 3839 2847 3891 ἐστι.
2878 3838 3017 3892 Θεοῦ
3049 3840 3160 3910 γὰρ
3206 3840 3268 3892 τὸ
3303 3839 3502 3893 ειδέναι
3543 3841 3795 3909 καρδίας.

2205 3931 2374 4002 ⁴Ῑιησ).ν
2408 3929 2519 3997 οὖν,
2555 3930 2620 3983 Τί
2655 3930 2804 3984 δυκεῖ
2851 3932 2978 4000 ὑμῖν
3023 3933 3431 4002 εὐκοπώτερον,
3472 3935 3531 3986 τὸ
3576 3935 3797 4004 ἀφιέναι

2209 4021 2501 4088 ἁμαρτίας,
2553 4020 2683 4092 ἢτὸ
2727 4022 2946 4089 ὑγιάσαι
2995 4023 3190 4093 σῶμας
3229 4025 3453 4088 Πάντως
3507 4029 3650 4080 κατά
3697 4027 3799 4097 τὴν

2208 4111 2478 4182 ὑμετέραν
2531 4113 2710 4180 ψῆφον
2767 4113 2827 4165 τὸ
2873 4115 3089 4182 ἀφιέναι
3130 4117 3409 4186 ἁμαρτίας
3449 4119 3600 4172 δοκεῖ
3638 4122 3800 4175 εὐκο-

2207 4203 2453 4274 πώτερον
2476 4242 2489 4267 ,
2522 4203 2596 4265 ὡς
2621 4205 2825 4271 ἀφανὲς
2857 4205 2950 4258 καὶ
2995 4206 3344 4276 ἀνέλεγκτον,
3387 4210 3569 4264 καίτοι
3601 4213 3800 4267 δυσκο-

536 4272 852 4331 credibilem
884 4279 1035 4332 vobis
1065 4281 1257 4334 l'aciam
1287 4291 1342 4336 et
1365 4283 1560 4338 animae
1593 4289 1950 4355 sanationem,
1985 4305 2102 4359 quae

2205 4272 2440 4366 λώτερον
2462 4297 2542 4350 ὃν.
2577 4296 2650 4350 Τὸ
2672 4297 2728 4350 δέ
2758 4313 2821 4365 γε
2855 4272 3186 4368 θεραπεῦσαι
3223 4301 3383 4371 σῶμα
3438 4301 3592 4356 δοκεῖ
3617 4307 3801 4360 δυσκο·

537 4382 728 4422 revera
755 4366 1019 4422 difficilior
1045 4379 1148 4436 est,
1182 4375 1429 4440 quamvis
1459 4374 1630 4437 vobis.
1663 4378 1786 4445 quia
1831 4395 1934 4432 non
1967 4382 2102 4436 vide-

2207 4389 2465 4458 λώτερον,
2507 4387 2584 4450 ὡς
2618 4390 2966 4459 φαινόμενον,
3001 4391 3181 4444 καίτοι
3213 4391 3598 4465 εὐκοπώτερον
3642 4398 3703 4450 ὃν
3731 4405 3797 4469 τῇ

534 4473 646 4526 tur,
677 4462 845 4516 facilis
872 4463 1136 4520 videatur.
1167 4464 1295 4519 Vide
1314 4475 1491 4520 autem
1527 4469 1673 4536 quod
1703 4487 1868 4539 super
1901 4483 2099 4528 terram

2208 4477 2388 4545 φύσει.
2434 4478 2622 4547 Ὅμως
2662 4478 2789 4545 ἐγὼ,
2827 4484 2918 4532 καὶ
2952 4481 3110 4547 τοῦτο
3157 4484 3378 4536 κάκεῖνο
3420 4486 3656 4555 ποιήσω.
3692 4490 3804 4543 Καὶ

536 4559 882 4614 remittantur
927 4569 1168 4626 peccata.
1207 4559 1473 4626 Quamdiu
1520 4566 1665 4618 enim
1707 4580 1869 4636 super
1899 4578 2094 4623 terram

2205 4571 2289 4624 διὰ
2321 4571 2414 4624 τοῦ
2448 4573 2792 4643 θεραπεῦσαι
2829 4574 2887 4624 τὸ
2920 4573 3099 4641 σῶμα,
3132 4575 3158 4626 ὃ
3189 4576 3338 4628 δοκεῖ
3365 4576 3490 4644 ὑμῖν
3520 4549 3801 4635 δυσκολώ.

537 4666 743 4716 sumus,
776 4655 1077 4721 poterimus
1124 4653 1304 4708 delere
1343 4665 1562 4722 peccata
1601 4668 1784 4712 nostra
1816 4676 1828 4711 :
1873 4669 1927 4712 at
1957 4671 2102 4729 post-

2205 4680 2384 4730 τερον,
2442 4662 2788 4732 πιστώσομαι
2842 4664 2937 4716 καὶ
2978 4664 3074 4734 τὴν
3116 4665 3414 4733 θεραπείαν
3461 4669 3560 4734 τῆς
3595 4671 3801 4740 ψυχῆς,

537 4757 698 4810 quam
747 4758 776 4797 θ
833 4753 974 4797 terra
1013 4745 1448 4812 migraverimus,
1485 4763 1589 4801 non
1628 4749 1763 4802 ultra
1815 4753 2102 4822 nobisipsis

2207 4754 2329 4821 ἥτις
2360 4755 2406 4804 εί
2448 4753 2543 4805 καὶ
2570 4751 2826 4814 δύσκολός
2855 4755 2994 4815 ἐστι,
3041 4753 3189 4806 δοκεῖ
3233 4757 3361 4824 ὑμῖν
3411 4757 3641 4810 εὔκολον
3666 4801 3679 4824 ,
3715 4761 3804 4813 διὰ.

536 4835 832 4904 poterimus
862 4851 954 4902 per
986 4836 1378 4892 confeSsionem
1417 4849 1632 4905 peccata
1666 4842 1841 4896 delere
1871 4861 1883 4895 :
1924 4845 2102 4897 clausa

2208 4844 2269 4895 τὸ
2293 4845 2515 4910 ἀφανές.
2547 4845 2686 4910 Ὅρα
2712 4844 2768 4896 δὲ
2795 4845 2873 4896 ὅτι
2895 4846 2987 4897 ἐπὶ
3012 4846 3107 4913 τῆς
3125 4847 3226 4914 γῆς
3257 4848 3508 4914 ἀφίενται
3535 4853 3592 4902 αἱ
3616 4854 3802 4922 ἀμαρ-

533 4926 680 4978 enim
731 4937 812 4978 Cal
851 4927 1036 4994 janua.
1088 4927 1333 4984 Diximus
1375 4930 1442 4984 de
1476 4932 1576 4985 bac
1619 4931 1857 4987 clausula
1893 4936 1943 4989 in
1988 4935 2102 4990 aliis

2206 4938 2337 4990 τίαι.
2378 4938 2521 4999 Ἕως
2566 4930 2627 4989 οὗ
2674 4937 2783 5006 γάρ
2835 4938 3004 5007 ἐσμεν
3050 4940 3139 4991 ἐπὶ
3181 4939 3282 5007 τῆς
3317 4942 3458 5011 γῆς,
3519 4945 3802 5013 δυνάμεθα

536 5015 895 5087 Evangelistis
935 5021 1172 5076 uberius.

2205 5029 2488 5096 ἐξαλεῖψαι
2521 5030 2620 5089 τὰς
2661 5027 2937 5096 ἁμαρτίας
2991 5031 3167 5098 ἡμῶν.
3211 5031 3347 5084 Μεθ’
3386 5032 3424 5096 ⁸ὃ
3461 5033 3650 5102 μέντοι
3704 5038 3802 5105 τῆς

534 5110 638 5180 γῆς
665 5110 1085 5178 ἀπαναστῶμεν,
1118 5113 1215 5165 οὐκ
1245 5113 1324 5166 ἔτι
1358 5117 1520 5184 ἡμεῖς
1553 5118 1704 5168 αὐτοὶ
1732 5119 2009 5187 δυνάμεθα
2078 5120 2145 5173 δι’
2187 5120 2629 5188 ἐξομολογήσεως
2691 5121 2972 5190 ἐξαλεῖψαι
3001 5122 3098 5181 τὰς
3126 5121 3404 5192 ἁμαρτίας
3428 5123 3608 5192 ἡμῶν.
3653 5130 3804 5177 Ἀπο.

541 5200 847 5254 κέκλεισται
874 5203 977 5271 γὰρ
1011 5205 1041 5272 ἡ
1072 5205 1226 5273 θύρα.
1257 5208 1498 5277 Εἴπομεν
1528 5209 1584 5261 δὲ
1617 5213 1743 5280 περὶ
1776 5210 1979 5280 ταύτης
2007 5215 2108 5281 τῆς
2148 5213 2451 5283 περικνπῆς
2478 5214 2532 5262 ἐν
2556 5216 2666 5274 τοῖς
2732 5215 2937 5283 ἑτέροις
2990 5214 3419 5281 Εὑαγγελισταῖς
3439 5218 3797 5289 πλατρτερον.

613 5296 776 5353 Vens.
807 5301 994 5354 27-52.
1036 5322 1051 5351 ι
1092 5302 1152 5354 Et
1189 5316 1306 5371 post
1344 5306 1456 5360 haec
1505 5308 1634 5360 exiit
1683 5326 1746 5362 ac
1780 5312 1907 5362 vidit
1944 5311 2102 5378 publi‘

2297 5329 2312 5361 t
2366 5311 2473 5362 Καὶ
2509 5312 2646 5377 μετά
2680 5311 2853 5364 ταῦτα
2886 5310 3098 5380 ἐξῆλθε,
3130 5313 3225 5363 καὶ
3260 5312 3526 5366 ἐθεάσατο
3558 5318 3799 5386 τελώνην

541 5406 736 5444 canum
791 5395 1003 5450 nomine
1036 5395 1159 5449 Levi
1190 5398 1464 5452 sedentem
1508 5403 1571 5452 ad
1609 5403 1863 5456 telonium
1902 5421 1916 5468 ;
1959 5414 2013 5459 et
2040 5406 2102 5459 ail

2214 5409 2438 5477 ὀνόματι
2486 5408 2670 5472 Λευϊν,
2732 5408 3039 5477 καθήμενον
3093 5408 3185 5459 ἐπὶ
3244 5408 3304 5460 τὸ
3351 5409 3627 5464 τελώνιον.
3693 5415 3800 5465 Καὶ

546 5484 655 5537 illi:
691 5486 925 5554 Sequere
961 5505 1063 5542 me.
1115 5490 1287 5558 Atque
1321 5492 1386 5555 is,
1429 5493 1628 5547 relictis
1669 5499 1941 5561 omnibus,
1997 5513 2102 5551 sur-

2216 5498 2365 5552 εἶπεν
2395 5502 2563 5569 αὐτῷ·
2598 5500 3049 5569 Ἀκολούθει”μοι.
3081 5500 3188 5552 Καὶ
3209 5501 3528 5554 καταλιπὼν
3559 5504 3795 5566 ἅπαντα,

547 5592 675 5640 gens
707 5590 922 5634 secutus
943 5594 1020 5635 est
1051 5599 1172 5634 eum
1200 5602 1210 5634 :
1234 5594 1286 5637 et
1316 5585 1439 5639 fecit
1460 5588 1507 5639 ci
1532 5591 1832 5643 convivium
1863 5607 2102 5659 ninguuir

2218 5594 2452 5654 ἀναστὰς
2500 5593 2866 5663 ἠκολούθησεν
2896 5593 3063 5663 αὐτῷ.
3104 5595 3210 5646 Καὶ
3251 5593 3474 5662 ἐταιησε
3499 5595 3662 5665 δοχὴν
3706 5616 3796 5667 με·

551 5668 675 5722 ιιιμὶ
714 5671 763 5724 in
804 5674 959 5726 domu
994 5691 1087 5726 ma
1123 5691 1134 5725 :
1169 5685 1221 5729 et
1252 5689 1366 5729 erat
1412 5681 1567 5734 turba
1602 5682 1763 5735 multa
1798 5683 2102 5752 publicano-

2224 5686 2395 5755 γάλην
2425 5687 2448 5738 ὁ
2487 5684 2645 5737 Λευῖν
2676 5684 2821 5753 αὑτῷ
2850 5687 2906 5737 ὲν
2927 5688 2989 5754 τῇ
3017 5685 3163 5752 οἰκίᾳ
3186 5685 3351 5735 αὐτοῦ
3411 5687 3518 5737 Καὶ
3552 5684 3616 5755 ἦν
3647 5688 3796 5755 ὄχλος

634 5832 672 5859 ⁵³
711 5830 746 5882 L
789 5834 877 5885 \it.
917 5849 1076 5898 xxiv;
1115 5836 1126 5886 l
1170 5835 1342 5890 [δεδι-ιιι.
1387 5854 1495 5892 λιιι.
