4028 6424
214 431 328 496 ⁸165

943 436 1393 526 ENARRATIO
1435 439 1515 500 IN
1547 439 2060 503 EVANGELIUM
2093 441 2330 504 LUCE.
2365 465 2420 481 -
2465 439 2626 502 CAP.
2672 439 2742 502 V.

3427 434 3536 500 766

217 547 473 605 τελωνῶν
539 547 730 611 πολὺς,
765 549 860 603 καὶ
905 549 1104 618 ἄλλων,
1153 552 1202 606 οἳ
1251 548 1391 625 ἦσαν
1453 553 1573 624 μετ’
1626 552 1811 608 αὐτῶν

1919 571 2036 609 rum
2069 563 2125 611 et
2158 555 2391 609 aliorum
2422 554 2518 624 qui
2539 567 2662 608 cum
2691 551 2806 606 illis
2841 548 3266 606 accumbebant.
3301 545 3537 603 Etmur-

221 643 638 713 κατακείμενοι.
679 643 792 698 Καὶ
825 643 1129 712 ἐγόγγυζον
1169 645 1222 700 οἱ
1259 647 1616 718 Γραμματείς
1637 647 1820 701 αὐτῶν

221 735 380 788 καὶοὶ
399 735 686 803 Φαρισαῖοι
712 733 852 804 πρὸς
873 733 1002 797 τοὺς
1030 733 1284 805 μαθητὰς
1307 734 1498 797 αὑτοῦ,
1519 734 1772 802 λέγοντες
1801 749 1815 762 ·

219 826 322 880 Διὰ
375 825 429 878 τί
460 824 602 893 μετά
631 825 884 880 τελωνῶν
918 827 1014 880 καὶ
1069 826 1419 899 ἁμαρτωλῶν
1457 825 1670 880 ἐσθίετε
1723 825 1819 878 καὶ

226 921 416 973 πίνετε
439 934 453 983 ;
477 918 588 971 Καὶ
611 917 936 987 ἀποκριθεὶς
965 921 992 972 6
1011 918 1241 989 Ἰησοῦς,
1272 915 1394 972 εἷπε
1421 920 1557 990 πρὸς
1576 917 1777 981 αὐτούς
1801 933 1816 947 ’

228 1012 306 1066 Οὐ
335 1009 528 1082 χρείαν
556 1009 771 1081 ἔχουσιν
790 1010 839 1063 οἱ
869 1010 1211 1078 ὑγιαίνοντες
1244 1009 1457 1081 ίατροῦ,
1491 1011 1609 1065 ἀλλ’
1630 1009 1682 1062 οί
1715 1026 1818 1063 κα-

220 1103 335 1163 κῶς
364 1101 602 1171 ἔχοντες.
645 1103 758 1155 Οὐκ
789 1102 1023 1172 ἐλήλυθα
1070 1100 1303 1156 καλέσαι
1350 1103 1648 1173 δικαίους-,ο
1679 1099 1819 1154 ἀλλὰ

219 1196 590 1264 ἁμαρτωλοὺς
641 1196 721 1256 είς
783 1195 1098 1265 μετάνοιαν.
1157 1216 1175 1248 ι
1239 1196 1299 1249 Ὀ
1375 1196 1474 1266 μὲν
1536 1195 1818 1261 Ματθαῖος

219 1289 711 1360 ἀπαρακαλύπτως
741 1291 801 1342 τὸ
830 1290 1026 1344 ἑαυτοῦ
1055 1291 1228 1362 ὄνομα
1269 1290 1662 1360 ἀνακηρύττει,
1722 1289 1814 1342 λέν

220 1398 370 1450 γων·
411 1403 430 1437 ι
471 1379 592 1437 Εἷδε
626 1383 904 1438 Ματθαῖον
936 1385 1030 1438 τὸν
1061 1384 1304 1455 τελώνην
1330 1388 1358 1440 6
1403 1384 1612 1453 Ἰησοῦς
1641 1383 1812 1454 καθή-

222 1493 390 1546 μενον
427 1478 520 1530 ἐπὶ
550 1477 610 1530 τὸ
646 1460 921 1530 τελώνιον.
975 1495 996 1530 ι
1043 1477 1100 1531 Ὀ
1125 1477 1183 1532 δὶ
1213 1479 1436 1540 Λουκᾶς
1476 1479 1570 1532 καὶ
1599 1479 1625 1530 6
1653 1477 1813 1546 Μάρ-

224 1586 347 1635 κος,
378 1568 648 1641 τιμῶντες
702 1569 794 1622 τὸν
839 1567 1263 1639 εύαγγελιστὴν,
1325 1568 1387 1620 τὺ
1419 1567 1606 1636 ἕτερον
1646 1564 1814 1620 αὑτοῦ

216 1659 417 1728 δνομα,
451 1660 510 1712 τὸ
536 1658 724 1723 Λευτν,
789 1661 871 1723 είς
901 1661 1070 1728 μέσον
1120 1660 1468 1730 προτιθέασι.
1520 1658 1815 1729 Θαύμασον

215 1750 274 1803 δὲ
300 1747 396 1803 τοῦ
433 1747 571 1802 Θεοῦ
604 1749 705 1819 τὴν
760 1748 1202 1819 φιλανθρωπίαν,
1259 1749 1382 1812 πῶς
1410 1749 1482 1802 τὰ
1516 1750 1687 1819 σκεύη
1719 1747 1812 1801 τοῦ

216 1838 465 1911 πονηροῦ
496 1839 815 1910 διαρπάζει.
852 1840 1106 1911 Τελώνης
1136 1843 1268 1911 γὰρ,
1299 1841 1498 1904 σκεῦος
1519 1841 1613 1895 τοῦ
1643 1858 1812 1909 πονη-

1926 647 2225 702 murabant
2259 647 2469 701 Scriba:
2513 656 2567 700 et
2616 643 2877 699 Pharisaei
2917 643 3184 696 adversus
3234 639 3535 710 discipulos

1922 741 2059 807 ejus,
2094 740 2340 795 dicentes
2392 759 2404 793 :
2439 739 2619 804 Quare
2655 753 2780 791 cum
2815 735 3124 805 publicanis
3160 743 3217 788 et
3269 744 3534 802 peccato-

1923 832 2077 886 ribus
2120 831 2285 885 editis
2315 841 2369 884 et
2402 829 2623 884 bibitis?
2674 829 3032 896 Respondens
3078 825 3239 881 Jesus
3289 824 3426 879 dixit
3462 822 3534 879 ad

1924 923 2092 978 illos:
2141 921 2254 976 Non
2288 933 2448 992 egent
2508 921 2602 992 qui
2646 922 2765 974 sani
2818 929 2948 973 sunt
2995 921 3229 978 medico,
3291 917 3383 970 sed
3434 917 3528 985 qui

1923 1016 2065 1069 male
2102 1016 2327 1070 habent.
2366 1013 2482 1069 Non
2522 1015 2645 1068 veni
2699 1027 2897 1067 vocare
2926 1011 3127 1081 justos,
3186 1011 3282 1064 sed
3329 1025 3532 1140 peccao

1925 1120 2070 1140 hum.
2131 1113 2196 1140 ...Ι
2246 1109 2626 1140 λωιιςιη..ιῖσι.ιη
2705 1127 2721 1140 ι
2762 1107 3054 1140 llnnlmmm
3122 1121 3318 1140 nnmou
3373 1120 3531 1140 cuiunn

1925 1120 2072 1166 tores
2131 1113 2196 1163 ad
2246 1109 2654 1179 paenitentiam.
2704 1127 2721 1160 ι
2762 1107 3057 1162 Mattheus
3121 1107 3340 1170 nomen!
3373 1120 3532 1157 suum

1924 1218 2032 1257 non
2075 1203 2230 1274 tegit,
2261 1203 2354 1257 sed
2388 1202 2534 1256 clare
2585 1200 2826 1267 invulgat
2856 1200 3086 1253 dicens:
3128 1216 3147 1249 ι
3189 1195 3339 1250 Vidit
3395 1194 3534 1248 Mat-

1921 1296 2124 1349 tharum
2165 1294 2522 1363 publicanum
2557 1291 2721 1349 Jesus
2745 1294 3029 1348 sedentem
3069 1293 3120 1345 in
3149 1291 3341 1346 telonic
3377 1291 3460 1355 είς
3507 1308 3525 1341 ι

1923 1381 2096 1437 Lucas
2128 1397 2259 1437 vero
2307 1393 2362 1438 et
2414 1382 2632 1436 Marcus
2703 1383 3042 1436 honorantes
3110 1379 3528 1447 evangelistam,

1922 1475 2070 1529 aliud
2099 1476 2215 1545 ejus
2244 1489 2440 1530 nomen
2476 1473 2606 1528 Levi
2641 1472 2694 1527 in
2723 1473 2966 1528 medium
3000 1473 3169 1543 308
3196 1477 3529 1541 proponunt.

1921 1565 2210 1619 Admirare
2244 1573 2424 1618 autem
2453 1561 2549 1617 Dei
2597 1561 3058 1628 misericordiam,
3094 1563 3368 1631 quomodo
3402 1575 3529 1613 vasa

1923 1653 2144 1722 maligni
2189 1654 2436 1724 diripiat.
2494 1651 2732 1708 Telones
2774 1653 2920 1706 enim
2956 1667 3053 1706 vas
3101 1661 3222 1706 erat
3277 1652 3523 1720 maligni,

1921 1754 1974 1801 et
2017 1745 2158 1798 mala
2202 1745 2400 1800 bestia.
2457 1745 2650 1801 Sciunt
2675 1745 2766 1814 qui
2800 1745 3012 1813 experti
3050 1757 3184 1799 sunt
3222 1760 3386 1814 quam
3418 1746 3532 1799 sint

1925 1837 2227 1906 importuni
2261 1848 2570 1894 exactores.
2606 1838 2886 1895 Publicani
2944 1839 3088 1893 enim
3121 1847 3252 1894 sunt
3291 1841 3384 1908 qui
3425 1853 3530 1907 pu—

217 1929 342 2001 ροῦ,
379 1930 473 1984 καὶ
505 1929 741 2001 πονηρὸν
776 1929 989 2001 θηρίον.
1067 1930 1280 1984 Ἰσασιν
1323 1931 1373 1983 οἱ
1415 1929 1811 2000 πεπειραμένοι

1921 1932 2060 1986 biica
2110 1932 2397 2000 vectigalia
2445 1943 2654 1998 eumut,
2692 1941 2970 2002 quatenus
3020 1933 3146 1987 inde
3199 1934 3529 1986 damnosum

216 2019 331 2072 τῶν
362 2018 581 2090 πικρῶν
622 2019 967 2088 ἀπαιτητῶν.
1026 2012 1187 2074 Οὗτοι
1239 2020 1349 2093 γὰρ
1387 2019 1437 2073 oi
1476 2019 1727 2081 τελῶναι,
1764 2019 1814 2070 οἱ

216 2111 289 2165 τὰ
329 2107 572 2192 δημόσια
623 2111 753 2181 τέλη
811 2109 1137 2181 ὠνούμενοι,
1193 2113 1280 2182 ἐφ’
1338 2105 1382 2179 ᾧ
1431 2111 1814 2182 ἀποκερδῆσαι

215 2205 366 2259 κατὰ
391 2205 503 2259 τῶν
527 2205 748 2258 οἰκείων
771 2205 983 2277 ψυχῶν.
1018 2208 1092 2260 Οὐ
1128 2207 1289 2275 μόνον
1320 2205 1378 2258 δὲ
1402 2206 1512 2277 ἄρα
1542 2205 1634 2258 τὸν
1663 2205 1815 2258 Ματ-

215 2295 374 2352 θαῖον
402 2297 714 2368 ἀκέρδησεν,
747 2299 885 2351 ἀλλά
911 2299 1007 2352 καὶ
1038 2300 1163 2362 τοὺς
1199 2298 1420 2367 ἐτέρους
1455 2297 1697 2360 τελώνας
1730 2291 1812 2359 οἷς

217 2393 586 2458 συνειστιᾶτο,
640 2393 907 2464 κερδῆσαι
963 2391 1299 2456 ἐσπούδαζεν
1345 2392 1373 2444 6
1425 2391 1652 2460 Κύριος.
1711 2391 1815 2444 Διά

217 2486 335 2556 γὰρ
389 2484 550 2538 τοῦτο
587 2483 840 2549 καταξιοῖ
888 2485 1332 2553 συνεστιαθῆναι,
1391 2485 1477 2536 ἵνα
1525 2482 1812 2544 κάκείνους

212 2575 613 2648 ιφελκύσηται.
646 2578 711 2630 Oi
745 2579 1032 2646 Φαρισαῖοι
1064 2577 1120 2629 δὲ
1152 2575 1470 2646 αἰτιώμενοι
1488 2577 1674 2637 αὐτὸν,
1709 2576 1812 2645 ὅρα

213 2666 269 2720 τί
299 2666 628 2731 ἁκούουσιν;
668 2668 782 2720 Οὐκ
806 2666 1065 2737 ἐλήλυθα,
1093 2669 1248 2736 φησὶ,
1281 2666 1510 2720 καλέσαι
1539 2667 1808 2728 δικαίους,

211 2753 519 2819 τουτέστιν,
574 2756 720 2824 ὑμᾶς
754 2756 883 2813 τοὺς
927 2755 1274 2818 δικαιοῦντας
1326 2757 1559 2820 ἑαυτούς
1591 2774 1603 2788 ·
1669 2757 1809 2810 ἁλλὰ

212 2837 584 2911 ἁμαρτωλοὺς
612 2837 778 2912 ἦλθον
842 2841 1092 2908 καλέσαι,
1151 2844 1250 2913 οὐχ
1309 2843 1399 2897 ἵνα
1446 2846 1512 2913 τῇ
1563 2844 1812 2916 ἁμαρτίᾳ

212 2932 548 3001 ἐμμένωσιν,
581 2933 698 2986 ἀλλ’
729 2933 814 2986 ῖνα
845 2936 1246 3004 μετανοήσωσι.
1283 2936 1390 2988 Καὶ
1415 2935 1594 3000 ἄλλως
1628 2953 1641 2968 ·
1692 2936 1810 2990 Οὐκ

215 3018 387 3093 ἦλθον
416 3024 650 3077 καλέσαι
682 3025 950 3104 δικαίους.
988 3027 1122 3079 Ούδὲ
1154 3027 1265 3097 γὰρ
1288 3026 1551 3098 εὑρίσκω,
1587 3028 1808 3082 πάντων

211 3117 600 3192 ἁμαρτόντων.
645 3117 800 3171 Ἐπεὶ
844 3113 989 3189 είῆν
1042 3118 1274 3173 δυνατὸν
1301 3119 1486 3191 εὑρεῖν
1534 3119 1802 3187 δικαίους,

209 3197 315 3262 οὑκ
346 3207 413 3262 ἂν
445 3203 631 3279 ἦλθον.
673 3210 834 3263 Ἐστι
876 3209 932 3263 δὲ
965 3209 1208 3282 τελώνης
1238 3213 1335 3265 καὶ
1368 3214 1475 3274 πᾶς
1505 3214 1533 3265 6
1577 3212 1658 3283 τῷ
1706 3230 1806 3267 κο-

213 3299 562 3370 σμοκράτορι
604 3299 893 3363 δουλεύων,
925 3301 1020 3351 καὶ
1077 3299 1209 3370 τέλη
1257 3302 1323 3370 τῇ
1358 3300 1524 3371 σαρκὶ
1562 3300 1809 3371 προσφέ-
1836 3290 1882 3354 C

214 3405 354 3460 ρων.
393 3387 452 3442 Ὀ
483 3389 904 3460 γαστρίμαργος
959 3388 1104 3442 τελεῖ
1147 3392 1215 3461 τῇ
1268 3392 1471 3462 γαστρὶ
1514 3391 1805 3463 βρώματα,

209 3480 242 3532 6
297 3478 534 3548 πόρνος,
575 3480 674 3550 τὴν
711 3479 964 3549 ῥυπαρὰν
1038 3478 1209 3550 μίξιν,
1285 3482 1380 3534 καὶ
1435 3481 1596 3545 ἀλλος
1655 3482 1806 3536 ἄλλο.

214 3570 392 3627 Ὅταν
447 3567 540 3627 οὖν
571 3574 657 3646 ἴδῃ
691 3574 853 3626 αὑτὸν
880 3575 908 3626 6
936 3573 1164 3644 Κύριος,
1201 3577 1479 3629 τουτέστιν
1509 3578 1536 3630 6
1577 3575 1814 3645 εὐαγγε-

210 3665 368 3730 λικδς
397 3666 587 3734 ;λόγος,
635 3666 953 3736 καθήμενον
986 3669 1079 3720 ἐπὶ
1112 3668 1174 3719 τὸ
1206 3668 1484 3736 τελώνιον,
1536 3669 1812 3733 τουτέστι,

215 3758 296 3832 μὴ
333 3760 717 3831 προκόπτοντα
752 3761 887 3829 μηδὲ
934 3759 1302 3829 προοδεύοντα
1329 3762 1428 3815 καὶ
1483 3763 1810 3833 κινούμενον

210 3855 298 3915 είς
321 3852 550 3907 πλείονα
577 3853 801 3916 κακίαν,
829 3853 946 3906 ἀλλ’
981 3854 1147 3905 οίονεὶ
1173 3852 1473 3923 ἀργοῦντα,
1500 3854 1621 3907 τότε
1674 3857 1809 3909 ἀνα-

214 3946 475 4017 στήσεται
501 3943 725 4006 ἀπὺζτοῦ
765 3945 938 3997 κακοῦ
969 3946 1064 3997 καὶ
1087 3944 1449 4016 ἀκολουθήσει
1481 3946 1560 4015 τῷ
1602 3946 1802 4017 Ἰησοῦ,

212 4042 312 4095 καὶ
345 4039 668 4109 ὑποδέχεται
722 4040 782 4091 ὲν
824 4038 902 4110 τῷ
950 4038 1088 4110 οἴκῳ
1120 4040 1220 4110 τῆς
1251 4039 1433 4112 ψυχῆς
1480 4041 1648 4095 αὑτοῦ
1713 4042 1806 4095 τὸν

1927 2023 2043 2079 Suis
2077 2024 2365 2080 animabus
2404 2025 2534 2094 quid
2571 2025 2873 2080 lucrentur.
2911 2025 2982 2078 At
3018 2040 3125 2079 non
3180 2024 3357 2079 solum
3396 2023 3533 2078 Mat-

1926 2116 2127 2169 tbzeum
2151 2125 2279 2169 tunc
2312 2115 2558 2171 lucratus
2585 2127 2691 2180 est,
2712 2118 2805 2172 sed
2827 2117 2994 2172 etiam
3019 2117 3155 2171 alios
3179 2116 3530 2187 publicanos,

1925 2219 2050 2259 cum
2078 2203 2275 2273 quibus
2311 2206 2725 2272 convivabatur,
2753 2207 2952 2261 lucrari
2981 2207 3198 2261 volebat
3229 2206 3520 2261 Dominus.

1925 2294 2062 2350 Nam
2105 2306 2391 2366 propterea
2423 2298 2722 2352 etconviva
2751 2297 2967 2352 illorum
3020 2299 3100 2361 lit.
3135 2298 3382 2351 utetiam
3411 2298 3532 2352 illos

1925 2388 2186 2454 attrahat.
2223 2387 2355 2444 Vide
2409 2401 2594 2444 autem
2646 2390 2774 2459 quid
2810 2391 2956 2444 dicat
3005 2389 3303 2447 Pharisaeis
3355 2392 3530 2459 ipsum

1923 2482 2474 2552 reprehendentibus.
2512 2483 2627 2538 Non
2667 2485 2812 2548 veni,
2859 2485 3060 2553 inquit,
3099 2499 3299 2539 vocare
3325 2483 3529 2550 justos,

1923 2575 2026 2631 hoc
2049 2583 2132 2630 est
2193 2590 2312 2639 vos,
2362 2577 2454 2644 qui
2509 2591 2608 2632 vos
2669 2579 2816 2646 ipsos
2860 2577 3180 2647 justiﬁcatis
3225 2578 3369 2633 :sed
3404 2592 3532 2645 pec-

1925 2676 2143 2722 catores
2177 2670 2297 2722 veni
2347 2684 2571 2734 vocare,
2626 2684 2731 2724 non
2766 2679 2824 2724 ut
2882 2672 2932 2722 in
2968 2670 3212 2738 peccatis
3245 2679 3529 2733 maneant,

1920 2760 2016 2814 sed
2063 2771 2124 2814 ut
2165 2761 2545 2829 paenitentiam
2598 2771 2784 2832 agant.
2848 2760 2939 2816 Vel
2981 2762 3182 2816 aliter:
3235 2761 3353 2815 Non
3403 2761 3526 2816 veni

1920 2851 2334 2921 vocarejustos.
2367 2853 2552 2910 Nullos
2596 2855 2741 2908 enim
2779 2855 3018 2919 invenio,
3082 2855 3530 2925 quandoquidem

1916 2959 2107 3001 omnes
2138 2956 2369 3014 peccant
2395 2947 2464 3002 ".
2502 2947 2658 3013 Quod
2712 2948 2758 3004 si
2796 2947 3053 3017 possibile
3082 2957 3228 3002 esset
3279 2948 3530 3003 invenire

1912 3037 2112 3106 iustos,
2147 3055 2256 3095 non
2291 3041 2593 3096 venissem.
2627 3039 2721 3096 Est
2759 3051 2942 3096 autem
2963 3040 3287 3110 publicanus
3320 3041 3524 3106 munis,

1918 3130 2007 3198 qui
2057 3130 2242 3185 mundi
2301 3130 2525 3186 domino
2584 3132 2775 3196 servit,
2835 3141 2892 3185 et
2940 3132 3149 3185 tributa
3202 3132 3354 3186 carni
3411 3132 3506 3185 dat

1916 3222 2156 3281 Gulosus
2181 3227 2362 3280 ventri
2400 3225 2604 3280 tributa
2664 3230 2758 3279 dat
2792 3225 2970 3290 cibos,
3005 3233 3282 3280 scortator
3317 3223 3528 3279 lcedtnn

1914 3331 2294 3386 congressum,
2324 3326 2376 3371 et
2403 3317 2544 3371 alius
2569 3317 2737 3371 aliud.
2768 3318 2902 3372 Cum
2940 3319 3103 3388 igitur
3139 3318 3287 3371 illum
3313 3317 3519 3371 viderit

1914 3409 2200 3474 Dominus,
2241 3408 2340 3462 hoc
2365 3417 2450 3464 est
2492 3409 2846 3479 evangelicus
2874 3424 3080 3474 sermo,
3128 3410 3406 3463 sedentem
3468 3409 3524 3463 in

1912 3499 2138 3566 telonio,
2189 3501 2294 3555 hoc
2339 3509 2423 3555 est
2472 3517 2580 3555 non
2617 3501 2907 3569 proﬁcere,
2967 3515 3146 3570 neque
3203 3500 3526 3570 procedere,-

1914 3607 2093 3664 neque
2151 3594 2358 3649 moveri
2427 3593 2496 3647 ad
2549 3592 2818 3662 majorem
2881 3594 3175 3658 malitiam,
3215 3595 3311 3648 sed
3364 3593 3526 3664 quasi

1914 3687 2176 3753 otiosum,
2222 3696 2352 3742 tunc
2391 3691 2742 3744 resuscitabit
2779 3707 2806 3743 a
2851 3691 3013 3754 malo,
3047 3699 3098 3744 et
3134 3697 3402 3757 sequetur
3436 3687 3530 3744 ille

1917 3775 2124 3845 Jesum,
2168 3788 2224 3834 et
2254 3781 2494 3849 excipiet
2525 3781 2576 3834 in
2605 3782 2766 3835 domo
2805 3783 3001 3835 anima:
3035 3781 3350 3842 Dominum.
3381 3780 3526 3834 Plia-

1919 3871 2062 3924 risaei
2105 3881 2288 3927 autem
2325 3887 2651 3945 arrogantes
2686 3885 2735 3927 et
2792 3877 3068 3929 dtemoues
3115 3875 3344 3940 abseCti,
3382 3873 3528 3928 Pha-

1919 3961 2116 4016 risaeus
2144 3964 2290 4019 enim
2330 3965 2531 4020 dicitur
2561 3965 2648 4033 qui
2682 3967 2748 4018 ab
2776 3965 2897 4018 aliis
2931 3973 3336 4035 sequestratur,
3372 3979 3527 4019 mur-

1923 4064 2141 4107 murant
2176 4057 2319 4124 quod
2355 4072 2481 4111 cum
2517 4057 2904 4124 peccatoribus
2928 4059 3185 4112 comedit.

213 4129 539 4222 “meum
568 4130 622 4182 δὲ
643 4130 952 4222 Φαρισαῖοι,
990 4132 1039 4183 oi
1069 4129 1332 4195 ἀλαζόνες
1362 4133 1458 4186 καὶ
1482 4135 1939 4211 ἀποκεκομμένοι
2003 4144 2286 4217 δαίμονες,
2351 4148 2512 4203 τοῦτο
2561 4153 2670 4222 γὰρ
2738 4153 2766 4203 6
2835 4153 3157 4221 Φαρισαῖος,
3207 4152 3527 4220 ἀποκεκομσ

214 4223 379 4293 μένος
401 4221 512 4274 τῶν
551 4223 744 4286 ἄλλων,
777 4221 1167 4290 γογγύζουσιν,
1198 4225 1281 4277 ὅτι
1305 4227 1420 4288 τοῖς
1458 4228 1808 4297 ἁμαρτωλοῖς
1844 4237 2141 4292 συνεσθίει.

290 4335 311 4369 ι
335 4316 402 4368 Ui
423 4317 478 4368 δὲ
501 4312 655 4369 εἷπον
693 4318 828 4387 πρὸς
854 4318 1045 4370 αύτόν·
1080 4324 1108 4369 Δ
1131 4319 1178 4372 ,ἀ
1200 4321 1253 4372 τί
1277 4321 1326 4372 οί
1353 4321 1595 4392 μαθηταὶ
1628 4327 1814 4381 Ἰωάν-

1999 4333 2167 4388 Vens.
2208 4335 2404 4395 33-59.
2442 4356 2460 4389 ι
2501 4339 2571 4392 At
2615 4339 2689 4394 illi
2724 4342 2979 4397 dixerunt
3025 4342 3090 4395 ad
3125 4357 3246 4393 cum
3292 4357 3302 4391 :
3343 4341 3526 4406 Quare

215 4426 307 4463 νου
339 4409 665 4479 νηστεύουσι
694 4411 878 4462 πυκνὰ
913 4409 1006 4462 καὶ
1034 4411 1251 4480 δεήσεις
1282 4414 1586 4482 ποιοῦνται,
1608 4420 1811 4488 ὁμοίως

1921 4427 2172 4496 discipuli
2205 4429 2434 4486 Joannis
2481 4433 2736 4502 jejunant
2780 4435 3116 4505 frequenter,
3175 4446 3228 4488 et
3267 4435 3521 4487 obsecra-

217 4503 313 4556 καὶ
343 4504 392 4554 οί
426 4502 533 4553 τῶν
583 4503 910 4572 Φαρισαίων,
949 4505 997 4555 οί
1053 4504 1098 4555 δὲ
1148 4506 1229 4556 σοὶ
1296 4506 1539 4561 ἐσθίουσι
1589 4514 1684 4564 καὶ
1716 4515 1810 4563 πί-

215 4611 438 4659 νουσιν;
478 4595 534 4646 ’0
565 4594 618 4647 δὲ
653 4590 772 4647 εἷπε
836 4595 972 4666 πρὸς
1000 4596 1201 4660 αύτούς
1223 4614 1236 4626 ·
1265 4598 1359 4670 Μὴ
1405 4600 1638 4656 δύνασθε
1685 4608 1812 4670 τοὺς

211 4683 366 4746 υἱοὺς
399 4684 494 4736 τοῦ
531 4685 846 4754 νυμφῶνος,
888 4689 944 4739 ὲν
1072 4687 1192 4755 μετ’
1233 4690 1416 4742 αὐτῶν
1457 4693 1810 4766 ὲστινόνυμ-

215 4777 362 4844 φίος,
395 4775 620 4845 ποιῆσαι
653 4779 964 4847 νηστεύειν;
995 4780 1340 4837 Ἐλεύσονται
1365 4784 1421 4838 δὲ
1449 4787 1677 4855 ἡμέραι,
1712 4790 1807 4843 καὶ

207 4870 338 4922 ὅταν
377 4869 602 4940 ἀπαρθῇ
654 4872 754 4924 ἀπ’
791 4873 971 4924 αὐτῶν
1032 4877 1059 4927 6
1094 4876 1354 4945 νυμφίος,
1409 4879 1534 4932 τότε
1575 4882 1806 4950 νηστεύ-

210 4979 399 5016 σουσιν
432 4966 490 5016 ὲν
517 4965 754 5028 ἐκείναις
794 4969 911 5028 ταῖς
940 4968 1199 5038 ἡμέραις.
1233 4973 1428 5040 Ἔλεγε
1456 4973 1513 5026 δὲ
1561 4976 1656 5028 καὶ
1699 4993 1804 5029 πα-

209 5054 448 5125 ραόολὴν
484 5058 618 5126 πρὸς
645 5058 861 5121 αὐτοὺς,
912 5061 994 5112 ὅτι
1049 5062 1239 5124 Ούδεὶς
1272 5064 1554 5135 ἐπίϐλημα
1583 5068 1803 5138 ἱματίου

207 5149 402 5202 καινοῦ
433 5149 717 5203 ἐπιϐάλλει
763 5153 856 5203 ἐπὶ
892 5153 1108 5222 ίμὰτιον
1140 5155 1370 5210 παλαιόν
1398 5176 1411 5189 °
1446 5162 1497 5213 εἰ
1537 5161 1592 5216 δὲ
1624 5163 1698 5232 μή
1740 5179 1803 5229 γε

207 5242 302 5296 καὶ
328 5243 389 5295 τδ
419 5244 606 5297 καινὸν
633 5245 827 5314 σχίζει,
871 5248 966 5298 καὶ
987 5246 1064 5316 τῷ
1097 5249 1315 5318 παλαιῷ
1342 5253 1402 5304 οὐ
1442 5257 1803 5326 συμφωνήσει

204 5337 264 5389 τὸ
306 5336 591 5408 ἐπίϐλημα
628 5338 687 5390 τὸ
717 5339 827 5390 ἀπὸ
860 5340 954 5391 τοῦ
998 5342 1352 5398 καινοῦ.Καὶ
1396 5347 1574 5411 οὐδεὶς
1617 5349 1802 5418 βάλλει

202 5422 349 5483 οἶνον
376 5429 499 5483 νέον
528 5433 608 5492 εἰς
637 5431 841 5493 ἀσκοὺς
872 5431 1138 5496 παλαιούς
1159 5451 1172 5466 ·
1206 5437 1255 5487 εί
1289 5436 1345 5490 δὲ
1380 5441 1454 5507 μή
1501 5457 1587 5507 γε,
1647 5443 1799 5512 ῥήξει

202 5522 231 5575 ὁ
260 5520 383 5584 νέος
421 5517 566 5585 οἶνος
601 5525 727 5584 τοὺς
765 5524 993 5596 ἀσκοῷς,
1050 5527 1146 5578 καὶ
1197 5529 1358 5591 αὐτὸς
1409 5533 1798 5604 ἐκχυθήσεται,

202 5615 298 5667 καὶ
321 5616 370 5667 ei
395 5616 556 5668 ἀσκοὶ
589 5615 940 5669 ἀπολοῦνται.
981 5617 1143 5670 Ἀλλὰ
1165 5615 1308 5673 οἶνον
1330 5623 1449 5676 νέον
1484 5626 1563 5688 είς
1595 5627 1798 5692 ἀσκοὺς

203 5709 426 5771 καινοὺς
467 5711 711 5780 βλητέον,
767 5709 858 5762 καὶ
890 5711 1174 5781 ἀμφότερα
1212 5716 1626 5786 συντηροῦνται.
1685 5721 1794 5774 Καὶ

281 5892 331 5922 ³⁵
365 5893 551 5948 Matth.
591 5909 665 5956 Ix,
699 5895 750 5948 9.
833 5895 871 5925 ’⁸
907 5895 1062 5952 Rom.
1124 5915 1239 5959 vm.
1275 5902 1360 5956 ‘21).

1919 4520 2096 4574 tiones
2122 4519 2355 4587 faciunt,
2399 4525 2656 4580 similiter
2689 4538 2744 4581 et
2781 4527 3184 4582 Phariszeorum
3226 4547 3238 4579 :
3277 4527 3351 4578 tui
3391 4541 3522 4578 Vero

1914 4613 2083 4665 edunt
2129 4622 2185 4667 et
2237 4615 2471 4669 bibunt?
2504 4617 2714 4683 Quibus
2768 4607 2887 4690 ipse
2939 4621 3017 4674 ait
3055 4639 3066 4673 :
3107 4619 3246 4672 Num
3285 4619 3521 4687 potestis

1915 4702 2096 4759 facere
2123 4715 2179 4759 ut
2208 4706 2298 4761 lilii
2352 4710 2602 4778 thalami,
2641 4713 2771 4766 dum
2823 4729 2948 4768 cum
2991 4714 3098 4768 illis
3125 4725 3209 4767 est
3243 4729 3508 4782 sponsus,

1909 4796 2192 4865 jcjtment?
2220 4798 2446 4855 Veniant
2479 4814 2662 4859 autem
2689 4807 2827 4871 dies,
2873 4818 2926 4861 et
2963 4823 3083 4862 cum
3115 4807 3331 4861 ablatus
3356 4805 3519 4860 luerit

1913 4893 1979 4945 ab
2009 4892 2118 4948 illis
2150 4911 2406 4963 sponsus,
2438 4900 2913 4968 tunejejunahunt
2947 4903 2998 4955 in
3035 4902 3140 4956 illis
3171 4903 3384 4957 diebus.
3417 4901 3507 4955 Di-

1913 4987 2070 5039 cehat
2112 4997 2295 5042 autem
2340 4991 2754 5048 similitudinem
2791 4996 2855 5048 ad
2889 4996 3011 5049 illos
3046 5013 3060 5049 :
3097 4995 3267 5050 Nemo
3304 4996 3517 5050 immis-

1912 5092 2097 5132 suram
2152 5082 2275 5134 novi
2328 5086 2641 5140 vestimenti
2713 5089 2960 5143 immittit
3018 5091 3068 5143 in
3113 5090 3506 5144 vestimentum

1909 5177 2065 5223 vetus
2117 5171 2411 5241 :alioquin
2451 5185 2504 5228 et
2563 5192 2764 5232 novum
2817 5191 3034 5249 rumpet
3083 5190 3139 5234 et
3175 5182 3344 5235 veteri
3399 5196 3510 5235 non

1907 5260 2201 5316 conveniet
2233 5262 2547 5318 immissum
2571 5284 2634 5319 ex
2660 5283 2818 5321 novo.
2854 5269 2918 5321 Et
2941 5287 3098 5324 nemo
3121 5272 3287 5325 mittit
3319 5272 3508 5326 vinum

1907 5368 2104 5406 novum
2157 5356 2207 5408 in
2269 5367 2421 5410 utres
2474 5367 2722 5425 veteres,
2762 5362 3003 5428 alioquin
3063 5375 3284 5433 rumpet
3327 5364 3510 5419 vinum

1907 5459 2106 5499 novum
2150 5457 2326 5510 utres.
2364 5460 2419 5505 et
2459 5452 2635 5519 ipsum
2669 5453 3008 5518 elfundetur,
3058 5467 3112 5510 et
3169 5468 3316 5512 utres
3372 5456 3509 5526 peri-

1904 5537 2059 5591 bunt.
2089 5538 2195 5595 Sed
2229 5543 2413 5598 vinum
2440 5556 2680 5600 mustum
2720 5548 2771 5600 in
2802 5557 2952 5602 utres
2987 5564 3154 5603 novos
3181 5551 3504 5604 mittendum

1903 5638 2007 5691 est,
2046 5640 2099 5684 et
2128 5643 2355 5704 utraque
2386 5625 2802 5704 conservantur.
2843 5640 2905 5694 Et
2963 5657 3120 5695 nemo
3161 5643 3250 5711 qui
3294 5641 3497 5697 biberit

1914 5734 2084 5789 vetus,
2122 5727 2303 5782 statim
2343 5730 2451 5783 vult
2494 5747 2693 5788 novum
2725 5751 2738 5799 ;
2777 5735 2906 5790 dicit
2940 5737 3120 5790 enim:
3185 5735 3352 5790 Vetus
3394 5751 3507 5791 me-
