4028 6422
534 451 648 515 761-

1456 448 2040 511 THEOPIIYLACTI
2075 443 2492 510 BULGARI/E
2527 441 2885 503 ARCHIEP.

3697 429 3811 490 768

542 569 647 623 lius
685 573 786 621 est.
828 581 846 617 ι
906 560 1152 616 Diximus
1183 562 1246 613 dc
1303 560 1387 615 his
1419 561 1470 613 iu
1531 561 1804 622 Mattbzro,
1873 569 1928 614 et
1959 573 2107 614 nunc

2246 555 2384 617 ὖδεὶς
2419 553 2560 606 πιὼν
2598 550 2848 615 παλαιὸν,
2880 545 3085 607 εὐθέως
3112 543 3252 598 θέλει
3286 540 3426 604 νέον,
3491 536 3646 604 λέγει
3675 536 3812 604 γὰρ

544 659 784 712 dicemus
813 651 1165 708 succinctius.
1193 649 1482 720 Apostolus
1513 661 1665 703 vocat
1700 651 1839 704 ﬁlios
1867 652 2114 705 thalami.

545 748 816 802 Adventus
834 744 977 798 enim
1013 742 1220 796 Domini
1249 741 1578 796 assimilatur
1609 742 1834 811 nuptiis.
1872 757 1935 796 eo
1967 742 2110 810 quod

547 834 843 892 Eeclesiam
896 835 948 887 in
988 849 1238 902 sponsam
1286 834 1521 886 duxerit.
1579 833 1812 887 Proinde
1846 831 2118 900 apos'olos

547 929 784 999 jejuna-re
813 943 914 980 non
962 926 1244 994 oportebat
1297 939 1310 976 :
1376 925 1626 993 discipuli
1681 934 1858 978 autem
1891 923 2118 978 Joannis

545 1018 1103 1085 debebantjcjunare,
1137 1017 1389 1069 nimirum
1419 1017 1544 1085 quia
1574 1015 1827 1069 virtutem
1864 1015 2120 1083 magister

548 1113 758 1166 ilinrnm
788 1107 970 1163 labore
995 1108 1236 1176 parabat.
1272 1105 1427 1163 Venit
1458 1109 1626 1168 enim,
1661 1105 1858 1176 inquit,
1883 1107 2119 1161 Joannes

547 1219 721 1273 neque
774 1203 1081 1267 comedens,
1133 1206 1307 1269 neque
1362 1198 1527 1269 309
1575 1199 1780 1253 bibens.
1851 1196 2111 1266 Discipuli

548 1307 727 1351 autem
761 1296 862 1349 mei
888 1296 976 1365 qui
999 1309 1209 1349 mecum
1239 1304 1407 1362 agunt
1432 1292 1591 1346 veluti
1629 1307 1752 1345 cum
1792 1291 1965 1344 Verbo
2002 1289 2118 1353 Dei,

550 1404 654 1442 non
707 1389 946 1456 indigent
995 1401 1137 1440 nunc
1189 1384 1376 1454 jejunii
1433 1384 1664 1438 utilitate
1701 1400 1713 1436 :
1757 1381 2013 1451 quoniam
2056 1395 2120 1435 ex

551 1497 666 1534 mea
709 1476 1113 1534 conversatione
1145 1479 1373 1546 gratiam
1416 1474 1694 1530 consecuti
1744 1481 1889 1538 sunt,
1947 1482 2000 1526 et
2032 1486 2126 1540 per

551 1590 636 1628 me
660 1573 1053 1627 custodiuntur.
1090 1571 1195 1626 Ubi
1234 1578 1416 1622 autem
1448 1582 1548 1636 ego
1587 1573 1897 1634 assumptus
1945 1565 2121 1627 fuero,

552 1674 606 1719 et
645 1665 748 1733 ipsi
767 1664 832 1719 ad
872 1663 1271 1732 praedicandum
1312 1657 1462 1714 missi
1514 1658 1734 1724 fuerint,
1763 1666 1891 1709 tunc
1921 1664 1975 1708 et
1997 1654 2127 1722 jeju-

554 1756 779 1820 nabunt,
823 1765 878 1810 et
926 1754 1180 1817 orabunt,
1234 1762 1419 1822 utpote
1467 1750 1531 1805 ad
1562 1762 1767 1819 magna
1825 1747 2124 1803 certamina

553 1863 673 1902 sese
730 1849 1118 1918 pratparantes;
1153 1846 1246 1899 Vel
1289 1844 1453 1898 etiam
1484 1843 1659 1896 aliter.
1695 1839 1851 1894 Nunc
1883 1853 2005 1893 cum
2037 1837 2125 1890 in-

2227 647 2288 701 Ὀ
2322 646 2548 708 παλαιὸς
2582 641 2944 715 χρηστότερός
2989 639 3190 691 ἐστιν.»
3227 636 3467 704 Εἴπομεν
3517 633 3650 700 περὶ
3686 629 3783 692 τού

2228 761 2327 796 των
2355 744 2413 795 έν
2465 739 2544 809 τῷ
2580 737 2722 790 κατά
2753 733 3054 789 Ματθαῖον.
3112 729 3225 781 Καὶ
3275 725 3369 778 νῦν
3397 725 3453 778 δὲ
3507 738 3808 790 συντετμτ-

2224 835 2396 902 μένως
2421 829 2675 902 ἐροῦμεν,
2718 829 2800 881 δτι
2824 826 2947 887 τοὺς
2972 819 3308 880 ἀποστόλους
3334 815 3482 878 υίοὺς
3515 813 3809 886 νυμφῶνος

2219 925 2496 994 ὀνομάζει.
2539 922 2604 976 Ἥ
2630 921 2738 992 γὰρ
2763 920 2855 972 τοῦ
2889 915 3095 986 Κυρίου
3139 910 3418 982 παρουσία
3468 909 3636 978 γάμῳ
3657 909 3816 959 ἀπει-

2223 1018 2472 1081 κάζεται.
2541 1015 2685 1068 Διότι
2740 1012 2839 1083 τὴν
2912 1006 3241 1076 Ἐκκλησίαν
3324 1001 3816 1073 μνηστευσάμενος

2221 1109 2482 1176 ἠγάγετο.
2533 1106 2608 1159 Οὐ
2638 1105 2718 1158 δεῖ
2749 1104 2930 1156 τοίνυν
2974 1101 3100 1164 τοὺς
3150 1096 3486 1157 ἀποστόλους
3523 1093 3817 1163 νηστεύειν

2224 1200 2341 1251 νῦν·
2378 1200 2428 1251 oi
2483 1197 2581 1268 μὲν
2632 1195 2743 1267 γὰρ
2795 1193 2891 1247 τοῦ
2935 1192 3182 1246 Ἰωάννου
3244 1185 3488 1259 μαθηταὶ
3537 1185 3819 1252 ὀφείλουσι

2225 1291 2533 1358 νηστεύειν,
2560 1288 2656 1340 ἆτε
2720 1286 2868 1354 πόνῳ
2897 1285 2994 1336 καὶ
3028 1282 3261 1351 καμάτῳ
3296 1280 3394 1349 τὴν
3443 1277 3649 1347 ἀρετὴν
3681 1292 3818 1327 κατ-

2230 1381 2573 1452 ορθώσαντος
2633 1377 2958 1431 διδασκάλου
2994 1372 3195 1427 αὐτῶν.
3231 1367 3405 1423 Ἦλθε
3436 1369 3565 1436 γὰρ,
3622 1367 3816 1435 φησὶν,

2237 1473 2516 1542 Ἰωάννης,
2572 1473 2708 1541 μήτε
2765 1469 2983 1534 ἐσθίων,
3027 1469 3163 1538 μήτε
3224 1465 3414 1517 πίνων.
3479 1463 3541 1515 Οἱ
3595 1461 3650 1512 δὲ
3685 1459 3819 1524 ἐμοὶ

2241 1566 2499 1635 μαθηταὶ.
2538 1565 2612 1625 ὡς
2640 1563 2717 1630 τῷ
2749 1561 2870 1631 Θεῷ
2901 1560 3056 1628 Λόγῳ
3085 1560 3207 1628 ἐμοὶ
3239 1557 3520 1616 συνόντες,
3575 1554 3636 1605 οὐ
3677 1551 3818 1624 χρῄ.

2227 1658 2377 1722 ζουσι
2417 1658 2555 1717 τέως
2586 1658 2686 1723 τῆς
2718 1654 2825 1708 ἀπὸ
2855 1654 2951 1723 τῆς
2977 1651 3236 1721 νηστείας
3259 1648 3551 1716 ὠφελείας,
3585 1645 3822 1698 αὐτόθεν

2228 1747 2625 1819 χαριτωθέντες
2662 1745 2756 1798 καὶ
2793 1745 3193 1814 φυλαττόμενοι
3245 1743 3334 1795 ὑπ’
3368 1739 3525 1808 ἐμοῦ.
3563 1740 3734 1791 Ὅταν
3762 1737 3824 1791 δὲ

2231 1844 2341 1911 ἐγὼ
2378 1844 2475 1914 μὲν
2503 1840 2824 1911 ἀναληφθῶ,
2874 1841 3028 1892 αὐτοὶ
3081 1837 3136 1890 δὲ
3169 1837 3261 1887 ἐπὶ
3316 1836 3376 1887 τ),
3403 1836 3668 1903 κήρυγμα
3700 1849 3829 1884 στα-

556 1937 693 1990 llrml
732 1914 880 2002 sunt,
933 1936 1274 2004 etaSpiritu
1315 1943 1504 1986 sancto
1561 1930 1796 1985 nondum
1857 1925 2123 1988 innovati,

2246 1936 2384 2001 tt'bo't,
2413 1935 2534 1989 τότε
2571 1935 2666 1988 καὶ
2712 1932 3067 2003 νηστεύσουσι
3119 1930 3214 1983 καὶ
3247 1926 3662 1996 προσεύξονται,
3717 1918 3813 1985 οἶα

555 2026 832 2081 veteribus
862 2033 1247 2092 comparantur
1268 2022 1479 2077 utribus
1503 2031 1556 2074 et
1580 2021 1902 2075 vestimento
1928 2016 2122 2080 veteri,

567 2117 707 2170 baud
734 2123 949 2185 oportet
975 2115 1099 2168 illos
1131 2113 1364 2181 graviori
1399 2111 1611 2166 vivendi
1656 2111 1866 2164 ratione
1913 2107 2127 2178 gravari

560 2219 615 2263 et
648 2209 886 2271 onerari,
921 2208 1062 2261 sicut
1093 2220 1269 2274 neque
1314 2205 1483 2258 veteri
1513 2203 1838 2257 vestimento
1878 2215 2013 2254 nova
2039 2201 2133 2253 ad-

555 2302 714 2353 datur
756 2299 1088 2353 immissura.
1137 2296 1297 2350 Potes
1345 2310 1495 2358 sane,
1554 2305 1610 2347 ut
1668 2294 1800 2354 dixi,
1844 2308 1940 2360 per
1987 2302 2135 2346 utres

553 2401 767 2446 veteres
791 2390 1095 2457 intelligere
1129 2386 1420 2456 apostolos,
1448 2395 1632 2456 utpote
1663 2385 1928 2438 inﬁrmos.
1965 2384 2126 2436 Potes

553 2484 717 2536 etiam
760 2481 1061 2534 Pltarisacos
1127 2478 1451 2546 intelligere,
1503 2479 1594 2545 qui
1648 2476 1858 2529 utribus
1908 2475 2128 2529 assimi-

557 2571 739 2626 lantur
771 2590 784 2626 :
821 2573 977 2642 quasi
1009 2573 1212 2626 diceret
1261 2568 1543 2632 Dominus,
1583 2566 1698 2621 Mea
1756 2567 1970 2636 quidem
2005 2569 2132 2618 doc-

557 2667 696 2719 trina
737 2666 916 2718 vinum
950 2675 1031 2718 est
1077 2679 1274 2718 novum
1305 2680 1318 2714 :
1357 2677 1451 2715 vos
1476 2671 1653 2714 autem
1680 2676 1800 2714 cum
1827 2661 1948 2714 sitis
1983 2670 2131 2713 utres

558 2765 790 2818 veteres,
827 2755 953 2808 illud
993 2770 1189 2822 Capcre
1210 2768 1315 2806 non
1351 2754 1608 2821 poteStis:
1646 2751 1738 2805 sed
1774 2753 1953 2804 viuum
1981 2765 2132 2807 vetus

558 2844 825 2907 bibentes,
862 2845 961 2900 hoc
988 2857 1070 2899 est
1106 2851 1345 2899 veterem
1378 2842 1740 2906 traditionem,
1776 2857 1972 2904 meam,
2007 2859 2127 2912 qua:

559 2951 695 2988 nova
719 2945 819 2997 est,
849 2950 953 2989 non
985 2936 1172 2999 voltis,
1208 2935 1300 2988 sed
1334 2934 1512 2988 dicitis
1545 2950 1556 2984 :
1589 2930 1754 2988 Vetus
1792 2932 1997 2999 viuum,
2031 2934 2133 2990 hoc

557 3037 640 3079 cst
684 3039 836 3080 vetns
860 3026 1290 3090 Testamentum,
1322 3027 1512 3081 melius
1542 3037 1645 3083 est.

2227 2029 2306 2088 είς
2334 2026 2550 2092 ἀγῶνας
2580 2023 2851 2094 μεγάλους
2879 2021 3257 2082 άποδυθέντες.
3291 2021 3399 2072 Καὶ
3426 2017 3600 2080 άλλως
3635 2015 3692 2069 δὲ
3716 2015 3817 2068 νῦν

2229 2117 2480 2179 ἀσθενεῖς
2534 2116 2706 2175 ὄντες,
2759 2114 2853 2165 καὶ
2903 2116 3068 2182 μήπω
3113 2109 3486 2170 καινισθέντες
3548 2107 3656 2159 ὑπὸ
3724 2103 3826 2159 τοῦ

2232 2209 2573 2277 Πνεύματος,
2627 2207 2818 2267 ἀσκοῖς
2860 2205 3070 2258 ἐοίκασι
3127 2203 3384 2263 παλαιοῖς
3448 2200 3543 2251 καὶ
3615 2197 3828 2267 ίματίῳ

2239 2298 2477 2367 παλαιῷ.
2506 2299 2580 2350 Οὐ
2598 2297 2677 2348 δεῖ
2706 2294 2800 2348 οὖν
2827 2295 3011 2356 αὐτοῖς
3051 2293 3358 2364 βαρυτέραν
3383 2291 3508 2343 τινὰ
3534 2290 3826 2358 διαγωγὴν

2241 2389 2719 2459 ὲπιφορτισθῆναι,
2768 2387 2957 2455 ὥσπερ
2991 2385 3110 2438 οὐδὲ
3161 2384 3362 2454 ἱματίῳ
3397 2381 3619 2450 παλαιῷ
3653 2380 3833 2433 ὲπιτί-

2237 2481 2387 2535 θεται
2422 2482 2541 2534 νέον
2593 2479 2892 2548 ἐπίϐλημα.
2939 2476 3176 2528 Δύνασαι
3233 2475 3330 2542 μὲν
3377 2468 3500 2538 οὖν,
3549 2473 3626 2534 ὼς
3666 2472 3829 2540 ἔφην,

2241 2575 2368 2634 τοὺς
2416 2569 2746 2631 ἀποστόλους
2785 2566 3110 2621 έκλαὸέσθαι
3167 2565 3414 2627 ἐοικότας
3468 2565 3662 2625 ἀσκοῖς
3720 2581 3834 2614 πα-

2236 2665 2429 2727 λαιοῖς,
2457 2659 2544 2715 οἷα
2573 2662 2652 2714 ἔτι
2687 2661 2933 2719 ἀσθενεῖς
2969 2659 3150 2719 ὄντας.
3186 2655 3423 2710 Δύνασαι
3475 2655 3529 2708 δὲ
3564 2656 3661 2707 καὶ
3701 2658 3840 2721 τοὺς

2237 2754 2565 2826 Φαρισαίους
2591 2754 2782 2822 νοῆσαι
2825 2753 3032 2813 τούτοις
3055 2750 3510 2813 ἀπεικασθέντας,
3543 2747 3836 2817 μονονουχὶ

2237 2842 2486 2908 λέγοντος
2512 2842 2692 2904 αὐτοῖς
2728 2841 2820 2892 τοῦ
2853 2843 3080 2910 Κυρίου,
3103 2841 3182 2892 ὅτι
3223 2839 3289 2891 Ἠ
3323 2839 3419 2906 μὲν
3444 2838 3553 2908 ἐμὴ
3576 2838 3833 2890 διδασκα-

2238 2933 2328 2986 λία
2355 2930 2502 2997 οἶνός
2560 2936 2674 2987 ἐστι
2709 2934 2827 2997 νέος
2859 2950 2870 2962 ·
2908 2933 3065 3002 ὑμεῖς
3097 2931 3151 2983 δὲ
3183 2933 3340 2983 ἀσκοὶ
3385 2931 3538 2994 ὄντες
3571 2930 3833 2990 παλαιοὶι

2241 3029 2301 3081 οὑ
2326 3027 2556 3081 δύνασθε
2602 3027 2859 3094 δέξασθαι
2892 3027 3119 3096 ταύτην,
3163 3025 3301 3078 ἀλλὰ
3346 3024 3563 3084 πιόντες
3594 3024 3687 3074 τὸν
3726 3040 3838 3072 πα-

557 3120 708 3172 λαιδν
741 3113 901 3181 οίνον,
953 3119 1196 3170 τουτέστι
1227 3119 1326 3186 τὴν
1376 3117 1611 3171 παλαιὰν
1650 3116 1973 3186 παράδοσιν,
2026 3118 2087 3170 οὐ
2124 3113 2306 3170 θέλετε
2367 3119 2468 3188 τὴν
2518 3119 2643 3172 νέαν
2705 3121 2802 3188 τὴν
2866 3119 3026 3188 ἐμὴν,
3098 3118 3234 3172 ἀλλὰ
3294 3117 3484 3186 λέγετε
3539 3116 3624 3169 ὅτι
3660 3117 3689 3169 6
3720 3130 3840 3172 m-

559 3211 707 3273 λαιὸς
736 3206 900 3274 οἶνος,
933 3214 1209 3264 τουτέστιν
1255 3210 1527 3280 ἡῐΙαλαιά
1569 3210 1833 3278 Διαθήκη,
1873 3213 2213 3281 χρηστοτέρα
2256 3211 2428 3266 ἐστίν.

1161 3321 1387 3376 CH’UT
1452 3319 1537 3375 Vl.

563 3437 639 3492 De
673 3439 939 3504 discipulis
988 3440 1041 3489 in
1082 3437 1312 3490 Sabbato
1363 3439 1530 3503 spicas
1580 3435 1912 3490 vellentibus.
1953 3435 2026 3490 De
2075 3453 2134 3489 eo

671 3511 720 3558 ui
755 3510 959 3559 aridam
984 3508 1198 3559 habebat
1243 3523 1475 3559 mnuum.
1516 3507 1586 3557 De
1621 3507 1867 3559 electione
1923 3517 2135 3571 aposto-

633 3525 720 3628 ἵκει
755 3525 959 3559 armum
984 3525 1198 3559 uooevat
1243 3525 1475 3559 mnuum.
1516 3525 1586 3557 ue
1621 3525 1867 3559 eiecuone
1923 3525 2130 3571 aposto-

655 3594 825 3628 orum.
863 3577 933 3627 De
975 3577 1407 3629 beatitudinibus.
1446 3577 1596 3639 Quod
1625 3587 1856 3643 oporteat
1888 3578 2130 3628 inimicos

631 3647 864 3714 diligere.
894 3646 967 3697 De
1007 3665 1106 3698 non
1143 3647 1498 3699 romendendo
1535 3662 1653 3698 cum
1689 3648 1951 3713 proximo.
1984 3646 2136 3710 Quod

633 3716 888 3769 neminem
921 3717 1066 3770 liceat
1091 3717 1358 3784 judicare.

641 3955 800 4010 Vsus.
824 3957 936 4010 1-5.
968 3975 985 4007 ι
1018 3959 1223 4012 Accidit
1255 3967 1430 4012 autem
1462 3969 1518 4013 ut
1553 3962 1602 4012 in
1635 3960 1869 4016 Sabbato
1898 3964 2135 4017 secundo

565 4047 738 4114 primo
780 4048 1032 4100 transiret
1067 4061 1159 4115 per
1183 4061 1318 4111 sata,
1356 4065 1418 4102 ac
1455 4050 1719 4104 vcilcbaut
1748 4053 1995 4120 discipuli
2024 4054 2137 4119 ejus

564 4139 758 4205 spiras,
797 4140 1137 4206 edebantque
1188 4140 1553 4197 confricantes
1606 4144 1872 4197 manibus.
1901 4143 2130 4209 Quidum

566 4235 742 4281 autem
797 4228 1188 4283 Pbarismorum
1254 4230 1504 4284 dicebant
1562 4232 1665 4284 illis
1712 4250 1725 4285 :
1769 4232 1906 4298 Quid
1963 4232 2138 4287 facitis

567 4320 710 4386 quod
749 4336 850 4373 non
889 4321 1046 4374 liceat
1091 4322 1267 4375 facere
1307 4325 1356 4375 in
1382 4323 1664 4378 Sabbatis?
1697 4324 1762 4377 Et
1803 4327 2137 4394 respondens

563 4408 722 4464 Jcsus
752 4413 815 4463 ad
858 4429 951 4466 eos
979 4413 1152 4466 dixit:
1195 4413 1270 4466 Ne
1317 4415 1418 4468 hoc
1464 4417 1677 4483 quidem
1733 4419 1940 4488 legistis
1994 4420 2135 4487 quod

565 4503 691 4555 fecit
721 4502 885 4556 David
906 4519 1025 4558 cum
1053 4506 1309 4560 esurissct
1344 4508 1475 4574 ipse,
1501 4517 1553 4560 et
1575 4510 1662 4576 qui
1687 4525 1808 4563 cum
1841 4511 1928 4562 illo
1951 4511 2136 4564 erant?

567 4593 850 4657 Quomodo
886 4596 1105 4649 intravit
1142 4597 1191 4649 in
1226 4598 1440 4651 domum
1477 4599 1592 4664 Dei,
1643 4609 1697 4654 et
1745 4616 1909 4668 panes
1938 4619 2134 4671 prope-

2844 3325 3097 3379 ΚΕΦΑΛ.
3137 3323 3227 3391 q'.

2245 3437 2381 3505 Περὶ
2403 3435 2521 3489 τῶν
2541 3438 2818 3504 μαθητῶν
2843 3440 2948 3492 τοῦ
2987 3439 3249 3507 Χριστοῦ
3286 3439 3354 3491 ἐν
3395 3437 3672 3500 Σαϐϐάτῳ
3709 3455 3810 3491 tu.

2315 3509 2549 3560 ,ἰόντων
2583 3513 2724 3572 τοὺς
2759 3509 3053 3576 στάχυας.
3088 3511 3225 3576 Περὶ
3281 3509 3385 3562 τοῦ
3419 3508 3615 3574 ξηρὰν
3645 3509 3838 3575 ἔχον-

2315 3594 2418 3640 τος
2447 3576 2559 3641 τὴν
2586 3577 2769 3645 χεῖρα.
2808 3579 2945 3645 Περὶ
2978 3578 3087 3642 τῆς
3119 3577 3238 3631 τῶν
3263 3580 3630 3632 ἀποστόλων
3651 3579 3838 3630 ἐκλο-

2316 3646 2448 3714 γῆς.
2474 3651 2606 3713 Περὶ
2640 3647 2756 3699 τῶν
2774 3649 3185 3716 ιιακαρισμῶν.
3219 3649 3354 3714 Περὶ
3384 3649 3492 3702 τοῦ
3518 3649 3835 3716 φιλεῖσθαι

2318 3717 2460 3781 τοὺς
2494 3717 2768 3783 ἐχθρούς.
2805 3721 2940 3783 Περὶ
2977 3718 3084 3770 τοῦ
3118 3720 3263 3784 πρὸς
3301 3719 3410 3771 τὸν
3449 3721 3725 3782 nine/or
3750 3717 3838 3785 μὴ

2315 3787 2701 3854 φιλονεικεῖν.
2747 3791 2878 3854 Περὶ
2926 3787 3032 3839 τοῦ
3072 3789 3156 3856 μὴ
3229 3788 3357 3840 δεῖν
3388 3790 3494 3840 τὸν
3543 3789 3823 3855 πλησίον

2316 3858 2557 3922 κρίνειν.

2320 3986 2338 4018 ι
2384 3967 2627 4032 Ἐγένετο
2667 3968 2724 4020 δὲ
2759 3970 2814 4018 ἐν
2857 3968 3121 4036 Σαϐὀατῳ
3161 3968 3595 4039 δευτεροπρώτῳ
3646 3970 3841 4023 διαπο-

2249 4053 2501 4122 ρεύεσθαι
2538 4054 2698 4106 αὐτὸν
2731 4054 2819 4107 διὰ
2870 4054 2977 4106 τῶν
3034 4057 3345 4126 σπορίμων.
3386 4057 3497 4109 Καὶ
3545 4057 3756 4111 ἔτιλλον
3786 4061 3839 4114 οἱ

2249 4147 2490 4215 μαθηταὶ
2532 4145 2696 4198 αὐτοῦ
2731 4148 2855 4208 τοὺς
2891 4148 3156 4216 στάχυας,
3199 4151 3290 4201 καὶ
3324 4149 3514 4219 ἤσθιον
3552 4151 3838 4220 ψώχοντες

2245 4242 2362 4299 ταῖς
2396 4238 2570 4308 χερσί.
2604 4239 2758 4302 Τινὲς
2789 4239 2843 4292 δὲ
2878 4239 2985 4291 τῶν
3030 4241 3342 4310 Φαρισαίων
3394 4238 3550 4296 εἷπον
3603 4241 3790 4306 αὐτοῖς
3820 4258 3836 4272 ⁶

2247 4331 2312 4382 Τί
2345 4333 2546 4382 ποιεῖτε
2579 4329 2606 4381 ὅ
2633 4331 2731 4382 οὐκ
2768 4331 2946 4395 ἔξεστι
2984 4334 3158 4383 ποιεῖν
3187 4335 3241 4384 ἐν
3277 4335 3392 4394 τοῖς
3417 4333 3696 4396 Σάὸϐασι;
3728 4334 3839 4388 Καὶ

2248 4421 2561 4491 ἀποκριθεὶς
2588 4422 2720 4489 πρὸς
2743 4423 2936 4485 αὐτοὺς
2967 4420 3118 4476 εἶπεν
3150 4425 3177 4475 6
3222 4425 3430 4494 Ἰησοῦς
3459 4441 3472 4453 ⁶
3503 4426 3642 4479 Οὐδὲ
3675 4425 3839 4483 τοῦτο

2246 4513 2515 4579 ἀνέγνωτε
2564 4515 2590 4566 ὃ
2638 4514 2861 4581 ἐποίησε
2897 4515 3082 4578 Δαυῒδ,
3117 4516 3279 4569 ὁπότε
3316 4517 3609 4570 ἐπείνασεν
3672 4518 3839 4583 αὐτὸς

2246 4603 2340 4655 καὶ
2368 4606 2414 4655 oi
2449 4604 2566 4672 μετ’
2590 4604 2754 4656 αὑτοῦ
2794 4605 2967 4667 ὅντες,
3024 4607 3098 4668 ὡς
3128 4607 3382 4676 εἰσῆλθεν
3415 4608 3494 4671 εἰς
3527 4609 3618 4660 τὸν
3678 4604 3836 4663 οἶκον

568 4684 783 4738 sitionis
839 4686 1088 4754 sumpsit,
1150 4685 1388 4755 editque,
1428 4703 1490 4740 ac
1537 4689 1686 4742 dedit
1729 4660 1892 4744 etiam
1926 4660 2130 4762 bisqui

2247 4696 2338 4749 τοῦ
2371 4694 2528 4756 Θεοῦ,
2569 4698 2661 4747 καὶ
2713 4698 2839 4758 τοὺς
2888 4698 3088 4766 ἄρτους
3121 4698 3220 4765 τῆς
3277 4698 3590 4769 προθέσεως
3649 4699 3836 4755 λαϐὼν

567 4792 748 4832 arcum
782 4787 973 4831 erant:
1009 4794 1142 4844 quos
1177 4796 1280 4833 non
1315 4781 1440 4832 licet
1465 4781 1625 4835 cdere
1656 4781 1759 4835 nisi
1799 4791 2002 4837 tantum
2050 4802 2138 4840 sa-

567 4871 916 4924 cerdotibus?
946 4871 1006 4922 Et
1031 4871 1405 4925 dicebatillis:
1441 4873 1699 4927 Doininus
1729 4884 1812 4928 est
1848 4874 2012 4930 Filius
2043 4878 2145 4930 bo-

567 4964 730 5014 minis
755 4965 916 5016 etiam
952 4964 1192 5018 Sabbati.
1238 4985 1254 5015 ι
1293 4965 1460 5019 1υάρί
1495 4980 1655 5019 oume
1691 4967 1888 5020 festum
1924 4968 2138 5024 Sabba-

569 5062 682 5106 tum
731 5055 1102 5108 nominabant.
1158 5055 1454 5111 Sabbatum
1514 5059 1655 5112 enim
1708 5060 1864 5128 quies
1918 5060 2134 5114 dicitur.

571 5146 728 5216 Sa-pe
789 5149 954 5217 igitur
997 5151 1320 5204 occurrebat
1382 5151 1578 5204 festum
1615 5152 1667 5205 in
1718 5153 2042 5217 Parasccve,
2083 5163 2138 5208 et

569 5240 833 5293 voeabaut
894 5239 1243 5294 Parascevem
1293 5241 1857 5314 Sabbatum.propter
1888 5246 2081 5301 festum
2119 5265 2132 5300 :

572 5333 763 5386 deinde
821 5334 962 5402 quod
1009 5335 1229 5405 proprie
1285 5346 1368 5390 est
1417 5335 1734 5403 Sabbatum,
1786 5339 2138 5394 nominabant

573 5425 1061 5493 secttndoprimum,
1098 5443 1163 5483 eo
1193 5433 1337 5498 quod
1374 5440 1634 5500 sequatur
1675 5432 1870 5487 festum
1900 5445 1952 5488 et
1984 5435 2135 5487 Sab—

574 5516 757 5567 bamm
779 5516 919 5584 quod
940 5529 1311 5584 praecesserat.
1345 5521 1583 5586 Contigit
1607 5522 1771 5591 igitur
1790 5534 1912 5577 tunc
1934 5524 2139 5594 aliquid

575 5606 711 5661 tale:
751 5616 803 5661 et
840 5606 1131 5661 Sabbatum
1159 5610 1286 5664 illud
1316 5613 1610 5667 vocabatur
1642 5616 2138 5686 secundOprimum.

574 5698 746 5765 Atque
775 5715 894 5752 cum
925 5699 1179 5754 Pliarisazi
1238 5703 1534 5773 discipulos
1561 5707 1856 5775 carpebant
1907 5713 2048 5776 quod
2086 5709 2138 5762 in

577 5789 816 5844 Sabbato
865 5793 1224 5866 comedebaut
1294 5796 1606 5861 evellentes,
1679 5799 1778 5852 boc
1823 5808 1904 5854 est
1951 5801 2146 5856 aristas

582 5881 956 5938 abstrahentcs
995 5901 1007 5938 :
1040 5893 1093 5939 ct
1121 5881 1505 5952 confricantcs,
1544 5887 1642 5943 boc
1672 5896 1754 5943 cst
1780 5896 2144 5946 tcrcntrsma-

2244 4787 2438 4854 ἔφαγε,
2487 4787 2583 4838 καὶ
2619 4787 2785 4838 ἔδωκε
2814 4790 2924 4849 τοῖς
2975 4790 3088 4858 μετ’
3131 4788 3319 4853 αὑτοῦ,
3376 4787 3468 4864 οὒς
3499 4791 3601 4844 οὐκ
3655 4791 3834 4858 ἔξεστι

2246 4881 2460 4947 φαγεῖν,
2499 4879 2546 4930 εί
2578 4879 2652 4949 μὴ
2679 4880 2868 4948 μόνους
2903 4882 3028 4943 τοὺς
3059 4882 3257 4952 ίερεῖς;
3292 4883 3403 4935 Καὶ
3432 4884 3621 4950 ἔλεγεν
3651 4887 3837 4950 αὐτοῖς

2243 4971 2327 5024 δτι
2372 4970 2580 5041 Κύριός
2618 4971 2763 5023 ἐστιν
2787 4973 2815 5022 6
2844 4971 2969 5035 Υἱὸς
3007 4973 3098 5025 τοῦ
3126 4973 3417 5045 ἀνθρώπου
3443 4975 3538 5028 καὶ
3570 4977 3664 5028 τοῦ
3699 4977 3837 5029 Σαϐο

2247 5063 2434 5116 ϐάτου.
2470 5082 2487 5114 ι
2536 5064 2599 5114 Oi
2642 5064 2890 5118 Ἰουδαῖοι
2932 5067 3114 5119 πᾶσαν
3153 5066 3349 5137 ἑορτὴν
3381 5067 3662 5121 Σάσὸατον
3702 5069 3832 5121 ὠνό-

2251 5153 2419 5224 μαζον
2445 5172 2457 5185 ο
2489 5155 2796 5217 ἀνάπαυσις
2829 5155 2938 5221 γάρ
2985 5157 3043 5210 τὸ
3073 5157 3374 5212 Σάϐϐατον·
3427 5160 3690 5226 πολλάκις
3745 5156 3837 5215 οὖν

2245 5246 2459 5316 ἀπήντα
2499 5247 2530 5314 ἠ
2588 5246 2748 5316 ἑορτὴ
2802 5249 2859 5300 έν
2902 5249 3258 5320 Παρασκευῇ,
3297 5251 3393 5303 καὶ
3429 5251 3663 5305 ἐκάλουν
3721 5254 3821 5322 τὴν

2244 5338 2607 5408 Παρασκευὴν
2657 5332 2932 5392 Σάὸὖατον
2974 5341 3062 5392 διὰ.
3104 5340 3201 5410 τὴν
3236 5341 3451 5410 έορτὴν,
3482 5338 3606 5397 εἶτα
3641 5344 3701 5397 τὸ
3741 5362 3837 5396 κυ-

2245 5430 2374 5497 ρίως
2412 5430 2690 5483 Σάϐϐατον
2739 5431 3022 5500 ὠνόμαζον
3070 5433 3534 5502 δευτερόπρωτον,
3584 5434 3663 5500 ὡς
3711 5435 3834 5490 δεύ-

2245 5537 2402 5591 τερον
2428 5523 2510 5588 ὃν,
2575 5526 3042 5596 προηγησαμένης
3084 5527 3253 5596 ἄλλης
3310 5526 3505 5598 ἑορτῆς
3566 5530 3661 5580 καὶ
3693 5527 3832 5582 Σασ-

2250 5614 2412 5667 6άτου
2435 5656 2448 5670 .
2481 5617 2712 5686 Ἔτυχεν
2751 5613 2844 5671 οὖν
2894 5619 2988 5672 καὶ
3025 5619 3145 5670 τότε
3179 5621 3435 5688 γενέσθαι
3476 5619 3538 5673 τὸ
3568 5621 3829 5687 τοιοῦτον,

2250 5707 2345 5760 καὶ
2382 5708 2701 5777 ὠνομάζετο
2759 5710 3204 5780 δευτερόπρωτον
3237 5712 3297 5765 τὸ
3322 5713 3603 5768 Σάῦϐατον
3633 5717 3826 5767 έκεῖνο.

2251 5801 2607 5871 Δίτιωμένοις
2635 5802 2693 5855 δὲ
2739 5808 2852 5865 τοῖς
2903 5804 3215 5874 Φαρισαίοις
3277 5807 3401 5870 τοὺς
3441 5807 3714 5877 μαθητὰς,
3750 5807 3826 5859 δτι

2253 5892 2310 5945 ἐν
2346 5892 2421 5962 τῷ
2485 5893 2747 5965 Σαϐϐάτῳ
2779 5892 2962 5965 ἢσθιον
3000 5897 3289 5963 τίλλοντες,
3350 5899 3634 5955 τουτῗστιν
3697 5900 3827 5952 δινα-⁴
