  <div class='ocr_page' id='page_1' title='image "/cluster/home/n/w/nwhite01/storage/ocr_20150623/123/ien.35556001659978/390.png"; bbox 0 0 4028 6416; ppageno 0'>
   <div class='ocr_carea' id='block_1_1' title="bbox 240 507 352 571">
    <p class='ocr_par' dir='ltr' id='par_1_1' title="bbox 240 507 352 571">
     <span class='ocr_line' id='line_1_1' title="bbox 240 507 352 571; baseline -0.018 0"><span class='ocrx_word' id='word_1_1' title='bbox 240 507 352 571; x_wconf 77' lang='lat'><strong>760</strong></span> 
     </span>
    </p>
   </div>
   <div class='ocr_carea' id='block_1_2' title="bbox 962 495 1834 564">
    <p class='ocr_par' dir='ltr' id='par_1_2' title="bbox 962 498 1833 564">
     <span class='ocr_line' id='line_1_2' title="bbox 962 498 1833 564; baseline -0.003 0"><span class='ocrx_word' id='word_1_2' title='bbox 962 500 1416 564; x_wconf 80' lang='lat' dir='ltr'><strong>ENARRATIO</strong></span> <span class='ocrx_word' id='word_1_3' title='bbox 1461 499 1539 559; x_wconf 75' lang='grc' dir='ltr'><strong>ΙΝ</strong></span> <span class='ocrx_word' id='word_1_4' title='bbox 1579 498 1833 562; x_wconf 81' lang='lat' dir='ltr'><strong>EVANG</strong></span> 
     </span>
    </p>
   </div>
   <div class='ocr_carea' id='block_1_3' title="bbox 1947 495 2793 564">
    <p class='ocr_par' dir='ltr' id='par_1_3' title="bbox 1947 495 2793 561">
     <span class='ocr_line' id='line_1_3' title="bbox 1947 495 2793 561; baseline -0.005 -1"><span class='ocrx_word' id='word_1_5' title='bbox 1947 498 2099 560; x_wconf 83' lang='lat' dir='ltr'><strong>[UM</strong></span> <span class='ocrx_word' id='word_1_6' title='bbox 2140 497 2379 561; x_wconf 56' lang='lat' dir='ltr'><strong>LUCZE.</strong></span> <span class='ocrx_word' id='word_1_7' title='bbox 2401 522 2464 532; x_wconf 87' lang='grc'><strong><em>-</em></strong></span> <span class='ocrx_word' id='word_1_8' title='bbox 2490 495 2654 559; x_wconf 83' lang='lat' dir='ltr'><strong>CAP.</strong></span> <span class='ocrx_word' id='word_1_9' title='bbox 2692 496 2793 559; x_wconf 88' lang='lat' dir='ltr'><strong>VI.</strong></span> 
     </span>
    </p>
   </div>
   <div class='ocr_carea' id='block_1_4' title="bbox 3447 492 3555 556">
    <p class='ocr_par' dir='ltr' id='par_1_4' title="bbox 3447 492 3555 556">
     <span class='ocr_line' id='line_1_4' title="bbox 3447 492 3555 556; baseline 0.009 -1"><span class='ocrx_word' id='word_1_10' title='bbox 3447 492 3555 556; x_wconf 87' lang='lat'><strong>770</strong></span> 
     </span>
    </p>
   </div>
   <div class='ocr_carea' id='block_1_5' title="bbox 242 610 1834 689">
    <p class='ocr_par' dir='ltr' id='par_1_5' title="bbox 242 615 1834 689">
     <span class='ocr_line' id='line_1_5' title="bbox 242 615 1834 689; baseline -0.004 -15"><span class='ocrx_word' id='word_1_11' title='bbox 242 621 493 684; x_wconf 82' lang='grc' dir='ltr'><strong>σπῶντες</strong></span> <span class='ocrx_word' id='word_1_12' title='bbox 533 618 661 679; x_wconf 77' lang='grc' dir='ltr'>τοὺς</span> <span class='ocrx_word' id='word_1_13' title='bbox 719 616 980 689; x_wconf 82' lang='grc' dir='ltr'>στάχυας,</span> <span class='ocrx_word' id='word_1_14' title='bbox 1020 619 1115 670; x_wconf 76' lang='grc' dir='ltr'><strong>καὶ</strong></span> <span class='ocrx_word' id='word_1_15' title='bbox 1164 616 1466 687; x_wconf 77' lang='grc' dir='ltr'><strong>ψώχοντες,</strong></span> <span class='ocrx_word' id='word_1_16' title='bbox 1504 616 1533 669; x_wconf 83' lang='grc' dir='ltr'><strong>ὃ</strong></span> <span class='ocrx_word' id='word_1_17' title='bbox 1571 615 1688 668; x_wconf 81' lang='grc' dir='ltr'>ἔστι</span> <span class='ocrx_word' id='word_1_18' title='bbox 1732 615 1834 684; x_wconf 88' lang='grc' dir='ltr'>τρί-</span> 
     </span>
    </p>
   </div>
   <div class='ocr_carea' id='block_1_6' title="bbox 1947 610 3556 689">
    <p class='ocr_par' dir='ltr' id='par_1_6' title="bbox 1956 610 3556 681">
     <span class='ocr_line' id='line_1_6' title="bbox 1956 610 3556 681; baseline -0.001 -13"><span class='ocrx_word' id='word_1_19' title='bbox 1956 616 2140 681; x_wconf 88' lang='lat' dir='ltr'><strong>nibus,</strong></span> <span class='ocrx_word' id='word_1_20' title='bbox 2175 614 2396 668; x_wconf 86' lang='lat' dir='ltr'><strong>adducit</strong></span> <span class='ocrx_word' id='word_1_21' title='bbox 2420 613 2689 667; x_wconf 80' lang='lat' dir='ltr'><strong>Dominus</strong></span> <span class='ocrx_word' id='word_1_22' title='bbox 2721 610 2890 667; x_wconf 84' lang='lat' dir='ltr'><strong>David</strong></span> <span class='ocrx_word' id='word_1_23' title='bbox 2917 611 3254 666; x_wconf 81' lang='lat' dir='ltr'><strong>esurientem</strong></span> <span class='ocrx_word' id='word_1_24' title='bbox 3287 619 3341 665; x_wconf 89' lang='lat' dir='ltr'><strong>et</strong></span> <span class='ocrx_word' id='word_1_25' title='bbox 3369 626 3556 667; x_wconf 87' lang='lat' dir='ltr'><strong>come-</strong></span> 
     </span>
    </p>
   </div>
   <div class='ocr_carea' id='block_1_7' title="bbox 243 706 1843 783">
    <p class='ocr_par' dir='ltr' id='par_1_7' title="bbox 243 706 1843 783">
     <span class='ocr_line' id='line_1_7' title="bbox 243 706 1843 783; baseline -0.006 -17"><span class='ocrx_word' id='word_1_26' title='bbox 243 714 439 775; x_wconf 77' lang='grc' dir='ltr'>ϐοντις</span> <span class='ocrx_word' id='word_1_27' title='bbox 478 714 601 776; x_wconf 77' lang='grc' dir='ltr'>ταῖς</span> <span class='ocrx_word' id='word_1_28' title='bbox 622 711 799 783; x_wconf 74' lang='grc' dir='ltr'>χερσὶ,</span> <span class='ocrx_word' id='word_1_29' title='bbox 835 714 1076 780; x_wconf 82' lang='grc' dir='ltr'><strong>παράγει</strong></span> <span class='ocrx_word' id='word_1_30' title='bbox 1111 710 1138 762; x_wconf 97' lang='lat'><strong>6</strong></span> <span class='ocrx_word' id='word_1_31' title='bbox 1161 708 1369 779; x_wconf 83' lang='grc' dir='ltr'>Κύριος</span> <span class='ocrx_word' id='word_1_32' title='bbox 1396 707 1485 759; x_wconf 80' lang='grc' dir='ltr'><strong>τὸν</strong></span> <span class='ocrx_word' id='word_1_33' title='bbox 1515 706 1697 769; x_wconf 79' lang='grc' dir='ltr'>Δαυτδ,</span> <span class='ocrx_word' id='word_1_34' title='bbox 1726 722 1843 758; x_wconf 86' lang='grc' dir='ltr'>πει-</span> 
     </span>
    </p>
   </div>
   <div class='ocr_carea' id='block_1_8' title="bbox 238 796 1838 871">
    <p class='ocr_par' dir='ltr' id='par_1_8' title="bbox 238 796 1838 871">
     <span class='ocr_line' id='line_1_8' title="bbox 238 796 1838 871; baseline -0.008 -13"><span class='ocrx_word' id='word_1_35' title='bbox 238 806 487 858; x_wconf 84' lang='grc' dir='ltr'>νάσαντα</span> <span class='ocrx_word' id='word_1_36' title='bbox 530 804 624 857; x_wconf 78' lang='grc' dir='ltr'><strong>καὶ</strong></span> <span class='ocrx_word' id='word_1_37' title='bbox 650 801 894 871; x_wconf 79' lang='grc' dir='ltr'><strong>φαγόντα</strong></span> <span class='ocrx_word' id='word_1_38' title='bbox 926 802 1050 862; x_wconf 79' lang='grc' dir='ltr'>τοὺς</span> <span class='ocrx_word' id='word_1_39' title='bbox 1106 800 1307 869; x_wconf 82' lang='grc' dir='ltr'><strong>ἄρτους</strong></span> <span class='ocrx_word' id='word_1_40' title='bbox 1338 799 1437 869; x_wconf 81' lang='grc' dir='ltr'>τῆς</span> <span class='ocrx_word' id='word_1_41' title='bbox 1507 796 1838 867; x_wconf 81' lang='grc' dir='ltr'><strong>προθέσεως.</strong></span> 
     </span>
    </p>
   </div>
   <div class='ocr_carea' id='block_1_9' title="bbox 240 888 1843 965">
    <p class='ocr_par' dir='ltr' id='par_1_9' title="bbox 240 888 1843 965">
     <span class='ocr_line' id='line_1_9' title="bbox 240 888 1843 965; baseline -0.007 -15"><span class='ocrx_word' id='word_1_42' title='bbox 240 895 469 964; x_wconf 80' lang='grc' dir='ltr'>Φεύγων</span> <span class='ocrx_word' id='word_1_43' title='bbox 528 896 638 965; x_wconf 85' lang='grc' dir='ltr'><strong>γάρ</strong></span> <span class='ocrx_word' id='word_1_44' title='bbox 678 894 769 947; x_wconf 65' lang='grc' dir='ltr'><strong>τὸν</strong></span> <span class='ocrx_word' id='word_1_45' title='bbox 807 893 1005 957; x_wconf 78' lang='grc' dir='ltr'>Σαοὺλ,</span> <span class='ocrx_word' id='word_1_46' title='bbox 1057 891 1397 962; x_wconf 87' lang='grc' dir='ltr'>παρεγένετο</span> <span class='ocrx_word' id='word_1_47' title='bbox 1451 891 1530 953; x_wconf 83' lang='grc' dir='ltr'><strong>είς</strong></span> <span class='ocrx_word' id='word_1_48' title='bbox 1579 888 1843 958; x_wconf 71' lang='grc' dir='ltr'>Ἀϐιάθαρ</span> 
     </span>
    </p>
   </div>
   <div class='ocr_carea' id='block_1_10' title="bbox 237 982 1844 1059">
    <p class='ocr_par' dir='ltr' id='par_1_10' title="bbox 237 982 1844 1059">
     <span class='ocr_line' id='line_1_10' title="bbox 237 982 1844 1059; baseline -0.004 -17"><span class='ocrx_word' id='word_1_49' title='bbox 237 991 331 1043; x_wconf 60' lang='grc' dir='ltr'>τὸν</span> <span class='ocrx_word' id='word_1_50' title='bbox 368 989 657 1059; x_wconf 79' lang='grc' dir='ltr'><strong>ἀρχιερέα,</strong></span> <span class='ocrx_word' id='word_1_51' title='bbox 683 987 777 1038; x_wconf 67' lang='grc' dir='ltr'>καὶ</span> <span class='ocrx_word' id='word_1_52' title='bbox 808 985 1094 1055; x_wconf 75' lang='grc' dir='ltr'><strong>ἠπάτησεν</strong></span> <span class='ocrx_word' id='word_1_53' title='bbox 1122 985 1284 1037; x_wconf 81' lang='grc' dir='ltr'>αὑτὸν</span> <span class='ocrx_word' id='word_1_54' title='bbox 1318 984 1515 1051; x_wconf 78' lang='grc' dir='ltr'>λέγων,</span> <span class='ocrx_word' id='word_1_55' title='bbox 1550 983 1630 1044; x_wconf 84' lang='grc' dir='ltr'>ὡς</span> <span class='ocrx_word' id='word_1_56' title='bbox 1678 982 1787 1051; x_wconf 81' lang='grc' dir='ltr'>ἄρα</span> <span class='ocrx_word' id='word_1_57' title='bbox 1816 984 1844 1035; x_wconf 98' lang='lat'><strong>6</strong></span> 
     </span>
    </p>
   </div>
   <div class='ocr_carea' id='block_1_11' title="bbox 242 1075 1844 1154">
    <p class='ocr_par' dir='ltr' id='par_1_11' title="bbox 242 1075 1844 1154">
     <span class='ocr_line' id='line_1_11' title="bbox 242 1075 1844 1154; baseline -0.004 -20"><span class='ocrx_word' id='word_1_58' title='bbox 242 1082 502 1154; x_wconf 79' lang='grc' dir='ltr'>βασιλεὺς</span> <span class='ocrx_word' id='word_1_59' title='bbox 564 1078 886 1132; x_wconf 81' lang='grc' dir='ltr'>ἀποστέλλει</span> <span class='ocrx_word' id='word_1_60' title='bbox 939 1078 1102 1130; x_wconf 82' lang='grc' dir='ltr'>αὐτὸν</span> <span class='ocrx_word' id='word_1_61' title='bbox 1162 1077 1257 1128; x_wconf 83' lang='grc' dir='ltr'><strong>ὲπί</strong></span> <span class='ocrx_word' id='word_1_62' title='bbox 1308 1094 1362 1129; x_wconf 86' lang='grc' dir='ltr'><strong>τι</strong></span> <span class='ocrx_word' id='word_1_63' title='bbox 1411 1075 1844 1143; x_wconf 77' lang='grc' dir='ltr'>ἀναγκαιότατον</span> 
     </span>
    </p>
   </div>
   <div class='ocr_carea' id='block_1_12' title="bbox 239 1168 1839 1244">
    <p class='ocr_par' dir='ltr' id='par_1_12' title="bbox 239 1168 1839 1244">
     <span class='ocr_line' id='line_1_12' title="bbox 239 1168 1839 1244; baseline -0.005 -17"><span class='ocrx_word' id='word_1_64' title='bbox 239 1176 425 1244; x_wconf 75' lang='grc' dir='ltr'>ἔργον,</span> <span class='ocrx_word' id='word_1_65' title='bbox 461 1175 555 1226; x_wconf 81' lang='grc' dir='ltr'><strong>καὶ</strong></span> <span class='ocrx_word' id='word_1_66' title='bbox 593 1173 659 1241; x_wconf 87' lang='grc' dir='ltr'>δὴ</span> <span class='ocrx_word' id='word_1_67' title='bbox 696 1171 899 1223; x_wconf 78' lang='grc' dir='ltr'>πεινῶν</span> <span class='ocrx_word' id='word_1_68' title='bbox 932 1170 1096 1223; x_wconf 75' lang='grc' dir='ltr'>ἔλαϐε</span> <span class='ocrx_word' id='word_1_69' title='bbox 1148 1171 1247 1239; x_wconf 84' lang='grc' dir='ltr'><strong>μὲν</strong></span> <span class='ocrx_word' id='word_1_70' title='bbox 1278 1169 1433 1240; x_wconf 74' lang='grc' dir='ltr'>παρὰ</span> <span class='ocrx_word' id='word_1_71' title='bbox 1487 1169 1583 1220; x_wconf 81' lang='grc' dir='ltr'>τοῦ</span> <span class='ocrx_word' id='word_1_72' title='bbox 1649 1168 1839 1239; x_wconf 82' lang='grc' dir='ltr'><strong>ἱερέως</strong></span> 
     </span>
    </p>
   </div>
   <div class='ocr_carea' id='block_1_13' title="bbox 239 1260 1842 1333">
    <p class='ocr_par' dir='ltr' id='par_1_13' title="bbox 239 1260 1842 1333">
     <span class='ocr_line' id='line_1_13' title="bbox 239 1260 1842 1333; baseline -0.002 -17"><span class='ocrx_word' id='word_1_73' title='bbox 239 1266 487 1327; x_wconf 75' lang='grc' dir='ltr'>καὶτοὺς</span> <span class='ocrx_word' id='word_1_74' title='bbox 535 1264 733 1333; x_wconf 76' lang='grc' dir='ltr'>ἄρτους</span> <span class='ocrx_word' id='word_1_75' title='bbox 764 1266 863 1332; x_wconf 80' lang='grc' dir='ltr'>τῆς</span> <span class='ocrx_word' id='word_1_76' title='bbox 892 1262 1232 1332; x_wconf 82' lang='grc' dir='ltr'>προθέσεως,</span> <span class='ocrx_word' id='word_1_77' title='bbox 1292 1260 1385 1321; x_wconf 75' lang='grc' dir='ltr'><strong>οὓς</strong></span> <span class='ocrx_word' id='word_1_78' title='bbox 1426 1261 1551 1313; x_wconf 85' lang='grc' dir='ltr'>καθ’</span> <span class='ocrx_word' id='word_1_79' title='bbox 1602 1261 1842 1327; x_wconf 71' lang='grc' dir='ltr'>ἑκάστην</span> 
     </span>
    </p>
   </div>
   <div class='ocr_carea' id='block_1_14' title="bbox 239 1354 1842 1430">
    <p class='ocr_par' dir='ltr' id='par_1_14' title="bbox 239 1354 1842 1430">
     <span class='ocr_line' id='line_1_14' title="bbox 239 1354 1842 1430; baseline -0.004 -19"><span class='ocrx_word' id='word_1_80' title='bbox 239 1358 605 1430; x_wconf 78' lang='grc' dir='ltr'>προετίθεσαν</span> <span class='ocrx_word' id='word_1_81' title='bbox 635 1356 845 1410; x_wconf 85' lang='grc' dir='ltr'>δώδεκα</span> <span class='ocrx_word' id='word_1_82' title='bbox 884 1357 978 1407; x_wconf 71' lang='grc' dir='ltr'><strong>ἐπὶ</strong></span> <span class='ocrx_word' id='word_1_83' title='bbox 1015 1359 1114 1424; x_wconf 83' lang='grc' dir='ltr'>τῆς</span> <span class='ocrx_word' id='word_1_84' title='bbox 1150 1356 1299 1424; x_wconf 78' lang='grc' dir='ltr'>ἱερᾶς</span> <span class='ocrx_word' id='word_1_85' title='bbox 1349 1355 1652 1424; x_wconf 76' lang='grc' dir='ltr'><strong>τραπέζης,</strong></span> <span class='ocrx_word' id='word_1_86' title='bbox 1691 1354 1748 1418; x_wconf 74' lang='grc' dir='ltr'><strong>ἒξ</strong></span> <span class='ocrx_word' id='word_1_87' title='bbox 1777 1356 1842 1405; x_wconf 83' lang='grc' dir='ltr'>ὲκ</span> 
     </span>
    </p>
   </div>
   <div class='ocr_carea' id='block_1_15' title="bbox 236 1447 1842 1518">
    <p class='ocr_par' dir='ltr' id='par_1_15' title="bbox 236 1447 1842 1518">
     <span class='ocr_line' id='line_1_15' title="bbox 236 1447 1842 1518; baseline -0.005 -14"><span class='ocrx_word' id='word_1_88' title='bbox 236 1450 429 1517; x_wconf 80' lang='grc' dir='ltr'>δεξιῶν</span> <span class='ocrx_word' id='word_1_89' title='bbox 452 1452 549 1503; x_wconf 70' lang='grc' dir='ltr'>καὶ</span> <span class='ocrx_word' id='word_1_90' title='bbox 574 1449 635 1514; x_wconf 79' lang='grc' dir='ltr'>ἓξ</span> <span class='ocrx_word' id='word_1_91' title='bbox 668 1449 727 1513; x_wconf 81' lang='grc' dir='ltr'><strong>ἐξ</strong></span> <span class='ocrx_word' id='word_1_92' title='bbox 749 1447 1075 1518; x_wconf 85' lang='grc' dir='ltr'>εὐωνύμων.</span> <span class='ocrx_word' id='word_1_93' title='bbox 1112 1447 1322 1499; x_wconf 80' lang='grc' dir='ltr'>Ἔλαϐε</span> <span class='ocrx_word' id='word_1_94' title='bbox 1355 1447 1412 1499; x_wconf 84' lang='grc' dir='ltr'><strong>δὲ</strong></span> <span class='ocrx_word' id='word_1_95' title='bbox 1445 1448 1541 1499; x_wconf 68' lang='grc' dir='ltr'>καὶ</span> <span class='ocrx_word' id='word_1_96' title='bbox 1574 1447 1671 1517; x_wconf 80' lang='grc' dir='ltr'>τὴν</span> <span class='ocrx_word' id='word_1_97' title='bbox 1706 1450 1842 1517; x_wconf 77' lang='grc' dir='ltr'><strong>ῥομ-</strong></span> 
     </span>
    </p>
   </div>
   <div class='ocr_carea' id='block_1_16' title="bbox 236 1541 1841 1613">
    <p class='ocr_par' dir='ltr' id='par_1_16' title="bbox 236 1541 1841 1613">
     <span class='ocr_line' id='line_1_16' title="bbox 236 1541 1841 1613; baseline -0.002 -17"><span class='ocrx_word' id='word_1_98' title='bbox 236 1546 405 1613; x_wconf 71' lang='grc' dir='ltr'>φαίαν</span> <span class='ocrx_word' id='word_1_99' title='bbox 427 1544 523 1597; x_wconf 76' lang='grc' dir='ltr'>τοῦ</span> <span class='ocrx_word' id='word_1_100' title='bbox 557 1543 775 1596; x_wconf 85' lang='grc' dir='ltr'>Γολιάθ.</span> <span class='ocrx_word' id='word_1_101' title='bbox 802 1541 1022 1611; x_wconf 82' lang='grc' dir='ltr'>Ταύτην</span> <span class='ocrx_word' id='word_1_102' title='bbox 1048 1541 1147 1611; x_wconf 78' lang='grc' dir='ltr'>τὴν</span> <span class='ocrx_word' id='word_1_103' title='bbox 1184 1541 1426 1611; x_wconf 66' lang='grc' dir='ltr'>ἱστορίαν</span> <span class='ocrx_word' id='word_1_104' title='bbox 1453 1542 1623 1594; x_wconf 79' lang='grc' dir='ltr'>εἰπὼν</span> <span class='ocrx_word' id='word_1_105' title='bbox 1655 1543 1841 1603; x_wconf 76' lang='grc' dir='ltr'>αὐτοῖς</span> 
     </span>
    </p>
   </div>
   <div class='ocr_carea' id='block_1_17' title="bbox 234 1633 1839 1704">
    <p class='ocr_par' dir='ltr' id='par_1_17' title="bbox 234 1633 1839 1704">
     <span class='ocr_line' id='line_1_17' title="bbox 234 1633 1839 1704; baseline -0.001 -17"><span class='ocrx_word' id='word_1_106' title='bbox 234 1634 263 1687; x_wconf 80' lang='lat'><strong>6</strong></span> <span class='ocrx_word' id='word_1_107' title='bbox 295 1634 523 1704; x_wconf 82' lang='grc' dir='ltr'>Κύριος,</span> <span class='ocrx_word' id='word_1_108' title='bbox 582 1634 841 1704; x_wconf 81' lang='grc' dir='ltr'>ὲντρέπτι</span> <span class='ocrx_word' id='word_1_109' title='bbox 893 1633 1094 1694; x_wconf 74' lang='grc' dir='ltr'>αὐτοὺς</span> <span class='ocrx_word' id='word_1_110' title='bbox 1148 1633 1256 1685; x_wconf 76' lang='grc' dir='ltr'><strong>ἀπὸ</strong></span> <span class='ocrx_word' id='word_1_111' title='bbox 1309 1634 1407 1700; x_wconf 78' lang='grc' dir='ltr'><strong>τῆς</strong></span> <span class='ocrx_word' id='word_1_112' title='bbox 1441 1633 1694 1703; x_wconf 82' lang='grc' dir='ltr'>πράξεως</span> <span class='ocrx_word' id='word_1_113' title='bbox 1745 1634 1839 1685; x_wconf 76' lang='grc' dir='ltr'><strong>τοῦ</strong></span> 
     </span>
    </p>
   </div>
   <div class='ocr_carea' id='block_1_18' title="bbox 233 1725 1840 1798">
    <p class='ocr_par' dir='ltr' id='par_1_18' title="bbox 233 1725 1840 1798">
     <span class='ocr_line' id='line_1_18' title="bbox 233 1725 1840 1798; baseline -0.001 -19"><span class='ocrx_word' id='word_1_114' title='bbox 233 1729 420 1784; x_wconf 72' lang='grc' dir='ltr'>Δαυῖδ.</span> <span class='ocrx_word' id='word_1_115' title='bbox 461 1729 523 1781; x_wconf 80' lang='lat' dir='ltr'><strong>El</strong></span> <span class='ocrx_word' id='word_1_116' title='bbox 567 1728 676 1798; x_wconf 80' lang='grc' dir='ltr'><strong>γάρ</strong></span> <span class='ocrx_word' id='word_1_117' title='bbox 716 1727 807 1780; x_wconf 80' lang='grc' dir='ltr'><strong>τὸν</strong></span> <span class='ocrx_word' id='word_1_118' title='bbox 845 1725 1029 1791; x_wconf 80' lang='grc' dir='ltr'>Δαυῒδ,</span> <span class='ocrx_word' id='word_1_119' title='bbox 1089 1727 1246 1795; x_wconf 60' lang='grc' dir='ltr'>φησι,</span> <span class='ocrx_word' id='word_1_120' title='bbox 1282 1728 1503 1794; x_wconf 82' lang='grc' dir='ltr'>τιμᾶτε,</span> <span class='ocrx_word' id='word_1_121' title='bbox 1560 1727 1678 1785; x_wconf 83' lang='grc' dir='ltr'><strong>πῶς</strong></span> <span class='ocrx_word' id='word_1_122' title='bbox 1712 1726 1840 1788; x_wconf 78' lang='grc' dir='ltr'>τοὺς</span> 
     </span>
    </p>
   </div>
   <div class='ocr_carea' id='block_1_19' title="bbox 232 1818 1834 1890">
    <p class='ocr_par' dir='ltr' id='par_1_19' title="bbox 232 1818 1834 1890">
     <span class='ocr_line' id='line_1_19' title="bbox 232 1818 1834 1890; baseline -0.002 -17"><span class='ocrx_word' id='word_1_123' title='bbox 232 1822 403 1890; x_wconf 75' lang='grc' dir='ltr'>ἐμοὺς</span> <span class='ocrx_word' id='word_1_124' title='bbox 440 1820 801 1890; x_wconf 85' lang='grc' dir='ltr'>κατακρίνετε</span> <span class='ocrx_word' id='word_1_125' title='bbox 849 1818 1141 1887; x_wconf 83' lang='grc' dir='ltr'>μαθητάς;</span> <span class='ocrx_word' id='word_1_126' title='bbox 1177 1818 1387 1880; x_wconf 76' lang='grc' dir='ltr'>Ἀλλως</span> <span class='ocrx_word' id='word_1_127' title='bbox 1415 1835 1498 1880; x_wconf 89' lang='grc' dir='ltr'><strong>τε,</strong></span> <span class='ocrx_word' id='word_1_128' title='bbox 1528 1819 1555 1870; x_wconf 94' lang='lat'><strong>6</strong></span> <span class='ocrx_word' id='word_1_129' title='bbox 1581 1818 1710 1879; x_wconf 80' lang='grc' dir='ltr'>Υἱὸς</span> <span class='ocrx_word' id='word_1_130' title='bbox 1742 1819 1834 1869; x_wconf 64' lang='grc' dir='ltr'>τοῦ</span> 
     </span>
    </p>
   </div>
   <div class='ocr_carea' id='block_1_20' title="bbox 232 1908 1835 1983">
    <p class='ocr_par' dir='ltr' id='par_1_20' title="bbox 232 1908 1835 1983">
     <span class='ocr_line' id='line_1_20' title="bbox 232 1908 1835 1983; baseline -0.002 -17"><span class='ocrx_word' id='word_1_131' title='bbox 232 1913 553 1983; x_wconf 76' lang='grc' dir='ltr'>ἀνθρώπου,</span> <span class='ocrx_word' id='word_1_132' title='bbox 594 1911 876 1964; x_wconf 81' lang='grc' dir='ltr'>τουτέστιν</span> <span class='ocrx_word' id='word_1_133' title='bbox 919 1910 1052 1979; x_wconf 80' lang='grc' dir='ltr'>ἐγὼ,</span> <span class='ocrx_word' id='word_1_134' title='bbox 1086 1910 1292 1981; x_wconf 76' lang='grc' dir='ltr'>Κύριός</span> <span class='ocrx_word' id='word_1_135' title='bbox 1340 1912 1455 1981; x_wconf 85' lang='grc' dir='ltr'>είμι</span> <span class='ocrx_word' id='word_1_136' title='bbox 1488 1908 1585 1962; x_wconf 77' lang='grc' dir='ltr'>τοῦ</span> <span class='ocrx_word' id='word_1_137' title='bbox 1616 1909 1835 1963; x_wconf 84' lang='grc' dir='ltr'>Σαϐϐά-</span> 
     </span>
    </p>
   </div>
   <div class='ocr_carea' id='block_1_21' title="bbox 1952 704 3558 775">
    <p class='ocr_par' dir='ltr' id='par_1_21' title="bbox 1952 704 3558 775">
     <span class='ocr_line' id='line_1_21' title="bbox 1952 704 3558 775; baseline -0.001 -14"><span class='ocrx_word' id='word_1_138' title='bbox 1952 708 2169 761; x_wconf 89' lang='lat' dir='ltr'><strong>dentem</strong></span> <span class='ocrx_word' id='word_1_139' title='bbox 2204 720 2370 774; x_wconf 87' lang='lat' dir='ltr'><strong>panes</strong></span> <span class='ocrx_word' id='word_1_140' title='bbox 2396 704 2815 775; x_wconf 77' lang='lat' dir='ltr'><strong>propositionis,</strong></span> <span class='ocrx_word' id='word_1_141' title='bbox 2839 716 2979 771; x_wconf 88' lang='lat' dir='ltr'><strong>quos</strong></span> <span class='ocrx_word' id='word_1_142' title='bbox 3011 704 3393 772; x_wconf 76' lang='lat' dir='ltr'><strong>proponebant</strong></span> <span class='ocrx_word' id='word_1_143' title='bbox 3418 720 3558 772; x_wconf 84' lang='lat' dir='ltr'><strong>quo-</strong></span> 
     </span>
    </p>
   </div>
   <div class='ocr_carea' id='block_1_22' title="bbox 1951 796 3559 871">
    <p class='ocr_par' dir='ltr' id='par_1_22' title="bbox 1951 796 3559 871">
     <span class='ocr_line' id='line_1_22' title="bbox 1951 796 3559 871; baseline -0.002 -17"><span class='ocrx_word' id='word_1_144' title='bbox 1951 802 2099 856; x_wconf 89' lang='lat' dir='ltr'><strong>tidie.</strong></span> <span class='ocrx_word' id='word_1_145' title='bbox 2126 799 2362 871; x_wconf 87' lang='lat' dir='ltr'><strong>Fugiens</strong></span> <span class='ocrx_word' id='word_1_146' title='bbox 2375 800 2521 855; x_wconf 88' lang='lat' dir='ltr'><strong>enim</strong></span> <span class='ocrx_word' id='word_1_147' title='bbox 2544 798 2711 869; x_wconf 80' lang='lat'><strong>310</strong></span> <span class='ocrx_word' id='word_1_148' title='bbox 2734 816 2763 851; x_wconf 86' lang='lat' dir='ltr'><strong>a</strong></span> <span class='ocrx_word' id='word_1_149' title='bbox 2790 796 3273 852; x_wconf 83' lang='lat' dir='ltr'><strong>Saulvenicbatad</strong></span> <span class='ocrx_word' id='word_1_150' title='bbox 3292 796 3559 851; x_wconf 82' lang='lat' dir='ltr'><strong>Abiathar</strong></span> 
     </span>
    </p>
   </div>
   <div class='ocr_carea' id='block_1_23' title="bbox 1951 891 3558 965">
    <p class='ocr_par' dir='ltr' id='par_1_23' title="bbox 1951 891 3558 965">
     <span class='ocr_line' id='line_1_23' title="bbox 1951 891 3558 965; baseline -0.001 -18"><span class='ocrx_word' id='word_1_151' title='bbox 1951 894 2285 965; x_wconf 83' lang='lat' dir='ltr'><strong>pontiﬁcem,</strong></span> <span class='ocrx_word' id='word_1_152' title='bbox 2312 904 2365 948; x_wconf 88' lang='lat' dir='ltr'><strong>et</strong></span> <span class='ocrx_word' id='word_1_153' title='bbox 2398 895 2614 961; x_wconf 76' lang='lat' dir='ltr'><strong>decepit</strong></span> <span class='ocrx_word' id='word_1_154' title='bbox 2638 908 2761 947; x_wconf 90' lang='lat' dir='ltr'><strong>eum</strong></span> <span class='ocrx_word' id='word_1_155' title='bbox 2786 891 2944 961; x_wconf 89' lang='lat' dir='ltr'><strong>quasi</strong></span> <span class='ocrx_word' id='word_1_156' title='bbox 2970 907 2999 945; x_wconf 92' lang='lat' dir='ltr'><strong>a</strong></span> <span class='ocrx_word' id='word_1_157' title='bbox 3036 906 3161 962; x_wconf 86' lang='lat' dir='ltr'><strong>rege</strong></span> <span class='ocrx_word' id='word_1_158' title='bbox 3186 892 3388 946; x_wconf 85' lang='lat' dir='ltr'><strong>missus</strong></span> <span class='ocrx_word' id='word_1_159' title='bbox 3410 902 3558 946; x_wconf 84' lang='lat' dir='ltr'><strong>esset</strong></span> 
     </span>
    </p>
   </div>
   <div class='ocr_carea' id='block_1_24' title="bbox 1950 985 3557 1057">
    <p class='ocr_par' dir='ltr' id='par_1_24' title="bbox 1950 985 3557 1057">
     <span class='ocr_line' id='line_1_24' title="bbox 1950 985 3557 1057; baseline -0.001 -16"><span class='ocrx_word' id='word_1_160' title='bbox 1950 989 2005 1042; x_wconf 90' lang='lat' dir='ltr'><strong>in</strong></span> <span class='ocrx_word' id='word_1_161' title='bbox 2038 1003 2173 1055; x_wconf 81' lang='lat' dir='ltr'><strong>Opus</strong></span> <span class='ocrx_word' id='word_1_162' title='bbox 2204 987 2476 1057; x_wconf 76' lang='lat' dir='ltr'><strong>quoddam</strong></span> <span class='ocrx_word' id='word_1_163' title='bbox 2507 988 2907 1052; x_wconf 83' lang='lat' dir='ltr'><strong>necessarium,</strong></span> <span class='ocrx_word' id='word_1_164' title='bbox 2966 995 3022 1038; x_wconf 88' lang='lat' dir='ltr'><strong>et</strong></span> <span class='ocrx_word' id='word_1_165' title='bbox 3060 985 3313 1039; x_wconf 82' lang='lat' dir='ltr'><strong>esuriens</strong></span> <span class='ocrx_word' id='word_1_166' title='bbox 3347 985 3557 1052; x_wconf 84' lang='lat' dir='ltr'><strong>accepit</strong></span> 
     </span>
    </p>
   </div>
   <div class='ocr_carea' id='block_1_25' title="bbox 1948 1078 3560 1150">
    <p class='ocr_par' dir='ltr' id='par_1_25' title="bbox 1948 1078 3560 1150">
     <span class='ocr_line' id='line_1_25' title="bbox 1948 1078 3560 1150; baseline -0.002 -15"><span class='ocrx_word' id='word_1_167' title='bbox 1948 1098 1975 1135; x_wconf 91' lang='lat' dir='ltr'><strong>a</strong></span> <span class='ocrx_word' id='word_1_168' title='bbox 2011 1082 2269 1150; x_wconf 76' lang='lat' dir='ltr'><strong>pontifice</strong></span> <span class='ocrx_word' id='word_1_169' title='bbox 2294 1080 2460 1135; x_wconf 89' lang='lat' dir='ltr'><strong>etiam</strong></span> <span class='ocrx_word' id='word_1_170' title='bbox 2505 1095 2673 1149; x_wconf 88' lang='lat' dir='ltr'><strong>panes</strong></span> <span class='ocrx_word' id='word_1_171' title='bbox 2702 1078 3118 1148; x_wconf 89' lang='lat' dir='ltr'><strong>pr0positionis,</strong></span> <span class='ocrx_word' id='word_1_172' title='bbox 3145 1093 3381 1147; x_wconf 89' lang='lat' dir='ltr'><strong>quorum</strong></span> <span class='ocrx_word' id='word_1_173' title='bbox 3414 1078 3560 1131; x_wconf 85' lang='lat' dir='ltr'><strong>duo-</strong></span> 
     </span>
    </p>
   </div>
   <div class='ocr_carea' id='block_1_26' title="bbox 1948 1168 3559 1239">
    <p class='ocr_par' dir='ltr' id='par_1_26' title="bbox 1948 1168 3559 1239">
     <span class='ocr_line' id='line_1_26' title="bbox 1948 1168 3559 1239; baseline -0.001 -16"><span class='ocrx_word' id='word_1_174' title='bbox 1948 1172 2123 1223; x_wconf 86' lang='lat' dir='ltr'><strong>decim</strong></span> <span class='ocrx_word' id='word_1_175' title='bbox 2156 1169 2403 1239; x_wconf 87' lang='lat' dir='ltr'><strong>quotidie</strong></span> <span class='ocrx_word' id='word_1_176' title='bbox 2460 1184 2627 1235; x_wconf 87' lang='lat' dir='ltr'><strong>super</strong></span> <span class='ocrx_word' id='word_1_177' title='bbox 2672 1183 2887 1224; x_wconf 80' lang='lat' dir='ltr'><strong>sacram</strong></span> <span class='ocrx_word' id='word_1_178' title='bbox 2946 1183 3196 1221; x_wconf 79' lang='lat' dir='ltr'><strong>mensam</strong></span> <span class='ocrx_word' id='word_1_179' title='bbox 3255 1168 3559 1237; x_wconf 80' lang='lat' dir='ltr'><strong>ponebant,</strong></span> 
     </span>
    </p>
   </div>
   <div class='ocr_carea' id='block_1_27' title="bbox 1949 1259 3560 1329">
    <p class='ocr_par' dir='ltr' id='par_1_27' title="bbox 1949 1259 3560 1329">
     <span class='ocr_line' id='line_1_27' title="bbox 1949 1259 3560 1329; baseline -0.001 -13"><span class='ocrx_word' id='word_1_180' title='bbox 1949 1277 2091 1316; x_wconf 83' lang='lat' dir='ltr'><strong>scxa</strong></span> <span class='ocrx_word' id='word_1_181' title='bbox 2122 1263 2353 1326; x_wconf 76' lang='lat' dir='ltr'><strong>dextris,</strong></span> <span class='ocrx_word' id='word_1_182' title='bbox 2380 1271 2435 1316; x_wconf 91' lang='lat' dir='ltr'><strong>et</strong></span> <span class='ocrx_word' id='word_1_183' title='bbox 2466 1277 2563 1314; x_wconf 80' lang='lat' dir='ltr'><strong>sex</strong></span> <span class='ocrx_word' id='word_1_184' title='bbox 2613 1277 2639 1314; x_wconf 91' lang='lat' dir='ltr'><strong>a</strong></span> <span class='ocrx_word' id='word_1_185' title='bbox 2690 1260 2955 1315; x_wconf 88' lang='lat' dir='ltr'><strong>sinistris.</strong></span> <span class='ocrx_word' id='word_1_186' title='bbox 2994 1259 3223 1329; x_wconf 77' lang='lat' dir='ltr'><strong>Accepit</strong></span> <span class='ocrx_word' id='word_1_187' title='bbox 3263 1270 3445 1315; x_wconf 86' lang='lat' dir='ltr'><strong>autem</strong></span> <span class='ocrx_word' id='word_1_188' title='bbox 3506 1268 3560 1315; x_wconf 84' lang='lat' dir='ltr'><strong>et</strong></span> 
     </span>
    </p>
   </div>
   <div class='ocr_carea' id='block_1_28' title="bbox 1948 1354 3555 1423">
    <p class='ocr_par' dir='ltr' id='par_1_28' title="bbox 1948 1354 3555 1423">
     <span class='ocr_line' id='line_1_28' title="bbox 1948 1354 3555 1423; baseline 0 -17"><span class='ocrx_word' id='word_1_189' title='bbox 1948 1356 2185 1423; x_wconf 69' lang='lat' dir='ltr'><strong>gladium</strong></span> <span class='ocrx_word' id='word_1_190' title='bbox 2212 1354 2453 1409; x_wconf 84' lang='lat' dir='ltr'><strong>Goliatlt.</strong></span> <span class='ocrx_word' id='word_1_191' title='bbox 2482 1354 2633 1409; x_wconf 84' lang='lat' dir='ltr'><strong>lianc</strong></span> <span class='ocrx_word' id='word_1_192' title='bbox 2660 1355 2945 1409; x_wconf 84' lang='lat' dir='ltr'><strong>historiam</strong></span> <span class='ocrx_word' id='word_1_193' title='bbox 2973 1355 3113 1408; x_wconf 78' lang='lat' dir='ltr'><strong>dixit</strong></span> <span class='ocrx_word' id='word_1_194' title='bbox 3145 1354 3251 1408; x_wconf 90' lang='lat' dir='ltr'><strong>illis</strong></span> <span class='ocrx_word' id='word_1_195' title='bbox 3274 1355 3555 1419; x_wconf 77' lang='lat' dir='ltr'><strong>Dominus,</strong></span> 
     </span>
    </p>
   </div>
   <div class='ocr_carea' id='block_1_29' title="bbox 1945 1446 3556 1513">
    <p class='ocr_par' dir='ltr' id='par_1_29' title="bbox 1945 1446 3556 1513">
     <span class='ocr_line' id='line_1_29' title="bbox 1945 1446 3556 1513; baseline 0 -12"><span class='ocrx_word' id='word_1_196' title='bbox 1945 1460 2001 1501; x_wconf 92' lang='lat' dir='ltr'><strong>et</strong></span> <span class='ocrx_word' id='word_1_197' title='bbox 2049 1450 2304 1503; x_wconf 78' lang='lat' dir='ltr'><strong>admonet</strong></span> <span class='ocrx_word' id='word_1_198' title='bbox 2346 1464 2439 1503; x_wconf 90' lang='lat' dir='ltr'><strong>eos</strong></span> <span class='ocrx_word' id='word_1_199' title='bbox 2472 1466 2500 1502; x_wconf 92' lang='lat' dir='ltr'><strong>a</strong></span> <span class='ocrx_word' id='word_1_200' title='bbox 2539 1448 2684 1503; x_wconf 80' lang='lat' dir='ltr'><strong>iacto</strong></span> <span class='ocrx_word' id='word_1_201' title='bbox 2743 1448 2935 1502; x_wconf 85' lang='lat' dir='ltr'><strong>David.</strong></span> <span class='ocrx_word' id='word_1_202' title='bbox 2993 1446 3131 1500; x_wconf 86' lang='lat' dir='ltr'><strong>Nam</strong></span> <span class='ocrx_word' id='word_1_203' title='bbox 3189 1448 3232 1501; x_wconf 89' lang='lat' dir='ltr'><strong>si</strong></span> <span class='ocrx_word' id='word_1_204' title='bbox 3275 1448 3556 1513; x_wconf 75' lang='lat' dir='ltr'><strong>Duvidettt,</strong></span> 
     </span>
    </p>
   </div>
   <div class='ocr_carea' id='block_1_30' title="bbox 1948 1540 3561 1610">
    <p class='ocr_par' dir='ltr' id='par_1_30' title="bbox 1948 1540 3561 1610">
     <span class='ocr_line' id='line_1_30' title="bbox 1948 1540 3561 1610; baseline 0 -17"><span class='ocrx_word' id='word_1_205' title='bbox 1948 1540 2146 1607; x_wconf 64' lang='lat' dir='ltr'><strong>inquit,</strong></span> <span class='ocrx_word' id='word_1_206' title='bbox 2200 1542 2510 1603; x_wconf 81' lang='lat' dir='ltr'><strong>honoratis,</strong></span> <span class='ocrx_word' id='word_1_207' title='bbox 2546 1540 2825 1610; x_wconf 86' lang='lat' dir='ltr'><strong>quomodo</strong></span> <span class='ocrx_word' id='word_1_208' title='bbox 2853 1554 3004 1594; x_wconf 89' lang='lat' dir='ltr'><strong>meos</strong></span> <span class='ocrx_word' id='word_1_209' title='bbox 3034 1541 3416 1593; x_wconf 84' lang='lat' dir='ltr'><strong>condemnatis</strong></span> <span class='ocrx_word' id='word_1_210' title='bbox 3448 1542 3561 1594; x_wconf 64' lang='lat' dir='ltr'><strong>disc</strong></span> 
     </span>
    </p>
   </div>
   <div class='ocr_carea' id='block_1_31' title="bbox 1944 1631 3558 1702">
    <p class='ocr_par' dir='ltr' id='par_1_31' title="bbox 1944 1631 3558 1702">
     <span class='ocr_line' id='line_1_31' title="bbox 1944 1631 3558 1702; baseline -0.003 -15"><span class='ocrx_word' id='word_1_211' title='bbox 1944 1632 2199 1702; x_wconf 85' lang='lat' dir='ltr'><strong>cipulos?</strong></span> <span class='ocrx_word' id='word_1_212' title='bbox 2234 1631 2329 1687; x_wconf 87' lang='lat' dir='ltr'><strong>Vel</strong></span> <span class='ocrx_word' id='word_1_213' title='bbox 2386 1635 2565 1696; x_wconf 86' lang='lat' dir='ltr'><strong>aliter,</strong></span> <span class='ocrx_word' id='word_1_214' title='bbox 2623 1632 2796 1687; x_wconf 80' lang='lat' dir='ltr'><strong>Filius</strong></span> <span class='ocrx_word' id='word_1_215' title='bbox 2850 1632 3112 1696; x_wconf 83' lang='lat' dir='ltr'><strong>hominis,</strong></span> <span class='ocrx_word' id='word_1_216' title='bbox 3157 1633 3261 1687; x_wconf 88' lang='lat' dir='ltr'><strong>hoc</strong></span> <span class='ocrx_word' id='word_1_217' title='bbox 3290 1642 3396 1696; x_wconf 92' lang='lat' dir='ltr'><strong>est,</strong></span> <span class='ocrx_word' id='word_1_218' title='bbox 3432 1649 3558 1702; x_wconf 77' lang='lat' dir='ltr'><strong>ego,</strong></span> 
     </span>
    </p>
   </div>
   <div class='ocr_carea' id='block_1_32' title="bbox 1944 1722 3562 1787">
    <p class='ocr_par' dir='ltr' id='par_1_32' title="bbox 1944 1722 3562 1787">
     <span class='ocr_line' id='line_1_32' title="bbox 1944 1722 3562 1787; baseline 0.001 -10"><span class='ocrx_word' id='word_1_219' title='bbox 1944 1723 2209 1778; x_wconf 82' lang='lat' dir='ltr'><strong>Deminus</strong></span> <span class='ocrx_word' id='word_1_220' title='bbox 2275 1739 2394 1778; x_wconf 87' lang='lat' dir='ltr'><strong>sum</strong></span> <span class='ocrx_word' id='word_1_221' title='bbox 2452 1724 2703 1787; x_wconf 72' lang='lat' dir='ltr'><strong>Sabbati,</strong></span> <span class='ocrx_word' id='word_1_222' title='bbox 2741 1734 2799 1777; x_wconf 92' lang='lat' dir='ltr'><strong>ut</strong></span> <span class='ocrx_word' id='word_1_223' title='bbox 2845 1722 3113 1778; x_wconf 89' lang='lat' dir='ltr'><strong>Conditor</strong></span> <span class='ocrx_word' id='word_1_224' title='bbox 3155 1733 3209 1777; x_wconf 91' lang='lat' dir='ltr'><strong>et</strong></span> <span class='ocrx_word' id='word_1_225' title='bbox 3251 1723 3450 1778; x_wconf 87' lang='lat' dir='ltr'><strong>Factor</strong></span> <span class='ocrx_word' id='word_1_226' title='bbox 3507 1735 3562 1778; x_wconf 85' lang='lat' dir='ltr'><strong>et</strong></span> 
     </span>
    </p>
   </div>
   <div class='ocr_carea' id='block_1_33' title="bbox 1950 1816 3555 1887">
    <p class='ocr_par' dir='ltr' id='par_1_33' title="bbox 1950 1816 3555 1887">
     <span class='ocr_line' id='line_1_33' title="bbox 1950 1816 3555 1887; baseline 0.001 -16"><span class='ocrx_word' id='word_1_227' title='bbox 1950 1816 2278 1887; x_wconf 76' lang='lat' dir='ltr'><strong>Legislator,</strong></span> <span class='ocrx_word' id='word_1_228' title='bbox 2310 1827 2639 1885; x_wconf 80' lang='lat' dir='ltr'><strong>potestatem</strong></span> <span class='ocrx_word' id='word_1_229' title='bbox 2675 1817 2882 1871; x_wconf 85' lang='lat' dir='ltr'><strong>habens</strong></span> <span class='ocrx_word' id='word_1_230' title='bbox 2936 1817 3179 1872; x_wconf 84' lang='lat' dir='ltr'><strong>solvendi</strong></span> <span class='ocrx_word' id='word_1_231' title='bbox 3229 1816 3555 1874; x_wconf 87' lang='lat' dir='ltr'><strong>Sabbatnm.</strong></span> 
     </span>
    </p>
   </div>
   <div class='ocr_carea' id='block_1_34' title="bbox 1946 1910 3555 1980">
    <p class='ocr_par' dir='ltr' id='par_1_34' title="bbox 1946 1910 3555 1980">
     <span class='ocr_line' id='line_1_34' title="bbox 1946 1910 3555 1980; baseline 0.001 -15"><span class='ocrx_word' id='word_1_232' title='bbox 1946 1910 2115 1965; x_wconf 90' lang='lat' dir='ltr'><strong>Filius</strong></span> <span class='ocrx_word' id='word_1_233' title='bbox 2151 1914 2295 1967; x_wconf 92' lang='lat' dir='ltr'><strong>enim</strong></span> <span class='ocrx_word' id='word_1_234' title='bbox 2332 1912 2572 1965; x_wconf 83' lang='lat' dir='ltr'><strong>hominis</strong></span> <span class='ocrx_word' id='word_1_235' title='bbox 2616 1926 2725 1964; x_wconf 92' lang='lat' dir='ltr'><strong>non</strong></span> <span class='ocrx_word' id='word_1_236' title='bbox 2771 1911 2911 1965; x_wconf 90' lang='lat' dir='ltr'><strong>alius</strong></span> <span class='ocrx_word' id='word_1_237' title='bbox 2969 1922 3195 1965; x_wconf 82' lang='lat' dir='ltr'><strong>vocatus</strong></span> <span class='ocrx_word' id='word_1_238' title='bbox 3254 1923 3339 1966; x_wconf 90' lang='lat' dir='ltr'><strong>est</strong></span> <span class='ocrx_word' id='word_1_239' title='bbox 3387 1928 3555 1980; x_wconf 86' lang='lat' dir='ltr'><strong>quam</strong></span> 
     </span>
    </p>
   </div>
   <div class='ocr_carea' id='block_1_35' title="bbox 230 1970 1834 2073">
    <p class='ocr_par' dir='ltr' id='par_1_35' title="bbox 230 1970 1834 2073">
     <span class='ocr_line' id='line_1_35' title="bbox 230 1970 1834 2073; baseline -0.002 -18"><span class='ocrx_word' id='word_1_240' title='bbox 230 1970 357 2067; x_wconf 61' lang='lat' dir='ltr'><strong>tot),</strong></span> <span class='ocrx_word' id='word_1_241' title='bbox 388 2003 463 2065; x_wconf 83' lang='grc' dir='ltr'>ὡς</span> <span class='ocrx_word' id='word_1_242' title='bbox 490 1970 840 2073; x_wconf 78' lang='grc' dir='ltr'>Δημιουργὺς</span> <span class='ocrx_word' id='word_1_243' title='bbox 872 1970 970 2054; x_wconf 44' lang='grc' dir='ltr'>καὶ.</span> <span class='ocrx_word' id='word_1_244' title='bbox 1000 1970 1239 2071; x_wconf 59' lang='lat' dir='ltr'><strong>{latori};</strong></span> <span class='ocrx_word' id='word_1_245' title='bbox 1267 1970 1361 2054; x_wconf 64' lang='grc' dir='ltr'>καὶ</span> <span class='ocrx_word' id='word_1_246' title='bbox 1396 1970 1717 2070; x_wconf 44' lang='grc' dir='ltr'>λεσπὸτης,</span> <span class='ocrx_word' id='word_1_247' title='bbox 1744 2002 1834 2053; x_wconf 61' lang='grc' dir='ltr'>καὶ</span> 
     </span>
    </p>
   </div>
   <div class='ocr_carea' id='block_1_36' title="bbox 1947 1970 3560 2073">
    <p class='ocr_par' dir='ltr' id='par_1_36' title="bbox 1948 2000 3560 2071">
     <span class='ocr_line' id='line_1_36' title="bbox 1948 2000 3560 2071; baseline 0.001 -14"><span class='ocrx_word' id='word_1_248' title='bbox 1948 2002 2222 2067; x_wconf 91' lang='lat' dir='ltr'><strong>Christus,</strong></span> <span class='ocrx_word' id='word_1_249' title='bbox 2248 2003 2337 2071; x_wconf 91' lang='lat' dir='ltr'><strong>qui</strong></span> <span class='ocrx_word' id='word_1_250' title='bbox 2377 2017 2505 2055; x_wconf 89' lang='lat' dir='ltr'><strong>cum</strong></span> <span class='ocrx_word' id='word_1_251' title='bbox 2556 2012 2703 2056; x_wconf 85' lang='lat' dir='ltr'><strong>esset</strong></span> <span class='ocrx_word' id='word_1_252' title='bbox 2758 2000 2931 2056; x_wconf 85' lang='lat' dir='ltr'><strong>Filius</strong></span> <span class='ocrx_word' id='word_1_253' title='bbox 2960 2000 3077 2065; x_wconf 83' lang='lat' dir='ltr'><strong>Dei,</strong></span> <span class='ocrx_word' id='word_1_254' title='bbox 3110 2002 3437 2058; x_wconf 73' lang='lat' dir='ltr'><strong>mirabiliter</strong></span> <span class='ocrx_word' id='word_1_255' title='bbox 3472 2004 3560 2058; x_wconf 86' lang='lat' dir='ltr'><strong>di-</strong></span> 
     </span>
    </p>
   </div>
   <div class='ocr_carea' id='block_1_37' title="bbox 230 2094 1841 2165">
    <p class='ocr_par' dir='ltr' id='par_1_37' title="bbox 230 2094 1841 2165">
     <span class='ocr_line' id='line_1_37' title="bbox 230 2094 1841 2165; baseline -0.001 -14"><span class='ocrx_word' id='word_1_256' title='bbox 230 2094 560 2165; x_wconf 81' lang='grc' dir='ltr'>νομοθέτης,</span> <span class='ocrx_word' id='word_1_257' title='bbox 616 2094 870 2161; x_wconf 73' lang='grc' dir='ltr'>ἐξουσίαν</span> <span class='ocrx_word' id='word_1_258' title='bbox 914 2096 1054 2165; x_wconf 80' lang='grc' dir='ltr'>ἔχων</span> <span class='ocrx_word' id='word_1_259' title='bbox 1100 2095 1397 2147; x_wconf 81' lang='grc' dir='ltr'>καταλύειν</span> <span class='ocrx_word' id='word_1_260' title='bbox 1430 2097 1489 2148; x_wconf 79' lang='grc' dir='ltr'><strong>τὸ</strong></span> <span class='ocrx_word' id='word_1_261' title='bbox 1537 2095 1841 2150; x_wconf 82' lang='grc' dir='ltr'>Σάϐϐατον.</span> 
     </span>
    </p>
   </div>
   <div class='ocr_carea' id='block_1_38' title="bbox 228 2188 1841 2261">
    <p class='ocr_par' dir='ltr' id='par_1_38' title="bbox 228 2188 1841 2261">
     <span class='ocr_line' id='line_1_38' title="bbox 228 2188 1841 2261; baseline 0.001 -19"><span class='ocrx_word' id='word_1_262' title='bbox 228 2188 363 2251; x_wconf 74' lang='grc' dir='ltr'>Υἱὸς</span> <span class='ocrx_word' id='word_1_263' title='bbox 401 2190 511 2258; x_wconf 78' lang='grc' dir='ltr'><strong>γάρ</strong></span> <span class='ocrx_word' id='word_1_264' title='bbox 543 2188 838 2258; x_wconf 83' lang='grc' dir='ltr'>ἀνθρώπου</span> <span class='ocrx_word' id='word_1_265' title='bbox 895 2189 995 2240; x_wconf 81' lang='grc' dir='ltr'><strong>οὐκ</strong></span> <span class='ocrx_word' id='word_1_266' title='bbox 1038 2188 1198 2251; x_wconf 79' lang='grc' dir='ltr'>ἄλλος</span> <span class='ocrx_word' id='word_1_267' title='bbox 1243 2188 1309 2241; x_wconf 87' lang='grc' dir='ltr'>ἂν</span> <span class='ocrx_word' id='word_1_268' title='bbox 1334 2188 1585 2259; x_wconf 83' lang='grc' dir='ltr'>κληθείη,</span> <span class='ocrx_word' id='word_1_269' title='bbox 1613 2192 1661 2243; x_wconf 89' lang='grc' dir='ltr'><strong>εί</strong></span> <span class='ocrx_word' id='word_1_270' title='bbox 1712 2191 1787 2261; x_wconf 75' lang='grc' dir='ltr'><strong>μὴ</strong></span> <span class='ocrx_word' id='word_1_271' title='bbox 1814 2193 1841 2244; x_wconf 90' lang='lat'><strong>6</strong></span> 
     </span>
    </p>
   </div>
   <div class='ocr_carea' id='block_1_39' title="bbox 230 2277 1832 2351">
    <p class='ocr_par' dir='ltr' id='par_1_39' title="bbox 230 2277 1832 2351">
     <span class='ocr_line' id='line_1_39' title="bbox 230 2277 1832 2351; baseline 0.001 -18"><span class='ocrx_word' id='word_1_272' title='bbox 230 2278 495 2351; x_wconf 76' lang='grc' dir='ltr'>Χριστὸς,</span> <span class='ocrx_word' id='word_1_273' title='bbox 546 2278 605 2342; x_wconf 84' lang='grc' dir='ltr'>ὃς</span> <span class='ocrx_word' id='word_1_274' title='bbox 648 2278 773 2341; x_wconf 72' lang='grc' dir='ltr'>Υἱὸς</span> <span class='ocrx_word' id='word_1_275' title='bbox 806 2278 943 2332; x_wconf 77' lang='grc' dir='ltr'>Θεοῦ</span> <span class='ocrx_word' id='word_1_276' title='bbox 969 2277 1064 2345; x_wconf 85' lang='grc' dir='ltr'>ὣν,</span> <span class='ocrx_word' id='word_1_277' title='bbox 1103 2277 1428 2350; x_wconf 78' lang='grc' dir='ltr'>παραδόξως</span> <span class='ocrx_word' id='word_1_278' title='bbox 1491 2281 1832 2349; x_wconf 81' lang='grc' dir='ltr'>κατηξίωσε,</span> 
     </span>
    </p>
   </div>
   <div class='ocr_carea' id='block_1_40' title="bbox 230 2370 1835 2442">
    <p class='ocr_par' dir='ltr' id='par_1_40' title="bbox 230 2370 1835 2442">
     <span class='ocr_line' id='line_1_40' title="bbox 230 2370 1835 2442; baseline 0 -15"><span class='ocrx_word' id='word_1_279' title='bbox 230 2371 332 2427; x_wconf 78' lang='grc' dir='ltr'>καὶ</span> <span class='ocrx_word' id='word_1_280' title='bbox 390 2372 518 2435; x_wconf 77' lang='grc' dir='ltr'>Υἱὸς</span> <span class='ocrx_word' id='word_1_281' title='bbox 578 2370 875 2441; x_wconf 81' lang='grc' dir='ltr'>ἀνθρώπου</span> <span class='ocrx_word' id='word_1_282' title='bbox 929 2371 1000 2424; x_wconf 89' lang='grc' dir='ltr'>δι’</span> <span class='ocrx_word' id='word_1_283' title='bbox 1054 2371 1385 2442; x_wconf 83' lang='grc' dir='ltr'>ἀνθρώπους</span> <span class='ocrx_word' id='word_1_284' title='bbox 1422 2374 1682 2441; x_wconf 82' lang='grc' dir='ltr'>γενέσθαι</span> <span class='ocrx_word' id='word_1_285' title='bbox 1738 2380 1835 2429; x_wconf 73' lang='grc' dir='ltr'><strong>καὶ</strong></span> 
     </span>
    </p>
   </div>
   <div class='ocr_carea' id='block_1_41' title="bbox 228 2466 1925 2543">
    <p class='ocr_par' dir='ltr' id='par_1_41' title="bbox 228 2466 1925 2543">
     <span class='ocr_line' id='line_1_41' title="bbox 228 2466 1925 2543; baseline 0.001 -22"><span class='ocrx_word' id='word_1_286' title='bbox 228 2466 521 2538; x_wconf 75' lang='grc' dir='ltr'>κληθῆναι.</span> <span class='ocrx_word' id='word_1_287' title='bbox 542 2466 617 2519; x_wconf 82' lang='grc' dir='ltr'><strong>Τὸ</strong></span> <span class='ocrx_word' id='word_1_288' title='bbox 647 2467 755 2537; x_wconf 83' lang='grc' dir='ltr'>γὰρ</span> <span class='ocrx_word' id='word_1_289' title='bbox 784 2467 884 2536; x_wconf 83' lang='grc' dir='ltr'><strong>ἐμὲ</strong></span> <span class='ocrx_word' id='word_1_290' title='bbox 916 2467 1013 2519; x_wconf 76' lang='grc' dir='ltr'>καὶ</span> <span class='ocrx_word' id='word_1_291' title='bbox 1047 2468 1108 2519; x_wconf 84' lang='grc' dir='ltr'>σὲ</span> <span class='ocrx_word' id='word_1_292' title='bbox 1135 2467 1419 2521; x_wconf 82' lang='grc' dir='ltr'>καλεῖσθαι</span> <span class='ocrx_word' id='word_1_293' title='bbox 1450 2468 1565 2520; x_wconf 73' lang='grc' dir='ltr'>υἱὸν</span> <span class='ocrx_word' id='word_1_294' title='bbox 1608 2470 1925 2543; x_wconf 80' lang='grc' dir='ltr'>ἀνθρώπου,</span> 
     </span>
    </p>
   </div>
   <div class='ocr_carea' id='block_1_42' title="bbox 223 2556 1549 2628">
    <p class='ocr_par' dir='ltr' id='par_1_42' title="bbox 223 2556 1549 2628">
     <span class='ocr_line' id='line_1_42' title="bbox 223 2556 1549 2628; baseline 0.002 -16"><span class='ocrx_word' id='word_1_295' title='bbox 223 2556 550 2628; x_wconf 79' lang='grc' dir='ltr'>ἀνθρώπου,</span> <span class='ocrx_word' id='word_1_296' title='bbox 592 2558 684 2610; x_wconf 69' lang='grc' dir='ltr'><strong>τὸν</strong></span> <span class='ocrx_word' id='word_1_297' title='bbox 711 2557 1034 2628; x_wconf 74' lang='grc' dir='ltr'>παραδόξως</span> <span class='ocrx_word' id='word_1_298' title='bbox 1066 2558 1549 2628; x_wconf 85' lang='grc' dir='ltr'>ἀνθρωπισθέντα.</span> 
     </span>
    </p>
   </div>
   <div class='ocr_carea' id='block_1_43' title="bbox 303 2650 1834 2723">
    <p class='ocr_par' dir='ltr' id='par_1_43' title="bbox 303 2650 1834 2723">
     <span class='ocr_line' id='line_1_43' title="bbox 303 2650 1834 2723; baseline -0.002 -16"><span class='ocrx_word' id='word_1_299' title='bbox 303 2673 324 2707; x_wconf 76' lang='grc' dir='ltr'><strong>ι</strong></span> <span class='ocrx_word' id='word_1_300' title='bbox 376 2654 630 2723; x_wconf 81' lang='grc' dir='ltr'>Ἐγένετο</span> <span class='ocrx_word' id='word_1_301' title='bbox 674 2652 729 2704; x_wconf 84' lang='grc' dir='ltr'>δὲ</span> <span class='ocrx_word' id='word_1_302' title='bbox 776 2652 871 2705; x_wconf 72' lang='grc' dir='ltr'><strong>καὶ</strong></span> <span class='ocrx_word' id='word_1_303' title='bbox 920 2653 977 2703; x_wconf 80' lang='grc' dir='ltr'>ὲν</span> <span class='ocrx_word' id='word_1_304' title='bbox 1028 2650 1202 2720; x_wconf 80' lang='grc' dir='ltr'>ἑτέρῳ</span> <span class='ocrx_word' id='word_1_305' title='bbox 1246 2651 1516 2723; x_wconf 85' lang='grc' dir='ltr'>Σαϐϐάτῳ</span> <span class='ocrx_word' id='word_1_306' title='bbox 1568 2651 1834 2706; x_wconf 78' lang='grc' dir='ltr'>εἰσελθεῖν</span> 
     </span>
    </p>
   </div>
   <div class='ocr_carea' id='block_1_44' title="bbox 226 2742 1834 2817">
    <p class='ocr_par' dir='ltr' id='par_1_44' title="bbox 226 2742 1834 2817">
     <span class='ocr_line' id='line_1_44' title="bbox 226 2742 1834 2817; baseline -0.001 -16"><span class='ocrx_word' id='word_1_307' title='bbox 226 2748 394 2802; x_wconf 75' lang='grc' dir='ltr'>αὑτὸν</span> <span class='ocrx_word' id='word_1_308' title='bbox 451 2748 531 2810; x_wconf 82' lang='grc' dir='ltr'><strong>είς</strong></span> <span class='ocrx_word' id='word_1_309' title='bbox 570 2745 667 2817; x_wconf 80' lang='grc' dir='ltr'><strong>τὴν</strong></span> <span class='ocrx_word' id='word_1_310' title='bbox 724 2745 1059 2814; x_wconf 77' lang='grc' dir='ltr'>Συναγωγὴν</span> <span class='ocrx_word' id='word_1_311' title='bbox 1128 2745 1223 2796; x_wconf 68' lang='grc' dir='ltr'><strong>καὶ</strong></span> <span class='ocrx_word' id='word_1_312' title='bbox 1274 2744 1571 2798; x_wconf 82' lang='grc' dir='ltr'>διδάσκειν.</span> <span class='ocrx_word' id='word_1_313' title='bbox 1627 2747 1737 2799; x_wconf 79' lang='grc' dir='ltr'>Καὶ</span> <span class='ocrx_word' id='word_1_314' title='bbox 1766 2742 1834 2817; x_wconf 77' lang='grc' dir='ltr'>ἦν</span> 
     </span>
    </p>
   </div>
   <div class='ocr_carea' id='block_1_45' title="bbox 225 2832 1820 2910">
    <p class='ocr_par' dir='ltr' id='par_1_45' title="bbox 225 2832 1820 2910">
     <span class='ocr_line' id='line_1_45' title="bbox 225 2832 1820 2910; baseline -0.002 -16"><span class='ocrx_word' id='word_1_315' title='bbox 225 2842 348 2895; x_wconf 73' lang='grc' dir='ltr'>ἐκεῖ</span> <span class='ocrx_word' id='word_1_316' title='bbox 369 2838 683 2910; x_wconf 76' lang='grc' dir='ltr'>ἄνθρωπος,</span> <span class='ocrx_word' id='word_1_317' title='bbox 711 2840 805 2888; x_wconf 69' lang='grc' dir='ltr'><strong>καὶ</strong></span> <span class='ocrx_word' id='word_1_318' title='bbox 845 2838 877 2906; x_wconf 79' lang='grc' dir='ltr'>ἡ</span> <span class='ocrx_word' id='word_1_319' title='bbox 915 2836 1038 2906; x_wconf 75' lang='grc' dir='ltr'>χεὶρ</span> <span class='ocrx_word' id='word_1_320' title='bbox 1066 2835 1291 2905; x_wconf 77' lang='grc' dir='ltr'>αὑτοῦὴ</span> <span class='ocrx_word' id='word_1_321' title='bbox 1332 2836 1482 2902; x_wconf 75' lang='grc' dir='ltr'>δεξιά</span> <span class='ocrx_word' id='word_1_322' title='bbox 1531 2832 1599 2906; x_wconf 77' lang='grc' dir='ltr'>ἦν</span> <span class='ocrx_word' id='word_1_323' title='bbox 1658 2838 1820 2907; x_wconf 78' lang='grc' dir='ltr'>ξηρά.</span> 
     </span>
    </p>
   </div>
   <div class='ocr_carea' id='block_1_46' title="bbox 225 2928 1835 3002">
    <p class='ocr_par' dir='ltr' id='par_1_46' title="bbox 225 2928 1835 3002">
     <span class='ocr_line' id='line_1_46' title="bbox 225 2928 1835 3002; baseline -0.004 -15"><span class='ocrx_word' id='word_1_324' title='bbox 225 2934 588 3002; x_wconf 76' lang='grc' dir='ltr'>Ιιαρετήρουν</span> <span class='ocrx_word' id='word_1_325' title='bbox 620 2929 675 2982; x_wconf 85' lang='grc' dir='ltr'>δὲ</span> <span class='ocrx_word' id='word_1_326' title='bbox 717 2929 883 2981; x_wconf 76' lang='grc' dir='ltr'>αὐτὸν</span> <span class='ocrx_word' id='word_1_327' title='bbox 912 2929 962 2980; x_wconf 83' lang='grc' dir='ltr'><strong>οί</strong></span> <span class='ocrx_word' id='word_1_328' title='bbox 1012 2928 1370 2999; x_wconf 84' lang='grc' dir='ltr'>Γραμματείς</span> <span class='ocrx_word' id='word_1_329' title='bbox 1406 2930 1503 2981; x_wconf 75' lang='grc' dir='ltr'>καὶ</span> <span class='ocrx_word' id='word_1_330' title='bbox 1569 2931 1617 2981; x_wconf 93' lang='grc' dir='ltr'>οἱ</span> <span class='ocrx_word' id='word_1_331' title='bbox 1669 2930 1835 2999; x_wconf 82' lang='grc' dir='ltr'>Φαρι-</span> 
     </span>
    </p>
   </div>
   <div class='ocr_carea' id='block_1_47' title="bbox 226 3020 1837 3093">
    <p class='ocr_par' dir='ltr' id='par_1_47' title="bbox 226 3020 1837 3093">
     <span class='ocr_line' id='line_1_47' title="bbox 226 3020 1837 3093; baseline -0.001 -15"><span class='ocrx_word' id='word_1_332' title='bbox 226 3030 394 3090; x_wconf 78' lang='grc' dir='ltr'>σαῖοι,</span> <span class='ocrx_word' id='word_1_333' title='bbox 446 3026 494 3076; x_wconf 92' lang='grc' dir='ltr'><strong>εί</strong></span> <span class='ocrx_word' id='word_1_334' title='bbox 544 3026 601 3077; x_wconf 84' lang='grc' dir='ltr'>ὲν</span> <span class='ocrx_word' id='word_1_335' title='bbox 661 3023 739 3093; x_wconf 81' lang='grc' dir='ltr'>τῷ</span> <span class='ocrx_word' id='word_1_336' title='bbox 789 3021 1057 3089; x_wconf 81' lang='grc' dir='ltr'>Σαϐϐάτῳ</span> <span class='ocrx_word' id='word_1_337' title='bbox 1116 3020 1470 3091; x_wconf 70' lang='grc' dir='ltr'>θεραπεύσει,</span> <span class='ocrx_word' id='word_1_338' title='bbox 1509 3022 1595 3075; x_wconf 80' lang='grc' dir='ltr'><strong>ἵνα</strong></span> <span class='ocrx_word' id='word_1_339' title='bbox 1631 3022 1837 3093; x_wconf 76' lang='grc' dir='ltr'>εὕρωσι</span> 
     </span>
    </p>
   </div>
   <div class='ocr_carea' id='block_1_48' title="bbox 226 3112 1835 3189">
    <p class='ocr_par' dir='ltr' id='par_1_48' title="bbox 226 3112 1835 3189">
     <span class='ocr_line' id='line_1_48' title="bbox 226 3112 1835 3189; baseline -0.003 -17"><span class='ocrx_word' id='word_1_340' title='bbox 226 3118 576 3189; x_wconf 74' lang='grc' dir='ltr'>κατηγορίαν</span> <span class='ocrx_word' id='word_1_341' title='bbox 626 3117 745 3171; x_wconf 83' lang='grc' dir='ltr'>κατ’</span> <span class='ocrx_word' id='word_1_342' title='bbox 788 3112 977 3167; x_wconf 80' lang='grc' dir='ltr'>αὐτοῦ.</span> <span class='ocrx_word' id='word_1_343' title='bbox 1031 3114 1208 3177; x_wconf 81' lang='grc' dir='ltr'>Αύτὸς</span> <span class='ocrx_word' id='word_1_344' title='bbox 1240 3114 1295 3165; x_wconf 84' lang='grc' dir='ltr'>δὲ</span> <span class='ocrx_word' id='word_1_345' title='bbox 1325 3114 1442 3184; x_wconf 67' lang='grc' dir='ltr'>ᾔδει</span> <span class='ocrx_word' id='word_1_346' title='bbox 1490 3115 1620 3177; x_wconf 72' lang='grc' dir='ltr'>τοὺς</span> <span class='ocrx_word' id='word_1_347' title='bbox 1652 3115 1835 3169; x_wconf 88' lang='grc' dir='ltr'>διαλο-</span> 
     </span>
    </p>
   </div>
   <div class='ocr_carea' id='block_1_49' title="bbox 228 3203 1835 3280">
    <p class='ocr_par' dir='ltr' id='par_1_49' title="bbox 228 3203 1835 3280">
     <span class='ocr_line' id='line_1_49' title="bbox 228 3203 1835 3280; baseline -0.001 -17"><span class='ocrx_word' id='word_1_348' title='bbox 228 3210 475 3280; x_wconf 78' lang='grc' dir='ltr'>γισμοὺς</span> <span class='ocrx_word' id='word_1_349' title='bbox 530 3209 734 3263; x_wconf 80' lang='grc' dir='ltr'>αὐτῶν.</span> <span class='ocrx_word' id='word_1_350' title='bbox 795 3208 903 3260; x_wconf 77' lang='lat' dir='ltr'><strong>Kal</strong></span> <span class='ocrx_word' id='word_1_351' title='bbox 934 3203 1056 3258; x_wconf 82' lang='grc' dir='ltr'>είπε</span> <span class='ocrx_word' id='word_1_352' title='bbox 1116 3205 1190 3276; x_wconf 81' lang='grc' dir='ltr'><strong>τῷ</strong></span> <span class='ocrx_word' id='word_1_353' title='bbox 1224 3205 1500 3277; x_wconf 75' lang='grc' dir='ltr'>ἀνθρώπω</span> <span class='ocrx_word' id='word_1_354' title='bbox 1533 3207 1608 3278; x_wconf 78' lang='grc' dir='ltr'><strong>τῷ</strong></span> <span class='ocrx_word' id='word_1_355' title='bbox 1662 3207 1835 3278; x_wconf 83' lang='grc' dir='ltr'>ξηράν</span> 
     </span>
    </p>
   </div>
   <div class='ocr_carea' id='block_1_50' title="bbox 1946 2094 3557 2165">
    <p class='ocr_par' dir='ltr' id='par_1_50' title="bbox 1946 2094 3557 2165">
     <span class='ocr_line' id='line_1_50' title="bbox 1946 2094 3557 2165; baseline 0.002 -18"><span class='ocrx_word' id='word_1_356' title='bbox 1946 2104 2145 2159; x_wconf 77' lang='lat' dir='ltr'><strong>gnatus</strong></span> <span class='ocrx_word' id='word_1_357' title='bbox 2172 2105 2255 2150; x_wconf 89' lang='lat' dir='ltr'><strong>est</strong></span> <span class='ocrx_word' id='word_1_358' title='bbox 2292 2094 2467 2148; x_wconf 83' lang='lat' dir='ltr'><strong>Filius</strong></span> <span class='ocrx_word' id='word_1_359' title='bbox 2511 2095 2759 2149; x_wconf 89' lang='lat' dir='ltr'><strong>hominis</strong></span> <span class='ocrx_word' id='word_1_360' title='bbox 2798 2107 3026 2165; x_wconf 85' lang='lat' dir='ltr'><strong>propter</strong></span> <span class='ocrx_word' id='word_1_361' title='bbox 3056 2096 3308 2151; x_wconf 81' lang='lat' dir='ltr'><strong>homines</strong></span> <span class='ocrx_word' id='word_1_362' title='bbox 3348 2108 3403 2152; x_wconf 92' lang='lat' dir='ltr'><strong>et</strong></span> <span class='ocrx_word' id='word_1_363' title='bbox 3440 2098 3557 2152; x_wconf 76' lang='lat' dir='ltr'><strong>ﬁeri</strong></span> 
     </span>
    </p>
   </div>
   <div class='ocr_carea' id='block_1_51' title="bbox 1945 2188 3557 2258">
    <p class='ocr_par' dir='ltr' id='par_1_51' title="bbox 1945 2188 3557 2258">
     <span class='ocr_line' id='line_1_51' title="bbox 1945 2188 3557 2258; baseline -0.001 -14"><span class='ocrx_word' id='word_1_364' title='bbox 1945 2197 2000 2244; x_wconf 90' lang='lat' dir='ltr'><strong>et</strong></span> <span class='ocrx_word' id='word_1_365' title='bbox 2020 2190 2225 2243; x_wconf 85' lang='lat' dir='ltr'><strong>vocari.</strong></span> <span class='ocrx_word' id='word_1_366' title='bbox 2260 2192 2327 2243; x_wconf 85' lang='lat' dir='ltr'><strong>At</strong></span> <span class='ocrx_word' id='word_1_367' title='bbox 2356 2188 2502 2257; x_wconf 88' lang='lat' dir='ltr'><strong>quod</strong></span> <span class='ocrx_word' id='word_1_368' title='bbox 2527 2202 2629 2258; x_wconf 86' lang='lat' dir='ltr'><strong>ego</strong></span> <span class='ocrx_word' id='word_1_369' title='bbox 2650 2198 2705 2242; x_wconf 93' lang='lat' dir='ltr'><strong>et</strong></span> <span class='ocrx_word' id='word_1_370' title='bbox 2757 2197 2815 2241; x_wconf 91' lang='lat' dir='ltr'><strong>tu</strong></span> <span class='ocrx_word' id='word_1_371' title='bbox 2858 2189 3093 2244; x_wconf 79' lang='lat' dir='ltr'><strong>dicimur</strong></span> <span class='ocrx_word' id='word_1_372' title='bbox 3124 2191 3270 2246; x_wconf 82' lang='lat' dir='ltr'><strong>ﬁlius</strong></span> <span class='ocrx_word' id='word_1_373' title='bbox 3297 2190 3557 2253; x_wconf 88' lang='lat' dir='ltr'><strong>hominis,</strong></span> 
     </span>
    </p>
   </div>
   <div class='ocr_carea' id='block_1_52' title="bbox 1945 2280 3559 2350">
    <p class='ocr_par' dir='ltr' id='par_1_52' title="bbox 1945 2280 3559 2350">
     <span class='ocr_line' id='line_1_52' title="bbox 1945 2280 3559 2350; baseline 0 -12"><span class='ocrx_word' id='word_1_374' title='bbox 1945 2284 2084 2338; x_wconf 88' lang='lat' dir='ltr'><strong>nihil</strong></span> <span class='ocrx_word' id='word_1_375' title='bbox 2120 2284 2267 2337; x_wconf 86' lang='lat' dir='ltr'><strong>novi.</strong></span> <span class='ocrx_word' id='word_1_376' title='bbox 2306 2280 2463 2336; x_wconf 85' lang='lat' dir='ltr'><strong>Illum</strong></span> <span class='ocrx_word' id='word_1_377' title='bbox 2509 2294 2694 2337; x_wconf 83' lang='lat' dir='ltr'><strong>autem</strong></span> <span class='ocrx_word' id='word_1_378' title='bbox 2723 2282 2946 2350; x_wconf 89' lang='lat' dir='ltr'><strong>dignum</strong></span> <span class='ocrx_word' id='word_1_379' title='bbox 2981 2294 3065 2337; x_wconf 87' lang='lat' dir='ltr'><strong>est</strong></span> <span class='ocrx_word' id='word_1_380' title='bbox 3120 2284 3306 2339; x_wconf 89' lang='lat' dir='ltr'><strong>vocari</strong></span> <span class='ocrx_word' id='word_1_381' title='bbox 3356 2282 3559 2339; x_wconf 85' lang='lat' dir='ltr'><strong>Filium</strong></span> 
     </span>
    </p>
   </div>
   <div class='ocr_carea' id='block_1_53' title="bbox 1946 2373 3265 2444">
    <p class='ocr_par' dir='ltr' id='par_1_53' title="bbox 1946 2373 3265 2444">
     <span class='ocr_line' id='line_1_53' title="bbox 1946 2373 3265 2444; baseline 0.002 -13"><span class='ocrx_word' id='word_1_382' title='bbox 1946 2378 2205 2441; x_wconf 86' lang='lat' dir='ltr'><strong>hominis,</strong></span> <span class='ocrx_word' id='word_1_383' title='bbox 2244 2377 2335 2444; x_wconf 91' lang='lat' dir='ltr'><strong>qui</strong></span> <span class='ocrx_word' id='word_1_384' title='bbox 2364 2377 2505 2430; x_wconf 92' lang='lat' dir='ltr'><strong>miro</strong></span> <span class='ocrx_word' id='word_1_385' title='bbox 2544 2377 2707 2429; x_wconf 89' lang='lat' dir='ltr'><strong>modo</strong></span> <span class='ocrx_word' id='word_1_386' title='bbox 2743 2373 2925 2431; x_wconf 78' lang='lat' dir='ltr'><strong>iactus</strong></span> <span class='ocrx_word' id='word_1_387' title='bbox 2964 2386 3049 2431; x_wconf 89' lang='lat' dir='ltr'><strong>est</strong></span> <span class='ocrx_word' id='word_1_388' title='bbox 3080 2378 3265 2433; x_wconf 88' lang='lat' dir='ltr'><strong>homo.</strong></span> 
     </span>
    </p>
   </div>
   <div class='ocr_carea' id='block_1_54' title="bbox 1983 2469 3558 2535">
    <p class='ocr_par' dir='ltr' id='par_1_54' title="bbox 1983 2469 3558 2535">
     <span class='ocr_line' id='line_1_54' title="bbox 1983 2469 3558 2535; baseline -0.004 -10"><span class='ocrx_word' id='word_1_389' title='bbox 1983 2472 2138 2526; x_wconf 76' lang='grc' dir='ltr'>οὐδὲν</span> <span class='ocrx_word' id='word_1_390' title='bbox 2194 2472 2407 2525; x_wconf 78' lang='grc' dir='ltr'>καινόν’</span> <span class='ocrx_word' id='word_1_391' title='bbox 2478 2472 2691 2524; x_wconf 78' lang='grc' dir='ltr'>ἐκεῖνον</span> <span class='ocrx_word' id='word_1_392' title='bbox 2764 2470 2821 2524; x_wconf 84' lang='grc' dir='ltr'>δὲ</span> <span class='ocrx_word' id='word_1_393' title='bbox 2883 2470 3035 2535; x_wconf 82' lang='grc' dir='ltr'>ἀξιον</span> <span class='ocrx_word' id='word_1_394' title='bbox 3065 2469 3354 2525; x_wconf 79' lang='grc' dir='ltr'>καλεῖσθαι</span> <span class='ocrx_word' id='word_1_395' title='bbox 3425 2469 3558 2525; x_wconf 77' lang='grc' dir='ltr'>Υἱδν</span> 
     </span>
    </p>
   </div>
   <div class='ocr_carea' id='block_1_55' title="bbox 2020 2646 3559 2705">
    <p class='ocr_par' dir='ltr' id='par_1_55' title="bbox 2020 2646 3559 2705">
     <span class='ocr_line' id='line_1_55' title="bbox 2020 2646 3559 2705; baseline -0.003 -2"><span class='ocrx_word' id='word_1_396' title='bbox 2020 2650 2186 2705; x_wconf 67' lang='lat' dir='ltr'><strong>Vens.</strong></span> <span class='ocrx_word' id='word_1_397' title='bbox 2215 2650 2367 2703; x_wconf 73' lang='lat' dir='ltr'><strong>6-H.</strong></span> <span class='ocrx_word' id='word_1_398' title='bbox 2409 2668 2426 2701; x_wconf 84' lang='grc' dir='ltr'><strong>ι</strong></span> <span class='ocrx_word' id='word_1_399' title='bbox 2470 2647 2699 2701; x_wconf 84' lang='lat' dir='ltr'><strong>Factum</strong></span> <span class='ocrx_word' id='word_1_400' title='bbox 2737 2657 2819 2701; x_wconf 90' lang='lat' dir='ltr'><strong>est</strong></span> <span class='ocrx_word' id='word_1_401' title='bbox 2849 2656 3033 2701; x_wconf 91' lang='lat' dir='ltr'><strong>autem</strong></span> <span class='ocrx_word' id='word_1_402' title='bbox 3064 2648 3117 2701; x_wconf 91' lang='lat' dir='ltr'><strong>in</strong></span> <span class='ocrx_word' id='word_1_403' title='bbox 3169 2648 3277 2701; x_wconf 89' lang='lat' dir='ltr'><strong>alio</strong></span> <span class='ocrx_word' id='word_1_404' title='bbox 3311 2646 3559 2701; x_wconf 83' lang='lat' dir='ltr'><strong>Sabbato</strong></span> 
     </span>
    </p>
   </div>
   <div class='ocr_carea' id='block_1_56' title="bbox 1948 2740 3553 2811">
    <p class='ocr_par' dir='ltr' id='par_1_56' title="bbox 1948 2740 3553 2811">
     <span class='ocr_line' id='line_1_56' title="bbox 1948 2740 3553 2811; baseline -0.004 -12"><span class='ocrx_word' id='word_1_405' title='bbox 1948 2755 2003 2800; x_wconf 90' lang='lat' dir='ltr'><strong>ut</strong></span> <span class='ocrx_word' id='word_1_406' title='bbox 2037 2746 2271 2797; x_wconf 89' lang='lat' dir='ltr'><strong>intraret</strong></span> <span class='ocrx_word' id='word_1_407' title='bbox 2319 2744 2375 2796; x_wconf 92' lang='lat' dir='ltr'><strong>in</strong></span> <span class='ocrx_word' id='word_1_408' title='bbox 2411 2742 2783 2811; x_wconf 78' lang='lat' dir='ltr'><strong>Synagogam,</strong></span> <span class='ocrx_word' id='word_1_409' title='bbox 2811 2755 2873 2792; x_wconf 91' lang='lat' dir='ltr'><strong>ac</strong></span> <span class='ocrx_word' id='word_1_410' title='bbox 2906 2741 3154 2794; x_wconf 81' lang='lat' dir='ltr'><strong>duceret.</strong></span> <span class='ocrx_word' id='word_1_411' title='bbox 3203 2740 3270 2794; x_wconf 83' lang='lat' dir='ltr'><strong>Et</strong></span> <span class='ocrx_word' id='word_1_412' title='bbox 3299 2750 3421 2793; x_wconf 86' lang='lat' dir='ltr'><strong>erat</strong></span> <span class='ocrx_word' id='word_1_413' title='bbox 3480 2740 3553 2795; x_wconf 88' lang='lat' dir='ltr'><strong>ibi</strong></span> 
     </span>
    </p>
   </div>
   <div class='ocr_carea' id='block_1_57' title="bbox 1947 2830 3558 2903">
    <p class='ocr_par' dir='ltr' id='par_1_57' title="bbox 1947 2830 3558 2903">
     <span class='ocr_line' id='line_1_57' title="bbox 1947 2830 3558 2903; baseline -0.003 -13"><span class='ocrx_word' id='word_1_414' title='bbox 1947 2840 2130 2902; x_wconf 90' lang='lat' dir='ltr'><strong>homo,</strong></span> <span class='ocrx_word' id='word_1_415' title='bbox 2172 2846 2227 2890; x_wconf 92' lang='lat' dir='ltr'><strong>et</strong></span> <span class='ocrx_word' id='word_1_416' title='bbox 2275 2850 2470 2890; x_wconf 90' lang='lat' dir='ltr'><strong>manus</strong></span> <span class='ocrx_word' id='word_1_417' title='bbox 2498 2834 2615 2903; x_wconf 82' lang='lat' dir='ltr'><strong>ejus</strong></span> <span class='ocrx_word' id='word_1_418' title='bbox 2651 2836 2843 2887; x_wconf 76' lang='lat' dir='ltr'><strong>dextra</strong></span> <span class='ocrx_word' id='word_1_419' title='bbox 2875 2844 2993 2888; x_wconf 89' lang='lat' dir='ltr'><strong>erat</strong></span> <span class='ocrx_word' id='word_1_420' title='bbox 3064 2834 3241 2886; x_wconf 87' lang='lat' dir='ltr'><strong>arida.</strong></span> <span class='ocrx_word' id='word_1_421' title='bbox 3280 2830 3558 2889; x_wconf 81' lang='lat' dir='ltr'><strong>Observa-</strong></span> 
     </span>
    </p>
   </div>
   <div class='ocr_carea' id='block_1_58' title="bbox 1945 2926 3557 2984">
    <p class='ocr_par' dir='ltr' id='par_1_58' title="bbox 1945 2926 3557 2984">
     <span class='ocr_line' id='line_1_58' title="bbox 1945 2926 3557 2984; baseline -0.004 0"><span class='ocrx_word' id='word_1_422' title='bbox 1945 2931 2073 2984; x_wconf 87' lang='lat' dir='ltr'><strong>bant</strong></span> <span class='ocrx_word' id='word_1_423' title='bbox 2105 2939 2286 2984; x_wconf 89' lang='lat' dir='ltr'><strong>autem</strong></span> <span class='ocrx_word' id='word_1_424' title='bbox 2312 2944 2435 2983; x_wconf 92' lang='lat' dir='ltr'><strong>eum</strong></span> <span class='ocrx_word' id='word_1_425' title='bbox 2467 2926 2675 2981; x_wconf 72' lang='lat' dir='ltr'><strong>Scriba:</strong></span> <span class='ocrx_word' id='word_1_426' title='bbox 2704 2943 2769 2982; x_wconf 87' lang='lat' dir='ltr'><strong>ac</strong></span> <span class='ocrx_word' id='word_1_427' title='bbox 2801 2926 3061 2981; x_wconf 60' lang='lat' dir='ltr'><strong>Pharisaei</strong></span> <span class='ocrx_word' id='word_1_428' title='bbox 3099 2941 3167 2980; x_wconf 92' lang='lat' dir='ltr'><strong>an</strong></span> <span class='ocrx_word' id='word_1_429' title='bbox 3201 2926 3256 2980; x_wconf 90' lang='lat' dir='ltr'><strong>in</strong></span> <span class='ocrx_word' id='word_1_430' title='bbox 3308 2926 3557 2980; x_wconf 89' lang='lat' dir='ltr'><strong>Sabbato</strong></span> 
     </span>
    </p>
   </div>
   <div class='ocr_carea' id='block_1_59' title="bbox 1943 3021 3556 3083">
    <p class='ocr_par' dir='ltr' id='par_1_59' title="bbox 1943 3021 3556 3083">
     <span class='ocr_line' id='line_1_59' title="bbox 1943 3021 3556 3083; baseline -0.003 -6"><span class='ocrx_word' id='word_1_431' title='bbox 1943 3033 2240 3077; x_wconf 86' lang='lat' dir='ltr'><strong>sanaturus</strong></span> <span class='ocrx_word' id='word_1_432' title='bbox 2262 3032 2431 3083; x_wconf 84' lang='lat' dir='ltr'><strong>esset,</strong></span> <span class='ocrx_word' id='word_1_433' title='bbox 2456 3029 2515 3075; x_wconf 92' lang='lat' dir='ltr'><strong>ut</strong></span> <span class='ocrx_word' id='word_1_434' title='bbox 2546 3021 2861 3075; x_wconf 76' lang='lat' dir='ltr'><strong>invenirent</strong></span> <span class='ocrx_word' id='word_1_435' title='bbox 2894 3021 3036 3074; x_wconf 84' lang='lat' dir='ltr'><strong>unde</strong></span> <span class='ocrx_word' id='word_1_436' title='bbox 3059 3028 3387 3074; x_wconf 87' lang='lat' dir='ltr'><strong>accusarent</strong></span> <span class='ocrx_word' id='word_1_437' title='bbox 3407 3034 3556 3073; x_wconf 86' lang='lat' dir='ltr'><strong>eum.</strong></span> 
     </span>
    </p>
   </div>
   <div class='ocr_carea' id='block_1_60' title="bbox 1943 3108 3558 3183">
    <p class='ocr_par' dir='ltr' id='par_1_60' title="bbox 1943 3108 3558 3183">
     <span class='ocr_line' id='line_1_60' title="bbox 1943 3108 3558 3183; baseline -0.002 -18"><span class='ocrx_word' id='word_1_438' title='bbox 1943 3115 2065 3183; x_wconf 86' lang='lat' dir='ltr'><strong>ipse</strong></span> <span class='ocrx_word' id='word_1_439' title='bbox 2096 3128 2226 3166; x_wconf 85' lang='lat' dir='ltr'><strong>vero</strong></span> <span class='ocrx_word' id='word_1_440' title='bbox 2266 3112 2476 3167; x_wconf 88' lang='lat' dir='ltr'><strong>sciebat</strong></span> <span class='ocrx_word' id='word_1_441' title='bbox 2509 3111 2875 3180; x_wconf 82' lang='lat' dir='ltr'><strong>cogitationes</strong></span> <span class='ocrx_word' id='word_1_442' title='bbox 2905 3124 3121 3173; x_wconf 88' lang='lat' dir='ltr'><strong>eorum,</strong></span> <span class='ocrx_word' id='word_1_443' title='bbox 3158 3118 3213 3164; x_wconf 89' lang='lat' dir='ltr'><strong>et</strong></span> <span class='ocrx_word' id='word_1_444' title='bbox 3239 3110 3318 3161; x_wconf 82' lang='lat' dir='ltr'><strong>ait</strong></span> <span class='ocrx_word' id='word_1_445' title='bbox 3347 3108 3558 3163; x_wconf 83' lang='lat' dir='ltr'><strong>homini</strong></span> 
     </span>
    </p>
   </div>
   <div class='ocr_carea' id='block_1_61' title="bbox 1940 3202 3554 3277">
    <p class='ocr_par' dir='ltr' id='par_1_61' title="bbox 1940 3202 3554 3277">
     <span class='ocr_line' id='line_1_61' title="bbox 1940 3202 3554 3277; baseline -0.003 -17"><span class='ocrx_word' id='word_1_446' title='bbox 1940 3208 2030 3277; x_wconf 90' lang='lat' dir='ltr'><strong>qui</strong></span> <span class='ocrx_word' id='word_1_447' title='bbox 2054 3207 2291 3260; x_wconf 82' lang='lat' dir='ltr'><strong>habebat</strong></span> <span class='ocrx_word' id='word_1_448' title='bbox 2313 3220 2535 3258; x_wconf 89' lang='lat' dir='ltr'><strong>manum</strong></span> <span class='ocrx_word' id='word_1_449' title='bbox 2562 3202 2776 3256; x_wconf 86' lang='lat' dir='ltr'><strong>aridam</strong></span> <span class='ocrx_word' id='word_1_450' title='bbox 2805 3220 2817 3255; x_wconf 90' lang='lat'><strong>:</strong></span> <span class='ocrx_word' id='word_1_451' title='bbox 2845 3202 3042 3272; x_wconf 82' lang='lat' dir='ltr'><strong>Surge,</strong></span> <span class='ocrx_word' id='word_1_452' title='bbox 3073 3210 3128 3257; x_wconf 92' lang='lat' dir='ltr'><strong>et</strong></span> <span class='ocrx_word' id='word_1_453' title='bbox 3151 3212 3235 3256; x_wconf 83' lang='lat' dir='ltr'><strong>sta</strong></span> <span class='ocrx_word' id='word_1_454' title='bbox 3265 3204 3318 3257; x_wconf 90' lang='lat' dir='ltr'><strong>in</strong></span> <span class='ocrx_word' id='word_1_455' title='bbox 3344 3203 3554 3257; x_wconf 89' lang='lat' dir='ltr'><strong>medio.</strong></span> 
     </span>
    </p>
   </div>
   <div class='ocr_carea' id='block_1_62' title="bbox 225 3292 1834 3373">
    <p class='ocr_par' dir='ltr' id='par_1_62' title="bbox 225 3298 1834 3373">
     <span class='ocr_line' id='line_1_62' title="bbox 225 3298 1834 3373; baseline -0.002 -17"><span class='ocrx_word' id='word_1_456' title='bbox 225 3303 407 3373; x_wconf 78' lang='grc' dir='ltr'>εχοντι</span> <span class='ocrx_word' id='word_1_457' title='bbox 430 3301 530 3373; x_wconf 81' lang='grc' dir='ltr'><strong>τὴν</strong></span> <span class='ocrx_word' id='word_1_458' title='bbox 554 3303 713 3371; x_wconf 78' lang='grc' dir='ltr'>χεῖρα</span> <span class='ocrx_word' id='word_1_459' title='bbox 742 3316 753 3327; x_wconf 91' lang='grc'><strong>·</strong></span> <span class='ocrx_word' id='word_1_460' title='bbox 796 3301 1072 3367; x_wconf 74' lang='grc' dir='ltr'>Ἔγειραι,</span> <span class='ocrx_word' id='word_1_461' title='bbox 1106 3298 1202 3351; x_wconf 75' lang='grc' dir='ltr'><strong>καὶ</strong></span> <span class='ocrx_word' id='word_1_462' title='bbox 1234 3298 1395 3367; x_wconf 77' lang='grc' dir='ltr'>στῆθι</span> <span class='ocrx_word' id='word_1_463' title='bbox 1440 3301 1519 3361; x_wconf 86' lang='grc' dir='ltr'>εἰς</span> <span class='ocrx_word' id='word_1_464' title='bbox 1559 3298 1619 3350; x_wconf 84' lang='grc' dir='ltr'><strong>τὸ</strong></span> <span class='ocrx_word' id='word_1_465' title='bbox 1646 3299 1834 3366; x_wconf 82' lang='grc' dir='ltr'>μέσον.</span> 
     </span>
    </p>
   </div>
   <div class='ocr_carea' id='block_1_63' title="bbox 1947 3292 3549 3373">
    <p class='ocr_par' dir='ltr' id='par_1_63' title="bbox 1950 3295 3549 3369">
     <span class='ocr_line' id='line_1_63' title="bbox 1950 3295 3549 3369; baseline -0.003 -14"><span class='ocrx_word' id='word_1_466' title='bbox 1950 3301 2012 3355; x_wconf 85' lang='lat' dir='ltr'><strong>Et</strong></span> <span class='ocrx_word' id='word_1_467' title='bbox 2043 3315 2271 3369; x_wconf 80' lang='lat' dir='ltr'><strong>surgens</strong></span> <span class='ocrx_word' id='word_1_468' title='bbox 2302 3298 2474 3352; x_wconf 88' lang='lat' dir='ltr'><strong>stetit.</strong></span> <span class='ocrx_word' id='word_1_469' title='bbox 2529 3296 2621 3351; x_wconf 82' lang='lat' dir='ltr'><strong>Ait</strong></span> <span class='ocrx_word' id='word_1_470' title='bbox 2664 3296 2827 3364; x_wconf 85' lang='lat' dir='ltr'><strong>igitur</strong></span> <span class='ocrx_word' id='word_1_471' title='bbox 2858 3296 2926 3350; x_wconf 91' lang='lat' dir='ltr'><strong>ad</strong></span> <span class='ocrx_word' id='word_1_472' title='bbox 2962 3298 3084 3351; x_wconf 84' lang='lat' dir='ltr'><strong>illos</strong></span> <span class='ocrx_word' id='word_1_473' title='bbox 3118 3295 3278 3351; x_wconf 86' lang='lat' dir='ltr'><strong>Jesus</strong></span> <span class='ocrx_word' id='word_1_474' title='bbox 3314 3314 3327 3349; x_wconf 87' lang='lat'><strong><em>:</em></strong></span> <span class='ocrx_word' id='word_1_475' title='bbox 3371 3295 3549 3351; x_wconf 81' lang='lat' dir='ltr'><strong>Inter-</strong></span> 
     </span>
    </p>
   </div>
   <div class='ocr_carea' id='block_1_64' title="bbox 236 3384 1835 3460">
    <p class='ocr_par' dir='ltr' id='par_1_64' title="bbox 236 3384 1835 3460">
     <span class='ocr_line' id='line_1_64' title="bbox 236 3384 1835 3460; baseline -0.011 -12"><span class='ocrx_word' id='word_1_476' title='bbox 236 3394 296 3448; x_wconf 82' lang='grc' dir='ltr'>Ὀ</span> <span class='ocrx_word' id='word_1_477' title='bbox 318 3394 376 3447; x_wconf 78' lang='grc' dir='ltr'>δὲ</span> <span class='ocrx_word' id='word_1_478' title='bbox 429 3392 667 3454; x_wconf 71' lang='grc' dir='ltr'>ἀναστὰς</span> <span class='ocrx_word' id='word_1_479' title='bbox 695 3392 848 3460; x_wconf 79' lang='grc' dir='ltr'>ἔστη,</span> <span class='ocrx_word' id='word_1_480' title='bbox 896 3386 1065 3441; x_wconf 77' lang='grc' dir='ltr'>Εἶπεν</span> <span class='ocrx_word' id='word_1_481' title='bbox 1105 3384 1199 3440; x_wconf 75' lang='grc' dir='ltr'><strong>οὖν</strong></span> <span class='ocrx_word' id='word_1_482' title='bbox 1238 3389 1266 3439; x_wconf 88' lang='lat'><strong>6</strong></span> <span class='ocrx_word' id='word_1_483' title='bbox 1306 3389 1515 3458; x_wconf 79' lang='grc' dir='ltr'>Ἰησοῦς</span> <span class='ocrx_word' id='word_1_484' title='bbox 1552 3391 1687 3460; x_wconf 76' lang='grc' dir='ltr'>πρὸς</span> <span class='ocrx_word' id='word_1_485' title='bbox 1733 3390 1835 3441; x_wconf 76' lang='grc' dir='ltr'>αὑ-</span> 
     </span>
    </p>
   </div>
   <div class='ocr_carea' id='block_1_65' title="bbox 228 3480 1835 3554">
    <p class='ocr_par' dir='ltr' id='par_1_65' title="bbox 228 3480 1835 3554">
     <span class='ocr_line' id='line_1_65' title="bbox 228 3480 1835 3554; baseline -0.001 -15"><span class='ocrx_word' id='word_1_486' title='bbox 228 3486 355 3546; x_wconf 84' lang='grc' dir='ltr'>τούς</span> <span class='ocrx_word' id='word_1_487' title='bbox 390 3500 401 3511; x_wconf 86' lang='grc'><strong>·</strong></span> <span class='ocrx_word' id='word_1_488' title='bbox 462 3484 832 3554; x_wconf 76' lang='grc' dir='ltr'>Ἐπερωτήσω</span> <span class='ocrx_word' id='word_1_489' title='bbox 886 3483 1031 3553; x_wconf 81' lang='grc' dir='ltr'>ὑμᾶς</span> <span class='ocrx_word' id='word_1_490' title='bbox 1070 3496 1146 3534; x_wconf 82' lang='grc' dir='ltr'>τι’</span> <span class='ocrx_word' id='word_1_491' title='bbox 1201 3480 1379 3545; x_wconf 75' lang='grc' dir='ltr'>ἔξεστι</span> <span class='ocrx_word' id='word_1_492' title='bbox 1414 3485 1529 3544; x_wconf 82' lang='grc' dir='ltr'>τοῖς</span> <span class='ocrx_word' id='word_1_493' title='bbox 1561 3482 1835 3537; x_wconf 83' lang='grc' dir='ltr'>Σάϐϐασιν</span> 
     </span>
    </p>
   </div>
   <div class='ocr_carea' id='block_1_66' title="bbox 224 3574 1833 3647">
    <p class='ocr_par' dir='ltr' id='par_1_66' title="bbox 224 3574 1833 3647">
     <span class='ocr_line' id='line_1_66' title="bbox 224 3574 1833 3647; baseline -0.002 -16"><span class='ocrx_word' id='word_1_494' title='bbox 224 3577 657 3647; x_wconf 78' lang='grc' dir='ltr'>ἀγαθοποιῆσαι,</span> <span class='ocrx_word' id='word_1_495' title='bbox 682 3577 713 3645; x_wconf 82' lang='grc' dir='ltr'>ἢ</span> <span class='ocrx_word' id='word_1_496' title='bbox 742 3576 1150 3645; x_wconf 80' lang='grc' dir='ltr'>κακοποιῆσαι;</span> <span class='ocrx_word' id='word_1_497' title='bbox 1184 3574 1364 3646; x_wconf 66' lang='grc' dir='ltr'>ψυχὴν</span> <span class='ocrx_word' id='word_1_498' title='bbox 1400 3576 1595 3640; x_wconf 81' lang='grc' dir='ltr'>σῶσαι,</span> <span class='ocrx_word' id='word_1_499' title='bbox 1626 3576 1657 3646; x_wconf 80' lang='grc' dir='ltr'>ἢ</span> <span class='ocrx_word' id='word_1_500' title='bbox 1700 3578 1833 3628; x_wconf 85' lang='grc' dir='ltr'>ἀπο-</span> 
     </span>
    </p>
   </div>
   <div class='ocr_carea' id='block_1_67' title="bbox 228 3664 1833 3741">
    <p class='ocr_par' dir='ltr' id='par_1_67' title="bbox 228 3664 1833 3741">
     <span class='ocr_line' id='line_1_67' title="bbox 228 3664 1833 3741; baseline -0.001 -18"><span class='ocrx_word' id='word_1_501' title='bbox 228 3670 419 3735; x_wconf 74' lang='grc' dir='ltr'>λέσαι;</span> <span class='ocrx_word' id='word_1_502' title='bbox 466 3670 576 3723; x_wconf 78' lang='grc' dir='ltr'><strong>Καὶ</strong></span> <span class='ocrx_word' id='word_1_503' title='bbox 631 3668 1111 3741; x_wconf 70' lang='grc' dir='ltr'>περιϐλεψάμενος</span> <span class='ocrx_word' id='word_1_504' title='bbox 1160 3672 1370 3727; x_wconf 78' lang='grc' dir='ltr'>πάντας</span> <span class='ocrx_word' id='word_1_505' title='bbox 1403 3670 1626 3733; x_wconf 64' lang='grc' dir='ltr'>αὐτοὺς,</span> <span class='ocrx_word' id='word_1_506' title='bbox 1674 3664 1833 3721; x_wconf 82' lang='grc' dir='ltr'>εἶπεν</span> 
     </span>
    </p>
   </div>
   <div class='ocr_carea' id='block_1_68' title="bbox 226 3759 1835 3830">
    <p class='ocr_par' dir='ltr' id='par_1_68' title="bbox 226 3759 1835 3830">
     <span class='ocr_line' id='line_1_68' title="bbox 226 3759 1835 3830; baseline -0.002 -16"><span class='ocrx_word' id='word_1_507' title='bbox 226 3761 379 3830; x_wconf 67' lang='grc' dir='ltr'><strong>αὒτῷ</strong></span> <span class='ocrx_word' id='word_1_508' title='bbox 403 3778 415 3791; x_wconf 92' lang='grc'><strong>·</strong></span> <span class='ocrx_word' id='word_1_509' title='bbox 462 3762 746 3813; x_wconf 85' lang='grc' dir='ltr'>Ἔκτεινον</span> <span class='ocrx_word' id='word_1_510' title='bbox 778 3759 874 3829; x_wconf 79' lang='grc' dir='ltr'>τὴν</span> <span class='ocrx_word' id='word_1_511' title='bbox 906 3760 1065 3829; x_wconf 85' lang='grc' dir='ltr'>χεῖρά</span> <span class='ocrx_word' id='word_1_512' title='bbox 1097 3776 1210 3812; x_wconf 86' lang='grc' dir='ltr'>σου.</span> <span class='ocrx_word' id='word_1_513' title='bbox 1258 3759 1316 3811; x_wconf 83' lang='lat'><strong>’0</strong></span> <span class='ocrx_word' id='word_1_514' title='bbox 1355 3760 1411 3813; x_wconf 85' lang='grc' dir='ltr'>δὲ</span> <span class='ocrx_word' id='word_1_515' title='bbox 1462 3760 1709 3829; x_wconf 76' lang='grc' dir='ltr'>εποίησε,</span> <span class='ocrx_word' id='word_1_516' title='bbox 1742 3760 1835 3812; x_wconf 77' lang='grc' dir='ltr'>καὶ</span> 
     </span>
    </p>
   </div>
   <div class='ocr_carea' id='block_1_69' title="bbox 230 3851 1831 3923">
    <p class='ocr_par' dir='ltr' id='par_1_69' title="bbox 230 3851 1831 3923">
     <span class='ocr_line' id='line_1_69' title="bbox 230 3851 1831 3923; baseline -0.003 -14"><span class='ocrx_word' id='word_1_517' title='bbox 230 3851 662 3921; x_wconf 83' lang='grc' dir='ltr'>ἀποκατεστάθη</span> <span class='ocrx_word' id='word_1_518' title='bbox 694 3855 727 3923; x_wconf 75' lang='grc' dir='ltr'><strong>ἠ</strong></span> <span class='ocrx_word' id='word_1_519' title='bbox 769 3852 893 3921; x_wconf 70' lang='grc' dir='ltr'>χεὶρ</span> <span class='ocrx_word' id='word_1_520' title='bbox 918 3852 1084 3905; x_wconf 77' lang='grc' dir='ltr'>αὑτοῦ</span> <span class='ocrx_word' id='word_1_521' title='bbox 1110 3854 1273 3922; x_wconf 81' lang='grc' dir='ltr'>ὑγιὴς</span> <span class='ocrx_word' id='word_1_522' title='bbox 1307 3852 1437 3921; x_wconf 80' lang='grc' dir='ltr'>ὼςὴ</span> <span class='ocrx_word' id='word_1_523' title='bbox 1471 3851 1629 3921; x_wconf 83' lang='grc' dir='ltr'>ἄλλη.</span> <span class='ocrx_word' id='word_1_524' title='bbox 1662 3851 1831 3904; x_wconf 77' lang='grc' dir='ltr'>Αὐτοὶ</span> 
     </span>
    </p>
   </div>
   <div class='ocr_carea' id='block_1_70' title="bbox 232 3944 1831 4017">
    <p class='ocr_par' dir='ltr' id='par_1_70' title="bbox 232 3944 1831 4017">
     <span class='ocr_line' id='line_1_70' title="bbox 232 3944 1831 4017; baseline -0.003 -16"><span class='ocrx_word' id='word_1_525' title='bbox 232 3948 289 4001; x_wconf 78' lang='grc' dir='ltr'>δὲ</span> <span class='ocrx_word' id='word_1_526' title='bbox 313 3947 668 4017; x_wconf 68' lang='grc' dir='ltr'>ἐπλήσθησαν</span> <span class='ocrx_word' id='word_1_527' title='bbox 698 3950 908 4010; x_wconf 78' lang='grc' dir='ltr'>ἀνοίας,</span> <span class='ocrx_word' id='word_1_528' title='bbox 935 3949 1027 3998; x_wconf 71' lang='grc' dir='ltr'>καὶ</span> <span class='ocrx_word' id='word_1_529' title='bbox 1054 3945 1334 3997; x_wconf 81' lang='grc' dir='ltr'>διελάλουν</span> <span class='ocrx_word' id='word_1_530' title='bbox 1372 3946 1508 4014; x_wconf 72' lang='grc' dir='ltr'>πρὸς</span> <span class='ocrx_word' id='word_1_531' title='bbox 1544 3944 1831 4015; x_wconf 80' lang='grc' dir='ltr'>ἀλλήλους,</span> 
     </span>
    </p>
   </div>
   <div class='ocr_carea' id='block_1_71' title="bbox 232 4038 1833 4109">
    <p class='ocr_par' dir='ltr' id='par_1_71' title="bbox 232 4038 1833 4109">
     <span class='ocr_line' id='line_1_71' title="bbox 232 4038 1833 4109; baseline -0.003 -15"><span class='ocrx_word' id='word_1_532' title='bbox 232 4040 285 4094; x_wconf 85' lang='grc' dir='ltr'><strong>τί</strong></span> <span class='ocrx_word' id='word_1_533' title='bbox 309 4040 377 4094; x_wconf 79' lang='grc' dir='ltr'><strong>ἀν</strong></span> <span class='ocrx_word' id='word_1_534' title='bbox 418 4042 706 4109; x_wconf 86' lang='grc' dir='ltr'>ποιήσειαν</span> <span class='ocrx_word' id='word_1_535' title='bbox 753 4038 833 4107; x_wconf 81' lang='grc' dir='ltr'>τῷ</span> <span class='ocrx_word' id='word_1_536' title='bbox 878 4038 1080 4105; x_wconf 81' lang='grc' dir='ltr'>Ἰησοῦ.</span> <span class='ocrx_word' id='word_1_537' title='bbox 1122 4057 1141 4090; x_wconf 73' lang='grc' dir='ltr'><strong>ι</strong></span> <span class='ocrx_word' id='word_1_538' title='bbox 1174 4038 1318 4090; x_wconf 83' lang='grc' dir='ltr'>Ὅσα</span> <span class='ocrx_word' id='word_1_539' title='bbox 1362 4038 1461 4109; x_wconf 81' lang='grc' dir='ltr'><strong>μὲν</strong></span> <span class='ocrx_word' id='word_1_540' title='bbox 1493 4038 1725 4108; x_wconf 86' lang='grc' dir='ltr'>είπομεν</span> <span class='ocrx_word' id='word_1_541' title='bbox 1775 4038 1833 4090; x_wconf 81' lang='grc' dir='ltr'>ὲν</span> 
     </span>
    </p>
   </div>
   <div class='ocr_carea' id='block_1_72' title="bbox 228 4130 1833 4204">
    <p class='ocr_par' dir='ltr' id='par_1_72' title="bbox 228 4130 1833 4204">
     <span class='ocr_line' id='line_1_72' title="bbox 228 4130 1833 4204; baseline -0.002 -18"><span class='ocrx_word' id='word_1_542' title='bbox 228 4131 310 4204; x_wconf 80' lang='grc' dir='ltr'>τῷ</span> <span class='ocrx_word' id='word_1_543' title='bbox 359 4148 505 4185; x_wconf 82' lang='grc' dir='ltr'>κατα</span> <span class='ocrx_word' id='word_1_544' title='bbox 544 4132 851 4194; x_wconf 82' lang='grc' dir='ltr'>Ματθατον,</span> <span class='ocrx_word' id='word_1_545' title='bbox 888 4132 1045 4199; x_wconf 75' lang='grc' dir='ltr'>δῆλα·</span> <span class='ocrx_word' id='word_1_546' title='bbox 1080 4130 1175 4183; x_wconf 80' lang='grc' dir='ltr'>νῦν</span> <span class='ocrx_word' id='word_1_547' title='bbox 1200 4130 1257 4182; x_wconf 77' lang='grc' dir='ltr'>δὲ</span> <span class='ocrx_word' id='word_1_548' title='bbox 1294 4130 1413 4183; x_wconf 78' lang='grc' dir='ltr'>τόδε</span> <span class='ocrx_word' id='word_1_549' title='bbox 1440 4130 1697 4199; x_wconf 82' lang='grc' dir='ltr'>λέγομεν,</span> <span class='ocrx_word' id='word_1_550' title='bbox 1750 4131 1833 4183; x_wconf 80' lang='grc' dir='ltr'><strong>ὅτι</strong></span> 
     </span>
    </p>
   </div>
   <div class='ocr_carea' id='block_1_73' title="bbox 229 4223 1833 4298">
    <p class='ocr_par' dir='ltr' id='par_1_73' title="bbox 229 4223 1833 4298">
     <span class='ocr_line' id='line_1_73' title="bbox 229 4223 1833 4298; baseline -0.003 -19"><span class='ocrx_word' id='word_1_551' title='bbox 229 4226 406 4298; x_wconf 79' lang='grc' dir='ltr'>ξηράν</span> <span class='ocrx_word' id='word_1_552' title='bbox 440 4225 555 4295; x_wconf 79' lang='grc' dir='ltr'>ἔχει</span> <span class='ocrx_word' id='word_1_553' title='bbox 592 4226 691 4293; x_wconf 82' lang='grc' dir='ltr'>τὴν</span> <span class='ocrx_word' id='word_1_554' title='bbox 717 4226 895 4295; x_wconf 87' lang='grc' dir='ltr'>χεῖρα,</span> <span class='ocrx_word' id='word_1_555' title='bbox 931 4223 987 4287; x_wconf 88' lang='grc' dir='ltr'><strong>δς</strong></span> <span class='ocrx_word' id='word_1_556' title='bbox 1016 4224 1077 4276; x_wconf 79' lang='grc' dir='ltr'><strong>οὐ</strong></span> <span class='ocrx_word' id='word_1_557' title='bbox 1112 4226 1343 4294; x_wconf 76' lang='grc' dir='ltr'>πράττει</span> <span class='ocrx_word' id='word_1_558' title='bbox 1366 4240 1418 4276; x_wconf 90' lang='grc' dir='ltr'><strong>τι</strong></span> <span class='ocrx_word' id='word_1_559' title='bbox 1444 4224 1555 4275; x_wconf 79' lang='grc' dir='ltr'><strong>τῶν</strong></span> <span class='ocrx_word' id='word_1_560' title='bbox 1578 4226 1677 4293; x_wconf 82' lang='grc' dir='ltr'>τῆς</span> <span class='ocrx_word' id='word_1_561' title='bbox 1703 4223 1833 4293; x_wconf 78' lang='grc' dir='ltr'>ἀρε-</span> 
     </span>
    </p>
   </div>
   <div class='ocr_carea' id='block_1_74' title="bbox 226 4316 1833 4389">
    <p class='ocr_par' dir='ltr' id='par_1_74' title="bbox 226 4316 1833 4389">
     <span class='ocr_line' id='line_1_74' title="bbox 226 4316 1833 4389; baseline -0.003 -17"><span class='ocrx_word' id='word_1_562' title='bbox 226 4319 330 4389; x_wconf 79' lang='grc' dir='ltr'>τῆς</span> <span class='ocrx_word' id='word_1_563' title='bbox 367 4318 567 4388; x_wconf 78' lang='grc' dir='ltr'>ἔργων.</span> <span class='ocrx_word' id='word_1_564' title='bbox 609 4318 675 4370; x_wconf 85' lang='grc' dir='ltr'><strong>Ἦ</strong></span> <span class='ocrx_word' id='word_1_565' title='bbox 712 4318 813 4388; x_wconf 82' lang='grc' dir='ltr'><strong>μὲν</strong></span> <span class='ocrx_word' id='word_1_566' title='bbox 854 4318 963 4388; x_wconf 82' lang='grc' dir='ltr'>γὰρ</span> <span class='ocrx_word' id='word_1_567' title='bbox 995 4318 1117 4387; x_wconf 70' lang='grc' dir='ltr'>χεὶρ</span> <span class='ocrx_word' id='word_1_568' title='bbox 1167 4316 1450 4386; x_wconf 72' lang='grc' dir='ltr'>ἐνεργείας</span> <span class='ocrx_word' id='word_1_569' title='bbox 1478 4317 1732 4387; x_wconf 75' lang='grc' dir='ltr'>ὄργανον,</span> <span class='ocrx_word' id='word_1_570' title='bbox 1774 4316 1833 4380; x_wconf 83' lang='grc' dir='ltr'>ὃς</span> 
     </span>
    </p>
   </div>
   <div class='ocr_carea' id='block_1_75' title="bbox 229 4404 1834 4480">
    <p class='ocr_par' dir='ltr' id='par_1_75' title="bbox 229 4404 1834 4480">
     <span class='ocr_line' id='line_1_75' title="bbox 229 4404 1834 4480; baseline -0.002 -14"><span class='ocrx_word' id='word_1_571' title='bbox 229 4412 289 4466; x_wconf 70' lang='grc' dir='ltr'>δὲ</span> <span class='ocrx_word' id='word_1_572' title='bbox 324 4411 624 4480; x_wconf 75' lang='grc' dir='ltr'>ἐξήρανται</span> <span class='ocrx_word' id='word_1_573' title='bbox 674 4410 903 4475; x_wconf 83' lang='grc' dir='ltr'>ταύτην,</span> <span class='ocrx_word' id='word_1_574' title='bbox 967 4412 1132 4478; x_wconf 75' lang='grc' dir='ltr'>ἀργεῖ</span> <span class='ocrx_word' id='word_1_575' title='bbox 1191 4409 1432 4472; x_wconf 86' lang='grc' dir='ltr'>πάντως.</span> <span class='ocrx_word' id='word_1_576' title='bbox 1482 4410 1673 4471; x_wconf 82' lang='grc' dir='ltr'>Ὅστις</span> <span class='ocrx_word' id='word_1_577' title='bbox 1740 4404 1834 4463; x_wconf 79' lang='grc' dir='ltr'><strong>οὖν</strong></span> 
     </span>
    </p>
   </div>
   <div class='ocr_carea' id='block_1_76' title="bbox 234 4500 1834 4571">
    <p class='ocr_par' dir='ltr' id='par_1_76' title="bbox 234 4500 1834 4571">
     <span class='ocr_line' id='line_1_76' title="bbox 234 4500 1834 4571; baseline -0.002 -14"><span class='ocrx_word' id='word_1_578' title='bbox 234 4502 380 4557; x_wconf 78' lang='grc' dir='ltr'>θέλει</span> <span class='ocrx_word' id='word_1_579' title='bbox 408 4502 738 4571; x_wconf 79' lang='grc' dir='ltr'>ὑγιασθῆναι</span> <span class='ocrx_word' id='word_1_580' title='bbox 772 4500 869 4571; x_wconf 83' lang='grc' dir='ltr'>τὴν</span> <span class='ocrx_word' id='word_1_581' title='bbox 906 4503 1083 4569; x_wconf 85' lang='grc' dir='ltr'>χεῖρα,</span> <span class='ocrx_word' id='word_1_582' title='bbox 1121 4501 1177 4552; x_wconf 77' lang='grc' dir='ltr'>ὲν</span> <span class='ocrx_word' id='word_1_583' title='bbox 1210 4501 1288 4570; x_wconf 82' lang='grc' dir='ltr'>τῷ</span> <span class='ocrx_word' id='word_1_584' title='bbox 1327 4500 1594 4571; x_wconf 80' lang='grc' dir='ltr'>Σαϐϐάτῳ</span> <span class='ocrx_word' id='word_1_585' title='bbox 1626 4500 1834 4571; x_wconf 80' lang='grc' dir='ltr'>ταύτην</span> 
     </span>
    </p>
   </div>
   <div class='ocr_carea' id='block_1_77' title="bbox 231 4588 1831 4663">
    <p class='ocr_par' dir='ltr' id='par_1_77' title="bbox 231 4588 1831 4663">
     <span class='ocr_line' id='line_1_77' title="bbox 231 4588 1831 4663; baseline -0.001 -15"><span class='ocrx_word' id='word_1_586' title='bbox 231 4593 649 4663; x_wconf 74' lang='grc' dir='ltr'>ὑγιασθήσεται.</span> <span class='ocrx_word' id='word_1_587' title='bbox 683 4588 810 4645; x_wconf 75' lang='grc' dir='ltr'>Οἷον</span> <span class='ocrx_word' id='word_1_588' title='bbox 842 4594 893 4643; x_wconf 89' lang='grc' dir='ltr'><strong>τί</strong></span> <span class='ocrx_word' id='word_1_589' title='bbox 917 4593 1083 4659; x_wconf 80' lang='grc' dir='ltr'>λέγω·</span> <span class='ocrx_word' id='word_1_590' title='bbox 1122 4593 1237 4644; x_wconf 85' lang='grc' dir='ltr'>Οὐκ</span> <span class='ocrx_word' id='word_1_591' title='bbox 1262 4593 1420 4645; x_wconf 76' lang='grc' dir='ltr'>οὲστιν</span> <span class='ocrx_word' id='word_1_592' title='bbox 1454 4593 1753 4663; x_wconf 74' lang='grc' dir='ltr'>ἐνεργῆσαί</span> <span class='ocrx_word' id='word_1_593' title='bbox 1780 4611 1831 4646; x_wconf 89' lang='grc' dir='ltr'><strong>τι</strong></span> 
     </span>
    </p>
   </div>
   <div class='ocr_carea' id='block_1_78' title="bbox 230 4683 1829 4755">
    <p class='ocr_par' dir='ltr' id='par_1_78' title="bbox 230 4683 1829 4755">
     <span class='ocr_line' id='line_1_78' title="bbox 230 4683 1829 4755; baseline -0.001 -16"><span class='ocrx_word' id='word_1_594' title='bbox 230 4686 342 4739; x_wconf 84' lang='grc' dir='ltr'>τῶν</span> <span class='ocrx_word' id='word_1_595' title='bbox 383 4686 484 4754; x_wconf 83' lang='grc' dir='ltr'>τῆς</span> <span class='ocrx_word' id='word_1_596' title='bbox 513 4685 713 4753; x_wconf 79' lang='grc' dir='ltr'>ἀρετῆς</span> <span class='ocrx_word' id='word_1_597' title='bbox 764 4683 968 4753; x_wconf 81' lang='grc' dir='ltr'>ἔργων,</span> <span class='ocrx_word' id='word_1_598' title='bbox 1006 4686 1102 4736; x_wconf 71' lang='grc' dir='ltr'>ἐὰν</span> <span class='ocrx_word' id='word_1_599' title='bbox 1139 4683 1214 4754; x_wconf 81' lang='grc' dir='ltr'><strong>μὴ</strong></span> <span class='ocrx_word' id='word_1_600' title='bbox 1246 4684 1429 4755; x_wconf 76' lang='grc' dir='ltr'>παυθῇ</span> <span class='ocrx_word' id='word_1_601' title='bbox 1461 4702 1543 4747; x_wconf 92' lang='grc' dir='ltr'><strong>τις</strong></span> <span class='ocrx_word' id='word_1_602' title='bbox 1577 4685 1687 4738; x_wconf 86' lang='grc' dir='ltr'><strong>ἀπὸ</strong></span> <span class='ocrx_word' id='word_1_603' title='bbox 1732 4687 1829 4755; x_wconf 76' lang='grc' dir='ltr'>τῆς</span> 
     </span>
    </p>
   </div>
   <div class='ocr_carea' id='block_1_79' title="bbox 231 4777 1837 4847">
    <p class='ocr_par' dir='ltr' id='par_1_79' title="bbox 231 4777 1837 4847">
     <span class='ocr_line' id='line_1_79' title="bbox 231 4777 1837 4847; baseline 0 -15"><span class='ocrx_word' id='word_1_604' title='bbox 231 4777 435 4841; x_wconf 77' lang='grc' dir='ltr'>κακίας</span> <span class='ocrx_word' id='word_1_605' title='bbox 492 4777 781 4830; x_wconf 86' lang='grc' dir='ltr'>’Έκκλινον</span> <span class='ocrx_word' id='word_1_606' title='bbox 822 4778 1174 4847; x_wconf 80' lang='grc' dir='ltr'>γάρπρῶτον</span> <span class='ocrx_word' id='word_1_607' title='bbox 1227 4778 1335 4830; x_wconf 83' lang='grc' dir='ltr'><strong>ἀπὸ</strong></span> <span class='ocrx_word' id='word_1_608' title='bbox 1372 4778 1468 4831; x_wconf 84' lang='grc' dir='ltr'>τοῦ</span> <span class='ocrx_word' id='word_1_609' title='bbox 1508 4779 1706 4843; x_wconf 76' lang='grc' dir='ltr'>κακοῦ,</span> <span class='ocrx_word' id='word_1_610' title='bbox 1740 4778 1837 4832; x_wconf 74' lang='grc' dir='ltr'>καὶ</span> 
     </span>
    </p>
   </div>
   <div class='ocr_carea' id='block_1_80' title="bbox 232 4866 1831 4943">
    <p class='ocr_par' dir='ltr' id='par_1_80' title="bbox 232 4866 1831 4943">
     <span class='ocr_line' id='line_1_80' title="bbox 232 4866 1831 4943; baseline -0.003 -18"><span class='ocrx_word' id='word_1_611' title='bbox 232 4874 359 4926; x_wconf 87' lang='grc' dir='ltr'>τότε</span> <span class='ocrx_word' id='word_1_612' title='bbox 409 4870 639 4940; x_wconf 88' lang='grc' dir='ltr'>ποίησον</span> <span class='ocrx_word' id='word_1_613' title='bbox 701 4870 764 4921; x_wconf 82' lang='grc' dir='ltr'>τὸ</span> <span class='ocrx_word' id='word_1_614' title='bbox 819 4869 1048 4934; x_wconf 79' lang='grc' dir='ltr'>ἀγαθόν.</span> <span class='ocrx_word' id='word_1_615' title='bbox 1092 4870 1263 4924; x_wconf 81' lang='grc' dir='ltr'>Ὅταν</span> <span class='ocrx_word' id='word_1_616' title='bbox 1319 4866 1413 4924; x_wconf 80' lang='grc' dir='ltr'><strong>οὖν</strong></span> <span class='ocrx_word' id='word_1_617' title='bbox 1470 4872 1831 4943; x_wconf 76' lang='grc' dir='ltr'>σαϐϐατίσῃς,</span> 
     </span>
    </p>
   </div>
   <div class='ocr_carea' id='block_1_81' title="bbox 230 4956 1833 5033">
    <p class='ocr_par' dir='ltr' id='par_1_81' title="bbox 230 4956 1833 5033">
     <span class='ocr_line' id='line_1_81' title="bbox 230 4956 1833 5033; baseline 0.001 -22"><span class='ocrx_word' id='word_1_618' title='bbox 230 4956 541 5021; x_wconf 82' lang='grc' dir='ltr'>τουτέστιν,</span> <span class='ocrx_word' id='word_1_619' title='bbox 570 4959 824 5029; x_wconf 79' lang='grc' dir='ltr'>άργήσῃς</span> <span class='ocrx_word' id='word_1_620' title='bbox 850 4959 956 5011; x_wconf 77' lang='grc' dir='ltr'><strong>ἀπὸ</strong></span> <span class='ocrx_word' id='word_1_621' title='bbox 978 4958 1088 5013; x_wconf 85' lang='grc' dir='ltr'><strong>τῶν</strong></span> <span class='ocrx_word' id='word_1_622' title='bbox 1122 4960 1223 5027; x_wconf 82' lang='grc' dir='ltr'>τῆς</span> <span class='ocrx_word' id='word_1_623' title='bbox 1260 4960 1462 5025; x_wconf 87' lang='grc' dir='ltr'>κακίας</span> <span class='ocrx_word' id='word_1_624' title='bbox 1488 4962 1690 5033; x_wconf 74' lang='grc' dir='ltr'>ἔργων,</span> <span class='ocrx_word' id='word_1_625' title='bbox 1710 4963 1833 5014; x_wconf 88' lang='grc' dir='ltr'>τότε</span> 
     </span>
    </p>
   </div>
   <div class='ocr_carea' id='block_1_82' title="bbox 204 5052 1833 5125">
    <p class='ocr_par' dir='ltr' id='par_1_82' title="bbox 204 5052 1833 5125">
     <span class='ocr_line' id='line_1_82' title="bbox 204 5052 1833 5125; baseline 0.004 -23"><span class='ocrx_word' id='word_1_626' title='bbox 204 5052 479 5111; x_wconf 53' lang='grc' dir='ltr'>νὲκτενείς</span> <span class='ocrx_word' id='word_1_627' title='bbox 518 5067 610 5102; x_wconf 90' lang='grc' dir='ltr'><strong>σου</strong></span> <span class='ocrx_word' id='word_1_628' title='bbox 639 5053 737 5121; x_wconf 81' lang='grc' dir='ltr'>τὴν</span> <span class='ocrx_word' id='word_1_629' title='bbox 764 5056 923 5122; x_wconf 87' lang='grc' dir='ltr'>χεῖρα</span> <span class='ocrx_word' id='word_1_630' title='bbox 954 5054 1047 5104; x_wconf 69' lang='grc' dir='ltr'><strong>ἐπὶ</strong></span> <span class='ocrx_word' id='word_1_631' title='bbox 1085 5052 1155 5105; x_wconf 85' lang='grc' dir='ltr'>τὰ</span> <span class='ocrx_word' id='word_1_632' title='bbox 1180 5054 1276 5123; x_wconf 84' lang='grc' dir='ltr'>τῆς</span> <span class='ocrx_word' id='word_1_633' title='bbox 1305 5056 1528 5125; x_wconf 78' lang='grc' dir='ltr'>ἀρετῆς,</span> <span class='ocrx_word' id='word_1_634' title='bbox 1564 5058 1656 5108; x_wconf 74' lang='grc' dir='ltr'><strong>καὶ</strong></span> <span class='ocrx_word' id='word_1_635' title='bbox 1692 5057 1833 5108; x_wconf 88' lang='grc' dir='ltr'>ἀπο-</span> 
     </span>
    </p>
   </div>
   <div class='ocr_carea' id='block_1_83' title="bbox 232 5141 1827 5213">
    <p class='ocr_par' dir='ltr' id='par_1_83' title="bbox 232 5141 1827 5213">
     <span class='ocr_line' id='line_1_83' title="bbox 232 5141 1827 5213; baseline 0.003 -21"><span class='ocrx_word' id='word_1_636' title='bbox 232 5142 645 5209; x_wconf 81' lang='grc' dir='ltr'>καταστήσεταί</span> <span class='ocrx_word' id='word_1_637' title='bbox 690 5159 773 5193; x_wconf 90' lang='grc' dir='ltr'><strong>σοι</strong></span> <span class='ocrx_word' id='word_1_638' title='bbox 811 5142 971 5213; x_wconf 70' lang='grc' dir='ltr'>αὕτη.</span> <span class='ocrx_word' id='word_1_639' title='bbox 1024 5142 1264 5208; x_wconf 82' lang='grc' dir='ltr'>Είκότως</span> <span class='ocrx_word' id='word_1_640' title='bbox 1294 5144 1349 5197; x_wconf 87' lang='grc' dir='ltr'>δὲ</span> <span class='ocrx_word' id='word_1_641' title='bbox 1374 5141 1495 5198; x_wconf 77' lang='grc' dir='ltr'>εἷπε</span> <span class='ocrx_word' id='word_1_642' title='bbox 1525 5146 1610 5209; x_wconf 81' lang='grc' dir='ltr'><strong>τὸ,</strong></span> <span class='ocrx_word' id='word_1_643' title='bbox 1653 5146 1827 5199; x_wconf 75' lang='grc' dir='ltr'>Ἀπο-</span> 
     </span>
    </p>
   </div>
   <div class='ocr_carea' id='block_1_84' title="bbox 232 5230 1829 5309">
    <p class='ocr_par' dir='ltr' id='par_1_84' title="bbox 232 5230 1829 5309">
     <span class='ocr_line' id='line_1_84' title="bbox 232 5230 1829 5309; baseline 0.003 -22"><span class='ocrx_word' id='word_1_644' title='bbox 232 5234 575 5305; x_wconf 80' lang='grc' dir='ltr'>κατεστάθη.</span> <span class='ocrx_word' id='word_1_645' title='bbox 608 5230 719 5288; x_wconf 64' lang='grc' dir='ltr'><strong>*Ην</strong></span> <span class='ocrx_word' id='word_1_646' title='bbox 751 5237 861 5305; x_wconf 83' lang='grc' dir='ltr'><strong>γάρ</strong></span> <span class='ocrx_word' id='word_1_647' title='bbox 919 5238 1009 5289; x_wconf 86' lang='grc' dir='ltr'>ὅτε</span> <span class='ocrx_word' id='word_1_648' title='bbox 1061 5239 1094 5309; x_wconf 81' lang='grc' dir='ltr'>ή</span> <span class='ocrx_word' id='word_1_649' title='bbox 1136 5237 1459 5307; x_wconf 84' lang='grc' dir='ltr'>ἀνθρωπίνη</span> <span class='ocrx_word' id='word_1_650' title='bbox 1498 5238 1662 5306; x_wconf 81' lang='grc' dir='ltr'>φύσις</span> <span class='ocrx_word' id='word_1_651' title='bbox 1716 5236 1829 5308; x_wconf 79' lang='grc' dir='ltr'>εἶχε</span> 
     </span>
    </p>
   </div>
   <div class='ocr_carea' id='block_1_85' title="bbox 230 5328 1834 5400">
    <p class='ocr_par' dir='ltr' id='par_1_85' title="bbox 230 5328 1834 5400">
     <span class='ocr_line' id='line_1_85' title="bbox 230 5328 1834 5400; baseline 0 -18"><span class='ocrx_word' id='word_1_652' title='bbox 230 5328 330 5397; x_wconf 79' lang='grc' dir='ltr'><strong>τὴν</strong></span> <span class='ocrx_word' id='word_1_653' title='bbox 396 5328 666 5399; x_wconf 74' lang='grc' dir='ltr'>ἐργασίαν</span> <span class='ocrx_word' id='word_1_654' title='bbox 702 5329 797 5381; x_wconf 78' lang='grc' dir='ltr'>τοῦ</span> <span class='ocrx_word' id='word_1_655' title='bbox 860 5329 1052 5395; x_wconf 74' lang='grc' dir='ltr'>καλοῦ,</span> <span class='ocrx_word' id='word_1_656' title='bbox 1098 5331 1192 5382; x_wconf 70' lang='grc' dir='ltr'><strong>καὶ</strong></span> <span class='ocrx_word' id='word_1_657' title='bbox 1233 5331 1331 5400; x_wconf 83' lang='grc' dir='ltr'>τὴν</span> <span class='ocrx_word' id='word_1_658' title='bbox 1363 5332 1545 5400; x_wconf 84' lang='grc' dir='ltr'>χεῖρα,</span> <span class='ocrx_word' id='word_1_659' title='bbox 1582 5330 1834 5383; x_wconf 81' lang='grc' dir='ltr'>τουτέστι</span> 
     </span>
    </p>
   </div>
   <div class='ocr_carea' id='block_1_86' title="bbox 1944 3386 3553 3460">
    <p class='ocr_par' dir='ltr' id='par_1_86' title="bbox 1944 3386 3553 3460">
     <span class='ocr_line' id='line_1_86' title="bbox 1944 3386 3553 3460; baseline -0.002 -14"><span class='ocrx_word' id='word_1_660' title='bbox 1944 3392 2149 3460; x_wconf 80' lang='lat' dir='ltr'><strong>rogabo</strong></span> <span class='ocrx_word' id='word_1_661' title='bbox 2206 3407 2326 3457; x_wconf 87' lang='lat' dir='ltr'><strong>vos,</strong></span> <span class='ocrx_word' id='word_1_662' title='bbox 2370 3399 2555 3444; x_wconf 84' lang='lat' dir='ltr'><strong>utrum</strong></span> <span class='ocrx_word' id='word_1_663' title='bbox 2618 3388 2745 3441; x_wconf 90' lang='lat' dir='ltr'><strong>licet</strong></span> <span class='ocrx_word' id='word_1_664' title='bbox 2797 3386 3055 3443; x_wconf 90' lang='lat' dir='ltr'><strong>Sabbatis</strong></span> <span class='ocrx_word' id='word_1_665' title='bbox 3094 3386 3441 3455; x_wconf 81' lang='lat' dir='ltr'><strong>benefacere,</strong></span> <span class='ocrx_word' id='word_1_666' title='bbox 3478 3404 3553 3443; x_wconf 75' lang='lat' dir='ltr'><strong>au</strong></span> 
     </span>
    </p>
   </div>
   <div class='ocr_carea' id='block_1_87' title="bbox 1941 3481 3549 3552">
    <p class='ocr_par' dir='ltr' id='par_1_87' title="bbox 1941 3481 3549 3552">
     <span class='ocr_line' id='line_1_87' title="bbox 1941 3481 3549 3552; baseline -0.003 -13"><span class='ocrx_word' id='word_1_667' title='bbox 1941 3485 2304 3539; x_wconf 77' lang='lat' dir='ltr'><strong>malefncere?</strong></span> <span class='ocrx_word' id='word_1_668' title='bbox 2334 3487 2577 3539; x_wconf 87' lang='lat' dir='ltr'><strong>animam</strong></span> <span class='ocrx_word' id='word_1_669' title='bbox 2614 3500 2859 3550; x_wconf 89' lang='lat' dir='ltr'><strong>servare,</strong></span> <span class='ocrx_word' id='word_1_670' title='bbox 2911 3498 2982 3536; x_wconf 88' lang='lat' dir='ltr'><strong>an</strong></span> <span class='ocrx_word' id='word_1_671' title='bbox 3018 3483 3292 3552; x_wconf 76' lang='lat' dir='ltr'><strong>perdere?</strong></span> <span class='ocrx_word' id='word_1_672' title='bbox 3340 3481 3408 3535; x_wconf 86' lang='lat' dir='ltr'><strong>Et</strong></span> <span class='ocrx_word' id='word_1_673' title='bbox 3438 3483 3549 3535; x_wconf 84' lang='lat' dir='ltr'><strong>cir-</strong></span> 
     </span>
    </p>
   </div>
   <div class='ocr_carea' id='block_1_88' title="bbox 1940 3574 3552 3647">
    <p class='ocr_par' dir='ltr' id='par_1_88' title="bbox 1940 3574 3552 3647">
     <span class='ocr_line' id='line_1_88' title="bbox 1940 3574 3552 3647; baseline -0.002 -16"><span class='ocrx_word' id='word_1_674' title='bbox 1940 3578 2276 3647; x_wconf 76' lang='lat' dir='ltr'><strong>cumspeCtis</strong></span> <span class='ocrx_word' id='word_1_675' title='bbox 2298 3579 2555 3633; x_wconf 91' lang='lat' dir='ltr'><strong>omnibus</strong></span> <span class='ocrx_word' id='word_1_676' title='bbox 2584 3577 2725 3633; x_wconf 81' lang='lat' dir='ltr'><strong>dixit</strong></span> <span class='ocrx_word' id='word_1_677' title='bbox 2757 3576 2988 3639; x_wconf 90' lang='lat' dir='ltr'><strong>homini,</strong></span> <span class='ocrx_word' id='word_1_678' title='bbox 3031 3574 3276 3631; x_wconf 81' lang='lat' dir='ltr'><strong>Extende</strong></span> <span class='ocrx_word' id='word_1_679' title='bbox 3320 3590 3552 3629; x_wconf 86' lang='lat' dir='ltr'><strong>manum</strong></span> 
     </span>
    </p>
   </div>
   <div class='ocr_carea' id='block_1_89' title="bbox 1942 3668 3557 3737">
    <p class='ocr_par' dir='ltr' id='par_1_89' title="bbox 1942 3668 3557 3737">
     <span class='ocr_line' id='line_1_89' title="bbox 1942 3668 3557 3737; baseline 0.001 -14"><span class='ocrx_word' id='word_1_680' title='bbox 1942 3682 2112 3725; x_wconf 87' lang='lat' dir='ltr'><strong>tuam.</strong></span> <span class='ocrx_word' id='word_1_681' title='bbox 2147 3671 2239 3723; x_wconf 91' lang='lat' dir='ltr'><strong>Ille</strong></span> <span class='ocrx_word' id='word_1_682' title='bbox 2268 3681 2449 3725; x_wconf 89' lang='lat' dir='ltr'><strong>autem</strong></span> <span class='ocrx_word' id='word_1_683' title='bbox 2489 3671 2638 3735; x_wconf 73' lang='lat' dir='ltr'><strong>fecit,</strong></span> <span class='ocrx_word' id='word_1_684' title='bbox 2677 3680 2735 3725; x_wconf 91' lang='lat' dir='ltr'><strong>et</strong></span> <span class='ocrx_word' id='word_1_685' title='bbox 2760 3670 3013 3724; x_wconf 88' lang='lat' dir='ltr'><strong>restituta</strong></span> <span class='ocrx_word' id='word_1_686' title='bbox 3068 3678 3151 3725; x_wconf 91' lang='lat' dir='ltr'><strong>est</strong></span> <span class='ocrx_word' id='word_1_687' title='bbox 3212 3684 3409 3723; x_wconf 81' lang='lat' dir='ltr'><strong>manus</strong></span> <span class='ocrx_word' id='word_1_688' title='bbox 3438 3668 3557 3737; x_wconf 82' lang='lat' dir='ltr'><strong>ejus</strong></span> 
     </span>
    </p>
   </div>
   <div class='ocr_carea' id='block_1_90' title="bbox 1941 3762 3557 3834">
    <p class='ocr_par' dir='ltr' id='par_1_90' title="bbox 1941 3762 3557 3834">
     <span class='ocr_line' id='line_1_90' title="bbox 1941 3762 3557 3834; baseline -0.002 -15"><span class='ocrx_word' id='word_1_689' title='bbox 1941 3780 2071 3819; x_wconf 89' lang='lat' dir='ltr'><strong>sana</strong></span> <span class='ocrx_word' id='word_1_690' title='bbox 2100 3764 2244 3817; x_wconf 85' lang='lat' dir='ltr'><strong>sicut</strong></span> <span class='ocrx_word' id='word_1_691' title='bbox 2273 3762 2465 3817; x_wconf 90' lang='lat' dir='ltr'><strong>altera.</strong></span> <span class='ocrx_word' id='word_1_692' title='bbox 2508 3764 2614 3834; x_wconf 92' lang='lat' dir='ltr'><strong>Ipsi</strong></span> <span class='ocrx_word' id='word_1_693' title='bbox 2648 3774 2832 3817; x_wconf 59' lang='lat' dir='ltr'><strong>autem</strong></span> <span class='ocrx_word' id='word_1_694' title='bbox 2889 3762 3080 3832; x_wconf 79' lang='lat' dir='ltr'><strong>repleti</strong></span> <span class='ocrx_word' id='word_1_695' title='bbox 3121 3771 3251 3817; x_wconf 90' lang='lat' dir='ltr'><strong>sunt</strong></span> <span class='ocrx_word' id='word_1_696' title='bbox 3287 3763 3557 3829; x_wconf 86' lang='lat' dir='ltr'><strong>amentia,</strong></span> 
     </span>
    </p>
   </div>
   <div class='ocr_carea' id='block_1_91' title="bbox 1938 3852 3548 3927">
    <p class='ocr_par' dir='ltr' id='par_1_91' title="bbox 1938 3852 3548 3927">
     <span class='ocr_line' id='line_1_91' title="bbox 1938 3852 3548 3927; baseline -0.004 -13"><span class='ocrx_word' id='word_1_697' title='bbox 1938 3870 1993 3914; x_wconf 92' lang='lat' dir='ltr'><strong>et</strong></span> <span class='ocrx_word' id='word_1_698' title='bbox 2017 3858 2471 3927; x_wconf 89' lang='lat' dir='ltr'><strong>colloquebautur</strong></span> <span class='ocrx_word' id='word_1_699' title='bbox 2492 3857 2634 3911; x_wconf 92' lang='lat' dir='ltr'><strong>inter</strong></span> <span class='ocrx_word' id='word_1_700' title='bbox 2656 3871 2778 3911; x_wconf 88' lang='lat' dir='ltr'><strong>sese</strong></span> <span class='ocrx_word' id='word_1_701' title='bbox 2797 3855 3057 3924; x_wconf 90' lang='lat' dir='ltr'><strong>quidnam</strong></span> <span class='ocrx_word' id='word_1_702' title='bbox 3084 3854 3331 3910; x_wconf 82' lang='lat' dir='ltr'><strong>facerent</strong></span> <span class='ocrx_word' id='word_1_703' title='bbox 3346 3852 3497 3910; x_wconf 82' lang='lat' dir='ltr'><strong>Jesu.</strong></span> <span class='ocrx_word' id='word_1_704' title='bbox 3529 3876 3548 3907; x_wconf 77' lang='grc' dir='ltr'><strong><em>ο</em></strong></span> 
     </span>
    </p>
   </div>
   <div class='ocr_carea' id='block_1_92' title="bbox 1940 3947 3553 4020">
    <p class='ocr_par' dir='ltr' id='par_1_92' title="bbox 1940 3947 3553 4020">
     <span class='ocr_line' id='line_1_92' title="bbox 1940 3947 3553 4020; baseline -0.001 -14"><span class='ocrx_word' id='word_1_705' title='bbox 1940 3954 2072 4020; x_wconf 76' lang='lat' dir='ltr'><strong>Quae</strong></span> <span class='ocrx_word' id='word_1_706' title='bbox 2126 3952 2367 4007; x_wconf 84' lang='lat' dir='ltr'><strong>diximus</strong></span> <span class='ocrx_word' id='word_1_707' title='bbox 2390 3952 2443 4005; x_wconf 92' lang='lat' dir='ltr'><strong>in</strong></span> <span class='ocrx_word' id='word_1_708' title='bbox 2474 3949 2754 4011; x_wconf 68' lang='lat' dir='ltr'><strong>Matthazo,</strong></span> <span class='ocrx_word' id='word_1_709' title='bbox 2814 3947 3111 4003; x_wconf 81' lang='lat' dir='ltr'><strong>manifesta</strong></span> <span class='ocrx_word' id='word_1_710' title='bbox 3163 3958 3333 4003; x_wconf 88' lang='lat' dir='ltr'><strong>sunt:</strong></span> <span class='ocrx_word' id='word_1_711' title='bbox 3406 3965 3553 4004; x_wconf 89' lang='lat' dir='ltr'><strong>nunc</strong></span> 
     </span>
    </p>
   </div>
   <div class='ocr_carea' id='block_1_93' title="bbox 1940 4039 3552 4111">
    <p class='ocr_par' dir='ltr' id='par_1_93' title="bbox 1940 4039 3552 4111">
     <span class='ocr_line' id='line_1_93' title="bbox 1940 4039 3552 4111; baseline -0.004 -13"><span class='ocrx_word' id='word_1_712' title='bbox 1940 4056 2125 4099; x_wconf 85' lang='lat' dir='ltr'><strong>autem</strong></span> <span class='ocrx_word' id='word_1_713' title='bbox 2177 4045 2277 4098; x_wconf 91' lang='lat' dir='ltr'><strong>hoc</strong></span> <span class='ocrx_word' id='word_1_714' title='bbox 2332 4043 2584 4109; x_wconf 87' lang='lat' dir='ltr'><strong>dicimus,</strong></span> <span class='ocrx_word' id='word_1_715' title='bbox 2634 4040 2779 4111; x_wconf 90' lang='lat' dir='ltr'><strong>quod</strong></span> <span class='ocrx_word' id='word_1_716' title='bbox 2838 4039 3051 4094; x_wconf 85' lang='lat' dir='ltr'><strong>aridam</strong></span> <span class='ocrx_word' id='word_1_717' title='bbox 3096 4055 3319 4094; x_wconf 86' lang='lat' dir='ltr'><strong>manum</strong></span> <span class='ocrx_word' id='word_1_718' title='bbox 3368 4040 3552 4102; x_wconf 89' lang='lat' dir='ltr'><strong>habet,</strong></span> 
     </span>
    </p>
   </div>
   <div class='ocr_carea' id='block_1_94' title="bbox 1941 4130 3554 4205">
    <p class='ocr_par' dir='ltr' id='par_1_94' title="bbox 1941 4130 3554 4205">
     <span class='ocr_line' id='line_1_94' title="bbox 1941 4130 3554 4205; baseline -0.002 -16"><span class='ocrx_word' id='word_1_719' title='bbox 1941 4138 2032 4205; x_wconf 87' lang='lat' dir='ltr'><strong>qui</strong></span> <span class='ocrx_word' id='word_1_720' title='bbox 2060 4134 2210 4189; x_wconf 92' lang='lat' dir='ltr'><strong>nulla</strong></span> <span class='ocrx_word' id='word_1_721' title='bbox 2233 4134 2497 4189; x_wconf 87' lang='lat' dir='ltr'><strong>virtutum</strong></span> <span class='ocrx_word' id='word_1_722' title='bbox 2521 4147 2687 4202; x_wconf 90' lang='lat' dir='ltr'><strong>opera</strong></span> <span class='ocrx_word' id='word_1_723' title='bbox 2714 4130 2865 4187; x_wconf 79' lang='lat' dir='ltr'><strong>facit.</strong></span> <span class='ocrx_word' id='word_1_724' title='bbox 2894 4131 3087 4185; x_wconf 81' lang='lat' dir='ltr'><strong>Manus</strong></span> <span class='ocrx_word' id='word_1_725' title='bbox 3115 4131 3261 4185; x_wconf 90' lang='lat' dir='ltr'><strong>enim</strong></span> <span class='ocrx_word' id='word_1_726' title='bbox 3287 4133 3554 4201; x_wconf 84' lang='lat' dir='ltr'><strong>operandi</strong></span> 
     </span>
    </p>
   </div>
   <div class='ocr_carea' id='block_1_95' title="bbox 1939 4223 3551 4297">
    <p class='ocr_par' dir='ltr' id='par_1_95' title="bbox 1939 4223 3551 4297">
     <span class='ocr_line' id='line_1_95' title="bbox 1939 4223 3551 4297; baseline -0.004 -15"><span class='ocrx_word' id='word_1_727' title='bbox 1939 4242 2208 4297; x_wconf 81' lang='lat' dir='ltr'><strong>organum</strong></span> <span class='ocrx_word' id='word_1_728' title='bbox 2259 4237 2344 4281; x_wconf 92' lang='lat' dir='ltr'><strong>est</strong></span> <span class='ocrx_word' id='word_1_729' title='bbox 2401 4242 2415 4280; x_wconf 90' lang='lat'><strong>:</strong></span> <span class='ocrx_word' id='word_1_730' title='bbox 2464 4226 2550 4279; x_wconf 91' lang='lat' dir='ltr'><strong>cui</strong></span> <span class='ocrx_word' id='word_1_731' title='bbox 2606 4235 2787 4279; x_wconf 88' lang='lat' dir='ltr'><strong>autem</strong></span> <span class='ocrx_word' id='word_1_732' title='bbox 2821 4224 2908 4278; x_wconf 74' lang='lat' dir='ltr'><strong>illa</strong></span> <span class='ocrx_word' id='word_1_733' title='bbox 2946 4225 3167 4287; x_wconf 88' lang='lat' dir='ltr'><strong>arescit,</strong></span> <span class='ocrx_word' id='word_1_734' title='bbox 3215 4223 3259 4277; x_wconf 91' lang='lat' dir='ltr'><strong>is</strong></span> <span class='ocrx_word' id='word_1_735' title='bbox 3316 4223 3551 4279; x_wconf 88' lang='lat' dir='ltr'><strong>omnino</strong></span> 
     </span>
    </p>
   </div>
   <div class='ocr_carea' id='block_1_96' title="bbox 1938 4316 3549 4389">
    <p class='ocr_par' dir='ltr' id='par_1_96' title="bbox 1938 4316 3549 4389">
     <span class='ocr_line' id='line_1_96' title="bbox 1938 4316 3549 4389; baseline -0.005 -13"><span class='ocrx_word' id='word_1_736' title='bbox 1938 4322 2147 4376; x_wconf 87' lang='lat' dir='ltr'><strong>otiosus</strong></span> <span class='ocrx_word' id='word_1_737' title='bbox 2176 4331 2279 4376; x_wconf 89' lang='lat' dir='ltr'><strong>est.</strong></span> <span class='ocrx_word' id='word_1_738' title='bbox 2316 4320 2375 4375; x_wconf 88' lang='lat' dir='ltr'><strong>Si</strong></span> <span class='ocrx_word' id='word_1_739' title='bbox 2429 4320 2555 4389; x_wconf 88' lang='lat' dir='ltr'><strong>quis</strong></span> <span class='ocrx_word' id='word_1_740' title='bbox 2603 4319 2769 4388; x_wconf 86' lang='lat' dir='ltr'><strong>igitur</strong></span> <span class='ocrx_word' id='word_1_741' title='bbox 2818 4335 3041 4372; x_wconf 85' lang='lat' dir='ltr'><strong>manum</strong></span> <span class='ocrx_word' id='word_1_742' title='bbox 3092 4316 3275 4371; x_wconf 90' lang='lat' dir='ltr'><strong>sanari</strong></span> <span class='ocrx_word' id='word_1_743' title='bbox 3326 4318 3460 4382; x_wconf 86' lang='lat' dir='ltr'><strong>vult,</strong></span> <span class='ocrx_word' id='word_1_744' title='bbox 3497 4316 3549 4369; x_wconf 89' lang='lat' dir='ltr'><strong>in</strong></span> 
     </span>
    </p>
   </div>
   <div class='ocr_carea' id='block_1_97' title="bbox 1943 4411 3549 4481">
    <p class='ocr_par' dir='ltr' id='par_1_97' title="bbox 1943 4411 3549 4481">
     <span class='ocr_line' id='line_1_97' title="bbox 1943 4411 3549 4481; baseline -0.002 -13"><span class='ocrx_word' id='word_1_745' title='bbox 1943 4414 2186 4470; x_wconf 87' lang='lat' dir='ltr'><strong>Sabbato</strong></span> <span class='ocrx_word' id='word_1_746' title='bbox 2215 4415 2361 4467; x_wconf 91' lang='lat' dir='ltr'><strong>illam</strong></span> <span class='ocrx_word' id='word_1_747' title='bbox 2402 4413 2732 4468; x_wconf 80' lang='lat' dir='ltr'><strong>sanctiﬁcet.</strong></span> <span class='ocrx_word' id='word_1_748' title='bbox 2771 4412 2960 4481; x_wconf 82' lang='lat' dir='ltr'><strong>Neque</strong></span> <span class='ocrx_word' id='word_1_749' title='bbox 2987 4412 3134 4465; x_wconf 91' lang='lat' dir='ltr'><strong>enim</strong></span> <span class='ocrx_word' id='word_1_750' title='bbox 3189 4417 3370 4479; x_wconf 86' lang='lat' dir='ltr'><strong>potest</strong></span> <span class='ocrx_word' id='word_1_751' title='bbox 3423 4411 3549 4479; x_wconf 88' lang='lat' dir='ltr'><strong>quis</strong></span> 
     </span>
    </p>
   </div>
   <div class='ocr_carea' id='block_1_98' title="bbox 1940 4502 3551 4573">
    <p class='ocr_par' dir='ltr' id='par_1_98' title="bbox 1940 4502 3551 4573">
     <span class='ocr_line' id='line_1_98' title="bbox 1940 4502 3551 4573; baseline -0.001 -16"><span class='ocrx_word' id='word_1_752' title='bbox 1940 4519 2108 4573; x_wconf 87' lang='lat' dir='ltr'><strong>opera</strong></span> <span class='ocrx_word' id='word_1_753' title='bbox 2149 4505 2410 4557; x_wconf 89' lang='lat' dir='ltr'><strong>virtutum</strong></span> <span class='ocrx_word' id='word_1_754' title='bbox 2448 4505 2653 4570; x_wconf 77' lang='lat' dir='ltr'><strong>facere,</strong></span> <span class='ocrx_word' id='word_1_755' title='bbox 2697 4504 2805 4557; x_wconf 85' lang='lat' dir='ltr'><strong>nisi</strong></span> <span class='ocrx_word' id='word_1_756' title='bbox 2838 4502 2990 4572; x_wconf 90' lang='lat' dir='ltr'><strong>prius</strong></span> <span class='ocrx_word' id='word_1_757' title='bbox 3021 4518 3047 4554; x_wconf 88' lang='lat' dir='ltr'><strong>a</strong></span> <span class='ocrx_word' id='word_1_758' title='bbox 3099 4503 3307 4555; x_wconf 87' lang='lat' dir='ltr'><strong>malitia</strong></span> <span class='ocrx_word' id='word_1_759' title='bbox 3347 4512 3551 4555; x_wconf 61' lang='lat' dir='ltr'><strong>cesset.</strong></span> 
     </span>
    </p>
   </div>
   <div class='ocr_carea' id='block_1_99' title="bbox 1942 4593 3553 4665">
    <p class='ocr_par' dir='ltr' id='par_1_99' title="bbox 1942 4593 3553 4665">
     <span class='ocr_line' id='line_1_99' title="bbox 1942 4593 3553 4665; baseline 0.001 -17"><span class='ocrx_word' id='word_1_760' title='bbox 1942 4595 2165 4650; x_wconf 88' lang='lat' dir='ltr'><strong>Declina</strong></span> <span class='ocrx_word' id='word_1_761' title='bbox 2207 4597 2375 4663; x_wconf 87' lang='lat' dir='ltr'><strong>enim,</strong></span> <span class='ocrx_word' id='word_1_762' title='bbox 2409 4596 2604 4665; x_wconf 90' lang='lat' dir='ltr'><strong>inquit,</strong></span> <span class='ocrx_word' id='word_1_763' title='bbox 2670 4596 2847 4665; x_wconf 84' lang='lat' dir='ltr'><strong>primo</strong></span> <span class='ocrx_word' id='word_1_764' title='bbox 2897 4611 2925 4648; x_wconf 89' lang='lat' dir='ltr'><strong>a</strong></span> <span class='ocrx_word' id='word_1_765' title='bbox 2965 4596 3135 4658; x_wconf 84' lang='lat' dir='ltr'><strong>malo,</strong></span> <span class='ocrx_word' id='word_1_766' title='bbox 3184 4605 3239 4649; x_wconf 93' lang='lat' dir='ltr'><strong>et</strong></span> <span class='ocrx_word' id='word_1_767' title='bbox 3272 4602 3406 4649; x_wconf 85' lang='lat' dir='ltr'><strong>tunc</strong></span> <span class='ocrx_word' id='word_1_768' title='bbox 3463 4593 3553 4649; x_wconf 78' lang='lat' dir='ltr'><strong>fac</strong></span> 
     </span>
    </p>
   </div>
   <div class='ocr_carea' id='block_1_100' title="bbox 1941 4686 3552 4758">
    <p class='ocr_par' dir='ltr' id='par_1_100' title="bbox 1941 4686 3552 4758">
     <span class='ocr_line' id='line_1_100' title="bbox 1941 4686 3552 4758; baseline -0.002 -14"><span class='ocrx_word' id='word_1_769' title='bbox 1941 4691 2143 4745; x_wconf 82' lang='lat' dir='ltr'><strong>bonum</strong></span> <span class='ocrx_word' id='word_1_770' title='bbox 2184 4688 2253 4743; x_wconf 82' lang='lat'><strong>&quot;.</strong></span> <span class='ocrx_word' id='word_1_771' title='bbox 2284 4689 2472 4758; x_wconf 87' lang='lat' dir='ltr'><strong>Itaque</strong></span> <span class='ocrx_word' id='word_1_772' title='bbox 2505 4686 2727 4757; x_wconf 86' lang='lat' dir='ltr'><strong>quando</strong></span> <span class='ocrx_word' id='word_1_773' title='bbox 2753 4687 3058 4742; x_wconf 86' lang='lat' dir='ltr'><strong>Sabbatum</strong></span> <span class='ocrx_word' id='word_1_774' title='bbox 3117 4687 3257 4755; x_wconf 86' lang='lat' dir='ltr'><strong>agis,</strong></span> <span class='ocrx_word' id='word_1_775' title='bbox 3290 4688 3393 4740; x_wconf 87' lang='lat' dir='ltr'><strong>hoc</strong></span> <span class='ocrx_word' id='word_1_776' title='bbox 3440 4696 3552 4748; x_wconf 80' lang='lat' dir='ltr'><strong>est,</strong></span> 
     </span>
    </p>
   </div>
   <div class='ocr_carea' id='block_1_101' title="bbox 1941 4780 3551 4853">
    <p class='ocr_par' dir='ltr' id='par_1_101' title="bbox 1941 4780 3551 4853">
     <span class='ocr_line' id='line_1_101' title="bbox 1941 4780 3551 4853; baseline -0.004 -14"><span class='ocrx_word' id='word_1_777' title='bbox 1941 4788 2151 4839; x_wconf 85' lang='lat' dir='ltr'><strong>Otiosus</strong></span> <span class='ocrx_word' id='word_1_778' title='bbox 2184 4800 2244 4839; x_wconf 91' lang='lat' dir='ltr'><strong>es</strong></span> <span class='ocrx_word' id='word_1_779' title='bbox 2277 4788 2345 4839; x_wconf 91' lang='lat' dir='ltr'><strong>ab</strong></span> <span class='ocrx_word' id='word_1_780' title='bbox 2376 4784 2637 4853; x_wconf 91' lang='lat' dir='ltr'><strong>operibus</strong></span> <span class='ocrx_word' id='word_1_781' title='bbox 2670 4783 2848 4849; x_wconf 89' lang='lat' dir='ltr'><strong>malis,</strong></span> <span class='ocrx_word' id='word_1_782' title='bbox 2874 4791 3002 4837; x_wconf 83' lang='lat' dir='ltr'><strong>tunc</strong></span> <span class='ocrx_word' id='word_1_783' title='bbox 3025 4780 3295 4837; x_wconf 77' lang='lat' dir='ltr'><strong>extendas</strong></span> <span class='ocrx_word' id='word_1_784' title='bbox 3329 4796 3551 4834; x_wconf 85' lang='lat' dir='ltr'><strong>manum</strong></span> 
     </span>
    </p>
   </div>
   <div class='ocr_carea' id='block_1_102' title="bbox 1943 4872 3553 4947">
    <p class='ocr_par' dir='ltr' id='par_1_102' title="bbox 1943 4872 3553 4947">
     <span class='ocr_line' id='line_1_102' title="bbox 1943 4872 3553 4947; baseline -0.002 -17"><span class='ocrx_word' id='word_1_785' title='bbox 1943 4877 2007 4930; x_wconf 91' lang='lat' dir='ltr'><strong>ad</strong></span> <span class='ocrx_word' id='word_1_786' title='bbox 2051 4892 2216 4947; x_wconf 82' lang='lat' dir='ltr'><strong>opera</strong></span> <span class='ocrx_word' id='word_1_787' title='bbox 2247 4880 2528 4941; x_wconf 88' lang='lat' dir='ltr'><strong>virtutum,</strong></span> <span class='ocrx_word' id='word_1_788' title='bbox 2560 4884 2614 4929; x_wconf 90' lang='lat' dir='ltr'><strong>et</strong></span> <span class='ocrx_word' id='word_1_789' title='bbox 2645 4876 2969 4931; x_wconf 89' lang='lat' dir='ltr'><strong>restituetur</strong></span> <span class='ocrx_word' id='word_1_790' title='bbox 3020 4874 3163 4943; x_wconf 87' lang='lat' dir='ltr'><strong>ipsa.</strong></span> <span class='ocrx_word' id='word_1_791' title='bbox 3230 4872 3297 4927; x_wconf 84' lang='lat' dir='ltr'><strong>Et</strong></span> <span class='ocrx_word' id='word_1_792' title='bbox 3350 4874 3553 4927; x_wconf 90' lang='lat' dir='ltr'><strong>merito</strong></span> 
     </span>
    </p>
   </div>
   <div class='ocr_carea' id='block_1_103' title="bbox 1941 4966 3549 5037">
    <p class='ocr_par' dir='ltr' id='par_1_103' title="bbox 1941 4966 3549 5037">
     <span class='ocr_line' id='line_1_103' title="bbox 1941 4966 3549 5037; baseline -0.001 -16"><span class='ocrx_word' id='word_1_793' title='bbox 1941 4968 2100 5030; x_wconf 80' lang='lat' dir='ltr'><strong>dixit,</strong></span> <span class='ocrx_word' id='word_1_794' title='bbox 2126 4968 2375 5021; x_wconf 91' lang='lat' dir='ltr'><strong>restituta</strong></span> <span class='ocrx_word' id='word_1_795' title='bbox 2411 4977 2516 5022; x_wconf 75' lang='lat' dir='ltr'><strong>est.</strong></span> <span class='ocrx_word' id='word_1_796' title='bbox 2551 4966 2678 5021; x_wconf 90' lang='lat' dir='ltr'><strong>Fuit</strong></span> <span class='ocrx_word' id='word_1_797' title='bbox 2731 4968 2876 5022; x_wconf 90' lang='lat' dir='ltr'><strong>enim</strong></span> <span class='ocrx_word' id='word_1_798' title='bbox 2917 4966 3141 5037; x_wconf 91' lang='lat' dir='ltr'><strong>quando</strong></span> <span class='ocrx_word' id='word_1_799' title='bbox 3179 4966 3418 5020; x_wconf 85' lang='lat' dir='ltr'><strong>humana</strong></span> <span class='ocrx_word' id='word_1_800' title='bbox 3451 4980 3549 5019; x_wconf 78' lang='lat' dir='ltr'><strong>na-</strong></span> 
     </span>
    </p>
   </div>
   <div class='ocr_carea' id='block_1_104' title="bbox 1942 5058 3551 5130">
    <p class='ocr_par' dir='ltr' id='par_1_104' title="bbox 1942 5058 3551 5130">
     <span class='ocr_line' id='line_1_104' title="bbox 1942 5058 3551 5130; baseline 0 -17"><span class='ocrx_word' id='word_1_801' title='bbox 1942 5069 2063 5113; x_wconf 87' lang='lat' dir='ltr'><strong>tura</strong></span> <span class='ocrx_word' id='word_1_802' title='bbox 2098 5061 2335 5115; x_wconf 88' lang='lat' dir='ltr'><strong>habebat</strong></span> <span class='ocrx_word' id='word_1_803' title='bbox 2364 5062 2469 5113; x_wconf 90' lang='lat' dir='ltr'><strong>vim</strong></span> <span class='ocrx_word' id='word_1_804' title='bbox 2507 5061 2772 5130; x_wconf 86' lang='lat' dir='ltr'><strong>operandi</strong></span> <span class='ocrx_word' id='word_1_805' title='bbox 2809 5060 3039 5127; x_wconf 88' lang='lat' dir='ltr'><strong>bonum,</strong></span> <span class='ocrx_word' id='word_1_806' title='bbox 3063 5075 3127 5113; x_wconf 87' lang='lat' dir='ltr'><strong>ac</strong></span> <span class='ocrx_word' id='word_1_807' title='bbox 3158 5073 3407 5126; x_wconf 89' lang='lat' dir='ltr'><strong>manum,</strong></span> <span class='ocrx_word' id='word_1_808' title='bbox 3447 5058 3551 5113; x_wconf 82' lang='lat' dir='ltr'><strong>huc</strong></span> 
     </span>
    </p>
   </div>
   <div class='ocr_carea' id='block_1_105' title="bbox 1940 5153 3546 5224">
    <p class='ocr_par' dir='ltr' id='par_1_105' title="bbox 1940 5153 3546 5224">
     <span class='ocr_line' id='line_1_105' title="bbox 1940 5153 3546 5224; baseline 0.001 -17"><span class='ocrx_word' id='word_1_809' title='bbox 1940 5162 2023 5207; x_wconf 89' lang='lat' dir='ltr'><strong>est</strong></span> <span class='ocrx_word' id='word_1_810' title='bbox 2065 5155 2330 5223; x_wconf 89' lang='lat' dir='ltr'><strong>operandi</strong></span> <span class='ocrx_word' id='word_1_811' title='bbox 2376 5153 2699 5222; x_wconf 80' lang='lat' dir='ltr'><strong>eﬂicaciam,</strong></span> <span class='ocrx_word' id='word_1_812' title='bbox 2762 5170 2999 5210; x_wconf 87' lang='lat' dir='ltr'><strong>sanam:</strong></span> <span class='ocrx_word' id='word_1_813' title='bbox 3056 5155 3151 5211; x_wconf 89' lang='lat' dir='ltr'><strong>sed</strong></span> <span class='ocrx_word' id='word_1_814' title='bbox 3190 5164 3546 5224; x_wconf 85' lang='lat' dir='ltr'><strong>posteaquam</strong></span> 
     </span>
    </p>
   </div>
   <div class='ocr_carea' id='block_1_106' title="bbox 1945 5244 3554 5318">
    <p class='ocr_par' dir='ltr' id='par_1_106' title="bbox 1945 5244 3554 5318">
     <span class='ocr_line' id='line_1_106' title="bbox 1945 5244 3554 5318; baseline 0.001 -19"><span class='ocrx_word' id='word_1_815' title='bbox 1945 5246 2156 5315; x_wconf 87' lang='lat' dir='ltr'><strong>perdita</strong></span> <span class='ocrx_word' id='word_1_816' title='bbox 2184 5244 2310 5313; x_wconf 78' lang='lat' dir='ltr'><strong>fuit,</strong></span> <span class='ocrx_word' id='word_1_817' title='bbox 2344 5246 2525 5317; x_wconf 89' lang='lat' dir='ltr'><strong>gratia</strong></span> <span class='ocrx_word' id='word_1_818' title='bbox 2560 5247 2765 5302; x_wconf 86' lang='lat' dir='ltr'><strong>Christi</strong></span> <span class='ocrx_word' id='word_1_819' title='bbox 2792 5249 2943 5303; x_wconf 87' lang='lat' dir='ltr'><strong>illam</strong></span> <span class='ocrx_word' id='word_1_820' title='bbox 2976 5249 3180 5304; x_wconf 90' lang='lat' dir='ltr'><strong>iterum</strong></span> <span class='ocrx_word' id='word_1_821' title='bbox 3216 5247 3441 5318; x_wconf 86' lang='lat' dir='ltr'><strong>recepit,</strong></span> <span class='ocrx_word' id='word_1_822' title='bbox 3499 5257 3554 5301; x_wconf 89' lang='lat' dir='ltr'><strong>et</strong></span> 
     </span>
    </p>
   </div>
   <div class='ocr_carea' id='block_1_107' title="bbox 1948 5335 3041 5405">
    <p class='ocr_par' dir='ltr' id='par_1_107' title="bbox 1948 5335 3041 5405">
     <span class='ocr_line' id='line_1_107' title="bbox 1948 5335 3041 5405; baseline 0.006 -17"><span class='ocrx_word' id='word_1_823' title='bbox 1948 5335 2013 5389; x_wconf 88' lang='lat' dir='ltr'><strong>ad</strong></span> <span class='ocrx_word' id='word_1_824' title='bbox 2050 5338 2289 5405; x_wconf 90' lang='lat' dir='ltr'><strong>priorem</strong></span> <span class='ocrx_word' id='word_1_825' title='bbox 2314 5339 2608 5393; x_wconf 87' lang='lat' dir='ltr'><strong>sanitatem</strong></span> <span class='ocrx_word' id='word_1_826' title='bbox 2650 5338 2907 5394; x_wconf 81' lang='lat' dir='ltr'><strong>restituta</strong></span> <span class='ocrx_word' id='word_1_827' title='bbox 2931 5352 3041 5396; x_wconf 89' lang='lat' dir='ltr'><strong>est.</strong></span> 
     </span>
    </p>
   </div>
   <div class='ocr_carea' id='block_1_108' title="bbox 230 5423 3549 5509">
    <p class='ocr_par' dir='ltr' id='par_1_108' title="bbox 230 5423 3549 5509">
     <span class='ocr_line' id='line_1_108' title="bbox 230 5423 3549 5509; baseline 0.005 -33"><span class='ocrx_word' id='word_1_828' title='bbox 230 5423 333 5493; x_wconf 82' lang='grc' dir='ltr'>τὴν</span> <span class='ocrx_word' id='word_1_829' title='bbox 388 5424 751 5494; x_wconf 73' lang='grc' dir='ltr'>ἑνεργητικὴν</span> <span class='ocrx_word' id='word_1_830' title='bbox 804 5424 1058 5496; x_wconf 84' lang='grc' dir='ltr'>δύναμιν,</span> <span class='ocrx_word' id='word_1_831' title='bbox 1116 5426 1265 5495; x_wconf 83' lang='grc' dir='ltr'>ὑγιᾶ.</span> <span class='ocrx_word' id='word_1_832' title='bbox 1341 5423 1475 5479; x_wconf 83' lang='grc' dir='ltr'>Εἶτα</span> <span class='ocrx_word' id='word_1_833' title='bbox 1521 5428 1860 5498; x_wconf 83' lang='grc' dir='ltr'>ἀπολέσασα,</span> <span class='ocrx_word' id='word_1_834' title='bbox 1898 5431 2083 5503; x_wconf 85' lang='grc' dir='ltr'>χάριτι</span> <span class='ocrx_word' id='word_1_835' title='bbox 2132 5434 2371 5505; x_wconf 77' lang='grc' dir='ltr'>Χριστοῦ</span> <span class='ocrx_word' id='word_1_836' title='bbox 2423 5435 2672 5490; x_wconf 84' lang='grc' dir='ltr'>ἀπέλαϐε</span> <span class='ocrx_word' id='word_1_837' title='bbox 2735 5437 2988 5509; x_wconf 84' lang='grc' dir='ltr'>ταύτην,</span> <span class='ocrx_word' id='word_1_838' title='bbox 3044 5438 3141 5490; x_wconf 71' lang='grc' dir='ltr'><strong>καὶ</strong></span> <span class='ocrx_word' id='word_1_839' title='bbox 3189 5437 3549 5509; x_wconf 86' lang='grc' dir='ltr'>ἀποκατέστη</span> 
     </span>
    </p>
   </div>
   <div class='ocr_carea' id='block_1_109' title="bbox 231 5513 883 5583">
    <p class='ocr_par' dir='ltr' id='par_1_109' title="bbox 231 5513 883 5583">
     <span class='ocr_line' id='line_1_109' title="bbox 231 5513 883 5583; baseline 0.005 -16"><span class='ocrx_word' id='word_1_840' title='bbox 231 5518 315 5577; x_wconf 76' lang='grc' dir='ltr'><strong>είς</strong></span> <span class='ocrx_word' id='word_1_841' title='bbox 343 5514 405 5567; x_wconf 85' lang='grc' dir='ltr'>τὸ</span> <span class='ocrx_word' id='word_1_842' title='bbox 437 5513 630 5582; x_wconf 81' lang='grc' dir='ltr'>πρώην</span> <span class='ocrx_word' id='word_1_843' title='bbox 655 5515 883 5583; x_wconf 85' lang='grc' dir='ltr'>ἀγαθόν.</span> 
     </span>
    </p>
   </div>
   <div class='ocr_carea' id='block_1_110' title="bbox 312 5608 1829 5684">
    <p class='ocr_par' dir='ltr' id='par_1_110' title="bbox 312 5608 1829 5684">
     <span class='ocr_line' id='line_1_110' title="bbox 312 5608 1829 5684; baseline 0.006 -25"><span class='ocrx_word' id='word_1_844' title='bbox 312 5626 331 5659; x_wconf 72' lang='grc' dir='ltr'><strong>ι</strong></span> <span class='ocrx_word' id='word_1_845' title='bbox 375 5608 625 5675; x_wconf 84' lang='grc' dir='ltr'>Ἐγένετο</span> <span class='ocrx_word' id='word_1_846' title='bbox 670 5610 726 5661; x_wconf 84' lang='grc' dir='ltr'>δὲ</span> <span class='ocrx_word' id='word_1_847' title='bbox 767 5612 826 5662; x_wconf 81' lang='grc' dir='ltr'>ὲν</span> <span class='ocrx_word' id='word_1_848' title='bbox 871 5613 991 5673; x_wconf 84' lang='grc' dir='ltr'>ταῖς</span> <span class='ocrx_word' id='word_1_849' title='bbox 1026 5612 1266 5682; x_wconf 84' lang='grc' dir='ltr'>ἡμέραις</span> <span class='ocrx_word' id='word_1_850' title='bbox 1296 5612 1549 5677; x_wconf 88' lang='grc' dir='ltr'>ταύταις,</span> <span class='ocrx_word' id='word_1_851' title='bbox 1600 5613 1829 5684; x_wconf 78' lang='grc' dir='ltr'>ἐξῆλθεν</span> 
     </span>
    </p>
   </div>
   <div class='ocr_carea' id='block_1_111' title="bbox 233 5700 1829 5777">
    <p class='ocr_par' dir='ltr' id='par_1_111' title="bbox 233 5700 1829 5777">
     <span class='ocr_line' id='line_1_111' title="bbox 233 5700 1829 5777; baseline 0.004 -24"><span class='ocrx_word' id='word_1_852' title='bbox 233 5702 314 5762; x_wconf 76' lang='grc' dir='ltr'><strong>είς</strong></span> <span class='ocrx_word' id='word_1_853' title='bbox 352 5700 416 5751; x_wconf 82' lang='grc' dir='ltr'><strong>τὸ</strong></span> <span class='ocrx_word' id='word_1_854' title='bbox 469 5701 593 5769; x_wconf 73' lang='grc' dir='ltr'>ὅρος</span> <span class='ocrx_word' id='word_1_855' title='bbox 648 5702 1079 5770; x_wconf 79' lang='grc' dir='ltr'>προσεύξασθαι.</span> <span class='ocrx_word' id='word_1_856' title='bbox 1120 5704 1227 5756; x_wconf 81' lang='lat' dir='ltr'><strong>Kal</strong></span> <span class='ocrx_word' id='word_1_857' title='bbox 1278 5700 1346 5776; x_wconf 81' lang='grc' dir='ltr'>ἦν</span> <span class='ocrx_word' id='word_1_858' title='bbox 1392 5705 1829 5777; x_wconf 84' lang='grc' dir='ltr'>διανυκτερεύων</span> 
     </span>
    </p>
   </div>
   <div class='ocr_carea' id='block_1_112' title="bbox 231 5795 1822 5871">
    <p class='ocr_par' dir='ltr' id='par_1_112' title="bbox 231 5795 1822 5871">
     <span class='ocr_line' id='line_1_112' title="bbox 231 5795 1822 5871; baseline 0.007 -25"><span class='ocrx_word' id='word_1_859' title='bbox 231 5795 290 5846; x_wconf 72' lang='grc' dir='ltr'>ἐν</span> <span class='ocrx_word' id='word_1_860' title='bbox 328 5798 395 5864; x_wconf 78' lang='grc' dir='ltr'>τῇ</span> <span class='ocrx_word' id='word_1_861' title='bbox 438 5796 719 5863; x_wconf 78' lang='grc' dir='ltr'>προσευχῄ</span> <span class='ocrx_word' id='word_1_862' title='bbox 766 5796 860 5847; x_wconf 77' lang='grc' dir='ltr'><strong>τοῦ</strong></span> <span class='ocrx_word' id='word_1_863' title='bbox 894 5796 1049 5851; x_wconf 76' lang='grc' dir='ltr'>Θεοῦ.</span> <span class='ocrx_word' id='word_1_864' title='bbox 1090 5797 1202 5851; x_wconf 77' lang='grc' dir='ltr'><strong>Καὶ</strong></span> <span class='ocrx_word' id='word_1_865' title='bbox 1225 5798 1312 5852; x_wconf 80' lang='grc' dir='ltr'><strong>ὅτε</strong></span> <span class='ocrx_word' id='word_1_866' title='bbox 1356 5799 1574 5869; x_wconf 77' lang='grc' dir='ltr'>ἐγένετο</span> <span class='ocrx_word' id='word_1_867' title='bbox 1618 5801 1822 5871; x_wconf 75' lang='grc' dir='ltr'>ἡμέρα,</span> 
     </span>
    </p>
   </div>
   <div class='ocr_carea' id='block_1_113' title="bbox 312 5947 885 6017">
    <p class='ocr_par' dir='ltr' id='par_1_113' title="bbox 312 5947 885 6017">
     <span class='ocr_line' id='line_1_113' title="bbox 312 5947 885 6017; baseline 0.003 -14"><span class='ocrx_word' id='word_1_868' title='bbox 312 5951 357 5981; x_wconf 85' lang='grc'><strong><em>³²</em></strong></span> <span class='ocrx_word' id='word_1_869' title='bbox 396 5947 541 6006; x_wconf 80' lang='lat' dir='ltr'><strong>Psal.</strong></span> <span class='ocrx_word' id='word_1_870' title='bbox 588 5965 771 6017; x_wconf 62' lang='grc' dir='ltr'>χχχιι,</span> <span class='ocrx_word' id='word_1_871' title='bbox 796 5949 885 6005; x_wconf 72' lang='grc'><strong>27.</strong></span> 
     </span>
    </p>
   </div>
   <div class='ocr_carea' id='block_1_114' title="bbox 2017 5614 3546 5679">
    <p class='ocr_par' dir='ltr' id='par_1_114' title="bbox 2017 5614 3546 5679">
     <span class='ocr_line' id='line_1_114' title="bbox 2017 5614 3546 5679; baseline 0 -9"><span class='ocrx_word' id='word_1_872' title='bbox 2017 5616 2187 5671; x_wconf 67' lang='lat' dir='ltr'><strong>Vsus.</strong></span> <span class='ocrx_word' id='word_1_873' title='bbox 2216 5616 2411 5670; x_wconf 73' lang='lat'><strong>12-19.</strong></span> <span class='ocrx_word' id='word_1_874' title='bbox 2461 5634 2477 5666; x_wconf 81' lang='grc' dir='ltr'><strong>ι</strong></span> <span class='ocrx_word' id='word_1_875' title='bbox 2529 5614 2756 5669; x_wconf 81' lang='lat' dir='ltr'><strong>Factum</strong></span> <span class='ocrx_word' id='word_1_876' title='bbox 2789 5624 2872 5671; x_wconf 88' lang='lat' dir='ltr'><strong>est</strong></span> <span class='ocrx_word' id='word_1_877' title='bbox 2904 5624 3086 5669; x_wconf 90' lang='lat' dir='ltr'><strong>autem</strong></span> <span class='ocrx_word' id='word_1_878' title='bbox 3120 5616 3171 5669; x_wconf 92' lang='lat' dir='ltr'><strong>in</strong></span> <span class='ocrx_word' id='word_1_879' title='bbox 3199 5615 3306 5671; x_wconf 91' lang='lat' dir='ltr'><strong>illis</strong></span> <span class='ocrx_word' id='word_1_880' title='bbox 3331 5617 3546 5679; x_wconf 84' lang='lat' dir='ltr'><strong>diebus,</strong></span> 
     </span>
    </p>
   </div>
   <div class='ocr_carea' id='block_1_115' title="bbox 1938 5706 3549 5777">
    <p class='ocr_par' dir='ltr' id='par_1_115' title="bbox 1938 5706 3549 5777">
     <span class='ocr_line' id='line_1_115' title="bbox 1938 5706 3549 5777; baseline 0 -15"><span class='ocrx_word' id='word_1_881' title='bbox 1938 5707 2075 5763; x_wconf 81' lang='lat' dir='ltr'><strong>exiit</strong></span> <span class='ocrx_word' id='word_1_882' title='bbox 2134 5707 2185 5759; x_wconf 93' lang='lat' dir='ltr'><strong>in</strong></span> <span class='ocrx_word' id='word_1_883' title='bbox 2220 5718 2460 5760; x_wconf 92' lang='lat' dir='ltr'><strong>montem</strong></span> <span class='ocrx_word' id='word_1_884' title='bbox 2506 5708 2569 5758; x_wconf 87' lang='lat' dir='ltr'><strong>ad</strong></span> <span class='ocrx_word' id='word_1_885' title='bbox 2606 5706 2899 5772; x_wconf 90' lang='lat' dir='ltr'><strong>orandum,</strong></span> <span class='ocrx_word' id='word_1_886' title='bbox 2936 5716 3169 5777; x_wconf 86' lang='lat' dir='ltr'><strong>eratque</strong></span> <span class='ocrx_word' id='word_1_887' title='bbox 3217 5719 3549 5777; x_wconf 74' lang='lat' dir='ltr'><strong>pernomans</strong></span> 
     </span>
    </p>
   </div>
   <div class='ocr_carea' id='block_1_116' title="bbox 1942 5798 3547 5869">
    <p class='ocr_par' dir='ltr' id='par_1_116' title="bbox 1942 5798 3547 5869">
     <span class='ocr_line' id='line_1_116' title="bbox 1942 5798 3547 5869; baseline 0.002 -15"><span class='ocrx_word' id='word_1_888' title='bbox 1942 5800 1995 5854; x_wconf 92' lang='lat' dir='ltr'><strong>in</strong></span> <span class='ocrx_word' id='word_1_889' title='bbox 2030 5799 2423 5869; x_wconf 80' lang='lat' dir='ltr'><strong>deprecatione</strong></span> <span class='ocrx_word' id='word_1_890' title='bbox 2454 5799 2570 5853; x_wconf 89' lang='lat' dir='ltr'><strong>Dei.</strong></span> <span class='ocrx_word' id='word_1_891' title='bbox 2606 5798 2673 5853; x_wconf 86' lang='lat' dir='ltr'><strong>Et</strong></span> <span class='ocrx_word' id='word_1_892' title='bbox 2703 5816 2827 5855; x_wconf 89' lang='lat' dir='ltr'><strong>cum</strong></span> <span class='ocrx_word' id='word_1_893' title='bbox 2861 5802 2977 5858; x_wconf 86' lang='lat' dir='ltr'><strong>dies</strong></span> <span class='ocrx_word' id='word_1_894' title='bbox 3031 5800 3208 5857; x_wconf 81' lang='lat' dir='ltr'><strong>faetus</strong></span> <span class='ocrx_word' id='word_1_895' title='bbox 3253 5811 3420 5868; x_wconf 87' lang='lat' dir='ltr'><strong>esset,</strong></span> <span class='ocrx_word' id='word_1_896' title='bbox 3452 5816 3547 5857; x_wconf 85' lang='lat' dir='ltr'><strong>vo-</strong></span> 
     </span>
    </p>
   </div>
  </div>
