4028 6410
525 515 626 580 771

1437 505 1537 566 ΤΗ
1550 500 2018 564 EOPHYLACTI
2067 492 2477 558 BULGARli-E
2519 490 2721 552 ARL‘H
2734 489 2749 548 l
2763 489 2871 549 ΕΡ.

3677 484 3787 549 πε

525 624 672 679 cavit
697 620 994 692 discipulos
1044 632 1190 681 suos,
1225 628 1279 670 et
1325 616 1487 684 elegit
1539 613 1819 668 duodecim
1856 627 1922 665 ex
1959 611 2088 680 ipsis

2214 608 2586 675 τροσεφωνησε
2616 603 2742 664 τοὺς
2784 599 3035 670 μαθητάς
3064 596 3251 652 αὐτοῦ.
3288 598 3398 652 Καὶ
3416 597 3785 666 ἐκλεξάμενος

518 732 657 784 quos
678 725 733 771 et
775 712 1049 786 apostolos
1089 708 1428 763 nominavit:
1497 705 1799 767 Simonem,
1838 719 1997 773 quem
2041 714 2096 756 et

520 810 736 865 Petrum
773 802 1091 862 nominavit,
1126 811 1178 853 et
1205 799 1472 851 Andream
1507 797 1727 849 fratrem
1762 796 1901 863 ejus,
1932 794 2091 864 311

524 893 1155 955 lacobumetJoannem,
1191 889 1492 956 Philippum
1522 896 1575 939 et
1611 885 2087 946 Bartholomzeum,

524 988 833 1041 Matthteum
878 993 934 1035 et
961 978 1531 1041 Thomam,Jacobuni
1590 976 1793 1044 Alplnei
1826 976 1997 1028 filium
2039 985 2095 1027 et

524 1080 826 1139 Simonem,
886 1076 975 1143 qui
1029 1082 1253 1127 vocatur
1294 1072 1527 1132 Zelotes,
1564 1070 1757 1146 JurL-am
1800 1067 1986 1122 Jacobi
2045 1076 2098 1121 et

520 1168 713 1224 Judam
745 1166 1078 1229 Iscariotem,
1120 1166 1207 1231 qui
1263 1163 1399 1216 idem
1439 1162 1538 1215 fuit
1564 1162 1831 1231 proditor.
1878 1162 1942 1214 Et
1974 1162 2097 1213 des-

528 1262 772 1315 cendens
795 1273 917 1311 cum
955 1257 1059 1310 illis
1085 1258 1234 1309 stetit
1265 1256 1315 1308 in
1344 1256 1459 1309 loco
1488 1255 1803 1324 campestri,
1836 1253 2099 1321 turbaque

524 1351 909 1419 discipulorum
948 1349 1085 1415 ejus,
1116 1358 1170 1403 et
1222 1348 1509 1401 multitudo
1546 1350 1762 1416 copiosa
1812 1346 1983 1415 plebis
2034 1358 2095 1397 ex

528 1443 673 1497 omni
700 1440 881 1501 Judaaa
917 1450 971 1495 et
997 1440 1353 1505 Hierusalem,
1405 1452 1459 1493 et
1502 1455 1531 1493 a
1562 1440 1836 1492 maritima
1858 1438 2001 1508 Tyro
2048 1444 2102 1489 et

528 1538 763 1592 Sidone:
796 1535 884 1603 qui
922 1542 1180 1587 venerant
1209 1542 1265 1584 ut
1301 1534 1547 1585 audirent
1594 1546 1739 1595 eum,
1761 1541 1814 1582 et
1842 1544 2101 1584 sanaren-

530 1608 674 1682 tura
720 1628 924 1680 morbis
959 1626 1104 1689 suis;
1156 1634 1209 1677 et
1236 1624 1325 1691 qui
1375 1624 1769 1675 vexabantura
1821 1621 2102 1689 spiritibus

530 1720 820 1772 immundis
847 1729 898 1770 et
928 1718 1280 1770 sanabantur.
1325 1714 1391 1768 Et
1422 1714 1597 1767 omnis
1632 1713 1783 1766 turba
1824 1712 2105 1782 quaerebat

528 1825 648 1863 eum
677 1816 918 1877 tangere,
970 1808 1097 1875 quia
1142 1806 1315 1860 virtus
1344 1807 1411 1858 ab
1452 1804 1543 1856 illo
1576 1804 1756 1856 exibat
1803 1813 1857 1857 et
1877 1805 2103 1857 sanabat

528 1913 736 1952 omnes.
779 1917 796 1948 ›
820 1897 1080 1951 Dominus
1106 1900 1262 1950 docet
1285 1911 1386 1949 nos
1416 1904 1474 1948 ut
1496 1909 1657 1962 opera
1680 1910 1775 1947 sua
1804 1894 2097 1955 imitemur,

2195 696 2290 750 ἀπ’
2322 695 2501 749 αὐτῶν
2532 692 2759 755 δώδεκα,
2805 691 2899 754 οὓς
2955 689 3052 745 καὶ
3090 690 3425 751 ἀποστόλους
3473 689 3732 758 ὠνόμασε
3763 708 3778 721 ·

2196 787 2434 855 Σίμωνα,
2458 786 2515 839 δν
2558 788 2653 838 καὶ
2689 785 2941 851 ὠνόμασε
2969 782 3197 853 Πέτρον,
3232 783 3327 835 καὶ⁵
3387 781 3651 851 Ἀνδρίαν
3688 783 3788 836 τὸν

2196 878 2424 946 ἀδελφὸν
2458 876 2648 940 αὐτοῦ,
2694 875 2974 938 Ἰάκωϐον,
3003 875 3099 927 καὶ
3170 875 3446 943 Ἰωάννην,
3490 874 3783 940 Φίλιππον,

2198 972 2292 1022 καὶ
2321 970 2746 1040 Βαρθολομαῖον,
2795 968 3091 1030 Ματθαῖον,
3131 968 3225 1019 καὶ
3269 966 3491 1035 Θωμᾶν,
3524 966 3787 1020 Ἰάκωϐον

2197 1064 2287 1115 τὸν
2322 1063 2415 1115 τοῦ
2445 1061 2722 1130 Ἁλφαίου,
2774 1062 2868 1113 καὶ
2900 1060 3119 1131 Σίμωνα
3159 1061 3247 1113 τὸν
3296 1062 3631 1130 καλούμενον
3682 1062 3787 1129 (q-

2198 1154 2396 1223 λωτὴν,
2436 1154 2637 1207 Ἰούδαν
2680 1153 2962 1217 Ἰακώϐου,
3013 1155 3105 1205 καὶ
3154 1154 3354 1206 Ἰούδαν
3399 1152 3784 1223 Ἰσκαριώτην,

2199 1248 2256 1310 δς
2285 1250 2378 1302 καὶ
2424 1248 2641 1314 ἐγένετο
2695 1247 2981 1317 προδότης.
3016 1248 3123 1299 Καὶ
3156 1246 3399 1309 καταϐάς
3427 1249 3545 1315 μετ’
3576 1246 3786 1311 αὐτῶν,

2200 1341 2332 1410 ἔστη
2358 1340 2451 1392 ἐπὶ
2484 1340 2650 1393 τόπου
2691 1338 2928 1403 πεδινοῦ,
2964 1340 3057 1391 καὶ
3098 1338 3249 1408 ὄχλος
3284 1338 3545 1407 μαθητῶν
3590 1337 3786 1403 αὑτοῦ,

2202 1432 2299 1487 καὶ
2331 1432 2533 1502 πλῆθος
2558 1433 2694 1485 πολὺ
2736 1431 2831 1484 τοῦ
2866 1431 2996 1483 λαοῦ
3038 1432 3144 1484 ἀπὸ
3174 1432 3353 1501 πάσης
3388 1431 3488 1499 τῆς
3522 1430 3792 1496 Ἰουδαίας

2204 1527 2299 1579 καὶ
2340 1525 2716 1596 Ἰερουσαλὴμ,
2754 1526 2847 1578 καὶ
2897 1523 2999 1594 τῆς
3041 1524 3307 1593 παραλίου
3350 1524 3528 1595 Τύρου
3565 1526 3661 1577 καὶ
3694 1524 3791 1577 Σι-

2202 1618 2391 1680 δῶνος,
2427 1617 2475 1669 οἳ
2505 1614 2668 1688 ἦλθον
2694 1615 2924 1669 ἀκοῦσαι
2956 1617 3120 1670 αὑτοῦ
3151 1618 3246 1669 καὶ
3287 1616 3503 1685 ἰαθῆναι
3539 1616 3647 1669 ἀπὸ
3677 1616 3792 1669 τῶν

2203 1708 2375 1761 νόσων
2428 1707 2641 1770 αὐτῶν,
2690 1707 2784 1759 καί
2832 1706 2882 1758 οἰ
2935 1706 3251 1775 όχλούμενοι
3306 1706 3409 1759 ὑπὸ
3458 1706 3792 1775 πνευμάτων

2202 1797 2555 1866 ἀκαθάρτων,
2620 1798 2715 1850 καί
2778 1798 3193 1868 ἐθεραπεύοντο.
3243 1798 3353 1852 Kal
3410 1799 3517 1860 πᾶς
3555 1800 3585 1851 ό
3632 1797 3795 1867 ὄχλος

2206 1889 2384 1958 ἐζήτει
2442 1888 2712 1941 ἅπτεσθαι
2765 1888 2968 1953 αὐτοῦ,
3020 1890 3104 1942 ὃτι
3151 1888 3383 1957 δύναμις
3439 1887 3568 1957 παρ’
3623 1886 3793 1941 αὑτοῦ

530 1989 743 2043 ctsicut
767 1990 877 2057 ipse
907 1990 1051 2052 fecit,
1080 1987 1154 2041 ita
1179 1998 1231 2040 et
1264 2004 1361 2041 nos
1384 1986 1662 2040 faciamus.
1691 1984 1830 2041 Ecce
1855 1996 2105 2040 oraturus

2214 1984 2491 2053 ἰξῇρχετο.
2536 1984 2643 2035 Kal
2680 1984 2797 2037 ἰᾶτο
2826 1984 3053 2045 πάντας.
3094 2002 3111 2035 ι
3152 1984 3333 2035 Πάντα
3361 1984 3505 2035 ποιεῖ
3528 1983 3556 2035 ό
3588 1982 3796 2051 Κύριος

534 2091 672 2147 erat,
705 2080 1025 2135 etascendit
1061 2082 1112 2133 in
1149 2089 1412 2133 montem.
1461 2078 1675 2133 Etenim
1705 2089 1918 2148 oportet
1945 2080 2107 2133 etiam

532 2187 631 2226 nos
666 2186 694 2223 a
745 2172 975 2240 negotiis
1004 2172 1212 2225 otiosos
1242 2185 1421 2238 orare,
1447 2181 1501 2225 et
1527 2186 1632 2226 non
1671 2170 1721 2223 in
1760 2171 1936 2226 medio
1970 2168 2109 2223 mul-

534 2274 735 2330 torum,
772 2265 867 2318 sed
916 2272 1314 2331 pernoctantes,
1348 2278 1413 2316 ne
1440 2262 1620 2315 statim
1660 2270 1719 2315 ut
1748 2261 2099 2329 cmperlmus,

532 2368 828 2408 cessemus.
860 2353 987 2408 Post
1035 2354 1337 2410 orationem
1372 2364 1551 2407 autem
1587 2353 1753 2423 elegit
1788 2353 2103 2421 discipulos,

535 2450 593 2495 ut
617 2443 807 2497 doceat
834 2446 996 2497 etiam
1028 2458 1131 2498 nos
1158 2445 1375 2512 quando
1406 2445 1716 2513 quempiam
1745 2445 1803 2497 in
1831 2443 2116 2512 spirituale

537 2534 903 2586 ministerium
962 2549 1150 2587 sumus
1184 2535 1487 2588 ordinaturi
1522 2549 1643 2589 cum
1693 2536 1945 2604 precibus
1970 2535 2115 2590 hunc

536 2624 825 2693 eligamus,
869 2632 924 2677 ut
969 2626 1141 2679 doctis
1171 2640 1199 2677 a
1252 2624 1361 2680 Deo
1393 2635 1445 2679 et
1481 2624 1549 2679 ab
1577 2626 1666 2680 illo
1693 2626 2005 2694 petentibus
2032 2640 2117 2680 re-

537 2714 678 2769 velet
708 2715 830 2784 quis
866 2715 1095 2770 idoneus
1125 2717 1215 2770 sit.
1249 2718 1561 2785 Assumpsit
1615 2732 1745 2787 ergo
1795 2718 2111 2781 duodecim,

539 2809 925 2877 descenditque
973 2825 1094 2863 cum
1147 2807 1253 2862 illis
1283 2809 1351 2863 de
1401 2819 1623 2876 monte;
1678 2818 1736 2865 ut
1776 2826 1868 2865 eos
1906 2812 1997 2880 qui
2048 2826 2115 2865 ex

546 2901 773 2954 urbibus
829 2910 1111 2962 venerant,
1142 2912 1319 2967 sanet,
1349 2908 1403 2956 et
1430 2904 1658 2971 geminis
1684 2901 1961 2956 beneficiis
1995 2918 2119 2973 pro-

2210 2075 2476 2129 διδάσκων
2508 2076 2676 2145 ήμᾶς,
2712 2074 2799 2127 ἰνα
2841 2076 2935 2128 καὶ
2965 2077 3125 2145 ἡμεῖς
3164 2074 3311 2127 οὔτω
3358 2075 3627 2143 ποιῶμεν.
3659 2074 3796 2127 Ἰδοὺ

2211 2166 2342 2235 γοῦν
2376 2167 2586 2237 μέλλων
2630 2165 2911 2234 εὔξασθαι,
2943 2168 3118 2221 ἀνεισί
3160 2184 3217 2220 τε
3253 2169 3332 2230 εἰς
3367 2169 3511 2237 δρος.
3543 2168 3653 2220 Καὶ
3682 2166 3796 2235 γάρ

2212 2260 2292 2314 δεῖ
2315 2260 2675 2330 σχολάζοντας
2709 2260 3130 2331 προσεύχεσθαι,
3156 2263 3249 2313 καὶ
3284 2262 3357 2330 μὴ
3385 2262 3444 2311 ἐν
3478 2260 3630 2329 μέσῳ
3664 2259 3801 2313 πολ-

2214 2351 2342 2415 λῶν,
2378 2350 2515 2406 ἀλλά
2552 2354 2647 2405 καὶ
2685 2350 3219 2419 διανυκτερεύοντας,
3251 2349 3325 2419 μή
3368 2350 3531 2412 εὐθὺς
3562 2348 3796 2419 ἰσταμί-

2215 2461 2339 2508 νους
2367 2446 2446 2506 εἰς
2477 2446 2802 2514 προσευχὴν,
2825 2438 2942 2496 εἶτα
2975 2442 3401 2512 ἀφισταμένους.
3428 2442 3582 2494 Μετά
3611 2440 3668 2493 δὲ
3697 2442 3801 2511 τὴν

2215 2536 2382 2605 εὐχὴν
2432 2534 2711 2603 ἐκλέγεται
2762 2534 2886 2597 τοὺς
2940 2534 3207 2605 μαθητὰς,
3253 2532 3328 2597 ὡς
3373 2532 3444 2586 ἂν
3479 2532 3667 2604 διδάξῃ
3703 2533 3802 2587 καὶ

2216 2629 2361 2699 ἡμᾶς
2396 2630 2526 2682 ὅταν
2560 2629 2843 2699 μέλλωμεν
2870 2645 2989 2680 τινα
3019 2630 3097 2689 εἰς
3121 2627 3397 2680 διακονίαν
3430 2627 3604 2680 θεῖναι
3633 2644 3799 2680 πνευ-

2221 2722 2479 2793 ματικὴν,
2520 2722 2658 2793 μετὰ
2683 2724 2850 2791 εὐχῆς
2881 2720 3037 2774 τοῦτο
3062 2720 3360 2792 αἱρεῖσθαι,
3396 2721 3593 2791 όδηγου
3604 2720 3804 2788 μένους

2218 2816 2325 2867 ὑπὸ
2347 2814 2503 2877 Θεοῦ,
2526 2814 2620 2867 καὶ
2644 2814 2774 2882 παρ’
2801 2814 3008 2865 ἐκείνου
3041 2812 3327 2874 αἰτοῦντας
3348 2810 3804 2880 ἀποκαλυφθῆναι

2217 2905 2351 2973 ἡμῖν
2397 2903 2488 2956 τὸν
2518 2903 2765 2972 δόκιμον.
2796 2902 3081 2969 Ἐλόμενος
3122 2901 3179 2954 δὲ
3223 2902 3347 2963 τοὺς
3386 2900 3617 2962 δώδεκα,
3666 2902 3805 2954 κάτ-

543 3002 821 3061 sequatur,
852 2991 905 3044 in
936 2992 1117 3045 anima
1158 2992 1368 3047 scilicet
1407 3009 1470 3048 ac
1504 3008 1754 3063 corpore.
1790 2994 1929 3049 Audi
1973 2997 2112 3049 enim

2220 3012 2360 3048 εισιν
2410 2996 2475 3048 ὲκ
2516 2994 2607 3047 τοῦ
2651 2994 2829 3063 δρους,
2877 2996 2951 3057 ὼς
2996 2993 3063 3047 ἂν
3103 2992 3229 3056 τοὺς
3280 2993 3387 3045 ἀπὸ
3436 2993 3544 3045 τῶν
3593 2994 3806 3047 πόλεων

544 3080 672 3145 quid
719 3082 863 3134 dicat
898 3100 909 3135 :
945 3081 1222 3137 Venerunt
1284 3093 1343 3138 ut
1376 3087 1625 3139 audirent
1671 3101 1819 3148 eum,
1858 3089 2001 3156 quod
2048 3087 2112 3141 ad

2222 3088 2476 3151 ἐλθόντας
2530 3090 2767 3158 ἰάσηται,
2809 3090 2904 3141 καὶ
2952 3086 3153 3149 διπλῶς
3188 3086 3522 3157 εὐεργετήσῃ
3568 3087 3711 3140 κατά
3743 3104 3803 3140 τε

544 3173 741 3227 animae
771 3187 956 3228 curam
1010 3176 1315 3243 pertinebat
1349 3192 1362 3228 :
1404 3186 1458 3230 et
1487 3187 1813 3231 sanarentur
1848 3194 1877 3232 a
1916 3180 2112 3234 morbis

2219 3182 2397 3253 ψυχὴν
2426 3182 2519 3235 καὶ
2546 3182 2681 3235 κατὰ
2714 3181 2896 3251 σῶμα.
2930 3182 3128 3234 Ἀκουε
3158 3180 3288 3251 γάρ,
3320 3176 3619 3234 ὃτιἮλθον
3634 3180 3809 3235 ἀκοῦ-

546 3264 677 3330 suis,
706 3265 810 3319 hoc
843 3267 908 3319 de
951 3269 1269 3336 corporibus
1292 3268 1443 3323 dicit.
1470 3268 1681 3322 Etenin.
1730 3271 1901 3324 virtus
1933 3273 2000 3327 ab
2026 3271 2117 3326 illo

546 3360 943 3429 egrediebatur,
972 3371 1027 3413 et
1072 3363 1303 3415 sanabat
1329 3376 1538 3417 omnes.
1578 3362 1710 3417 Nam
1744 3365 2019 3432 prophetae
2064 3374 2117 3418 et

548 3450 639 3504 alii
668 3452 838 3505 sancti
866 3466 975 3505 non
1005 3453 1278 3506 habebant
1300 3454 1554 3507 virtutem
1583 3469 1612 3508 a
1640 3468 1697 3509 se
1727 3456 2118 3523 egredientem.

547 3543 664 3597 Non
692 3547 835 3600 enim
872 3544 1089 3601 fuerunt
1122 3546 1225 3616 ipsi
1264 3546 1439 3600 fontes
1469 3547 1747 3602 virtutum.
1775 3547 1844 3602 At
1864 3548 2120 3604 Dominus

550 3638 739 3693 habuit
783 3639 1035 3693 virtutem
1074 3654 1102 3692 a
1147 3655 1204 3693 se
1236 3641 1628 3708 egredientem,
1678 3641 2116 3710 quandoquidem

548 3730 659 3799 ipse
678 3731 797 3785 fons
822 3730 1105 3785 virtutum.
1132 3730 1197 3785 Et
1224 3733 1297 3786 ita
1325 3734 1605 3804 prophetae
1640 3749 1702 3789 ac
1744 3734 1919 3788 sancti
1948 3733 2118 3788 virtu-

548 3829 653 3875 tem
681 3835 833 3879 suam
860 3835 1096 3891 superne
1127 3834 1478 3893 acceperunt.

621 4109 791 4164 Vsus.
836 4109 1031 4164 20-26.
1068 4128 1085 4159 ι
1128 4108 1191 4165 Ει
1235 4111 1349 4178 ipse
1392 4109 1638 4165 attollens
1680 4110 1862 4167 oculos
1905 4126 2033 4167 suos
2067 4112 2118 4166 in

550 4200 841 4270 discipulos
863 4238 877 4264 ,
910 4200 1125 4256 dicebat
1161 4220 1173 4255 :
1213 4200 1358 4255 Beati
1394 4215 1679 4269 pauperes,
1716 4202 1845 4269 quia
1881 4215 2120 4257 vesuum

549 4299 641 4345 est
685 4306 907 4360 regnum
937 4290 1053 4346 Dei.
1088 4289 1236 4345 Beati
1266 4292 1357 4360 qui
1388 4292 1604 4346 esuritis
1630 4308 1791 4357 nunc,
1819 4294 1943 4361 quia
1970 4302 2118 4347 satu-

550 4383 822 4437 rabimini.
855 4382 1000 4436 Beati
1032 4384 1119 4451 qui
1152 4381 1293 4436 ﬂetis
1321 4398 1487 4445 nunc,
1525 4382 1647 4452 quia
1672 4384 1936 4438 ridebitis.
1969 4383 2117 4437 Beati

560 4473 712 4527 eritis
774 4488 894 4527 cum
933 4488 1027 4527 vos
1072 4475 1285 4528 oderint
1326 4474 1600 4533 homines.
1644 4484 1695 4529 et
1750 4476 2121 4543 separaverint

552 4580 669 4630 vos,
696 4574 749 4619 et
773 4566 1233 4634 exprobraverint,
1265 4575 1319 4619 et
1343 4564 1599 4632 ejecerint
1646 4580 1840 4620 nomen
1875 4578 2114 4620 vestrum

2145 3304 2187 3362 ε
2225 3294 2313 3329 σαι
2352 3276 2537 3341 αὑτοῦ,
2568 3274 2724 3328 τοῦτο
2753 3275 2906 3329 εστιν
2955 3276 2987 3345 ή
3020 3274 3127 3328 τῶν
3169 3274 3357 3343 ψυχῶν
3390 3275 3679 3346 θεραπεία,
3708 3273 3809 3329 καὶ

2224 3365 2440 3434 ἰαθῆναι
2481 3365 2589 3418 ἀπὸ
2625 3365 2734 3418 τῶν
2775 3365 2945 3419 νόσων
2998 3364 3198 3429 αὐτῶν,
3243 3364 3420 3429 τοῦτο,
3471 3367 3504 3434 ή
3552 3365 3665 3418 τῶν
3701 3383 3808 3417 σω.

2224 3459 2431 3528 μάτων
2472 3458 2701 3528 δύναμις
2740 3459 2849 3529 γάρ
2896 3460 3024 3529 παρ’
3054 3458 3221 3511 αὐτοῦ
3271 3458 3533 3529 ἐξήρχετο
3560 3460 3653 3512 καὶ
3692 3462 3809 3513 ἰᾶτο

2222 3550 2454 3613 πάντας.
2480 3550 2546 3603 Ol
2576 3550 2676 3620 μὲν
2702 3551 2812 3621 γάρ
2835 3550 3113 3621 προφῆται
3140 3550 3235 3603 καὶ
3260 3550 3309 3602 οἰ
3337 3550 3489 3603 ἄλλοι
3517 3550 3666 3617 ἀγιοι
3702 3551 3804 3604 οὐκ

2220 3640 2364 3714 εἰχον
2400 3642 2627 3711 δύναμιν
2655 3642 3020 3711 ἑξερχομένην
3053 3640 3147 3694 ἀπ’
3179 3640 3376 3693 αὐτῶν·
3427 3641 3486 3693 οὐ
3520 3641 3631 3711 γάρ
3664 3635 3809 3711 ἦσαν

2219 3736 2375 3787 αὒτοί
2402 3735 2577 3803 πηγαὶ
2606 3734 2908 3801 δυνάμεων.
2960 3733 3017 3785 Ὀ
3045 3732 3101 3785 δὲ
3148 3731 3354 3801 Κύριος
3404 3731 3638 3801 δύναμιν
3664 3729 3810 3801 εἶχεν

2220 3826 2584 3897 ὲξιίρχομένην
2637 3825 2731 3878 ἀπ’
2766 3824 2951 3877 αὑτοῦ·
2985 3824 3147 3887 αὐτὸς
3181 3825 3291 3894 γάρ
3325 3820 3393 3895 ἦν
3438 3826 3471 3895 ἡ
3508 3824 3663 3895 πηγὴ
3711 3826 3811 3895 τῆς

2220 3918 2521 3986 δυνάμεως.
2574 3918 2660 3979 Ὠς
2695 3916 2752 3969 οἵ
2774 3933 2836 3985 γε
2868 3919 3145 3987 προφῆται
3180 3918 3275 3970 καὶ
3313 3918 3360 3969 οἰ
3391 3918 3536 3984 ἆγιοι
3564 3917 3812 3987 ἐδέχοντο

2226 4014 2428 4084 μᾶλλον
2458 4012 2663 4068 ἀνωθεν
2701 4012 2950 4081 δύναμιν.

2303 4128 2320 4159 ι
2353 4108 2464 4161 Καὶ
2509 4106 2671 4169 αὐτὸς
2726 4108 2938 4175 ἐπάρας
2973 4106 3099 4168 τοὺς
3149 4106 3463 4175 ὀφθαλμοὺς
3516 4107 3685 4161 αὑτοῦ
3730 4110 3810 4172 εἰς

2223 4198 2349 4258 τοὺς
2392 4196 2638 4266 μαθητὰς
2690 4196 2878 4259 αὑτοῦ,
2908 4196 3062 4262 ἔλεγε
3094 4211 3107 4226 ·
3155 4196 3434 4266 Μακάριοι
3481 4198 3530 4251 οἰ
3576 4200 3808 4269 πτωχοὶ,

2222 4289 2305 4342 ὅτι
2333 4288 2575 4359 ὑμετέρα
2612 4290 2761 4341 ἐστὶν
2789 4290 2821 4354 ἡ
2858 4287 3105 4357 βασιλεία
3130 4286 3225 4340 τοῦ
3256 4286 3412 4341 Θεοῦ.
3444 4290 3725 4362 Μακάριοι
3760 4294 3809 4346 οἰ

2224 4380 2503 4441 κλαίοντες
2545 4378 2659 4442 νῦν,
2709 4379 2790 4431 ὅτι
2839 4380 3121 4446 γελάσετε.
3176 4380 3456 4449 Μακάριοί
3505 4383 3630 4435 ἐστε
3680 4385 3811 4440 ὅταν

2228 4474 2530 4543 μισήσωσιν
2562 4472 2705 4541 ὑμᾶς
2728 4473 2777 4524 οἱ
2807 4471 3105 4542 ἀνθρωττοι.
3140 4472 3235 4526 καὶ
3263 4473 3606 4543 ἀφορίσωσιν
3640 4477 3808 4546 ὑμᾶς,

2226 4566 2319 4620 καὶ
2346 4566 2665 4632 όνειδίσωσι,
2694 4566 2791 4619 καὶ
2815 4564 3086 4618 ἐκϐάλωσι
3115 4566 3176 4618 τὸ
3206 4565 3376 4636 ὄνομα
3408 4568 3564 4635 ὑμῶν
3598 4568 3679 4633 ὡς
3713 4589 3813 4625 πο-

553 4669 805 4725 tanquam
842 4656 1043 4710 malum
1086 4669 1303 4726 propter
1341 4654 1534 4709 Filium
1572 4657 1823 4710 hominis.
1884 4657 2112 4712 Gaudete

2228 4661 2411 4731 νηρὸν,
2447 4660 2609 4713 ἕνεκα
2657 4659 2751 4712 τοῦ
2807 4657 2937 4712 Υἰοῦ
2985 4659 3079 4712 τοῦ
3114 4660 3425 4730 ἀνθρώπου.
3474 4663 3710 4734 Χαίρετε
3754 4668 3814 4718 ἂν

550 4752 604 4806 in
646 4752 740 4805 illo
776 4751 862 4805 die
899 4759 954 4804 et
998 4749 1306 4803 exsultate:
1351 4762 1479 4803 ecce
1511 4750 1653 4803 enim
1692 4764 1902 4804 merces
1940 4760 2120 4805 vestra

552 4843 717 4897 multa
750 4850 831 4895 est
876 4842 926 4894 in
961 4841 1136 4895 cmlis.
1172 4840 1479 4894 Secundum
1521 4843 1635 4894 haec
1668 4842 1810 4895 enim
1854 4841 2123 4897 faciebant

552 4933 833 5003 prophetis
854 4942 1036 4999 patres
1071 4946 1279 4985 eorum.
1321 4932 1696 4986 Verumtamen
1741 4949 1817 4986 vae
1858 4935 2007 4989 vobis
2036 4936 2115 4988 di-

551 5027 779 5088 vitibus,
820 5026 947 5093 quia
1000 5024 1209 5077 babctis
1256 5022 1678 5077 consolationem
1726 5038 1980 5079 vestram.
2031 5024 2124 5082 Va:

554 5117 704 5169 vobis
747 5118 835 5183 qui
888 5115 1115 5168 saturati
1161 5115 1293 5169 estis
1338 5130 1518 5178 nunc,
1550 5116 1673 5182 quia
1718 5118 1990 5171 esurietis.
2038 5121 2124 5173 Va:

552 5207 706 5261 vobis
749 5206 840 5274 Qui
887 5206 1072 5259 ridetis
1122 5221 1295 5271 nunc,
1342 5207 1467 5275 quia
1514 5207 1769 5275 lugebit-is
1803 5218 1855 5260 et
1901 5208 2119 5263 ﬂebitis.

554 5298 643 5351 Vae
672 5314 789 5353 com
824 5296 1159 5350 laudaverint
1188 5313 1279 5351 vos
1306 5313 1494 5351 omnes
1522 5299 1786 5351 homines.
1819 5298 2122 5353 Secundum

557 5392 668 5443 haac
692 5390 833 5443 enim
861 5388 1128 5442 faciebant
1154 5391 1632 5457 pseudoprophetis
1658 5402 1836 5457 patres
1859 5406 2067 5465 eorum.
2100 5410 2117 5442 ι

553 5482 843 5550 Postquam
877 5480 1153 5533 ordinavit
1186 5482 1473 5546 discipulos
1495 5525 1509 5547 ,
1549 5498 1642 5550 per
1680 5483 2041 5539 beatitudines
2074 5496 2127 5540 et

554 5576 823 5628 doctrinas
860 5574 909 5627 in
947 5572 1195 5626 ordinem
1233 5574 1402 5642 magis
1439 5574 1775 5641 spiritualem
1820 5576 2026 5631 inducit
2063 5593 2125 5631 ac

555 5667 846 5733 componit.
880 5663 1015 5717 Nam
1045 5665 1109 5717 ad
1138 5664 1257 5717 illos
1288 5679 1345 5719 se
1380 5678 1596 5720 vertens
1624 5682 1931 5722 sermonem
1972 5668 2121 5723 facit.

552 5756 623 5813 Et
651 5758 877 5824 primum
913 5758 1099 5811 beatos
1130 5758 1263 5811 dicit
1300 5773 1584 5826 pauperes,
1618 5760 1778 5831 312
1802 5763 1917 5815 sive
1952 5764 2127 5817 humi-

554 5850 633 5903 les
675 5850 967 5919 intelligere
1005 5852 1277 5916 volueris,
1318 5853 1428 5907 sive
1471 5870 1498 5907 a
1548 5858 1786 5923 pecuniae
1831 5857 2127 5924 cupiditate

561 5939 781 5996 alienus.
821 5941 887 5997 Et
927 5957 1115 5998 omnes
1146 5944 1510 6001 beatitudines
1553 5946 1870 6017 simpliciter
1900 5946 2125 6019 frugali-

2226 4755 2411 4825 ἐκείνῃ
2440 4756 2505 4823 τῇ
2534 4754 2718 4824 ἡμέρα
2749 4756 2844 4805 καὶ
2868 4754 3219 4823 σκιρτήσατε.
3264 4753 3393 4807 Ἰδοὺ
3424 4755 3533 4825 γάρ
3561 4758 3588 4809 ό
3614 4760 3813 4826 μισθὸς

2226 4846 2379 4915 ὑμῶν
2439 4844 2604 4906 πολὺς
2656 4844 2713 4895 ὲν
2764 4844 2877 4906 τοῖς
2937 4826 3207 4914 οὐρανοῖς.
3266 4844 3422 4897 Κατά
3474 4844 3652 4900 ταῦτα
3702 4851 3813 4918 γάρ

2224 4938 2439 4990 ἐποίουν
2494 4940 2605 4997 τοῖς
2658 4936 2967 5006 προφήταις
3018 4938 3066 4989 οἰ
3119 4936 3353 5005 πατέρες
3401 4937 3603 4991 αὐτῶν.
3659 4940 3811 5010 Πλὴν

2222 5030 2347 5083 οὐαὶ
2391 5032 2518 5099 ὑμῖν
2564 5032 2675 5092 τοῖς
2728 5028 3024 5092 πλουσίοις,
3068 5029 3149 5082 ὅτι
3194 5030 3426 5098 ἀπέχετε
3478 5030 3578 5100 τὴν
3624 5034 3811 5101 παρά-

2226 5122 2418 5190 κλησιν
2460 5120 2632 5191 ὑμῶν.
2656 5122 2792 5174 Οὐαὶ
2814 5120 2963 5190 ὑμῖν,
3000 5122 3050 5173 οἰ
3086 5122 3538 5191 ἐμπεπλησμένοι
3576 5123 3696 5189 νῦν,
3727 5127 3809 5178 ὅτι

2226 5215 2534 5267 πεινάσετε.
2570 5212 2706 5266 Οὐαὶ
2753 5214 2904 5283 ὑμῖν,
2936 5215 2987 5265 οἰ
3024 5213 3292 5282 γελῶντες
3329 5213 3444 5277 νῦν,
3487 5216 3569 5269 ὅτι
3603 5218 3810 5287 πενθή-

2228 5324 2345 5359 σετε
2383 5307 2473 5358 καὶ
2507 5305 2790 5358 κλαύσετε.
2830 5303 2967 5357 Οὐαὶ
2998 5305 3128 5358 ὅταν
3181 5306 3360 5367 καλῶς
3414 5308 3559 5377 ὑμᾶς
3606 5310 3809 5363 εἴπωσι

2228 5402 2426 5463 πάντες
2453 5400 2501 5453 οἰ
2537 5399 2831 5469 ἄνθρωποι.
2867 5398 3024 5451 Κατά
3073 5398 3243 5451 ταῦτα
3290 5400 3399 5470 γὰρ
3430 5401 3649 5455 ἐποίουν
3697 5404 3809 5465 τοῖς

2224 5492 2693 5563 ψευδοπροφήταις
2716 5491 2762 5542 οἰ
2791 5491 3025 5560 πατέρες
3048 5492 3247 5547 αὐτῶν.
3288 5512 3306 5544 ι
3346 5494 3501 5545 Μετά
3530 5494 3590 5546 τὸ
3625 5512 3807 5564 χειρο-

2225 5586 2442 5652 τονῆσαι
2482 5584 2605 5646 τοὺς
2654 5582 2922 5653 μαθητάς,
2957 5583 3208 5653 ῥυθμίζει
3251 5586 3446 5646 αὐτοὺς
3485 5586 3574 5637 διά
3602 5604 3665 5638 τε
3698 5586 3805 5640 τῶν

2228 5672 2591 5744 μακαρισμῶν
2623 5674 2718 5727 καὶ
2773 5672 2870 5740 τῆς
2916 5673 3262 5737 διδασκαλίας
3307 5679 3385 5737 εἰς
3418 5694 3805 5744 πνευματικω-

2224 5769 2387 5836 τέραν
2420 5770 2773 5821 κατάστασιν.
2819 5768 2960 5837 Πρὸς
3006 5769 3114 5839 γὰρ
3152 5771 3348 5832 αὐτοὺς
3383 5771 3803 5840 ἀποτεινόμενος

2227 5863 2459 5912 ποιεῖται
2512 5861 2602 5912 τὸν
2664 5860 2838 5929 λόγον.
2898 5863 3005 5915 Καὶ
3060 5864 3274 5933 πρῶτον
3330 5865 3627 5935 μακαρίζει
3681 5864 3805 5927 τοὺς

2229 5954 2503 6022 πτωχοὺς,
2558 5954 2667 6007 εἴτε
2723 5956 2848 6019 τοὺς
2898 5957 3329 6027 ταπεινόφρονας
3382 5954 3597 6027 βούλοιο
3640 5956 3803 6023 νοεῖν,
