4028 6444
214 545 325 607 ’Π3

972 530 1422 597 ENARRATIO
1455 529 1537 589 IN
1581 521 2087 588 EVANGELIUM
2131 518 2453 582 LUC/E.-
2475 516 2634 577 CAP.
2665 517 2763 578 Υῐ.

3386 507 3521 577 τιτι

219 656 333 709 εἴτε
356 653 486 717 τοὺς
512 653 889 724 ἀφιλάργυρον
937 650 1159 721 ἔχοντας
1203 648 1297 701 τδν
1339 645 1562 714 τρόπον.
1605 641 1813 705 ’Λπλῶς

1927 647 2091 695 tatem
2131 653 2229 692 nos
2260 643 2456 690 dot,th
2507 648 2568 689 ac
2606 632 2999 695 humilitatem,
3039 638 3093 684 et
3130 628 3521 699 cumtemptum

217 747 275 799 δέ
307 746 513 809 πάντες
544 748 593 798 οἱ
622 742 970 816 μακαρισμοὶ
999 739 1279 793 εὐτέλειαν
1308 737 1460 809 ἡμᾶς
1481 736 1820 799 διδάσκουσι,

220 840 321 893 καὶ
375 839 711 893 ταπείνωσιν
770 837 863 889 καὶ
920 834 1274 899 ἐξουδένωσιν
1337 833 1433 884 καὶ
1486 829 1821 897 ὀνειδισμὸν.

221 932 441 1003 Ὠσπερ
483 927 575 985 οὗν
605 929 783 984 καὶτὸ
817 929 954 982 Οὐαὶ
986 925 1221 988 ἐκείνοις
1245 921 1680 1009 ἀποκληροῦται,
1712 919 1825 983 τοῖς

222 1042 283 1077 τε
322 1024 599 1086 πλουσίοις
632 1023 690 1075 ἐν
736 1020 813 1090 τῷ
855 1021 950 1074 νῦν
982 1016 1163 1081 αἰῶνι,
1214 1017 1308 1081 οὓς
1347 1015 1439 1069 καὶ
1460 1013 1687 1083 ἀπέχειν
1725 1011 1825 1083 τὴν

221 1116 573 1186 παράκλησίν
624 1130 810 1185 φησιν.
886 1112 1009 1167 ἀντὶ
1065 1110 1161 1164 τοῦ
1205 1103 1309 1163 ὧδε
1349 1110 1409 1162 ἐν
1464 1106 1541 1175 τῷ
1594 1105 1824 1176 παρόντι

224 1208 389 1262 αίῶνι
427 1206 839 1275 ἀπολαμὸάνειν
875 1204 974 1274 τὴν
1014 1201 1383 1272 εὐφροσύνην,
1432 1199 1526 1253 καὶ
1575 1199 1687 1260 τοῖς
1722 1213 1817 1264 γεο

223 1298 380 1361 λῶσι,
428 1299 519 1351 καὶ
569 1296 841 1369 τρυφῶσι,
894 1296 986 1348 καὶ
1021 1291 1459 1358 ἐπαινουμένοις.
1507 1286 1817 1359 Φρίξωμεν,

1927 746 1991 786 ac
2022 729 2315 799 opprobria
2349 726 2570 782 ferenda
2602 745 2614 780 :
2649 722 3113 795 quemadmodum
3142 731 3197 777 et
3230 737 3310 778 va:
3343 722 3526 792 dirigit

1925 827 1979 879 in
2009 824 2207 878 divites
2241 818 2402 887 lmjus
2439 819 2655 881 saeculi,
2686 831 2824 888 quos
2858 827 2911 871 et
2954 815 3386 872 consolationem
3429 816 3526 871 ba-

1927 917 2054 969 liere
2086 912 2243 976 dicit,
2282 913 2384 965 hoc
2412 920 2518 977 est,
2552 910 2641 963 hic
2669 908 2724 963 in
2754 910 3013 978 praesenti
3049 908 3249 964 sacqu
3277 908 3522 965 letitiam

1927 1009 2199 1075 accipere,
2226 1014 2281 1058 et
2315 1004 2513 1069 ridere,
2541 1011 2591 1056 et
2632 1003 2684 1055 in
2719 1001 2933 1056 deliciis
2964 1014 3028 1055 ac
3069 1001 3316 1057 laudibus
3344 1001 3523 1061 claros

1928 1099 2128 1153 vivere.
2162 1097 2522 1160 Horreamus,
2560 1094 2784 1161 fratres,
2818 1094 2943 1163 quia
2987 1109 3067 1147 vae
3103 1093 3301 1149 habent
3330 1097 3421 1165 qui
3452 1098 3524 1151 ab

1930 1190 2242 1245 hominibus
2274 1187 2588 1241 laudantur.
2620 1184 2787 1240 Decet
2814 1186 3033 1256 quidem
3073 1196 3131 1240 ut
3160 1194 3217 1240 et
3254 1185 3323 1241 ab
3345 1186 3523 1242 homi-

1931 1282 2091 1336 nibus
2120 1281 2427 1343 Iautlemur,
2454 1280 2551 1335 sed
2580 1281 2729 1350 prius
2757 1293 2786 1332 a
2819 1277 2949 1333 Deo.

220 1391 467 1458 ἀδελφοὶ,
500 1390 617 1454 πῶς
648 1391 707 1443 τὸ
739 1389 875 1443 Οὐαὶ
904 1388 1101 1459 ἔχωσιν
1126 1388 1173 1440 ol
1208 1385 1360 1455 παρὰ
1388 1384 1496 1437 τῶν
1517 1379 1821 1451 ἀνθρώπων
1860 1375 2275 1446 ἐπαινούμενοι.
2340 1376 2433 1428 Δεῖ
2461 1373 2560 1444 μὲν
2614 1373 2727 1442 γὰρ
2764 1374 2859 1425 καὶ
2889 1372 3041 1442 παρὰ
3082 1370 3193 1425 τῶν
3216 1369 3524 1443 ἀνθρώπων

222 1482 591 1548 ἐπαινεῖσθαι,
626 1481 761 1535 ἀλλά
783 1481 1052 1554 πρότερον
1082 1481 1190 1533 ἀπὸ
1220 1478 1381 1532 Θεοῦ.

301 1594 321 1628 ι
358 1576 521 1628 Ἀλλὰ
558 1574 687 1644 ὑμῖν
713 1574 857 1641 λέγω
884 1574 996 1636 τοῖς
1026 1572 1319 1626 ἀκούουσιν
1349 1586 1361 1599 '
1391 1568 1669 1636 ’Δγαπᾶτε
1690 1566 1817 1629 τοὺς

222 1665 456 1737 ἐχθροὺς
492 1666 667 1736 ὑμῶν.
713 1662 911 1726 Καλῶς
956 1665 1161 1716 ποιεῖτε
1212 1662 1326 1725 τοῖς
1368 1657 1620 1730 μισοῦσιν
1648 1657 1814 1727 ὑμᾶς.

226 1759 516 1828 [εὐλογεῖτε
536 1759 659 1822 τοὺς
682 1755 1108 1829 καταμωμένους
1140 1755 1306 1826 ὑμᾶς,
1324 1755 1418 1808 καὶ
1439 1749 1816 1824 προσεύχεσθε

222 1850 367 1923 ὑπὲρ
398 1850 509 1904 τῶν
547 1848 962 1921 ἐπηρεαζόντων
995 1849 1161 1918 ὑμᾶς.
1206 1844 1300 1917 Τῷ
1332 1843 1594 1899 τύπτοντί
1630 1861 1689 1896 σε
1721 1842 1817 1896 ἐπὶ

1998 1557 2167 1612 Vens.
2198 1552 2391 1611 27-36.
2422 1572 2441 1607 ι
2477 1552 2582 1608 Sed
2608 1552 2762 1608 vobis
2786 1553 2907 1609 dico‘
2929 1554 3243 1623 quianditis
3268 1573 3283 1610 :
3307 1556 3523 1629 Diligite

1923 1652 2175 1707 inimicos
2214 1659 2450 1715 vestros,
2501 1647 2803 1702 benefacite
2859 1646 2944 1702 bis
2996 1648 3088 1717 qui
3137 1663 3233 1705 vos
3268 1650 3521 1708 oderunt.

1926 1741 2240 1798 Benedicite
2288 1738 2741 1794 maledicentibus
2784 1738 2939 1792 vobis
2962 1776 2978 1801 ,
3016 1746 3072 1792 et
3116 1749 3272 1794 orate
3301 1755 3399 1811 pro
3431 1755 3523 1797 ca-

1924 1836 2322 1892 lumniantibus
2344 1848 2461 1887 vos.
2488 1832 2821 1887 Percutienti
2850 1840 2901 1884 te
2928 1832 2985 1885 in
3015 1833 3314 1898 maxillam,
3341 1835 3523 1901 praebe

221 1945 320 2015 τὴν
370 1943 619 2013 σιαγόνα,
655 1941 868 2013 πάρεχε
909 1942 1002 1996 καὶ
1048 1940 1147 2013 τὴν
1190 1938 1381 2010 ἀλλην,
1431 1939 1527 1993 καὶ
1569 1937 1678 1991 ἀπὸ
1722 1934 1813 1990 τοῦ

1923 1938 1978 1985 et
2002 1927 2265 1982 alteram:
2299 1936 2355 1981 et
2383 1925 2453 1980 ab
2481 1939 2546 1980 eo
2577 1924 2671 1996 qui
2704 1923 2887 1979 aufert
2927 1923 3021 1977 tibi
3058 1925 3317 1995 pallium,
3352 1928 3517 1983 etiam

220 2037 470 2108 αἴροντός
494 2052 588 2091 σου
614 2036 675 2090 τὸ
701 2035 937 2107 ἱμάτιον,
965 2034 1061 2089 καὶ
1087 2033 1181 2089 τὸν
1210 2033 1413 2105 χιτῶνα
1439 2032 1513 2102 μὴ
1537 2030 1810 2101 κωλύσῃς.

224 2128 395 2183 Παντὶ
423 2127 479 2182 δέ
511 2128 588 2198 τῷ
618 2126 858 2181 αίτοῦντί
887 2142 947 2181 σε
976 2124 1144 2181 δίδου.
1173 2125 1281 2179 Kal
1309 2125 1417 2178 ἀπὸ
1442 2122 1537 2177 τοῦ
1568 2122 1813 2193 αἴροντος

222 2219 289 2274 τά
328 2220 399 2272 σά
468 2221 542 2289 μὴ
577 2218 819 2272 ἀπαίτει.
854 2218 966 2273 Kal
1016 2217 1199 2280 καθὼς
1240 2218 1425 2271 Θέλετε
1465 2216 1553 2270 ἴνα
1585 2214 1813 2268 ποιῶσιν

219 2311 353 2379 ὑμῖν
380 2311 429 2363 oi
459 2311 759 2381 ἄνθρωποι,
810 2311 904 2365 καὶ
937 2310 1097 2381 ὑμεῖς
1131 2311 1337 2364 ποιεῖτε
1368 2309 1554 2373 αὐτοῖς
1586 2306 1809 2378 ὁμοίως.

221 2403 333 2458 Kal
374 2404 424 2456 εί
471 2405 725 2471 ἀγαπᾶτε
774 2405 899 2467 τοὺς
933 2404 1267 2473 ἀγαπῶντας
1301 2404 1467 2472 ὑμᾶς,
1517 2403 1644 2455 ποία
1686 2401 1814 2471 ὑμῖν

220 2496 381 2566 χάρις
413 2495 529 2550 ἐστί
556 2514 569 2561 ;
605 2498 717 2551 Καὶ
758 2497 868 2568 γὰρ
894 2497 943 2549 oi
974 2497 1290 2569 ἁμαρτωλοὶ
1325 2499 1449 2559 τοὺς
1481 2494 1814 2565 ἀγαπῶντας

220 2589 421 2652 αὐτοὺς
454 2587 732 2656 ἀγαπῶσι.
768 2590 879 2642 Kal
921 2588 1017 2641 ἐὰν
1056 2588 1423 2657 ἀγαθοποιῆτε
1454 2589 1580 2649 τοὺς
1608 2584 1813 2654 ἀγαθο-

222 2680 512 2745 ποιοῦντας
547 2683 712 2752 ὑμᾶς,
743 2682 870 2735 ποία
899 2682 1027 2752 ὑμῖν
1084 2682 1244 2752 χάρις
1292 2680 1442 2747 ἐστί;
1485 2679 1595 2732 Kal
1628 2678 1739 2749 γὰρ
1765 2677 1815 2731 oi.

222 2769 546 2841 ἁμαρτωλοὶ
573 2771 631 2825 τὸ
660 2772 793 2825 αὐτὸ
824 2771 1059 2825 ποιοῦσι.
1096 2772 1205 2826 Kal
1248 2771 1342 2825 ἐὰν
1370 2772 1651 2841 δανείζητε
1680 2770 1812 2839 παρ’

221 2859 300 2919 ὧν
332 2863 582 2929 ἐλπίζετε
632 2865 953 2928 ἀπολαϐεῖν,
992 2864 1120 2918 ποία
1166 2866 1295 2935 ὑμῖν
1330 2866 1487 2935 χάρις
1524 2863 1669 2929 lari;
1705 2865 1815 2917 Kal

222 2956 334 3029 γὰρ
361 2958 409 3010 οί
433 2957 753 3027 ἁμαρτωλοὶ
774 2956 1117 3027 ἁμαρτωλοῖς
1142 2956 1467 3020 δανείζουσι,
1498 2955 1586 3009 ἵνα
1612 2956 1817 3009 ἀπολά-

222 3046 361 3101 ϐωσι
410 3048 479 3101 τὰ
534 3048 643 3101 ῐσα.
695 3048 842 3119 Πλὴν
890 3048 1139 3117 ἀγαπᾶτε
1189 3046 1316 3111 τοὺς
1362 3047 1591 3117 ἐχθροὺς
1639 3046 1813 3117 ὑμῶν,

224 3139 319 3193 καὶ
352 3138 758 3206 ἀγαθοποιεῖτε,
806 3140 901 3192 καὶ
933 3138 1226 3202 δανείζετε,
1277 3137 1444 3209 μηδὲν
1488 3135 1817 3201 ἀπελπίζον-

221 3246 335 3293 τες,
365 3230 459 3283 καὶ
482 3229 634 3283 ἔσται
669 3232 697 3284 6
728 3230 921 3300 μισθὸς
953 3230 1109 3301 ὑμῶν
1132 3229 1298 3293 πολύς
1319 3247 1331 3260 ·
1368 3229 1461 3282 καὶ
1491 3228 1677 3282 ἔσεσθε
1708 3228 1814 3282 υίοὶ

222 3320 319 3376 τοῦ
380 3301 663 3391 Ὑψίστου,
705 3322 788 3375 ὅτι
843 3322 1008 3386 αὐτὸς
1053 3321 1289 3391 χρηστός
1340 3321 1486 3373 ἐστιν
1540 3321 1634 3373 ἐπὶ
1682 3321 1809 3384 τοὺς

221 3412 555 3485 ἀχαρίστους
589 3414 683 3467 καὶ
714 3412 1007 3484 πονηρούς.
1046 3412 1267 3465 Γίνεσθε
1304 3407 1399 3465 οὖν
1441 3412 1812 3483 οἰκτίρμονες,

219 3506 404 3570 καθὼς
464 3506 555 3559 καὶ
608 3507 636 3558 6
686 3505 877 3577 Πατὴρ
930 3505 1087 3575 ὑμῶν
1133 3508 1161 3559 6
1211 3505 1463 3573 οὐράνιος
1515 3505 1816 3575 οἰκτίρμων

218 3600 390 3655 ἐστίν.
431 3618 451 3651 ι
499 3600 718 3669 Ἐπειδή
755 3618 860 3672 περ
887 3602 936 3654 οἱ
967 3600 1255 3655 ἀπόστολοι
1285 3599 1511 3669 ἔμελλον
1548 3599 1815 3671 σταλῆναι

220 3693 312 3744 ἐπὶ
337 3690 398 3744 τὸ
435 3692 721 3763 κήρυγμα,
762 3693 857 3747 καὶ
896 3692 1305 3763 προσεδοκῶντο
1340 3692 1593 3744 ἐντεῦθεν
1624 3691 1815 3746 πολλοὶ

219 3782 407 3846 αὐτοῖς
436 3781 664 3835 διῶκται
693 3782 787 3835 καὶ
809 3783 1082 3835 ἐπίϐουλοι
1103 3796 1116 3811 ·
1157 3784 1205 3834 εί
1235 3779 1327 3836 οὖν
1360 3784 1451 3835 ἐπὶ
1483 3780 1558 3851 τῷ
1583 3782 1815 3854 διωγμῷ

218 3873 512 3945 ἀχθόμενοι
534 3874 582 3925 oi
608 3873 916 3938 ἀπόστολοι,
937 3870 1057 3927 εἶτα
1081 3874 1325 3937 θέλοντες
1350 3873 1661 3944 ἀμύνασθαι
1685 3875 1814 3939 τοὺς

218 3964 592 4035 λυπήσαντας,
635 3964 899 4033 ἐσίγησαν
930 3964 1026 4017 καὶ
1061 3966 1161 4017 οὐκ
1190 3964 1460 4031 ἐδίδαξαν,
1494 3963 1718 4017 ἐσϐεστο
1746 3964 1813 4018 ἂν

217 4058 247 4110 6
278 4055 374 4109 τοῦ
402 4056 745 4124 Εὐάγγελίου
774 4057 923 4129 ἥλιος
952 4072 966 4088 ⁸
1001 4056 1090 4110 διὰ
1124 4056 1283 4109 τοῦτο
1330 4058 1510 4109 τοίνυν
1539 4058 1567 4109 6
1602 4057 1811 4127 Κύριος

218 4149 645 4220 προλαμόάνων,
694 4151 954 4222 παραινεῖ
999 4151 1114 4213 τοῖς
1162 4149 1484 4210 ἀποστόλοις
1542 4147 1619 4219 μὴ
1676 4149 1814 4221 πρὸς

216 4241 435 4312 ἄμυναν
462 4242 571 4295 τῶν
610 4242 822 4312 ἐχθρῶν
867 4244 1088 4312 χωρεῖν,
1140 4242 1275 4296 ἀλλὰ
1320 4243 1500 4296 πάντα
1548 4240 1813 4310 γενναίως

218 4336 408 4405 φέρειν
431 4337 499 4388 τὰ
536 4333 920 4403 συμϐαίνοντα,
948 4335 1052 4387 κάν
1077 4333 1341 4405 ὑϐρίζωσί
1371 4352 1536 4399 τινες,
1556 4335 1659 4399 κᾶν
1688 4336 1813 4389 ἀνο-

218 4428 351 4487 σίως
380 4426 843 4492 ἐπιὸονλεύωσινχ
874 4424 1018 4478 οὕτω
1064 4427 1159 4478 καὶ
1188 4427 1350 4489 αὐτὸς
1382 4427 1440 4479 ἐν
1474 4426 1552 4496 τῷ
1586 4427 1809 4497 σταυρῴ

218 4516 418 4583 ἐποίει,
448 4515 659 4584 λέγων·
704 4516 907 4585 Πάτερ,
954 4518 1093 4585 ἀφες
1141 4516 1349 4581 αὐτοῖς,
1390 4518 1450 4570 οὐ
1493 4519 1604 4589 γὰρ
1633 4518 1808 4571 οἴδασι

214 4610 268 4661 τί
294 4607 563 4661 ποιοῦσιν.
595 4605 730 4661 Εἶτα
759 4607 845 4660 ἵνα
884 4608 958 4677 μὴ
990 4607 1186 4677 ἔχωσιν
1229 4609 1403 4661 εἰπεῖν
1430 4610 1481 4661 οί
1520 4609 1809 4663 ἀπόστολοι

1918 2018 2028 2075 noli
2069 2018 2307 2072 tunicam
2352 2015 2668 2087 prohibere.
2706 2014 2867 2069 Omni
2915 2025 3099 2069 autem
3135 2015 3374 2087 exigenti
3421 2018 3517 2071 abs

1921 2122 1999 2176 te,
2042 2111 2261 2165 tribue:
2301 2120 2361 2165 et
2407 2110 2477 2163 ab
2518 2123 2585 2164 eo
2624 2109 2716 2178 qui
2761 2108 2939 2163 aufert
2978 2123 3099 2178 qua:
3143 2118 3233 2164 tua
3268 2119 3414 2174 sunt,
3452 2122 3519 2165 ne

1920 2201 2176 2274 reposcas
2208 2223 2221 2258 :
2253 2212 2308 2257 et
2344 2210 2503 2272 prout
2532 2201 2697 2256 vultis
2730 2211 2787 2255 ut
2824 2200 3033 2255 faciant
3056 2201 3209 2256 vobis
3245 2202 3518 2270 homines,

1918 2313 2014 2353 vos
2052 2311 2269 2366 quoque
2299 2293 2463 2350 facite
2506 2293 2611 2348 illis
2652 2292 2929 2349 similiter.
2972 2293 3042 2347 Et
3074 2292 3119 2347 si
3156 2292 3384 2363 diligitis
3419 2309 3516 2350 eos

1860 2408 1865 2410 ·
1916 2390 2009 2458 qui
2046 2403 2141 2443 vos
2171 2387 2422 2456 diligunt,
2449 2400 2571 2455 qua:
2597 2386 2751 2440 vobis
2783 2395 2868 2439 est
2893 2383 3106 2454 gratia?
3131 2382 3272 2440 Nam
3303 2394 3359 2442 et
3388 2400 3488 2457 pec

1918 2491 2133 2537 catores
2156 2496 2251 2536 eos
2275 2495 2304 2534 a
2333 2480 2529 2548 quibus
2553 2478 2871 2550 diliguntur,
2900 2476 3154 2549 diligunt.
3189 2478 3254 2534 Et
3277 2478 3324 2535 si
3352 2479 3522 2535 bene-

1920 2572 2162 2628 feceritis
2201 2571 2402 2642 bisqui
2446 2571 2599 2626 vobis
2641 2568 3027 2635 benefaciunt,
3081 2584 3202 2640 qua:
3246 2570 3400 2625 vobis
3434 2577 3520 2627 at

1918 2666 2136 2739 gratia?
2180 2665 2458 2736 Siquidem
2502 2674 2558 2720 et
2598 2672 2922 2736 peccatores
2958 2661 3331 2720 hoe~faciunt.
3371 2664 3439 2721 Et
3469 2665 3515 2720 si

1918 2771 2167 2815 mutuum
2189 2760 2449 2814 dederitis
2478 2758 2561 2814 his
2587 2771 2617 2811 a
2644 2756 2847 2828 quibus
2876 2756 3114 2827 speratis
3145 2771 3243 2812 vos
3270 2766 3519 2828 receptu-

1921 2867 2031 2916 ros,
2071 2867 2191 2921 quae
2223 2854 2394 2923 gratia
2426 2862 2513 2908 est
2546 2853 2743 2909 vobis?
2777 2853 2915 2908 Nam
2950 2864 3006 2909 et
3038 2863 3358 2923 peccatores
3393 2868 3521 2925 pec-

1920 2944 2196 2999 catoribus
2222 2944 2354 2998 dant
2375 2955 2648 3011 mutuum,
2675 2950 2734 2999 ut
2758 2944 3032 3014 recipiant
3058 2945 3235 3015 paria.
3260 2944 3520 3010 Quinimo

1919 3037 2129 3109 diligite
2170 3039 2423 3094 inimicos
2457 3048 2697 3105 vestros,
2730 3046 2787 3094 et
2814 3037 3149 3103 benefacite,
3183 3049 3238 3095 et
3270 3047 3518 3103 mutuum

1920 3133 2077 3196 date,
2130 3130 2262 3185 nihil
2309 3131 2435 3186 inde
2477 3139 2808 3201 sperantes:
2848 3140 2905 3187 et
2942 3130 3047 3186 erit
3094 3144 3307 3186 merces
3337 3139 3517 3185 vestra

1924 3226 2123 3287 multa,
2157 3235 2211 3278 et
2254 3224 2411 3280 eritis
2456 3224 2549 3278 lilii
2584 3223 2850 3280 Altissimi
2886 3240 2899 3278 :
2936 3222 3063 3293 quia
3104 3221 3224 3293 ipse
3253 3221 3522 3291 benignus

1919 3328 2005 3375 est
2032 3334 2160 3387 erga
2197 3319 2440 3387 ingratos
2478 3327 2529 3371 et
2567 3316 2763 3370 malos.
2804 3314 2999 3372 Estote
3034 3328 3169 3385 ergo
3204 3313 3521 3368 misericor-

1886 3474 1887 3477 η
1921 3412 2041 3477 des,
2068 3413 2207 3465 sicut
2234 3423 2286 3465 et
2311 3411 2471 3465 Pater
2501 3419 2683 3464 vester
2710 3409 3024 3463 misericors
3046 3414 3154 3466 est.
3187 3425 3205 3457 ι
3245 3406 3517 3474 Quoniam

1888 3490 1891 3493 6
1920 3501 2152 3571 apostoli
2176 3504 2241 3555 ad
2262 3501 2665 3571 praedicandum
2689 3499 2937 3555 mittendi
2960 3508 3142 3566 erant,
3162 3507 3218 3553 et
3236 3505 3521 3569 exspecta-

1920 3592 2118 3647 bantur
2147 3594 2302 3648 multi
2340 3602 2719 3663 persecutores
2748 3602 2803 3647 et
2830 3593 3182 3647 insidiatores
3215 3610 3230 3647 :
3270 3592 3318 3648 si
3354 3592 3523 3662 igitur

1920 3686 2150 3754 apostoli
2173 3688 2225 3739 in
2246 3684 2627 3754 persecutione
2641 3699 2738 3741 sua
2757 3684 3021 3751 dolentes,
3046 3685 3111 3740 ad
3131 3682 3516 3740 vindicandum

1919 3792 2015 3834 eos
2044 3780 2134 3849 qui
2168 3794 2228 3833 se
2257 3778 2621 3845 offenderant,
2659 3778 2909 3833 conversi
2951 3776 3205 3845 fuissent,
3236 3777 3523 3833 siluissent

1918 3880 1973 3926 et
1996 3885 2103 3925 non
2120 3871 2454 3936 docuissent,
2479 3871 2785 3927 exstinctus
2813 3870 3001 3940 utique
3019 3867 3214 3924 fuisset
3237 3869 3317 3923 sol
3338 3865 3520 3923 Evan-

1918 3963 2045 4035 gelii
2074 3982 2095 4019 :
2120 3975 2405 4034 propterea
2434 3962 2695 4019 Dominus
2726 3964 3035 4033 anticipans
3066 3964 3325 4017 admonet
3351 3962 3520 4019 disci-

1918 4057 2074 4127 pulos
2106 4074 2172 4112 ne
2202 4057 2496 4111 vindictam
2530 4057 2595 4111 de
2639 4057 2875 4113 inimicis
2908 4063 3168 4121 sumant,
3211 4055 3305 4109 sed
3334 4052 3519 4110 omnia

1919 4165 2039 4221 quae
2060 4152 2339 4215 eveniunt,
2376 4149 2592 4205 fortiter
2618 4148 2818 4213 ferant,
2846 4148 3100 4218 quamvis
3119 4148 3341 4218 quidam
3374 4148 3519 4215 inju-

1918 4242 1997 4298 ria
2031 4240 2300 4305 alliciant,
2337 4243 2590 4312 quamvis
2629 4241 2934 4308 irreligiose
2966 4241 3330 4307 insidientur;
3374 4240 3519 4295 sicut
3606 4248 3609 4249 '

1915 4345 1972 4391 et
1998 4337 2112 4405 ipse
2143 4336 2195 4389 in
2214 4349 2376 4389 cruce
2404 4332 2659 4399 faciebat,
2685 4332 2911 4389 dicens:
2946 4332 3129 4402 Pater,
3163 4333 3376 4387 dimitte
3399 4332 3515 4400 eis;

1918 4427 2172 4482 nesciunt
2226 4428 2370 4480 enim
2423 4425 2553 4493 quid
2617 4424 2846 4478 faciunt.
2903 4422 3107 4478 Deinde
3162 4438 3230 4478 ne
3285 4423 3514 4493 apostoli

1917 4519 2100 4572 dicere
2131 4516 2342 4586 possint
2366 4515 2710 4585 impossibile
2737 4530 2860 4571 esse
2891 4523 3223 4583 praeceptum
3253 4514 3512 4585 diligendi

1921 4608 2205 4669 inimicos,
2256 4606 2389 4659 dicit
2427 4624 2441 4660 :
2487 4605 2642 4671 Quod
2684 4605 2782 4660 tibi
2835 4607 2919 4661 vis
2946 4595 3101 4670 fieri,
3153 4605 3255 4659 hoc
3294 4615 3352 4660 et
3394 4606 3515 4661 aliis

215 4700 483 4754 ἀδύνατον
528 4695 667 4753 εἶναι
721 4701 783 4751 τὺ
836 4700 1078 4753 τοιοῦτον
1132 4700 1434 4770 ἐπίταγμα,
1473 4701 1535 4753 τὸ
1587 4703 1811 4773 ἀγαπᾷν

1920 4696 2087 4751 facito
2114 4715 2128 4751 :
2159 4705 2212 4751 et
2244 4706 2361 4752 esto
2399 4696 2522 4751 talis
2553 4696 2699 4761 aliis,
2734 4696 2925 4766 quales
2957 4697 3097 4750 alios
3131 4696 3227 4750 tibi
3259 4710 3382 4752 esse
3410 4697 3512 4754 vis.

215 4795 343 4855 τοὺς
377 4791 629 4863 ἐχθροὺς,
660 4791 845 4861 φησὶν,
881 4793 946 4845 Ὀ
976 4792 1071 4844 ἐὰν
1110 4792 1268 4864 θέλῃς
1313 4794 1378 4846 σὺ
1426 4794 1521 4847 ἐπὶ
1555 4794 1806 4861 σεαυτοῦ,

216 4887 379 4941 τοῦτο
413 4886 645 4951 ἔνδειξαι
676 4887 772 4938 καὶ
816 4888 927 4948 τοῖς
960 4887 1192 4957 ἑτέροις.
1225 4886 1338 4941 Καὶ
1378 4886 1539 4955 γενοῦ
1568 4887 1808 4952 τοιοῦτος

215 4979 418 5042 ἄλλοις,
457 4978 602 5041 οἴους
634 4978 700 5031 ἂν
737 4978 899 5049 θέλῃς
946 4979 1078 5049 περὶ
1127 4978 1355 5033 σεαυτὸν
1389 4979 1645 5048 γενέσθαι
1691 4980 1811 5033 ἐτέ-

216 5088 369 5142 ρους.
404 5070 465 5123 Ei
495 5070 594 5138 μὲν
621 5071 892 5141 σκληροὺς
924 5075 1017 5124 καὶ
1044 5070 1392 5141 ἀσυμπαθεῖς
1436 5072 1531 5124 καὶ
1558 5072 1809 5143 ὀργίλους

220 5162 399 5226 θέλεις
430 5159 570 5215 εἶναι
600 5165 724 5226 τοὺς
774 5162 1003 5235 ἐχθρούς
1032 5180 1135 5229 σοι,
1182 5163 1275 5217 [eo
1316 5165 1411 5217 καὶ
1445 5165 1510 5218 σὺ
1541 5165 1806 5231 τοιοῦτος,

221 5258 270 5308 εί
295 5254 351 5307 δὲ
376 5255 690 5307 τούναντίον
718 5254 960 5323 ἀγαθοὺς
998 5258 1090 5311 καὶ
1121 5258 1429 5326 συμπαθεῖς
1454 5258 1549 5310 καὶ
1573 5256 1811 5328 ἀμνησι-

220 5347 448 5410 κάκους,
492 5348 567 5416 μὴ
602 5347 865 5401 ἀδύνατον
899 5344 1039 5401 εἶναι
1097 5348 1288 5419 νόμιζε
1332 5348 1393 5401 τὺ
1431 5349 1673 5413 τοιοῦτος
1712 5351 1811 5403 καὶ

219 5440 383 5501 αὐτὸς
416 5436 577 5494 εἷναι.
626 5440 787 5510 Ὁρᾷς
820 5439 984 5510 νόμον
1021 5441 1261 5512 ἔμφυτον
1291 5443 1349 5493 ἐν
1388 5444 1510 5506 ταῖς
1558 5442 1809 5513 καρδίαις

219 5532 377 5605 ἡμῶν
427 5532 924 5601 ἐγγεγραμμένον;
958 5534 1113 5587 Οὕτω
1158 5535 1251 5588 καὶ
1294 5538 1321 5589 6
1357 5536 1563 5606 Κύριος
1610 5531 1804 5590 εἶπεν·

230 5624 320 5677 Ἐν
351 5626 470 5687 ταῖς
514 5623 755 5693 ἡμέραις
798 5625 1037 5689 ἐκείναις
1086 5626 1262 5691 διδοὺς
1312 5628 1509 5697 νόμους
1556 5646 1680 5699 μου,
1728 5630 1809 5693 είς

216 5714 315 5787 τὴν
345 5716 587 5768 διάνοιαν
619 5716 799 5770 αὐτῶν
825 5717 920 5772 καὶ
954 5718 1045 5769 ἐπὶ
1074 5718 1183 5771 τῶν
1214 5718 1453 5786 καρδιῶν
1477 5720 1657 5773 αὐτῶν
1686 5722 1810 5773 ἐπι-

218 5806 419 5879 γράψω
448 5806 669 5874 αὐτούς,
708 5804 842 5862 Εἶτα
872 5810 965 5862 καὶ
1012 5808 1180 5881 ἀλλην
1218 5811 1465 5880 ἀνάγκην
1498 5810 1810 5881 ἐπιτίθησιν

216 5902 378 5973 ἡμῖν,
419 5902 501 5954 ὅτι
572 5902 697 5954 Ἐὰν
749 5904 1002 5969 ἀγαπᾶτε
1055 5902 1182 5967 τοὺς
1233 5903 1587 5971 ἀγαπῶντας,
1631 5904 1809 5973 ὅμοιοί

215 5992 340 6046 ἐστι
375 5991 720 6064 ἁμαρτωλοῖς
750 5995 843 6048 καὶ
877 5994 1128 6059 ἐθνικοῖς.
1163 5994 1288 6050 Ἐὰν
1315 5994 1370 6049 δὲ
1402 5997 1651 6065 ἀγαπᾶτε
1682 5998 1807 6059 τοὺς

1922 4789 1979 4845 Si
2023 4790 2242 4859 quidem
2282 4789 2453 4845 duros
2508 4798 2563 4843 et
2609 4788 3066 4857 incompatieutes
3110 4800 3165 4843 et
3219 4788 3515 4845 iracundos

1920 4882 2160 4937 volueris
2192 4896 2319 4937 esse
2350 4880 2447 4935 tibi
2476 4881 2749 4947 inimicos,
2778 4889 2897 4936 esto
2922 4892 2977 4935 et
3006 4890 3063 4935 tu
3096 4881 3238 4944 talis,
3270 4881 3353 4936 sin
3392 4880 3513 4937 illos

1920 4975 2162 5030 volueris
2189 4988 2312 5030 esse
2346 4974 2539 5042 bonos,
2561 4985 2617 5030 et
2640 4975 3065 5044 compatientes,
3098 4980 3152 5030 et
3187 4974 3515 5044 injuriarum

1920 5068 2299 5131 immemores,
2340 5082 2408 5122 ne
2449 5067 2785 5138 impossibile
2814 5068 3008 5123 credas
3037 5082 3161 5123 esse
3198 5070 3343 5137 Quod
3374 5076 3430 5123 et
3461 5078 3512 5121 tu

1922 5158 2045 5214 talis
2077 5159 2195 5213 fias.
2226 5160 2391 5215 Vides
2413 5160 2585 5229 legem
2615 5160 2919 5215 naturalem
2947 5162 3000 5215 in
3025 5160 3283 5215 cordibus
3310 5162 3514 5215 nostris

1920 5251 2278 5321 inscriptam?
2294 5252 2383 5309 Sic
2406 5265 2461 5309 et
2480 5252 2746 5309 Dominus
2767 5254 2932 5309 dixit:
2958 5253 3016 5309 ln
3036 5255 3225 5311 diebus
3251 5256 3357 5310 illis
3381 5255 3514 5310 dans

1918 5345 2067 5416 leges
2112 5362 2263 5402 meas
2306 5348 2361 5401 in
2408 5358 2645 5403 mentem
2682 5347 2845 5418 313
2874 5348 3109 5413 illorum,
3161 5359 3218 5405 et
3252 5348 3305 5403 in
3349 5350 3513 5405 corda

1919 5438 2132 5494 illorum
2167 5441 2466 5495 inscribam
2515 5456 2631 5495 eas.
2682 5442 2877 5498 Postea
2933 5453 2989 5498 et
3029 5443 3133 5498 alia
3182 5443 3516 5499 necessitate

1919 5547 2017 5585 nos
2055 5543 2230 5602 urget.
2294 5532 2353 5587 Si
2389 5532 2617 5600 diligitis
2652 5549 2748 5590 eos
2784 5535 2877 5603 qui
2915 5534 3071 5590 vobis
3104 5535 3243 5591 bene
3282 5534 3512 5601 faciunt,

1920 5623 2126 5679 similes
2152 5623 2285 5679 estis
2312 5627 2690 5693 peccatoribus
2720 5635 2775 5682 et
2814 5627 3128 5697 gentilibus.
3163 5628 3257 5682 Sin
3288 5626 3514 5699 diligitis

1918 5733 2012 5774 eos
2045 5720 2139 5787 qui
2192 5720 2343 5775 vobis
2385 5720 2773 5787 malefaciant,
2812 5719 3022 5776 similes
3060 5717 3193 5775 estis
3230 5716 3378 5784 Deo,
3420 5715 3514 5787 qui

1917 5821 2005 5867 est
2035 5815 2211 5868 bonus
2241 5813 2470 5880 ingratis
2506 5825 2567 5867 et
2610 5813 2789 5869 malis.
2852 5813 3051 5869 Utrum
3097 5812 3261 5882 igitur
3298 5811 3409 5866 Deo
3442 5823 3514 5864 an

1919 5905 2302 5976 peccatoribus
2360 5907 2569 5962 similes
2621 5907 2736 5960 lieri
2789 5906 2988 5961 vultis?
3045 5903 3206 5959 Vides
3265 5902 3511 5958 divinam

1920 5998 2270 6055 doctrinam?
2303 5998 2547 6056 Primum
2581 6015 2611 6055 a
2640 5999 2875 6057 naturali
2911 5999 3030 6071 lege
3063 6009 3113 6057 te
3135 5995 3341 6053 docuit.
3373 5992 3513 6055 Nam
