4028 6428
2803 126 2881 305 ί.

539 489 651 555 775
1457 472 2035 541 THEOPHYLACTI
2071 465 2482 531 BULGARIAE
2523 463 2881 526 ARCHlEP.
3304 510 3311 515 η
3710 456 3817 519 776

545 604 691 673 quod
718 614 769 657 tu
797 601 893 657 tibi
915 602 994 656 vis
1024 600 1162 665 fieri,
1195 596 1295 651 hoc
1318 596 1483 651 etiam
1513 592 1669 647 alteri
1700 590 1807 646 fac.
1841 589 2042 645 Deinde
2064 597 2117 640 et

2227 585 2363 654 πρὸς
2397 583 2542 652 ὑμᾶς
2573 580 3065 652 πονηρευομένους,
3094 576 3272 647 ὅμοιοί
3316 576 3440 629 ἐστι
3468 574 3547 645 τῷ
3592 571 3733 643 Θεῷ,
3760 573 3818 635 ὃς

547 712 574 749 a
604 696 708 750 ﬁne
728 712 788 747 ac
814 692 1076 753 mercede,
1122 687 1420 743 mercedem
1448 685 1593 739 enim
1641 683 1924 753 pollicetur
1948 679 2121 742 vobis,

2232 676 2381 729 ἑστιν
2416 673 2621 741 ἀγαθὸς
2668 672 2763 725 ἐπὶ
2812 673 2935 735 τοὺς
2995 671 3323 740 ἀχαρίστους
3380 670 3474 721 καί.
3520 664 3818 737 πονηρούς.

547 784 688 855 quod
718 784 919 838 similes
951 780 1091 833 ﬁalis
1122 779 1234 832 lici.

2230 768 2389 821 Ποῖον
2419 766 2512 819 οὖν
2553 766 2760 827 θέλετε,
2799 766 2975 834 ὅμοιοι
3023 761 3165 816 εἶναι
3213 763 3321 815 τῶν
3370 760 3739 831 ἁμαρτωλῶν,
3783 758 3815 815 ἢ

546 878 719 945 ὅμοιοι
771 870 910 927 εἶναι
956 874 1049 927 τοῦ
1097 873 1275 938 Θεοῦ;
1328 872 1491 941 Ὁρᾷς
1530 870 1881 924 διδασκαλίαν
1931 868 2124 932 θείαν;
2168 863 2394 917 Ἐπεισέ
2460 880 2518 915 σε
2586 864 2802 931 πρῶτον
2834 862 2943 915 ἀπὸ
2981 860 3074 913 τοῦ
3113 857 3344 927 φυσικοῦ
3372 858 3559 926 νόμου.
3600 858 3666 908 '0
3709 856 3821 925 γὰρ

548 971 717 1032 θέλεις
769 972 832 1022 σὺ
886 966 1137 1035 γενέσθαι
1189 983 1291 1029 σοι,
1353 965 1512 1018 τοῦτο
1569 966 1663 1017 καί
1719 964 1879 1025 αὐτὸς
1932 962 2113 1022 ἀλλοις
2153 958 2316 1011 ποίει.
2357 953 2489 1009 Εἶτα
2533 956 2708 1008 πείθει
2753 973 2811 1008 σε
2848 956 2943 1008 καὶ
2995 954 3102 1007 ἀπὸ
3142 952 3235 1006 τοῦ
3257 952 3444 1015 τέλους
3474 949 3690 1003 καὶτοῦ
3725 968 3823 1020 pi.

547 1062 699 1117 σθοῦ·
735 1060 924 1132 μισθὸν
950 1060 1055 1128 γὰρ
1091 1060 1435 1126 ὑπισχνεῖται
1469 1059 1597 1127 ὑμῖν
1638 1056 1699 1108 τὸ
1728 1054 1946 1124 ὁμοίους
1972 1052 2225 1120 γενέσθαι
2255 1049 2397 1119 Θεῷ.

618 1150 786 1205 Vens.
846 1149 1034 1204 57-40.
1076 1168 1093 1199 ι
1133 1148 1306 1201 Nolite
1334 1149 1595 1213 judicare,
1634 1158 1688 1200 et
1721 1162 1824 1199 non
1852 1145 2124 1211 indit-abi-

2317 1160 2333 1191 ι
2366 1142 2454 1198 Μὴ
2490 1142 2722 1210 κρίνετε,
2771 1138 2865 1191 καὶ
2900 1138 2961 1190 οὐ
2999 1136 3071 1208 μὴ
3121 1139 3371 1208 κριθῆτε.
3406 1138 3495 1204 Μὴ
3532 1136 3827 1189 καταδικάα

548 1246 699 1297 mini.
730 1241 908 1296 Nolite
948 1241 1312 1295 condemnare
1334 1279 1347 1301 ,
1384 1247 1439 1290 cl.
1470 1254 1572 1290 non
1604 1233 2119 1291 concelemnabimini.

2234 1233 2375 1298 ζετε,
2432 1234 2525 1285 καὶ
2578 1234 2639 1284 οὺ
2706 1232 2781 1303 μὴ
2833 1230 3269 1301 καταδικασθῆτε
3301 1248 3315 1262 ο
3367 1232 3668 1295 ἀπολύετε,
3725 1230 3825 1283 καὶ

548 1335 864 1398 llemittite,
918 1342 973 1386 et
1018 1330 1325 1385 remittetur
1376 1330 1550 1382 vobis.
1607 1330 1770 1391 Date,
1815 1339 1869 1379 et
1910 1327 2124 1379 dabitur

2233 1326 2667 1395 ἀπολυθήσεσθε.
2712 1326 2915 1390 Δίδοτε,
2948 1325 3044 1379 καὶ
3091 1323 3380 1394 δοθήσεται
3414 1325 3565 1393 ὑμῖν.
3603 1325 3823 1393 Μέτρον

546 1428 721 1481 vobis.
758 1427 1063 1480 Mensuram
1094 1425 1286 1476 bonam
1319 1430 1373 1475 et
1400 1420 1698 1475 confertam
1729 1429 1781 1472 et
1807 1433 2121 1472 concussam

2235 1419 2397 1471 καλὸν
2420 1419 2807 1487 πεπιεσμένον,
2838 1419 2928 1470 καὶ
2954 1416 3373 1485 σεσαλευμένον,
3396 1416 3489 1467 καὶ
3514 1417 3821 1483 ὑπερεκχυ-

552 1529 711 1586 atque
737 1518 1096 1570 exundantem
1121 1516 1319 1568 dabunt
1351 1516 1400 1565 in
1428 1514 1603 1567 sinum
1640 1522 1896 1565 vestrum.
1922 1511 2121 1565 Eadrm

2234 1512 2455 1581 νόμενον
2492 1510 2723 1563 δώσουσι
2750 1515 2827 1573 είς
2852 1510 2942 1562 τὸν
2966 1510 3165 1563 κόλπον
3199 1508 3374 1577 ὑμῶν.
3410 1506 3498 1574 Τῷ
3530 1506 3636 1574 γὰρ
3669 1504 3824 1574 αὑτῴ

552 1610 747 1677 quippe
772 1622 1019 1659 mensura
1056 1620 1158 1673 qua
1196 1604 1481 1666 metimini,
1516 1604 1805 1656 metientur
1830 1600 1916 1652 alii
1950 1602 2122 1653 vobis.

2239 1606 2423 1673 μέτρῳ
2456 1598 2498 1671 ᾧ
2535 1606 2807 1673 μετρεῖτε,
2842 1601 3376 1671 ἀντιμετρηθήσεται
3411 1600 3560 1668 ὑμῖν.
3600 1592 3734 1648 Eine
3768 1596 3825 1650 δὲ

556 1697 769 1752 Dicebat
805 1708 981 1750 autem
1020 1697 1123 1749 illis
1167 1696 1597 1749 similitudinem.
1644 1691 1896 1760 Nunquid
1950 1700 2125 1759 potest

2234 1698 2329 1747 καὶ
2354 1696 2669 1767 παραϐολὴν
2701 1698 2903 1757 αὐτοῖς.
2941 1694 3030 1765 Μή
3060 1712 3109 1747 τι
3139 1693 3359 1746 δύναται
3398 1691 3590 1761 τυφλὸς
3624 1691 3824 1759 τυφλὸν

551 1804 724 1843 caecus
746 1803 945 1842 Cacum
970 1788 1199 1842 ducere?
1223 1802 1399 1841 nonne
1420 1786 1577 1840 ambo
1602 1786 1650 1837 in
1677 1788 1887 1838 foveam
1909 1783 2128 1836 cadent?

2232 1787 2479 1856 ὁδηγεῖνς
2512 1789 2965 1858 Οὐχίάμφότεροι
2996 1790 3073 1847 είς
3100 1785 3320 1855 βόθυνον
3344 1784 3635 1837 πεσοῦνται
3664 1800 3677 1847 ;
3708 1784 3823 1837 06x

552 1878 667 1933 Non
692 1890 775 1933 est
800 1879 1092 1948 discipulus
1126 1894 1287 1948 supra
1314 1879 1630 1947 magistrum
1661 1892 1841 1940 suum,
1867 1874 2135 1945 perfectus

2240 1880 2355 1932 ἐστι
2393 1880 2643 1949 μαθητής
2678 1880 2818 1949 ὑπὲρ
2850 1880 2939 1931 τὸν
2987 1880 3306 1931 διδάσκαλον
3358 1878 3545 1932 αὑτοῦ.
3599 1879 3826 1946 Κατηρ-

554 1980 733 2024 autem
767 1972 943 2023 omnis
973 1973 1117 2033 erit,
1156 1971 1293 2025 sicut
1330 1972 1590 2040 magister
1626 1971 1808 2039 ipsius.
1852 1990 1869 2019 ι
1904 1969 2129 2024 Omnem

2234 1972 2490 2042 τισμένος
2538 1971 2595 2023 δὲ
2646 1973 2753 2034 πᾶς
2800 1971 2953 2023 ἔσται
3003 1970 3076 2030 ὠς
3124 1971 3153 2020 6
3192 1968 3511 2030 διδάσκαλος
3572 1966 3760 2020 αὑτοῦ.
3800 1985 3818 2018 ι

557 2062 803 2115 morbum
837 2059 1102 2115 difﬁcilem
1135 2061 1201 2114 ab
1231 2062 1519 2117 animabus
1559 2063 1758 2115 nostris
1783 2071 1996 2114 amovet
2027 2060 2131 2112 Do-

2236 2065 2591 2135 Παγχάλεπον
2619 2065 2831 2133 νόσημα
2862 2063 3157 2132 ἀποτέμνει
3183 2062 3289 2113 τῶν
3321 2060 3608 2129 ἡμετέρων
3636 2058 3827 2128 ψυχῶν

559 2150 775 2215 minus,
811 2149 1048 2204 radicem
1084 2152 1206 2206 dico
1254 2151 1541 2220 superbiae.
1588 2151 1722 2205 Nam
1753 2153 1843 2221 qui
1893 2152 2131 2219 seipsum

2237 2157 2519 2224 ὁΚύριος,
2569 2156 2666 2223 τὴν
2718 2154 2875 2223 ῥίζαν
2923 2153 3065 2220 λέγω
3108 2156 3206 2223 τῆς
3255 2150 3579 2221 ὑπεροψίας.
3618 2150 3679 2203 ὐ
3713 2152 3828 2219 γὰρ

556 2250 662 2295 nan
702 2244 1041 2307 considerat,
1094 2252 1146 2297 et
1192 2242 1368 2296 solum
1451 2243 1681 2296 attendit
1738 2260 1822 2297 res
1870 2243 2126 2311 proximi,

2238 2246 2313 2318 μὴ
2364 2247 2556 2301 ἑαυτὸν
2602 2247 3092 2316 ἐπισκεπτόμενος,
3145 2246 3279 2299 ἀλλά
3330 2246 3398 2297 τὰ
3448 2244 3542 2297 τοῦ
3594 2245 3826 2315 πλησίον

555 2332 785 2402 illasque
809 2342 995 2388 taxare
1026 2333 1159 2397 vult,
1190 2344 1396 2387 certum
1435 2334 1577 2403 quod
1615 2334 1866 2401 superbia
1899 2334 2129 2402 capitur,

2239 2340 2401 2410 μόνον
2427 2338 2660 2408 ἐφορῶν,
2691 2338 2787 2391 καὶ
2819 2338 2993 2391 ταῦτα
3026 2336 3304 2406 μωμεύειν
3333 2336 3523 2398 θέλων,
3560 2336 3828 2406 πρόδηλον

554 2434 611 2480 et
651 2424 988 2479 obliviscitur
1024 2426 1128 2479 sui.
1172 2422 1405 2477 Omnino
1449 2426 1592 2477 enim
1637 2428 1701 2478 de
1746 2441 1801 2479 se
1848 2429 1986 2492 quod
2026 2441 2131 2480 non

2236 2433 2316 2486 ὃτι
2364 2430 2637 2501 ὑπεροψίᾳ
2688 2431 3043 2499 ἁλισκόμενος
3084 2428 3307 2500 λέληθεν
3364 2429 3581 2482 ἑαυτόν.
3633 2429 3827 2483 Οῑεται

557 2524 744 2584 peccet
785 2517 978 2580 sentit,
1031 2526 1085 2570 et
1130 2528 1412 2585 propterea
1453 2518 1589 2571 alios
1628 2530 1909 2585 peccantes
1951 2534 2130 2587 repre-

2238 2522 2343 2593 γάρ
2378 2523 2592 2584 πάντως
2626 2524 2753 2592 περὶ
2796 2520 3015 2584 ἑαυτοῦ,
3066 2522 3146 2573 ὅτι
3196 2523 3295 2591 οὐχ
3336 2522 3666 2591 ἀμαρτάνει.
3716 2522 3829 2575 Καὶ

557 2608 764 2662 bendit.
814 2606 981 2677 Igitur
1020 2608 1063 2662 si
1110 2609 1189 2663 vis
1230 2610 1674 2663 ittCOtldetnttatUs
1712 2624 1861 2673 esse,
1908 2629 1973 2665 ne
2001 2626 2131 2664 cou-

2237 2614 2323 2668 διὰ
2366 2614 2524 2666 τοῦτο
2582 2614 2708 2674 τοὺς
2756 2612 2950 2674 ἄλλους
3000 2613 3415 2683 ἁμαρτάνοντας
3464 2614 3727 2668 αἰτιᾶται.
3765 2614 3828 2665 Εί

558 2699 782 2753 denmes
808 2699 964 2752 alios.
1004 2699 1099 2752 Dic
1125 2700 1308 2765 enim,
1346 2714 1560 2767 quaeso,
1602 2716 1767 2769 quare
1804 2703 2133 2757 condemnas

2236 2705 2327 2759 οὖν
2358 2706 2532 2767 Θέλεις
2562 2706 2929 2775 ἁκατάκριτος
2958 2700 3119 2768 εἶναι,
3147 2705 3221 2775 μὴ
3253 2706 3551 2775 κατάκρινε
3581 2705 3825 2774 ἑτέρους.

556 2788 721 2847 alium
768 2800 824 2841 ut
877 2792 1315 2859 pracvariCantem
1361 2791 1579 2847 divinas
1615 2793 1800 2861 leges?
1846 2798 2036 2847 Annon
2080 2804 2133 2849 et

2238 2797 2372 2848 Εἱπέ
2406 2812 2495 2865 μοι
2536 2796 2642 2865 γὰρ
2679 2795 2821 2847 διατί
2876 2794 3225 2863 κατακρίνεις
3282 2796 3491 2864 ἕτερον,
3534 2795 3611 2858 ὼς
3647 2812 3829 2866 παρα-

558 2890 615 2934 tu
649 2884 1023 2949 pt'azvaricaris
1054 2884 1293 2938 divinam
1329 2885 1543 2954 legem?
1569 2884 1637 2939 Ut
1677 2894 1883 2939 taceam
1918 2888 1981 2939 de
2014 2887 2135 2940 aliis

2239 2890 2497 2942 ϐαίνοντα
2527 2892 2741 2951 πάντως
2769 2889 2893 2949 τοὺς
2920 2887 3097 2949 θείους
3126 2887 3321 2958 νόμους
3346 2904 3361 2953 ;
3392 2889 3465 2942 Σὺ
3495 2888 3551 2939 δὲ
3578 2890 3736 2951 αὐτὸς
3762 2890 3825 2941 οὑ

559 2973 821 3040 peccatis,
854 2986 1001 3027 certe
1034 2974 1087 3026 in
1122 2975 1210 3027 illo
1240 2974 1359 3044 ipso
1396 2977 1533 3044 quod
1568 2976 1703 3029 alios
1732 2978 1965 3045 judicas,
2008 2993 2135 3047 pec-

2240 2980 2598 3047 παραδαίνεις
2638 2978 2781 3032 θεῖον
2822 2979 3023 3049 νόμον;
3075 2979 3303 3049 Ἀφίημι
3358 2980 3417 3031 ὲν
3473 2981 3594 3038 ταῖς
3640 2979 3828 3044 ἄλλαις

560 3076 653 3117 cas
675 3061 742 3117 ³⁸.
776 3061 986 3116 Etenim
1030 3066 1211 3118 divina
1265 3066 1347 3120 lex
1395 3068 1639 3136 prmcipit
1686 3070 1777 3121 tibi
1822 3084 1889 3121 ne
1924 3070 2135 3136 juilices

2239 3072 2554 3141 ἁμαρτίαις,
2594 3072 2711 3123 ἀλλ’
2740 3075 2799 3124 έν
2827 3072 2978 3142 αὺτῲ
3004 3072 3178 3141 τούτῳ
3225 3070 3304 3140 τῷ
3335 3072 3544 3141 κρίνειν
3581 3073 3827 3143 ἑτέρους,

562 3152 803 3207 fratrem.
832 3154 893 3207 Et
919 3156 988 3208 ita
1017 3158 1182 3210 etiam
1214 3167 1269 3211 tu
1299 3160 1675 3226 praevaricaris
1704 3148 1896 3229 legem.
1920 3160 1984 3214 Et
2012 3177 2131 3217 cum

2239 3164 2455 3223 πάντως
2488 3162 2596 3232 γὰρ
2625 3163 2786 3231 νόμος
2818 3161 2957 3225 θεῖος
2995 3161 3367 3216 διακελεύεταί
3400 3179 3480 3213 σοι
3512 3162 3588 3232 μὴ
3616 3164 3828 3232 κρίνειν

562 3245 943 3314 praevaricator
975 3262 1063 3314 es,
1096 3263 1201 3304 non
1244 3250 1405 3305 debes
1432 3250 1678 3318 judicare
1710 3254 1871 3305 alium
1904 3262 1959 3305 ut
1992 3268 2132 3321 prte-

2241 3256 2329 3307 τὸν
2364 3255 2612 3323 ἀδελφόν
2651 3253 2792 3308 ὥστε
2821 3254 2913 3306 καὶ
2943 3255 3009 3307 σὺ
3036 3253 3399 3323 παραϐαίνεις
3429 3255 3616 3323 νόμον.
3644 3256 3832 3323 Παρα-

559 3338 939 3392 νειιίειιιοι-ειιι.
970 3336 1217 3395 Judicem
1246 3342 1393 3396 enim
1420 3346 1753 3414 superiorem
1781 3361 1901 3400 esse
1924 3359 2137 3415 oportet

2239 3345 2410 3415 ϐάτης
2436 3346 2492 3397 δὲ
2524 3345 2620 3407 ὣν,
2653 3347 2753 3397 οὐκ
2797 3344 3032 3414 ὀφείλεις
3076 3344 3264 3413 ἕτερον
3299 3344 3507 3412 κρίνειν
3535 3344 3614 3407 ὡς
3657 3360 3830 3416 παρα-

564 3438 759 3480 natura
798 3441 1069 3496 peccante.
1101 3430 1339 3487 Remitte
1364 3434 1542 3503 igitur,
1576 3446 1629 3491 et
1667 3441 1967 3492 remittetur
2002 3440 2133 3493 tibi:

2241 3438 2430 3507 ϐάτην.
2487 3436 2784 3509 Ἀνώτερον
2821 3439 2931 3508 γὰρ
2968 3432 3106 3489 εἶναι
3140 3435 3220 3489 δεῖ
3259 3436 3355 3506 τῆς
3404 3437 3832 3507 ἁμαρτανούσης

565 3519 654 3581 da,
688 3530 743 3570 et
771 3516 986 3572 dabitur
1015 3521 1131 3575 tibi.
1162 3521 1466 3577 Mensuram
1502 3526 1647 3578 enim
1678 3528 1893 3592 bonam,
1926 3530 2138 3583 confer—

2240 3529 2456 3597 φύσεως
2500 3530 2589 3583 τὸν
2636 3532 2850 3601 κριτήν.
2894 3530 3121 3581 Ἀπόλυε
3161 3525 3277 3594 οὖν,
3333 3530 3428 3581 καὶ
3480 3529 3828 3601 ἀπολυθήσῃ’

564 3618 672 3663 tant
712 3622 767 3664 et
798 3626 1123 3666 concussam
1148 3624 1205 3668 et
1233 3616 1599 3670 exundantem
1640 3619 1842 3671 dabunt
1880 3620 1930 3671 in
1958 3621 2133 3673 sinum

2239 3620 2404 3681 δίδου,
2457 3621 2551 3672 καὶ
2598 3619 2885 3689 δοθήσεταί
2937 3636 3042 3675 σοι.
3084 3620 3300 3690 Μέτρον
3336 3621 3443 3689 γάρ
3487 3620 3674 3684 καλὸν,
3730 3640 3830 3673 πε-

563 3712 825 3754 νεειτιιιη.
868 3701 986 3756 Non
1023 3705 1164 3758 enim
1213 3721 1370 3773 parce
1410 3712 1691 3761 remetitur
1734 3709 2011 3775 Dominus,
2043 3714 2135 3766 sed

2240 3712 2534 3779 πιεσμένον
2574 3713 2667 3763 καὶ
2718 3712 3136 3781 σεσαλευμένον,
3190 3711 3284 3764 καὶ
3315 3712 3830 3783 ὑπερεκχυνόμενον

566 3792 835 3861 epulente.
882 3796 1244 3877 Slc‘utjgitur
1287 3814 1574 3854 mensurus
1628 3800 1858 3876 fatinam
1908 3805 2134 3872 promis.

2243 3799 2505 3854 δώσουσιν
2533 3806 2611 3865 είς
2650 3802 2742 3855 τὸν
2784 3803 2984 3855 κόλπον
3020 3802 3197 3871 ὑμῶν.
3240 3802 3315 3855 Οὐ
3357 3809 3466 3871 γάρ
3498 3802 3834 3873 φειδομένως

566 3884 838 3948 concutis,
870 3886 1251 3956 exundareqtte
1287 3886 1445 3953 facis,
1480 3878 1745 3959 siquidem
1779 3895 1979 3962 absque
2011 3912 2137 3965 par-

2242 3897 2563 3964 ἀντιμετρεί
2601 3897 2629 3948 6
2684 3894 2911 3965 Κύριος,
2967 3894 3104 3947 ἀλλὰ
3155 3893 3449 3956 πλουσίως.
3484 3895 3699 3965 Ὠσπερ
3737 3890 3833 3949 οὖν

568 3974 805 4029 cimonia
837 3978 1012 4030 metiri
1045 3980 1124 4033 vis
1157 3998 1169 4033 :
1208 3980 1278 4057 ita
1311 3992 1365 4035 et
1398 3981 1659 4037 Dominus
1691 4001 1998 4040 mensuram
2028 4004 2143 4043 ma-

2245 3988 2339 4038 ὲὰν
2380 3986 2577 4057 μέλλῃς
2610 3987 2904 4056 μετρήσειν
2943 3985 3103 4055 τυχὸν
3138 3985 3389 4054 ἄλευρον,
3424 3985 3636 4050 πιέζεις
3673 3986 3834 4040 τοῦτο

568 4080 726 4135 gnam
768 4080 819 4120 et
862 4071 1229 4124 exundantem
1275 4074 1423 4127 dabit
1463 4075 1579 4129 tibi.
1618 4076 1715 4130 Hic
1757 4078 1895 4132 forte
1934 4084 2142 4136 acutior

2244 4080 2336 4132 καὶ
2370 4077 2637 4141 σαλεύεις,
2669 4077 2763 4131 καὶ
2810 4077 3235 4147 ὑπερεκχεῖσθαι
3277 4079 3473 4143 ποιεῖς,
3512 4077 3627 4147 είγε
3655 4078 3833 4141 θέλε.ς

567 4160 837 4223 quispiam
870 4160 1169 4224 qliarsierit,
1209 4162 1479 4229 quomodo
1514 4176 1799 4235 postquam
1837 4170 1992 4238 dixit,
2028 4174 2141 4238 Qua

2244 4168 2404 4222 τοῦτο
2439 4169 2707 4238 μετρῆσαι
2756 4166 2928 4238 χωρὶς
2978 4166 3263 4235 φειδωλίας
3290 4184 3302 4196 ο
3352 4166 3497 4221 οὕτω
3532 4170 3629 4222 καὶ
3658 4172 3687 4223 6
3723 4171 3835 4223 Κύ-

567 4263 820 4303 mensura
854 4252 1140 4320 mctlmini,
1178 4256 1465 4309 metientur
1508 4260 1658 4314 vobis
1689 4271 1741 4314 et
1782 4263 1870 4315 alii
1898 4304 1914 4330 ,
1945 4266 2140 4320 iterum

2247 4278 2356 4333 ριος
2393 4261 2593 4331 μέτρον
2638 4262 2782 4330 μέγα
2827 4261 2922 4313 καὶ
2964 4260 3471 4330 ὑπερεκχυνὸμενον
3517 4262 3684 4315 δώσει
3723 4280 3828 4318 σοι.

568 4342 699 4396 dicit
722 4344 865 4411 quod
893 4360 1141 4399 mensura
1167 4350 1441 4403 exundet?
1472 4350 1527 4403 Si
1557 4352 1699 4405 enim
1726 4356 1981 4421 exundet,
2005 4373 2141 4427 quo-

2243 4357 2507 4425 Ζητήσειε
2537 4354 2580 4407 δ’
2609 4355 2673 4406 ἄν
2700 4368 2781 4416 τις
2806 4352 3081 4421 ὀξύτερος,
3116 4353 3231 4415 πῶς
3254 4352 3423 4404 εἰπὼν
3449 4354 3531 4405 ὅτι
3552 4347 3624 4423 Ὦ
3648 4356 3834 4426 μέτρῳ

574 4435 733 4487 modo
767 4451 1018 4489 mensura
1049 4439 1161 4493 ιιωο
1192 4442 1378 4495 eadem
1411 4442 1538 4495 est?
1568 4443 1801 4499 Dicimus
1826 4448 2006 4517 itaque
2035 4465 2139 4504 non

2245 4448 2515 4515 μετρεῖτε,
2571 4442 3105 4514 ἀντιμετρηθήσεται
3142 4444 3293 4513 ὑμῖν,
3344 4444 3505 4496 πάλιν
3546 4444 3723 4513 λέγει,
3750 4448 3834 4499 ὅτι

573 4538 696 4578 esse
725 4526 924 4591 dietum
956 4529 1099 4597 quod
1131 4540 1276 4584 tanta
1310 4546 1560 4587 mensura
1592 4539 1883 4591 metientur
1910 4542 2060 4595 vobis
2083 4554 2134 4607 et
2163 4569 2164 4573 π

2246 4536 2441 4605 μέτρον
2494 4536 3003 4605 ὑπερεκχυνόμενον
3050 4534 3313 4586 δώσουσιν
3360 4537 3438 4597 εἰς
3492 4534 3585 4587 τὸν
3634 4536 3834 4588 κόλπον

572 4615 685 4679 alii,
720 4619 810 4671 sed
850 4622 1059 4673 eadem.
1101 4621 1375 4690 Siquidem
1412 4626 1638 4681 dixisset
1680 4639 1825 4683 tanta
1863 4619 2163 4701 mensura,

2242 4627 2425 4695 ὑμῶν;
2459 4628 2521 4679 Εί
2555 4627 2663 4695 γὰρ
2706 4626 3160 4696 ὑπερεκχύνεται,
3214 4625 3332 4688 πῶς
3382 4624 3441 4677 τὸ
3494 4626 3633 4679 αὐτό
3673 4629 3829 4694 ἑστις

570 4718 699 4763 tunc
746 4725 849 4763 non
894 4712 1155 4767 defuisset
1196 4716 1478 4773 difﬁcultas
1524 4730 1579 4774 et
1623 4725 1982 4780 contrarietas
2028 4743 2141 4781 ser-

2243 4721 2487 4788 Λέγομεν
2509 4719 2599 4771 οὖν
2621 4714 2979 4783 ὀτιοὺκείπε,
3008 4718 3259 4787 Τοσούτῳ
3289 4720 3471 4787 μέτρῳ
3500 4719 3834 4792 ἀντιμετρη-

568 4800 737 4853 moni.
778 4800 931 4854 Nunc
964 4813 1139 4854 autem
1171 4818 1291 4857 cum
1324 4810 1512 4861 eadem
1554 4812 1779 4877 dixerit,
1821 4814 1979 4868 solvit
2011 4832 2139 4869 con-

2244 4811 2469 4881 θήσεται
2500 4812 2650 4879 ὑμῖν,
2682 4810 2841 4875 ἀλλὰ,
2880 4810 2956 4879 τῷ
2990 4808 3162 4877 αὐτῷ.
3202 4808 3265 4862 Εί
3298 4809 3397 4877 μὲν
3422 4808 3544 4877 γὰρ
3575 4804 3723 4873 εἷπε,
3747 4827 3834 4863 το-

571 4892 929 4944 trarietatem.
962 4891 1113 4947 Licet
1139 4896 1283 4947 enim
1314 4899 1441 4951 dare
1462 4902 1649 4953 eadem
1684 4917 1957 4969 mensura,
1980 4905 2143 4977 314

2247 4902 2421 4973 σούτῳ
2455 4901 2661 4971 μέτρῳ,
2688 4900 2809 4953 τότε
2850 4900 2915 4953 ἂν
2961 4896 3072 4969 εἶχε
3117 4899 3437 4968 δυσχέρειαν
3465 4901 3559 4951 καὶ
3591 4899 3832 4952 ἐναντιό-

572 4979 665 5031 sed
692 4996 793 5033 neu
840 4992 1007 5037 tanta.
1042 4984 1154 5038 Hoc
1184 4986 1347 5055 igitur
1385 4990 1514 5043 dicit
1546 4994 1797 5045 Dominus
1829 5011 1842 5047 :
1885 4995 1947 5049 Si
1980 4998 2145 5052 bene-

2248 5010 2387 5062 τητα
2424 4995 2452 5045 6
2500 4992 2674 5061 λόγος.
2728 4992 2843 5045 Νῦν
2877 4992 2953 5057 δὲ,
3004 4991 3080 5060 τῷ
3125 4992 3276 5060 αὐτῷ
3324 4989 3517 5052 εἰπὼν,
3561 4989 3682 5043 λύει
3735 4991 3832 5061 τὴν

572 5067 789 5133 feceris,
819 5072 1047 5127 benellet
1079 5076 1194 5128 tibi.
1232 5077 1343 5131 lloc
1373 5082 1513 5132 enim
1540 5091 1623 5133 est
1647 5082 1833 5135 eadem
1865 5100 2140 5140 mensura.

2250 5084 2624 5153 ἐναντιότητα.
2664 5083 2818 5137 Ἔστι
2853 5083 2960 5153 γὰρ
2999 5082 3196 5135 διδόναι
3234 5082 3311 5152 τῷ
3348 5080 3497 5151 αὺτῷ
3534 5082 3741 5153 μέτρῳ,
3772 5084 3830 5135 οὺ

573 5160 949 5218 Exundantem
978 5178 1154 5221 autem
1189 5170 1352 5235 dicit,
1392 5174 1531 5239 quod
1568 5187 1690 5227 cum
1726 5177 1891 5228 semel
1927 5177 2142 5232 benefe-

2254 5178 2360 5247 μὴν
2417 5176 2675 5247 τοσούτῳ.
2739 5175 2915 5229 Τοῦτο
2968 5174 3099 5243 γοῦν
3158 5173 3305 5241 λέγει
3362 5176 3390 5227 6
3454 5174 3703 5244 Κύριος,
3755 5176 3832 5227 ὅτι

574 5258 735 5321 ceris,
768 5258 1067 5313 innumeris
1099 5264 1269 5316 modis
1294 5264 1390 5319 tibi
1420 5266 1670 5321 beneﬁet.
1700 5266 1839 5320 Idem
1872 5279 1953 5322 est
1977 5272 2137 5324 etiattt

2252 5268 2663 5339 Εὑεργέτησας,
2696 5267 3107 5338 εὐεργετηθήσῃ
3143 5264 3303 5317 τοῦτο
3342 5265 3403 5316 τὸ
3449 5264 3582 5317 αὐτὸ
3615 5265 3829 5333 μέτρον.

578 5344 629 5395 in
664 5347 1134 5404 condemnatione.
1177 5355 1277 5417 Qui
1318 5358 1458 5409 enim
1499 5360 1823 5412 condemnat
1862 5370 1917 5413 et
1951 5363 2142 5415 deinde

2247 5363 2320 5414 T6
2351 5362 2406 5415 δὲ
2434 5362 2965 5432 ὑπερεκχυνόμενον,
3000 5360 3081 5411 ὅτι
3124 5359 3495 5429 εὐεργέτησας
3530 5356 3703 5423 ᾶπαξ,
3738 5375 3836 5427 μυ-

573 5444 985 5503 oondenmatur,
1046 5445 1233 5496 cadem
1289 5462 1539 5502 mensura
1590 5450 1831 5517 recipit:
1878 5464 2142 5521 quatenus

2251 5455 2581 5527 ριοπλασίως
2636 5454 3070 5525 εὐεργετηθήσῃ.
3128 5449 3201 5504 T6
3251 5451 3385 5504 αὐτὸ
3442 5450 3533 5503 καὶ
3590 5451 3685 5502 επὶ
3738 5450 3832 5517 τῆς

580 5538 760 5581 autem
788 5532 1017 5599 amplius
1046 5536 1436 5591 condemnatur
1456 5544 1596 5610 quod
1626 5544 1853 5598 similem
1884 5548 2139 5599 condem-

2250 5551 2649 5616 κατακρίσεως.
2691 5547 2748 5599 Ὀ
2778 5546 2883 5616 γὰρ
2918 5544 3282 5613 κατακρίνων,
3329 5538 3453 5595 εἶτα
3505 5542 3831 5609 κατακρινό-

579 5621 743 5681 nat-it,
788 5621 837 5673 in
882 5624 981 5678 hoc
1021 5630 1299 5681 exundans
1350 5641 1432 5684 est
1479 5650 1752 5689 mensura.
1796 5634 1923 5691 Haec
1962 5647 2139 5691 autem

2254 5656 2437 5709 μενος,
2478 5640 2555 5707 τῷ
2583 5638 2732 5710 αὐτῷ
2762 5640 2945 5709 μέτρῳ
2972 5637 3384 5705 ἀντιλαμϐάνει’
3411 5634 3546 5687 καθὸ
3568 5633 3626 5687 δὲ
3656 5635 3829 5686 πλεῖον

580 5707 715 5762 dixit
773 5712 1027 5771 Dominus
1078 5733 1106 5772 a
1161 5724 1611 5781 condemnatione
1673 5743 1770 5782 nos
1833 5728 2140 5797 prohibens.

2254 5732 2668 5802 κατακρίνεται,
2696 5732 2777 5785 ὅτι
2818 5732 2911 5785 τὸν
2949 5730 3133 5800 ὅμοιον
3166 5728 3477 5799 κατέκρινε,
3512 5726 3655 5779 κατά
3682 5725 3831 5778 τοῦτο

655 5900 698 5934 ⁸³
747 5899 901 5959 fletu.
938 5919 997 5973 ιι,
1036 5906 1084 5961 l.
