4028 6434
273 371 382 433 7T1
1010 369 1452 430 ENARRATIO
1484 370 1565 430 IN
1597 366 2096 428 EVANGELIUM
2119 368 2332 430 LUCJE
2392 392 2448 402 -
2479 365 2636 424 CAP.
2679 365 2774 424 VI.
3426 360 3532 424 773

281 487 786 556 ὑπερεκχυνομενόν
820 490 936 538 ἐστι
985 486 1045 537 τὸ
1085 486 1302 554 μέτρον.
1358 483 1542 536 Ταῦτα
1582 485 1635 536 δὲ
1683 484 1852 536 εἰπὼν

1961 482 2098 537 Dicit
2125 493 2304 537 autem
2334 491 2383 536 et
2412 481 2724 550 parabulam
2755 479 2926 543 nobis,
2955 479 3055 532 hoc
3086 485 3169 532 est
3200 479 3527 545 exetnptum.

278 584 305 631 ὁ
334 577 554 646 Κύριος,
598 579 690 631 καὶ
723 578 969 640 κωλύσας
1023 577 1168 646 ἡμᾶς
1215 575 1320 630 ἀπὸ
1358 575 1449 627 τοῦ
1483 577 1849 645 κατακρίνειν,

1962 574 2051 628 Dic
2080 576 2244 638 enim,
2271 591 2474 643 qutcsn,
2502 577 2695 642 inquit,
2723 587 2898 626 nonne
2929 571 3157 626 alterum
3178 569 3449 638 judicans,
3477 584 3531 626 et

273 671 423 737 λέγει
474 671 566 722 καὶ
609 669 922 738 παραϐολὴν
992 671 1147 738 ἡμῖν,
1206 668 1477 720 τουτέστιν
1527 669 1852 736 ὑπόδειγμα.

1959 667 2067 732 ipse
2101 668 2287 720 eadem
2333 683 2598 736 peccans,
2640 676 2987 733 comparatus
3032 680 3091 718 es
3136 678 3279 717 ςαξρο
3330 677 3529 717 caecum

277 761 412 812 Είπέ
449 779 540 829 μοι
581 762 705 831 γὰρ,
741 761 927 828 φησὶν,
983 763 1010 811 6
1056 759 1244 829 ἕτερον
1291 759 1509 828 κρίνων,
1553 759 1646 811 καὶ
1693 760 1854 821 αὐτὸς

1958 756 2213 810 ducenti?
2270 755 2402 810 Nam
2462 748 2505 810 si
2560 758 2720 809 alium
2785 755 3146 817 condemnas,
3206 762 3260 809 et
3312 754 3425 822 ipse
3477 755 3531 806 in

271 855 338 904 τὰ
367 854 506 905 αὺτά
543 854 889 922 ἁμαρτάνων.
942 853 1039 904 οὐκ
1083 851 1266 914 ἔοικας
1301 851 1482 920 τυφλῷ
1517 853 1714 919 τυφλὸν
1763 851 1852 902 ὀδ-

1940 853 2144 902 —cadem
2182 848 2372 902 incidis
2403 857 2645 916 peccata,
2672 848 2889 916 utrique
2923 848 3053 900 caeci
3084 846 3216 900 estis
3242 862 3256 898 :
3296 855 3348 900 et
3379 846 3530 900 vide-

272 943 528 1012 ηγοῦντι;
581 942 644 994 Εί
687 944 795 1011 γὰρ
828 943 915 994 τὸν
948 942 1134 1012 ἕτερον
1170 941 1374 1010 κρίνεις
1397 983 1410 1006 ,
1441 940 1606 1003 αὐτὸς
1638 943 1692 994 δὲ
1741 941 1853 1002 τοῖς

1959 941 2032 994 ris
2076 941 2291 1008 quidem
2335 932 2407 993 illi
2454 940 2560 994 dux
2597 955 2722 995 esse
2755 943 2821 994 ad
2853 943 3086 1003 bonum,
3122 953 3188 991 eo
3222 940 3364 1005 quod
3401 953 3532 992 cou-

269 1031 456 1092 αὒτοϊς
491 1031 873 1102 περιπίπτεις,
916 1031 1216 1100 ἀμφότεροι
1263 1028 1494 1098 τυφλοί·
1533 1031 1626 1082 καὶ
1676 1030 1852 1091 δοκεις

1954 1031 2221 1085 demnas:
2261 1046 2367 1085 non
2407 1048 2465 1087 es
2501 1043 2682 1087 autem
2713 1034 2841 1088 dux.
2886 1032 3168 1099 Quomodo
3197 1033 3341 1084 enim
3385 1031 3473 1084 ille
3501 1047 3533 1086 a

273 1123 375 1192 μὲν
421 1123 638 1190 ὁδηγεῖν
689 1124 896 1175 ἐκεῖνον
944 1124 1036 1174 ἐπὶ
1084 1123 1142 1174 τὸ
1194 1121 1358 1175 καλὸν
1405 1121 1492 1173 διὰ
1545 1121 1637 1174 τοῦ
1677 1137 1850 1174 κατα-

1959 1131 2009 1174 te
2036 1124 2102 1175 ad
2131 1122 2328 1175 bonum
2359 1123 2660 1185 inducetur,
2700 1139 2821 1177 cum
2857 1132 2910 1177 et
2942 1134 2997 1176 tu
3027 1121 3270 1176 labaris?
3299 1121 3421 1174 Non
3451 1130 3536 1175 est

269 1213 501 1284 κρίνειν,
539 1215 637 1283 οὐχ
658 1213 869 1283 ὀδηγεῖς
907 1214 983 1266 δέ.
1029 1214 1149 1275 Πῶς
1195 1212 1302 1283 γὰρ
1334 1213 1485 1265 ἔσται
1523 1213 1728 1274 ἐκεῖνος
1761 1213 1852 1265 ἐπὶ

1953 1218 2100 1269 enim
2149 1217 2449 1284 discipulus
2498 1232 2663 1286 super
2711 1217 3032 1285 magistrum
3071 1215 3135 1267 "’.
3176 1213 3232 1267 Si
3276 1214 3439 1284 igitur
3478 1225 3531 1266 tu

267 1305 330 1356 τὸ
353 1304 518 1356 καλὸν
561 1305 918 1374 ὀδηγοὺμενος
952 1304 1056 1356 ὑπὸ
1087 1303 1206 1369 σοῦ,
1243 1304 1371 1356 ὅταν
1401 1306 1497 1358 καὶ
1520 1305 1582 1356 σὺ
1610 1304 1807 1374 πταίῃς
1833 1321 1848 1368 ;

1954 1305 2046 1374 qui
2081 1306 2280 1360 videris
2316 1321 2436 1362 esse
2471 1309 2731 1376 magister
2763 1318 2817 1361 ct
2845 1309 2973 1374 dux,
3006 1306 3208 1361 laberis
3236 1324 3249 1360 :
3283 1306 3535 1359 oumibus

269 1395 389 1446 Οὔκ
419 1393 536 1446 ἔστι
565 1394 673 1462 γὰρ
714 1393 962 1463 μαθητὴς
1003 1393 1142 1462 ὑπὲρ
1171 1394 1262 1444 τὸν
1290 1393 1628 1447 διδάσκαλον.
1662 1393 1723 1446 Εί
1758 1390 1852 1446 οὖν

1956 1395 2132 1452 modis
2159 1400 2317 1452 cadet
2349 1399 2513 1452 etiam
2543 1400 2634 1467 qui
2664 1401 2887 1454 docetur
2910 1414 2973 1453 ac
3005 1398 3243 1452 ducitur.
3271 1395 3535 1451 Elabora-

273 1487 340 1538 σὺ
374 1490 400 1539 ὀ
430 1486 746 1548 διδάσκαλος
770 1486 943 1538 δοκῶν
980 1489 1072 1538 καὶ
1107 1486 1319 1555 ὀδηγὸς,
1362 1487 1601 1551 πταίεις,
1632 1487 1849 1548 πάντως

1956 1499 2042 1542 tus
2091 1491 2236 1544 enim
2270 1490 2606 1560 discipulus,
2643 1492 2748 1546 hoc
2787 1501 2870 1546 est
2903 1489 3209 1560 perfectus.
3259 1489 3363 1543 erit
3396 1489 3538 1542 sicut

271 1591 374 1627 που
404 1578 496 1628 καὶ
525 1579 552 1628 ὀ
601 1577 1039 1647 μαθητευόμενος
1083 1576 1177 1628 καὶ
1219 1576 1602 1646 ὀδηγούμενος.
1641 1578 1703 1630 '0
1742 1577 1852 1648 γὰρ

1956 1581 2218 1648 magister
2245 1583 2380 1652 ejus.
2412 1583 2539 1638 llaec
2571 1584 2706 1638 dicit
2731 1584 2891 1637 etiam
2927 1593 2984 1636 ut
3020 1599 3086 1638 ne
3110 1582 3537 1636 condemnentur

265 1667 703 1737 κατηρτισμένος
750 1667 1024 1738 μαθητὴς,
1102 1667 1348 1720 τουτέστι
1409 1668 1850 1738 τετελειωμένος,

1958 1671 2008 1723 lli
2037 1673 2126 1739 qui
2154 1683 2278 1726 sunt
2329 1673 2616 1729 inferiores
2650 1675 2841 1740 nobis,
2887 1677 2934 1728 si
2976 1675 3260 1728 videantur
3287 1685 3533 1742 peccare.

263 1761 423 1816 ἕσται
459 1763 536 1828 ὡς
572 1762 886 1825 διδάσκαλος
937 1763 1124 1816 αὑτοῦ.
1175 1761 1358 1814 Ταῦτα
1408 1757 1529 1816 εἷπε
1577 1760 1707 1831 περὶ
1755 1758 1850 1813 τοῦ

1703 1799 1707 1811 ,
1755 1758 1850 1813 τοῦ
1958 1761 2152 1818 Snbdit
2189 1779 2404 1834 quoque
2439 1777 2494 1821 et
2521 1767 2664 1821 aliud
2692 1768 2932 1836 ejusdem
2971 1767 3294 1838 argumenti.

268 1855 347 1923 μὴ
377 1856 489 1908 δεῖν
539 1856 887 1926 κατακρίνειν
925 1856 1053 1916 τοὺς
1083 1853 1504 1923 ὑποδεεστέρους
1545 1852 1720 1922 ἡμῶν,
1756 1853 1849 1906 καὶ
1883 1853 2170 1918 δοκοῦντας
2239 1859 2596 1929 ἁμαρτάνειν.
2662 1861 2888 1929 Ἐπάγει
2919 1860 2974 1914 δὲ
3008 1861 3098 1915 καὶ
3128 1861 3292 1932 ἕτερα
3318 1865 3410 1932 τῆς
3440 1862 3538 1914 αὑ-

259 1945 371 2014 τῆς
396 1947 726 2010 ὑποθέσεως.

348 2061 365 2094 ι
403 2043 466 2094 Τί
495 2044 552 2096 δὲ
582 2043 797 2112 βλέπεις
825 2044 886 2096 τὸ
917 2044 1145 2113 κάρφος,
1179 2044 1240 2095 τὸ
1268 2046 1324 2096 ἐν
1349 2043 1424 2112 τῷ
1454 2041 1719 2112 ὀφθαλμῷ
1749 2042 1844 2095 τοῦ
1879 2055 1921 2108 Β

2032 2042 2193 2096 Vens.
2228 2042 2418 2096 41-45.
2444 2041 2582 2108 Quid
2619 2050 2799 2096 autem
2830 2042 2978 2097 vides
2998 2042 3264 2098 festucam
3293 2044 3344 2098 in
3376 2045 3536 2099 oculo

263 2134 498 2202 ἀδελφοῦ
527 2151 642 2199 σου,
670 2135 769 2204 τὴν
801 2136 857 2187 δὲ
898 2135 1050 2188 δοκὸν
1081 2135 1178 2205 τὴν
1213 2136 1270 2187 ἐν
1317 2135 1396 2205 τῷ
1443 2136 1557 2204 ἰδίῳ
1583 2135 1850 2204 ὀφθαλμῷ

1956 2135 2141 2189 fratris
2172 2136 2266 2198 tui,
2303 2137 2511 2189 trabem
2545 2145 2724 2190 autem
2756 2151 2873 2203 qua:
2900 2137 2952 2189 in
2976 2136 3132 2189 oculo
3166 2138 3387 2206 proprio
3421 2148 3533 2200 tuo,

262 2225 330 2277 οὐ
371 2227 694 2290 κατανοεῖς;
736 2227 805 2278 Ἦ
840 2226 957 2289 πῶς
999 2225 1224 2279 δύνασαι
1276 2226 1455 2294 λέγειν
1511 2226 1592 2295 τῷ
1635 2225 1850 2296 ἀδελφῷ

1954 2243 2061 2280 non
2090 2228 2526 2282 animadvertis?
2554 2229 2659 2281 A‘nt
2689 2232 2959 2295 quomodo
2988 2238 3145 2299 potes
3175 2229 3354 2283 dicere
3381 2229 3535 2282 fratri

266 2331 386 2380 σου,
444 2313 684 2382 Ἀδελφὲ,
724 2315 856 2383 ἄφες
905 2315 1118 2368 ὲκῦάλω
1166 2317 1226 2368 τὸ
1280 2319 1519 2385 κάρφος,
1554 2320 1614 2369 τὸ
1663 2318 1722 2369 ὲν
1772 2316 1849 2387 τῷ

1955 2331 2045 2375 tuo
2071 2338 2086 2374 :
2111 2320 2322 2382 Frater,
2348 2321 2486 2383 sine,
2509 2319 2720 2386 ejiciam
2741 2319 3000 2372 festucam
3020 2336 3142 2379 utne
3171 2322 3225 2374 in
3252 2322 3409 2376 oculo
3444 2332 3537 2374 tuo

263 2404 533 2474 ὀφθαλμῷ
567 2423 682 2469 σου,
719 2406 877 2469 αὐτὸς
906 2407 1004 2478 τὴν
1043 2409 1101 2460 ἐν
1139 2407 1216 2476 τῷ
1247 2407 1512 2478 ὀφθαλμῷ
1552 2425 1646 2460 σου
1693 2409 1850 2461 δοκὸν

1951 2422 2055 2480 est,
2093 2415 2205 2483 ipse
2232 2414 2285 2467 in
2310 2414 2467 2468 oculo
2491 2421 2582 2468 tuo
2607 2413 2813 2466 trabem
2836 2427 2940 2465 non
2968 2412 3196 2467 videns?
3218 2412 3531 2485 Hypocrita,

260 2499 328 2551 οὐ
363 2498 578 2566 βλέπων
603 2515 619 2564 ;
662 2499 987 2567 Ὑποκριτα,
1015 2499 1206 2551 suam
1233 2500 1448 2568 πρῶτον
1475 2499 1572 2569 τὴν
1601 2500 1756 2554 δοκὸν
1784 2502 1848 2553 ἐκ

1952 2507 2088 2576 ejice
2119 2508 2351 2577 primum
2382 2507 2589 2560 trabem
2623 2521 2690 2561 ex
2725 2507 2882 2560 oculo
2920 2515 3029 2569 tuo,
3067 2515 3122 2561 et
3163 2516 3292 2562 tunc
3323 2510 3532 2578 perspi-

261 2587 366 2640 τοῦ
396 2587 675 2656 ὀφθαλμοῦ
706 2605 820 2652 σου,
875 2593 966 2642 καὶ
1015 2591 1134 2642 τότε
1167 2590 1472 2660 διαόλέψεις
1507 2591 1757 2643 ἐκϐαλεῖν
1786 2593 1848 2645 τὸ

1953 2597 2146 2651 οἰοειιιι
2178 2598 2363 2665 ejicias
2395 2602 2659 2652 festucam
2689 2613 2808 2665 quae
2841 2609 2924 2652 est
2949 2598 3004 2651 in
3031 2599 3190 2652 oculo
3220 2599 3409 2656 fratris
3433 2604 3530 2654 tui.

262 2677 478 2747 κάρφος
508 2678 567 2730 τὸ
601 2681 658 2732 ἐν
689 2680 763 2747 τῷ
801 2679 1067 2750 ὀφθαλμῷ
1102 2682 1194 2734 τοῦ
1226 2681 1452 2750 ἀδελφοῦ
1487 2700 1600 2737 σου.
1633 2685 1707 2735 Οὐ
1740 2685 1849 2756 γάρ

1953 2686 2069 2740 Non
2102 2696 2186 2740 est
2208 2687 2352 2740 enim
2382 2689 2543 2742 arbor
2565 2687 2704 2742 bona
2735 2703 2855 2757 qua:
2883 2688 3009 2742 facit
3033 2689 3268 2743 fructum
3294 2691 3530 2746 malum:

263 2769 384 2818 ἐστι
432 2767 648 2837 δένδρον
699 2767 885 2830 καλὸν,
939 2769 1127 2823 ποιοῦν
1181 2771 1390 2840 καρπὸν
1449 2774 1677 2841 σαπρὸν,
1727 2773 1848 2827 οὐδὲ

1952 2791 2124 2845 neque
2152 2776 2315 2830 arbor
2342 2777 2479 2831 mala
2513 2776 2714 2831 faciens
2744 2777 2977 2831 fructum
3010 2780 3232 2834 bonum.
3267 2780 3534 2851 Unaqua-

261 2855 481 2925 δένδρον
514 2846 743 2928 σαπρὸν,
780 2858 969 2912 ποιοῦν
1004 2861 1216 2931 καρπὸν
1241 2861 1424 2915 καλόν.
1443 2862 1712 2916 Ἕκαστον
1739 2864 1847 2934 γὰρ

1950 2882 2053 2936 que
2093 2867 2444 2929 enimarbor
2484 2883 2547 2921 ex
2592 2867 2772 2923 fructu
2822 2885 2924 2925 suo
2964 2875 3299 2942 agnoscitur.
3344 2873 3535 2946 Neque

263 2945 484 3016 δένδρον
514 2947 578 2998 ἐκ
605 2945 698 2999 τοῦ
751 2947 881 3001 ίδίου
911 2949 1125 3018 καρποῦ
1160 2950 1510 3018 γινώσκεται.
1541 2953 1616 3005 Οὐ
1657 2954 1765 3025 γὰρ
1790 2954 1850 3018 ἐξ

1952 2959 2094 3013 enim
2122 2974 2153 3014 ο
2185 2958 2355 3027 spinis
2393 2961 2653 3029 colligunt
2688 2961 2855 3026 ficus,
2896 2978 3070 3034 neque
3107 2981 3138 3022 ο
3169 2968 3302 3021 rubo
3345 2945 3533 3023 vinde-

264 3037 522 3098 ἀκανθῶν
553 3037 871 3105 συλλέγουσι
916 3040 1077 3105 σῦκα,
1113 3043 1233 3094 οὐδὲ
1281 3042 1346 3094 ἐκ
1395 3042 1557 3111 βάτου
1605 3045 1848 3114 τρυγῶσι

1952 3050 2121 3103 miant
2153 3059 2333 3105 utram.
2367 3049 2550 3106 Bonus
2582 3052 2745 3107 homo
2775 3068 2844 3107 ex
2876 3054 3024 3109 bono
3063 3055 3318 3111 thesauro
3351 3059 3535 3113 contis

267 3130 572 3200 σταφυλήν.
624 3130 681 3184 '0
712 3131 914 3198 ἀγαθὸς
962 3131 1244 3201 ἄνθρωπος
1275 3136 1339 3185 ἐκ
1389 3134 1484 3186 τοῦ
1516 3137 1722 3202 ἀγαθοῦ
1748 3140 1841 3207 θη-

1951 3144 2033 3196 sui
2061 3142 2266 3211 profert
2290 3145 2516 3209 bonum,
2541 3155 2596 3199 et
2625 3147 2801 3201 malus
2828 3148 2993 3203 homo
3013 3165 3076 3202 ex
3107 3149 3248 3204 malo
3274 3150 3532 3206 thesauro

269 3221 474 3291 σαυροῦ
504 3221 603 3292 τῆς
648 3221 872 3291 καρδίας
905 3223 1067 3275 αὑτοῦ
1106 3224 1370 3293 προφέρει
1397 3225 1456 3277 τὸ
1485 3227 1688 3293 ἀγαθόν
1714 3244 1726 3256 °
1755 3233 1848 3283 καὶ

1949 3234 2129 3286 cordis
2159 3234 2240 3286 sui
2269 3233 2475 3302 profert
2500 3235 2723 3288 malum.
2757 3236 2832 3290 Ex
2860 3237 3154 3292 abundatia
3182 3239 3327 3294 enim
3351 3242 3533 3297 cordis

267 3312 299 3365 ὃ
330 3314 566 3384 πονηρὸς
602 3312 882 3383 ἄνθρωπος
917 3317 980 3366 ὲκ
1019 3313 1112 3367 τοῦ
1154 3315 1395 3386 πονηροῦ
1437 3317 1710 3389 θησαυροῦ
1748 3323 1847 3390 τῆς

1951 3323 2187 3391 loquitur
2215 3339 2278 3379 os
2305 3325 2443 3393 ejus.
2485 3344 2502 3376 ι
2539 3327 2676 3393 Quid
2707 3335 2885 3383 autem
2917 3328 3091 3394 vides,
3127 3329 3326 3400 inquit,
3361 3331 3531 3386 festu-

263 3404 498 3473 καρδίας
545 3403 710 3458 αὑτοῦ
763 3405 1029 3476 προφέρει
1078 3405 1138 3459 τὸ
1184 3409 1438 3477 πονηρόν.
1481 3409 1576 3462 Ἐκ
1606 3413 1714 3483 γὰρ
1749 3413 1842 3465 τοῦ

1949 3431 2090 3482 cam,
2133 3417 2236 3472 hoc
2264 3426 2367 3483 est,
2396 3433 2618 3487 parvum
2650 3433 2929 3488 peccatum
2959 3421 3148 3478 fratris
3183 3426 3280 3488 tui,
3321 3428 3528 3481 trabem

265 3495 703 3567 περισσεύματος
735 3497 831 3566 τῆς
871 3497 1098 3567 καρδίας
1129 3497 1277 3550 λαλεῖ
1309 3499 1369 3550 τὸ
1401 3500 1574 3570 στόμα
1602 3503 1786 3554 αὑτοῦ.
1821 3523 1838 3552 ι

1950 3518 2147 3572 autem,
2180 3525 2432 3579 magnum
2455 3523 2741 3579 peccatum
2777 3523 2947 3577 tuum,
2980 3531 3089 3570 non
3120 3518 3532 3575 advertisﬂloc

265 3589 334 3643 Τί
401 3589 634 3659 βλέπεις,
674 3592 826 3660 φησι,
881 3593 939 3642 τὸ
966 3591 1194 3661 κάρφος,
1247 3592 1510 3658 τουτέστι,
1559 3594 1620 3644 τὸ
1655 3598 1846 3664 μικρὸν

1949 3608 2127 3654 autem
2167 3599 2418 3656 omnibus
2455 3602 2557 3658 dici
2595 3613 2808 3672 potest,
2849 3616 2904 3659 et
2949 3608 3184 3664 maxime
3221 3608 3533 3666 doctoribus

266 3684 575 3750 ἁμάρτημα
608 3680 700 3734 τοῦ
741 3681 970 3750 ἀδελφοῦ
1012 3697 1126 3746 σου,
1173 3683 1272 3751 τὴν
1310 3681 1366 3734 δὲ
1406 3682 1577 3746 δοκὸν,
1610 3684 1670 3734 τὸ
1700 3687 1846 3753 μέγα

1949 3699 2004 3742 et
2052 3691 2424 3759 principibus,
2479 3695 2569 3762 qui
2626 3695 2970 3751 subditorum
3019 3711 3239 3768 peccata
3285 3706 3533 3771 quamvis

268 3773 573 3843 ἁμάρτημα
608 3774 668 3825 τὸ
701 3773 790 3824 σὺν
819 3774 878 3825 οὺ
921 3778 1241 3839 κατανοετς;
1291 3773 1462 3826 Τοῦτο
1509 3774 1564 3826 δὲ
1614 3776 1844 3844 ἁρμόζει

1949 3799 2112 3854 parva
2146 3786 2373 3854 puniunt
2396 3803 2414 3839 ε
2449 3802 2543 3840 sua
2579 3796 2762 3842 autem
2803 3791 2967 3844 etiam
3000 3792 3233 3847 maxima
3271 3796 3531 3865 impunita

266 3865 366 3920 καὶ
394 3865 530 3936 πρὸς
564 3865 771 3929 πάντας
809 3865 941 3936 μὲν,“
965 3865 1201 3934 μάλιστα
1229 3865 1284 3918 δὲ
1327 3866 1462 3935 πρὸς
1494 3866 1843 3931 διδασκάλους

1948 3877 2152 3930 sinunt.
2187 3877 2394 3931 Idcirco
2431 3878 2553 3934 illos
2598 3889 2653 3934 et
2702 3882 3014 3951 ltypocritas
3054 3897 3213 3939 vocat
3247 3885 3526 3945 Dominus.

268 3957 364 4011 καλ⁸
391 3957 676 4026 ἄρχοντας,
698 3957 747 4008 οἳ
775 3957 844 4008 τὰ
869 3957 968 4025 μὲν
989 3956 1098 4009 τῶν
1124 3956 1227 4008 ὑπὸ
1251 3959 1408 4027 χεῖρα
1449 3959 1841 4029 ἁμαρτήματα,

1950 3968 2090 4024 Sunt
2121 3970 2208 4024 alii
2241 3972 2458 4040 quidem
2492 3984 2839 4042 apparentes,
2878 3977 3003 4031 dum
3040 3980 3272 4034 aliorum
3309 3994 3527 4049 peccata

266 4051 362 4102 καὶ
394 4048 566 4119 μικρὰ
594 4050 722 4103 ὄντα
751 4049 1060 4115 κολάζουσι,
1096 4051 1163 4102 τὰ
1191 4048 1246 4101 δὲ
1277 4050 1472 4115 οἰκεῖα,
1505 4053 1608 4103 xiv
1635 4053 1844 4121 μεγάλα

1949 4062 2214 4130 puniunt:
2263 4063 2315 4116 in
2368 4065 2470 4118 hoc
2512 4067 2656 4118 enim
2696 4066 2831 4129 justi
2871 4079 3155 4136 apparent.
3203 4048 3320 4126 Alii
3349 4084 3528 4127 autem

263 4138 422 4210 ὦσιν,
454 4144 617 4198 ἐῶσιν
659 4143 952 4200 ἀκόλαστα.
1007 4145 1100 4198 Διὸ
1137 4147 1231 4199 καὶ
1285 4146 1586 4216 ὑποκριτὰς
1620 4149 1843 4210 τούτους

1947 4165 2076 4208 sunt
2124 4171 2191 4209 ex
2238 4170 2304 4210 eo
2345 4157 2489 4225 quod
2537 4167 2593 4212 et
2637 4159 2737 4225 ipsi
2777 4163 2996 4227 gravius
3043 4176 3288 4232 peccent.
3334 4165 3527 4223 Poste.

265 4234 424 4291 καλεῖ
445 4238 471 4286 6
502 4236 726 4305 Κύριος,
754 4236 829 4297 ὼς
855 4235 981 4287 ἄλλο
1011 4235 1108 4304 μὲν
1149 4237 1524 4304 φαινομένους,
1556 4239 1618 4292 ὲκ
1653 4237 1745 4290 τοῦ
1780 4241 1847 4291 τὰ

1948 4247 2107 4300 etiam
2134 4257 2185 4301 et
2211 4248 2458 4317 exemplo
2486 4250 2772 4303 continuat
2799 4267 3116 4309 sermonem
3141 4272 3319 4313 suum.
3356 4259 3527 4320 Sicut.

262 4327 375 4381 τῶν
432 4327 609 4380 ἄλλων
654 4327 1028 4396 ἁμαρτήματα
1078 4328 1346 4394 κολάζειν,
1397 4331 1680 4397 φαίνονται
1737 4321 1844 4401 γάρ

1948 4339 2156 4406 inquit,
2188 4355 2292 4394 non
2325 4350 2409 4393 est
2439 4339 2600 4395 arbor
2644 4342 2783 4397 bona
2835 4361 2954 4412 qua:
2996 4347 3125 4402 facit
3161 4349 3396 4406 fructum
3431 4369 3533 4423 pu--

261 4420 484 4485 δίκαιοι,
538 4418 667 4471 ἄλλο
717 4419 773 4470 δὲ
825 4417 1003 4484 ὄντας,
1056 4421 1121 4472 ὲκ
1167 4418 1261 4472 τοῦ
1301 4421 1391 4472 καὶ
1434 4421 1631 4483 αὐτοὺς
1676 4421 1844 4492 χείρω

1947 4437 2104 4493 trem,
2129 4445 2302 4500 neque
2324 4432 2486 4486 arbor
2507 4433 2684 4501 putris
2701 4450 2822 4503 quae
2842 4437 2990 4504 gfacit
3017 4437 3254 4494 fructum
3287 4417 3490 4498 bonum
3513 4464 3525 4499 :

260 4510 622 4581 ἁμαρτάνειν.
663 4505 799 4562 Εἶτα
843 4511 936 4561 καί⁵
982 4510 1089 4562 ἀπὸ
1121 4511 1518 4580 ὑποδεί-ίματος
1555 4513 1842 4565 πιστοῦται

1946 4520 2016 4573 ita
2049 4531 2102 4575 et
2127 4523 2220 4589 qui
2251 4522 2387 4577 alios
2421 4526 2690 4595 castigare
2718 4536 2774 4580 et
2807 4530 3101 4600 corrigere,
3134 4543 3188 4586 et
3217 4533 3282 4587 ad
3325 4537 3525 4590 bonum

261 4605 354 4655 τὸν
388 4602 548 4669 λόγον
580 4600 767 4655 αὐτοῦ.
803 4601 1011 4669 Ὥσπερ
1045 4601 1174 4670 γάρ,
1223 4602 1408 4671 φησὶν,
1444 4603 1542 4656 οὐκ
1574 4603 1688 4655 έστι
1727 4603 1842 4655 δένς

1948 4611 2111 4681 315
2145 4615 2442 4669 transferre
2499 4626 2769 4682 attentat,
2826 4635 2930 4673 non
2987 4622 3152 4676 fuerit
3213 4626 3435 4681 malus:
3483 4631 3525 4683 si

259 4694 387 4765 δρον
416 4692 602 4755 καλὸν,
631 4693 816 4744 ποιοῦν
843 4693 1053 4763 καρπὸν
1096 4695 1325 4760 σαπρὸν,
1356 4695 1475 4746 οὐδὲ
1502 4695 1716 4763 δένδρον
1753 4712 1844 4747 σα-

1948 4714 2127 4758 autem
2153 4705 2324 4760 malus
2346 4706 2528 4770 fuerit,
2553 4708 2688 4762 alios
2715 4725 2817 4763 non
2843 4711 3006 4764 faciet
3031 4713 3302 4773 meliores.
3329 4716 3521 4774 Unius-

260 4785 422 4854 πρδν,
457 4785 641 4837 ποιοῦν
674 4784 884 4853 καρπὸν
913 4784 1094 4848 καλὸν,
1124 4784 1266 4838 οὕτω
1307 4786 1400 4838 καὶ
1433 4789 1460 4838 6
1491 4789 1613 4850 τοὺς
1644 4788 1836 4851 ἄλλους

1947 4797 2206 4867 cujusque
2229 4799 2373 4852 enim
2401 4813 2494 4852 cor
2517 4802 2809 4856 thesaurus
2835 4816 2919 4858 est
2942 4821 2956 4856 :
2991 4813 3045 4858 et
3074 4808 3116 4859 si
3141 4809 3360 4876 quidem
3388 4813 3522 4866 bona

264 4879 623 4947 σωφρονίζειν
663 4878 755 4928 καὶ
798 4877 1140 4946 διορθοῦσθαι
1188 4879 1480 4949 ἐπιχειρῶν
1550 4880 1643 4932 καὶ
1704 4899 1835 4952 μετ-

1949 4889 2176 4954 habeat,
2219 4892 2382 4944 etiam
2426 4892 2587 4948 homo
2633 4894 2807 4950 bonus
2836 4907 2955 4962 est,
2990 4910 3045 4952 et
3075 4902 3214 4954 bona
3246 4902 3521 4972 loquitur:

258 4975 415 5042 άγειν
437 4974 528 5024 ἐπὶ
552 4972 613 5023 τὸ
635 4969 976 5040 βέλτιον,οὺκ
999 4973 1062 5024 ἂν
1085 4973 1168 5043 εἴη
1194 4973 1510 5043 πονηρὸς,εί
1527 4974 1581 5025 δὲ
1607 4976 1837 5043 πονηρὸς

1948 4984 2030 5035 sin
2067 4997 2194 5037 vero
2220 4986 2378 5038 malis
2401 5001 2496 5040 cor
2519 4986 2735 5053 plenum
2765 4986 2951 5054 fuerit,
2977 4995 3137 5046 etiam
3166 4995 3326 5051 homo
3352 4999 3525 5053 tualus

259 5065 371 5136 εἴη,
427 5067 528 5118 οὐκ
583 5065 651 5118 ἂν
703 5065 920 5135 ἑτέρους
977 5064 1216 5135 βελτίους
1269 5066 1580 5136 ἐργάσαιτο.
1632 5067 1694 5119 Ἡ
1735 5069 1837 5137 γὰρ

1947 5079 2048 5135 est,
2078 5082 2131 5126 et
2160 5073 2297 5125 mala
2328 5075 2582 5142 loquitur.
2614 5075 2778 5132 Potes
2801 5089 2984 5148 autem
3007 5070 3131 5137 inec
3157 5096 3210 5136 et
3240 5085 3305 5138 de
3333 5085 3523 5143 Phari-

261 5160 496 5212 ἑκάστου
525 5158 720 5226 καρδία
759 5158 1028 5228 θησαυρός
1053 5161 1190 5222 ἐστι,
1249 5159 1352 5212 κᾶν
1389 5160 1485 5229 μὲν
1513 5160 1692 5228 ἀγαθά
1716 5162 1837 5232 ἔχῃ,

1945 5161 2068 5214 szeis
2107 5164 2184 5215 sic
2219 5163 2537 5234 intelligere.
2573 5166 2651 5220 Ad
2690 5167 2808 5222 illos
2847 5164 2989 5223 enim
3033 5185 3341 5228 sermonem
3390 5178 3523 5232 diri-

260 5255 355 5304 καὶ
385 5253 423 5303 ,ὀ
451 5249 736 5319 ἄνθρωπος
789 5252 990 5318 ἀγαθός
1039 5253 1176 5318 ἐστι,
1232 5255 1324 5304 καὶ
1371 5252 1550 5321 ἀγαθὰ
1589 5254 1760 5306 λαλεί’
1791 5256 1838 5305 εί

1945 5267 2100 5323 gens,
2147 5255 2338 5324 inquit,
2369 5256 2514 5326 Ejice
2540 5258 2773 5327 primum
2802 5262 3007 5315 trabem
3043 5275 3106 5316 ex
3141 5266 3296 5319 oculo
3321 5277 3438 5332 tuo,
3471 5281 3523 5323 et

258 5342 316 5395 δὲ
350 5342 604 5411 πονηρῶν
637 5345 805 5411 μεστή
839 5345 985 5395 ἐστιν
1036 5344 1069 5412 ἠ
1118 5343 1332 5412 καρδία,
1375 5345 1468 5396 καὶ
1498 5346 1524 5396 ὀ
1555 5343 1838 5415 ἄνθρωπος

1947 5353 2072 5400 tunc
2114 5346 2375 5403 festucam
2420 5365 2538 5418 quin
2581 5361 2666 5404 est
2712 5353 2777 5404 in
2810 5352 2970 5405 oculo
3012 5356 3193 5410 fratris
3224 5358 3340 5412 tui:
3385 5363 3523 5418 sicut

261 5437 496 5505 πονηρός
533 5437 669 5496 ἐστι,
709 5437 800 5488 καὶ
835 5435 1047 5504 πονηρὰ
1082 5435 1252 5488 λαλεῖ.
1299 5437 1533 5489 Δύνασαι
1568 5437 1623 5489 δὲ
1668 5437 1840 5489 ταῦτα

1940 5438 2103 5490 etiam
2145 5437 2276 5493 alibi
2323 5441 2470 5504 dicit,
2517 5441 2792 5496 Camelum
2836 5443 3159 5510 glutieutes,
3203 5460 3257 5502 et
3294 5451 3520 5507 culicem

263 5527 442 5579 πάντα
467 5527 560 5577 καὶ
587 5525 663 5587 ὡς
692 5525 818 5595 περὶ
850 5527 955 5579 τῶν
984 5528 1297 5596 Φαρισαίων
1327 5527 1595 5594 λεγόμενα.
1628 5528 1838 5595 νοῆσαι.

1941 5532 2270 5586 excoluntes.
2306 5533 2587 5598 Quomodo
2622 5535 2787 5604 igitur
2828 5550 2925 5590 vos
2966 5533 3221 5594 Pharisaei
3261 5543 3352 5611 qui
3390 5546 3523 5599 estis

264 5622 407 5692 Πρὸς
435 5620 670 5678 ἐκείνους
693 5619 800 5687 γὰρ
816 5619 1249 5688 ἀποτεινόμενος,
1269 5622 1452 5688 φησιν,
1486 5619 1842 5684 ὄτι,,⁹Εκεαλε

1944 5623 2168 5676 arbores
2220 5634 2440 5705 putres,
2499 5627 2747 5695 poteritis
2804 5628 3008 5685 fructus
3063 5631 3236 5687 bonos
3283 5633 3521 5690 afferre?

346 5781 389 5811 "
447 5780 603 5833 Joan.
672 5793 804 5836 xm,‘
827 5777 908 5832 l6.

551 5870 814 5929 PA'i'BOL.
851 5871 964 5928 (in.
1014 5869 1300 5929 CXXUI.
3069 5895 3140 5948 25
