4028 6416
495 415 599 480 ’179

1422 404 1999 469 TllEOPHYLAC’l‘I
2035 401 2443 465 BULGARDE
2480 405 2520 459 A
2537 397 2834 458 llCHlEl‘.

3660 394 3770 457 780

505 529 694 584 Vester
722 527 868 583 enim
895 539 1074 582 sermo
1106 535 1319 592 semper
1355 523 1529 591 putris
1559 529 1662 586 est,
1700 521 1838 574 sicut
1867 529 1917 572 et
1950 518 2058 572 vita

2193 516 2407 586 πρῶτον
2435 517 2532 584 την
2560 512 2714 565 ὃοκὶν
2741 513 2802 565 ἐκ
2831 509 2922 563 τοῦ
2954 505 3234 577 ὀφοαλμοῦ
3284 523 3400 573 σου,
3435 507 3528 562 καὶ
3564 508 3685 562 τότε
3716 515 3777 564 τ’)

502 618 808 689 Loquimini
856 617 997 672 enim
1052 632 1116 671 ex
1163 613 1491 669 abundantia
1541 611 1740 664 cordis.
1796 610 2076 674 Quomodo

500 713 660 781 igitur
687 711 821 766 alios
862 709 1147 779 eorrigetis
1171 749 1186 773 ,
1219 719 1270 762 et
1300 706 1523 760 aliorum
1560 713 1776 773 peccata
1811 702 2068 772 pnnietis,

495 804 594 872 ipsi
618 803 833 870 gravius
866 800 1196 871 peccantes?

2188 608 2395 677 κάρφος
2427 605 2486 657 τὺ
2526 607 2583 657 ἐν
2610 603 2688 674 τῷ
2714 603 2976 672 ὀφθαλμῷ
3012 601 3107 655 τοῦ
3145 601 3372 669 ἀδελφοῦ
3409 620 3526 657 σου.
3558 602 3776 672 Ὠσπερ

2184 701 2276 753 καὶ
2308 699 2541 768 ἅλλαχοῦ
2594 698 2762 766 λέγει,
2799 699 2846 748 οἰ
2893 696 2992 767 τὴν
3051 696 3296 765 κάμηλον
3355 696 3775 761 καταπίνοντες,

2185 795 2278 848 καὶ
2309 791 2399 845 τὸν
2423 792 2661 845 κώνωπα
2690 789 3038 854 διῦλίζοντες.
3065 789 3190 852 Πῶς
3218 788 3331 854 οὖν,
3368 789 3557 859 φησὶν,
3592 789 3779 860 ὑμεῖς,

493 893 854 968 ὧΦαρισαῖοι,
883 897 1073 967 δένδρα
1093 897 1241 958 ὄντες
1270 894 1477 964 σαπρὰ,
1537 893 1830 964 δυνήσεσθε
1896 893 2141 963 καρποὺς
2181 891 2425 960 ἀγαθοὺς
2470 891 2862 962 προενεγκεδη
2907 886 3093 956 ’Υμῶν
3141 887 3250 958 γὰρ
3293 887 3386 939 καὶ
3426 888 3453 938 6
3495 886 3653 953 λόγος
3683 905 3775 939 σα-

493 995 652 1065 πρὸς,
682 993 757 1058 ὡς
786 994 879 1048 καὶ
911 993 937 1044 6
975 991 1108 1060 βίος,
1142 991 1205 1043 ἐκ
1237 990 1346 1060 γὰρ
1373 990 1465 1042 τοῦ
1501 991 1938 1060 περισσεύματος
1975 989 2074 1057 τῆς
2110 987 2370 1071 ,καρδίας
2419 988 2630 1055 λέγετε.
2704 986 2826 1048 Πῶς
2865 982 3044 1036 τοίνυν
3098 985 3318 1055 ἐτέρους
3369 982 3729 1053 διορθώσεσθε
3758 999 3774 1015 ⁸

491 1091 583 1143 καὶ
617 1089 819 1157 ἐτέρων
859 1087 1239 1156 ἁμαρτήματα
1277 1087 1560 1151 κολάσετε,
1603 1087 1759 1140 αὐτοὶ
1801 1085 1869 1138 τὰ
1901 1085 2073 1154 μείζω
2109 1085 2558 1154 ἁμαρτάνοντεςς

566 1206 730 1260 Vens.
768 1205 958 1260 liti-l9.
1004 1224 1020 1256 ι
1061 1205 1198 1272 Quid
1226 1213 1405 1259 autem
1442 1207 1646 1260 vocatis
1679 1221 1784 1265 me,
1819 1205 2066 1270 Domine,

490 1297 738 1360 Domine,
781 1309 836 1351 et
887 1311 990 1349 non
1043 1295 1221 1350 facitis
1268 1311 1388 1364 qum
1425 1296 1593 1350 dico?
1632 1295 1887 1366 Quisquis
1917 1296 2071 1350 venit

492 1391 560 1444 ad
587 1405 690 1454 me,
725 1398 779 1443 et
808 1387 958 1442 audit
982 1401 1261 1443 sermones
1297 1402 1465 1451 meos,
1493 1398 1546 1441 et
1578 1386 1706 1442 facit
1738 1402 1851 1452 eos,
1886 1399 2064 1443 osten-

493 1484 614 1537 dam
651 1480 805 1536 vobis
840 1482 927 1534 cui
957 1479 1150 1535 similis
1177 1480 1267 1533 sit.
1322 1478 1528 1533 Similis
1555 1486 1639 1534 est
1668 1479 1871 1534 homini
1897 1479 2067 1534 sedili-

490 1573 632 1628 canti
670 1573 913 1636 domum,
945 1571 1034 1640 qui
1075 1569 1211 1626 fodit
1245 1571 1296 1625 in
1333 1571 1498 1626 altum
1528 1612 1540 1636 ,
1587 1582 1641 1624 et
1672 1571 1850 1642 posuit
1882 1569 2075 1625 lurida-

492 1674 734 1720 mentum
796 1678 963 1733 super
1015 1671 1249 1733 petram.
1291 1659 1648 1716 lnundatione
1697 1670 1874 1715 autem
1907 1659 2071 1721 facta,

487 1757 686 1812 illisum
742 1765 823 1811 est
875 1754 1072 1811 llumen
1123 1757 1304 1810 domui
1338 1756 1436 1821 illi,
1495 1765 1549 1810 ct
1590 1770 1694 1809 non
1749 1755 1922 1824 potuit
1956 1768 2072 1808 eam

2257 1224 2274 1256 ι
2317 1204 2386 1258 Τί
2415 1205 2472 1258 δέ
2501 1223 2568 1275 με
2605 1205 2844 1268 καλεῖτε,
2878 1202 3075 1273 Κύριε,
3110 1202 3307 1272 Κύριε,
3338 1203 3432 1254 καὶ
3460 1201 3521 1253 οὐ
3561 1203 3777 1254 ποιεῖτε

2179 1297 2214 1350 ἆ
2247 1297 2426 1365 λέγω;
2461 1298 2576 1360 Πᾶς
2610 1300 2638 1350 ὁ
2664 1297 2959 1368 ἐρχόμενος
3001 1297 3137 1366 πρός
3167 1311 3256 1363 με,
3289 1296 3385 1347 καὶ
3416 1294 3634 1347 ἀκούων
3673 1312 3780 1364 μου

2181 1391 2290 1442 τῶν
2320 1389 2516 1458 λόγων,
2553 1390 2649 1443 καὶ
2694 1388 2862 1442 ποιῶν
2909 1388 3128 1450 αὐτοὺς,
3185 1386 3452 1452 ὑποδείξω
3504 1387 3634 1454 ὑμῖν
3669 1389 3780 1439 τίνι

2182 1481 2333 1534 ἐστὶν
2369 1483 2574 1550 ὅμοιος.
2623 1481 2852 1550 Ὄμοιός
2883 1481 3031 1532 ἐστιν
3071 1478 3345 1548 ἀνθρώπῳ
3393 1477 3780 1547 οἰκοδομοῦντι

2183 1576 2381 1638 οἰκίαν,
2415 1575 2473 1636 ὃς
2515 1574 2717 1642 ἔσκαψε
2753 1574 2846 1626 καὶ
2890 1571 3145 1637 ἐϐάθυνε,
3194 1571 3290 1625 καὶ
3315 1570 3479 1641 ἔθηκε
3521 1570 3778 1641 θεμέλιον

2182 1671 2276 1721 ἐπὶ
2317 1669 2415 1738 τὴν
2447 1668 2674 1739 πέτραν.
2709 1665 3058 1737 Πλημμύρας
3087 1665 3145 1718 δὲ
3170 1665 3494 1734 γενομένης,
3528 1663 3775 1733 προσέρ-

2187 1761 2347 1832 ρηξεν
2396 1763 2424 1812 ὁ
2466 1759 2712 1830 ποταμὸς
2759 1762 2826 1830 τῇ
2881 1759 3028 1828 οἰκία
3065 1758 3270 1827 ἐκείνῃ,
3307 1757 3404 1810 καὶ
3451 1756 3554 1809 οὐκ
3583 1757 3778 1824 ἴσχυσε

487 1856 744 1912 movere,
805 1847 1025 1902 fundata
1085 1849 1226 1901 enim
1291 1857 1407 1902 erat
1466 1861 1628 1915 super
1688 1856 1917 1916 petram.
1973 1846 2067 1910 Qui

2190 1852 2444 1905 σαλεῦσαι
2496 1853 2701 1922 αὐτήνο
2740 1851 3104 1920 τεθεμελίωτο
3135 1851 3240 1920 γὰρ
3283 1849 3378 1902 ἑπί
3407 1850 3507 1918 τὴν
3542 1850 3770 1918 πέτραν.

492 1948 673 1992 autem
703 1936 932 2000 audivit,
968 1945 1023 1992 et
1049 1951 1152 1990 non
1193 1937 1340 2002 fecit,
1381 1937 1583 1992 similis
1623 1947 1709 1992 est
1748 1938 1952 1992 homini
1984 1939 2075 2006 qui

491 2030 783 2086 aedificavit
811 2030 1029 2084 domum
1063 2043 1215 2084 suam
1248 2043 1412 2100 super
1451 2039 1650 2084 terram
1697 2030 1903 2099 absque
1954 2029 2076 2083 l'un-

491 2126 766 2191 damento,
801 2125 852 2179 in
885 2137 1045 2192 quam
1103 2121 1277 2177 illisus
1316 2129 1397 2177 est
1450 2121 1666 2186 ﬂuvius,
1713 2131 1767 2177 et
1815 2122 2076 2176 continuo

491 2214 706 2281 cecidit,
755 2224 810 2269 et
867 2210 1007 2266 facta
1057 2203 1331 2265 est'ruina
1379 2211 1571 2265 domus
1616 2211 1760 2264 illius
1797 2225 2008 2281 magna.
2052 2230 2071 2262 ι

491 2308 559 2363 ΕΙ.
608 2309 709 2362 hoc
753 2305 1064 2361 necessario
1096 2303 1251 2358 nobis
1287 2303 1519 2368 dicitur,
1574 2303 1664 2371 qui
1721 2317 1816 2356 ore
1857 2303 2073 2370 quidem

487 2401 762 2457 Christum
796 2398 1121 2454 conﬁtemur
1143 2437 1157 2460 ,
1194 2410 1358 2464 opere
1405 2405 1584 2450 autem
1633 2410 1893 2464 negamus
1921 2395 1985 2448 ³⁵.
2016 2393 2072 2448 Si

487 2493 632 2548 etaim
673 2490 933 2546 Dominus
987 2505 1129 2554 sum,
1189 2488 1405 2557 inquit,
1446 2487 1669 2540 omnino
1703 2494 1944 2540 vestrum
1989 2495 2074 2538 est

490 2585 671 2638 facere
702 2597 763 2636 ea
794 2595 913 2650 qua:
939 2589 1068 2635 sunt
1100 2594 1405 2635 servorum.
1437 2577 1586 2632 Servi
1615 2579 1761 2632 enim
1807 2592 1942 2645 opus
1990 2586 2074 2632 est

496 2686 647 2730 recte
680 2672 862 2728 facere
898 2671 1040 2742 quod
1095 2669 1350 2725 dominus
1395 2669 1647 2738 imperat.
1701 2667 1915 2735 Deinde,
1945 2668 2076 2723 dicit

495 2764 650 2818 nobis
687 2761 818 2832 quid
867 2761 1109 2816 lueretur
1157 2774 1216 2814 se
1249 2758 1509 2826 audiens,
1538 2767 1591 2812 ct
1630 2774 1733 2813 non
1766 2758 1938 2814 solum
1975 2774 2077 2811 au-

494 2856 672 2917 diens,
706 2853 798 2909 sed
825 2862 875 2906 et
907 2852 1133 2905 faciens.
1162 2848 1368 2904 Similis
1391 2858 1475 2903 est
1502 2849 1643 2902 enim
1673 2849 1876 2904 homini
1909 2849 2074 2903 rediti-

491 2947 662 3008 canti,
701 2945 792 3013 qui
822 2932 1115 2997 aediﬁcavit
1146 2954 1310 3008 super
1332 2949 1558 3009 petram.
1593 2939 1753 2993 Petra
1788 2939 1949 3008 igitur
1991 2949 2073 2993 est

488 3039 757 3102 Christus,
794 3037 936 3092 sicut
979 3031 1276 3104 Aposmlus
1325 3041 1554 3086 testatur
1581 3031 1644 3084 ³⁸.
1693 3030 1851 3087 Fodit
1888 3039 2072 3085 autem

488 3133 541 3185 in
597 3128 944 3200 profundum,
997 3129 1089 3197 qui
1155 3141 1260 3181 non
1323 3122 1739 3192 supcrlicialiter
1790 3136 2070 3176 sermnims

2192 1943 2250 1996 '0
2281 1944 2336 1996 δὲ
2389 1943 2628 2004 ἀκούσας
2675 1945 2769 1994 καὶ
2825 1941 2900 2012 μὴ
2943 1943 3200 2010 ποιήσας,
3253 1941 3436 2008 ὅμοιός
3493 1941 3645 1993 ἐστιν
3676 1941 3775 1993 ἀν-

2181 2032 2384 2102 θρώπῳ
2418 2033 2838 2101 οἰκοδομήσαντι
2875 2031 3054 2082 οἰκίαν
3083 2031 3176 2082 ἐπὶ
3206 2029 3304 2100 τὴν
3338 2033 3442 2098 γῆν
3471 2029 3646 2099 χωρὶς
3681 2029 3776 2082 Θε-

2183 2125 2367 2190 μελίου
2392 2141 2405 2155 ·
2437 2119 2870 2198 προσέρῤηξεν
2892 2126 2918 2176 6
2940 2123 3203 2192 ποταμὸς,
3228 2124 3324 2175 καὶ
3343 2123 3545 2184 εὐθέως
3581 2123 3770 2185 ἔπεσε,

2179 2218 2274 2270 καὶ
2303 2218 2523 2284 ἐγένετο
2545 2235 2604 2268 το
2631 2218 2818 2286 ῥῆγμα
2841 2218 2940 2284 τῆς
2961 2215 3138 2277 οἰκίας
3158 2214 3372 2281 ἐκείνης
3404 2218 3570 2282 μέγα.
3605 2233 3624 2266 ι
3658 2215 3773 2267 Καὶ

2177 2310 2335 2364 τοῦτο
2359 2311 2662 2377 ἀναγκαῖον
2697 2320 2834 2376 προς
2864 2309 3015 2377 ἡμᾶς
3036 2348 3048 2372 ,
3073 2309 3202 2370 τοὺς
3232 2308 3633 2376 ὁμολογοῦντας
3671 2309 3772 2377 μὲν

2180 2398 2341 2451 αὐτὸν
2373 2402 2488 2462 τοῖς
2542 2399 2747 2468 χείλεσι
2789 2398 3015 2467 Κύριον,
3047 2400 3157 2460 τοῖς
3188 2397 3243 2449 δὲ
3281 2399 3464 2467 ἔργοις
3495 2398 3774 2467 ἀρνουμέ-

2180 2509 2322 2553 νους.
2356 2492 2418 2544 Εἰ
2443 2493 2548 2561 γὰρ
2579 2491 2781 2561 Κύριός
2813 2493 2950 2560 εἰμι,
2971 2491 3125 2560 φησι,
3152 2490 3372 2553 πάντως
3404 2491 3548 2559 ὑμᾶς
3577 2489 3690 2543 ἔδει
3713 2494 3775 2543 τ’)

2180 2584 2288 2635 τῶν
2309 2581 2513 2636 δούλων
2545 2600 2738 2637 ποιειν.
2772 2583 2984 2636 Δούλων
3014 2583 3070 2635 δὲ
3099 2582 3278 2652 ἔργον,
3306 2583 3362 2634 τὸ
3389 2583 3656 2651 πράττειν
3682 2581 3719 2636 ἃ
3746 2585 3774 2632 ὁ

2177 2674 2366 2742 κύριος
2407 2673 2706 2726 ἐπιτάττει.
2740 2668 2873 2724 Elea.
2899 2673 3048 2739 λέγει
3081 2675 3213 2741 ἡμῖν
3242 2672 3294 2724 τί
3329 2671 3607 2740 κερδαίνει
3630 2673 3777 2724 6w)-

2177 2764 2270 2816 τοῦ
2304 2751 2542 2827 ἁκούων,
2577 2765 2671 2816 καὶ
2699 2765 2773 2834 μὴ
2805 2765 2964 2833 μόνον
3012 2764 3248 2829 ἁκούων,
3289 2763 3425 2816 ἀλλὰ
3455 2765 3548 2816 καὶ
3573 2764 3769 2817 ποιῶν.

2180 2856 2403 2924 Ὃμοιος
2430 2856 2539 2925 γάρ
2560 2857 2707 2908 ἐστιν
2735 2855 3007 2926 ἀνθρώπῳ
3034 2857 3302 2925 οἰκοδόμῳ
3333 2856 3389 2918 ὃς
3412 2857 3770 2926 ᾠκοδόμησεν

2179 2948 2271 2999 ἐπὶ
2319 2947 2417 3017 τὴν
2465 2947 2692 3018 πέτραν.
2755 2949 2936 3018 Πέτρα
2992 2949 3090 3018 μὲν
3139 2944 3231 3000 οὖν
3263 2949 3290 3000 6
3327 2949 3585 3018 Χριστὸς,
3637 2949 3714 3013 ὠς
3743 2953 3772 3004 6

2189 3039 2512 3102 Ἀπὸστολος
2565 3042 2857 3110 μαρτυρεῖ.
2907 3041 3153 3094 Σκαπτει
3203 3041 3260 3093 δὲ
3301 3041 3395 3095 καὶ
3432 3041 3680 3111 βαθύνει,
3711 3043 3770 3105 ὃς

2181 3131 2254 3199 μὴ
2287 3133 2618 3194 ἐπιπολαίως
2677 3133 2891 3200 δέχεται
2939 3133 3066 3193 τοὺς
3112 3132 3210 3201 τῆς
3260 3132 3484 3202 Γραφῆς
3550 3133 3767 3200 λόγους,

491 3196 785 3290 Scriptura:
815 3196 1030 3288 accipit,
1075 3221 1169 3271 sed
1207 3225 1490 3271 scrutatur
1535 3214 1806 3284 profunda
1855 3214 2066 3267 illarum

2322 3226 2519 3293 ἐρευνᾷ
2560 3226 2626 3276 τὰ
2667 3196 2803 3292 sani;
2852 3222 3058 3275 τούτων
3106 3196 3243 3293 μετὰ
3293 3196 3765 3294 τοῦνπνεύματος.

490 3319 546 3369 in
579 3314 800 3382 spiritu.
832 3310 978 3365 Talis
1021 3311 1186 3379 igitur
1217 3320 1272 3362 et
1317 3322 1479 3376 supra
1513 3318 1725 3375 petram
1762 3305 1972 3368 fundat,
2015 3315 2069 3359 et

489 3404 685 3460 deinde
731 3403 870 3459 facta
920 3411 1264 3471 tempestate,
1317 3401 1416 3454 hoc
1456 3407 1537 3468 est
1578 3401 1952 3466 persecutione
1987 3399 2068 3452 vel

491 3497 807 3561 tentatioue,
841 3493 1219 3550 illiditllumen
1271 3493 1452 3548 domui
1504 3491 1602 3556 illi,
1643 3499 1899 3554 lentator,
1951 3490 2066 3544 sive

486 3591 732 3654 daemon,
784 3589 898 3642 sive
949 3588 1134 3650 homo,
1193 3593 1248 3638 et
1286 3600 1390 3639 non
1425 3586 1569 3638 valet
1621 3596 1837 3636 movere
1895 3581 2061 3636 illam.

487 3680 723 3736 Flumini
765 3694 895 3735 sane
924 3665 1139 3733 tentans
1171 3677 1260 3732 ille
1306 3676 1466 3731 homo
1495 3675 1794 3741 confertur,
1831 3685 1884 3729 et
1914 3673 2067 3728 valde

487 3771 682 3828 merito
709 3788 723 3839 ;
753 3770 892 3824 sicut
915 3772 1056 3824 enim
1091 3767 1289 3822 llumeu
1321 3767 1586 3822 inundare
1617 3766 1747 3822 l‘aeit
1777 3782 1916 3836 aqua
1945 3781 2065 3836 qua:

487 3877 722 3932 superne
773 3860 997 3923 decidit,
1031 3861 1100 3913 ita
1137 3871 1191 3914 et
1238 3866 1534 3914 tentantcm
1591 3859 1740 3912 illum
1791 3859 2063 3912 hominem

493 3953 745 4018 Satanas,
785 3951 874 4020 qui
918 3967 947 4005 e
971 3949 1220 4021 supernis
1252 3951 1469 4014 cecidit,
1504 3965 1749 4005 crescere
1777 3950 1924 4004 facit.
1961 3949 2064 4004 lto-

486 4059 608 4098 mus
634 4054 814 4099 autem
845 4057 1033 4098 eorum
1066 4042 1157 4111 qui
1186 4058 1290 4097 non
1326 4042 1533 4097 faciunt
1557 4057 1863 4096 sermonem
1893 4040 2066 4097 Domi.

485 4138 537 4192 ni
570 4137 733 4202 cadit,
762 4145 816 4191 et
863 4136 921 4189 l'lt
967 4135 1121 4188 ruina
1173 4137 1364 4190 domus
1415 4135 1557 4188 illius
1611 4147 1822 4205 magna.
1873 4135 2062 4205 Magna

485 4231 629 4282 enim
679 4227 834 4280 ruina
878 4237 1181 4280 esteorum
1223 4228 1312 4295 qui
1347 4227 1572 4280 audiunt
1601 4237 1653 4279 et
1688 4243 1793 4280 non
1838 4227 2059 4281 faciunt.

484 4321 616 4374 Nam
643 4321 735 4390 qui
788 4336 892 4374 non
935 4321 1105 4382 audit,
1139 4330 1190 4372 et
1220 4333 1325 4372 non
1355 4318 1518 4384 facit‘,
1552 4335 1655 4372 non
1691 4329 1797 4372 tam
1829 4323 2063 4386 graviter

482 4417 647 4478 cadit,
685 4413 773 4483 qui
816 4423 997 4467 autem
1028 4413 1174 4465 audit
1198 4421 1250 4465 et
1285 4427 1387 4466 non
1418 4412 1567 4476 facit,
1601 4412 1818 4479 gravius
1853 4422 2058 4480 peceat.

1077 4709 1306 4764 CAPUT
1355 4707 1462 4760 V'll.

640 4831 714 4884 De
747 4828 1065 4884 centurione.
1110 4825 1182 4877 De
1236 4824 1348 4890 ﬁlio
1384 4825 1570 4878 enimn.
1609 4821 1680 4874 De
1719 4824 1890 4876 missis

1118 4913 1147 4947 a
1182 4893 1411 4948 Joanne.

558 5013 716 5065 VLItS.
771 5011 918 5064 l-lﬂ.
955 5010 1122 5081 316
1152 5028 1170 5060 ι
1210 5009 1344 5063 Cum
1401 5018 1580 5064 autem
1627 5019 2057 5064 consummasset

479 5107 664 5159 inania
699 5107 862 5159 verba
899 5119 1016 5171 _sua
1065 5103 1319 5160 audiente
1348 5104 1563 5174 populo,
1597 5102 1821 5158 intravit
1853 5102 2056 5174 Caper-

489 5197 1048 5252 naum.Ccnturionis
1105 5208 1283 5251 autem
1345 5198 1621 5267 cujusdam
1682 5212 1872 5253 servus
1922 5199 2058 5254 male

484 5293 690 5346 hat-ens
728 5290 920 5360 agebat
951 5289 1221 5352 animam,
1255 5289 1345 5358 qui
1388 5289 1461 5342 illi
1513 5299 1629 5344 erat
1657 5291 1878 5346 eharus.
1924 5293 2058 5346 Cum

488 5384 722 5438 audisset
756 5392 932 5436 autem
965 5382 1031 5434 de
1058 5379 1208 5446 Jcsn,
1246 5381 1393 5435 misit
1422 5383 1484 5435 ad
1517 5396 1638 5436 eum
1672 5386 1919 5437 seniores
1955 5382 2055 5438 Ju-

484 5477 742 5537 rlzorum,
774 5489 968 5543 rogans
999 5489 1120 5528 eum
1150 5485 1209 5526 ut
1237 5473 1445 5527 veniret
1472 5483 1526 5527 et
1559 5485 1802 5530 servaret
1835 5491 2052 5530 servum

485 5584 662 5622 suum.
701 5568 769 5622 At
819 5568 890 5619 illi
941 5581 1061 5620 cum
1110 5569 1383 5622 venissent
1433 5569 1498 5622 ad
1551 5567 1752 5632 Iesum,
1793 5569 2057 5638 rogabant

484 5678 604 5710 t'llll
659 5659 916 5723 studiose,
972 5660 1250 5714 dii-entes:
1312 5660 1513 5727 Dignus
1567 5670 1650 5715 est
1702 5671 1757 5714 ut
1816 5661 1918 5714 hue
1984 5661 2055 5714 illi

559 5841 597 5870 λε
634 5838 736 5890 ἰ’ἰι.
775 5857 812 5902 l,
858 5838 936 5892 ιύ.
1016 5839 1059 5868 ³⁸
1089 5839 1105 5889 ι
1134 5837 1258 5891 Cur.
1297 5857 1348 5905 κ,
1389 5841 1436 5892 εἰ.

2089 4506 2277 4588 ῃόδὲ
2340 4506 2578 4566 ἀκούσας
2645 4507 2760 4575 μὲν,
2823 4507 2897 4575 μὴ
2964 4508 3196 4574 ποιήσας
3255 4507 3332 4572 δὲ,

2185 3315 2245 3368 ’0
2271 3315 2508 3379 τοιοῦτος
2541 3315 2632 3369 οὖν
2668 3317 2762 3368 καὶ
2813 3311 2905 3368 ἐπὶ
2944 3315 3042 3386 τὴν
3076 3317 3284 3385 πέτραν
3332 3317 3598 3387 θεμελιοῖ.
3632 3315 3768 3371 Εἶτα

2173 3405 2512 3477 πλημμύρας
2543 3407 2860 3476 γενομένης,
2900 3405 3142 3476 διωγμοῦ
3178 3409 3395 3479 τυχονῆ
3427 3410 3764 3478 πειρασμοῦ,

2173 3500 2474 3568 προσρήσ;ι
2515 3501 2541 3551 ὁ
2567 3499 2810 3569 ποταμὸς
2853 3502 2918 3571 τῇ
2952 3501 3099 3563 οἰκία
3140 3502 3346 3571 ἐκείνῃ,
3390 3503 3418 3555 ὁ
3458 3502 3768 3572 πειραστὴς

2172 3590 2280 3641 εἴτε
2310 3589 2517 3659 δαίμων
2547 3590 2656 3641 εἴτε
2693 3588 3002 3658 ἄνθρωπος,
3033 3590 3128 3642 καὶ
3159 3589 3258 3642 οὐκ
3295 3588 3469 3658 ἰσχύει
3501 3587 3768 3642 σαλεῦσαι

2170 3683 2394 3751 ταύτην.
2439 3681 2676 3750 ιιοταμῷ
2717 3681 2762 3734 δ’
2793 3680 2859 3734 ἂν
2892 3682 3268 3752 παραϐληθείη
3299 3683 3326 3735 6
3356 3682 3640 3752 πειράζων
3669 3685 3770 3740 ἄν-

2173 3774 2410 3845 θρωπος,
2444 3777 2536 3827 καὶ
2570 3775 2715 3844 μάλα
2744 3777 2991 3837 είκότως·
3023 3775 3210 3845 ὥσπερ
3242 3777 3346 3843 γὰρ
3379 3775 3471 3828 τὸν
3515 3777 3766 3845 ποταμὸν

2173 3865 2440 3935 ήᾶνωΟεν
2490 3867 2762 3920 πίπτουσα
2805 3867 2975 3937 βροχὴ
3027 3869 3383 3937 πλημμυρεῖν
3419 3871 3583 3930 ποιεῖ,
3619 3867 3766 3920 οὖῑω

2172 3956 2380 4009 καὶτὸν
2426 3957 2729 4026 πειιιαστὴν
2778 3957 3121 4027 ἄνθρωπονὸ
3151 3956 3360 4010 ἄνωθεν
3419 3958 3606 4009 πεσὼν
3653 3959 3762 4010 Σαο

2170 4050 2337 4110 τανᾶς
2370 4046 2560 4110 αύξειν
2596 4050 2757 4102 ποιεῖ.
2789 4049 2911 4100 Τῶν
2952 4048 3007 4100 δὲ
3046 4048 3120 4118 μὴ
3159 4050 3458 4101 ποιούντων
3503 4050 3631 4111 τοὺς
3663 4051 3760 4101 τοῦ

2171 4140 2374 4209 Κυρίου
2401 4141 2592 4206 λόγους
2623 4143 2654 4211 η
2690 4140 2834 4193 οἰκία
2859 4142 3072 4206 πίπτει,
3107 4142 3197 4192 καὶ
3229 4141 3442 4208 γίνεται
3471 4142 3533 4193 τὸ
3565 4142 3758 4211 ῥῆγμα

2167 4231 2266 4297 τῆς
2293 4230 2470 4291 οἰκίας
2502 4231 2717 4296 ἐκείνης
2765 4230 2930 4298 μέγα.
2963 4230 3191 4298 Μεγάλα
3220 4232 3326 4300 γάρ
3371 4231 3476 4282 εἰσι
3506 4231 3575 4283 τὰ
3613 4230 3763 4284 πτώ-

2171 4341 2305 4393 ματι
2352 4323 2459 4374 τῶν
2488 4322 2793 4376 ἀκουόντων
2827 4323 2944 4392 μὲν,
2988 4324 3062 4393 μὴ
3094 4322 3394 4376 ποιούντων
3429 4323 3506 4376 δέ.
3561 4323 3621 4375 '0
3661 4324 3760 4394 μὲν

2170 4416 2276 4479 γὰρ
2307 4417 2441 4484 μήτε
2467 4413 2704 4476 ἀκούσας
2733 4417 2871 4484 μήτε
2895 4416 3150 4484 ποιήσας,
3175 4414 3522 4485 ἐλαφρότερα
3549 4416 3756 4479 πταίει,

3193 4524 3196 4559 τ
3255 4507 3332 4572 δὲ,
3394 4508 3523 4574 χαλε
3535 4509 3677 4562 more
3690 4527 3754 4577 ρα

2171 4600 2493 4666 ἁμαρτάνει.

2784 4715 3010 4768 ΚΕΦΑᾹ
3057 4716 3130 4768 κ’.

2165 4832 2301 4898 Περὶ
2338 4829 2946 4906 τιεῑι--ἐνιςιτοντάρχου..
2991 4831 3127 4898 Περί
3159 4832 3273 4906 τοῦ,
3325 4834 3584 4906 nionem
3639 4837 3752 4905 χή-

2262 4917 2394 4969 ρας.
2433 4901 2565 4966 Περὶ
2605 4901 2721 4953 τῶν
2750 4901 3098 4954 σταλέντων
3128 4905 3289 4972 παρὰ
3333 4904 3641 4960 'lwa’rrov.

2248 5036 2258 5066 l
2312 5015 2461 5068 Ἐπεὶ
2497 5017 2552 5068 δὲ
2576 5016 2862 5085 ἐπλήρωσε
2906 5018 3085 5070 πάντα
3115 5017 3182 5070 τὰ
3217 5019 3441 5089 ῥήματα
3468 5019 3638 5072 αὑτοῦ
3673 5025 3752 5086 εἰς

2160 5110 2257 5171 τὰς
2290 5109 2457 5173 ἀκοὰς
2475 5109 2567 5162 τοῦ
2585 5109 2739 5175 λαοῦ,
2764 5109 3013 5179 εἰσῆλθεν
3037 5111 3114 5173 εἰς
3139 5111 3545 5182 Καπερναούμ.
3592 5113 3753 5169 Ἑκα-

2158 5204 2454 5273 τοντὰρχου
2493 5203 2548 5255 δέ
2595 5221 2739 5266 τινος
2775 5203 2961 5266 δοῦλος
3009 5203 3194 5265 κακῶς
3228 5203 3390 5272 ἔχων,
3430 5206 3628 5274 ἔμελλε
3662 5225 3749 5259 τε-

2159 5295 2350 5366 λευτᾷν
2386 5297 2443 5358 ὃς
2493 5291 2560 5366 ἦν
2592 5296 2742 5366 αύτῷ
2797 5295 3035 5366 ἔντιμος.
3089 5297 3364 5360 Ἀκούσας
3395 5299 3452 5351 δὲ
3490 5303 3622 5370 περὶ
3656 5301 3749 5352 τοῦ

2172 5387 2369 5458 Ἰησοῦ,
2425 5388 2713 5440 ἀπέστειλε
2769 5389 2903 5459 πρδς
2954 5389 3117 5443 αὑτὸν
3173 5391 3586 5462 πρεσϐυτέρους
3639 5393 3750 5444 τῶν

2169 5481 2459 5545 Ἰουδαίων,
2503 5482 2726 5552 ἐρωτῶν
2771 5483 2937 5535 αὑτὸν
2967 5484 3114 5547 ὅπως
3144 5484 3312 5538 ἐλθὼν
3361 5485 3608 5557 διασώσῃ
3658 5488 3749 5539 τὸν

2156 5572 2338 5625 δοῦλον
2375 5574 2559 5628 αὐτοῦ.
2616 5576 2679 5628 Ol
2714 5574 2789 5639 δὲ,
2847 5578 3288 5648 παραγενόμενοι
3326 5580 3464 5649 πρὸς
3514 5580 3606 5632 τὸν
3650 5579 3749 5646 Ἰη-

2159 5664 2300 5726 σοῦν,
2345 5665 2688 5735 παρεκάλουν
2748 5666 2910 5720 αὑτὸν
2967 5669 3296 5730 σπουδαίως,
3356 5668 3609 5736 λέγοντες
3668 5673 3745 5723 ιῖτι
