4030 6412
494 433 600 496 783

1415 400 1989 472 TilEUl’llYLACTI
2029 392 2436 458 BULGARL‘E
2477 385 2825 452 ARCHIEP.

3651 364 3760 431 784

500 548 744 598 dit-entes
780 553 793 590 :
829 534 1093 603 PiOplicla
1146 538 1369 595 magnus
1425 518 1660 573 surrexit
1689 515 1829 568 inter
1869 526 1983 574 nos,
2020 514 2070 560 et

2202 503 2468 573 Ιροφήτης
2524 500 2696 569 μέγας
2747 496 3044 562 ἐγήγερται
3086 489 3143 540 ἐν
3188 488 3341 557 ἡμῖν,
3375 482 3470 537 καὶ
3517 484 3601 535 ὅτι
3655 484 3754 533 ὲπ-

2287 593 2329 603 ..
2473 591 2546 603 .n
2585 590 2595 603 .
2687 588 2697 603 ς
2764 586 2778 600 κ
2832 586 2845 603 ι
2954 581 3068 603 v__:
3131 598 3144 603 _
3177 578 3393 603 ’ππ--.λι
3419 573 3754 603 ---->....Α.ἶ

501 638 644 690 Deus
677 629 908 686 visitavit
950 623 1159 694 plebem
1195 633 1367 672 suam.
1409 633 1426 665 ι
1464 610 1754 677 Postquam
1793 603 2070 659 centurio-

506 728 589 780 nis
620 736 830 777 servum
859 717 1021 771 etiarn
1052 713 1248 766 absens
1278 704 1506 768 sanavit,
1545 697 1688 754 aliud
1727 697 1899 750 rarius
1944 693 2072 747 facit

503 810 838 868 miraculum.
871 806 948 860 Ne
973 804 1094 873 quis
1121 801 1280 862 dicat,
1312 797 1373 848 Et
1401 792 1526 862 quid
1552 790 1675 844 novi
1705 787 1760 840 in
1785 786 1885 840 hoc
1915 796 2072 837 servo

511 901 785 972 contigit?
839 894 1087 951 fortassis
1152 887 1350 956 alioqui
1401 899 1505 938 non
1557 881 1751 936 fuisset
1803 884 2068 936 mortuus,

505 967 790 1066 propterea
821 994 1089 1043 mortuum
1125 983 1268 1036 illum
1304 980 1395 1047 qui
1429 975 1788 1034 efferebatur,
1825 967 2068 1022 suscitat.

504 1058 618 1141 Non
672 1058 840 1138 solum
884 1088 1061 1132 autem
1112 1074 1278 1127 verbo
1330 1070 1459 1123 facit
1505 1062 1846 1125 miraculum,
1895 1058 1987 1113 sed
2021 1064 2075 1109 et

504 1177 738 1234 loculum
769 1173 938 1241 tangit
967 1187 979 1222 :
1017 1175 1075 1221 ut
1109 1167 1379 1219 discamus
1410 1158 1550 1228 quod
1579 1167 1774 1222 corpus
1807 1151 1923 1219 ejus
1953 1161 2076 1201 cor-

505 1284 604 1338 pus
626 1267 898 1320 vivifleuin
928 1262 1016 1316 sit.
1048 1257 1311 1324 Quoniam
1342 1252 1484 1305 enim
1517 1260 1644 1300 caro
1670 1242 1786 1310 ejus
1823 1242 1962 1293 facta
1996 1245 2078 1291 est

506 1329 726 1431 propria
760 1354 918 1408 Verbi
947 1350 1125 1405 omnia
1158 1344 1501 1404 vivificantis,
1542 1349 1822 1409 propterea
1869 1329 2076 1385 vivifica

507 1425 697 1506 est-et
763 1450 899 1516 ipsa,
960 1443 1205 1507 tollitque
1258 1446 1483 1490 mortem
1542 1441 1597 1485 et
1650 1425 2073 1494 corruptionem.

514 1543 683 1596 Porro
715 1537 912 1591 resedit
944 1540 1208 1591 mortuus,
1255 1535 1307 1581 et
1335 1525 1500 1592 caapit
1523 1522 1690 1588 loqui,
1728 1529 1784 1572 nt
1823 1532 1889 1569 ne
1919 1526 2080 1581 appa-

516 1641 694 1685 renter
731 1638 934 1680 tantum
966 1617 1288 1693 quibusdam
1322 1616 1612 1668 suscitatus
1642 1609 1911 1661 videatur.
1947 1602 2080 1656 Nam

519 1736 659 1776 vera-
700 1712 1112 1772 resurrectionis
1147 1710 1355 1779 signum
1405 1703 1534 1768 fuit,
1567 1701 1802 1755 residere
1832 1708 1886 1752 et
1917 1696 2080 1764 loqui.

519 1812 877 1864 lnanimatutn
928 1806 1067 1859 enim
1118 1815 1313 1867 corpus
1368 1810 1542 1863 neque
1597 1792 1852 1853 residere,
1912 1802 2085 1855 neque

2176 593 2442 661 εσκέψατο
2464 591 2491 642 6
2508 590 2637 650 Θεὸς
2653 588 2740 638 τὸν
2764 586 2888 638 λαὸν
2908 581 3096 635 αὑτοῦ,
3131 598 3148 631 ι
3177 578 3396 648 Ἐπειδὴ
3419 593 3526 645 περ
3549 575 3641 626 τὸν
3663 573 3756 625 τοῦ

2175 680 2570 755 ἑκατοντάρχου
2603 676 2786 730 δοῦλον
2835 674 2965 741 ὑγιί
2992 672 3085 724 καὶ
3125 673 3198 740 μὴ
3233 666 3421 738 παρὼν
3473 665 3756 733 ἐποίησεν,

2174 774 2360 842 ἕτερον
2399 770 2711 838 καινότερον
2759 764 3190 835 θαυματουργεῖ.
3233 759 3353 813 ’Ὶνα
3392 759 3500 827 γὰρ
3548 758 3623 826 μή
3676 773 3762 816 τις

2175 865 2324 938 εἴπῃ,
2349 865 2459 918 Καὶ
2479 863 2528 914 τί
2548 861 2731 914 καινὸν
2755 857 2845 910 ἐπὶ
2867 855 2941 926 τῷ
2962 855 3132 923 δούλῳ
3156 852 3409 922 ἐποίησεν
3430 870 3444 917 ;
3466 850 3623 911 Ἴσως
3650 848 3761 916 γὰρ

2175 957 2295 1010 οὐδὲ
2323 956 2591 1009 ἀπέθανεν
2620 953 2685 1005 ἂν
2714 951 2919 1012 δοῦλος,
2953 948 3039 1000 διὰ
3083 945 3242 997 τοῦτο
3272 944 3364 996 τὸν
3391 941 3762 1011 ἐκκομιζόμε-

2176 1069 2263 1103 νον
2291 1052 2495 1104 ἐκεῖνον
2519 1048 2712 1118 νεκρὸν
2740 1046 2956 1114 άνιστᾷ.
2995 1042 3066 1096 Οὐ
3091 1042 3234 1110 λόγῳ
3259 1041 3315 1092 δὲ
3349 1038 3766 1108 θαυματουργεῖ

2181 1142 2361 1209 μόνον,
2398 1139 2532 1194 ἀλλὰ
2565 1139 2660 1192 καὶ
2710 1138 2806 1204 τῆς
2836 1133 2996 1205 σοροῦ
3040 1132 3302 1184 ἆπτετατο
3366 1131 3452 1182 ἵνα
3490 1129 3757 1199 μάθωμεν

2179 1233 2259 1285 ὅτι
2292 1233 2352 1286 τὸ
2392 1231 2551 1300 σῶμα
2597 1227 2763 1282 αὑτοῦ
2801 1227 2961 1296 σῶμα
3011 1225 3156 1292 ζωῆς
3189 1226 3359 1275 ἔστιν.
3396 1221 3621 1287 Ἐπειδὴ
3656 1221 3766 1288 γὰρ

2184 1323 2292 1376 ίδία
2341 1324 2534 1393 γέγονε
2586 1320 2681 1374 τοῦ
2741 1319 2982 1388 Λόγουὴ
3040 1314 3177 1386 σὰρξ
3219 1314 3312 1367 τοῦ
3342 1313 3520 1366 πάντα
3559 1313 3766 1378 ζωογο-

2181 1415 2560 1480 νοῦντος,’διὰ
2608 1413 2768 1465 τοῦτο
2818 1411 3081 1475 ζωοποιὸς
3138 1411 3253 1460 ἐστι
3310 1408 3403 1458 καὶ
3451 1403 3615 1472 αὕτη,
3673 1403 3768 1454 καὶ

2183 1507 2413 1561 Θανάτου
2459 1507 2554 1558 καὶ
2593 1505 2797 1573 φθορᾶς
2838 1501 3178 1572 ἀναιρετικὴ.
3217 1497 3570 1550 Ἀνεκάθισεν
3619 1491 3711 1547 οὖν
3741 1497 3773 1546 6

2183 1598 2535 1674 νέκρὺςηκαὶ
2571 1597 2774 1668 ἧρξατο
2812 1594 3015 1658 λαλεῖν,
3051 1592 3136 1644 ἵνα
3172 1591 3245 1661 μὴ
3290 1591 3429 1642 κατὰ
3464 1588 3770 1656 φαντασίαν

2184 1692 2312 1763 δόξῃ
2341 1691 2483 1743 τισὶν
2520 1687 2842 1759 ἑγηγέρθαι.
2877 1687 2987 1739 Καὶ
3017 1685 3126 1754 γὰρ
3153 1684 3389 1752 ἀληθοῦς
3420 1682 3774 1741 ἀναστάσεως

2190 1785 2411 1854 σημεῖα,
2467 1783 2524 1835 τὸ
2587 1781 2914 1834 ἁνακαθίσαι
2941 1779 3036 1832 καὶ
3085 1777 3359 1846 λαλῆσαι·
3417 1775 3538 1825 ἐπεί
3567 1773 3648 1824 τοί
3707 1789 3775 1838 γε

515 1902 658 1970 loqui
693 1905 887 1967 potest.
927 1892 1154 1945 Viduam
1191 1899 1370 1942 autem
1421 1885 1688 1954 intelligas
1737 1892 1791 1935 et
1821 1880 2077 1941 animam,

2202 1877 2396 1947 ἱψυχον
2427 1876 2584 1943 σῶμα
2619 1873 2742 1926 οὔτε
2788 1870 3151 1933 ἀνακαθίσαι,
3185 1868 3310 1922 οὕτε
3341 1869 3573 1931 λαλῆσαι
3614 1865 3774 1917 δύνα-

514 2008 632 2062 qute
668 1991 838 2043 virum
871 2000 1052 2047 suum,
1088 1983 1308 2036 verbum
1349 1977 1468 2043 Dei,
1501 1978 1592 2047 qui
1619 1978 1817 2030 bonum
1848 1973 2082 2026 semina-

514 2095 590 2136 vit
629 2094 833 2152 semen,
873 2075 1092 2128 amisit:
1148 2071 1288 2123 filius
1315 2082 1442 2121 vero
1474 2067 1626 2133 ejus,
1662 2075 1814 2117 meus
1871 2070 2083 2112 mortua

515 2189 616 2237 est,
663 2183 714 2225 et
751 2169 970 2224 effertur
999 2175 1150 2218 extra
1199 2175 1485 2230 supernam
1519 2157 1814 2218 civitatem,
1863 2151 2086 2206 Jerusa-

516 2267 617 2319 lein
643 2280 656 2327 ;
688 2261 832 2330 regio
853 2258 994 2310 enim
1021 2253 1314 2307 viventium
1341 2251 1427 2302 illa
1451 2256 1552 2302 est.
1575 2246 1804 2300 Proinde
1829 2242 2088 2296 Dominus

520 2347 896 2406 misericordia
940 2354 1117 2399 motus
1146 2341 1316 2409 tangit
1346 2338 1598 2393 loculum.
1633 2335 1865 2389 Loculns
1893 2333 2086 2391 mentis

518 2457 602 2498 est
637 2457 851 2511 corpus.
888 2437 1206 2506 Sepulcrum
1239 2433 1379 2487 enim
1417 2442 1470 2485 et
1503 2429 1711 2483 loculus
1744 2441 1939 2494 corpus
1983 2434 2084 2489 est,

518 2536 659 2587 unde
690 2527 746 2585 et
793 2528 964 2583 Graeci
1003 2539 1205 2593 corpus
1253 2522 1411 2590 σῶμα
1445 2529 1662 2584 vocant,
1705 2517 1859 2586 quasi
1918 2516 2088 2584 σῆμα,

521 2629 619 2679 hoc
649 2634 732 2676 est
764 2619 1090 2686 sepulcrum.
1128 2614 1294 2669 Tacto
1343 2624 1522 2666 autem
1570 2626 1796 2680 corpore
1829 2608 2092 2662 Dominus

519 2723 744 2769 suscitat
775 2720 1028 2771 mentem,
1053 2706 1347 2776 juveniletn
1370 2714 1422 2756 et
1456 2703 1647 2756 fortem
1680 2701 1827 2753 illam
1861 2697 2090 2763 faciens,

521 2824 639 2876 qua:
663 2804 880 2865 residet,
906 2812 959 2854 et
985 2809 1041 2851 ut
1070 2797 1325 2852 suscitata
1355 2795 1513 2848 fuerit
1538 2807 1565 2845 a
1591 2792 1842 2860 sepulcro
1865 2790 2090 2859 peceati,

523 2901 748 2967 incipiet
779 2893 944 2963 loqui,
977 2893 1077 2946 hoc
1108 2900 1210 2955 est,
1241 2889 1436 2944 docere
1464 2886 1620 2943 alios.
1652 2885 1921 2953 Quamdiu
1951 2885 2096 2940 enim

524 2992 574 3042 in
624 2997 842 3056 peccato
886 2985 1178 3046 detinetur,
1228 2997 1334 3036 non
1368 2989 1542 3051 potest
1589 2981 1784 3036 docere
1837 2988 1890 3031 et
1925 2976 2093 3044 loqui,

522 3082 646 3147 quis
681 3079 826 3132 enim
861 3075 910 3130 ei
943 3073 1241 3129 crederet?

606 3348 766 3403 \‘tas.
801 3345 980 3400 17-29.
1025 3363 1041 3395 ‹
1082 3344 1147 3397 Ει
1182 3343 1311 3396 exiit
1354 3342 1439 3394 hic
1476 3353 1663 3393 runtur
1704 3340 1755 3397 in
1789 3337 2097 3390 universam

532 3442 779 3498 Judaaatn
837 3438 902 3492 de
964 3451 1048 3501 eo,
1097 3446 1149 3490 et
1202 3447 1417 3487 onmem
1467 3432 1750 3484 finitimam
1801 3431 2096 3500 regionem.

529 3533 596 3586 Et
627 3529 1007 3583 nuntiaverunt
1036 3525 1227 3579 Joanni
1273 3522 1524 3591 discipuli
1559 3522 1732 3589 ipsius
1774 3523 1838 3574 de
1872 3519 1955 3573 liis
1983 3533 2100 3572 om-

532 3626 712 3676 nibus.
749 3621 814 3673 Et
844 3618 1114 3673 invocavit
1145 3617 1277 3670 duos
1307 3615 1370 3668 de
1407 3613 1686 3682 discipulis
1710 3613 1818 3667 suis
1839 3610 2094 3674 Joannes,

534 3717 787 3784 misitque
815 3715 880 3764 ad
916 3709 1099 3763 Jesuni
1137 3709 1320 3762 dicens
1347 3727 1359 3762 :
1387 3706 1465 3760 Tu
1515 3723 1573 3761 es
1601 3707 1690 3774 qui
1729 3715 1989 3759 venturus
2020 3719 2098 3768 es,

531 3806 697 3875 318
723 3821 787 3855 an
825 3803 985 3855 alium
1007 3797 1430 3867 exSpeetatnus?
1458 3797 1590 3849 Cum
1627 3804 1803 3848 autem
1831 3797 2105 3848 venissent

536 3901 602 3949 ad
634 3910 754 3948 eum
789 3894 910 3956 viri,
945 3891 1234 3943 dixerunt:
1269 3885 1506 3940 Joannes
1536 3881 1775 3950 Baptista
1825 3883 1974 3935 misit
2007 3895 2104 3936 nos

535 3991 602 4041 ad
641 3997 709 4051 te,
747 3985 970 4038 dicens:
1025 3979 1103 4032 Tu
1157 3994 1214 4031 es
1271 3979 1358 4031 ille
1407 3977 1497 4045 qui
1559 3985 1817 4028 venturus
1871 3983 1974 4038 est,
2036 3990 2103 4027 an

534 4078 696 4129 alium
743 4068 1158 4142 exspectamus?
1192 4067 1245 4119 In
1292 4068 1478 4119 eadem
1511 4075 1691 4118 autem
1746 4064 1875 4118 liora
1906 4063 2104 4118 multos

535 4167 748 4219 curavit
789 4181 817 4217 a
850 4164 1049 4217 morbis
1093 4175 1153 4212 ac
1191 4159 1359 4227 plagis
1408 4165 1458 4211 et
1509 4156 1792 4225 spiritibus
1845 4154 2018 4219 malis,
2052 4164 2104 4209 et

536 4259 693 4312 ca-cis
726 4256 910 4308 multis
955 4253 1175 4306 donavit
1223 4253 1419 4303 visunt.
1471 4248 1537 4301 Et
1589 4249 1918 4315 respondens
1971 4249 2106 4300 dixit

539 4350 683 4402 illis:
719 4347 913 4398 Euutes
946 4343 1250 4396 renuntiate
1296 4339 1490 4392 Joanni
1529 4353 1646 4408 quin
1689 4337 1898 4391 vidistis
1925 4347 1978 4390 ct
2009 4351 2108 4391 au-

536 4442 719 4502 distis,
751 4439 890 4506 quod
921 4437 1046 4490 ca'ci
1083 4437 1318 4500 videant,
1353 4433 1527 4487 claudi
1576 4432 1872 4495 ambulent,
1907 4429 2106 4498 leprosi

2190 1985 2300 2023 ται,
2341 1969 2533 2038 Χήραν
2561 1968 2617 2020 δὲ
2645 1967 2858 2037 νοήσεις
2884 1964 2979 2018 καὶ
3002 1964 3102 2033 τὴν
3130 1962 3307 2032 ψυχὴν
3331 1963 3426 2031 τὴν
3464 1957 3776 2012 ἀποϐαλοῦ-

2195 2077 2292 2113 σαν
2314 2060 2404 2112 τὸν
2433 2059 2602 2128 ἄνδρα
2631 2058 2822 2125 αὐτῆς,
2850 2057 2940 2108 τὸν
2974 2055 3130 2122 λόγον
3155 2052 3249 2105 τοῦ
3279 2051 3435 2114 Θεοῦ,
3467 2050 3558 2101 τδν
3595 2047 3778 2114 ἀγαθὰ

2196 2153 2488 2222 σπέρματα
2523 2150 2845 2220 σπείραντα.
2889 2148 3018 2209 Υἱὸς
3063 2145 3120 2198 δὲ
3163 2145 3365 2212 ταύτης
3391 2144 3418 2193 6
3445 2141 3594 2205 νοῦς,
3632 2143 3659 2192 6
3684 2157 3778 2192 τε·

2195 2244 2405 2314 θνηκὼς
2437 2244 2529 2295 καὶ
2559 2241 2662 2306 ἔξω
2701 2241 2802 2309 τῆς
2846 2240 3079 2306 πόλεως,
3106 2240 3203 2307 τῆς
3235 2237 3347 2290 ἄνω
3390 2232 3778 2303 Ἰερουσαλὴμ,

2194 2334 2572 2405 κομιζόμενος.
2610 2333 2774 2402 Χώρα
2801 2331 2910 2402 γὰρ
2937 2330 3045 2382 τῶν
3078 2329 3296 2393 ζώντων
3324 2327 3471 2378 ἐστὶν
3503 2325 3689 2390 εκείνη
3710 2341 3722 2354 ·
3751 2327 3784 2376 6

2193 2425 2323 2492 γοῦν
2384 2423 2587 2492 Κύριος
2643 2421 3097 2492 σπλαγχνισθεὶς,
3154 2419 3384 2471 ἅπτεται
3433 2417 3536 2485 τῆς
3590 2414 3779 2486 σοροῦ.

2199 2516 2364 2585 Σορδς
2395 2515 2451 2567 δὲ
2486 2515 2578 2566 τοῦ
2620 2513 2744 2594 νοῦ,
2777 2515 2838 2565 τὸ
2868 2513 3046 2583 σῶμα.
3088 2512 3271 2580 Τάφος
3314 2511 3422 2579 γὰρ
3469 2510 3638 2570 ὅντως
3690 2508 3786 2560 καὶ

2200 2610 2350 2678 σῆμα
2395 2607 2456 2660 τὸ
2503 2607 2680 2677 σῶμα.
2729 2607 2888 2659 mea
2944 2605 3036 2658 καί
3082 2621 3227 2666 τινες
3281 2599 3432 2655 εἷπον
3467 2603 3601 2655 αὐτὸ
3633 2603 3788 2671 σῆμα

2199 2697 2358 2766 εἶναι,
2388 2701 2637 2753 τουτέστι
2693 2699 2887 2766 τάφον.
2932 2697 3234 2766 ’Λψάμενος
3276 2690 3367 2747 οῦν
3394 2695 3487 2747 τοῦ
3531 2693 3789 2763 σώματος

2200 2794 2226 2844 6
2261 2791 2461 2860 Κύριος
2492 2791 2694 2859 ἐγείρει
2745 2789 2834 2840 τὸν
2887 2787 3032 2852 νοῦν,
3071 2787 3318 2839 νεανικὸν
3349 2785 3512 2838 αὐτὸν
3545 2786 3639 2837 καὶ
3663 2800 3790 2850 γεν-

2203 2885 2351 2937 ναῖον
2409 2882 2600 2934 ποιῶν.
2657 2877 3021 2939 Ἀνακαθίσας
3073 2876 3128 2929 δὲ
3163 2875 3525 2935 ὁνεανίσκος,
3579 2876 3608 2926 6
3661 2873 3789 2934 νοῦς

2201 2978 2344 3045 λέγω
2396 2967 2574 3038 οὗτος,
2608 2973 2702 3025 καὶ
2743 2970 2988 3041 ἐγερθεὶς
3016 2970 3128 3022 άπὸ
3159 2968 3250 3021 τοῦ
3283 2970 3454 3034 τάφου
3484 2967 3584 3033 τῆς
3610 2967 3792 3036 ἁμαρ·-

2200 3069 2340 3131 τίας,
2370 3066 2491 3117 τότε
2534 3062 2760 3134 ἄρξεται
2807 3059 3011 3122 λαλεῖν,
3046 3056 3295 3110 τουτέστι
3350 3056 3626 3108 διδάσκειν
3673 3055 3795 3107 ὲτέ-

2130 3194 2175 3254 c
2207 3174 2354 3228 ρους.
2386 3155 2476 3206 Ἐν
2505 3156 2613 3223 ὅσῳ
2638 3154 2833 3239 γὰρτῇ
2865 3151 3111 3222 ἁμαρτία
3141 3151 3452 3217 κατέχεται,
3480 3149 3540 3199 οὺ
3564 3147 3792 3200 δύναται

2207 3249 2476 3302 διδάσκειν
2508 3245 2604 3298 καὶ
2642 3235 2845 3296 λαλεῖν
2871 3244 2954 3306 τίς
2983 3243 3091 3314 γὰρ
3125 3240 3271 3310 αὑτῷ
3292 3239 3611 3304 πιστεύσεις

2286 3357 2303 3389 ι
2343 3339 2449 3392 Καὶ
2496 3337 2716 3406 ἐξῆλθεν
2769 3337 2796 3388 6
2840 3335 2996 3404 λόγος
3044 3328 3200 3396 οὗτος
3250 3335 3306 3385 ὲν
3332 3333 3430 3404 ὅλῃ
3462 3336 3526 3402 τῇ
3560 3332 3796 3404 Ἰουδαίᾳ

2211 3433 2338 3503 περὶ
2359 3430 2547 3493 αὑτοῦ,
2602 3431 2695 3482 καὶ
2724 3431 2782 3480 ὲν
2828 3430 2979 3501 πάσῃ
3007 3431 3071 3498 τῇ
3101 3425 3416 3498 περιχώρῳ.
3459 3426 3569 3479 Καὶ
3612 3427 3798 3497 ἀπήγ-

2209 3529 2395 3595 γειλαν
2423 3527 2647 3596 Ἰωάννῃ
2682 3527 2731 3577 οί
2765 3522 3005 3594 μαθηταὶ
3050 3523 3215 3575 αὐτοῦ
3249 3523 3377 3591 περὶ
3416 3521 3636 3574 πάντων
3669 3521 3798 3572 τούς

2209 3637 2336 3671 των.
2374 3619 2481 3670 Καὶ
2529 3613 3043 3684 προσκαλεσάμενος
3089 3611 3180 3664 δύο
3214 3611 3367 3672 τινὰς
3394 3611 3500 3662 τῶν
3533 3610 3801 3680 μαθητῶν

2214 3711 2380 3764 αὑτοῦ
2415 3712 2442 3762 ὁ
2476 3711 2755 3776 Ἰωάννης,
2795 3705 3009 3776 ἔπεμψε
3036 3704 3169 3774 πρὸς
3204 3705 3297 3756 τὸν
3325 3703 3552 3772 Ἰησοῦν,
3585 3702 3796 3770 λέγων·

2213 3804 2283 3854 Σὺ
2319 3797 2369 3853 εἷ
2411 3803 2436 3853 6
2464 3801 2777 3871 ἐρχόμενος,
2809 3799 2841 3868 ἢ
2887 3798 3047 3849 ἄλλον
3079 3796 3497 3867 προσδοκῶμεν;
3545 3797 3802 3865 Παραγε-

2215 3892 2430 3960 νόμενοι
2463 3891 2516 3942 δὲ
2567 3889 2703 3956 πρὸς
2738 3886 2900 3939 αὐτὸν
2930 3888 2980 3938 οἱ
3022 3885 3235 3956 ἄνδρες,
3264 3881 3414 3935 εἷπον
3435 3900 3450 3914 θ
3485 3883 3742 3950 Ἰωάννης
3772 3884 3801 3934 6

2213 3981 2528 4048 Βαπτιστὴς
2557 3978 2899 4031 ἀπέσταλκεν
2929 3977 3080 4045 ἡμᾶς
3122 3976 3256 4044 πρός
3291 3991 3371 4038 σε,
3410 3974 3615 4040 λέγων’
3653 3974 3724 4026 Σὺ
3755 3970 3802 4025 sl

2213 4075 2240 4125 6
2275 4073 2589 4143 ἐρχόμενος,
2624 4070 2655 4139 ἢ
2699 4069 2858 4123 ἄλλον
2895 4067 3318 4136 προσδοκῶμεν;
3351 4067 3440 4117 Ἐν
3476 4067 3615 4134 αὐτῇ
3647 4066 3702 4117 δὲ
3736 4068 3800 4134 τῆ

2214 4166 2332 4236 ὥρα
2359 4163 2697 4233 ἐθεράπευσε
2742 4160 2970 4223 πολλοὺς
3014 4158 3121 4212 ἀπὸ
3162 4159 3332 4209 νόσων
3378 4158 3468 4208 καὶ
3511 4156 3804 4223 μαστίγωθ

2214 4259 2307 4309 καὶ
2337 4255 2665 4324 πνευμάτων
2691 4251 2969 4321 πονηρῶν,
2995 4252 3091 4302 καὶ
3125 4251 3342 4317 τυφλοῖς
3367 4237 3582 4310 πολλοῖς
3614 4248 3802 4318 ἐχαρί-

2218 4367 2346 4402 σατο
2381 4348 2440 4399 τὸ
2477 4347 2714 4415 βλέπειν.
2758 4346 2866 4396 Καὶ
2908 4343 3224 4414 ἀποκριθεὶς
3251 4339 3402 4393 εἶπεν
3437 4341 3621 4404 αὐτοῖς
3645 4358 3658 4370 ο
3701 4344 3802 4393 no.

2222 4442 2506 4513 ρευθέντες
2537 4437 2911 4508 ἀοπαγγείλατε
2958 4435 3203 4504 Ἰωάννῃ,
3241 4435 3274 4486 ἃ
3299 4434 3466 4486 εἴδετε
3511 4435 3606 4486 καὶ
3635 4435 3805 4504 ἡκού-

543 4534 890 4595 nrnndeutur,
922 4528 1067 4582 surdi
1111 4529 1350 4588 audiant,
1397 4525 1588 4578 mortui
1623 4532 1927 4592 resurgant,
1972 4538 2095 4591 pau-

2217 4552 2365 4599 σατε,
2409 4535 2489 4587 ὅτι
2530 4532 2718 4599 τυφλοὶ
2767 4529 3159 4591 ἀναϐλέπουσι,
3195 4526 3361 4596 χωλοὶ
3393 4528 3801 4596 περιπατοῦσι,

539 4625 762 4694 peribus
823 4622 1171 4676 aunuutietur
1225 4618 1615 4685 Evangeliuin:
1677 4624 1730 4669 et
1789 4617 1979 4669 beatus
2028 4623 2112 4667 est

542 4717 850 4784 quicunque
879 4730 983 4766 non
1025 4713 1186 4765 luerit
1212 4710 1449 4764 offensus
1487 4724 1582 4778 per
1613 4722 1718 4760 me.
1756 4706 1817 4758 Et
1846 4721 1965 4759 cum
1997 4706 2109 4759 dis-

544 4806 835 4859 cessissent
880 4802 1050 4855 nuntii
1085 4799 1328 4864 Joannis,
1372 4801 1535 4866 capit
1575 4799 1641 4850 de
1685 4794 1891 4848 Joanne
1932 4796 2113 4847 dicere

545 4913 611 4964 ad
654 4909 824 4963 turbat
871 4924 882 4958 :
935 4905 1072 4972 Quid
1108 4904 1295 4957 existis
1327 4903 1376 4953 in
1406 4903 1674 4954 desertum
1727 4905 1781 4948 ut
1815 4894 2114 4948 videretis?

543 5002 862 5055 afltm.iillt:t.t
899 5012 1015 5065 qua:
1074 5007 1234 5048 vcuto
1275 4990 1547 5060 agitatur?
1604 4989 1709 5042 Sed
1755 4989 1881 5057 quid
1930 4987 2115 5040 existis

547 5092 758 5144 visuri?
808 5091 1080 5141 hominem
1130 5085 1378 5138 mollibus
1435 5082 1770 5135 vestimentis
1833 5077 2116 5130 indutum?

548 5185 686 5236 Ecce
725 5184 813 5250 qui
845 5184 1040 5234 vestitu
1079 5170 1354 5245 splendido
1382 5177 1702 5236 vestiuntur,
1736 5183 1784 5224 ct
1824 5172 1873 5223 in
1905 5171 2114 5223 deliciis

551 5286 736 5345 agunt,
774 5276 822 5326 iu
860 5273 996 5325 aulis
1034 5286 1217 5341 regum
1270 5277 1413 5321 sntit.
1477 5269 1580 5321 Sed
1631 5267 1756 5333 Quid
1811 5266 2000 5316 existis
2055 5262 2116 5314 ad

553 5366 884 5418 videndum?
916 5360 1278 5431 prophetam?
1318 5358 1514 5426 Utique
1555 5358 1675 5409 dico
1717 5357 1883 5415 vobis,
1920 5366 1970 5407 et
2005 5356 2120 5421 plus

553 5474 714 5527 quum
747 5457 1084 5524 proiihetatn.
1136 5453 1229 5506 llic
1279 5465 1360 5504 est
1412 5453 1475 5503 de
1533 5465 1636 5516 quo
1688 5448 1946 5516 scriptum
1994 5456 2117 5498 est:

553 5549 693 5603 Ecce
738 5549 890 5601 mitto
923 5545 1169 5614 angelum
1213 5558 1385 5595 meum
1438 5552 1557 5594 ante
1611 5540 1796 5593 faciem
1833 5549 1997 5600 tuam,
2032 5536 2118 5604 qui

556 5639 1042 5709 pra’parabitrviain
1077 5644 1223 5686 tuam
1272 5646 1394 5684 ante
1438 5641 1506 5684 te.
1568 5630 1693 5682 Dico
1749 5633 1889 5683 enim
1927 5630 2114 5682 vobis:

556 5733 727 5801 Major
758 5731 895 5784 inter
937 5739 1090 5781 natos
1125 5725 1416 5778 mulierum
1456 5726 1714 5792 propheta
1773 5721 1976 5775 Joanne
2028 5721 2123 5772 lia-

558 5829 717 5892 ptista
769 5837 925 5877 nemo
959 5832 1075 5878 est:
1127 5829 1370 5875 attamen
1397 5819 1488 5886 qui
1521 5818 1694 5870 utilior
1735 5825 1817 5870 est
1851 5817 1906 5870 in
1953 5831 2124 5884 regno

2213 4626 2405 4695 λεπροὶ
2432 4624 2854 4690 καθαρίζονται,
2886 4621 3060 4687 κωφοὶ
3104 4619 3388 4684 ἀκούουσι,
3424 4618 3609 4688 νεκροὶ
3663 4621 3806 4686 ἐγεί-

2219 4735 2420 4787 ρονται,
2459 4714 2665 4783 πτωχοὶ
2689 4712 3156 4779 εὐαγγελίζονται.
3193 4713 3301 4762 Καὶ
3329 4710 3598 4778 μακάριός
3631 4713 3803 4772 ἐστιν,

2215 4813 2271 4872 ὃς
2314 4813 2409 4862 ἐὰν
2462 4809 2535 4877 μὴ
2592 4806 2953 4874 σκανδαλισθῇ
3011 4807 3067 4856 ἐν
3123 4803 3264 4872 ἐμοί.
3317 4804 3694 4857 Ἀπελθόντων
3751 4806 3806 4855 δὲ

2218 4904 2324 4956 τῶν
2374 4901 2618 4969 ἀγγέλων
2676 4899 2946 4962 Ἰωάννου,
3003 4896 3206 4966 ἤρξατο
3256 4895 3439 4961 λέγειν
3485 4897 3596 4956 τοῖς
3628 4894 3808 4963 ὄχλοις

2222 4997 2351 5063 περὶ
2397 4993 2662 5044 Ἰωάννου·
2713 4991 2777 5040 Τί
2810 4989 3165 5057 ἐξεληλύθατε
3198 4989 3275 5049 εἰς
3303 4990 3399 5054 τὴν
3436 4987 3643 5055 ἑρημον
3679 4987 3807 5037 Csi-

2225 5084 2451 5145 cizieat;
2492 5083 2735 5147 κέιλαμον
2780 5080 2884 5130 ὑπὸ
2937 5079 3139 5146 ἀνέμου
3193 5075 3594 5145 σαλευόμενον;
3651 5075 3809 5126 Ἀ).λᾶ

2225 5180 2272 5230 τί
2303 5177 2655 5246 ἐξεληλῦίλαῖε
2683 5174 2839 5236 ἰδεῖν,
2873 5170 3158 5240 ἄνθρωπον
3190 5171 3245 5221 ἐν
3277 5170 3542 5240 μαλακοῖς
3572 5168 3810 5236 ἱματίοις

2222 5267 2634 5338 ἡμφιεσμὲνον;
2726 5267 2855 5317 Ἰδοὺ
2910 5266 2958 5316 oi
3015 5267 3069 5314 ὲν
3132 5262 3410 5332 ἱματισμῷ
3460 5259 3656 5326 ἐνδόξῳ
3718 5263 3808 5310 καὶ

2225 5366 2399 5430 τρυφῇ
2454 5359 2815 5426 ὑπάρχοντες,
2867 5357 2923 5406 ἐν
2971 5359 3078 5416 τοῖ,
3121 5353 3410 5424 βασιλείοις
3445 5353 3604 5406 εἰσίν.
3652 5351 3811 5401 Ἀλλά

2225 5456 2273 5502 τί
2325 5449 2684 5517 εξεληλύυατε
2747 5447 2907 5507 tam;
2953 5445 3266 5513 npopﬁtqv;
3331 5444 3437 5495 Ναὶ
3475 5442 3618 5508 λέγω
3655 5443 3804 5509 Qui),

2228 5545 2318 5593 καὶ
2360 5540 2747 5609 περισσὶτερον
2783 5538 3084 5604 προφήτου.
3122 5530 3287 5596 Οὗτός
3324 5536 3438 5585 ἐστι
3473 5535 3599 5602 περὶ
3627 5529 3684 5585 οὗ
3724 5536 3809 5596 γέ·

2231 5648 2492 5701 γραπταιν
2533 5631 2657 5680 Ἰδοὺ
2693 5631 2802 5694 ἐγὼ
2839 5627 3154 5679 ἀποστέλλω
3182 5629 3269 5677 τὸν
3304 5626 3535 5692 ἄγγελόν
3574 5644 3674 5694 μου
3708 5629 3811 5693 πρὸ

2231 5725 2519 5794 προσώπου
2552 5738 2665 5783 σου,
2695 5722 2748 5782 ὃς
2783 5721 3184 5772 κατασκευάσει
3208 5721 3303 5786 τὴν
3333 5719 3451 5769 ὀδόν
3484 5735 3572 5770 σου
3607 5719 3810 5787 ἐμπροο

2233 5815 2356 5868 σθεν
2386 5832 2501 5866 σου.
2537 5815 2697 5881 Λέγω
2725 5812 2829 5881 γὰρ
2869 5813 3018 5880 ὑμῖν,
3072 5812 3268 5880 μείζων
3306 5812 3362 5863 ἐν
3399 5814 3674 5879 γεννητοῖς
3711 5827 3808 5876 γυ-
