4030 6406
233 325 345 393 789

948 315 1400 383 ENARRATIO
1430 312 1513 377 IN
1550 309 2058 379 EVANGELIUM
2099 311 2337 375 LUC/E.
2370 335 2445 347 --
2497 310 2658 372 CAP.
2698 307 2834 374 VII.

3428 308 3537 373 790

244 434 605 510 μαρτυρήσας
648 431 778 503 περὶ
810 430 1077 502 Χριστοῦ,
1113 429 1209 484 νῦν
1256 426 1588 491 ἀποστείλας
1626 427 1828 498 ἐρωτᾷ,

1948 424 2267 482 testiﬁcetur
2297 425 2366 481 de
2399 437 2505 491 me,
2559 438 2707 480 nunc
2743 430 2926 478 autem
2986 418 3198 489 ignoret
3248 433 3357 503 me.
3400 416 3537 474 Nam

239 532 288 583 εί
320 530 483 592 αὑτός
528 530 677 580 ἐστιν
718 526 746 578 6
777 523 1097 595 ἐρχόμενος,
1131 523 1219 576 διὰ
1265 519 1423 574 τοῦτο
1455 519 1604 587 λέγει
1634 519 1661 572 6
1699 519 1833 590 Χριτ

243 623 370 686 στος
401 620 537 691 πρὸς
589 619 715 681 τοὺς
747 618 937 688 ὄχλους
958 658 970 680 ,
1001 618 1085 670 ὅτι
1116 614 1299 683 Μηδὲν
1342 611 1583 668 τοιοῦτον
1626 612 1834 666 ὑπολά-

244 715 379 780 ϐητε
408 712 537 779 περὶ
575 711 847 765 Ἰωάννου.
873 710 965 779 Μὴ
990 708 1098 777 γὰρ
1130 708 1377 776 κάλαμος
1404 706 1576 767 ἐστιν,
1599 704 1673 767 ὼς
1703 705 1833 757 ποτὲ

246 805 348 874 μὲν
382 797 507 866 ὧδε,
547 800 676 853 ποτὲ
713 800 769 853 δὲ
802 799 919 852 ἐκεῖ
961 797 1261 861 κλίνεσθαι,
1304 797 1400 850 καὶ
1430 796 1526 849 νῦν
1558 797 1658 867 μὲν
1693 813 1836 865 μαρο

241 899 429 968 τυρεῖν
460 896 588 966 περὶ
640 893 797 964 ἐμοῦ,
828 891 924 946 νῦν
977 891 1033 944 δὲ
1087 893 1302 959 ἀγνοεῖν
1357 890 1477 961 ἐμὲ,
1515 890 1576 942 Εἰ
1627 890 1735 959 γὰρ
1767 884 1835 960 ἦν

239 985 505 1051 τοιοῦτος,
531 986 675 1049 τίνος
706 983 893 1037 ἕνεκεν
920 982 1176 1052 ἐξήλθετε
1207 982 1287 1057 είς
1314 981 1413 1050 τὴν
1449 981 1660 1050 ἔρημον
1689 979 1830 1041 τότε,

242 1080 385 1133 ὥστε
417 1078 721 1132 θεάσασθαι
756 1077 957 1142 αὐτόν,
995 1075 1158 1129 Ἀλλά
1192 1076 1402 1147 μήποτέ
1434 1074 1540 1127 ὑπὸ
1571 1074 1668 1144 τῆς
1702 1089 1836 1141 τρυγ-

242 1175 351 1241 φῆς
382 1172 651 1243 διεφθάρη
677 1171 768 1224 τὸν
797 1171 942 1234 νοῦν,
983 1169 1121 1223 ἀλλά
1167 1165 1328 1238 στολὴ
1359 1165 1633 1221 δείκνυσιν
1674 1165 1835 1219 αὑτὸν

243 1265 505 1336 ὑπεράνω
554 1265 738 1333 πάσης
782 1262 1019 1333 τρυφῆς.
1050 1262 1113 1314 Et
1154 1261 1262 1331 γὰρ
1296 1259 1531 1329 ἐτρύφα,
1578 1260 1635 1312 ἐν
1677 1258 1833 1328 βασι-

241 1357 406 1420 λείοις
430 1359 496 1411 ἂν
525 1352 612 1426 ἦν.
646 1356 807 1408 Ἀλλὰ
836 1357 1125 1425 προφήτην
1150 1354 1314 1409 αὑτὸν
1341 1352 1523 1424 ἔχετες
1556 1352 1665 1406 Ναὶ
1691 1353 1837 1421 λέγω

243 1451 400 1520 ὑμῖν,
442 1450 537 1502 καὶ
568 1449 955 1520 περισσότερον
988 1448 1295 1518 προφήτου.
1330 1447 1517 1520 Οί-μὲν
1551 1446 1659 1517 γὰρ
1686 1447 1836 1501 ἄλλοι

246 1545 513 1608 προεῖπον
544 1541 674 1611 περὶ
709 1540 950 1611 Χριστοῦ
986 1542 1171 1610 μόνον,
1205 1533 1360 1603 οὗτος
1390 1515 1453 1594 δὲ
1489 1541 1578 1593 καί
1612 1539 1719 1594 εἶδε
1744 1542 1837 1597 καὶ

244 1636 438 1700 ἔδειξε,
468 1633 647 1703 λέγων
669 1649 681 1661 ·
715 1635 821 1687 Ἴδε
861 1634 889 1685 6
933 1633 1131 1703 ’Λμνδς
1178 1633 1270 1686 τοῦ
1302 1632 1461 1687 Θεοῦ.
1509 1635 1619 1689 Kal.
1651 1635 1699 1687 οί
1738 1634 1838 1705 μὲν

243 1726 395 1778 ἄλλοι
418 1726 715 1795 προφῆται,
774 1725 919 1793 μετά
949 1726 1008 1778 τὸ
1068 1725 1308 1789 ἐξελθεῖν
1359 1727 1422 1778 ἐκ
1472 1725 1574 1794 τῆς
1626 1725 1837 1789 κοιλίας

240 1817 352 1871 τῶν
383 1819 635 1889 μητέρων
684 1819 886 1882 αὐτῶν,
920 1819 1344 1889 προεφήτευσαν
1376 1836 1389 1849 ·
1436 1814 1590 1882 οὗτος
1648 1819 1701 1871 δὲ
1746 1819 1839 1873 καὶ

247 1910 353 1981 πρὸ
390 1911 484 1963 τοῦ
534 1911 771 1975 ἐξελθεῖν
796 1912 860 1963 ἐκ
897 1909 997 1978 τῆς
1039 1912 1274 1980 μήτρας,
1324 1909 1539 1977 ἐπέγνω
1582 1908 1672 1962 τὸν
1723 1910 1838 1963 Κύ-

245 2018 387 2073 ριον,
418 2005 514 2057 καὶ
541 2004 890 2073 ἐσκίρτησεν.
931 1997 1065 2055 Εἶτα
1095 2004 1339 2074 παράγει
1375 2003 1467 2056 καὶ
1504 2004 1596 2057 τὸν
1625 2006 1840 2076 προφή-

240 2112 344 2164 -εην
376 2095 654 2165 μάρτυρα.
683 2097 821 2165 Φησὶ
848 2096 978 2165 γὰρ,
1010 2088 1181 2159 Οὗτός
1211 2096 1326 2149 ἐστι
1365 2097 1492 2166 περὶ
1541 2090 1602 2149 οὗ
1635 2096 1839 2165 γέγρα-

241 2203 398 2239 πταιο
419 2188 555 2240 Ἰδοὺ
587 2187 906 2241 ἀποστέλλω
924 2187 1016 2241 τὸν
1034 2188 1265 2257 ἄγγελον
1291 2206 1413 2258 μου.
1443 2188 1708 2256 ’Ἄγγελος
1731 2189 1840 2259 γὰρ

239 2282 269 2333 6
313 2279 590 2357 Ἰωάννης,
630 2283 774 2349 τάχα
814 2280 912 2350 μὲν
951 2281 1046 2334 καὶ
1085 2280 1173 2333 διὰ
1208 2280 1269 2333 τὸ
1312 2280 1501 2350 σχεδὸν
1548 2282 1710 2336 ἇῦλον
1746 2282 1839 2335 τοῦ

244 2372 362 2432 βίου
398 2375 489 2426 καὶ
515 2373 830 2441 ἀγγελικὸν,
866 2375 1010 2443 τάχα
1039 2374 1094 2426 δὲ
1129 2375 1223 2426 καὶ
1258 2372 1346 2426 διὰ
1375 2374 1436 2426 τὸ
1465 2374 1720 2441 ἀγγεῖλαι
1744 2375 1841 2445 τὴν

240 2463 339 2515 τοῦ
370 2464 623 2535 Σωτῆρος
654 2464 971 2534 ἐπιδημίαν.
1017 2464 1191 2535 Ἀμὴν
1229 2465 1371 2531 λέγω
1407 2464 1559 2533 ὑμῖν,
1586 2467 1687 2519 οὐκ
1712 2467 1843 2537 ὲγή-

238 2572 437 2625 γερται
472 2558 529 2609 ἐν
568 2559 848 2623 γεννητοῖς
871 2556 1154 2623 γυναικῶν
1198 2555 1400 2624 μείζων
1434 2557 1704 2615 Ἰωάννου.
1729 2557 1841 2610 τῶν

242 2650 427 2704 ἄλλων
460 2650 682 2703 πάντων
716 2648 950 2717 ἐξαίρων
986 2648 1077 2700 τον
1103 2649 1442 2719 Πρόδρομον.
1476 2643 1612 2701 Εἶτα
1638 2650 1840 2703 ὡσανεί

238 2759 388 2805 τινος
412 2742 683 2805 εἰπόντος,
712 2743 821 2795 Καὶ
861 2740 954 2793 σοῦ
987 2740 1043 2792 δὲ
1076 2739 1265 2804 αὑτοῦ,
1294 2734 1339 2793 ὦ
1372 2741 1595 2811 Χριστέ,
1637 2741 1840 2810 μείζων

239 2833 427 2900 ἐστίνς
461 2834 659 2901 ἐπάγει
680 2852 693 2864 ·
738 2834 795 2886 Ὀ
824 2833 880 2885 δὲ
912 2832 1235 2901 μικρότερος
1263 2830 1430 2884 αὑτοῦ
1463 2829 1593 2899 ἐγὼ,
1636 2832 1840 2900 μείζων

238 2925 357 2995 εἰμὶ
375 2927 434 2979 ἐν
463 2928 528 2995 τῇ
553 2924 804 2995 βασιλείᾳ
834 2924 943 2977 τῶν
962 2924 1231 2994 οὐρανῶν.
1257 2922 1573 2993 Νομίζομαι
1604 2923 1703 2993 μὲν
1730 2925 1840 2994 γὰρ

239 3016 340 3069 νῦν
382 3018 709 3087 μικρότερος
751 3016 919 3068 αὑτοῦ
953 3016 1046 3067 καὶ
1097 3014 1241 3067 κατὰ
1273 3016 1556 3082 εὐγένειαν
1598 3017 1690 3067 καὶ
1722 3017 1839 3086 ἡλι-

238 3107 367 3161 κίαν
396 3109 489 3161 καὶ
539 3107 720 3172 δόξαν,
771 3109 889 3161 ἀλλ’
940 3108 998 3161 ἐν
1045 3110 1111 3177 τῇ
1151 3106 1400 3178 βασιλείᾳ
1441 3107 1551 3159 τῶν
1597 3107 1841 3178 οὐρανῶν

241 3198 448 3269 μείζων
480 3200 646 3252 αὑτοῦ
686 3201 824 3269 εἰμι,
886 3198 1168 3252 τουτέστιν
1212 3201 1271 3250 ἐν
1335 3200 1471 3251 πᾶσι
1524 3201 1637 3262 τοῖς
1673 3199 1837 3263 θείοις

239 3290 335 3345 καὶ
385 3294 799 3360 πνευματικοῖς.
872 3292 989 3353 Πᾶς
1047 3290 1141 3344 οὖν
1195 3292 1222 3342 6
1254 3290 1381 3354 λαὸς
1447 3291 1688 3355 ἀκούσας
1743 3293 1836 3345 τοῦ

253 3382 528 3449 Ἰωάννου,
572 3384 902 3438 ἐδικαίωσαν
935 3385 1025 3436 τὸν
1057 3384 1212 3446 Θεὸν,
1251 3384 1533 3437 τουτέστιν
1568 3385 1839 3455 ἐτίμησαν

237 3477 332 3530 τὸν
368 3477 526 3539 Θεὸν,
572 3478 653 3531 ὅτι
704 3478 795 3530 τὸν
837 3478 1125 3547 προφήτην
1159 3475 1323 3529 αὑτοῦ
1374 3476 1647 3540 ἐδέξαντο.
1691 3478 1753 3529 Ol
1782 3477 1839 3531 δὲ

236 3569 527 3641 Φαρισαῖοι
547 3567 829 3637 ἠτίμασαν
844 3569 935 3619 τὸν
958 3566 1114 3628 Θεὸν,
1144 3566 1216 3635 μὴ
1240 3564 1524 3633 δεξάμενοι
1560 3565 1834 3633 Ἰωάννην.

240 3661 286 3712 Τ
293 3660 401 3723 ue;
428 3659 486 3713 δὲ
508 3660 587 3723 τὸ,
622 3661 679 3712 ἐν
713 3661 994 3728 γεννητοῖς
1044 3656 1345 3723 γυναικῶν,
1372 3654 1546 3718 οὕτως
1582 3656 1836 3726 ἐνόησαν,

237 3752 322 3805 ὅτι
347 3752 529 3815 καλῶς
564 3747 736 3816 εἶπεν,
778 3753 835 3803 ἐν
890 3751 1169 3818 γεννητοῖς
1206 3746 1503 3817 γυναικῶν,
1528 3748 1839 3819 ὑπεξαίρων

241 3843 437 3898 ἑαυτὸν
468 3845 495 3897 6
529 3844 754 3914 Κύριος.
789 3844 962 3904 Αὐτὸς
990 3842 1099 3911 γάρ
1140 3842 1416 3912 παρθένου
1454 3837 1521 3911 ἧν
1556 3844 1835 3914 γεννητὸς,

238 3936 363 4005 οὐχὶ
422 3935 700 4002 γυναικὸς,
753 3934 1005 3987 τ’,υτέστι
1050 3935 1452 4004 γεγαμημένης
1498 3935 1671 4005 ἀνδρί.
1728 3936 1839 3989 Καὶ

238 4029 324 4090 τδ,
354 4029 381 4081 6
416 4028 743 4098 μικρότερος
783 4027 839 4079 δὲ
886 4028 943 4079 ἐν
998 4029 1062 4097 τῇ
1122 4026 1369 4097 βασιλεία
1409 4027 1521 4078 τῶν
1566 4028 1835 4097 οὐρανῶν,

238 4116 418 4179 ἄλλως
468 4116 722 4187 ἐνόησαν,
767 4119 848 4170 ὅτι
881 4118 908 4167 ὁ
942 4117 1269 4186 μικρότερος
1298 4118 1357 4169 ἐν
1387 4117 1464 4185 τῷ
1527 4119 1669 4170 κατά
1705 4119 1837 4188 Χρι-

242 4208 371 4260 στὸν
407 4207 528 4278 βίῳ,
564 4208 767 4277 μείζων
801 4209 894 4261 ἐπὶ
924 4209 1019 4261 τοῦ
1062 4212 1120 4261 ἐν
1158 4209 1235 4278 τῷ
1258 4210 1407 4279 νόμῳ
1440 4208 1676 4273 δικαίου,
1727 4205 1838 4264 οἷον

252 4298 516 4369 Ἰωάννης
560 4300 660 4369 μὲν
712 4300 852 4354 κατά
900 4301 1000 4370 τὴν
1041 4304 1097 4354 ἐν
1154 4300 1234 4370 τῷ
1278 4301 1429 4371 νόμῳ
1489 4302 1838 4373 δικαιοσύνην

237 4391 555 4462 ἄμεμπτος.
610 4390 679 4445 Ei
711 4411 796 4456 τις
866 4393 925 4446 δὲ
979 4393 1178 4465 εὑρεθῇ
1226 4392 1665 4464 βεδαπτισμένος
1713 4395 1835 4464 μὲν,

1938 520 1983 574 si
2017 518 2209 575 fuisset
2251 518 2393 583 talis,
2425 516 2580 586 cujus
2608 517 2783 588 gratia
2816 514 3129 572 exivissetis
3169 512 3223 568 in
3254 512 3533 569 desertum

1940 622 2000 667 ιιι
2032 612 2289 667 videretis
2320 612 2489 667 cum?
2517 610 2623 666 Sed
2653 594 2829 679 neque
2859 606 3105 663 animum
3136 621 3296 661 suum
3326 604 3539 661 deliciis

1938 707 2201 776 eorrupit,
2256 706 2425 761 vestis
2472 705 2615 759 enim
2674 698 2793 772 ejus
2847 701 3090 756 declarat
3145 698 3358 754 deliciis
3410 712 3536 753 eum

1939 800 2278 871 superiorem
2313 812 2460 853 esse.
2498 795 2713 850 Etenim
2745 796 2788 850 si
2838 794 3160 849 arrisisscnt
3209 792 3259 846 ei
3306 790 3534 851 deliciae,

1941 892 1991 944 in
2049 892 2263 961 palatiis
2298 890 2540 944 vixisset.
2606 889 2676 941 At
2726 887 3048 957 prepitetam
3103 884 3254 938 illum
3308 884 3539 938 dicitis?

1940 984 2144 1054 Utique
2176 984 2298 1038 dico
2324 982 2502 1044 vobis,
2538 982 2712 1051 major
2741 990 2824 1033 cst
2853 977 3142 1049 propheta.
3189 976 3324 1031 Nam
3357 974 3446 1028 alii
3477 974 3543 1029 de

1938 1074 2159 1131 Christo
2188 1081 2396 1127 tantum
2427 1072 2824 1144 praedixerunt,
2857 1071 2946 1125 hic
2982 1069 3149 1125 etiam
3181 1077 3237 1124 et
3265 1069 3441 1134 vidit,
3490 1077 3547 1121 et

1941 1166 2267 1222 monstravit
2306 1165 2535 1221 dicens:
2596 1164 2739 1219 Ecce
2786 1164 2972 1233 Agnus
3021 1161 3110 1216 ille
3164 1161 3280 1216 Dei.
3331 1160 3397 1214 Et
3434 1162 3544 1241 alii

1942 1259 2159 1330 quidem
2197 1259 2476 1329 prepbette
2525 1257 2979 1327 prophetizarunt
3022 1264 3309 1325 postquam
3338 1253 3546 1320 egressi

1943 1360 2070 1406 sunt
2100 1367 2163 1405 ex
2201 1351 2372 1405 uteris
2402 1361 2638 1404 matrum
2667 1369 2679 1403 :
2720 1350 2808 1404 hic
2836 1358 3020 1405 autem
3048 1358 3341 1416 antequam
3368 1346 3546 1401 exiret

1942 1444 2007 1497 de
2034 1452 2211 1507 utero,
2246 1444 2469 1511 agnovit
2492 1440 2804 1507 Dominum,
2838 1450 2893 1497 et
2916 1438 3235 1495 exSultavit.
3269 1437 3396 1492 Post
3429 1438 3546 1491 haec

1942 1533 2101 1588 all‘ert
2133 1546 2189 1588 et
2220 1533 2536 1603 prephetam
2570 1542 2787 1597 testem;
2822 1532 2954 1587 dicit
2986 1531 3131 1585 enim
3171 1548 3184 1584 :
3225 1528 3323 1585 llic
3353 1538 3438 1584 est
3479 1531 3547 1584 de

1942 1643 2049 1700 quo
2079 1627 2343 1696 scriptum
2375 1633 2499 1681 est:
2532 1625 2674 1681 Ecce
2711 1626 2870 1679 mitto
2903 1624 3157 1694 angelum
3193 1639 3394 1678 meum.
3426 1622 3545 1675 Λη-

1944 1721 2097 1794 gelus
2123 1723 2267 1777 enim
2292 1720 2537 1777 Joannes
2579 1719 2710 1784 fuit,
2763 1717 3016 1773 fortassis
3059 1715 3205 1785 quod
3241 1715 3544 1787 angelicam

1945 1817 2109 1870 vitam
2162 1824 2218 1871 et
2274 1830 2381 1869 non
2437 1811 2738 1875 carnalem,
2796 1811 2891 1867 sed
2949 1807 3293 1880 spiritualem
3349 1807 3545 1879 egerit,

1942 1907 2200 1964 fortassis
2235 1906 2402 1962 etiam
2425 1904 2571 1975 quod
2608 1905 2899 1960 adventum
2924 1902 3224 1957 Salvatoris
3255 1900 3546 1954 nuntiarit.

1942 2003 2117 2056 Amen
2151 2000 2273 2055 dico
2304 1999 2483 2067 vobis,
2534 2014 2642 2053 non
2693 1997 2935 2052 surrexit
2974 1997 3119 2050 inter
3159 2003 3316 2050 natos
3350 1993 3547 2048 mulie-

1944 2108 2066 2147 rum
2101 2093 2275 2162 major
2325 2089 2557 2147 Joanne.
2592 2088 2823 2147 Praelert
2858 2088 2981 2143 aliis
3012 2086 3267 2143 euntibus
3298 2086 3551 2141 Praecur-

1947 2200 2149 2243 sorem.
2188 2183 2395 2239 Deinde
2431 2183 2588 2253 quasi
2643 2182 2767 2251 quis
2790 2180 3043 2243 dixisset,
3077 2180 3160 2233 An
3195 2186 3251 2232 et
3292 2188 3343 2232 te
3377 2176 3551 2245 major

1947 2278 2035 2333 ille
2088 2276 2223 2332 est?
2274 2275 2502 2333 subdit:
2558 2274 2674 2344 Ego
2725 2283 2907 2327 autem
2941 2271 3032 2340 qui
3070 2271 3251 2324 minor
3281 2270 3372 2325 illo
3402 2285 3544 2335 sum,

1946 2370 2121 2439 major
2169 2384 2291 2424 sum
2342 2369 2395 2424 in
2449 2382 2617 2438 regno
2652 2366 2940 2421 cmlorum.
2976 2363 3192 2420 llabeor
3225 2364 3369 2419 enim
3404 2376 3549 2418 nunc

1947 2465 2127 2519 minor
2166 2464 2259 2518 illo
2286 2473 2343 2519 et
2373 2473 2597 2533 propter
2646 2469 2887 2524 aetatem,
2922 2468 2977 2513 et
3011 2468 3231 2528 propter
3262 2472 3456 2528 genus,
3491 2464 3550 2511 et

1928 2556 2167 2628 ‘propter
2192 2557 2447 2625 gloriam,
2494 2555 2589 2610 sed
2644 2554 2696 2608 in
2745 2568 2914 2623 regno
2946 2552 3212 2607 caelorum
3245 2551 3421 2621 major
3456 2550 3551 2604 illo

1946 2665 2088 2714 sum,
2126 2650 2229 2704 hoe
2259 2658 2364 2713 est,
2399 2649 2454 2702 in
2508 2646 2764 2702 omnibus
2818 2645 3016 2700 divinis
3060 2653 3115 2701 et
3145 2643 3546 2713 spiritualihus.

1950 2740 2183 2795 Proinde
2216 2739 2396 2795 omnis
2421 2736 2651 2808 pepulus
2679 2736 2771 2807 qui
2804 2736 3055 2791 audierat
3080 2733 3370 2799 Joannem,
3394 2734 3552 2805 justi-

1947 2835 2132 2889 l‘tcavit
2165 2833 2353 2899 Deum,
2389 2832 2491 2886 hoc
2514 2839 2617 2897 est,
2645 2830 3054 2885 bonoraverunt
3076 2827 3271 2892 Deum,
3301 2842 3369 2884 eo
3398 2826 3545 2897 quod

1946 2926 2266 2996 prophetam
2295 2925 2414 2994 ejus
2451 2922 2551 2991 ipsi
2598 2921 3020 2991 suscepissent:
3054 2919 3318 2975 Pharisaei
3363 2929 3547 2974 autem

1951 3030 2053 3068 non
2105 3015 2513 3067 honoraverunt
2567 3010 2775 3077 Deum,
2842 3024 2948 3064 non
3011 3018 3271 3078 suscepto
3316 3006 3552 3063 Joanne.

1868 3129 1913 3191 ρ
1946 3105 2177 3172 Quidam
2212 3114 2419 3171 autem,
2448 3103 2591 3157 inter
2622 3102 2763 3157 ﬁlios
2805 3100 3121 3166 mulierum,
3153 3101 3234 3155 sic
3266 3099 3552 3156 intellexe-

1954 3207 2103 3262 rttnt,
2133 3197 2277 3267 quod
2308 3197 2447 3252 bene
2480 3195 2700 3259 dixerit,
2740 3198 2881 3250 inter
2924 3193 3064 3250 filios
3102 3193 3393 3249 mulierum
3423 3213 3435 3249 :
3472 3197 3550 3251 ita

1950 3290 2090 3343 enim
2125 3286 2341 3355 excepit
2391 3287 2629 3356 seipsum
2675 3285 2962 3350 Dominus,
2998 3287 3442 3356 quandoquidem
3487 3286 3554 3341 de

1951 3382 2160 3451 virgine
2197 3380 2364 3435 fuerit
2398 3389 2581 3446 Italus,
2610 3394 2715 3434 non
2751 3380 2817 3435 de
2852 3380 3078 3435 muliere
3102 3380 3275 3433 virum
3302 3388 3553 3449 experta.

1952 3474 2018 3527 Et
2051 3474 2193 3542 quod
2224 3473 2377 3540 dicit,
2418 3473 2605 3529 minor
2634 3474 2685 3527 in
2719 3487 2886 3542 regno
2919 3472 3212 3539 caelorum,
3257 3472 3417 3527 aliter
3468 3472 3555 3526 in-

1952 3567 2302 3620 tellexcrunt.
2357 3544 2533 3622 Minor
2571 3566 2624 3620 in
2680 3567 2788 3620 vita
2840 3566 3189 3633 Christiana,
3247 3566 3421 3634 major
3473 3574 3558 3621 est

1948 3658 2097 3729 justo
2122 3658 2277 3725 juxta
2312 3658 2508 3730 legem,
2547 3667 2605 3714 ut
2631 3657 2873 3715 Joannes
2921 3658 3079 3730 juxta
3112 3658 3386 3729 justitiam
3417 3658 3555 3732 legis

1951 3762 2073 3807 erat
2132 3751 2651 3820 irreprehensibilis.
2716 3751 2773 3807 Si
2834 3753 2958 3823 quis
3020 3762 3203 3807 autem
3242 3752 3556 3808 inveniatur

1952 3843 2263 3914 baptizatus
2313 3843 2534 3915 quidem
2563 3884 2577 3909 ,
2633 3843 2873 3897 nondum
2930 3856 3112 3908 autem
3146 3843 3316 3916 320
3350 3844 3552 3898 malum

1952 3938 2223 4006 quoddam
2259 3937 2342 3990 vel
2390 3938 2605 3991 bonum
2627 3926 2887 4005 operatus
2925 3937 3109 4004 fuerit,
3154 3940 3243 3994 hic
3294 3940 3555 3995 minimus

1949 4030 2125 4083 estin
2185 4044 2352 4099 regno
2414 4028 2701 4095 caelorum,
2746 4030 2847 4084 hoc
2895 4039 2999 4095 est,
3058 4031 3110 4086 in
3165 4034 3556 4101 prtedicatioue

1950 4118 2180 4185 Christi,
2214 4129 2456 4173 attamen
2496 4120 2669 4185 major
2701 4131 2787 4173 est
2818 4136 2923 4173 non
2966 4121 3266 4189 baptizato,
3305 4124 3559 4193 quamvis

1952 4210 2042 4265 ille
2076 4212 2130 4264 in
2156 4208 2274 4279 lege
2295 4210 2475 4279 justus
2499 4209 2681 4263 fuerit.
2709 4209 2803 4263 Vel
2828 4210 2988 4265 aliter
3013 4228 3027 4265 :
3056 4211 3143 4267 Sis
3173 4211 3301 4268 licet
3328 4213 3554 4270 minimc

1950 4302 2210 4366 carnalis,
2249 4301 2344 4356 sed
2368 4300 2543 4356 ferme
2578 4299 2903 4358 utJoannes
2928 4304 3270 4373 spiritua‘lis:
3305 4316 3553 4363 attamen

1949 4395 2394 4466 quandoquidem
2428 4395 2608 4451 adhuc
2650 4397 2702 4450 in
2737 4411 2903 4454 carne
2933 4413 2993 4454 es
3015 4439 3028 4465 ,
3066 4407 3353 4469 propterea
3390 4401 3555 4455 mini-

242 4484 416 4555 μήπω
466 4483 523 4537 δέ
568 4501 620 4537 τι
675 4485 844 4537 κακὸν
900 4486 933 4554 ἦ
994 4485 1199 4552 ἀγαθὸν
1238 4487 1638 4557 ἐργασάμενος,
1681 4481 1837 4551 οὗτος

1948 4503 2070 4543 mus
2114 4489 2167 4541 in
2217 4487 2641 4553 resurrectione,
2674 4505 2838 4558 quam
2870 4505 3095 4560 regnum
3133 4492 3399 4548 caelorum
3434 4508 3559 4549 esse

239 4576 527 4648 ἐλάχιστος
551 4576 626 4630 ὢν
648 4580 705 4629 ἐν
726 4582 790 4649 τῇ
820 4578 1072 4649 βασιλείᾳ
1119 4578 1228 4631 τῶν
1258 4579 1528 4650 οὐρανῶν,
1558 4579 1839 4635 τουτέστιν

238 4667 297 4721 ἐν
335 4668 415 4738 τῷ
448 4668 592 4721 κατά
638 4669 878 4739 Χριστὸν
921 4670 1265 4740 κηρύγματι,
1305 4671 1455 4740 ὅμως
1490 4670 1693 4740 μείζων
1724 4672 1841 4724 ἐστὶ

238 4759 337 4814 τοῦ
373 4760 740 4824 ἀϐαπτίστου,
794 4762 853 4812 ἐν
890 4762 1043 4831 νόμῳ
1078 4761 1134 4814 δὲ
1192 4761 1426 4814 δικαίου.
1461 4761 1570 4814 Καὶ
1630 4761 1835 4825 ἄλλως·

238 4853 325 4906 ὅτι
353 4855 402 4906 εἰ
436 4854 533 4907 καὶ
567 4854 808 4924 ἄσαρκος
848 4854 1045 4924 μικροῦ
1072 4857 1098 4906 ὁ
1136 4854 1411 4924 Ἰωάννης,
1438 4856 1529 4906 καὶ
1552 4854 1713 4918 amo;
1748 4853 1840 4909 οῦν

1953 4580 2104 4649 dicit,
2166 4580 2338 4650 major
2384 4589 2435 4635 te
2490 4591 2597 4636 est.
2655 4581 2809 4637 Tunc
2852 4585 2998 4638 enim
3039 4584 3107 4638 ab
3144 4585 3557 4653 incorruptione

1952 4676 2099 4729 omni
2133 4674 2312 4743 liberi,
2343 4690 2450 4729 non
2500 4677 2641 4731 ultra
2671 4676 2826 4747 juxta
2872 4692 3093 4733 carnem
3126 4677 3552 4735 ambulabimus.
3586 4660 3589 4665 6

1956 4765 2020 4819 Et
2050 4766 2141 4836 qui
2178 4776 2307 4820 tunc
2342 4780 2563 4834 parvus,
2600 4768 2779 4839 major
2818 4777 2903 4825 est
2935 4786 3000 4825 eo
3034 4770 3128 4840 qui
3164 4786 3311 4827 nunc
3334 4772 3551 4842 quidem

1953 4867 2034 4910 cst
2071 4858 2274 4923 justus,
2308 4857 2403 4911 sed
2444 4873 2666 4912 carnem
2705 4859 2882 4915 adhuc
2915 4871 3115 4931 gestat.

240 4951 323 5004 ἔτι
347 4952 407 5003 ἐν
442 4949 630 5019 σαρκί,
666 4951 778 5005 Kal.
808 4949 894 5003 διὰ
926 4950 1084 5003 τοῦτο
1116 4953 1143 5005 6
1176 4951 1463 5020 ἐλάχιστος
1536 4953 1593 5004 ἐν
1647 4956 1711 5025 τῇ
1780 4954 2101 5019 ἀλαστάσει,
2149 4956 2214 5025 ἣν
2284 4955 2565 5025 βασιλείαν
2618 4955 2867 5023 οὐρανῶν
2940 4951 3083 5009 εἶναι
3134 4972 3290 5027 φησι,
3348 4954 3556 5025 μείζων

242 5041 413 5098 αὐτοῦ
453 5044 591 5096 ἐστι,
622 5042 756 5096 Τότε
795 5044 906 5115 γὰρ
942 5044 1162 5108 τελείως
1196 5043 1680 5114 ἀφθαρτισθέντες,
1704 5048 1803 5099 οὐκ
1832 5049 1913 5101 ἔτι
1954 5049 2096 5101 κατᾶ
2125 5050 2303 5119 σάρκα
2342 5051 2818 5121 περιπατήσομεν.
2850 5049 2957 5101 Καὶ
2987 5051 3014 5102 ὁ
3044 5050 3165 5103 τότε
3197 5050 3395 5121 μικρὸς
3429 5051 3554 5122 μεί-

241 5140 353 5204 ζων
394 5141 514 5192 ἐστὶ
556 5138 651 5192 τοῦ
689 5138 783 5192 νῦν
822 5140 1034 5192 δικαίου
1079 5139 1199 5211 μὲν,
1234 5138 1377 5210 πλὴν
1416 5142 1497 5195 ἔτι
1539 5142 1716 5213 σάρκα
1749 5143 2065 5215 φοροῦντος.

326 5270 345 5304 ι
377 5245 518 5304 Eine
571 5252 630 5307 δὲ
660 5254 688 5306 6
722 5254 954 5325 Κύριος·
992 5254 1115 5307 Τίνι
1167 5248 1262 5308 οὖν
1304 5256 1558 5326 ὁμοιώσω
1587 5259 1711 5321 τοὺς
1756 5260 1850 5312 ἁν-

246 5342 506 5413 θρὼπους
541 5345 641 5414 τῆς
671 5348 863 5413 γενεᾶς
898 5346 1103 5419 ταύτης
1130 5364 1144 5416 ;
1182 5348 1274 5401 καὶ
1307 5348 1415 5401 τίνι
1466 5351 1603 5403 είσὶν
1634 5352 1848 5421 ductet;

248 5436 470 5506 Ὀμοιοί
497 5438 606 5489 είσι
636 5437 871 5501 παιδίοις
903 5443 1015 5503 τοῖς
1052 5440 1111 5492 ἐν
1153 5442 1331 5512 ἀγορᾷ
1366 5442 1723 5513 καθημένοις,
1758 5447 1851 5498 καὶ

250 5528 673 5599 προσφωνοῦσιν
727 5529 980 5601 ἀλλήλοις
1030 5532 1124 5585 καὶ
1172 5532 1462 5601 λέγουσιν’
1514 5535 1844 5607 Ηύλήσαμεν

249 5620 403 5691 ὑμῖν,
439 5622 535 5673 καὶ
574 5620 677 5673 οὐκ
707 5620 1059 5691 ὠρχήσασθε.
1110 5624 1529 5695 Ἐθρηνήσαμεν
1580 5627 1731 5697 ὑμῖν,
1757 5628 1855 5681 xul-

250 5709 352 5764 σῦκ
384 5710 717 5767 ἐκλαύσατε.
767 5715 1025 5786 Ἑλήλυθε
1054 5716 1166 5787 γὰρ
1203 5717 1457 5787 Ἰωάννη,
1483 5720 1510 5771 6
1539 5719 1851 5787 ίιατιτιστὴς

252 5801 392 5873 μήτε
422 5804 590 5876 ἄρτον
624 5806 843 5874 ἐσθίων,
890 5811 1027 5879 μήτε
1064 5808 1204 5865 οἶνον
1246 5809 1439 5875 πίνω),
1478 5811 1570 5864 καὶ
1622 5811 1841 5879 λέγετε·

2020 5260 2185 5315 Visus.
2218 5259 2413 5316 50-55.
2446 5281 2465 5315 ι
2503 5261 2595 5316 Ait
2632 5272 2811 5318 autem
2848 5263 3151 5318 Dominus:
3188 5250 3289 5317 Cui
3315 5278 3446 5333 ergo
3479 5264 3551 5318 si-

1948 5351 2103 5407 miles
2125 5354 2302 5407 dicam
2329 5354 2576 5409 homines
2595 5354 2964 5423 generationis
2988 5354 3187 5417 huius?
3212 5367 3266 5409 et
3282 5358 3368 5411 cui
3399 5358 3551 5411 simi-

1949 5445 2029 5499 les
2070 5448 2238 5499 sunt?
2271 5445 2489 5503 Similes
2526 5457 2653 5502 sunt
2684 5448 2871 5515 pueris
2900 5449 3219 5503 sedentibus
3243 5449 3295 5502 in
3325 5448 3465 5515 fore,
3498 5458 3552 5502 et

1950 5541 2381 5597 acclamantibus
2424 5542 2565 5596 inter
2600 5558 2681 5605 sc,
2726 5558 2787 5595 ac
2815 5543 3119 5598 dicentibus
3152 5562 3167 5600 ε
3195 5542 3551 5597 Cantavimus

1954 5629 2106 5685 vobis
2138 5632 2310 5696 tibiis,
2342 5641 2397 5686 ct
2422 5648 2529 5687 nou
2561 5633 2826 5697 saltastis,
2869 5633 3177 5690 cecinimus
3212 5635 3368 5691 vobis
3394 5636 3551 5705 lugu-

1954 5722 2094 5790 bria,
2130 5733 2184 5777 ct
2217 5740 2323 5777 non
2358 5724 2632 5793 plorastis.
2670 5722 2828 5777 Venit
2860 5723 3005 5779 enim
3040 5721 3279 5780 Joannes
3310 5725 3550 5795 Btptfsta

1953 5830 2127 5882 neque
2160 5815 2323 5871 cdcns
2367 5832 2585 5884 panem,
2623 5831 2797 5884 neque
2832 5817 3021 5873 bibens
3060 5817 3265 5876 vinum.
3321 5828 3374 5873 ct
3413 5816 3547 5874 dicis
