4030 6410
511 366 613 430 ἸἻ

1430 371 2005 435 THEOPHYLACTI
2049 371 2460 435 BULGARIE
2501 371 2856 433 ARCHlEP.

3669 367 3777 432 792

518 489 621 541 tis:
659 483 991 539 Dmittonium
1025 485 1205 539 liabet.
1253 484 1414 539 Venit
1456 484 1622 539 Filius.
1656 487 1891 542 hominis
1925 487 2086 541 edens

2198 487 2484 554 Δαιμόνιον
2536 485 2671 554 ἔχει.
2731 482 3017 553 Ἐλήλυθεν
3065 485 3092 535 6
3143 483 3271 546 Υἱὸς
3331 481 3424 535 τοῦ
3483 483 3773 551 ἀνθρώπου

519 595 582 632 ac
609 579 818 640 bibens,
848 586 903 630 et.
933 577 1151 631 dicitis:
1184 575 1325 632 Ecce
1353 577 1513 634 homo
1546 579 1704 645 edax,
1738 589 1792 633 et
1849 579 1958 632 vini
1991 595 2090 646 po-

521 679 622 733 tor,
649 669 855 722 amicus
876 669 1287 735 publicanorum
1323 684 1387 724 ac
1414 680 1782 738 peccatorum,
1817 668 1885 724 Et
1924 672 2086 740 justi-

516 758 678 811 ﬂcata
718 768 799 813 est
853 760 1113 829 sapientia
1182 776 1211 814 a
1246 760 1370 816 ﬁliis
1403 763 1519 816 suis
1562 764 1836 817 omnibus.
1871 781 1890 814 ι
1959 763 2088 816 Erat

514 847 785 916 quoddam
817 849 926 902 ludi
955 864 1126 917 genus
1159 851 1299 919 apud
1341 835 1662 907 Judaosfln
1716 862 1900 921 partes
1943 853 2087 904 enim

516 940 651 994 duas
681 939 830 1008 pueri
863 940 1014 1010 multi
1039 943 1439 1008 dividebantur,
1475 953 1530 998 et
1561 945 1710 1012 quasi
1755 944 1917 998 vitam
1946 944 2092 998 deri-

515 1029 734 1096 debant,
776 1030 865 1084 alii
898 1046 962 1085 ex
996 1048 1098 1086 una
1157 1045 1310 1103 parte
1362 1035 1842 1090 lamentabantur:
1895 1037 1986 1090 alii
2023 1053 2086 1091 ex

514 1123 680 1176 altera
715 1122 858 1178 tibiis
897 1125 1166 1178 canebant
1207 1144 1222 1181 :
1255 1137 1310 1181 et
1331 1143 1505 1196 neque
1552 1128 1794 1196 lugentes
1825 1133 2090 1183 curabant

516 1213 569 1268 bi
603 1215 695 1283 qui
719 1231 782 1270 ex
819 1216 988 1270 altera
1023 1228 1174 1286 parte
1203 1240 1219 1272 :
1247 1234 1419 1286 neque
1453 1221 1699 1275 tibicines
1751 1221 1900 1290 ipsos
1925 1237 2081 1276 cura-

514 1306 646 1360 bant
673 1308 724 1361 bi
759 1309 850 1376 qui
896 1310 1166 1377 lugebant.
1202 1311 1377 1366 Taxat
1412 1313 1576 1382 igitur
1606 1313 1866 1370 Dominus
1893 1313 2086 1369 Phari-

513 1411 666 1463 saeos,
689 1399 779 1468 qui
812 1413 984 1470 neque
1013 1401 1268 1471 lugebant
1302 1418 1422 1457 cum
1449 1403 1658 1458 Joanne
1701 1406 1983 1477 lugubrem
2012 1407 2090 1461 vi—

515 1497 620 1542 tam
677 1499 886 1559 agente.
935 1500 986 1546 et
1042 1494 1416 1562 paenitentiam
1465 1495 1865 1562 introducente,
1917 1513 2091 1568 neque

512 1594 634 1633 eum
670 1580 1027 1638 imitabantur
1064 1603 1078 1638 :
1114 1599 1288 1654 neque
1340 1587 1791 1658 obtemperabant
1827 1589 1953 1644 Jesu
2007 1592 2086 1645 vi-

513 1681 621 1723 tam
656 1686 766 1739 pra:
791 1687 850 1726 se
885 1673 1074 1728 ferenti
1112 1676 1406 1731 civili’orem
1442 1693 1457 1730 :
1498 1681 1590 1734 sed
1623 1681 1812 1735 ambos
1865 1682 2090 1750 repelle—

513 1762 660 1826 bant,
693 1779 791 1817 nec
822 1764 1066 1836 lugentes
1101 1783 1224 1822 cum
1263 1768 1473 1826 Joanne
1499 1769 1734 1840 lugente,
1770 1787 1946 1842 neque
1966 1788 2089 1828 con-

2195 577 2389 630 ἐσθίων
2420 576 2512 628 καὶ
2555 575 2743 637 πίνων,
2773 573 2865 626 καὶ
2887 574 3096 640 λέγετε,
3128 571 3256 626 Ἰδοὺ
3279 573 3565 642 ἅνθρωπος
3605 573 3775 641 φάγος

2197 669 2290 722 καὶ
2317 666 2622 736 οἰνοπότης,
2667 666 2820 735 φίλος
2855 665 3104 718 τελωνῶν
3153 667 3246 717 καὶ
3273 665 3639 736 ἁμαρτωλῶν,
3685 668 3777 718 καὶ

2195 759 2489 829 ἐδικαιώθη
2516 761 2548 828 ἠ
2586 761 2746 828 σοφία
2773 757 2880 811 ἀπὸ
2909 757 3015 809 τῶν
3041 756 3244 809 τέκνων
3278 759 3453 826 αὐτῆς
3489 759 3726 815 πάντων.
3752 780 3771 810 ι

2193 849 2301 903 Ἦν
2327 868 2378 903 τι
2417 850 2568 919 παρὰ
2601 851 2715 911 τοῖς
2767 849 3042 908 Ἰουδαίοις
3075 844 3212 911 εἶδος
3242 849 3460 911 παιδιᾶς
3507 849 3774 911 τοιοῦτον,

2194 946 2275 1005 εἰς
2307 942 2446 1014 μέρη
2471 943 2566 995 δύο
2597 941 2808 1012 πληθὺς
2835 940 3062 993 παιδίων
3097 940 3372 1008 ἐτέμνετο.
3399 940 3508 992 Καὶ
3543 942 3634 994 τὸν
3659 941 3773 1012 βίον

2193 1034 2391 1088 ὡσανεὶ
2430 1034 2715 1102 γελῶντες,
2752 1034 2800 1086 οἱ
2829 1032 2926 1101 μὲν
2966 1031 3119 1084 ἔνθεν
3154 1031 3435 1101 ἐθρήνουν,
3467 1031 3516 1082 οἱ
3544 1031 3600 1083 δὲ
3629 1033 3774 1084 t1:er-

2194 1127 2285 1180 θεν
2307 1126 2522 1196 ηὔλουν.
2565 1127 2675 1178 Καὶ
2713 1123 2838 1178 οὔτε
2895 1127 3006 1186 τοῖς
3045 1123 3333 1194 θρηνοῦσιν
3366 1123 3415 1174 oi
3453 1122 3547 1174 τοῦ
3587 1123 3780 1194 ἑτέρου

2195 1218 2399 1289 μέρους
2437 1218 2793 1282 συνετίθεντο,
2826 1215 2950 1269 οὔτε
2981 1218 3094 1277 τοῖς
3129 1213 3384 1268 αὐλοῦσιν
3413 1210 3578 1267 οὗτοι.
3623 1215 3778 1267 Ἐπι-

2195 1312 2438 1364 σκώπτει
2466 1312 2646 1365 τοίνυν
2699 1311 2728 1362 6
2773 1308 2977 1380 Κύριος
3010 1307 3102 1360 καὶ
3152 1308 3277 1368 τοὺς
3318 1307 3668 1372 Φαρισαίους,
3702 1304 3780 1365 ὡς

2192 1401 2431 1455 τοιοῦτόν
2469 1420 2521 1455 τι
2575 1397 2884 1462 ποιοῦντας.
2924 1398 3063 1454 Οὔτε
3106 1397 3212 1465 γὰρ
3256 1396 3338 1466 ,τῷ
3382 1394 3605 1466 Ἰωάννῃ
3638 1394 3779 1464 θρη-

2193 1493 2412 1562 νητικὸν
2463 1493 2576 1562 βίον
2632 1491 2838 1561 βιοῦντι
2889 1494 2982 1542 καὶ
3029 1489 3320 1558 μετάνοιαν
3373 1485 3774 1554 εἱσηγουμὲνῳ,

2193 1586 2600 1657 συνεπένθησαν
2649 1586 2681 1656 ἢ
2726 1586 3089 1655 ἐμιμήσαντο,
3130 1582 3252 1635 οὔτε
3307 1581 3384 1648 τῷ
3429 1581 3607 1648 Ἰησοῦ
3662 1578 3778 1648 βίον

2192 1679 2621 1749 ἐπιδεικνυμένῳ
2661 1678 2941 1749 χαρίεντγ,
2998 1675 3329 1744 ἐπείσθησαν
3371 1674 3404 1743 ἢ
3449 1671 3773 1724 συνέθεντο’

2193 1773 2308 1824 ἀλλ’
2362 1772 2708 1840 ἀμφοτέρους
2763 1770 3101 1830 ἀπώσαντο,
3148 1767 3286 1836 μήτε
3337 1765 3414 1834 τῷ
3482 1763 3778 1834 θρηνοῦντι

510 1855 755 1911 cinentes
785 1858 1055 1914 cumJesu
1115 1861 1262 1916 tibiis
1314 1875 1560 1930 canente,
1624 1866 1724 1920 hoc
1754 1877 1858 1930 est,
1898 1869 2086 1921 remis-

2209 1861 2426 1932 Ἰωάννῃ
2459 1859 2909 1930 συνθρηνοῦντες,
2947 1860 3084 1928 μήτε
3113 1857 3191 1926 τῷ
3216 1856 3468 1908 αὐλοῦντι
3495 1856 3590 1906 καὶ
3626 1856 3775 1905 ἀνει-

511 1949 681 2003 siore.
716 1950 780 2003 Et
801 1951 1096 2019 justiﬂcala
1119 1965 1202 2010 est
1235 1957 1522 2026 sapientia,
1546 1957 1647 2012 hoc
1669 1967 1774 2023 est,
1801 1961 2084 2024 honorata,

512 2056 618 2096 non
647 2057 676 2096 a
707 2042 1016 2110 Pharisaais,
1065 2047 1157 2102 sed
1209 2065 1237 2101 ιι
1275 2047 1400 2103 ﬁliis
1444 2050 1578 2117 suis,
1637 2052 1687 2104 id
1718 2060 1819 2116 est,
1858 2052 1940 2106 bis
1996 2054 2085 2121 qui

512 2147 862 2204 susceperunt
891 2136 1074 2191 Jesum
1098 2148 1150 2193 et
1172 2138 1454 2195 Joannem.

584 2425 962 2482 Vans.3B-43.
997 2449 1014 2481 ι
1056 2427 1300 2500 Rogabat
1370 2439 1547 2487 autem
1595 2432 1745 2488 illum
1795 2433 2008 2503 quidam
2059 2450 2089 2490 e

511 2518 798 2573 Pharisaeis
833 2531 891 2574 ut
923 2533 1143 2590 caperet
1173 2524 1352 2577 cibum
1391 2540 1512 2579 cum
1546 2526 1682 2593 ipso.
1711 2525 1779 2580 Et
1813 2526 2088 2597 ingressus

511 2611 726 2664 domum
752 2611 1030 2680 Pharisaei,
1089 2618 1379 2671 accubuit:
1430 2627 1485 2671 et
1553 2633 1682 2672 ecce
1739 2619 1932 2672 mulier
1970 2635 2089 2687 qua:

514 2701 689 2755 fuerat
716 2702 769 2756 in
800 2704 1019 2758 civitate
1046 2707 1340 2773 peccatrix,
1374 2716 1433 2760 ut
1457 2709 1729 2776 cognovit,
1761 2709 1902 2777 quod
1929 2709 2087 2764 Jesus

513 2793 854 2848 accubuisset
883 2796 936 2849 in
989 2798 1150 2851 domo
1199 2796 1479 2864 Pharisaei,
1515 2799 1693 2852 attulit
1749 2801 2083 2854 alabastrum

512 2886 792 2950 unguenti,
820 2896 1079 2956 stansque
1106 2890 1172 2942 ad
1196 2890 1361 2957 pedes
1390 2889 1512 2958 ejus
1564 2905 1594 2943 a
1644 2899 1814 2960 tergo,
1843 2891 1974 2946 ﬂens
2004 2892 2085 2945 la-

523 2978 724 3047 crymis
777 2979 943 3046 coepit
977 2980 1154 3048 rigare
1207 2983 1370 3050 pedes
1399 2984 1537 3051 ejus,
1560 2993 1615 3036 et
1663 2983 1869 3050 capillis
1895 2983 2087 3051 capitis

511 3067 594 3120 sui
621 3070 984 3137 exstergebat,
1013 3082 1068 3124 et
1101 3071 1515 3127 deosculabatur
1545 3076 1708 3142 pedes
1734 3074 1870 3143 ejus,
1896 3085 1951 3128 et
1980 3091 2081 3127 un-

2195 1954 2338 2022 μένῳ
2369 1950 2980 2022 Ἰησοῦσυμφοροῦντες
2999 1951 3097 2017 (2).
3121 1949 3232 2002 Καὶ
3261 1948 3445 2001 λοιπὸν
3479 1946 3772 2013 ἐδικαιώθη

2189 2048 2220 2113 ἡ
2265 2045 2430 2113 σοφία
2467 2043 2562 2096 τοῦ
2596 2043 2753 2109 Θεοῦ,
2780 2042 3057 2093 τουτέστιν
3093 2039 3348 2109 ἐτιμήθη,
3379 2039 3476 2108 οὐχ
3524 2039 3629 2089 ὑπὸ
3663 2037 3775 2088 τῶν

2188 2137 2522 2207 Φαρισαίων,
2564 2136 2702 2190 ἀλλὰ
2738 2136 2848 2186 τῶν
2878 2135 3085 2186 τέκνων
3119 2132 3312 2200 αὐτῆς.
3356 2131 3625 2191 τουτέστι,
3667 2129 3777 2180 τῶν

2192 2227 2654 2299 παραδεξαμένων
2695 2227 2784 2281 τὲιν
2832 2227 2990 2294 λόγον
3030 2223 3124 2278 τοῦ
3158 2240 3212 2274 τε
3260 2223 3508 2276 Ἰωάννου
3540 2221 3635 2272 καὶ
3679 2219 3774 2272 τοῦ

2205 2319 2397 2388 Ἰησοῦ.

2270 2451 2289 2482 ι
2332 2432 2550 2502 Ἦρὼτα
2585 2432 2641 2483 δέ
2673 2449 2752 2493 τις
2789 2430 2948 2482 αὑτὸν
2979 2429 3088 2480 τῶν
3115 2429 3441 2497 Φαρισαίων,
3487 2428 3576 2480 ἵνα
3624 2428 3776 2498 φάγῃ

2195 2527 2315 2593 μετ’
2349 2523 2538 2576 αὑτοῦ.
2577 2522 2685 2574 Καὶ
2735 2519 2994 2573 εἰσελθὼν
3035 2523 3111 2582 είς
3136 2521 3234 2590 τὴν
3262 2521 3440 2572 οἰκίαν
3478 2519 3574 2570 τοῦ
3605 2520 3775 2588 Φαρι-

2195 2615 2374 2678 σαίου,
2412 2613 2689 2682 ἁνεκλίθη.
2719 2613 2827 2664 Καὶ
2863 2612 2970 2664 ἰδοῦ
3005 2612 3142 2680 γυνὴ
3173 2614 3227 2662 ἐν
3256 2615 3318 2680 τῇ
3347 2611 3522 2672 πόλει,
3555 2612 3676 2678 ἥτις
3706 2605 3776 2677 ἦν

2191 2705 2537 2777 ἁμαρτωλὸς,
2562 2705 2860 2772 ἐπιγνοῦσα
2892 2705 2972 2756 ὅτι
3003 2703 3289 2756 ἀνάκειται
3325 2705 3381 2755 ὲν
3415 2705 3479 2772 τῇ
3509 2704 3656 2774 οἰκίᾳ
3676 2702 3774 2754 τοῦ

2191 2798 2511 2869 Φαρισαίου,
2545 2798 2820 2866 κομίσασα
2860 2794 3202 2863 ἀλάϐαστρον
3240 2795 3437 2865 μύρου,
3470 2796 3564 2847 καὶ
3598 2796 3774 2847 στᾶσα

2194 2890 2344 2960 παρὰ
2373 2889 2499 2952 τοὺς
2525 2888 2690 2948 πόδας
2721 2885 2887 2938 αὑτοῦ
2916 2886 3111 2948 ὀπίσω,
3136 2885 3396 2938 κλαίουσα
3426 2887 3632 2955 ἤρξατο
3655 2887 3781 2956 βρέ-

2193 2999 2310 3051 χειν
2351 2984 2477 3044 τοὺς
2508 2982 2674 3043 πόδας
2714 2979 2881 3034 αὑτοῦ
2915 2983 3025 3043 τοῖς
3056 2981 3305 3048 δάκρυσι,
3354 2983 3446 3033 καὶ
3479 2983 3599 3042 ταῖς
3631 2980 3777 3047 θριςι

2189 3077 2287 3143 τῆς
2339 3073 2582 3143 κεφαλῆς
2638 3073 2809 3140 αὐτῆς
2871 3072 3161 3140 ἐξέμασσε,
3195 3073 3289 3124 καὶ
3326 3071 3608 3138 κατεφίλει
3653 3073 3779 3134 τοὺς

513 3169 710 3225 guento
741 3161 994 3229 ungebat.
1030 3161 1230 3218 Videtis
1265 3173 1443 3219 autem
1470 3164 1774 3220 Pharisaus
1807 3167 1897 3235 qui
1931 3183 2086 3221 voca-

2194 3167 2354 3228 πόδας
2387 3164 2578 3232 αὑτοῦ,
2636 3167 2729 3218 καὶ
2763 3165 2950 3233 ἤλειφε
2988 3167 3065 3234 τῷ
3093 3166 3270 3234 μύρῳ.
3311 3164 3453 3216 Ἰδὼν
3478 3164 3533 3216 δὲ
3557 3167 3584 3215 6
3607 3165 3779 3231 Φαριο
3817 3175 3819 3177 ’

514 3261 668 3304 verat
695 3266 840 3314 eum,
874 3254 950 3307 ait
995 3257 1134 3308 intra
1161 3270 1218 3309 se
1262 3257 1489 3312 dicens:
1523 3255 1623 3312 Hic
1670 3259 1714 3312 si
1769 3267 1913 3313 esset
1960 3274 2085 3328 pro-

509 3342 694 3410 pheta,
723 3344 886 3398 scirct
918 3347 1101 3413 utique
1149 3361 1270 3415 qua:
1301 3359 1355 3403 et
1385 3349 1559 3417 qualis
1589 3359 1672 3402 est
1723 3349 1917 3404 mulier
1969 3367 2086 3419 quae

514 3435 684 3504 tangit
711 3435 907 3505 ipsum,
938 3439 1064 3507 quia
1094 3441 1370 3508 peccatrix
1399 3448 1498 3495 est.
1533 3441 1600 3495 Et
1632 3443 1966 3511 respondens
1995 3443 2086 3497 ιε.

513 3537 606 3577 sus
635 3521 770 3577 dixit
798 3525 862 3578 ad
899 3525 1046 3578 illum
1083 3544 1096 3580 :
1129 3525 1339 3591 Simon,
1385 3528 1558 3582 habeo
1607 3530 1900 3599 quidquam
1942 3532 2084 3599 quod

515 3612 612 3665 tibi
647 3613 846 3668 dicam.
873 3617 943 3669 At
973 3617 1063 3671 ille
1098 3621 1174 3672 ait
1208 3639 1221 3673 :
1277 3619 1554 3688 Magister,
1583 3621 1691 3676 dic.
1729 3620 1846 3676 Duo
1880 3623 2087 3676 debito-

516 3720 605 3761 res
624 3719 778 3763 erant
815 3711 1028 3765 cuidam
1067 3715 1340 3770 creditori.
1381 3715 1535 3771 Unus
1570 3717 1801 3774 debebat
1833 3717 2086 3770 denarios

512 3797 856 3868 quingentos,
905 3809 960 3855 et
1013 3803 1157 3858 allen
1199 3805 1609 3876 quinquaginta,
1643 3822 1762 3860 cum
1800 3816 1981 3861 autem
2009 3804 2087 3860 illi

511 3903 620 3945 non
652 3902 833 3947 essent
868 3893 1150 3961 solvendo,
1199 3898 1524 3954 condonavit
1579 3902 1860 3970 utrisque:
1888 3902 2080 3956 borum

512 3981 678 4050 igitur
708 3983 792 4038 dic
813 3993 931 4039 uter
959 3999 1080 4041 eum
1111 3987 1229 4057 plus
1257 3989 1482 4060 diliget?
1510 3990 1864 4062 Respondent:
1893 3993 2078 4047 Simon

512 4073 690 4128 dixit:
729 4073 996 4132 Existimo
1027 4080 1170 4148 quod
1205 4081 1252 4135 is
1274 4083 1360 4136 cui
1388 4084 1510 4153 plus
1529 4085 1874 4138 condonavit.
1920 4085 2078 4155 321

514 4163 685 4218 Atille
705 4165 839 4220 dixit
870 4172 918 4221 ei
953 4185 966 4221 :
998 4169 1457 4237 Rectejudicasti.
1485 4192 1503 4223 ι
1535 4172 1758 4228 Videtur
1781 4176 1869 4248 hic
1890 4172 2080 4228 Phari-

513 4269 652 4311 saeus
679 4257 769 4328 qui
804 4260 1009 4314 vocavit
1027 4259 1208 4316 Iesum
1236 4263 1313 4332 (ai
1335 4278 1438 4317 non
1466 4273 1665 4320 rectam
1690 4266 1945 4330 habuisse
1963 4283 2087 4322 sen-

511 4348 757 4415 tentiam,
782 4351 874 4405 sed
899 4351 1117 4408 dolosus
1151 4353 1319 4409 fuisse
1340 4367 1395 4411 et
1417 4357 1688 4427 hypocrisi
1743 4359 1954 4429 plenus.
1988 4360 2083 4414 Di-

510 4438 587 4493 cit
609 4439 803 4510 igitur:
848 4442 904 4496 Si
929 4453 1070 4498 esset
1115 4444 1202 4500 hic
1231 4448 1509 4515 propheta,
1542 4460 1596 4502 et
1622 4450 1693 4503 ita
1742 4467 1846 4505 non
1911 4453 2087 4506 credi-

2201 3261 2350 3321 σαίος
2377 3260 2406 3310 6
2432 3258 2667 3320 καλέσας
2691 3259 2874 3320 αὑτὸν,
2893 3254 3048 3309 εἶπεν
3073 3261 3128 3309 ἐν
3155 3258 3352 3326 ἑαυτῷ,
3380 3257 3555 3325 λέγων
3575 3274 3585 3284 ·
3607 3251 3777 3318 Οὗτος

2199 3352 2246 3404 εἰ
2287 3347 2355 3420 ἦν
2387 3351 2696 3421 προςεήτης,
2732 3351 3027 3416 ἐγίνωσκεν
3079 3349 3166 3413 ἂν,
3212 3349 3294 3412 τίς
3327 3349 3421 3402 καὶ
3480 3351 3702 3419 ποταπὴ
3743 3351 3776 3417 ἠ

2197 3443 2356 3512 γυνὴ,
2388 3443 2510 3513 ἥτις
2543 3445 2776 3497 ἅπτεται
2820 3443 3011 3506 αὐτοῦ,
3033 3444 3112 3495 ὅτι
3143 3443 3468 3512 ἁμαρτωλός
3502 3445 3639 3496 ἐστι.
3665 3445 3780 3498 Καὶ

2195 3533 2517 3603 ἀποκριθεὶς
2551 3535 2579 3584 6
2622 3531 2850 3600 Ἰησοῦς,
2875 3529 2995 3584 εἶπε
3028 3534 3163 3602 πρὸς
3193 3533 3391 3586 αὐτόν·
3425 3533 3629 3601 Σίμων,
3670 3535 3779 3604 ἔχω

2200 3626 2282 3679 σοι
2327 3643 2378 3678 τι
2422 3628 2616 3679 εἰπεῖν.
2663 3626 2722 3677 ’0
2763 3625 2819 3677 δέ
2881 3641 3048 3694 φησι·
3089 3625 3412 3690 Διδάσκαλε,
3467 3626 3612 3678 εἰπέ.
3672 3629 3779 3680 Δύο

2198 3719 2590 3790 χρεωφειλέται
2655 3715 2798 3788 ἦσαν
2847 3719 3100 3786 δανειστῇ
3141 3735 3267 3769 τινι.
3336 3717 3393 3770 '0
3453 3711 3536 3780 εἷς
3575 3715 3777 3784 ὤφειλε

2197 3812 2430 3882 δηνάρια
2483 3813 2838 3877 πεντακόσια,
2895 3814 2922 3864 6
2978 3811 3035 3863 δὲ
3074 3811 3259 3880 ἕτερος
3300 3810 3660 3880 πεντήκοντα,
3701 3813 3777 3881 μὴ

2197 3904 2429 3974 ἐχόντων
2459 3902 2516 3956 δὲ
2546 3903 2725 3957 αὐτῶν
2755 3902 3070 3966 ἀποδοῦναι,
3091 3904 3422 3972 ἀμφοτέροις
3456 3902 3774 3971 ἐχαρίσατο.

2197 3998 2294 4060 Τίς
2320 3997 2411 4050 οὖν
2442 3997 2642 4057 αὐτῶν,
2676 3998 2818 4061 εἰπὲ,
2851 3997 3028 4048 πλεῖον
3066 3995 3226 4047 αὑτὸν
3252 3995 3560 4062 ἁγαπήσει;
3611 3994 3748 4046 ‘Am

2197 4089 2409 4157 κριθεὶς
2455 4089 2510 4141 δὲ
2543 4091 2572 4141 6
2610 4089 2792 4158 Σίμων
2821 4085 2973 4140 εἶπεν
2996 4105 3010 4119 ·
3060 4085 3468 4154 Ὑπολαμϐάνω
3510 4087 3594 4140 ὅτι
3635 4079 3680 4153 ᾧ
3716 4085 3781 4138 τὸ

2195 4180 2376 4233 πλεῖον
2402 4181 2712 4251 ἐχαρίσατο.
2730 4182 2788 4234 Ὀ
2804 4180 2859 4234 δὲ
2880 4175 3034 4234 εἶπεν
3062 4178 3455 4250 αὐτῴ,’ορθῶς
3481 4178 3728 4249 ἔκρινας.
3756 4199 3774 4228 ο

2196 4273 2453 4326 Φαίνεται
2483 4269 2637 4336 οὗτος
2666 4275 2694 4324 6
2718 4274 3010 4342 Φαρισαῖος
3040 4274 3069 4325 6
3099 4271 3383 4340 κεκληκὼς
3422 4270 3512 4324 τὸν
3543 4270 3777 4340 Ἰησοῦν,

2197 4364 2274 4431 μὴ
2307 4362 2468 4424 εὐθὺς
2503 4358 2643 4415 εἶναι
2665 4364 2763 4432 τὴν
2797 4360 3045 4431 γνώμην,
3101 4362 3240 4416 ἀλλὰ
3267 4361 3481 4432 δολερὸς
3518 4363 3615 4413 καὶ
3644 4363 3780 4414 ὑπισ-

2192 4453 2428 4523 κρίσεως
2453 4454 2686 4526 πλήρης.
2716 4456 2884 4524 Φησὶν
2919 4453 3042 4507 οὖν’
3086 4447 3256 4516 Οὗτος
3298 4453 3346 4504 εἰ
3373 4449 3442 4523 ἦν
3467 4455 3777 4525 προφήτης,

513 4531 604 4585 dit.
644 4534 766 4603 quia
797 4535 910 4589 haec
948 4535 1293 4606 loquebatur.
1328 4539 1590 4596 Dominus
1615 4551 1794 4597 tamen
1831 4545 2080 4612 quamvis

2194 4545 2332 4599 ὥστε
2361 4549 2461 4600 οὐκ
2509 4548 2828 4614 ἐπίστευεν,
2880 4547 3069 4616 ἐπειδὴ
3111 4545 3338 4600 τοιαῦτα
3378 4545 3583 4602 ἐλάλει.
3630 4549 3692 4601 Ὀ
3724 4547 3779 4599 δὲ

1469 4725 1556 4782 Ex
1607 4723 1950 4787 collatione
1981 4729 2169 4790 codd.
2206 4732 2434 4790 Venet.
2485 4731 2546 4790 S.
2581 4731 2802 4791 Marci.

587 4896 662 4965 (ε)
688 4892 932 4966 αοιιησι
954 4879 1142 4966 aqua:
1183 4893 1313 4966 Ἔτι
1331 4895 1439 4966 γὰρ
1465 4895 1564 4966 τοῦ
1595 4895 1758 4949 αὐτοῦ
1795 4898 2092 4966 κεφαλαίου

525 4963 706 5034 axem
763 4963 859 5017 τοῦ
915 4963 1085 5025 δεῖξαι
1155 4965 1364 5033 συνῳδὰ
1411 4963 1576 5034 ἀὐτῷ
1621 4963 1943 5034 οπρὰττοντα
2001 4971 2092 5020 τὸν

527 5033 798 5102 Ἰωάννην.
845 5036 894 5104 εἰ
948 5037 1040 5084 καὶ
1099 5036 1165 5087 τὰ
1213 5037 1476 5104 γενόμενα
1530 5033 1749 5088 ἐναντία
1792 5033 1882 5104 ἦν.
1936 5040 1999 5104 Ὃ
2033 5040 2090 5089 δὲ

514 5105 681 5176 λέγει,
731 5103 968 5176 τοιοῦτόν
1000 5105 1168 5176 -δστιν
1205 5121 1217 5133 ·
1280 5106 1556 5157 Ἐναντίαν
1612 5103 1874 5175 ἑκάτερος
1927 5103 2090 5176 ἦλθεν

517 5175 634 5246 ὁδὸν
670 5175 777 5246 εγὼ
802 5173 908 5246 *καὶ
944 5175 970 5224 6
999 5174 1283 5246 ’l_tutivvr;;,
1336 5177 1429 5246 καὶ
1481 5177 1674 5227 ταύτὸν
1725 5173 2088 5246 ἐποιήσαμεν,

517 5239 633 5316 οἷον
671 5243 734 5295 ἂν
766 5243 820 5316 εί
846 5259 988 5316 τινες
1029 5239 1290 5316 θηρευταὶ
1322 5245 1459 5307 ζῶον
1488 5246 1831 5316 δυσθήρατον
1873 5239 2088 5300 διὸίδύο

521 5312 711 5385 μέλλον
761 5313 1052 5385 ἐμπίπτειν
1088 5315 1221 5385 ὁδῶν
1251 5316 1329 5385 είς
1376 5316 1433 5366 τὸ
1481 5312 1770 5385 θήρατρον,
1821 5319 2088 5385 ἑκατέραν

519 5382 748 5457 ἕκαστος
795 5380 1086 5457 ἀπολαϐὼν
1136 5384 1255 5434 ὁδὸν
1290 5384 1504 5436 ἐλαύνοι
1536 5380 1856 5450 ἐξεναντίας
1903 5380 2086 5457 ἓτέῳς

517 5451 852 5525 ’Έῴμέτέρῳν
915 5451 1329 5525 ὦῗτεῄπάντως
1382 5457 1460 5525 εἰς
1524 5455 1748 5525 θάτερον
1801 5451 2086 5525 ἐμπεσεῖν.

531 5521 669 5597 ⁹έλλλ³
705 5523 860 5597 ὑμεῖς
906 5522 1549 5597 οὐδετέρῳῄίπροσέχετε,
1604 5521 1725 5578 οὒτε
1775 5521 1920 5597 ἐμοὶ,
1963 5527 2086 5579 οῦτε

515 5589 756 5659 Ὶωὰννηζ
821 5592 926 5642 Καὶ
977 5589 1158 5646 λοιπὸν
1192 5589 1508 5663 ἐδικαιώθη,
1553 5613 1604 5649 κ.
1638 5615 1686 5648 τ.
1730 5597 1778 5652 λ.
1808 5589 1840 5648 ἰ
1901 5589 2087 5651 Adhuc.

591 5788 669 5864 (α)
702 5796 839 5850 Edit.
880 5797 999 5852 Lut.
1033 5798 1250 5863 omittit,
1289 5803 1374 5868 qui
1405 5802 1599 5853 vocavit
1639 5799 1842 5854 Iesum.

2195 4900 2338 4952 enim
2371 4899 2520 4952 in'eo
2552 4898 2775 4962 insistit,
2813 4907 2869 4950 ut
2900 4899 3166 4962 ostendat,
3209 4895 3472 4951 Joannem
3506 4899 3686 4968 egisse
3718 4914 3776 4950 ca

2196 4985 2316 5034 qua:
2347 4984 2526 5023 secum
2578 4970 2967 5037 congruebant,
3016 4969 3232 5022 tametsi
3280 4983 3442 5035 opera
3499 4970 3776 5021 contraria

2197 5039 2394 5094 forent.
2432 5039 2582 5104 Quod
2622 5040 2784 5107 igitur
2814 5039 2915 5093 hoc
2957 5041 3072 5092 loco
3095 5039 3199 5107 ait,
3247 5038 3470 5106 perinde
3518 5048 3603 5091 est
3647 5055 3708 5090 ac
3731 5038 3774 5090 si

2177 5111 2443 5168 ,diceret:
2505 5106 2768 5177 tiqnidem
2830 5124 2926 5178 ego
2964 5120 3018 5162 et
3080 5106 3316 5178 Joannes
3355 5108 3632 5161 contraria
3693 5107 3776 5160 via

2198 5180 2494 5232 incedimus
2526 5197 2538 5231 :
2575 5194 2759 5231 verum
2794 5177 2890 5232 nos
2921 5179 3142 5246 perinde
3169 5177 3402 5230 facimus
3443 5193 3504 5244 ac
3529 5179 3572 5231 si
3606 5195 3772 5230 vena-

2200 5259 2346 5302 tores
2390 5251 2562 5302 fcram
2611 5261 2766 5318 captu
2815 5250 3106 5310 diiliciiem,
3138 5264 3256 5318 quae
3292 5263 3385 5314 per
3409 5249 3542 5300 dnas
3579 5249 3692 5301 vias
3727 5248 3777 5300 in

2200 5322 2452 5387 laqueum
2487 5319 2721 5373 incidere
2749 5329 2945 5387 potest,
2981 5318 3652 5387 utramque‘viamsinguli
3687 5335 3778 5371 oc-

2197 5401 2480 5455 cupantes,
2532 5389 2669 5442 alter
2720 5402 2908 5442 contra
2957 5390 3184 5442 alterum
3242 5397 3448 5442 stantes
3495 5391 3774 5440 contraria

2197 5459 2279 5512 \‘ia
2311 5459 2602 5527 impellant.
2621 5469 2673 5511 et
2697 5469 2944 5526 urgeant,
2971 5471 3026 5512 ut
3050 5459 3358 5512 omnimode
3381 5458 3430 5508 in
3452 5458 3777 5512 alterutrum

2202 5529 2452 5595 laqueum
2484 5531 2713 5583 decidat.
2751 5532 2855 5582 Sed
2882 5545 2974 5581 Vos
3004 5530 3202 5590 neutri,
3239 5543 3339 5582 nec
3374 5528 3505 5582 mihi
3543 5529 3775 5593 scilicet,

2200 5615 2293 5652 nec
2325 5598 2540 5665 Joanni,
2569 5599 2892 5655 attendistis.
2923 5599 3210 5664 Caeterum,
3244 5618 3260 5649 ι
3294 5609 3397 5653 etc.
