4030 6418
227 357 332 420 793

913 358 1358 418 ENARRATIO
1402 360 1482 418 IN
1521 357 2032 420 EVANGELIUM
2095 359 2332 421 LUCE.
2365 384 2434 393 -
2466 359 2630 420 CAP.
2672 359 2806 421 VII.

3425 359 3532 423 79L

229 477 440 548 Κύριος
475 479 647 549 ὅμως,
681 477 858 530 καίτοι
893 477 1052 541 εἰδὼς
1078 478 1244 531 αὐτὸν
1281 478 1355 548 μὴ
1383 477 1514 549 εύθῆ
1541 479 1694 543 δντα,
1724 480 1832 530 elc—

1939 483 2106 536 sciret
2140 496 2267 536 eum
2314 497 2423 536 non
2470 496 2592 536 esse
2653 481 2967 546 candidum,
3013 479 3290 551 ingressus
3331 494 3414 538 est
3465 486 3533 539 ad

229 573 459 641 ἔρχεται
487 573 621 642 πρὸς
644 570 808 623 αὐτὸν
845 571 938 622 καὶ
984 570 1272 634 συνεσθίει,
1308 571 1577 623 διδάσκων
1612 571 1832 633 πάντως

246 665 521 734 ἡμᾶςδιά
579 663 791 729 τούτου,
826 662 900 726 ὡς
944 666 1010 716 ἂν
1041 667 1152 727 τοῖς
1204 664 1454 728 ὑπούλως
1502 663 1638 734 πρὸς
1685 663 1834 733 ἡμᾶς

239 756 487 826 ἔχουσιν,
534 757 697 826 ἡμεῖς
754 755 942 818 ἁπλῶς
991 756 1088 810 καὶ
1132 757 1334 822 ἀδόλως
1363 755 1827 828 προσφερώμεθα.

237 849 474 919 Ζητοῦσι
511 850 568 901 δὲ
620 849 809 902 πολλοὶ
853 850 1018 902 πόσαι
1040 845 1182 920 ἦσαν
1204 853 1257 903 αξ
1289 853 1548 918 γυναῖκες
1596 851 1653 903 αἱ
1685 848 1832 902 ἀλεί-

232 940 408 1008 eam
445 941 536 1009 sev
587 941 793 1012 Κύριον
831 942 1008 1012 μύρῳ.
1046 943 1156 996 Καὶ
1193 944 1242 995 οἱ
1285 943 1386 1013 μέν
1418 960 1582 1010 φασιν
1613 943 1697 995 ὅτι
1739 941 1832 995 δύο

230 1028 396 1104 ἦσαν,
425 1035 458 1103 ἡ
513 1035 666 1104 παρὰ
711 1035 792 1104 τῷ
833 1036 1059 1105 Ἰωάννῃ
1100 1036 1221 1105 μία,
1266 1037 1298 1104 ἡ
1342 1036 1436 1088 καὶ
1492 1033 1696 1103 ἀδελφὴ
1734 1033 1829 1085 τοῦ

231 1127 512 1196 Λαζάρου,
556 1127 648 1178 καὶ
677 1128 839 1197 ἑτέρα
881 1127 913 1196 ἡ
970 1127 1122 1196 παρὰ
1151 1126 1228 1195 τῷ
1253 1125 1523 1195 Ματθαίῳ
1550 1125 1645 1178 καὶ
1671 1125 1832 1193 Μάρ-

235 1235 337 1286 κῳ,
367 1220 464 1270 καὶ
488 1217 584 1270 νῦν
614 1217 874 1288 παρὰ·τῷ
912 1218 1118 1288 Λουκᾷ.
1161 1215 1303 1284 Ἐγὼ
1333 1217 1391 1268 δὲ
1425 1216 1686 1283 πείθομαι
1717 1217 1830 1278 τοῖς

230 1310 453 1376 λέγουσι
486 1314 635 1381 τρεῖς
678 1308 821 1364 εἶναι
856 1311 1083 1375 ταύτας.
1118 1311 1268 1365 Μίαν
1301 1311 1402 1381 ρὲιν
1431 1312 1531 1379 τὴν
1564 1309 1716 1381 παρὰ
1753 1310 1831 1378 τῷ

243 1403 470 1473 Ἰωάννῃ
507 1404 612 1474 πρὸ
648 1402 708 1468 ἓξ
739 1404 967 1475 ἡμερῶν
993 1404 1087 1457 τοῦ
1129 1405 1342 1475 Πάσχα,
1369 1406 1435 1474 ἢν
1476 1403 1568 1458 καὶ
1594 1403 1830 1471 ἀδελφὴν

232 1490 376 1550 εἶναι
423 1497 699 1564 Λαζάρου.
745 1496 974 1568 Ἑτέραν
1017 1497 1074 1549 δὲ
1118 1496 1218 1567 τὴν
1250 1497 1400 1564 παρὰ
1435 1495 1512 1563 τῷ
1559 1494 1830 1563 Ματθαίῳ

232 1592 329 1642 καὶ
369 1591 603 1659 Μάρκῳ,
635 1590 740 1660 πρὸ
771 1589 865 1643 δύο
890 1590 1114 1660 ἡμερῶν
1144 1589 1238 1642 τοῦ
1277 1589 1490 1659 Πάσχα,
1513 1590 1606 1641 καὶ
1637 1587 1829 1658 τρίτην

231 1684 442 1749 ταύτην
473 1682 571 1749 τὴν
607 1680 704 1732 νῦν
740 1682 890 1751 παρὰ
930 1682 1008 1752 τῷ
1045 1683 1252 1753 Λουκᾷ,
1291 1683 1420 1748 περ).
1451 1682 1520 1734 τὰ
1561 1682 1704 1748 μέσα
1735 1681 1827 1734 τοῦ

234 1769 597 1837 Εὑαγγελίου,
645 1773 954 1841 μυρίσασαν
990 1773 1089 1841 τὴν
1118 1773 1346 1842 Κύριον,
1390 1773 1483 1825 καὶ
1515 1773 1668 1824 οὐδὲν
1701 1789 1824 1825 και-

227 1861 320 1913 νὸν
355 1864 622 1934 πρότερον
653 1864 865 1934 ταύτην
893 1867 1119 1933 ποιῆσαι
1138 1864 1318 1923 τοῦτο,
1346 1865 1514 1934 μήπω
1535 1863 1824 1925 ἐνστάντος

231 1956 326 2008 τοῦ
363 1957 558 2026 καιροῦ
601 1956 695 2009 τοῦ
728 1957 956 2023 πάθους,
1004 1954 1124 2011 εἶτα
1178 1960 1392 2020 ἐκείνας
1430 1959 1540 2010 εἴτε
1583 1974 1828 2026 μιμησα-

235 2049 408 2117 μένας
435 2049 669 2117 ταύτην,
695 2049 804 2102 εἴτε
838 2053 939 2111 καὶ,
972 2049 1172 2115 ἄλλως,
1215 2050 1442 2118 πλησίον
1483 2049 1576 2102 τοῦ
1621 2051 1830 2112 πάθους

231 2138 292 2190 τὸ
328 2139 460 2192 αὐτὸ
519 2140 768 2206 ποιῆσαι.
807 2141 869 2192 Εἰ
918 2141 974 2192 δὲ
1011 2141 1107 2193 καὶ
1165 2140 1192 2191 ὁ
1235 2140 1389 2210 παρὰ
1443 2140 1522 2210 τῷ
1561 2141 1828 2208 λσῐατΟαῖῳ

229 2231 324 2283 τὸν
379 2231 584 2302 Κύριον
636 2231 899 2294 καλέσας,
937 2232 1123 2301 Σίμων
1171 2233 1482 2301 ὡνόμαστο,
1526 2233 1621 2286 καὶ
1669 2235 1696 2285 ὁ
1732 2232 1827 2285 νῦν

230 2321 386 2391 παρὰ
413 2321 492 2390 τῷ
533 2323 738 2390 Δουκᾷ,
783 2322 836 2374 τί
879 2323 1069 2376 καινὸν
1101 2327 1406 2395 συμπεσεῖν
1443 2325 1511 2376 τὰ
1543 2325 1784 2394 ὀνόματα
1813 2343 1827 2388 ;

243 2415 402 2468 Ἐπεὶ
433 2416 640 2479 ἐκεῖνός
666 2433 729 2482 γε
749 2417 842 2469 καὶ
875 2416 1075 2486 λεπρῦς
1108 2413 1197 2489 ἦν,
1227 2419 1343 2470 ἀλλ’
1374 2419 1494 2488 οὐχι
1523 2418 1618 2471 καὶ
1648 2412 1826 2481 οὗτος.

237 2509 506 2571 Κάκεῖνος
542 2509 663 2577 μὲν,
694 2509 1172 2588 τεθεραπευμένσς
1201 2510 1311 2562 ἀπὸ
1343 2511 1440 2578 τῆς
1463 2511 1692 2579 λέπρας,
1729 2528 1827 2579 χα-

235 2599 521 2668 ριστήριον
559 2597 660 2670 τὴν
709 2599 907 2668 κλῆσιν
933 2599 1233 2652 ἀποδίδωσι
1262 2599 1340 2671 τῷ
1377 2601 1622 2671 Χριστῷ.
1657 2595 1828 2662 Οὗτος

229 2691 320 2756 δὲ,
379 2690 504 2744 οὔτε
565 2691 811 2761 λεπρὸς,
858 2689 986 2743 οὔτε
1043 2691 1139 2744 ἐπὶ
1195 2692 1574 2762 χαριςτςρίοις
1629 2691 1824 2745 λαλῶν.

233 2784 508 2846 Κάκεῖνος
563 2783 663 2852 μὲν
703 2782 856 2836 οὐδὲν
900 2777 1076 2846 εἶπεν,
1121 2777 1276 2844 οὗτος
1303 2783 1361 2836 δὲ
1404 2784 1694 2850 ἐγόγγυσε,
1737 2783 1830 2836 καὶ

234 2875 560 2946 κατακρίνει
597 2878 654 2927 ἐν
675 2873 860 2944 ταὺτῷ
886 2875 975 2927 τόν
999 2891 1058 2927 τε
1086 2873 1296 2945 Ἰησοῦν
1334 2877 1422 2927 καὶ
1447 2875 1548 2943 τὴν
1570 2877 1826 2941 γυναῖκα.

232 2967 347 3039 Τὴν
384 2968 509 3039 μέν,
548 2968 624 3032 ὡς
673 2967 1022 3038 ἁμαρτωλὸν,
1054 2967 1145 3020 τὸν
1188 2967 1267 3033 δὲ,
1301 2967 1376 3032 ὡς
1423 2968 1826 3038 φιλάνθρωπον.

238 3064 305 3115 Ὦ
338 3065 438 3132 τῆς
492 3062 784 3124 ἁπονοίαςί
830 3063 1040 3124 Ὄντως
1089 3062 1383 3132 Φαρισαῖος
1429 3064 1457 3115 ὁ
1501 3061 1824 3132 ἄνθρωπος·

1939 592 2086 640 eum,
2121 587 2175 630 et
2206 576 2441 629 comedit
2476 590 2598 629 cum
2627 591 2711 638 eo,
2744 575 2946 641 docens
2996 590 3091 643 per
3149 575 3250 629 hoc
3309 575 3533 629 omnino

1939 669 2081 736 quod
2115 681 2214 722 nos
2246 666 2524 736 simplices
2545 668 2906 721 exhibeamus
2929 681 3055 736 erga
3087 681 3181 720 eos
3209 667 3298 736 qui
3348 666 3534 720 dolose

1940 762 2228 816 nobiscum
2265 771 2450 829 agunt.
2510 760 2769 826 Qumruut
2812 770 3021 814 antem-
3053 759 3205 814 multi
3260 771 3394 830 quot
3418 761 3536 814 fne-

1939 856 2049 908 rint
2091 853 2347 906 mulieres
2382 869 2500 922 qum
2525 855 2786 907 unxerint
2820 853 3105 907 Dominum
3141 863 3438 922 unguento.
3467 854 3532 906 Et

1937 947 2027 1000 alii
2051 947 2267 1014 quidem
2307 947 2498 1000 dicunt
2553 947 2697 1016 quod
2733 950 2850 1000 duce
2904 947 3147 1008 fuerunt,
3184 963 3288 1000 una
3322 946 3536 1000 scilicet

1939 1038 2078 1106 apud
2116 1036 2401 1104 Joannem,
2426 1055 2548 1109 qua:
2579 1038 2682 1092 fuit
2706 1053 2862 1093 soror
2895 1037 3108 1101 Lazari,
3154 1047 3210 1092 et
3247 1039 3349 1092 alia
3391 1040 3529 1107 apud

1936 1131 2251 1186 Mattltaaum
2278 1143 2330 1184 et
2353 1130 2615 1197 Marcum,
2642 1143 2696 1186 et
2717 1146 2862 1186 nunc
2883 1131 3025 1199 apud
3051 1129 3274 1185 Lucam.
3304 1131 3412 1201 Ego
3439 1148 3538 1184 att-

1940 1236 2046 1281 tem
2085 1227 2247 1282 credo
2277 1226 2361 1281 his
2391 1226 2480 1295 qui
2533 1226 2858 1279 dicunttres
2901 1240 3044 1292 esse,
3093 1241 3254 1278 unam
3312 1226 3531 1295 quidem

1936 1319 2076 1386 apud
2103 1317 2369 1372 Joannem
2405 1327 2530 1372 ante
2559 1334 2651 1372 sex
2684 1319 2800 1373 dies
2849 1316 3100 1382 Pascit-.e,
3135 1333 3254 1383 quae
3285 1329 3338 1372 et
3372 1333 3531 1372 soror

1937 1411 2035 1465 fuit
2065 1411 2258 1465 Lazari
2303 1428 2315 1464 :
2344 1410 2506 1465 aliam
2557 1420 2737 1464 autem
2770 1409 2910 1478 apud
2971 1408 3284 1464 Maltltwum
3317 1420 3370 1463 et
3391 1409 3441 1465 Μ
3462 1427 3538 1461 ιτ-

1936 1521 2058 1559 cum
2083 1514 2208 1559 ante
2241 1504 2380 1559 duos
2412 1505 2526 1558 dies
2588 1503 2833 1568 Pascha‘,
2868 1512 2924 1559 et
2978 1503 3192 1555 tertiam
3266 1503 3410 1557 hanc
3468 1505 3534 1557 de

1935 1615 2040 1668 qua
2075 1615 2219 1654 nunc
2246 1598 2448 1665 Lucas,
2476 1614 2597 1669 qua:
2643 1599 2693 1653 in
2725 1598 2915 1668 media
2955 1595 3234 1664 Evangelii
3271 1599 3537 1664 praedica-

1935 1693 2084 1748 tione
2112 1692 2400 1746 Dominum
2433 1692 2608 1746 unxit.
2657 1691 2847 1761 Neque
2898 1694 3100 1746 mirum
3131 1702 3216 1749 est
3247 1693 3390 1761 quod
3421 1694 3536 1746 lta'c

1938 1795 2063 1838 ante
2089 1785 2398 1854 passionem
2431 1785 2532 1838 hoc
2567 1785 2783 1851 fecerit,
2829 1793 2884 1839 et
2930 1784 3057 1839 inde
3089 1784 3196 1839 illa:
3223 1785 3304 1838 vel
3333 1786 3396 1837 ad
3428 1786 3532 1837 lm-

1928 1879 2016 1947 jus
2043 1877 2422 1940 imitationem,
2467 1877 2583 1932 sive
2615 1877 2717 1931 alia
2753 1877 2821 1931 de
2858 1893 3019 1932 causa
3067 1877 3290 1932 circiter
3323 1878 3535 1945 passiv-

1935 1988 2055 2026 nem
2089 1972 2228 2025 idem
2264 1971 2515 2026 fecerint.
2552 1970 2813 2037 Quamvis
2839 1981 3021 2025 autem
3060 1979 3115 2025 ct
3161 1972 3207 2025 is
3252 1973 3343 2041 qui
3392 1974 3535 2039 apud

1933 2063 2247 2117 Mattlueum
2291 2071 2777 2126 commemoratur,
2811 2075 2865 2118 et
2892 2063 3050 2133 cujus
3098 2080 3245 2118 nunc
3281 2066 3340 2118 fit
3377 2082 3531 2118 uten-

1937 2157 2028 2217 tio,
2057 2157 2246 2210 eodem
2294 2153 2535 2209 Simonis
2565 2157 2786 2210 nomine
2815 2169 3099 2218 vocentur,
3140 2157 3284 2211 hami
3331 2158 3529 2209 mirum

1935 2247 2117 2301 fuerit.
2155 2247 2310 2316 Sazpe
2342 2249 2485 2301 cnim
2523 2248 2677 2301 multi
2701 2249 2840 2302 idem
2877 2264 3074 2304 nomen
3106 2250 3434 2304 sortiuntur.
3464 2251 3536 2304 At

1933 2339 2022 2393 ille
2057 2339 2156 2393 fuit
2188 2340 2456 2408 leprosus,
2486 2340 2582 2395 sed
2619 2340 2707 2393 hic
2753 2355 2881 2394 non.
2913 2341 2972 2393 Et
3012 2329 3342 2419 ille-qitidem
3371 2357 3535 2395 sana-

1934 2440 2018 2485 tus
2050 2444 2077 2482 a
2110 2429 2259 2498 lepra
2299 2429 2350 2482 in
2406 2431 2705 2500 gratiarum
2758 2429 3027 2484 actionem
3074 2431 3290 2485 vocavit
3351 2430 3536 2491 Domi-

1934 2536 2084 2582 num,
2115 2519 2204 2574 hic
2234 2527 2414 2573 autem
2445 2535 2623 2589 neque
2652 2520 2924 2586 leprosus,
2958 2535 3136 2590 neque
3190 2524 3394 2591 gratias
3445 2536 3532 2576 re-

1935 2613 2136 2668 ferens.
2173 2614 2238 2667 Et
2267 2613 2354 2668 ille
2379 2613 2599 2683 quidem
2633 2613 2768 2668 nihil
2803 2613 2936 2668 dicit
2987 2631 3001 2664 :
3071 2615 3161 2668 hic
3222 2624 3404 2669 autem
3431 2615 3531 2669 ob-

1933 2707 2318 2771 murmuravit,
2369 2698 2923 2784 etcondemnavit'in
2988 2706 3090 2761 hoc
3153 2714 3260 2760 tam
3317 2704 3529 2774 Jesum,

1934 2811 2098 2866 quam
2132 2796 2418 2851 mulierem
2463 2813 2478 2850 :
2533 2796 2678 2851 hanc
2734 2809 2792 2852 ut
2841 2800 3226 2867 peccatricem,
3277 2798 3424 2851 illum
3474 2806 3536 2852 ut

1933 2889 2370 2944 misericordem.
2408 2888 2453 2945 Ο
2487 2891 2894 2960 arrogantiam!
2930 2890 3068 2946 Vere
3101 2890 3411 2945 Pharisaeus
3435 2891 3533 2944 lto-

1935 3000 2043 3039 mo.
2079 2981 2185 3037 Sed
2215 2982 2477 3038 Dominus
2502 2999 2699 3052 rogans
2727 2984 2878 3038 illum
2914 2985 2965 3037 in
2997 2980 3292 3053 parabolis,
3330 2983 3381 3038 in
3417 2999 3535 3038 me-

1935 3076 2081 3130 dium
2117 3077 2368 3146 producit
2404 3076 2681 3132 debitores
2716 3078 2872 3142 duos,
2909 3077 3250 3146 latenterque
3280 3087 3334 3132 et
3382 3076 3534 3130 illum

233 3157 350 3208 ἀλλ*
381 3155 410 3206 ὁ
438 3154 649 3224 Κύριος
678 3152 904 3224 ἐρωτῶν
932 3153 1107 3221 αὑτὸν,
1134 3155 1192 3207 ἐν
1221 3154 1579 3224 παραϐολαῖς,
1613 3154 1707 3208 καὶ
1737 3155 1831 3208 δύο

1939 3166 2237 3221 debitorem
2274 3181 2396 3222 esse
2425 3168 2688 3224 insinuat.
2724 3169 2788 3222 Et
2820 3183 3014 3236 parum
3048 3169 3271 3238 quidem
3332 3170 3534 3224 debere

235 3247 645 3318 χρεωφειλέτας
677 3246 946 3316 παράγων
979 3247 1058 3309 είς
1089 3245 1148 3298 τδ
1182 3245 1372 3316 μέσον,
1406 3246 1712 3317 λεληθότως
1739 3247 1834 3298 καὶ

233 3342 399 3392 αὑτδλν
423 3337 830 3410 χρεωφειλέτην
880 3332 1020 3390 εἶναι
1064 3337 1237 3406 λέγει,
1282 3339 1493 3391 ἐλάττω
1521 3339 1618 3408 μὲν
1649 3356 1828 3409 χρεω-

235 3436 384 3485 στεῖν
409 3432 694 3494 δοκοῦντα,
724 3433 1110 3502 χρεωστοῦντα
1147 3433 1192 3487 δ’
1226 3433 1345 3486 οὖν.
1383 3432 1524 3486 Οῠτε
1550 3435 1682 3500 γοῦν
1708 3435 1736 3486 ὁ
1764 3434 1833 3487 τὰ

235 3527 447 3581 ἐλάττω
488 3526 784 3597 χρεωστῶν
817 3527 903 3590 σὺ,
937 3524 1164 3578 δύνασαι
1197 3524 1383 3578 δοῦναι
1431 3525 1531 3595 τὴν
1585 3525 1832 3594 ὀφειλὴν,

233 3624 297 3676 οὐ
337 3622 448 3692 γὰρ
478 3621 620 3689 ἔχεις
666 3619 1059 3690 ἐξομολόγησιν
1086 3621 1154 3690 τῇ
1191 3619 1545 3688 ὑπερηφανίᾳ
1598 3618 1836 3687 κρατού-

237 3732 422 3787 μενος,
464 3712 592 3767 abte
631 3715 665 3781 ἡ
702 3715 864 3784 γυνή.
920 3711 1280 3781 ’Δμφοτέροις
1330 3709 1426 3763 οὖν
1469 3710 1832 3781 ἀφεθήσεται,

1894 3258 2245 3323 ηνῑιιεὺιιιιιτ,
2302 3258 2536 3313 debebat
2593 3259 2779 3328 igitur.
2833 3259 3022 3328 Itaque
3083 3275 3259 3329 neque
3294 3271 3351 3314 tu
3385 3269 3538 3329 potes

1933 3349 2064 3403 dare
2098 3349 2263 3403 etiam
2300 3349 2490 3406 minus
2517 3351 2759 3406 debitum
2791 3370 2804 3404 :
2840 3367 2946 3406 non
2980 3352 3125 3407 enim
3183 3352 3352 3408 babes
3402 3369 3537 3408 con-

1933 3440 2226 3495 fessionem
2270 3444 2527 3513 superbia
2584 3443 2839 3509 inﬂatus,
2904 3459 3081 3513 neque
3107 3446 3320 3502 mulier.
3362 3445 3543 3502 Utris-

1931 3547 2038 3600 que
2067 3533 2230 3603 igitur
2266 3534 2524 3590 remittet.
2576 3535 2643 3589 Et
2708 3543 2828 3590 nter
2853 3535 2973 3605 plus
3029 3536 3257 3606 diliget?
3298 3535 3537 3592 Omnino

1932 3624 2016 3679 cui
2043 3624 2208 3678 multa
2242 3625 2463 3682 dimissa
2499 3639 2649 3682 sunt.
2671 3613 2740 3682 Et
2769 3644 2893 3683 cum
2921 3630 3038 3684 haec
3064 3627 3318 3695 dixisset,
3343 3629 3542 3686 obmu-

1931 3721 2142 3772 tescere
2182 3716 2314 3772 fecit
2341 3730 2712 3790 arrogantem.

234 3807 334 3860 καὶ
394 3807 479 3870 τίς
538 3805 726 3858 πλεῖον
783 3806 1100 3876 arantis“;
1174 3802 1402 3867 Πάντως
1454 3797 1500 3871 ᾧ
1556 3803 1628 3858 τὰ
1685 3803 1858 3858 πολλὰ
1920 3807 2125 3880 ἀφείθη.
2205 3811 2317 3864 Καὶ
2386 3811 2564 3866 ταῦτα
2617 3811 2792 3868 είπὼν
2852 3812 3202 3881 ἐπιστομίζει
3254 3812 3348 3868 τὸν
3407 3813 3545 3870 ἀλα-

269 3903 386 3958 ὁδια.

269 3903 386 3958 ὁδια.

233 3899 268 3967 ζ
314 4017 334 4051 ε
370 3998 482 4052 Ka‘t
523 4015 784 4068 στραφεις
830 3999 974 4076 πρὸς
1035 3997 1135 4068 τὴν
1183 4000 1460 4067 γυναῖκα,
1499 3997 1578 4069 τῷ
1631 3999 1838 4069 Σίμωνι

234 4093 379 4164 ἔφη’
429 4090 654 4154 Βλέπεις
691 4087 897 4160 ταύτην
942 4088 1042 4160 τὴν
1096 4092 1372 4158 γυναῖκα;
1424 4091 1697 4160 Εἶσῆλθον
1759 4095 1844 4156 είς

233 4188 336 4259 τὴν
380 4185 556 4240 οἰκίαν
585 4202 704 4248 σου,
752 4183 898 4252 ὕδωρ
933 4183 1028 4235 ἐπὶ
1059 4185 1186 4246 τοὺς
1223 4183 1392 4246 πόδας
1429 4199 1532 4254 μου
1571 4185 1674 4237 οὐκ
1707 4183 1840 4237 ἔδω·

235 4291 364 4341 mc.
401 4276 542 4347 αὕτη
577 4277 634 4329 δὲ
666 4277 782 4338 τοῖς
824 4275 1090 4345 δάκρυσιν
1121 4274 1314 4346 ἔϐρεξέ
1350 4292 1452 4346 μου
1482 4278 1608 4339 τοὺς
1649 4278 1839 4343 πόδας.

2023 3999 2186 4054 Vens.
2220 3997 2417 4054 ιιι-50.
2463 4018 2482 4051 ι
2514 3997 2580 4052 Et
2610 4012 2910 4054 conversus
2933 3999 3000 4053 ad
3065 3998 3377 4060 mulierem.
3405 3999 3546 4056 dixit

1941 4091 2150 4147 Simoni
2196 4109 2210 4145 :
2248 4092 2414 4147 Vides
2442 4091 2584 4147 hanc
2618 4092 2953 4147 mulierem?
2978 4091 3183 4147 lntravi
3227 4091 3285 4146 in
3318 4091 3542 4147 domum

1941 4198 2089 4243 tuam
2129 4207 2142 4242 :
2173 4203 2370 4255 aquam
2399 4188 2632 4259 pedibus
2664 4189 2803 4244 meis
2833 4202 2943 4244 non
2987 4188 3226 4245 dedisti:
3274 4187 3394 4245 hanc
3443 4203 3549 4245 suo

1947 4287 2055 4333 tem
2094 4277 2358 4349 laerymis
2416 4277 2614 4348 rigavit
2653 4277 2820 4348 pedes
2859 4293 3035 4343 meos,
3073 4287 3128 4334 et
3157 4278 3370 4347 eapillis
3399 4279 3548 4349 capi-

235 4373 333 4424 καὶ
373 4365 495 4432 ταῖς
529 4368 678 4439 θριξὶ
715 4367 815 4436 τῆς
846 4365 1092 4433 κεφαλῆς
1125 4367 1296 4438 αὐτῆς
1329 4367 1582 4439 ἐξέμαξε.
1619 4370 1832 4438 Φίλημά

1939 4372 2007 4428 tis
2047 4373 2125 4426 sui
2159 4369 2408 4427 extersit.
2435 4369 2693 4427 Osculum
2718 4370 2854 4428 Inibi
2880 4387 2986 4428 non
3033 4369 3260 4436 dedisti,
3295 4373 3413 4428 haec
3445 4387 3547 4428 su-

241 4480 335 4534 μοι
363 4462 465 4515 οὐκ
495 4460 727 4525 ἔδωκας,
758 4459 897 4528 αὕτη
938 4460 994 4512 δε
1015 4461 1108 4526 ἀφ’
1139 4456 1207 4533 ἦς
1235 4463 1509 4533 εἰσῆλθον,
1535 4463 1596 4515 οὐ
1627 4463 1832 4516 διέλιπε

1939 4472 2045 4519 tem
2078 4477 2141 4517 ex
2174 4479 2283 4531 quo
2325 4463 2545 4530 intravi,
2591 4477 2698 4518 non
2757 4466 3002 4520 cessavit
3037 4465 3346 4520 deosculari
3376 4467 3548 4535 pedes

235 4551 623 4621 καταφιλοῦσά
671 4567 772 4620 μου
805 4552 932 4610 τοὺς
969 4551 1160 4614 πόδας.
1208 4552 1405 4622 Ἐλαίῳ
1437 4553 1536 4624 τὴν
1591 4555 1832 4624 κεφαλήν

1948 4571 2118 4611 meos.
2156 4555 2288 4610 Oleo
2313 4563 2478 4625 caput
2517 4571 2700 4612 meum
2753 4559 3140 4626 non'unxisti,
3197 4560 3314 4613 haec
3361 4569 3544 4614 autem

239 4664 344 4716 μου
371 4646 472 4698 οὐκ
499 4644 751 4715 ἦλειψας,
775 4642 916 4712 αὕτη
946 4643 1003 4696 δὲ
1031 4643 1190 4716 μύρῳ
1228 4645 1418 4717 ἠλειψὲ
1453 4665 1554 4715 μου
1589 4649 1713 4710 τοὺς
1744 4650 1842 4700 πό-

234 4728 444 4801 ὃας.οὗ
475 4737 636 4806 χάριν
657 4735 802 4801 λέγω
841 4752 947 4801 σοι,
969 4735 1249 4804 ἀφέωνται
1281 4738 1338 4789 αἱ
1367 4739 1638 4809 ἁμαρτίαι
1669 4743 1839 4810 αὐτῆς

237 4832 295 4883 al
325 4829 546 4889 πολλαὶ,
579 4829 662 4881 ὅτι
684 4829 941 4898 ἠγάπησε
993 4831 1152 4887 πολύ.
1181 4825 1251 4902 ᾯ
1285 4831 1342 4884 δὲ
1380 4832 1561 4900 ὀλίγον
1590 4833 1834 4901 ἀφίεται,

235 4921 419 4990 ὀλίγον
449 4922 656 4990 ἀγαπᾷ.
682 4917 816 4973 Eine
849 4921 908 4974 δὲ
932 4922 1092 4993 αὐτῇ·
1130 4923 1432 4991 Ἀφέωνταί
1459 4941 1550 4978 σου
1579 4927 1633 4978 al
1662 4925 1840 4994 ἀμαρο

235 5013 371 5067 τίαι.
406 5013 518 5066 Καὶ⁵
550 5013 790 5084 ἦρξαντο
820 5016 869 5068 οἱ
907 5015 1366 5084 συνανακείμενοι
1399 5016 1580 5078 λέγειν
1611 5020 1667 5070 ὲν
1708 5020 1839 5070 ἐαυ-

237 5107 382 5169 τοῖςο
409 5104 452 5159 Τ
461 5106 508 5169 ίς
535 5099 689 5169 οὗτός
722 5109 871 5161 ἐστιν
894 5107 952 5171 ὃς
978 5108 1075 5161 καὶ
1097 5109 1378 5179 ἁμαρτίας
1408 5109 1668 5180 ἀφίησιν;
1704 5105 1837 5163 Eine

235 5197 293 5250 δὲ
323 5197 463 5268 πρὸς
499 5197 598 5270 τὴν
623 5199 972 5268 γυναῖκαοἩ
1011 5200 1199 5263 πίστις
1241 5218 1336 5252 σου
1378 5201 1586 5254 σέσωκέ
1623 5220 1704 5265 σε,
1743 5220 1839 5255 πο-

240 5291 406 5360 ρεύου
436 5293 516 5356 εἰς
545 5294 793 5364 εἰρήνην.
826 5313 845 5345 ι
883 5295 1134 5348 Δείκνυσι
1173 5295 1266 5347 τὸν
1320 5296 1540 5366 Σίμωνα
1571 5299 1599 5349 ὁ
1632 5297 1836 5368 Κύριος

239 5388 338 5441 καὶ
374 5384 615 5450 ἀλαζόνα
660 5389 755 5441 καὶ
791 5389 1040 5456 ἀνόητον.
1090 5387 1356 5450 Ἀλαζόνα
1397 5389 1516 5456 μὲν,
1555 5389 1609 5441 εἴ
1643 5406 1705 5458 γε
1747 5393 1838 5442 ἐπὶ

239 5483 355 5542 τοῖς
377 5479 747 5550 ἁμαρτήμασι
782 5480 882 5548 τὴν
921 5477 1212 5549 ἄνθρωπον
1243 5478 1592 5547 κατέκρινεν,
1621 5479 1835 5549 ἄνθρω-

242 5589 346 5635 πος
377 5571 454 5624 ὢν
483 5574 578 5626 καὶ
617 5572 801 5635 αὑτός.
842 5573 1097 5642 Ἀνὸητον
1126 5573 1204 5634 δὲ,
1239 5573 1353 5638 εἴγε
1373 5573 1432 5624 ού
1467 5574 1709 5626 συνεῖδεν
1753 5575 1836 5626 ὅτι

238 5664 482 5720 τοσαῦτα
520 5665 829 5734 ποιήσασαν
877 5665 976 5732 τὴν
1025 5668 1265 5730 γυναῖκα
1309 5664 1546 5726 πίστεως
1589 5664 1836 5734 σύμϐολα.

240 5757 339 5811 καῖ
367 5758 612 5826 ἀγάπης.
646 5757 753 5809 ἔδει
798 5757 1234 5824 παραδέξασθαι,
1292 5758 1407 5810 ἀλλ’
1442 5760 1542 5811 οὐκ
1579 5760 1835 5829 ἀποπέμ-

237 5847 467 5928 ᾠσσθαι.
501 5850 594 5911 Διὸ
642 5848 738 5904 καὶ
780 5849 1000 5924 ἐλέγχει
1028 5846 1194 5908 αυτὸν
1221 5849 1249 5906 ὁ
1286 5847 1512 5920 Κύριοι,
1547 5849 1624 5920 ὡς
1654 5851 1836 5920 μάτην

1947 4657 2224 4718 unguento
2252 4650 2408 4705 unxit
2438 4651 2603 4719 pedes
2621 4665 2793 4707 meos.
2818 4649 3052 4721 Propter
3074 4653 3218 4723 quod
3249 4654 3371 4708 dico
3400 4653 3496 4708 tibi
3530 4670 3547 4708 :

1945 4742 2319 4796 Remittantur
2368 4752 2594 4812 peccata
2651 4743 2772 4812 ejus
2800 4744 2994 4808 multa,
3048 4745 3308 4816 quoniam
3356 4745 3548 4802 dilexit

1946 4834 2199 4889 multum.
2233 4834 2333 4888 Cui
2363 4845 2546 4889 autem
2591 4839 2771 4891 minus
2811 4838 3132 4904 remittitur,
3166 4841 3213 4895 is
3254 4842 3434 4895 minus
3459 4842 3543 4894 di-

1945 4928 2085 4998 ligit.
2115 4925 2260 4983 Dixit
2293 4936 2474 4982 autem
2501 4928 2569 4983 ad
2607 4927 2752 4982 illam
2785 4947 2799 4982 :
2833 4929 3208 4985 Remittantnr
3264 4933 3358 4986 tibi
3422 4919 3551 5001 pec-

1945 5030 2086 5075 cata.
2125 5018 2192 5072 Et
2224 5029 2511 5091 coeperunt
2542 5021 2632 5089 qui
2688 5021 2850 5076 simul
2909 5022 3328 5089 accumbebant,
3387 5023 3550 5094 322

1943 5112 2130 5168 dicere
2156 5114 2300 5167 intra
2349 5129 2458 5171 se:
2519 5113 2654 5179 Quis
2689 5124 2772 5169 est
2825 5114 2931 5178 hic,
2968 5115 3060 5184 qui
3115 5116 3281 5170 etiam
3331 5127 3553 5185 peccata

1948 5207 2224 5261 remittit?
2252 5205 2602 5261 Dixitautem
2636 5206 2703 5261 ad
2741 5207 3025 5262 mulierem
3063 5226 3074 5260 :
3116 5207 3278 5262 Fides
3316 5218 3404 5262 tua
3441 5207 3552 5262 sal—

1946 5313 2066 5349 vam
2103 5307 2153 5350 te
2185 5295 2337 5361 fecit,
2369 5298 2504 5352 vade
2540 5298 2592 5350 in
2622 5312 2778 5366 pace.
2821 5317 2839 5349 ι
2883 5298 3137 5353 Ostendit
3179 5298 3441 5353 Dominus
3462 5296 3553 5353 Si-

1946 5403 2160 5443 monem
2189 5397 2244 5441 et
2272 5397 2620 5457 arrogantem
2660 5398 2716 5441 et
2761 5389 3112 5458 insipientem
3149 5387 3337 5443 fuisse.
3378 5389 3552 5442 Arro-

1943 5488 2160 5546 gantem
2200 5479 2422 5548 quidem
2481 5493 2544 5532 ac
2567 5478 3050 5543 contumeliosum,
3108 5478 3549 5548 quandoquidem

1943 5573 2106 5625 etiam
2133 5572 2248 5641 ipse
2270 5572 2433 5626 homo
2455 5570 2746 5632 exsistens,
2777 5571 3054 5624 hominem
3079 5581 3302 5640 prepter
3323 5574 3548 5638 peccata

1944 5665 2359 5719 condemnabat.
2424 5664 2773 5731 lnsipientem
2825 5678 2977 5723 vero.
3007 5663 3275 5732 siquidem
3303 5676 3409 5715 non
3463 5661 3549 5715 in-

1948 5755 2236 5818 tellexerit,
2270 5755 2412 5821 quod
2440 5753 2723 5808 mulierem
2756 5769 2874 5822 qum
2903 5762 3063 5808 tanta:
3115 5751 3244 5805 lid‘ci
3271 5760 3323 5806 et
3356 5751 3540 5808 citari-

1945 5849 2072 5914 tatis
2099 5850 2252 5920 signa
2276 5847 2638 5923 praestitisset,
2672 5851 2950 5916 Oporteret
2980 5845 3285 5915 suscipere,
3315 5856 3419 5904 non
3455 5852 3540 5900 re-
