  <div class='ocr_page' id='page_1' title='image "/cluster/home/n/w/nwhite01/storage/ocr_20150623/123/ien.35556001659978/404.png"; bbox 0 0 4030 6422; ppageno 0'>
   <div class='ocr_carea' id='block_1_1' title="bbox 222 301 325 366">
    <p class='ocr_par' dir='ltr' id='par_1_1' title="bbox 222 301 325 366">
     <span class='ocr_line' id='line_1_1' title="bbox 222 301 325 366; baseline 0.039 -4"><span class='ocrx_word' id='word_1_1' title='bbox 222 301 325 366; x_wconf 80' lang='lat'><strong>797</strong></span> 
     </span>
    </p>
   </div>
   <div class='ocr_carea' id='block_1_2' title="bbox 899 298 2822 367">
    <p class='ocr_par' dir='ltr' id='par_1_2' title="bbox 899 298 2822 367">
     <span class='ocr_line' id='line_1_2' title="bbox 899 298 2822 367; baseline 0.001 -3"><span class='ocrx_word' id='word_1_2' title='bbox 899 302 1344 365; x_wconf 78' lang='lat' dir='ltr'><strong>ENARRATIC</strong></span> <span class='ocrx_word' id='word_1_3' title='bbox 1386 301 1468 363; x_wconf 65' lang='grc' dir='ltr'><strong>ιιι</strong></span> <span class='ocrx_word' id='word_1_4' title='bbox 1527 298 2028 361; x_wconf 77' lang='lat' dir='ltr'><strong>EVANGELlUM</strong></span> <span class='ocrx_word' id='word_1_5' title='bbox 2072 302 2307 365; x_wconf 71' lang='lat' dir='ltr'><strong>LUCrE.</strong></span> <span class='ocrx_word' id='word_1_6' title='bbox 2344 330 2411 340; x_wconf 79' lang='lat'><strong>—-</strong></span> <span class='ocrx_word' id='word_1_7' title='bbox 2451 304 2613 367; x_wconf 78' lang='lat' dir='ltr'><strong>CAP.</strong></span> <span class='ocrx_word' id='word_1_8' title='bbox 2657 301 2822 367; x_wconf 82' lang='lat' dir='ltr'><strong>VIII.</strong></span> 
     </span>
    </p>
   </div>
   <div class='ocr_carea' id='block_1_3' title="bbox 3403 297 3512 362">
    <p class='ocr_par' dir='ltr' id='par_1_3' title="bbox 3403 297 3512 362">
     <span class='ocr_line' id='line_1_3' title="bbox 3403 297 3512 362; baseline -0.018 0"><span class='ocrx_word' id='word_1_9' title='bbox 3403 297 3512 362; x_wconf 79' lang='lat'><strong>798</strong></span> 
     </span>
    </p>
   </div>
   <div class='ocr_carea' id='block_1_4' title="bbox 225 408 1824 486">
    <p class='ocr_par' dir='ltr' id='par_1_4' title="bbox 225 408 1807 486">
     <span class='ocr_line' id='line_1_4' title="bbox 225 408 1807 486; baseline -0.003 -15"><span class='ocrx_word' id='word_1_10' title='bbox 225 418 293 471; x_wconf 73' lang='grc' dir='ltr'><strong>Ἀ</strong></span> <span class='ocrx_word' id='word_1_11' title='bbox 324 414 438 486; x_wconf 73' lang='grc' dir='ltr'><strong>γὰρ</strong></span> <span class='ocrx_word' id='word_1_12' title='bbox 468 413 568 469; x_wconf 74' lang='grc' dir='ltr'><strong>οὐκ</strong></span> <span class='ocrx_word' id='word_1_13' title='bbox 601 408 760 480; x_wconf 74' lang='grc' dir='ltr'>εἶδον,</span> <span class='ocrx_word' id='word_1_14' title='bbox 801 414 915 478; x_wconf 84' lang='grc' dir='ltr'>πῶς</span> <span class='ocrx_word' id='word_1_15' title='bbox 949 414 1016 468; x_wconf 76' lang='grc' dir='ltr'><strong>ἂν</strong></span> <span class='ocrx_word' id='word_1_16' title='bbox 1048 414 1354 486; x_wconf 78' lang='grc' dir='ltr'>ὲκήρυξαν;</span> <span class='ocrx_word' id='word_1_17' title='bbox 1389 415 1488 468; x_wconf 86' lang='grc' dir='ltr'>Διά</span> <span class='ocrx_word' id='word_1_18' title='bbox 1528 414 1686 468; x_wconf 89' lang='grc' dir='ltr'>τοῦτο</span> <span class='ocrx_word' id='word_1_19' title='bbox 1714 413 1807 466; x_wconf 68' lang='grc' dir='ltr'><strong>καὶ</strong></span> 
     </span>
    </p>
   </div>
   <div class='ocr_carea' id='block_1_5' title="bbox 1932 408 3512 486">
    <p class='ocr_par' dir='ltr' id='par_1_5' title="bbox 1932 409 3512 485">
     <span class='ocr_line' id='line_1_5' title="bbox 1932 409 3512 485; baseline -0.003 -19"><span class='ocrx_word' id='word_1_20' title='bbox 1932 430 2020 479; x_wconf 78' lang='lat' dir='ltr'><strong>pro</strong></span> <span class='ocrx_word' id='word_1_21' title='bbox 2049 427 2209 485; x_wconf 86' lang='lat' dir='ltr'><strong>pacto</strong></span> <span class='ocrx_word' id='word_1_22' title='bbox 2264 415 2693 484; x_wconf 73' lang='lat' dir='ltr'><strong>pmdieasscnt?</strong></span> <span class='ocrx_word' id='word_1_23' title='bbox 2751 413 3048 481; x_wconf 86' lang='lat' dir='ltr'><strong>Propterea</strong></span> <span class='ocrx_word' id='word_1_24' title='bbox 3080 418 3140 465; x_wconf 83' lang='lat' dir='ltr'><strong>et</strong></span> <span class='ocrx_word' id='word_1_25' title='bbox 3194 409 3512 464; x_wconf 70' lang='lat' dir='ltr'><strong>Prtecursor</strong></span> 
     </span>
    </p>
   </div>
   <div class='ocr_carea' id='block_1_6' title="bbox 221 504 1805 578">
    <p class='ocr_par' dir='ltr' id='par_1_6' title="bbox 221 504 1805 578">
     <span class='ocr_line' id='line_1_6' title="bbox 221 504 1805 578; baseline -0.003 -17"><span class='ocrx_word' id='word_1_26' title='bbox 221 510 248 561; x_wconf 83' lang='lat'><strong>6</strong></span> <span class='ocrx_word' id='word_1_27' title='bbox 283 509 596 578; x_wconf 75' lang='grc' dir='ltr'>Πρόδρομος</span> <span class='ocrx_word' id='word_1_28' title='bbox 621 507 828 574; x_wconf 77' lang='grc' dir='ltr'>ἔλεγεν·</span> <span class='ocrx_word' id='word_1_29' title='bbox 847 507 906 560; x_wconf 86' lang='grc' dir='ltr'><strong>Ὀ</strong></span> <span class='ocrx_word' id='word_1_30' title='bbox 926 505 1001 561; x_wconf 86' lang='grc' dir='ltr'>ὣν</span> <span class='ocrx_word' id='word_1_31' title='bbox 1035 507 1100 560; x_wconf 74' lang='grc' dir='ltr'>ἐκ</span> <span class='ocrx_word' id='word_1_32' title='bbox 1119 509 1215 577; x_wconf 85' lang='grc' dir='ltr'><strong>τῆς</strong></span> <span class='ocrx_word' id='word_1_33' title='bbox 1233 509 1356 577; x_wconf 76' lang='grc' dir='ltr'>γῆς,</span> <span class='ocrx_word' id='word_1_34' title='bbox 1377 509 1439 559; x_wconf 65' lang='grc' dir='ltr'>ἐκ</span> <span class='ocrx_word' id='word_1_35' title='bbox 1461 510 1560 578; x_wconf 84' lang='grc' dir='ltr'>τῆς</span> <span class='ocrx_word' id='word_1_36' title='bbox 1583 506 1685 574; x_wconf 80' lang='grc' dir='ltr'><strong>γῆς</strong></span> <span class='ocrx_word' id='word_1_37' title='bbox 1707 504 1805 556; x_wconf 74' lang='grc' dir='ltr'>λοι-</span> 
     </span>
    </p>
   </div>
   <div class='ocr_carea' id='block_1_7' title="bbox 223 599 1807 672">
    <p class='ocr_par' dir='ltr' id='par_1_7' title="bbox 223 599 1807 672">
     <span class='ocr_line' id='line_1_7' title="bbox 223 599 1807 672; baseline -0.003 -16"><span class='ocrx_word' id='word_1_38' title='bbox 223 605 322 658; x_wconf 79' lang='grc' dir='ltr'>λετ.</span> <span class='ocrx_word' id='word_1_39' title='bbox 345 604 401 655; x_wconf 87' lang='grc'><strong>⁸0</strong></span> <span class='ocrx_word' id='word_1_40' title='bbox 418 603 472 655; x_wconf 71' lang='grc' dir='ltr'>δὲ</span> <span class='ocrx_word' id='word_1_41' title='bbox 491 602 699 656; x_wconf 79' lang='grc' dir='ltr'>ἄνωθεν</span> <span class='ocrx_word' id='word_1_42' title='bbox 721 603 1036 672; x_wconf 73' lang='grc' dir='ltr'><strong>ἐρχόμενος,</strong></span> <span class='ocrx_word' id='word_1_43' title='bbox 1058 601 1084 654; x_wconf 81' lang='grc' dir='ltr'><strong>ὃ</strong></span> <span class='ocrx_word' id='word_1_44' title='bbox 1106 600 1319 670; x_wconf 80' lang='grc' dir='ltr'>ἑώρακε</span> <span class='ocrx_word' id='word_1_45' title='bbox 1341 603 1631 670; x_wconf 86' lang='grc' dir='ltr'>μαρτυρεῖ.</span> <span class='ocrx_word' id='word_1_46' title='bbox 1649 599 1807 652; x_wconf 78' lang='grc' dir='ltr'>Ἧκο-</span> 
     </span>
    </p>
   </div>
   <div class='ocr_carea' id='block_1_8' title="bbox 222 690 1807 764">
    <p class='ocr_par' dir='ltr' id='par_1_8' title="bbox 222 690 1807 764">
     <span class='ocr_line' id='line_1_8' title="bbox 222 690 1807 764; baseline -0.003 -17"><span class='ocrx_word' id='word_1_47' title='bbox 222 695 446 748; x_wconf 81' lang='grc' dir='ltr'>λούθουν</span> <span class='ocrx_word' id='word_1_48' title='bbox 463 695 520 747; x_wconf 67' lang='grc' dir='ltr'>δὲ</span> <span class='ocrx_word' id='word_1_49' title='bbox 542 693 692 764; x_wconf 84' lang='grc' dir='ltr'>αὑτῷ</span> <span class='ocrx_word' id='word_1_50' title='bbox 716 694 809 746; x_wconf 70' lang='grc' dir='ltr'><strong>καὶ</strong></span> <span class='ocrx_word' id='word_1_51' title='bbox 845 695 1122 759; x_wconf 74' lang='grc' dir='ltr'>γυναῖκες,</span> <span class='ocrx_word' id='word_1_52' title='bbox 1155 694 1243 746; x_wconf 72' lang='grc' dir='ltr'>ἵνα</span> <span class='ocrx_word' id='word_1_53' title='bbox 1275 693 1536 763; x_wconf 75' lang='grc' dir='ltr'><strong>μάθωμεν</strong></span> <span class='ocrx_word' id='word_1_54' title='bbox 1581 691 1655 754; x_wconf 83' lang='grc' dir='ltr'>ὠς</span> <span class='ocrx_word' id='word_1_55' title='bbox 1686 690 1807 744; x_wconf 79' lang='grc' dir='ltr'>οὐδὲ</span> 
     </span>
    </p>
   </div>
   <div class='ocr_carea' id='block_1_9' title="bbox 222 783 1809 855">
    <p class='ocr_par' dir='ltr' id='par_1_9' title="bbox 222 783 1809 855">
     <span class='ocr_line' id='line_1_9' title="bbox 222 783 1809 855; baseline -0.003 -16"><span class='ocrx_word' id='word_1_56' title='bbox 222 787 278 839; x_wconf 69' lang='grc' dir='ltr'><strong>το</strong></span> <span class='ocrx_word' id='word_1_57' title='bbox 295 785 429 855; x_wconf 81' lang='grc' dir='ltr'>θῆλυ</span> <span class='ocrx_word' id='word_1_58' title='bbox 444 785 714 838; x_wconf 80' lang='grc' dir='ltr'><strong>κωλύεται</strong></span> <span class='ocrx_word' id='word_1_59' title='bbox 730 787 833 838; x_wconf 80' lang='grc' dir='ltr'><strong>ὑπὸ</strong></span> <span class='ocrx_word' id='word_1_60' title='bbox 850 785 948 853; x_wconf 73' lang='grc' dir='ltr'>τῆς</span> <span class='ocrx_word' id='word_1_61' title='bbox 963 785 1245 848; x_wconf 77' lang='grc' dir='ltr'>ἀσθενείας</span> <span class='ocrx_word' id='word_1_62' title='bbox 1261 785 1572 838; x_wconf 80' lang='grc' dir='ltr'><strong>ἀκολουθεῖν</strong></span> <span class='ocrx_word' id='word_1_63' title='bbox 1590 783 1664 854; x_wconf 83' lang='grc' dir='ltr'><strong>τῷ</strong></span> <span class='ocrx_word' id='word_1_64' title='bbox 1681 785 1809 854; x_wconf 83' lang='grc' dir='ltr'>Χρι-</span> 
     </span>
    </p>
   </div>
   <div class='ocr_carea' id='block_1_10' title="bbox 223 872 1809 946">
    <p class='ocr_par' dir='ltr' id='par_1_10' title="bbox 223 872 1809 946">
     <span class='ocr_line' id='line_1_10' title="bbox 223 872 1809 946; baseline -0.001 -17"><span class='ocrx_word' id='word_1_65' title='bbox 223 874 349 944; x_wconf 83' lang='grc' dir='ltr'>στῷ.</span> <span class='ocrx_word' id='word_1_66' title='bbox 371 877 516 946; x_wconf 89' lang='grc' dir='ltr'>Ὀρα</span> <span class='ocrx_word' id='word_1_67' title='bbox 531 876 586 929; x_wconf 75' lang='grc' dir='ltr'>δὲ</span> <span class='ocrx_word' id='word_1_68' title='bbox 606 875 720 937; x_wconf 79' lang='grc' dir='ltr'><strong>πῶς</strong></span> <span class='ocrx_word' id='word_1_69' title='bbox 744 877 836 928; x_wconf 71' lang='grc' dir='ltr'><strong>καὶ</strong></span> <span class='ocrx_word' id='word_1_70' title='bbox 856 876 1107 927; x_wconf 75' lang='grc' dir='ltr'>πλούσιαι</span> <span class='ocrx_word' id='word_1_71' title='bbox 1129 872 1285 928; x_wconf 75' lang='grc' dir='ltr'>οὖσαι</span> <span class='ocrx_word' id='word_1_72' title='bbox 1302 876 1449 943; x_wconf 74' lang='grc' dir='ltr'>ὅμως</span> <span class='ocrx_word' id='word_1_73' title='bbox 1472 877 1650 928; x_wconf 76' lang='grc' dir='ltr'>πάντα</span> <span class='ocrx_word' id='word_1_74' title='bbox 1673 891 1809 944; x_wconf 64' lang='grc' dir='ltr'>παρ’</span> 
     </span>
    </p>
   </div>
   <div class='ocr_carea' id='block_1_11' title="bbox 221 968 1810 1040">
    <p class='ocr_par' dir='ltr' id='par_1_11' title="bbox 221 968 1810 1040">
     <span class='ocr_line' id='line_1_11' title="bbox 221 968 1810 1040; baseline -0.001 -20"><span class='ocrx_word' id='word_1_75' title='bbox 221 969 386 1035; x_wconf 78' lang='grc' dir='ltr'>εἶδον,</span> <span class='ocrx_word' id='word_1_76' title='bbox 417 971 511 1022; x_wconf 78' lang='grc' dir='ltr'><strong>καὶ</strong></span> <span class='ocrx_word' id='word_1_77' title='bbox 539 970 636 1040; x_wconf 76' lang='grc' dir='ltr'>τὴν</span> <span class='ocrx_word' id='word_1_78' title='bbox 685 969 775 1021; x_wconf 84' lang='grc' dir='ltr'>διὰ</span> <span class='ocrx_word' id='word_1_79' title='bbox 815 969 1050 1037; x_wconf 73' lang='grc' dir='ltr'>Χριστὸν</span> <span class='ocrx_word' id='word_1_80' title='bbox 1079 971 1174 1022; x_wconf 76' lang='grc' dir='ltr'>καὶ</span> <span class='ocrx_word' id='word_1_81' title='bbox 1217 969 1354 1038; x_wconf 78' lang='grc' dir='ltr'><strong>μετά</strong></span> <span class='ocrx_word' id='word_1_82' title='bbox 1397 968 1634 1037; x_wconf 78' lang='grc' dir='ltr'>Χριστοῦ</span> <span class='ocrx_word' id='word_1_83' title='bbox 1669 984 1810 1020; x_wconf 83' lang='grc' dir='ltr'>πτω-</span> 
     </span>
    </p>
   </div>
   <div class='ocr_carea' id='block_1_12' title="bbox 221 1055 1806 1129">
    <p class='ocr_par' dir='ltr' id='par_1_12' title="bbox 221 1055 1806 1129">
     <span class='ocr_line' id='line_1_12' title="bbox 221 1055 1806 1129; baseline -0.002 -17"><span class='ocrx_word' id='word_1_84' title='bbox 221 1058 372 1129; x_wconf 85' lang='grc' dir='ltr'>χείαν</span> <span class='ocrx_word' id='word_1_85' title='bbox 405 1060 632 1112; x_wconf 81' lang='grc' dir='ltr'>εἵλοντο.</span> <span class='ocrx_word' id='word_1_86' title='bbox 675 1061 797 1114; x_wconf 79' lang='grc' dir='ltr'>Ὀτι</span> <span class='ocrx_word' id='word_1_87' title='bbox 830 1061 938 1129; x_wconf 75' lang='grc' dir='ltr'><strong>γὰρ</strong></span> <span class='ocrx_word' id='word_1_88' title='bbox 969 1059 1220 1111; x_wconf 76' lang='grc' dir='ltr'>πλούσιαι</span> <span class='ocrx_word' id='word_1_89' title='bbox 1254 1055 1415 1128; x_wconf 75' lang='grc' dir='ltr'>ἦσαν,</span> <span class='ocrx_word' id='word_1_90' title='bbox 1447 1059 1636 1112; x_wconf 83' lang='grc' dir='ltr'>ἄκουε·</span> <span class='ocrx_word' id='word_1_91' title='bbox 1681 1057 1806 1109; x_wconf 80' lang='grc' dir='ltr'>’Ότι</span> 
     </span>
    </p>
   </div>
   <div class='ocr_carea' id='block_1_13' title="bbox 219 1148 1808 1221">
    <p class='ocr_par' dir='ltr' id='par_1_13' title="bbox 219 1148 1808 1221">
     <span class='ocr_line' id='line_1_13' title="bbox 219 1148 1808 1221; baseline -0.003 -19"><span class='ocrx_word' id='word_1_92' title='bbox 219 1150 507 1216; x_wconf 74' lang='grc' dir='ltr'>διηκόνουν</span> <span class='ocrx_word' id='word_1_93' title='bbox 551 1150 628 1221; x_wconf 77' lang='grc' dir='ltr'>τῷ</span> <span class='ocrx_word' id='word_1_94' title='bbox 673 1150 864 1220; x_wconf 78' lang='grc' dir='ltr'>Κυρίῳ</span> <span class='ocrx_word' id='word_1_95' title='bbox 913 1149 1018 1203; x_wconf 83' lang='grc' dir='ltr'><strong>ἀπὸ</strong></span> <span class='ocrx_word' id='word_1_96' title='bbox 1067 1149 1174 1201; x_wconf 78' lang='grc' dir='ltr'><strong>τῶν</strong></span> <span class='ocrx_word' id='word_1_97' title='bbox 1222 1149 1579 1218; x_wconf 81' lang='grc' dir='ltr'>ὑπαρχόντων</span> <span class='ocrx_word' id='word_1_98' title='bbox 1617 1148 1808 1210; x_wconf 78' lang='grc' dir='ltr'>αὐταῖς</span> 
     </span>
    </p>
   </div>
   <div class='ocr_carea' id='block_1_14' title="bbox 221 1240 1806 1311">
    <p class='ocr_par' dir='ltr' id='par_1_14' title="bbox 221 1240 1806 1311">
     <span class='ocr_line' id='line_1_14' title="bbox 221 1240 1806 1311; baseline 0.001 -17"><span class='ocrx_word' id='word_1_99' title='bbox 221 1244 314 1294; x_wconf 74' lang='grc' dir='ltr'><strong>καὶ</strong></span> <span class='ocrx_word' id='word_1_100' title='bbox 353 1244 453 1295; x_wconf 75' lang='grc' dir='ltr'><strong>οὐκ</strong></span> <span class='ocrx_word' id='word_1_101' title='bbox 481 1243 589 1294; x_wconf 80' lang='grc' dir='ltr'><strong>ἀπὸ</strong></span> <span class='ocrx_word' id='word_1_102' title='bbox 614 1243 779 1306; x_wconf 81' lang='grc' dir='ltr'>Ξένων</span> <span class='ocrx_word' id='word_1_103' title='bbox 805 1245 1106 1311; x_wconf 75' lang='grc' dir='ltr'>χρημάτων</span> <span class='ocrx_word' id='word_1_104' title='bbox 1134 1243 1226 1293; x_wconf 73' lang='grc' dir='ltr'><strong>καὶ</strong></span> <span class='ocrx_word' id='word_1_105' title='bbox 1253 1240 1476 1294; x_wconf 81' lang='grc' dir='ltr'>ἀδικιῶν</span> <span class='ocrx_word' id='word_1_106' title='bbox 1497 1241 1572 1303; x_wconf 87' lang='grc' dir='ltr'><strong>ώς</strong></span> <span class='ocrx_word' id='word_1_107' title='bbox 1599 1240 1806 1295; x_wconf 85' lang='grc' dir='ltr'>πολλοί.</span> 
     </span>
    </p>
   </div>
   <div class='ocr_carea' id='block_1_15' title="bbox 221 1327 1810 1403">
    <p class='ocr_par' dir='ltr' id='par_1_15' title="bbox 221 1327 1810 1403">
     <span class='ocr_line' id='line_1_15' title="bbox 221 1327 1810 1403; baseline -0.001 -18"><span class='ocrx_word' id='word_1_108' title='bbox 221 1333 295 1385; x_wconf 80' lang='grc' dir='ltr'>Τδ</span> <span class='ocrx_word' id='word_1_109' title='bbox 320 1333 398 1395; x_wconf 74' lang='grc' dir='ltr'><strong>δὲ,</strong></span> <span class='ocrx_word' id='word_1_110' title='bbox 423 1333 516 1402; x_wconf 77' lang='grc' dir='ltr'><strong>ἀφ’</strong></span> <span class='ocrx_word' id='word_1_111' title='bbox 540 1327 605 1403; x_wconf 75' lang='grc' dir='ltr'>ἧς</span> <span class='ocrx_word' id='word_1_112' title='bbox 636 1332 946 1401; x_wconf 68' lang='grc' dir='ltr'>ἐξεληλύθει</span> <span class='ocrx_word' id='word_1_113' title='bbox 971 1332 1224 1398; x_wconf 81' lang='grc' dir='ltr'>δαιμόνια</span> <span class='ocrx_word' id='word_1_114' title='bbox 1256 1330 1414 1396; x_wconf 78' lang='grc' dir='ltr'>ἑπτὰ,</span> <span class='ocrx_word' id='word_1_115' title='bbox 1447 1330 1593 1394; x_wconf 81' lang='grc' dir='ltr'>τινὲς</span> <span class='ocrx_word' id='word_1_116' title='bbox 1623 1331 1722 1402; x_wconf 84' lang='grc' dir='ltr'>μὲν</span> <span class='ocrx_word' id='word_1_117' title='bbox 1751 1332 1810 1384; x_wconf 78' lang='grc' dir='ltr'><strong>τδ</strong></span> 
     </span>
    </p>
   </div>
   <div class='ocr_carea' id='block_1_16' title="bbox 221 1423 1810 1494">
    <p class='ocr_par' dir='ltr' id='par_1_16' title="bbox 221 1423 1810 1494">
     <span class='ocr_line' id='line_1_16' title="bbox 221 1423 1810 1494; baseline -0.002 -17"><span class='ocrx_word' id='word_1_118' title='bbox 221 1426 392 1478; x_wconf 75' lang='grc' dir='ltr'>πολλὰ</span> <span class='ocrx_word' id='word_1_119' title='bbox 434 1424 636 1478; x_wconf 84' lang='grc' dir='ltr'>νοοῦσι.</span> <span class='ocrx_word' id='word_1_120' title='bbox 693 1424 852 1494; x_wconf 70' lang='grc' dir='ltr'>Παρὰ</span> <span class='ocrx_word' id='word_1_121' title='bbox 904 1426 967 1493; x_wconf 68' lang='grc' dir='ltr'>τῇ</span> <span class='ocrx_word' id='word_1_122' title='bbox 1003 1424 1193 1493; x_wconf 78' lang='grc' dir='ltr'>Γραφῇ</span> <span class='ocrx_word' id='word_1_123' title='bbox 1231 1425 1336 1491; x_wconf 74' lang='grc' dir='ltr'><strong>γὰρ</strong></span> <span class='ocrx_word' id='word_1_124' title='bbox 1381 1425 1440 1476; x_wconf 83' lang='grc' dir='ltr'><strong>τὸ</strong></span> <span class='ocrx_word' id='word_1_125' title='bbox 1472 1423 1636 1486; x_wconf 78' lang='grc' dir='ltr'>ἑπτὰ,</span> <span class='ocrx_word' id='word_1_126' title='bbox 1689 1424 1810 1476; x_wconf 79' lang='grc' dir='ltr'>ἀντὶ</span> 
     </span>
    </p>
   </div>
   <div class='ocr_carea' id='block_1_17' title="bbox 221 1513 1810 1586">
    <p class='ocr_par' dir='ltr' id='par_1_17' title="bbox 221 1513 1810 1586">
     <span class='ocr_line' id='line_1_17' title="bbox 221 1513 1810 1586; baseline -0.003 -15"><span class='ocrx_word' id='word_1_127' title='bbox 221 1517 316 1571; x_wconf 88' lang='grc' dir='ltr'><strong>τοῦ</strong></span> <span class='ocrx_word' id='word_1_128' title='bbox 350 1516 541 1579; x_wconf 70' lang='grc' dir='ltr'>πολλὰ,</span> <span class='ocrx_word' id='word_1_129' title='bbox 579 1517 1010 1585; x_wconf 65' lang='grc' dir='ltr'>ἐκλιιμϐἁνεται.</span> <span class='ocrx_word' id='word_1_130' title='bbox 1054 1517 1207 1586; x_wconf 74' lang='grc' dir='ltr'><strong>Τάχα</strong></span> <span class='ocrx_word' id='word_1_131' title='bbox 1234 1517 1289 1568; x_wconf 83' lang='grc' dir='ltr'><em>δέ</em></span> <span class='ocrx_word' id='word_1_132' title='bbox 1317 1533 1399 1578; x_wconf 89' lang='grc' dir='ltr'><strong>τις</strong></span> <span class='ocrx_word' id='word_1_133' title='bbox 1424 1517 1568 1568; x_wconf 83' lang='grc' dir='ltr'>εἴποι</span> <span class='ocrx_word' id='word_1_134' title='bbox 1604 1513 1691 1578; x_wconf 86' lang='grc' dir='ltr'><strong>ἂν,</strong></span> <span class='ocrx_word' id='word_1_135' title='bbox 1729 1515 1810 1567; x_wconf 84' lang='grc' dir='ltr'>ὅτι</span> 
     </span>
    </p>
   </div>
   <div class='ocr_carea' id='block_1_18' title="bbox 219 1607 1812 1677">
    <p class='ocr_par' dir='ltr' id='par_1_18' title="bbox 219 1607 1812 1677">
     <span class='ocr_line' id='line_1_18' title="bbox 219 1607 1812 1677; baseline -0.004 -15"><span class='ocrx_word' id='word_1_136' title='bbox 219 1607 411 1676; x_wconf 83' lang='grc' dir='ltr'>ὥσπερ</span> <span class='ocrx_word' id='word_1_137' title='bbox 442 1607 579 1660; x_wconf 73' lang='grc' dir='ltr'>εἰσὶν</span> <span class='ocrx_word' id='word_1_138' title='bbox 607 1609 749 1661; x_wconf 75' lang='grc' dir='ltr'>ἑπτὰ</span> <span class='ocrx_word' id='word_1_139' title='bbox 782 1607 1070 1676; x_wconf 81' lang='grc' dir='ltr'>πνεύματα</span> <span class='ocrx_word' id='word_1_140' title='bbox 1100 1610 1197 1677; x_wconf 76' lang='grc' dir='ltr'><strong>τῆς</strong></span> <span class='ocrx_word' id='word_1_141' title='bbox 1225 1607 1444 1677; x_wconf 79' lang='grc' dir='ltr'>ἀρετῆς,</span> <span class='ocrx_word' id='word_1_142' title='bbox 1469 1607 1643 1668; x_wconf 69' lang='grc' dir='ltr'>οὕτως</span> <span class='ocrx_word' id='word_1_143' title='bbox 1674 1608 1812 1658; x_wconf 71' lang='grc' dir='ltr'>είσῖν</span> 
     </span>
    </p>
   </div>
   <div class='ocr_carea' id='block_1_19' title="bbox 221 1692 1814 1769">
    <p class='ocr_par' dir='ltr' id='par_1_19' title="bbox 221 1692 1814 1769">
     <span class='ocr_line' id='line_1_19' title="bbox 221 1692 1814 1769; baseline -0.003 -13"><span class='ocrx_word' id='word_1_144' title='bbox 221 1705 288 1756; x_wconf 81' lang='grc' dir='ltr'>ἐκ</span> <span class='ocrx_word' id='word_1_145' title='bbox 315 1701 410 1754; x_wconf 86' lang='grc' dir='ltr'><strong>τοῦ</strong></span> <span class='ocrx_word' id='word_1_146' title='bbox 461 1701 705 1754; x_wconf 76' lang='grc' dir='ltr'>ἐναντίου</span> <span class='ocrx_word' id='word_1_147' title='bbox 753 1702 893 1753; x_wconf 74' lang='grc' dir='ltr'>ἑπτὰ</span> <span class='ocrx_word' id='word_1_148' title='bbox 935 1700 1223 1769; x_wconf 74' lang='grc' dir='ltr'>πνεύματα</span> <span class='ocrx_word' id='word_1_149' title='bbox 1268 1699 1367 1768; x_wconf 79' lang='grc' dir='ltr'>τῆς</span> <span class='ocrx_word' id='word_1_150' title='bbox 1412 1701 1635 1762; x_wconf 84' lang='grc' dir='ltr'>κακίας.</span> <span class='ocrx_word' id='word_1_151' title='bbox 1685 1692 1814 1752; x_wconf 78' lang='grc' dir='ltr'>Οἴόν</span> 
     </span>
    </p>
   </div>
   <div class='ocr_carea' id='block_1_20' title="bbox 221 1792 1813 1862">
    <p class='ocr_par' dir='ltr' id='par_1_20' title="bbox 221 1792 1813 1862">
     <span class='ocr_line' id='line_1_20' title="bbox 221 1792 1813 1862; baseline -0.004 -13"><span class='ocrx_word' id='word_1_152' title='bbox 221 1797 339 1849; x_wconf 76' lang='grc' dir='ltr'>ἐστι</span> <span class='ocrx_word' id='word_1_153' title='bbox 396 1794 615 1862; x_wconf 81' lang='grc' dir='ltr'>πνεῦμα</span> <span class='ocrx_word' id='word_1_154' title='bbox 674 1792 842 1860; x_wconf 76' lang='grc' dir='ltr'>φόϐου</span> <span class='ocrx_word' id='word_1_155' title='bbox 892 1793 1050 1853; x_wconf 79' lang='grc' dir='ltr'>Θεοῦ,</span> <span class='ocrx_word' id='word_1_156' title='bbox 1101 1794 1251 1846; x_wconf 76' lang='grc' dir='ltr'>ἔστιν</span> <span class='ocrx_word' id='word_1_157' title='bbox 1301 1796 1364 1846; x_wconf 82' lang='grc' dir='ltr'>ὲκ</span> <span class='ocrx_word' id='word_1_158' title='bbox 1421 1792 1515 1844; x_wconf 87' lang='grc' dir='ltr'><strong>τοῦ</strong></span> <span class='ocrx_word' id='word_1_159' title='bbox 1571 1793 1813 1847; x_wconf 80' lang='grc' dir='ltr'>ἐναντίου</span> 
     </span>
    </p>
   </div>
   <div class='ocr_carea' id='block_1_21' title="bbox 222 1883 1815 1955">
    <p class='ocr_par' dir='ltr' id='par_1_21' title="bbox 222 1883 1815 1955">
     <span class='ocr_line' id='line_1_21' title="bbox 222 1883 1815 1955; baseline -0.002 -16"><span class='ocrx_word' id='word_1_160' title='bbox 222 1885 446 1955; x_wconf 79' lang='grc' dir='ltr'>πνεῦμα</span> <span class='ocrx_word' id='word_1_161' title='bbox 483 1885 714 1953; x_wconf 67' lang='grc' dir='ltr'>ἀφοϐίας</span> <span class='ocrx_word' id='word_1_162' title='bbox 746 1885 905 1946; x_wconf 81' lang='grc' dir='ltr'>Θεοῦ,</span> <span class='ocrx_word' id='word_1_163' title='bbox 941 1888 1055 1937; x_wconf 75' lang='grc' dir='ltr'>ἔστι</span> <span class='ocrx_word' id='word_1_164' title='bbox 1092 1885 1311 1954; x_wconf 73' lang='grc' dir='ltr'>πνεῦμα</span> <span class='ocrx_word' id='word_1_165' title='bbox 1343 1887 1636 1947; x_wconf 77' lang='grc' dir='ltr'>συνέσεως,</span> <span class='ocrx_word' id='word_1_166' title='bbox 1666 1883 1815 1938; x_wconf 76' lang='grc' dir='ltr'>ἔστιν</span> 
     </span>
    </p>
   </div>
   <div class='ocr_carea' id='block_1_22' title="bbox 225 1976 1815 2047">
    <p class='ocr_par' dir='ltr' id='par_1_22' title="bbox 225 1976 1815 2047">
     <span class='ocr_line' id='line_1_22' title="bbox 225 1976 1815 2047; baseline -0.003 -16"><span class='ocrx_word' id='word_1_167' title='bbox 225 1979 606 2047; x_wconf 72' lang='grc' dir='ltr'>ἀντιστρόφως</span> <span class='ocrx_word' id='word_1_168' title='bbox 657 1977 878 2044; x_wconf 83' lang='grc' dir='ltr'>πνεῦμα</span> <span class='ocrx_word' id='word_1_169' title='bbox 930 1977 1264 2042; x_wconf 70' lang='grc' dir='ltr'>ἀσυνεσίας,</span> <span class='ocrx_word' id='word_1_170' title='bbox 1300 1980 1393 2030; x_wconf 68' lang='grc' dir='ltr'><strong>καὶ</strong></span> <span class='ocrx_word' id='word_1_171' title='bbox 1439 1978 1698 2046; x_wconf 77' lang='grc' dir='ltr'><strong>καθεξῆς.</strong></span> <span class='ocrx_word' id='word_1_172' title='bbox 1753 1976 1815 2028; x_wconf 74' lang='grc' dir='ltr'>Εἰ</span> 
     </span>
    </p>
   </div>
   <div class='ocr_carea' id='block_1_23' title="bbox 227 2070 1816 2142">
    <p class='ocr_par' dir='ltr' id='par_1_23' title="bbox 227 2070 1816 2142">
     <span class='ocr_line' id='line_1_23' title="bbox 227 2070 1816 2142; baseline -0.002 -18"><span class='ocrx_word' id='word_1_173' title='bbox 227 2073 304 2142; x_wconf 81' lang='grc' dir='ltr'>μὴ</span> <span class='ocrx_word' id='word_1_174' title='bbox 349 2072 482 2139; x_wconf 79' lang='grc' dir='ltr'>γοῦν</span> <span class='ocrx_word' id='word_1_175' title='bbox 509 2071 804 2140; x_wconf 77' lang='grc' dir='ltr'>ὲκῦληθείη</span> <span class='ocrx_word' id='word_1_176' title='bbox 858 2071 925 2133; x_wconf 63' lang='grc' dir='ltr'>τὰ</span> <span class='ocrx_word' id='word_1_177' title='bbox 973 2070 1114 2128; x_wconf 74' lang='grc' dir='ltr'><strong>ἐπτά</strong></span> <span class='ocrx_word' id='word_1_178' title='bbox 1167 2071 1340 2124; x_wconf 77' lang='grc' dir='ltr'>ταῦτα</span> <span class='ocrx_word' id='word_1_179' title='bbox 1394 2071 1682 2138; x_wconf 48' lang='lat' dir='ltr'><strong>meique:</strong></span> <span class='ocrx_word' id='word_1_180' title='bbox 1718 2072 1816 2137; x_wconf 67' lang='grc' dir='ltr'>τῆς</span> 
     </span>
    </p>
   </div>
   <div class='ocr_carea' id='block_1_24' title="bbox 225 2161 1815 2233">
    <p class='ocr_par' dir='ltr' id='par_1_24' title="bbox 225 2161 1815 2233">
     <span class='ocr_line' id='line_1_24' title="bbox 225 2161 1815 2233; baseline -0.001 -16"><span class='ocrx_word' id='word_1_181' title='bbox 225 2163 422 2226; x_wconf 78' lang='grc' dir='ltr'>κακίας</span> <span class='ocrx_word' id='word_1_182' title='bbox 468 2163 577 2216; x_wconf 78' lang='grc' dir='ltr'>ἀπὸ</span> <span class='ocrx_word' id='word_1_183' title='bbox 611 2163 710 2230; x_wconf 75' lang='grc' dir='ltr'>τῆς</span> <span class='ocrx_word' id='word_1_184' title='bbox 756 2163 956 2233; x_wconf 70' lang='grc' dir='ltr'>ψυχῆς,</span> <span class='ocrx_word' id='word_1_185' title='bbox 1006 2165 1066 2216; x_wconf 78' lang='grc' dir='ltr'><strong>οὐ</strong></span> <span class='ocrx_word' id='word_1_186' title='bbox 1100 2163 1323 2216; x_wconf 76' lang='grc' dir='ltr'>δύναταί</span> <span class='ocrx_word' id='word_1_187' title='bbox 1360 2181 1444 2226; x_wconf 88' lang='grc' dir='ltr'><strong>τις</strong></span> <span class='ocrx_word' id='word_1_188' title='bbox 1497 2161 1815 2217; x_wconf 78' lang='grc' dir='ltr'>ἀκολουθεῖν</span> 
     </span>
    </p>
   </div>
   <div class='ocr_carea' id='block_1_25' title="bbox 222 2253 1813 2327">
    <p class='ocr_par' dir='ltr' id='par_1_25' title="bbox 222 2253 1813 2327">
     <span class='ocr_line' id='line_1_25' title="bbox 222 2253 1813 2327; baseline -0.003 -17"><span class='ocrx_word' id='word_1_189' title='bbox 222 2256 305 2327; x_wconf 79' lang='grc' dir='ltr'>τῷ</span> <span class='ocrx_word' id='word_1_190' title='bbox 337 2253 579 2324; x_wconf 78' lang='grc' dir='ltr'>Χριστῷ.</span> <span class='ocrx_word' id='word_1_191' title='bbox 606 2256 698 2307; x_wconf 84' lang='grc' dir='ltr'>Δεῖ</span> <span class='ocrx_word' id='word_1_192' title='bbox 741 2255 850 2324; x_wconf 77' lang='grc' dir='ltr'>γὰρ</span> <span class='ocrx_word' id='word_1_193' title='bbox 885 2255 1139 2306; x_wconf 73' lang='grc' dir='ltr'>ἐκϐαλεῖν</span> <span class='ocrx_word' id='word_1_194' title='bbox 1171 2255 1388 2322; x_wconf 78' lang='grc' dir='ltr'>πρῶτον</span> <span class='ocrx_word' id='word_1_195' title='bbox 1422 2253 1511 2306; x_wconf 78' lang='grc' dir='ltr'><strong>τὸν</strong></span> <span class='ocrx_word' id='word_1_196' title='bbox 1549 2255 1813 2318; x_wconf 78' lang='grc' dir='ltr'>Σατανᾶν,</span> 
     </span>
    </p>
   </div>
   <div class='ocr_carea' id='block_1_26' title="bbox 227 2345 1243 2414">
    <p class='ocr_par' dir='ltr' id='par_1_26' title="bbox 227 2345 1243 2414">
     <span class='ocr_line' id='line_1_26' title="bbox 227 2345 1243 2414; baseline -0.004 -10"><span class='ocrx_word' id='word_1_197' title='bbox 227 2348 325 2404; x_wconf 75' lang='grc' dir='ltr'>καὶ</span> <span class='ocrx_word' id='word_1_198' title='bbox 354 2345 525 2409; x_wconf 70' lang='grc' dir='ltr'>οὕτως</span> <span class='ocrx_word' id='word_1_199' title='bbox 555 2346 820 2399; x_wconf 81' lang='grc' dir='ltr'>ὲνοικίσαι</span> <span class='ocrx_word' id='word_1_200' title='bbox 860 2346 950 2398; x_wconf 77' lang='grc' dir='ltr'><strong>τὸν</strong></span> <span class='ocrx_word' id='word_1_201' title='bbox 986 2347 1243 2414; x_wconf 86' lang='grc' dir='ltr'>Χριστόν.</span> 
     </span>
    </p>
   </div>
   <div class='ocr_carea' id='block_1_27' title="bbox 311 2437 1818 2507">
    <p class='ocr_par' dir='ltr' id='par_1_27' title="bbox 311 2437 1818 2507">
     <span class='ocr_line' id='line_1_27' title="bbox 311 2437 1818 2507; baseline -0.003 -15"><span class='ocrx_word' id='word_1_202' title='bbox 311 2458 328 2491; x_wconf 79' lang='grc' dir='ltr'><strong>ι</strong></span> <span class='ocrx_word' id='word_1_203' title='bbox 365 2440 646 2501; x_wconf 79' lang='grc' dir='ltr'>Συνιόντος</span> <span class='ocrx_word' id='word_1_204' title='bbox 678 2439 734 2491; x_wconf 82' lang='grc' dir='ltr'>δὲ</span> <span class='ocrx_word' id='word_1_205' title='bbox 762 2437 918 2507; x_wconf 72' lang='grc' dir='ltr'>ὄχλου</span> <span class='ocrx_word' id='word_1_206' title='bbox 956 2438 1176 2499; x_wconf 82' lang='grc' dir='ltr'>πολλοῦ,</span> <span class='ocrx_word' id='word_1_207' title='bbox 1214 2439 1307 2490; x_wconf 72' lang='grc' dir='ltr'>καὶ</span> <span class='ocrx_word' id='word_1_208' title='bbox 1343 2437 1451 2492; x_wconf 80' lang='grc' dir='ltr'>τῶν</span> <span class='ocrx_word' id='word_1_209' title='bbox 1486 2439 1627 2492; x_wconf 78' lang='grc' dir='ltr'>κατὰ</span> <span class='ocrx_word' id='word_1_210' title='bbox 1662 2437 1818 2492; x_wconf 86' lang='grc' dir='ltr'>πόλιν</span> 
     </span>
    </p>
   </div>
   <div class='ocr_carea' id='block_1_28' title="bbox 226 2526 1815 2602">
    <p class='ocr_par' dir='ltr' id='par_1_28' title="bbox 226 2526 1815 2602">
     <span class='ocr_line' id='line_1_28' title="bbox 226 2526 1815 2602; baseline -0.003 -18"><span class='ocrx_word' id='word_1_211' title='bbox 226 2532 708 2602; x_wconf 68' lang='grc' dir='ltr'>ἐπιπορευομένων</span> <span class='ocrx_word' id='word_1_212' title='bbox 753 2532 892 2600; x_wconf 64' lang='grc' dir='ltr'>πρὸς</span> <span class='ocrx_word' id='word_1_213' title='bbox 949 2531 1133 2591; x_wconf 76' lang='grc' dir='ltr'>αὑτὸν,</span> <span class='ocrx_word' id='word_1_214' title='bbox 1181 2526 1300 2582; x_wconf 80' lang='grc' dir='ltr'>εἷπε</span> <span class='ocrx_word' id='word_1_215' title='bbox 1327 2530 1416 2583; x_wconf 81' lang='grc' dir='ltr'>διὰ</span> <span class='ocrx_word' id='word_1_216' title='bbox 1475 2529 1815 2600; x_wconf 76' lang='grc' dir='ltr'>παραϐολῆςο</span> 
     </span>
    </p>
   </div>
   <div class='ocr_carea' id='block_1_29' title="bbox 241 2623 1815 2694">
    <p class='ocr_par' dir='ltr' id='par_1_29' title="bbox 241 2623 1815 2694">
     <span class='ocr_line' id='line_1_29' title="bbox 241 2623 1815 2694; baseline -0.001 -16"><span class='ocrx_word' id='word_1_217' title='bbox 241 2624 497 2693; x_wconf 77' lang='grc' dir='ltr'>Ἐξῆλθεν</span> <span class='ocrx_word' id='word_1_218' title='bbox 538 2626 566 2677; x_wconf 93' lang='lat'><strong>6</strong></span> <span class='ocrx_word' id='word_1_219' title='bbox 597 2625 838 2694; x_wconf 86' lang='grc' dir='ltr'>σπείρων</span> <span class='ocrx_word' id='word_1_220' title='bbox 874 2623 967 2676; x_wconf 85' lang='grc' dir='ltr'><strong>τοῦ</strong></span> <span class='ocrx_word' id='word_1_221' title='bbox 1003 2627 1225 2693; x_wconf 84' lang='grc' dir='ltr'>σπεῖραι</span> <span class='ocrx_word' id='word_1_222' title='bbox 1256 2625 1347 2676; x_wconf 74' lang='grc' dir='ltr'><strong>τὸν</strong></span> <span class='ocrx_word' id='word_1_223' title='bbox 1382 2625 1586 2694; x_wconf 81' lang='grc' dir='ltr'>σπόρον</span> <span class='ocrx_word' id='word_1_224' title='bbox 1628 2623 1815 2677; x_wconf 77' lang='grc' dir='ltr'>αὑτοῦ.</span> 
     </span>
    </p>
   </div>
   <div class='ocr_carea' id='block_1_30' title="bbox 230 2715 1820 2788">
    <p class='ocr_par' dir='ltr' id='par_1_30' title="bbox 230 2715 1820 2788">
     <span class='ocr_line' id='line_1_30' title="bbox 230 2715 1820 2788; baseline -0.003 -18"><span class='ocrx_word' id='word_1_225' title='bbox 230 2716 344 2771; x_wconf 74' lang='grc' dir='ltr'><strong>Καὶ</strong></span> <span class='ocrx_word' id='word_1_226' title='bbox 374 2718 432 2769; x_wconf 81' lang='grc' dir='ltr'><strong>ἐν</strong></span> <span class='ocrx_word' id='word_1_227' title='bbox 478 2715 557 2788; x_wconf 81' lang='grc' dir='ltr'>τῷ</span> <span class='ocrx_word' id='word_1_228' title='bbox 607 2717 854 2786; x_wconf 81' lang='grc' dir='ltr'>σπείρειν</span> <span class='ocrx_word' id='word_1_229' title='bbox 906 2716 1090 2776; x_wconf 70' lang='grc' dir='ltr'>αὑτὸν,</span> <span class='ocrx_word' id='word_1_230' title='bbox 1125 2716 1152 2768; x_wconf 81' lang='grc' dir='ltr'><strong><em>ὃ</em></strong></span> <span class='ocrx_word' id='word_1_231' title='bbox 1202 2717 1298 2784; x_wconf 80' lang='grc' dir='ltr'>μὲν</span> <span class='ocrx_word' id='word_1_232' title='bbox 1340 2715 1504 2768; x_wconf 81' lang='grc' dir='ltr'>ἔπεσε</span> <span class='ocrx_word' id='word_1_233' title='bbox 1537 2716 1688 2783; x_wconf 84' lang='grc' dir='ltr'><strong>παρά</strong></span> <span class='ocrx_word' id='word_1_234' title='bbox 1722 2716 1820 2784; x_wconf 77' lang='grc' dir='ltr'><strong>τὴν</strong></span> 
     </span>
    </p>
   </div>
   <div class='ocr_carea' id='block_1_31' title="bbox 229 2807 1819 2878">
    <p class='ocr_par' dir='ltr' id='par_1_31' title="bbox 229 2807 1819 2878">
     <span class='ocr_line' id='line_1_31' title="bbox 229 2807 1819 2878; baseline -0.001 -17"><span class='ocrx_word' id='word_1_235' title='bbox 229 2809 370 2869; x_wconf 70' lang='lat' dir='ltr'><em>666v.</em></span> <span class='ocrx_word' id='word_1_236' title='bbox 409 2811 502 2862; x_wconf 74' lang='grc' dir='ltr'><strong>καὶ</strong></span> <span class='ocrx_word' id='word_1_237' title='bbox 536 2807 913 2878; x_wconf 78' lang='grc' dir='ltr'>κατεπατήθη,</span> <span class='ocrx_word' id='word_1_238' title='bbox 970 2809 1064 2861; x_wconf 70' lang='grc' dir='ltr'><strong>καὶ</strong></span> <span class='ocrx_word' id='word_1_239' title='bbox 1098 2809 1166 2860; x_wconf 74' lang='grc' dir='ltr'>τὰ</span> <span class='ocrx_word' id='word_1_240' title='bbox 1203 2808 1427 2861; x_wconf 86' lang='grc' dir='ltr'>πετεινά</span> <span class='ocrx_word' id='word_1_241' title='bbox 1462 2809 1555 2861; x_wconf 88' lang='grc' dir='ltr'><strong>τοῦ</strong></span> <span class='ocrx_word' id='word_1_242' title='bbox 1588 2807 1819 2876; x_wconf 80' lang='grc' dir='ltr'>ούρανοῦ</span> 
     </span>
    </p>
   </div>
   <div class='ocr_carea' id='block_1_32' title="bbox 232 2902 1818 2973">
    <p class='ocr_par' dir='ltr' id='par_1_32' title="bbox 232 2902 1818 2973">
     <span class='ocr_line' id='line_1_32' title="bbox 232 2902 1818 2973; baseline -0.003 -15"><span class='ocrx_word' id='word_1_243' title='bbox 232 2905 545 2972; x_wconf 67' lang='grc' dir='ltr'>κατέφαγεν</span> <span class='ocrx_word' id='word_1_244' title='bbox 573 2903 702 2956; x_wconf 81' lang='grc' dir='ltr'>αὑτό</span> <span class='ocrx_word' id='word_1_245' title='bbox 722 2920 733 2931; x_wconf 82' lang='lat'><strong>&#39;</strong></span> <span class='ocrx_word' id='word_1_246' title='bbox 765 2905 857 2955; x_wconf 70' lang='grc' dir='ltr'><strong>καὶ</strong></span> <span class='ocrx_word' id='word_1_247' title='bbox 887 2903 1072 2969; x_wconf 77' lang='grc' dir='ltr'>ἕτερον</span> <span class='ocrx_word' id='word_1_248' title='bbox 1105 2902 1303 2955; x_wconf 78' lang='grc' dir='ltr'>ἔπεσεν</span> <span class='ocrx_word' id='word_1_249' title='bbox 1327 2904 1420 2955; x_wconf 73' lang='grc' dir='ltr'><strong>ἐπὶ</strong></span> <span class='ocrx_word' id='word_1_250' title='bbox 1449 2902 1547 2973; x_wconf 80' lang='grc' dir='ltr'>τὴν</span> <span class='ocrx_word' id='word_1_251' title='bbox 1587 2903 1818 2971; x_wconf 84' lang='grc' dir='ltr'>πέτραν,</span> 
     </span>
    </p>
   </div>
   <div class='ocr_carea' id='block_1_33' title="bbox 234 2993 1822 3064">
    <p class='ocr_par' dir='ltr' id='par_1_33' title="bbox 234 2993 1822 3064">
     <span class='ocr_line' id='line_1_33' title="bbox 234 2993 1822 3064; baseline -0.002 -15"><span class='ocrx_word' id='word_1_252' title='bbox 234 2998 327 3050; x_wconf 71' lang='grc' dir='ltr'>καὶ</span> <span class='ocrx_word' id='word_1_253' title='bbox 382 2996 514 3064; x_wconf 75' lang='grc' dir='ltr'>φυὲν</span> <span class='ocrx_word' id='word_1_254' title='bbox 564 2994 837 3064; x_wconf 73' lang='grc' dir='ltr'>ἐξηράνθη</span> <span class='ocrx_word' id='word_1_255' title='bbox 896 2995 984 3046; x_wconf 74' lang='grc' dir='ltr'><strong>διὰ</strong></span> <span class='ocrx_word' id='word_1_256' title='bbox 1040 2995 1101 3046; x_wconf 68' lang='grc' dir='ltr'>τὶ</span> <span class='ocrx_word' id='word_1_257' title='bbox 1158 2997 1232 3064; x_wconf 76' lang='grc' dir='ltr'><strong>μὴ</strong></span> <span class='ocrx_word' id='word_1_258' title='bbox 1281 2995 1424 3063; x_wconf 72' lang='grc' dir='ltr'>ἔχειν</span> <span class='ocrx_word' id='word_1_259' title='bbox 1462 2993 1684 3063; x_wconf 77' lang='grc' dir='ltr'>ἰκμάδα·</span> <span class='ocrx_word' id='word_1_260' title='bbox 1729 2995 1822 3046; x_wconf 56' lang='grc' dir='ltr'><strong>καὶ</strong></span> 
     </span>
    </p>
   </div>
   <div class='ocr_carea' id='block_1_34' title="bbox 1912 499 3515 572">
    <p class='ocr_par' dir='ltr' id='par_1_34' title="bbox 1912 499 3515 572">
     <span class='ocr_line' id='line_1_34' title="bbox 1912 499 3515 572; baseline -0.006 -9"><span class='ocrx_word' id='word_1_261' title='bbox 1912 509 2122 563; x_wconf 87' lang='lat' dir='ltr'><strong>dicebat</strong></span> <span class='ocrx_word' id='word_1_262' title='bbox 2158 525 2171 561; x_wconf 84' lang='grc' dir='ltr'><strong>ι</strong></span> <span class='ocrx_word' id='word_1_263' title='bbox 2209 506 2310 572; x_wconf 87' lang='lat' dir='ltr'><strong>Qui</strong></span> <span class='ocrx_word' id='word_1_264' title='bbox 2339 509 2406 561; x_wconf 84' lang='lat' dir='ltr'><strong>de</strong></span> <span class='ocrx_word' id='word_1_265' title='bbox 2433 517 2575 560; x_wconf 85' lang='lat' dir='ltr'><strong>terra</strong></span> <span class='ocrx_word' id='word_1_266' title='bbox 2615 515 2719 568; x_wconf 81' lang='lat' dir='ltr'><strong>est.</strong></span> <span class='ocrx_word' id='word_1_267' title='bbox 2746 507 2813 560; x_wconf 89' lang='lat' dir='ltr'><strong>de</strong></span> <span class='ocrx_word' id='word_1_268' title='bbox 2845 517 2987 558; x_wconf 88' lang='lat' dir='ltr'><strong>terra</strong></span> <span class='ocrx_word' id='word_1_269' title='bbox 3039 502 3282 570; x_wconf 88' lang='lat' dir='ltr'><strong>loquitur</strong></span> <span class='ocrx_word' id='word_1_270' title='bbox 3317 516 3332 558; x_wconf 88' lang='lat'><strong>:</strong></span> <span class='ocrx_word' id='word_1_271' title='bbox 3369 499 3458 568; x_wconf 83' lang='lat' dir='ltr'><strong>qui</strong></span> <span class='ocrx_word' id='word_1_272' title='bbox 3485 514 3515 553; x_wconf 84' lang='grc' dir='ltr'><strong>ο</strong></span> 
     </span>
    </p>
   </div>
   <div class='ocr_carea' id='block_1_35' title="bbox 1911 595 3514 670">
    <p class='ocr_par' dir='ltr' id='par_1_35' title="bbox 1911 595 3514 670">
     <span class='ocr_line' id='line_1_35' title="bbox 1911 595 3514 670; baseline -0.007 -14"><span class='ocrx_word' id='word_1_273' title='bbox 1911 603 2162 670; x_wconf 83' lang='lat' dir='ltr'><strong>Supernis</strong></span> <span class='ocrx_word' id='word_1_274' title='bbox 2213 601 2380 664; x_wconf 82' lang='lat' dir='ltr'><strong>venit,</strong></span> <span class='ocrx_word' id='word_1_275' title='bbox 2425 601 2567 665; x_wconf 82' lang='lat' dir='ltr'><strong>quod</strong></span> <span class='ocrx_word' id='word_1_276' title='bbox 2603 601 2736 653; x_wconf 83' lang='lat' dir='ltr'><strong>vidit</strong></span> <span class='ocrx_word' id='word_1_277' title='bbox 2805 607 3056 652; x_wconf 75' lang='lat' dir='ltr'><strong>tcs:atur.</strong></span> <span class='ocrx_word' id='word_1_278' title='bbox 3084 595 3294 650; x_wconf 81' lang='lat' dir='ltr'><strong>Secuta:</strong></span> <span class='ocrx_word' id='word_1_279' title='bbox 3331 604 3514 646; x_wconf 87' lang='lat' dir='ltr'><strong>autem</strong></span> 
     </span>
    </p>
   </div>
   <div class='ocr_carea' id='block_1_36' title="bbox 1911 683 3518 758">
    <p class='ocr_par' dir='ltr' id='par_1_36' title="bbox 1911 683 3518 758">
     <span class='ocr_line' id='line_1_36' title="bbox 1911 683 3518 758; baseline -0.007 -12"><span class='ocrx_word' id='word_1_280' title='bbox 1911 704 2036 746; x_wconf 91' lang='lat' dir='ltr'><strong>sunt</strong></span> <span class='ocrx_word' id='word_1_281' title='bbox 2090 709 2211 748; x_wconf 84' lang='lat' dir='ltr'><strong>eum</strong></span> <span class='ocrx_word' id='word_1_282' title='bbox 2249 694 2522 758; x_wconf 83' lang='lat' dir='ltr'><strong>mulieres,</strong></span> <span class='ocrx_word' id='word_1_283' title='bbox 2560 702 2618 744; x_wconf 91' lang='lat' dir='ltr'><strong>ut</strong></span> <span class='ocrx_word' id='word_1_284' title='bbox 2651 693 2830 746; x_wconf 69' lang='lat' dir='ltr'><strong>discas</strong></span> <span class='ocrx_word' id='word_1_285' title='bbox 2865 687 3007 756; x_wconf 86' lang='lat' dir='ltr'><strong>quod</strong></span> <span class='ocrx_word' id='word_1_286' title='bbox 3070 701 3244 750; x_wconf 84' lang='lat' dir='ltr'><strong>neque</strong></span> <span class='ocrx_word' id='word_1_287' title='bbox 3285 683 3518 739; x_wconf 82' lang='lat' dir='ltr'><strong>feminas</strong></span> 
     </span>
    </p>
   </div>
   <div class='ocr_carea' id='block_1_37' title="bbox 1911 774 3516 848">
    <p class='ocr_par' dir='ltr' id='par_1_37' title="bbox 1911 774 3516 848">
     <span class='ocr_line' id='line_1_37' title="bbox 1911 774 3516 848; baseline -0.009 -8"><span class='ocrx_word' id='word_1_288' title='bbox 1911 801 2007 840; x_wconf 87' lang='lat' dir='ltr'><strong>sua</strong></span> <span class='ocrx_word' id='word_1_289' title='bbox 2045 785 2384 839; x_wconf 77' lang='lat' dir='ltr'><strong>infirtnitasa</strong></span> <span class='ocrx_word' id='word_1_290' title='bbox 2437 784 2695 838; x_wconf 82' lang='lat' dir='ltr'><strong>comitatu</strong></span> <span class='ocrx_word' id='word_1_291' title='bbox 2755 780 2960 836; x_wconf 77' lang='lat' dir='ltr'><strong>Clitis&#39;ti</strong></span> <span class='ocrx_word' id='word_1_292' title='bbox 3017 777 3332 848; x_wconf 80' lang='lat' dir='ltr'><strong>prohibeat.</strong></span> <span class='ocrx_word' id='word_1_293' title='bbox 3379 774 3516 828; x_wconf 74' lang='lat' dir='ltr'><strong>Vide</strong></span> 
     </span>
    </p>
   </div>
   <div class='ocr_carea' id='block_1_38' title="bbox 1911 869 3508 947">
    <p class='ocr_par' dir='ltr' id='par_1_38' title="bbox 1911 869 3508 947">
     <span class='ocr_line' id='line_1_38' title="bbox 1911 869 3508 947; baseline -0.006 -16"><span class='ocrx_word' id='word_1_294' title='bbox 1911 881 2037 934; x_wconf 85' lang='lat' dir='ltr'><strong>item</strong></span> <span class='ocrx_word' id='word_1_295' title='bbox 2074 881 2345 947; x_wconf 90' lang='lat' dir='ltr'><strong>quomodo</strong></span> <span class='ocrx_word' id='word_1_296' title='bbox 2372 884 2426 930; x_wconf 91' lang='lat' dir='ltr'><strong>et</strong></span> <span class='ocrx_word' id='word_1_297' title='bbox 2459 891 2581 945; x_wconf 67' lang='lat' dir='ltr'><strong>quae</strong></span> <span class='ocrx_word' id='word_1_298' title='bbox 2611 875 2807 928; x_wconf 94' lang='lat' dir='ltr'><strong>divites</strong></span> <span class='ocrx_word' id='word_1_299' title='bbox 2862 879 3044 935; x_wconf 88' lang='lat' dir='ltr'><strong>erant,</strong></span> <span class='ocrx_word' id='word_1_300' title='bbox 3099 869 3354 923; x_wconf 83' lang='lat' dir='ltr'><strong>omnibus</strong></span> <span class='ocrx_word' id='word_1_301' title='bbox 3415 881 3508 921; x_wconf 89' lang='lat' dir='ltr'><strong>ne-</strong></span> 
     </span>
    </p>
   </div>
   <div class='ocr_carea' id='block_1_39' title="bbox 1911 958 3516 1041">
    <p class='ocr_par' dir='ltr' id='par_1_39' title="bbox 1911 958 3516 1041">
     <span class='ocr_line' id='line_1_39' title="bbox 1911 958 3516 1041; baseline -0.007 -17"><span class='ocrx_word' id='word_1_302' title='bbox 1911 971 2100 1041; x_wconf 86' lang='lat' dir='ltr'><strong>glectis</strong></span> <span class='ocrx_word' id='word_1_303' title='bbox 2125 979 2500 1040; x_wconf 76' lang='lat' dir='ltr'><strong>paupertatem</strong></span> <span class='ocrx_word' id='word_1_304' title='bbox 2569 983 2693 1023; x_wconf 88' lang='lat' dir='ltr'><strong>eum</strong></span> <span class='ocrx_word' id='word_1_305' title='bbox 2748 965 2972 1020; x_wconf 76' lang='lat' dir='ltr'><strong>Christo</strong></span> <span class='ocrx_word' id='word_1_306' title='bbox 3031 971 3084 1017; x_wconf 89' lang='lat' dir='ltr'><strong>et</strong></span> <span class='ocrx_word' id='word_1_307' title='bbox 3135 975 3235 1031; x_wconf 92' lang='lat' dir='ltr'><strong>pro</strong></span> <span class='ocrx_word' id='word_1_308' title='bbox 3290 958 3516 1013; x_wconf 84' lang='lat' dir='ltr'><strong>Christo</strong></span> 
     </span>
    </p>
   </div>
   <div class='ocr_carea' id='block_1_40' title="bbox 1913 1050 3516 1133">
    <p class='ocr_par' dir='ltr' id='par_1_40' title="bbox 1913 1050 3516 1133">
     <span class='ocr_line' id='line_1_40' title="bbox 1913 1050 3516 1133; baseline -0.012 -13"><span class='ocrx_word' id='word_1_309' title='bbox 1913 1065 2232 1133; x_wconf 62' lang='lat' dir='ltr'><strong>delegerint.</strong></span> <span class='ocrx_word' id='word_1_310' title='bbox 2305 1060 2442 1115; x_wconf 86' lang='lat' dir='ltr'><strong>Nam</strong></span> <span class='ocrx_word' id='word_1_311' title='bbox 2483 1060 2627 1130; x_wconf 89' lang='lat' dir='ltr'><strong>quod</strong></span> <span class='ocrx_word' id='word_1_312' title='bbox 2675 1059 2870 1113; x_wconf 88' lang='lat' dir='ltr'><strong>divites</strong></span> <span class='ocrx_word' id='word_1_313' title='bbox 2924 1055 3149 1117; x_wconf 85' lang='lat' dir='ltr'><strong>fuerint,</strong></span> <span class='ocrx_word' id='word_1_314' title='bbox 3196 1052 3344 1115; x_wconf 88' lang='lat' dir='ltr'><strong>audi,</strong></span> <span class='ocrx_word' id='word_1_315' title='bbox 3378 1050 3516 1116; x_wconf 82' lang='lat' dir='ltr'><strong>Quia</strong></span> 
     </span>
    </p>
   </div>
   <div class='ocr_carea' id='block_1_41' title="bbox 1912 1142 3521 1210">
    <p class='ocr_par' dir='ltr' id='par_1_41' title="bbox 1912 1142 3521 1210">
     <span class='ocr_line' id='line_1_41' title="bbox 1912 1142 3521 1210; baseline -0.009 0"><span class='ocrx_word' id='word_1_316' title='bbox 1912 1157 2293 1210; x_wconf 81' lang='lat' dir='ltr'><strong>ministrarum</strong></span> <span class='ocrx_word' id='word_1_317' title='bbox 2348 1152 2580 1206; x_wconf 90' lang='lat' dir='ltr'><strong>Domino</strong></span> <span class='ocrx_word' id='word_1_318' title='bbox 2635 1150 2703 1206; x_wconf 89' lang='lat' dir='ltr'><strong>de</strong></span> <span class='ocrx_word' id='word_1_319' title='bbox 2734 1149 3085 1204; x_wconf 82' lang='lat' dir='ltr'><strong>facultatibus</strong></span> <span class='ocrx_word' id='word_1_320' title='bbox 3113 1146 3248 1206; x_wconf 92' lang='lat' dir='ltr'><strong>suis,</strong></span> <span class='ocrx_word' id='word_1_321' title='bbox 3306 1159 3410 1196; x_wconf 91' lang='lat' dir='ltr'><strong>non</strong></span> <span class='ocrx_word' id='word_1_322' title='bbox 3453 1142 3521 1195; x_wconf 90' lang='lat' dir='ltr'><strong>de</strong></span> 
     </span>
    </p>
   </div>
   <div class='ocr_carea' id='block_1_42' title="bbox 1913 1230 3521 1314">
    <p class='ocr_par' dir='ltr' id='par_1_42' title="bbox 1913 1230 3521 1314">
     <span class='ocr_line' id='line_1_42' title="bbox 1913 1230 3521 1314; baseline -0.009 -14"><span class='ocrx_word' id='word_1_323' title='bbox 1913 1247 2106 1302; x_wconf 88' lang='lat' dir='ltr'><strong>alienis</strong></span> <span class='ocrx_word' id='word_1_324' title='bbox 2133 1247 2326 1314; x_wconf 89' lang='lat' dir='ltr'><strong>opibus</strong></span> <span class='ocrx_word' id='word_1_325' title='bbox 2357 1253 2410 1298; x_wconf 87' lang='lat' dir='ltr'><strong>et</strong></span> <span class='ocrx_word' id='word_1_326' title='bbox 2454 1243 2653 1311; x_wconf 83' lang='lat' dir='ltr'><strong>injuste</strong></span> <span class='ocrx_word' id='word_1_327' title='bbox 2681 1240 2968 1312; x_wconf 86' lang='lat' dir='ltr'><strong>partis,uti</strong></span> <span class='ocrx_word' id='word_1_328' title='bbox 3003 1238 3156 1292; x_wconf 91' lang='lat' dir='ltr'><strong>multi</strong></span> <span class='ocrx_word' id='word_1_329' title='bbox 3179 1236 3374 1290; x_wconf 79' lang='lat' dir='ltr'><strong>solent.</strong></span> <span class='ocrx_word' id='word_1_330' title='bbox 3401 1230 3521 1286; x_wconf 82' lang='lat' dir='ltr'><strong>Jam</strong></span> 
     </span>
    </p>
   </div>
   <div class='ocr_carea' id='block_1_43' title="bbox 1914 1325 3517 1408">
    <p class='ocr_par' dir='ltr' id='par_1_43' title="bbox 1914 1325 3517 1408">
     <span class='ocr_line' id='line_1_43' title="bbox 1914 1325 3517 1408; baseline -0.009 -18"><span class='ocrx_word' id='word_1_331' title='bbox 1914 1355 2009 1408; x_wconf 88' lang='lat' dir='ltr'><strong>per</strong></span> <span class='ocrx_word' id='word_1_332' title='bbox 2043 1347 2250 1407; x_wconf 81' lang='lat' dir='ltr'><strong>septem</strong></span> <span class='ocrx_word' id='word_1_333' title='bbox 2285 1336 2574 1399; x_wconf 68' lang='lat' dir='ltr'><strong>daemonia,</strong></span> <span class='ocrx_word' id='word_1_334' title='bbox 2608 1349 2730 1404; x_wconf 63' lang='lat' dir='ltr'><strong>qua:</strong></span> <span class='ocrx_word' id='word_1_335' title='bbox 2781 1333 2849 1387; x_wconf 92' lang='lat' dir='ltr'><strong>de</strong></span> <span class='ocrx_word' id='word_1_336' title='bbox 2903 1330 2993 1383; x_wconf 85' lang='lat' dir='ltr'><strong>illa</strong></span> <span class='ocrx_word' id='word_1_337' title='bbox 3042 1330 3213 1399; x_wconf 80' lang='lat' dir='ltr'><strong>ejecta</strong></span> <span class='ocrx_word' id='word_1_338' title='bbox 3274 1325 3517 1385; x_wconf 89' lang='lat' dir='ltr'><strong>fuerunt,</strong></span> 
     </span>
    </p>
   </div>
   <div class='ocr_carea' id='block_1_44' title="bbox 1913 1419 3519 1499">
    <p class='ocr_par' dir='ltr' id='par_1_44' title="bbox 1913 1419 3519 1499">
     <span class='ocr_line' id='line_1_44' title="bbox 1913 1419 3519 1499; baseline -0.007 -19"><span class='ocrx_word' id='word_1_339' title='bbox 1913 1419 2774 1499; x_wconf 77' lang='lat' dir='ltr'><strong>quidamintelliguntmulta.|n</strong></span> <span class='ocrx_word' id='word_1_340' title='bbox 2851 1421 3156 1489; x_wconf 89' lang='lat' dir='ltr'><strong>Scripturis</strong></span> <span class='ocrx_word' id='word_1_341' title='bbox 3216 1419 3359 1472; x_wconf 89' lang='lat' dir='ltr'><strong>enim</strong></span> <span class='ocrx_word' id='word_1_342' title='bbox 3419 1430 3519 1486; x_wconf 83' lang='lat' dir='ltr'><strong>pro</strong></span> 
     </span>
    </p>
   </div>
   <div class='ocr_carea' id='block_1_45' title="bbox 1916 1509 3519 1588">
    <p class='ocr_par' dir='ltr' id='par_1_45' title="bbox 1916 1509 3519 1588">
     <span class='ocr_line' id='line_1_45' title="bbox 1916 1509 3519 1588; baseline -0.007 -14"><span class='ocrx_word' id='word_1_343' title='bbox 1916 1521 2101 1574; x_wconf 90' lang='lat' dir='ltr'><strong>multis</strong></span> <span class='ocrx_word' id='word_1_344' title='bbox 2123 1531 2327 1588; x_wconf 87' lang='lat' dir='ltr'><strong>septem</strong></span> <span class='ocrx_word' id='word_1_345' title='bbox 2355 1517 2531 1587; x_wconf 88' lang='lat' dir='ltr'><strong>accipi</strong></span> <span class='ocrx_word' id='word_1_346' title='bbox 2572 1515 2736 1571; x_wconf 90' lang='lat' dir='ltr'><strong>solet.</strong></span> <span class='ocrx_word' id='word_1_347' title='bbox 2772 1513 3043 1569; x_wconf 83' lang='lat' dir='ltr'><strong>Fortassis</strong></span> <span class='ocrx_word' id='word_1_348' title='bbox 3075 1522 3257 1564; x_wconf 82' lang='lat' dir='ltr'><strong>autem</strong></span> <span class='ocrx_word' id='word_1_349' title='bbox 3319 1509 3519 1562; x_wconf 76' lang='lat' dir='ltr'><strong>dixerit</strong></span> 
     </span>
    </p>
   </div>
   <div class='ocr_carea' id='block_1_46' title="bbox 1916 1596 3521 1680">
    <p class='ocr_par' dir='ltr' id='par_1_46' title="bbox 1916 1596 3521 1680">
     <span class='ocr_line' id='line_1_46' title="bbox 1916 1596 3521 1680; baseline -0.008 -18"><span class='ocrx_word' id='word_1_350' title='bbox 1916 1611 2060 1680; x_wconf 85' lang='lat' dir='ltr'><strong>quis,</strong></span> <span class='ocrx_word' id='word_1_351' title='bbox 2093 1612 2236 1679; x_wconf 91' lang='lat' dir='ltr'><strong>quod</strong></span> <span class='ocrx_word' id='word_1_352' title='bbox 2266 1609 2408 1662; x_wconf 79' lang='lat' dir='ltr'><strong>sicut</strong></span> <span class='ocrx_word' id='word_1_353' title='bbox 2440 1615 2565 1661; x_wconf 88' lang='lat' dir='ltr'><strong>sunt</strong></span> <span class='ocrx_word' id='word_1_354' title='bbox 2606 1616 2812 1675; x_wconf 85' lang='lat' dir='ltr'><strong>septem</strong></span> <span class='ocrx_word' id='word_1_355' title='bbox 2872 1603 3099 1673; x_wconf 80' lang='lat' dir='ltr'><strong>spiritus</strong></span> <span class='ocrx_word' id='word_1_356' title='bbox 3152 1596 3388 1664; x_wconf 89' lang='lat' dir='ltr'><strong>virtutis,</strong></span> <span class='ocrx_word' id='word_1_357' title='bbox 3448 1599 3521 1650; x_wconf 87' lang='lat' dir='ltr'><strong>ita</strong></span> 
     </span>
    </p>
   </div>
   <div class='ocr_carea' id='block_1_47' title="bbox 1918 1694 3526 1770">
    <p class='ocr_par' dir='ltr' id='par_1_47' title="bbox 1918 1694 3526 1770">
     <span class='ocr_line' id='line_1_47' title="bbox 1918 1694 3526 1770; baseline -0.009 -11"><span class='ocrx_word' id='word_1_358' title='bbox 1918 1713 2047 1760; x_wconf 91' lang='lat' dir='ltr'><strong>sunt</strong></span> <span class='ocrx_word' id='word_1_359' title='bbox 2075 1720 2104 1759; x_wconf 91' lang='lat' dir='ltr'><strong>e</strong></span> <span class='ocrx_word' id='word_1_360' title='bbox 2131 1705 2348 1758; x_wconf 83' lang='lat' dir='ltr'><strong>diverso</strong></span> <span class='ocrx_word' id='word_1_361' title='bbox 2381 1715 2589 1770; x_wconf 87' lang='lat' dir='ltr'><strong>septem</strong></span> <span class='ocrx_word' id='word_1_362' title='bbox 2616 1699 2840 1769; x_wconf 86' lang='lat' dir='ltr'><strong>spiritus</strong></span> <span class='ocrx_word' id='word_1_363' title='bbox 2881 1697 3103 1750; x_wconf 71' lang='lat' dir='ltr'><strong>malitia:</strong></span> <span class='ocrx_word' id='word_1_364' title='bbox 3130 1713 3144 1760; x_wconf 90' lang='lat'><strong>;</strong></span> <span class='ocrx_word' id='word_1_365' title='bbox 3181 1705 3239 1749; x_wconf 94' lang='lat' dir='ltr'><strong>ut</strong></span> <span class='ocrx_word' id='word_1_366' title='bbox 3271 1694 3412 1749; x_wconf 80' lang='lat' dir='ltr'><strong>sicut</strong></span> <span class='ocrx_word' id='word_1_367' title='bbox 3441 1701 3526 1746; x_wconf 90' lang='lat' dir='ltr'><strong>est</strong></span> 
     </span>
    </p>
   </div>
   <div class='ocr_carea' id='block_1_48' title="bbox 1920 1789 3525 1867">
    <p class='ocr_par' dir='ltr' id='par_1_48' title="bbox 1920 1789 3525 1867">
     <span class='ocr_line' id='line_1_48' title="bbox 1920 1789 3525 1867; baseline -0.009 -14"><span class='ocrx_word' id='word_1_368' title='bbox 1920 1799 2142 1867; x_wconf 91' lang='lat' dir='ltr'><strong>spiritus</strong></span> <span class='ocrx_word' id='word_1_369' title='bbox 2171 1798 2385 1852; x_wconf 88' lang='lat' dir='ltr'><strong>timoris</strong></span> <span class='ocrx_word' id='word_1_370' title='bbox 2409 1796 2528 1858; x_wconf 91' lang='lat' dir='ltr'><strong>Dei,</strong></span> <span class='ocrx_word' id='word_1_371' title='bbox 2562 1795 2631 1846; x_wconf 92' lang='lat' dir='ltr'><strong>ita</strong></span> <span class='ocrx_word' id='word_1_372' title='bbox 2672 1803 2782 1847; x_wconf 91' lang='lat' dir='ltr'><strong>cte</strong></span> <span class='ocrx_word' id='word_1_373' title='bbox 2834 1789 3053 1845; x_wconf 79' lang='lat' dir='ltr'><strong>diverso</strong></span> <span class='ocrx_word' id='word_1_374' title='bbox 3108 1789 3335 1856; x_wconf 83' lang='lat' dir='ltr'><strong>spiritus</strong></span> <span class='ocrx_word' id='word_1_375' title='bbox 3388 1801 3525 1838; x_wconf 80' lang='lat' dir='ltr'><strong>con-</strong></span> 
     </span>
    </p>
   </div>
   <div class='ocr_carea' id='block_1_49' title="bbox 1921 1879 3518 1961">
    <p class='ocr_par' dir='ltr' id='par_1_49' title="bbox 1921 1879 3518 1961">
     <span class='ocr_line' id='line_1_49' title="bbox 1921 1879 3518 1961; baseline -0.009 -16"><span class='ocrx_word' id='word_1_376' title='bbox 1921 1900 2160 1961; x_wconf 82' lang='lat' dir='ltr'><strong>temptus</strong></span> <span class='ocrx_word' id='word_1_377' title='bbox 2189 1889 2282 1944; x_wconf 89' lang='lat' dir='ltr'><strong>Dei</strong></span> <span class='ocrx_word' id='word_1_378' title='bbox 2312 1898 2365 1942; x_wconf 88' lang='lat' dir='ltr'><strong>et</strong></span> <span class='ocrx_word' id='word_1_379' title='bbox 2397 1887 2717 1955; x_wconf 79' lang='lat' dir='ltr'><strong>impietatis.</strong></span> <span class='ocrx_word' id='word_1_380' title='bbox 2762 1882 2858 1937; x_wconf 83' lang='lat' dir='ltr'><strong>Est</strong></span> <span class='ocrx_word' id='word_1_381' title='bbox 2908 1882 3136 1952; x_wconf 86' lang='lat' dir='ltr'><strong>spiritus</strong></span> <span class='ocrx_word' id='word_1_382' title='bbox 3185 1879 3518 1941; x_wconf 79' lang='lat' dir='ltr'><strong>intellectus,</strong></span> 
     </span>
    </p>
   </div>
   <div class='ocr_carea' id='block_1_50' title="bbox 1919 1974 3528 2050">
    <p class='ocr_par' dir='ltr' id='par_1_50' title="bbox 1919 1974 3528 2050">
     <span class='ocr_line' id='line_1_50' title="bbox 1919 1974 3528 2050; baseline -0.01 -11"><span class='ocrx_word' id='word_1_383' title='bbox 1919 1996 2000 2039; x_wconf 89' lang='lat' dir='ltr'><strong>est</strong></span> <span class='ocrx_word' id='word_1_384' title='bbox 2034 2000 2063 2037; x_wconf 87' lang='lat' dir='ltr'><strong>e.</strong></span> <span class='ocrx_word' id='word_1_385' title='bbox 2094 1984 2308 2038; x_wconf 85' lang='lat' dir='ltr'><strong>diverso</strong></span> <span class='ocrx_word' id='word_1_386' title='bbox 2333 1981 2558 2050; x_wconf 89' lang='lat' dir='ltr'><strong>spiritus</strong></span> <span class='ocrx_word' id='word_1_387' title='bbox 2593 1977 2942 2034; x_wconf 86' lang='lat' dir='ltr'><strong>hebetudinis</strong></span> <span class='ocrx_word' id='word_1_388' title='bbox 3001 1974 3277 2028; x_wconf 84' lang='lat' dir='ltr'><strong>intellectu</strong></span> <span class='ocrx_word' id='word_1_389' title='bbox 3330 1985 3528 2026; x_wconf 81' lang='lat' dir='ltr'><strong>caren-</strong></span> 
     </span>
    </p>
   </div>
   <div class='ocr_carea' id='block_1_51' title="bbox 1923 2063 3527 2143">
    <p class='ocr_par' dir='ltr' id='par_1_51' title="bbox 1923 2063 3527 2143">
     <span class='ocr_line' id='line_1_51' title="bbox 1923 2063 3527 2143; baseline -0.011 -11"><span class='ocrx_word' id='word_1_390' title='bbox 1923 2078 2010 2143; x_wconf 85' lang='lat' dir='ltr'><strong>tis,</strong></span> <span class='ocrx_word' id='word_1_391' title='bbox 2036 2085 2089 2131; x_wconf 91' lang='lat' dir='ltr'><strong>et</strong></span> <span class='ocrx_word' id='word_1_392' title='bbox 2124 2077 2202 2131; x_wconf 88' lang='lat' dir='ltr'><strong>sic</strong></span> <span class='ocrx_word' id='word_1_393' title='bbox 2230 2075 2296 2129; x_wconf 90' lang='lat' dir='ltr'><strong>de</strong></span> <span class='ocrx_word' id='word_1_394' title='bbox 2325 2075 2467 2128; x_wconf 90' lang='lat' dir='ltr'><strong>aliis.</strong></span> <span class='ocrx_word' id='word_1_395' title='bbox 2500 2071 2684 2141; x_wconf 80' lang='lat' dir='ltr'><strong>Itaque</strong></span> <span class='ocrx_word' id='word_1_396' title='bbox 2717 2071 2818 2124; x_wconf 90' lang='lat' dir='ltr'><strong>nisi</strong></span> <span class='ocrx_word' id='word_1_397' title='bbox 2852 2069 3146 2138; x_wconf 79' lang='lat' dir='ltr'><strong>ejiciantur</strong></span> <span class='ocrx_word' id='word_1_398' title='bbox 3167 2073 3376 2132; x_wconf 88' lang='lat' dir='ltr'><strong>septem</strong></span> <span class='ocrx_word' id='word_1_399' title='bbox 3412 2063 3527 2133; x_wconf 76' lang='lat' dir='ltr'><strong>spi-</strong></span> 
     </span>
    </p>
   </div>
   <div class='ocr_carea' id='block_1_52' title="bbox 1925 2154 3526 2232">
    <p class='ocr_par' dir='ltr' id='par_1_52' title="bbox 1925 2154 3526 2232">
     <span class='ocr_line' id='line_1_52' title="bbox 1925 2154 3526 2232; baseline -0.009 -9"><span class='ocrx_word' id='word_1_400' title='bbox 1925 2174 2062 2226; x_wconf 85' lang='lat' dir='ltr'><strong>ritus</strong></span> <span class='ocrx_word' id='word_1_401' title='bbox 2089 2170 2311 2224; x_wconf 67' lang='lat' dir='ltr'><strong>malitia:</strong></span> <span class='ocrx_word' id='word_1_402' title='bbox 2377 2171 2443 2222; x_wconf 89' lang='lat' dir='ltr'><strong>ab</strong></span> <span class='ocrx_word' id='word_1_403' title='bbox 2517 2170 2722 2229; x_wconf 72' lang='lat' dir='ltr'><strong>anima,</strong></span> <span class='ocrx_word' id='word_1_404' title='bbox 2785 2179 2893 2218; x_wconf 90' lang='lat' dir='ltr'><strong>non</strong></span> <span class='ocrx_word' id='word_1_405' title='bbox 2941 2170 3120 2232; x_wconf 85' lang='lat' dir='ltr'><strong>potest</strong></span> <span class='ocrx_word' id='word_1_406' title='bbox 3182 2160 3306 2228; x_wconf 87' lang='lat' dir='ltr'><strong>quis</strong></span> <span class='ocrx_word' id='word_1_407' title='bbox 3369 2154 3526 2225; x_wconf 88' lang='lat' dir='ltr'><strong>sequi</strong></span> 
     </span>
    </p>
   </div>
   <div class='ocr_carea' id='block_1_53' title="bbox 1920 2253 3526 2330">
    <p class='ocr_par' dir='ltr' id='par_1_53' title="bbox 1920 2253 3526 2330">
     <span class='ocr_line' id='line_1_53' title="bbox 1920 2253 3526 2330; baseline -0.011 -11"><span class='ocrx_word' id='word_1_408' title='bbox 1920 2263 2223 2319; x_wconf 90' lang='lat' dir='ltr'><strong>Christum.</strong></span> <span class='ocrx_word' id='word_1_409' title='bbox 2253 2261 2484 2330; x_wconf 87' lang='lat' dir='ltr'><strong>Oportet</strong></span> <span class='ocrx_word' id='word_1_410' title='bbox 2509 2260 2654 2314; x_wconf 85' lang='lat' dir='ltr'><strong>enim</strong></span> <span class='ocrx_word' id='word_1_411' title='bbox 2690 2257 2925 2327; x_wconf 89' lang='lat' dir='ltr'><strong>primum</strong></span> <span class='ocrx_word' id='word_1_412' title='bbox 2957 2253 3082 2323; x_wconf 89' lang='lat' dir='ltr'><strong>ejici</strong></span> <span class='ocrx_word' id='word_1_413' title='bbox 3117 2253 3442 2315; x_wconf 80' lang='lat' dir='ltr'><strong>daemonem,</strong></span> <span class='ocrx_word' id='word_1_414' title='bbox 3468 2255 3526 2303; x_wconf 88' lang='lat' dir='ltr'><strong>et</strong></span> 
     </span>
    </p>
   </div>
   <div class='ocr_carea' id='block_1_54' title="bbox 1922 2351 2717 2410">
    <p class='ocr_par' dir='ltr' id='par_1_54' title="bbox 1922 2351 2717 2410">
     <span class='ocr_line' id='line_1_54' title="bbox 1922 2351 2717 2410; baseline -0.006 -2"><span class='ocrx_word' id='word_1_415' title='bbox 1922 2367 2050 2410; x_wconf 80' lang='lat' dir='ltr'><strong>tunc</strong></span> <span class='ocrx_word' id='word_1_416' title='bbox 2080 2354 2384 2407; x_wconf 77' lang='lat' dir='ltr'><strong>inhabitare</strong></span> <span class='ocrx_word' id='word_1_417' title='bbox 2418 2351 2717 2406; x_wconf 82' lang='lat' dir='ltr'><strong>ChriStum.</strong></span> 
     </span>
    </p>
   </div>
   <div class='ocr_carea' id='block_1_55' title="bbox 1994 2435 3524 2509">
    <p class='ocr_par' dir='ltr' id='par_1_55' title="bbox 1994 2435 3524 2509">
     <span class='ocr_line' id='line_1_55' title="bbox 1994 2435 3524 2509; baseline -0.01 -5"><span class='ocrx_word' id='word_1_418' title='bbox 1994 2450 2159 2504; x_wconf 69' lang='lat' dir='ltr'><strong>Vsus.</strong></span> <span class='ocrx_word' id='word_1_419' title='bbox 2181 2445 2510 2502; x_wconf 70' lang='lat' dir='ltr'><strong>4—10.tCtttn</strong></span> <span class='ocrx_word' id='word_1_420' title='bbox 2538 2453 2715 2497; x_wconf 89' lang='lat' dir='ltr'><strong>autem</strong></span> <span class='ocrx_word' id='word_1_421' title='bbox 2740 2442 2896 2496; x_wconf 87' lang='lat' dir='ltr'><strong>turba</strong></span> <span class='ocrx_word' id='word_1_422' title='bbox 2923 2439 3156 2509; x_wconf 88' lang='lat' dir='ltr'><strong>plurima</strong></span> <span class='ocrx_word' id='word_1_423' title='bbox 3187 2435 3524 2499; x_wconf 85' lang='lat' dir='ltr'><strong>conveniret,</strong></span> 
     </span>
    </p>
   </div>
   <div class='ocr_carea' id='block_1_56' title="bbox 1923 2529 3534 2610">
    <p class='ocr_par' dir='ltr' id='par_1_56' title="bbox 1923 2529 3534 2610">
     <span class='ocr_line' id='line_1_56' title="bbox 1923 2529 3534 2610; baseline -0.01 -13"><span class='ocrx_word' id='word_1_424' title='bbox 1923 2552 2016 2598; x_wconf 91' lang='lat' dir='ltr'><strong>ete</strong></span> <span class='ocrx_word' id='word_1_425' title='bbox 2035 2540 2263 2610; x_wconf 80' lang='lat' dir='ltr'><strong>singulis</strong></span> <span class='ocrx_word' id='word_1_426' title='bbox 2278 2537 2590 2593; x_wconf 77' lang='lat' dir='ltr'><strong>civitatibus</strong></span> <span class='ocrx_word' id='word_1_427' title='bbox 2629 2543 2988 2606; x_wconf 79' lang='lat' dir='ltr'><strong>properarent</strong></span> <span class='ocrx_word' id='word_1_428' title='bbox 3007 2533 3072 2585; x_wconf 87' lang='lat' dir='ltr'><strong>ad</strong></span> <span class='ocrx_word' id='word_1_429' title='bbox 3101 2547 3247 2597; x_wconf 91' lang='lat' dir='ltr'><strong>eutn,</strong></span> <span class='ocrx_word' id='word_1_430' title='bbox 3267 2529 3403 2584; x_wconf 76' lang='lat' dir='ltr'><strong>dixit</strong></span> <span class='ocrx_word' id='word_1_431' title='bbox 3435 2543 3534 2598; x_wconf 90' lang='lat' dir='ltr'><strong>per</strong></span> 
     </span>
    </p>
   </div>
   <div class='ocr_carea' id='block_1_57' title="bbox 1923 2621 3534 2698">
    <p class='ocr_par' dir='ltr' id='par_1_57' title="bbox 1923 2621 3534 2698">
     <span class='ocr_line' id='line_1_57' title="bbox 1923 2621 3534 2698; baseline -0.011 -7"><span class='ocrx_word' id='word_1_432' title='bbox 1923 2634 2334 2691; x_wconf 84' lang='lat' dir='ltr'><strong>similitudinem</strong></span> <span class='ocrx_word' id='word_1_433' title='bbox 2363 2631 2538 2686; x_wconf 81' lang='lat' dir='ltr'><strong>:Exiit</strong></span> <span class='ocrx_word' id='word_1_434' title='bbox 2560 2629 2649 2698; x_wconf 91' lang='lat' dir='ltr'><strong>qui</strong></span> <span class='ocrx_word' id='word_1_435' title='bbox 2674 2637 2972 2683; x_wconf 88' lang='lat' dir='ltr'><strong>sementem</strong></span> <span class='ocrx_word' id='word_1_436' title='bbox 2999 2625 3256 2687; x_wconf 83' lang='lat' dir='ltr'><strong>faciebat,</strong></span> <span class='ocrx_word' id='word_1_437' title='bbox 3280 2623 3345 2676; x_wconf 88' lang='lat' dir='ltr'><strong>ad</strong></span> <span class='ocrx_word' id='word_1_438' title='bbox 3363 2621 3534 2677; x_wconf 86' lang='lat' dir='ltr'><strong>semi-</strong></span> 
     </span>
    </p>
   </div>
   <div class='ocr_carea' id='block_1_58' title="bbox 1925 2713 3533 2782">
    <p class='ocr_par' dir='ltr' id='par_1_58' title="bbox 1925 2713 3533 2782">
     <span class='ocr_line' id='line_1_58' title="bbox 1925 2713 3533 2782; baseline -0.01 0"><span class='ocrx_word' id='word_1_439' title='bbox 1925 2727 2162 2782; x_wconf 90' lang='lat' dir='ltr'><strong>nandum</strong></span> <span class='ocrx_word' id='word_1_440' title='bbox 2211 2738 2397 2779; x_wconf 88' lang='lat' dir='ltr'><strong>semen</strong></span> <span class='ocrx_word' id='word_1_441' title='bbox 2449 2737 2605 2777; x_wconf 90' lang='lat' dir='ltr'><strong>suum</strong></span> <span class='ocrx_word' id='word_1_442' title='bbox 2646 2730 2742 2775; x_wconf 87' lang='lat' dir='ltr'><strong>:et</strong></span> <span class='ocrx_word' id='word_1_443' title='bbox 2781 2721 2921 2774; x_wconf 92' lang='lat' dir='ltr'><strong>inter</strong></span> <span class='ocrx_word' id='word_1_444' title='bbox 2947 2716 3353 2779; x_wconf 84' lang='lat' dir='ltr'><strong>seminandum,</strong></span> <span class='ocrx_word' id='word_1_445' title='bbox 3388 2713 3533 2768; x_wconf 81' lang='lat' dir='ltr'><strong>aliud</strong></span> 
     </span>
    </p>
   </div>
   <div class='ocr_carea' id='block_1_59' title="bbox 1929 2807 3539 2881">
    <p class='ocr_par' dir='ltr' id='par_1_59' title="bbox 1929 2807 3539 2881">
     <span class='ocr_line' id='line_1_59' title="bbox 1929 2807 3539 2881; baseline -0.008 -7"><span class='ocrx_word' id='word_1_446' title='bbox 1929 2820 2125 2874; x_wconf 88' lang='lat' dir='ltr'><strong>cecidit</strong></span> <span class='ocrx_word' id='word_1_447' title='bbox 2179 2818 2324 2871; x_wconf 88' lang='lat' dir='ltr'><strong>circa</strong></span> <span class='ocrx_word' id='word_1_448' title='bbox 2363 2817 2526 2881; x_wconf 87' lang='lat' dir='ltr'><strong>viam,</strong></span> <span class='ocrx_word' id='word_1_449' title='bbox 2562 2823 2616 2868; x_wconf 89' lang='lat' dir='ltr'><strong>et</strong></span> <span class='ocrx_word' id='word_1_450' title='bbox 2638 2812 3014 2868; x_wconf 88' lang='lat' dir='ltr'><strong>conculcattnn</strong></span> <span class='ocrx_word' id='word_1_451' title='bbox 3064 2820 3169 2878; x_wconf 89' lang='lat' dir='ltr'><strong>est,</strong></span> <span class='ocrx_word' id='word_1_452' title='bbox 3202 2817 3256 2864; x_wconf 90' lang='lat' dir='ltr'><strong>et</strong></span> <span class='ocrx_word' id='word_1_453' title='bbox 3290 2807 3539 2861; x_wconf 80' lang='lat' dir='ltr'><strong>volucres</strong></span> 
     </span>
    </p>
   </div>
   <div class='ocr_carea' id='block_1_60' title="bbox 1925 2905 3534 2970">
    <p class='ocr_par' dir='ltr' id='par_1_60' title="bbox 1925 2905 3534 2970">
     <span class='ocr_line' id='line_1_60' title="bbox 1925 2905 3534 2970; baseline -0.009 -2"><span class='ocrx_word' id='word_1_454' title='bbox 1925 2912 2052 2968; x_wconf 87' lang='lat' dir='ltr'><strong>coeli</strong></span> <span class='ocrx_word' id='word_1_455' title='bbox 2074 2911 2428 2966; x_wconf 89' lang='lat' dir='ltr'><strong>comederunt</strong></span> <span class='ocrx_word' id='word_1_456' title='bbox 2453 2908 2606 2962; x_wconf 92' lang='lat' dir='ltr'><strong>illud.</strong></span> <span class='ocrx_word' id='word_1_457' title='bbox 2637 2905 2703 2961; x_wconf 84' lang='lat' dir='ltr'><strong>Et</strong></span> <span class='ocrx_word' id='word_1_458' title='bbox 2736 2905 2878 2961; x_wconf 84' lang='lat' dir='ltr'><strong>aliud</strong></span> <span class='ocrx_word' id='word_1_459' title='bbox 2908 2905 3108 2960; x_wconf 77' lang='lat' dir='ltr'><strong>cecidit</strong></span> <span class='ocrx_word' id='word_1_460' title='bbox 3133 2917 3297 2969; x_wconf 87' lang='lat' dir='ltr'><strong>super</strong></span> <span class='ocrx_word' id='word_1_461' title='bbox 3323 2909 3534 2970; x_wconf 85' lang='lat' dir='ltr'><strong>petram</strong></span> 
     </span>
    </p>
   </div>
   <div class='ocr_carea' id='block_1_61' title="bbox 1927 2988 3542 3070">
    <p class='ocr_par' dir='ltr' id='par_1_61' title="bbox 1927 2988 3542 3070">
     <span class='ocr_line' id='line_1_61' title="bbox 1927 2988 3542 3070; baseline -0.01 -12"><span class='ocrx_word' id='word_1_462' title='bbox 1927 3017 1980 3058; x_wconf 90' lang='lat' dir='ltr'><strong>et</strong></span> <span class='ocrx_word' id='word_1_463' title='bbox 2042 3013 2261 3059; x_wconf 89' lang='lat' dir='ltr'><strong>enatum</strong></span> <span class='ocrx_word' id='word_1_464' title='bbox 2305 3004 2470 3066; x_wconf 83' lang='lat' dir='ltr'><strong>aruit,</strong></span> <span class='ocrx_word' id='word_1_465' title='bbox 2541 3000 2668 3070; x_wconf 87' lang='lat' dir='ltr'><strong>quia</strong></span> <span class='ocrx_word' id='word_1_466' title='bbox 2705 3014 2808 3053; x_wconf 91' lang='lat' dir='ltr'><strong>non</strong></span> <span class='ocrx_word' id='word_1_467' title='bbox 2838 2998 3074 3053; x_wconf 87' lang='lat' dir='ltr'><strong>habebat</strong></span> <span class='ocrx_word' id='word_1_468' title='bbox 3120 2996 3429 3050; x_wconf 85' lang='lat' dir='ltr'><strong>humorem.</strong></span> <span class='ocrx_word' id='word_1_469' title='bbox 3471 2988 3542 3044; x_wconf 82' lang='lat' dir='ltr'><strong>Et</strong></span> 
     </span>
    </p>
   </div>
   <div class='ocr_carea' id='block_1_62' title="bbox 231 3083 1824 3161">
    <p class='ocr_par' dir='ltr' id='par_1_62' title="bbox 231 3083 1824 3157">
     <span class='ocr_line' id='line_1_62' title="bbox 231 3083 1824 3157; baseline -0.003 -16"><span class='ocrx_word' id='word_1_470' title='bbox 231 3087 422 3157; x_wconf 72' lang='grc' dir='ltr'>ἕτερον</span> <span class='ocrx_word' id='word_1_471' title='bbox 453 3087 648 3138; x_wconf 76' lang='grc' dir='ltr'>ἕπεσεν</span> <span class='ocrx_word' id='word_1_472' title='bbox 677 3087 734 3137; x_wconf 85' lang='grc' dir='ltr'>ὲν</span> <span class='ocrx_word' id='word_1_473' title='bbox 763 3085 912 3154; x_wconf 81' lang='grc' dir='ltr'>μέσῳ</span> <span class='ocrx_word' id='word_1_474' title='bbox 943 3085 1052 3138; x_wconf 83' lang='grc' dir='ltr'>τῶν</span> <span class='ocrx_word' id='word_1_475' title='bbox 1074 3083 1348 3149; x_wconf 77' lang='grc' dir='ltr'>ἀκανθῶν,</span> <span class='ocrx_word' id='word_1_476' title='bbox 1377 3086 1468 3137; x_wconf 67' lang='grc' dir='ltr'><strong>καὶ</strong></span> <span class='ocrx_word' id='word_1_477' title='bbox 1494 3088 1824 3153; x_wconf 65' lang='grc' dir='ltr'>συμφυεῖσαι</span> 
     </span>
    </p>
   </div>
   <div class='ocr_carea' id='block_1_63' title="bbox 1932 3083 3542 3161">
    <p class='ocr_par' dir='ltr' id='par_1_63' title="bbox 1939 3083 3542 3161">
     <span class='ocr_line' id='line_1_63' title="bbox 1939 3083 3542 3161; baseline -0.007 -13"><span class='ocrx_word' id='word_1_478' title='bbox 1939 3096 2083 3149; x_wconf 90' lang='lat' dir='ltr'><strong>aliud</strong></span> <span class='ocrx_word' id='word_1_479' title='bbox 2142 3094 2338 3148; x_wconf 86' lang='lat' dir='ltr'><strong>cecidit</strong></span> <span class='ocrx_word' id='word_1_480' title='bbox 2389 3094 2534 3146; x_wconf 89' lang='lat' dir='ltr'><strong>inter</strong></span> <span class='ocrx_word' id='word_1_481' title='bbox 2583 3092 2793 3161; x_wconf 82' lang='lat' dir='ltr'><strong>spinas,</strong></span> <span class='ocrx_word' id='word_1_482' title='bbox 2849 3099 2903 3144; x_wconf 92' lang='lat' dir='ltr'><strong>et</strong></span> <span class='ocrx_word' id='word_1_483' title='bbox 2953 3087 3114 3143; x_wconf 89' lang='lat' dir='ltr'><strong>simul</strong></span> <span class='ocrx_word' id='word_1_484' title='bbox 3161 3093 3339 3141; x_wconf 78' lang='lat' dir='ltr'><strong>enatte</strong></span> <span class='ocrx_word' id='word_1_485' title='bbox 3367 3083 3542 3153; x_wconf 80' lang='lat' dir='ltr'><strong>spina:</strong></span> 
     </span>
    </p>
   </div>
   <div class='ocr_carea' id='block_1_64' title="bbox 232 3178 1826 3248">
    <p class='ocr_par' dir='ltr' id='par_1_64' title="bbox 232 3178 1826 3248">
     <span class='ocr_line' id='line_1_64' title="bbox 232 3178 1826 3248; baseline -0.003 -14"><span class='ocrx_word' id='word_1_486' title='bbox 232 3182 290 3233; x_wconf 75' lang='lat' dir='ltr'><strong>al</strong></span> <span class='ocrx_word' id='word_1_487' title='bbox 319 3179 553 3234; x_wconf 77' lang='grc' dir='ltr'>ἄκανθαι</span> <span class='ocrx_word' id='word_1_488' title='bbox 593 3178 899 3241; x_wconf 80' lang='grc' dir='ltr'>ἀπέπνιξαν</span> <span class='ocrx_word' id='word_1_489' title='bbox 937 3179 1086 3230; x_wconf 71' lang='grc' dir='ltr'>αὑτό.</span> <span class='ocrx_word' id='word_1_490' title='bbox 1125 3179 1234 3230; x_wconf 71' lang='grc' dir='ltr'>Καὶ</span> <span class='ocrx_word' id='word_1_491' title='bbox 1279 3178 1466 3248; x_wconf 70' lang='grc' dir='ltr'>ἕτερον</span> <span class='ocrx_word' id='word_1_492' title='bbox 1513 3179 1708 3230; x_wconf 80' lang='grc' dir='ltr'>ἔπεσεν</span> <span class='ocrx_word' id='word_1_493' title='bbox 1747 3180 1826 3240; x_wconf 80' lang='grc' dir='ltr'>εἰς</span> 
     </span>
    </p>
   </div>
   <div class='ocr_carea' id='block_1_65' title="bbox 235 3269 1827 3342">
    <p class='ocr_par' dir='ltr' id='par_1_65' title="bbox 235 3269 1827 3342">
     <span class='ocr_line' id='line_1_65' title="bbox 235 3269 1827 3342; baseline -0.004 -18"><span class='ocrx_word' id='word_1_494' title='bbox 235 3271 336 3342; x_wconf 79' lang='grc' dir='ltr'>τὴν</span> <span class='ocrx_word' id='word_1_495' title='bbox 366 3271 468 3339; x_wconf 79' lang='grc' dir='ltr'><strong>γῆν</strong></span> <span class='ocrx_word' id='word_1_496' title='bbox 501 3270 597 3338; x_wconf 80' lang='grc' dir='ltr'><strong>τὴν</strong></span> <span class='ocrx_word' id='word_1_497' title='bbox 630 3270 863 3338; x_wconf 73' lang='grc' dir='ltr'>ἀγαθὴν,</span> <span class='ocrx_word' id='word_1_498' title='bbox 897 3269 990 3321; x_wconf 64' lang='grc' dir='ltr'>καὶ</span> <span class='ocrx_word' id='word_1_499' title='bbox 1020 3269 1152 3337; x_wconf 73' lang='grc' dir='ltr'>φυὲν</span> <span class='ocrx_word' id='word_1_500' title='bbox 1199 3269 1421 3337; x_wconf 74' lang='grc' dir='ltr'>ἐποίησε</span> <span class='ocrx_word' id='word_1_501' title='bbox 1451 3270 1664 3338; x_wconf 61' lang='grc' dir='ltr'>καρπῖν</span> <span class='ocrx_word' id='word_1_502' title='bbox 1696 3269 1827 3319; x_wconf 69' lang='grc' dir='ltr'>ἐκα-</span> 
     </span>
    </p>
   </div>
   <div class='ocr_carea' id='block_1_66' title="bbox 225 3352 1828 3428">
    <p class='ocr_par' dir='ltr' id='par_1_66' title="bbox 225 3352 1828 3428">
     <span class='ocr_line' id='line_1_66' title="bbox 225 3352 1828 3428; baseline -0.007 -9"><span class='ocrx_word' id='word_1_503' title='bbox 225 3364 697 3419; x_wconf 68' lang='grc' dir='ltr'>πονταπλασίονα.</span> <span class='ocrx_word' id='word_1_504' title='bbox 739 3361 927 3414; x_wconf 81' lang='grc' dir='ltr'>Ταῦτα</span> <span class='ocrx_word' id='word_1_505' title='bbox 950 3361 1143 3428; x_wconf 80' lang='grc' dir='ltr'>λέγων,</span> <span class='ocrx_word' id='word_1_506' title='bbox 1192 3360 1410 3427; x_wconf 78' lang='grc' dir='ltr'>ἐφώνει,</span> <span class='ocrx_word' id='word_1_507' title='bbox 1452 3358 1509 3411; x_wconf 83' lang='grc'><strong>⁸0</strong></span> <span class='ocrx_word' id='word_1_508' title='bbox 1547 3360 1685 3428; x_wconf 70' lang='grc' dir='ltr'>ἔχων</span> <span class='ocrx_word' id='word_1_509' title='bbox 1715 3352 1828 3409; x_wconf 69' lang='grc' dir='ltr'>ὦτοι</span> 
     </span>
    </p>
   </div>
   <div class='ocr_carea' id='block_1_67' title="bbox 240 3448 1832 3519">
    <p class='ocr_par' dir='ltr' id='par_1_67' title="bbox 240 3448 1832 3519">
     <span class='ocr_line' id='line_1_67' title="bbox 240 3448 1832 3519; baseline -0.008 -9"><span class='ocrx_word' id='word_1_510' title='bbox 240 3455 489 3514; x_wconf 72' lang='grc' dir='ltr'>ἀκούειν,</span> <span class='ocrx_word' id='word_1_511' title='bbox 528 3453 793 3506; x_wconf 75' lang='grc' dir='ltr'>ἀκουέτω.</span> <span class='ocrx_word' id='word_1_512' title='bbox 845 3451 1176 3519; x_wconf 80' lang='grc' dir='ltr'>Ἐπηρώτων</span> <span class='ocrx_word' id='word_1_513' title='bbox 1221 3449 1277 3501; x_wconf 77' lang='grc' dir='ltr'>δὲ</span> <span class='ocrx_word' id='word_1_514' title='bbox 1309 3449 1470 3501; x_wconf 75' lang='grc' dir='ltr'>αὑτὸν</span> <span class='ocrx_word' id='word_1_515' title='bbox 1501 3451 1548 3500; x_wconf 84' lang='grc' dir='ltr'>οἱ</span> <span class='ocrx_word' id='word_1_516' title='bbox 1589 3448 1832 3518; x_wconf 64' lang='grc' dir='ltr'>μαθηταὶ</span> 
     </span>
    </p>
   </div>
   <div class='ocr_carea' id='block_1_68' title="bbox 237 3541 1832 3612">
    <p class='ocr_par' dir='ltr' id='par_1_68' title="bbox 237 3541 1832 3612">
     <span class='ocr_line' id='line_1_68' title="bbox 237 3541 1832 3612; baseline -0.031 -9"><span class='ocrx_word' id='word_1_517' title='bbox 237 3548 428 3610; x_wconf 80' lang='grc' dir='ltr'>αὑτοῦ,</span> <span class='ocrx_word' id='word_1_518' title='bbox 475 3548 762 3612; x_wconf 82' lang='grc' dir='ltr'>λέγοντες,</span> <span class='ocrx_word' id='word_1_519' title='bbox 799 3545 878 3601; x_wconf 80' lang='grc' dir='ltr'><strong>τίς</strong></span> <span class='ocrx_word' id='word_1_520' title='bbox 930 3545 1015 3611; x_wconf 75' lang='grc' dir='ltr'>εἴη</span> <span class='ocrx_word' id='word_1_521' title='bbox 1071 3544 1100 3612; x_wconf 67' lang='grc' dir='ltr'>ἡ</span> <span class='ocrx_word' id='word_1_522' title='bbox 1138 3543 1423 3612; x_wconf 64' lang='grc' dir='ltr'><strong>παραϐολὴ</strong></span> <span class='ocrx_word' id='word_1_523' title='bbox 1462 3541 1630 3612; x_wconf 45' lang='grc' dir='ltr'>αἰτῇς</span> <span class='ocrx_word' id='word_1_524' title='bbox 1682 3542 1738 3593; x_wconf 68' lang='grc' dir='ltr'>Ὁ</span> <span class='ocrx_word' id='word_1_525' title='bbox 1775 3542 1832 3594; x_wconf 63' lang='grc' dir='ltr'><strong>δὲ</strong></span> 
     </span>
    </p>
   </div>
   <div class='ocr_carea' id='block_1_69' title="bbox 240 3634 1834 3707">
    <p class='ocr_par' dir='ltr' id='par_1_69' title="bbox 240 3634 1834 3707">
     <span class='ocr_line' id='line_1_69' title="bbox 240 3634 1834 3707; baseline -0.006 -12"><span class='ocrx_word' id='word_1_526' title='bbox 240 3638 428 3696; x_wconf 67' lang='grc' dir='ltr'>εἶπεν·</span> <span class='ocrx_word' id='word_1_527' title='bbox 469 3640 632 3707; x_wconf 75' lang='grc' dir='ltr'>Ὑμῖν</span> <span class='ocrx_word' id='word_1_528' title='bbox 668 3637 874 3689; x_wconf 78' lang='grc' dir='ltr'>δέδοται</span> <span class='ocrx_word' id='word_1_529' title='bbox 911 3635 1115 3700; x_wconf 81' lang='grc' dir='ltr'>γνῶναι</span> <span class='ocrx_word' id='word_1_530' title='bbox 1145 3635 1215 3686; x_wconf 77' lang='grc' dir='ltr'><strong>τὰ</strong></span> <span class='ocrx_word' id='word_1_531' title='bbox 1249 3636 1522 3704; x_wconf 76' lang='grc' dir='ltr'>μυστήρια</span> <span class='ocrx_word' id='word_1_532' title='bbox 1545 3637 1643 3704; x_wconf 71' lang='grc' dir='ltr'><strong>τῆς</strong></span> <span class='ocrx_word' id='word_1_533' title='bbox 1678 3634 1834 3702; x_wconf 81' lang='grc' dir='ltr'>βασι-</span> 
     </span>
    </p>
   </div>
   <div class='ocr_carea' id='block_1_70' title="bbox 237 3727 1836 3796">
    <p class='ocr_par' dir='ltr' id='par_1_70' title="bbox 237 3727 1836 3796">
     <span class='ocr_line' id='line_1_70' title="bbox 237 3727 1836 3796; baseline -0.004 -10"><span class='ocrx_word' id='word_1_534' title='bbox 237 3733 394 3796; x_wconf 70' lang='grc' dir='ltr'>λείας</span> <span class='ocrx_word' id='word_1_535' title='bbox 449 3730 543 3784; x_wconf 84' lang='grc' dir='ltr'><strong>τοῦ</strong></span> <span class='ocrx_word' id='word_1_536' title='bbox 591 3729 747 3791; x_wconf 84' lang='grc' dir='ltr'>Θεοῦ,</span> <span class='ocrx_word' id='word_1_537' title='bbox 779 3731 890 3790; x_wconf 79' lang='grc' dir='ltr'>τοῖς</span> <span class='ocrx_word' id='word_1_538' title='bbox 920 3727 978 3779; x_wconf 82' lang='grc' dir='ltr'>δὲ</span> <span class='ocrx_word' id='word_1_539' title='bbox 1011 3728 1218 3790; x_wconf 79' lang='grc' dir='ltr'>λοιποῖς</span> <span class='ocrx_word' id='word_1_540' title='bbox 1247 3729 1304 3779; x_wconf 78' lang='grc' dir='ltr'><strong>ἐν</strong></span> <span class='ocrx_word' id='word_1_541' title='bbox 1354 3727 1716 3795; x_wconf 74' lang='grc' dir='ltr'>παραϐολαῖς,</span> <span class='ocrx_word' id='word_1_542' title='bbox 1749 3728 1836 3779; x_wconf 83' lang='grc' dir='ltr'><strong>ἵνα</strong></span> 
     </span>
    </p>
   </div>
   <div class='ocr_carea' id='block_1_71' title="bbox 242 3819 1836 3898">
    <p class='ocr_par' dir='ltr' id='par_1_71' title="bbox 242 3819 1836 3898">
     <span class='ocr_line' id='line_1_71' title="bbox 242 3819 1836 3898; baseline -0.004 -20"><span class='ocrx_word' id='word_1_543' title='bbox 242 3825 535 3898; x_wconf 76' lang='grc' dir='ltr'>βλέποντες</span> <span class='ocrx_word' id='word_1_544' title='bbox 599 3823 671 3892; x_wconf 74' lang='grc' dir='ltr'><strong>μὴ</strong></span> <span class='ocrx_word' id='word_1_545' title='bbox 722 3821 987 3891; x_wconf 78' lang='grc' dir='ltr'>βλέπωσι,</span> <span class='ocrx_word' id='word_1_546' title='bbox 1055 3822 1151 3872; x_wconf 69' lang='grc' dir='ltr'><strong>καὶ</strong></span> <span class='ocrx_word' id='word_1_547' title='bbox 1199 3819 1488 3882; x_wconf 83' lang='grc' dir='ltr'>ἀκούοντες</span> <span class='ocrx_word' id='word_1_548' title='bbox 1527 3819 1600 3890; x_wconf 77' lang='grc' dir='ltr'>μὴ</span> <span class='ocrx_word' id='word_1_549' title='bbox 1643 3819 1836 3872; x_wconf 73' lang='grc' dir='ltr'>συνιώ-</span> 
     </span>
    </p>
   </div>
   <div class='ocr_carea' id='block_1_72' title="bbox 243 3910 1837 3985">
    <p class='ocr_par' dir='ltr' id='par_1_72' title="bbox 243 3910 1837 3985">
     <span class='ocr_line' id='line_1_72' title="bbox 243 3910 1837 3985; baseline -0.004 -14"><span class='ocrx_word' id='word_1_550' title='bbox 243 3935 350 3972; x_wconf 87' lang='grc' dir='ltr'>σιν.</span> <span class='ocrx_word' id='word_1_551' title='bbox 397 3936 414 3969; x_wconf 77' lang='grc' dir='ltr'><strong>ι</strong></span> <span class='ocrx_word' id='word_1_552' title='bbox 452 3914 633 3985; x_wconf 81' lang='grc' dir='ltr'>Ὀπερ</span> <span class='ocrx_word' id='word_1_553' title='bbox 663 3910 816 3968; x_wconf 78' lang='grc' dir='ltr'>εἶπεν</span> <span class='ocrx_word' id='word_1_554' title='bbox 846 3915 873 3964; x_wconf 98' lang='lat'><strong>6</strong></span> <span class='ocrx_word' id='word_1_555' title='bbox 903 3911 1066 3964; x_wconf 78' lang='grc' dir='ltr'><strong>Δαυῖδ</strong></span> <span class='ocrx_word' id='word_1_556' title='bbox 1092 3912 1259 3964; x_wconf 76' lang='grc' dir='ltr'>πάλαι</span> <span class='ocrx_word' id='word_1_557' title='bbox 1297 3913 1355 3964; x_wconf 77' lang='grc' dir='ltr'>ἐν</span> <span class='ocrx_word' id='word_1_558' title='bbox 1389 3911 1667 3982; x_wconf 83' lang='grc' dir='ltr'>προσώπῳ</span> <span class='ocrx_word' id='word_1_559' title='bbox 1699 3913 1837 3981; x_wconf 71' lang='grc' dir='ltr'>Χριο</span> 
     </span>
    </p>
   </div>
   <div class='ocr_carea' id='block_1_73' title="bbox 242 4003 1837 4073">
    <p class='ocr_par' dir='ltr' id='par_1_73' title="bbox 242 4003 1837 4073">
     <span class='ocr_line' id='line_1_73' title="bbox 242 4003 1837 4073; baseline -0.005 -10"><span class='ocrx_word' id='word_1_560' title='bbox 242 4009 397 4072; x_wconf 82' lang='grc' dir='ltr'>στοῦ,</span> <span class='ocrx_word' id='word_1_561' title='bbox 424 4005 583 4060; x_wconf 89' lang='grc' dir='ltr'>τοῦτο</span> <span class='ocrx_word' id='word_1_562' title='bbox 612 4005 706 4058; x_wconf 84' lang='grc' dir='ltr'><strong>νῦν</strong></span> <span class='ocrx_word' id='word_1_563' title='bbox 739 4003 922 4072; x_wconf 76' lang='grc' dir='ltr'><strong>ἐξέϐη.</strong></span> <span class='ocrx_word' id='word_1_564' title='bbox 941 4004 1166 4068; x_wconf 81' lang='grc' dir='ltr'>Ἀνοίξω</span> <span class='ocrx_word' id='word_1_565' title='bbox 1184 4005 1313 4073; x_wconf 72' lang='grc' dir='ltr'>γὰρ,</span> <span class='ocrx_word' id='word_1_566' title='bbox 1345 4006 1532 4073; x_wconf 71' lang='grc' dir='ltr'>φησιν,</span> <span class='ocrx_word' id='word_1_567' title='bbox 1563 4005 1619 4055; x_wconf 82' lang='grc' dir='ltr'>ἐν</span> <span class='ocrx_word' id='word_1_568' title='bbox 1656 4020 1837 4072; x_wconf 71' lang='grc' dir='ltr'>παρα-</span> 
     </span>
    </p>
   </div>
   <div class='ocr_carea' id='block_1_74' title="bbox 244 4097 1840 4168">
    <p class='ocr_par' dir='ltr' id='par_1_74' title="bbox 244 4097 1840 4168">
     <span class='ocr_line' id='line_1_74' title="bbox 244 4097 1840 4168; baseline -0.006 -12"><span class='ocrx_word' id='word_1_569' title='bbox 244 4103 433 4164; x_wconf 73' lang='grc' dir='ltr'>ϐολαῖς</span> <span class='ocrx_word' id='word_1_570' title='bbox 472 4101 534 4152; x_wconf 73' lang='grc' dir='ltr'>τδ</span> <span class='ocrx_word' id='word_1_571' title='bbox 586 4099 763 4168; x_wconf 75' lang='grc' dir='ltr'>στόμα</span> <span class='ocrx_word' id='word_1_572' title='bbox 822 4115 946 4166; x_wconf 88' lang='grc' dir='ltr'>μου.</span> <span class='ocrx_word' id='word_1_573' title='bbox 989 4097 1292 4164; x_wconf 72' lang='grc' dir='ltr'>Φοέγγεται</span> <span class='ocrx_word' id='word_1_574' title='bbox 1345 4098 1524 4149; x_wconf 47' lang='grc' dir='ltr'>τοίνυν</span> <span class='ocrx_word' id='word_1_575' title='bbox 1574 4097 1601 4148; x_wconf 92' lang='lat'><strong>6</strong></span> <span class='ocrx_word' id='word_1_576' title='bbox 1636 4097 1840 4164; x_wconf 74' lang='grc' dir='ltr'>Κύριος</span> 
     </span>
    </p>
   </div>
   <div class='ocr_carea' id='block_1_75' title="bbox 243 4188 1841 4266">
    <p class='ocr_par' dir='ltr' id='par_1_75' title="bbox 243 4188 1841 4266">
     <span class='ocr_line' id='line_1_75' title="bbox 243 4188 1841 4266; baseline -0.004 -19"><span class='ocrx_word' id='word_1_577' title='bbox 243 4193 635 4266; x_wconf 70' lang='grc' dir='ltr'>παραδολικῶς</span> <span class='ocrx_word' id='word_1_578' title='bbox 688 4191 777 4242; x_wconf 75' lang='grc' dir='ltr'>διὰ</span> <span class='ocrx_word' id='word_1_579' title='bbox 811 4189 1008 4242; x_wconf 65' lang='grc' dir='ltr'>πολλὰ·</span> <span class='ocrx_word' id='word_1_580' title='bbox 1049 4191 1144 4242; x_wconf 74' lang='grc' dir='ltr'>καὶ</span> <span class='ocrx_word' id='word_1_581' title='bbox 1193 4192 1278 4241; x_wconf 81' lang='grc' dir='ltr'><strong>ἵνα</strong></span> <span class='ocrx_word' id='word_1_582' title='bbox 1323 4188 1433 4258; x_wconf 76' lang='grc' dir='ltr'>γὰρ</span> <span class='ocrx_word' id='word_1_583' title='bbox 1467 4206 1841 4258; x_wconf 82' lang='grc' dir='ltr'>προσεκτικω-</span> 
     </span>
    </p>
   </div>
   <div class='ocr_carea' id='block_1_76' title="bbox 244 4281 1840 4359">
    <p class='ocr_par' dir='ltr' id='par_1_76' title="bbox 244 4281 1840 4359">
     <span class='ocr_line' id='line_1_76' title="bbox 244 4281 1840 4359; baseline -0.005 -18"><span class='ocrx_word' id='word_1_584' title='bbox 244 4289 436 4359; x_wconf 81' lang='grc' dir='ltr'>τέρους</span> <span class='ocrx_word' id='word_1_585' title='bbox 470 4286 676 4357; x_wconf 79' lang='grc' dir='ltr'>ποιήσῃ</span> <span class='ocrx_word' id='word_1_586' title='bbox 704 4285 826 4344; x_wconf 77' lang='grc' dir='ltr'>τοὺς</span> <span class='ocrx_word' id='word_1_587' title='bbox 867 4281 1192 4347; x_wconf 77' lang='grc' dir='ltr'>ἀκούοντας,</span> <span class='ocrx_word' id='word_1_588' title='bbox 1225 4284 1320 4335; x_wconf 77' lang='grc' dir='ltr'>καὶ</span> <span class='ocrx_word' id='word_1_589' title='bbox 1346 4283 1594 4351; x_wconf 80' lang='grc' dir='ltr'>διεγείρῃ</span> <span class='ocrx_word' id='word_1_590' title='bbox 1655 4283 1840 4345; x_wconf 75' lang='grc' dir='ltr'>αὐτοῖς</span> 
     </span>
    </p>
   </div>
   <div class='ocr_carea' id='block_1_77' title="bbox 246 4374 1841 4446">
    <p class='ocr_par' dir='ltr' id='par_1_77' title="bbox 246 4374 1841 4446">
     <span class='ocr_line' id='line_1_77' title="bbox 246 4374 1841 4446; baseline -0.006 -12"><span class='ocrx_word' id='word_1_591' title='bbox 246 4381 341 4434; x_wconf 78' lang='grc' dir='ltr'><strong>τὸν</strong></span> <span class='ocrx_word' id='word_1_592' title='bbox 371 4377 496 4433; x_wconf 83' lang='grc' dir='ltr'>νοῦν</span> <span class='ocrx_word' id='word_1_593' title='bbox 525 4381 602 4440; x_wconf 78' lang='grc' dir='ltr'>εἰς</span> <span class='ocrx_word' id='word_1_594' title='bbox 637 4378 868 4446; x_wconf 77' lang='grc' dir='ltr'>ζήτησιν</span> <span class='ocrx_word' id='word_1_595' title='bbox 897 4376 1005 4428; x_wconf 81' lang='grc' dir='ltr'><strong>τῶν</strong></span> <span class='ocrx_word' id='word_1_596' title='bbox 1039 4375 1370 4443; x_wconf 82' lang='grc' dir='ltr'>λεγομένων.</span> <span class='ocrx_word' id='word_1_597' title='bbox 1412 4374 1700 4443; x_wconf 81' lang='grc' dir='ltr'>Εἰώθαμεν</span> <span class='ocrx_word' id='word_1_598' title='bbox 1733 4375 1841 4443; x_wconf 79' lang='grc' dir='ltr'><strong>γὰρ</strong></span> 
     </span>
    </p>
   </div>
   <div class='ocr_carea' id='block_1_78' title="bbox 1935 3174 3542 3242">
    <p class='ocr_par' dir='ltr' id='par_1_78' title="bbox 1935 3174 3542 3242">
     <span class='ocr_line' id='line_1_78' title="bbox 1935 3174 3542 3242; baseline -0.007 0"><span class='ocrx_word' id='word_1_599' title='bbox 1935 3187 2340 3242; x_wconf 65' lang='lat' dir='ltr'><strong>stillat-avertunt</strong></span> <span class='ocrx_word' id='word_1_600' title='bbox 2384 3183 2534 3238; x_wconf 91' lang='lat' dir='ltr'><strong>illud.</strong></span> <span class='ocrx_word' id='word_1_601' title='bbox 2591 3183 2656 3236; x_wconf 79' lang='lat' dir='ltr'><strong>Et</strong></span> <span class='ocrx_word' id='word_1_602' title='bbox 2695 3181 2842 3236; x_wconf 87' lang='lat' dir='ltr'><strong>aliud</strong></span> <span class='ocrx_word' id='word_1_603' title='bbox 2891 3179 3087 3236; x_wconf 82' lang='lat' dir='ltr'><strong>cecidit</strong></span> <span class='ocrx_word' id='word_1_604' title='bbox 3124 3179 3176 3233; x_wconf 92' lang='lat' dir='ltr'><strong>in</strong></span> <span class='ocrx_word' id='word_1_605' title='bbox 3213 3189 3414 3232; x_wconf 82' lang='lat' dir='ltr'><strong>terram</strong></span> <span class='ocrx_word' id='word_1_606' title='bbox 3445 3174 3542 3230; x_wconf 84' lang='lat' dir='ltr'><strong>bo-</strong></span> 
     </span>
    </p>
   </div>
   <div class='ocr_carea' id='block_1_79' title="bbox 1936 3267 3544 3343">
    <p class='ocr_par' dir='ltr' id='par_1_79' title="bbox 1936 3267 3544 3343">
     <span class='ocr_line' id='line_1_79' title="bbox 1936 3267 3544 3343; baseline -0.007 -10"><span class='ocrx_word' id='word_1_607' title='bbox 1936 3296 2083 3343; x_wconf 85' lang='lat' dir='ltr'><strong>nam,</strong></span> <span class='ocrx_word' id='word_1_608' title='bbox 2118 3286 2173 3332; x_wconf 88' lang='lat' dir='ltr'><strong>et</strong></span> <span class='ocrx_word' id='word_1_609' title='bbox 2218 3285 2443 3331; x_wconf 83' lang='lat' dir='ltr'><strong>enatum</strong></span> <span class='ocrx_word' id='word_1_610' title='bbox 2476 3274 2607 3329; x_wconf 86' lang='lat' dir='ltr'><strong>fecit</strong></span> <span class='ocrx_word' id='word_1_611' title='bbox 2647 3273 2882 3329; x_wconf 86' lang='lat' dir='ltr'><strong>fructum</strong></span> <span class='ocrx_word' id='word_1_612' title='bbox 2916 3273 3252 3342; x_wconf 91' lang='lat' dir='ltr'><strong>centuplum.</strong></span> <span class='ocrx_word' id='word_1_613' title='bbox 3279 3268 3404 3324; x_wconf 65' lang='lat' dir='ltr'><strong>Hac</strong></span> <span class='ocrx_word' id='word_1_614' title='bbox 3457 3267 3544 3322; x_wconf 60' lang='lat' dir='ltr'><strong>die</strong></span> 
     </span>
    </p>
   </div>
   <div class='ocr_carea' id='block_1_80' title="bbox 1935 3361 3541 3433">
    <p class='ocr_par' dir='ltr' id='par_1_80' title="bbox 1935 3361 3541 3433">
     <span class='ocr_line' id='line_1_80' title="bbox 1935 3361 3541 3433; baseline -0.01 -5"><span class='ocrx_word' id='word_1_615' title='bbox 1935 3387 2067 3428; x_wconf 88' lang='lat' dir='ltr'><strong>cens</strong></span> <span class='ocrx_word' id='word_1_616' title='bbox 2116 3369 2388 3426; x_wconf 87' lang='lat' dir='ltr'><strong>clamabat</strong></span> <span class='ocrx_word' id='word_1_617' title='bbox 2424 3387 2437 3423; x_wconf 92' lang='lat'>:</span> <span class='ocrx_word' id='word_1_618' title='bbox 2467 3368 2570 3433; x_wconf 82' lang='lat' dir='ltr'><strong>Qui</strong></span> <span class='ocrx_word' id='word_1_619' title='bbox 2619 3366 2784 3421; x_wconf 89' lang='lat' dir='ltr'><strong>habet</strong></span> <span class='ocrx_word' id='word_1_620' title='bbox 2835 3380 2997 3419; x_wconf 83' lang='lat' dir='ltr'><strong>aures</strong></span> <span class='ocrx_word' id='word_1_621' title='bbox 3061 3364 3126 3416; x_wconf 92' lang='lat' dir='ltr'><strong>ad</strong></span> <span class='ocrx_word' id='word_1_622' title='bbox 3175 3361 3541 3418; x_wconf 88' lang='lat' dir='ltr'><strong>audiendum.</strong></span> 
     </span>
    </p>
   </div>
   <div class='ocr_carea' id='block_1_81' title="bbox 1941 3452 3544 3531">
    <p class='ocr_par' dir='ltr' id='par_1_81' title="bbox 1941 3452 3544 3531">
     <span class='ocr_line' id='line_1_81' title="bbox 1941 3452 3544 3531; baseline -0.009 -10"><span class='ocrx_word' id='word_1_623' title='bbox 1941 3466 2149 3521; x_wconf 86' lang='lat' dir='ltr'><strong>audiat.</strong></span> <span class='ocrx_word' id='word_1_624' title='bbox 2193 3464 2613 3531; x_wconf 83' lang='lat' dir='ltr'><strong>lnterrogahant</strong></span> <span class='ocrx_word' id='word_1_625' title='bbox 2656 3470 2836 3514; x_wconf 86' lang='lat' dir='ltr'><strong>autem</strong></span> <span class='ocrx_word' id='word_1_626' title='bbox 2870 3472 2993 3513; x_wconf 91' lang='lat' dir='ltr'><strong>eum</strong></span> <span class='ocrx_word' id='word_1_627' title='bbox 3026 3455 3276 3525; x_wconf 89' lang='lat' dir='ltr'><strong>discipuli</strong></span> <span class='ocrx_word' id='word_1_628' title='bbox 3310 3452 3428 3523; x_wconf 89' lang='lat' dir='ltr'><strong>ejus</strong></span> <span class='ocrx_word' id='word_1_629' title='bbox 3458 3453 3544 3507; x_wconf 85' lang='lat' dir='ltr'><strong>di-</strong></span> 
     </span>
    </p>
   </div>
   <div class='ocr_carea' id='block_1_82' title="bbox 1937 3542 3539 3624">
    <p class='ocr_par' dir='ltr' id='par_1_82' title="bbox 1937 3542 3539 3624">
     <span class='ocr_line' id='line_1_82' title="bbox 1937 3542 3539 3624; baseline -0.011 -12"><span class='ocrx_word' id='word_1_630' title='bbox 1937 3567 2145 3623; x_wconf 84' lang='lat' dir='ltr'><strong>centes,</strong></span> <span class='ocrx_word' id='word_1_631' title='bbox 2187 3569 2434 3624; x_wconf 80' lang='lat' dir='ltr'><strong>quaenam</strong></span> <span class='ocrx_word' id='word_1_632' title='bbox 2476 3561 2620 3607; x_wconf 92' lang='lat' dir='ltr'><strong>esset</strong></span> <span class='ocrx_word' id='word_1_633' title='bbox 2645 3552 2749 3605; x_wconf 90' lang='lat' dir='ltr'><strong>ista</strong></span> <span class='ocrx_word' id='word_1_634' title='bbox 2802 3547 3083 3618; x_wconf 88' lang='lat' dir='ltr'><strong>parabola.</strong></span> <span class='ocrx_word' id='word_1_635' title='bbox 3118 3547 3187 3599; x_wconf 84' lang='lat' dir='ltr'><strong>At</strong></span> <span class='ocrx_word' id='word_1_636' title='bbox 3231 3543 3320 3598; x_wconf 89' lang='lat' dir='ltr'><strong>ille</strong></span> <span class='ocrx_word' id='word_1_637' title='bbox 3350 3542 3487 3597; x_wconf 85' lang='lat' dir='ltr'><strong>dixit</strong></span> <span class='ocrx_word' id='word_1_638' title='bbox 3524 3559 3539 3596; x_wconf 90' lang='lat'><strong>:</strong></span> 
     </span>
    </p>
   </div>
   <div class='ocr_carea' id='block_1_83' title="bbox 1943 3633 3548 3714">
    <p class='ocr_par' dir='ltr' id='par_1_83' title="bbox 1943 3633 3548 3714">
     <span class='ocr_line' id='line_1_83' title="bbox 1943 3633 3548 3714; baseline -0.011 -7"><span class='ocrx_word' id='word_1_639' title='bbox 1943 3652 2111 3707; x_wconf 83' lang='lat' dir='ltr'><strong>Vobis</strong></span> <span class='ocrx_word' id='word_1_640' title='bbox 2137 3649 2322 3703; x_wconf 88' lang='lat' dir='ltr'><strong>datum</strong></span> <span class='ocrx_word' id='word_1_641' title='bbox 2363 3656 2448 3702; x_wconf 90' lang='lat' dir='ltr'><strong>est</strong></span> <span class='ocrx_word' id='word_1_642' title='bbox 2497 3659 2660 3700; x_wconf 89' lang='lat' dir='ltr'><strong>nosse</strong></span> <span class='ocrx_word' id='word_1_643' title='bbox 2694 3643 2951 3714; x_wconf 87' lang='lat' dir='ltr'><strong>mysteria</strong></span> <span class='ocrx_word' id='word_1_644' title='bbox 3001 3640 3149 3711; x_wconf 90' lang='lat' dir='ltr'><strong>regni</strong></span> <span class='ocrx_word' id='word_1_645' title='bbox 3187 3637 3303 3702; x_wconf 85' lang='lat' dir='ltr'><strong>Dei,</strong></span> <span class='ocrx_word' id='word_1_646' title='bbox 3332 3633 3548 3691; x_wconf 82' lang='lat' dir='ltr'><strong>caeteris</strong></span> 
     </span>
    </p>
   </div>
   <div class='ocr_carea' id='block_1_84' title="bbox 1940 3733 3550 3815">
    <p class='ocr_par' dir='ltr' id='par_1_84' title="bbox 1940 3733 3550 3815">
     <span class='ocr_line' id='line_1_84' title="bbox 1940 3733 3550 3815; baseline -0.011 -16"><span class='ocrx_word' id='word_1_647' title='bbox 1940 3755 2121 3799; x_wconf 85' lang='lat' dir='ltr'><strong>autem</strong></span> <span class='ocrx_word' id='word_1_648' title='bbox 2176 3759 2273 3815; x_wconf 89' lang='lat' dir='ltr'><strong>per</strong></span> <span class='ocrx_word' id='word_1_649' title='bbox 2313 3739 2600 3811; x_wconf 82' lang='lat' dir='ltr'><strong>parabolas</strong></span> <span class='ocrx_word' id='word_1_650' title='bbox 2635 3757 2648 3795; x_wconf 90' lang='lat'><strong>:</strong></span> <span class='ocrx_word' id='word_1_651' title='bbox 2683 3747 2742 3792; x_wconf 92' lang='lat' dir='ltr'><strong>ut</strong></span> <span class='ocrx_word' id='word_1_652' title='bbox 2787 3737 3056 3800; x_wconf 85' lang='lat' dir='ltr'><strong>videntes,</strong></span> <span class='ocrx_word' id='word_1_653' title='bbox 3092 3748 3196 3788; x_wconf 92' lang='lat' dir='ltr'><strong>non</strong></span> <span class='ocrx_word' id='word_1_654' title='bbox 3223 3733 3461 3793; x_wconf 83' lang='lat' dir='ltr'><strong>videant,</strong></span> <span class='ocrx_word' id='word_1_655' title='bbox 3495 3737 3550 3783; x_wconf 89' lang='lat' dir='ltr'><strong>et</strong></span> 
     </span>
    </p>
   </div>
   <div class='ocr_carea' id='block_1_85' title="bbox 1939 3822 3546 3908">
    <p class='ocr_par' dir='ltr' id='par_1_85' title="bbox 1939 3822 3546 3908">
     <span class='ocr_line' id='line_1_85' title="bbox 1939 3822 3546 3908; baseline -0.013 -16"><span class='ocrx_word' id='word_1_656' title='bbox 1939 3835 2106 3908; x_wconf 66' lang='grc'><strong>324</strong></span> <span class='ocrx_word' id='word_1_657' title='bbox 2152 3834 2439 3889; x_wconf 86' lang='lat' dir='ltr'><strong>audientes</strong></span> <span class='ocrx_word' id='word_1_658' title='bbox 2498 3846 2606 3885; x_wconf 90' lang='lat' dir='ltr'><strong>non</strong></span> <span class='ocrx_word' id='word_1_659' title='bbox 2662 3828 3049 3897; x_wconf 64' lang='lat' dir='ltr'><strong>intelligant.»</strong></span> <span class='ocrx_word' id='word_1_660' title='bbox 3109 3823 3262 3878; x_wconf 82' lang='lat' dir='ltr'><strong>Nunc</strong></span> <span class='ocrx_word' id='word_1_661' title='bbox 3332 3822 3546 3876; x_wconf 81' lang='lat' dir='ltr'><strong>tandem</strong></span> 
     </span>
    </p>
   </div>
   <div class='ocr_carea' id='block_1_86' title="bbox 1940 3913 3544 3998">
    <p class='ocr_par' dir='ltr' id='par_1_86' title="bbox 1940 3913 3544 3998">
     <span class='ocr_line' id='line_1_86' title="bbox 1940 3913 3544 3998; baseline -0.011 -14"><span class='ocrx_word' id='word_1_662' title='bbox 1940 3930 2120 3984; x_wconf 72' lang='lat' dir='ltr'><strong>evenit</strong></span> <span class='ocrx_word' id='word_1_663' title='bbox 2168 3927 2310 3998; x_wconf 84' lang='lat' dir='ltr'><strong>quod</strong></span> <span class='ocrx_word' id='word_1_664' title='bbox 2348 3925 2475 3980; x_wconf 92' lang='lat' dir='ltr'><strong>olim</strong></span> <span class='ocrx_word' id='word_1_665' title='bbox 2532 3923 2696 3976; x_wconf 83' lang='lat' dir='ltr'><strong>David</strong></span> <span class='ocrx_word' id='word_1_666' title='bbox 2748 3923 2800 3975; x_wconf 84' lang='lat' dir='ltr'><strong>in</strong></span> <span class='ocrx_word' id='word_1_667' title='bbox 2832 3935 3064 3990; x_wconf 82' lang='lat' dir='ltr'><strong>persona</strong></span> <span class='ocrx_word' id='word_1_668' title='bbox 3101 3916 3310 3982; x_wconf 85' lang='lat' dir='ltr'><strong>Christi</strong></span> <span class='ocrx_word' id='word_1_669' title='bbox 3355 3913 3489 3968; x_wconf 79' lang='lat' dir='ltr'><strong>dixit</strong></span> <span class='ocrx_word' id='word_1_670' title='bbox 3529 3929 3544 3966; x_wconf 90' lang='lat'><strong>:</strong></span> 
     </span>
    </p>
   </div>
   <div class='ocr_carea' id='block_1_87' title="bbox 1942 4003 3543 4090">
    <p class='ocr_par' dir='ltr' id='par_1_87' title="bbox 1942 4003 3543 4090">
     <span class='ocr_line' id='line_1_87' title="bbox 1942 4003 3543 4090; baseline -0.011 -15"><span class='ocrx_word' id='word_1_671' title='bbox 1942 4021 2195 4090; x_wconf 83' lang='lat' dir='ltr'><strong>Aperiam</strong></span> <span class='ocrx_word' id='word_1_672' title='bbox 2248 4019 2417 4081; x_wconf 90' lang='lat' dir='ltr'><strong>enim,</strong></span> <span class='ocrx_word' id='word_1_673' title='bbox 2483 4016 2681 4084; x_wconf 88' lang='lat' dir='ltr'><strong>inquit,</strong></span> <span class='ocrx_word' id='word_1_674' title='bbox 2721 4016 2774 4066; x_wconf 91' lang='lat' dir='ltr'><strong>in</strong></span> <span class='ocrx_word' id='word_1_675' title='bbox 2832 4011 3104 4080; x_wconf 84' lang='lat' dir='ltr'><strong>parabolis</strong></span> <span class='ocrx_word' id='word_1_676' title='bbox 3156 4024 3218 4062; x_wconf 90' lang='lat' dir='ltr'><strong>os</strong></span> <span class='ocrx_word' id='word_1_677' title='bbox 3271 4021 3449 4062; x_wconf 88' lang='lat' dir='ltr'><strong>meum</strong></span> <span class='ocrx_word' id='word_1_678' title='bbox 3477 4003 3543 4058; x_wconf 84' lang='grc'><strong>⁸⁸.</strong></span> 
     </span>
    </p>
   </div>
   <div class='ocr_carea' id='block_1_88' title="bbox 1944 4098 3546 4181">
    <p class='ocr_par' dir='ltr' id='par_1_88' title="bbox 1944 4098 3546 4181">
     <span class='ocr_line' id='line_1_88' title="bbox 1944 4098 3546 4181; baseline -0.011 -15"><span class='ocrx_word' id='word_1_679' title='bbox 1944 4111 2208 4181; x_wconf 89' lang='lat' dir='ltr'><strong>Loquitur</strong></span> <span class='ocrx_word' id='word_1_680' title='bbox 2258 4110 2439 4177; x_wconf 90' lang='lat' dir='ltr'><strong>itaque</strong></span> <span class='ocrx_word' id='word_1_681' title='bbox 2492 4105 2778 4175; x_wconf 86' lang='lat' dir='ltr'><strong>parabolas</strong></span> <span class='ocrx_word' id='word_1_682' title='bbox 2808 4103 3072 4156; x_wconf 87' lang='lat' dir='ltr'><strong>Dominus</strong></span> <span class='ocrx_word' id='word_1_683' title='bbox 3102 4108 3326 4168; x_wconf 85' lang='lat' dir='ltr'><strong>propter</strong></span> <span class='ocrx_word' id='word_1_684' title='bbox 3356 4098 3546 4156; x_wconf 88' lang='lat' dir='ltr'><strong>multa,</strong></span> 
     </span>
    </p>
   </div>
   <div class='ocr_carea' id='block_1_89' title="bbox 1946 4191 3552 4273">
    <p class='ocr_par' dir='ltr' id='par_1_89' title="bbox 1946 4191 3552 4273">
     <span class='ocr_line' id='line_1_89' title="bbox 1946 4191 3552 4273; baseline -0.009 -16"><span class='ocrx_word' id='word_1_685' title='bbox 1946 4219 2139 4273; x_wconf 87' lang='lat' dir='ltr'><strong>nempe</strong></span> <span class='ocrx_word' id='word_1_686' title='bbox 2203 4211 2260 4255; x_wconf 93' lang='lat' dir='ltr'><strong>ut</strong></span> <span class='ocrx_word' id='word_1_687' title='bbox 2312 4199 2637 4258; x_wconf 86' lang='lat' dir='ltr'><strong>attentiores</strong></span> <span class='ocrx_word' id='word_1_688' title='bbox 2696 4195 2892 4251; x_wconf 87' lang='lat' dir='ltr'><strong>reddat</strong></span> <span class='ocrx_word' id='word_1_689' title='bbox 2937 4194 3232 4257; x_wconf 88' lang='lat' dir='ltr'><strong>auditores,</strong></span> <span class='ocrx_word' id='word_1_690' title='bbox 3266 4200 3316 4244; x_wconf 92' lang='lat' dir='ltr'><strong>et</strong></span> <span class='ocrx_word' id='word_1_691' title='bbox 3349 4191 3552 4244; x_wconf 76' lang='lat' dir='ltr'><strong>excitet</strong></span> 
     </span>
    </p>
   </div>
   <div class='ocr_carea' id='block_1_90' title="bbox 1947 4283 3546 4358">
    <p class='ocr_par' dir='ltr' id='par_1_90' title="bbox 1947 4283 3546 4358">
     <span class='ocr_line' id='line_1_90' title="bbox 1947 4283 3546 4358; baseline -0.009 -10"><span class='ocrx_word' id='word_1_692' title='bbox 1947 4296 2158 4348; x_wconf 91' lang='lat' dir='ltr'><strong>illorum</strong></span> <span class='ocrx_word' id='word_1_693' title='bbox 2225 4302 2462 4346; x_wconf 88' lang='lat' dir='ltr'><strong>mentem</strong></span> <span class='ocrx_word' id='word_1_694' title='bbox 2495 4290 2560 4342; x_wconf 88' lang='lat' dir='ltr'><strong>ad</strong></span> <span class='ocrx_word' id='word_1_695' title='bbox 2591 4288 2974 4358; x_wconf 87' lang='lat' dir='ltr'><strong>inquirendum</strong></span> <span class='ocrx_word' id='word_1_696' title='bbox 3030 4285 3095 4339; x_wconf 91' lang='lat' dir='ltr'><strong>de</strong></span> <span class='ocrx_word' id='word_1_697' title='bbox 3135 4284 3219 4336; x_wconf 88' lang='lat' dir='ltr'><strong>his</strong></span> <span class='ocrx_word' id='word_1_698' title='bbox 3252 4297 3372 4352; x_wconf 68' lang='lat' dir='ltr'><strong>qua:</strong></span> <span class='ocrx_word' id='word_1_699' title='bbox 3403 4283 3546 4335; x_wconf 87' lang='lat' dir='ltr'><strong>dicta</strong></span> 
     </span>
    </p>
   </div>
   <div class='ocr_carea' id='block_1_91' title="bbox 1949 4378 3550 4447">
    <p class='ocr_par' dir='ltr' id='par_1_91' title="bbox 1949 4378 3550 4447">
     <span class='ocr_line' id='line_1_91' title="bbox 1949 4378 3550 4447; baseline -0.008 -3"><span class='ocrx_word' id='word_1_700' title='bbox 1949 4400 2095 4446; x_wconf 87' lang='lat' dir='ltr'><strong>sunt.</strong></span> <span class='ocrx_word' id='word_1_701' title='bbox 2159 4387 2349 4443; x_wconf 87' lang='lat' dir='ltr'><strong>Solent</strong></span> <span class='ocrx_word' id='word_1_702' title='bbox 2389 4387 2530 4440; x_wconf 89' lang='lat' dir='ltr'><strong>enim</strong></span> <span class='ocrx_word' id='word_1_703' title='bbox 2597 4384 2846 4438; x_wconf 85' lang='lat' dir='ltr'><strong>homines</strong></span> <span class='ocrx_word' id='word_1_704' title='bbox 2904 4381 3177 4435; x_wconf 87' lang='lat' dir='ltr'><strong>curiosius</strong></span> <span class='ocrx_word' id='word_1_705' title='bbox 3221 4378 3550 4447; x_wconf 82' lang='lat' dir='ltr'><strong>investigare</strong></span> 
     </span>
    </p>
   </div>
   <div class='ocr_carea' id='block_1_92' title="bbox 244 4442 1824 4552">
    <p class='ocr_par' dir='ltr' id='par_1_92' title="bbox 244 4467 1824 4539">
     <span class='ocr_line' id='line_1_92' title="bbox 244 4467 1824 4539; baseline -0.005 -15"><span class='ocrx_word' id='word_1_706' title='bbox 244 4473 293 4524; x_wconf 91' lang='grc' dir='ltr'>οἱ</span> <span class='ocrx_word' id='word_1_707' title='bbox 332 4471 611 4539; x_wconf 80' lang='grc' dir='ltr'>ἄνθρωποι</span> <span class='ocrx_word' id='word_1_708' title='bbox 655 4469 726 4521; x_wconf 75' lang='grc' dir='ltr'>τὰ</span> <span class='ocrx_word' id='word_1_709' title='bbox 765 4469 862 4538; x_wconf 81' lang='grc' dir='ltr'><strong>μὲν</strong></span> <span class='ocrx_word' id='word_1_710' title='bbox 895 4468 1190 4529; x_wconf 84' lang='grc' dir='ltr'>σκοτεινῶς</span> <span class='ocrx_word' id='word_1_711' title='bbox 1225 4467 1494 4536; x_wconf 65' lang='grc' dir='ltr'>λεγόμενα</span> <span class='ocrx_word' id='word_1_712' title='bbox 1536 4469 1824 4538; x_wconf 79' lang='grc' dir='ltr'>περιεργά·</span> 
     </span>
    </p>
   </div>
   <div class='ocr_carea' id='block_1_93' title="bbox 1932 4442 3548 4552">
    <p class='ocr_par' dir='ltr' id='par_1_93' title="bbox 1949 4471 3548 4552">
     <span class='ocr_line' id='line_1_93' title="bbox 1949 4471 3548 4552; baseline -0.009 -15"><span class='ocrx_word' id='word_1_713' title='bbox 1949 4487 2013 4539; x_wconf 92' lang='lat' dir='ltr'><strong>de</strong></span> <span class='ocrx_word' id='word_1_714' title='bbox 2046 4484 2134 4537; x_wconf 89' lang='lat' dir='ltr'><strong>his</strong></span> <span class='ocrx_word' id='word_1_715' title='bbox 2174 4497 2294 4552; x_wconf 81' lang='lat' dir='ltr'><strong>qua:</strong></span> <span class='ocrx_word' id='word_1_716' title='bbox 2345 4481 2485 4535; x_wconf 88' lang='lat' dir='ltr'><strong>dicta</strong></span> <span class='ocrx_word' id='word_1_717' title='bbox 2524 4489 2650 4532; x_wconf 86' lang='lat' dir='ltr'><strong>sunt</strong></span> <span class='ocrx_word' id='word_1_718' title='bbox 2703 4477 3012 4540; x_wconf 88' lang='lat' dir='ltr'><strong>obscurius,</strong></span> <span class='ocrx_word' id='word_1_719' title='bbox 3048 4471 3335 4527; x_wconf 79' lang='lat' dir='ltr'><strong>manifesta</strong></span> <span class='ocrx_word' id='word_1_720' title='bbox 3367 4478 3548 4524; x_wconf 89' lang='lat' dir='ltr'><strong>autem</strong></span> 
     </span>
    </p>
   </div>
   <div class='ocr_carea' id='block_1_94' title="bbox 246 4559 1840 4632">
    <p class='ocr_par' dir='ltr' id='par_1_94' title="bbox 246 4559 1840 4632">
     <span class='ocr_line' id='line_1_94' title="bbox 246 4559 1840 4632; baseline -0.003 -16"><span class='ocrx_word' id='word_1_721' title='bbox 246 4563 460 4630; x_wconf 80' lang='grc' dir='ltr'>ζεσθαι,</span> <span class='ocrx_word' id='word_1_722' title='bbox 491 4564 559 4615; x_wconf 83' lang='grc' dir='ltr'>τὰ</span> <span class='ocrx_word' id='word_1_723' title='bbox 595 4563 652 4615; x_wconf 74' lang='grc' dir='ltr'>δὲ</span> <span class='ocrx_word' id='word_1_724' title='bbox 697 4561 841 4630; x_wconf 77' lang='grc' dir='ltr'>σαφῆ</span> <span class='ocrx_word' id='word_1_725' title='bbox 876 4563 1250 4632; x_wconf 80' lang='grc' dir='ltr'>περιφρονεῖν·</span> <span class='ocrx_word' id='word_1_726' title='bbox 1289 4562 1383 4614; x_wconf 82' lang='grc' dir='ltr'><strong>καί</strong></span> <span class='ocrx_word' id='word_1_727' title='bbox 1429 4561 1516 4613; x_wconf 83' lang='grc' dir='ltr'><strong>ἵνα</strong></span> <span class='ocrx_word' id='word_1_728' title='bbox 1552 4563 1601 4612; x_wconf 79' lang='grc' dir='ltr'>οἱ</span> <span class='ocrx_word' id='word_1_729' title='bbox 1633 4559 1840 4623; x_wconf 74' lang='grc' dir='ltr'>ἀνάξιοι</span> 
     </span>
    </p>
   </div>
   <div class='ocr_carea' id='block_1_95' title="bbox 247 4653 1844 4726">
    <p class='ocr_par' dir='ltr' id='par_1_95' title="bbox 247 4653 1844 4726">
     <span class='ocr_line' id='line_1_95' title="bbox 247 4653 1844 4726; baseline -0.003 -16"><span class='ocrx_word' id='word_1_730' title='bbox 247 4659 358 4712; x_wconf 80' lang='grc' dir='ltr'>τῶν</span> <span class='ocrx_word' id='word_1_731' title='bbox 400 4655 798 4726; x_wconf 69' lang='grc' dir='ltr'>μυστηριωδώς</span> <span class='ocrx_word' id='word_1_732' title='bbox 846 4654 1159 4720; x_wconf 70' lang='grc' dir='ltr'>λεγομένων</span> <span class='ocrx_word' id='word_1_733' title='bbox 1211 4653 1285 4721; x_wconf 77' lang='grc' dir='ltr'>μὴ</span> <span class='ocrx_word' id='word_1_734' title='bbox 1335 4653 1670 4706; x_wconf 76' lang='grc' dir='ltr'>ἐπακούωσι.</span> <span class='ocrx_word' id='word_1_735' title='bbox 1733 4654 1844 4706; x_wconf 71' lang='grc' dir='ltr'><strong>Καὶ</strong></span> 
     </span>
    </p>
   </div>
   <div class='ocr_carea' id='block_1_96' title="bbox 244 4745 1842 4816">
    <p class='ocr_par' dir='ltr' id='par_1_96' title="bbox 244 4745 1842 4816">
     <span class='ocr_line' id='line_1_96' title="bbox 244 4745 1842 4816; baseline -0.003 -12"><span class='ocrx_word' id='word_1_736' title='bbox 244 4750 332 4804; x_wconf 72' lang='grc' dir='ltr'>διὰ</span> <span class='ocrx_word' id='word_1_737' title='bbox 369 4749 541 4801; x_wconf 85' lang='grc' dir='ltr'>πολλά</span> <span class='ocrx_word' id='word_1_738' title='bbox 571 4747 705 4801; x_wconf 78' lang='grc' dir='ltr'>ἄλλα</span> <span class='ocrx_word' id='word_1_739' title='bbox 736 4749 794 4799; x_wconf 86' lang='grc' dir='ltr'><strong>ὲν</strong></span> <span class='ocrx_word' id='word_1_740' title='bbox 845 4746 1180 4816; x_wconf 73' lang='grc' dir='ltr'>παραϐολαῖς</span> <span class='ocrx_word' id='word_1_741' title='bbox 1216 4745 1535 4813; x_wconf 61' lang='grc' dir='ltr'>φθέγγεται.</span> <span class='ocrx_word' id='word_1_742' title='bbox 1589 4746 1842 4814; x_wconf 73' lang='grc' dir='ltr'>Ἐξῆλθεν</span> 
     </span>
    </p>
   </div>
   <div class='ocr_carea' id='block_1_97' title="bbox 245 4833 1840 4906">
    <p class='ocr_par' dir='ltr' id='par_1_97' title="bbox 245 4833 1840 4906">
     <span class='ocr_line' id='line_1_97' title="bbox 245 4833 1840 4906; baseline -0.001 -17"><span class='ocrx_word' id='word_1_743' title='bbox 245 4833 341 4890; x_wconf 78' lang='grc' dir='ltr'><strong>οῦν</strong></span> <span class='ocrx_word' id='word_1_744' title='bbox 369 4839 396 4890; x_wconf 92' lang='lat'><strong>6</strong></span> <span class='ocrx_word' id='word_1_745' title='bbox 432 4835 696 4904; x_wconf 85' lang='grc' dir='ltr'>σπείρων,</span> <span class='ocrx_word' id='word_1_746' title='bbox 729 4836 1032 4900; x_wconf 83' lang='grc' dir='ltr'>τουτέστιν,</span> <span class='ocrx_word' id='word_1_747' title='bbox 1069 4838 1095 4888; x_wconf 94' lang='lat'><strong>6</strong></span> <span class='ocrx_word' id='word_1_748' title='bbox 1125 4835 1253 4897; x_wconf 77' lang='grc' dir='ltr'>Υἱὸς</span> <span class='ocrx_word' id='word_1_749' title='bbox 1289 4835 1383 4888; x_wconf 92' lang='grc' dir='ltr'><strong>τοῦ</strong></span> <span class='ocrx_word' id='word_1_750' title='bbox 1418 4837 1553 4889; x_wconf 86' lang='grc' dir='ltr'>Θεοῦ</span> <span class='ocrx_word' id='word_1_751' title='bbox 1615 4837 1840 4906; x_wconf 70' lang='grc' dir='ltr'>ἐξῆλθεν</span> 
     </span>
    </p>
   </div>
   <div class='ocr_carea' id='block_1_98' title="bbox 245 4929 1839 5000">
    <p class='ocr_par' dir='ltr' id='par_1_98' title="bbox 245 4929 1839 5000">
     <span class='ocr_line' id='line_1_98' title="bbox 245 4929 1839 5000; baseline 0.001 -18"><span class='ocrx_word' id='word_1_752' title='bbox 245 4933 312 4984; x_wconf 69' lang='grc' dir='ltr'>ἐκ</span> <span class='ocrx_word' id='word_1_753' title='bbox 343 4929 452 4983; x_wconf 78' lang='grc' dir='ltr'>τῶν</span> <span class='ocrx_word' id='word_1_754' title='bbox 497 4929 717 4984; x_wconf 80' lang='grc' dir='ltr'>κόλπων</span> <span class='ocrx_word' id='word_1_755' title='bbox 761 4931 868 4981; x_wconf 83' lang='grc' dir='ltr'><strong>τῶν</strong></span> <span class='ocrx_word' id='word_1_756' title='bbox 913 4929 1243 5000; x_wconf 77' lang='grc' dir='ltr'>Πατρικῶν,</span> <span class='ocrx_word' id='word_1_757' title='bbox 1299 4931 1392 4983; x_wconf 66' lang='grc' dir='ltr'><strong>καὶ</strong></span> <span class='ocrx_word' id='word_1_758' title='bbox 1425 4932 1532 4984; x_wconf 72' lang='grc' dir='ltr'><strong>ἀπὸ</strong></span> <span class='ocrx_word' id='word_1_759' title='bbox 1562 4933 1659 5000; x_wconf 74' lang='grc' dir='ltr'><strong>τῆς</strong></span> <span class='ocrx_word' id='word_1_760' title='bbox 1702 4949 1839 5000; x_wconf 75' lang='grc' dir='ltr'>κρυ·-</span> 
     </span>
    </p>
   </div>
   <div class='ocr_carea' id='block_1_99' title="bbox 247 5021 1840 5092">
    <p class='ocr_par' dir='ltr' id='par_1_99' title="bbox 247 5021 1840 5092">
     <span class='ocr_line' id='line_1_99' title="bbox 247 5021 1840 5092; baseline 0.001 -18"><span class='ocrx_word' id='word_1_761' title='bbox 247 5021 502 5092; x_wconf 78' lang='grc' dir='ltr'>φιότητος</span> <span class='ocrx_word' id='word_1_762' title='bbox 549 5021 740 5084; x_wconf 77' lang='grc' dir='ltr'>αὑτοῦ,</span> <span class='ocrx_word' id='word_1_763' title='bbox 779 5021 874 5074; x_wconf 67' lang='grc' dir='ltr'><strong>καὶ</strong></span> <span class='ocrx_word' id='word_1_764' title='bbox 905 5022 1156 5092; x_wconf 75' lang='grc' dir='ltr'>ἐμφανὴς</span> <span class='ocrx_word' id='word_1_765' title='bbox 1182 5023 1418 5091; x_wconf 77' lang='grc' dir='ltr'>ἐγένετο.</span> <span class='ocrx_word' id='word_1_766' title='bbox 1455 5024 1551 5086; x_wconf 81' lang='grc' dir='ltr'>Τίς</span> <span class='ocrx_word' id='word_1_767' title='bbox 1583 5025 1637 5076; x_wconf 78' lang='grc' dir='ltr'><strong>δὲ</strong></span> <span class='ocrx_word' id='word_1_768' title='bbox 1681 5024 1840 5092; x_wconf 71' lang='grc' dir='ltr'>ἐξῆλ-</span> 
     </span>
    </p>
   </div>
   <div class='ocr_carea' id='block_1_100' title="bbox 247 5112 1837 5189">
    <p class='ocr_par' dir='ltr' id='par_1_100' title="bbox 247 5112 1837 5189">
     <span class='ocr_line' id='line_1_100' title="bbox 247 5112 1837 5189; baseline 0 -20"><span class='ocrx_word' id='word_1_769' title='bbox 247 5115 375 5181; x_wconf 88' lang='grc' dir='ltr'>θεν;</span> <span class='ocrx_word' id='word_1_770' title='bbox 405 5112 465 5168; x_wconf 85' lang='grc'><strong>’0</strong></span> <span class='ocrx_word' id='word_1_771' title='bbox 485 5117 573 5169; x_wconf 77' lang='grc' dir='ltr'>ἀεὶ</span> <span class='ocrx_word' id='word_1_772' title='bbox 602 5115 862 5185; x_wconf 87' lang='grc' dir='ltr'>σπείρων.</span> <span class='ocrx_word' id='word_1_773' title='bbox 885 5117 959 5167; x_wconf 69' lang='grc' dir='ltr'><strong>Οὐ</strong></span> <span class='ocrx_word' id='word_1_774' title='bbox 983 5114 1212 5168; x_wconf 84' lang='grc' dir='ltr'>παύεται</span> <span class='ocrx_word' id='word_1_775' title='bbox 1235 5117 1342 5189; x_wconf 78' lang='grc' dir='ltr'>γὰρ</span> <span class='ocrx_word' id='word_1_776' title='bbox 1367 5120 1392 5170; x_wconf 88' lang='lat'><strong>6</strong></span> <span class='ocrx_word' id='word_1_777' title='bbox 1423 5114 1669 5180; x_wconf 59' lang='grc' dir='ltr'>Υίὸςτιοῦ</span> <span class='ocrx_word' id='word_1_778' title='bbox 1703 5117 1837 5169; x_wconf 81' lang='grc' dir='ltr'>Θεοῦ</span> 
     </span>
    </p>
   </div>
   <div class='ocr_carea' id='block_1_101' title="bbox 244 5207 1841 5280">
    <p class='ocr_par' dir='ltr' id='par_1_101' title="bbox 244 5207 1841 5280">
     <span class='ocr_line' id='line_1_101' title="bbox 244 5207 1841 5280; baseline 0.001 -20"><span class='ocrx_word' id='word_1_779' title='bbox 244 5207 336 5260; x_wconf 73' lang='grc' dir='ltr'>ἀεὶ</span> <span class='ocrx_word' id='word_1_780' title='bbox 364 5207 606 5276; x_wconf 85' lang='grc' dir='ltr'>σπείρων</span> <span class='ocrx_word' id='word_1_781' title='bbox 641 5209 696 5257; x_wconf 78' lang='grc' dir='ltr'><strong>ὲν</strong></span> <span class='ocrx_word' id='word_1_782' title='bbox 731 5209 850 5268; x_wconf 76' lang='grc' dir='ltr'>ταῖς</span> <span class='ocrx_word' id='word_1_783' title='bbox 877 5208 1171 5277; x_wconf 78' lang='grc' dir='ltr'>ἡμετέραις</span> <span class='ocrx_word' id='word_1_784' title='bbox 1195 5209 1414 5280; x_wconf 70' lang='grc' dir='ltr'>ψυχαῖς.</span> <span class='ocrx_word' id='word_1_785' title='bbox 1437 5211 1509 5262; x_wconf 83' lang='grc' dir='ltr'>Ού</span> <span class='ocrx_word' id='word_1_786' title='bbox 1539 5212 1646 5278; x_wconf 69' lang='grc' dir='ltr'>γὰρ</span> <span class='ocrx_word' id='word_1_787' title='bbox 1682 5213 1841 5280; x_wconf 85' lang='grc' dir='ltr'>μόνον</span> 
     </span>
    </p>
   </div>
   <div class='ocr_carea' id='block_1_102' title="bbox 245 5297 1844 5373">
    <p class='ocr_par' dir='ltr' id='par_1_102' title="bbox 245 5297 1844 5373">
     <span class='ocr_line' id='line_1_102' title="bbox 245 5297 1844 5373; baseline 0.004 -22"><span class='ocrx_word' id='word_1_788' title='bbox 245 5298 379 5351; x_wconf 83' lang='grc' dir='ltr'>ὅταν</span> <span class='ocrx_word' id='word_1_789' title='bbox 405 5297 657 5370; x_wconf 70' lang='grc' dir='ltr'>διδάσκῃ,</span> <span class='ocrx_word' id='word_1_790' title='bbox 693 5297 828 5350; x_wconf 68' lang='grc' dir='ltr'>ἀλλὰ</span> <span class='ocrx_word' id='word_1_791' title='bbox 861 5301 952 5351; x_wconf 73' lang='grc' dir='ltr'><strong>καὶ</strong></span> <span class='ocrx_word' id='word_1_792' title='bbox 978 5301 1065 5355; x_wconf 74' lang='grc' dir='ltr'><strong>διὰ</strong></span> <span class='ocrx_word' id='word_1_793' title='bbox 1100 5303 1196 5372; x_wconf 82' lang='grc' dir='ltr'>τῆς</span> <span class='ocrx_word' id='word_1_794' title='bbox 1231 5304 1460 5365; x_wconf 84' lang='grc' dir='ltr'>κτίσεως</span> <span class='ocrx_word' id='word_1_795' title='bbox 1491 5305 1716 5373; x_wconf 76' lang='grc' dir='ltr'>ταῦ-ης,</span> <span class='ocrx_word' id='word_1_796' title='bbox 1749 5305 1844 5367; x_wconf 76' lang='grc' dir='ltr'><strong>καὶ</strong></span> 
     </span>
    </p>
   </div>
   <div class='ocr_carea' id='block_1_103' title="bbox 243 5389 1842 5464">
    <p class='ocr_par' dir='ltr' id='par_1_103' title="bbox 243 5389 1842 5464">
     <span class='ocr_line' id='line_1_103' title="bbox 243 5389 1842 5464; baseline 0.003 -19"><span class='ocrx_word' id='word_1_797' title='bbox 243 5391 360 5445; x_wconf 68' lang='grc' dir='ltr'><strong>τῶν</strong></span> <span class='ocrx_word' id='word_1_798' title='bbox 408 5389 532 5443; x_wconf 86' lang='grc' dir='ltr'>καθ’</span> <span class='ocrx_word' id='word_1_799' title='bbox 589 5391 826 5461; x_wconf 73' lang='grc' dir='ltr'>ἑκάστην</span> <span class='ocrx_word' id='word_1_800' title='bbox 857 5394 933 5456; x_wconf 84' lang='grc' dir='ltr'><strong>είς</strong></span> <span class='ocrx_word' id='word_1_801' title='bbox 983 5395 1130 5464; x_wconf 77' lang='grc' dir='ltr'>ἡμᾶς</span> <span class='ocrx_word' id='word_1_802' title='bbox 1164 5395 1488 5463; x_wconf 78' lang='grc' dir='ltr'>γινομένων,</span> <span class='ocrx_word' id='word_1_803' title='bbox 1524 5397 1738 5463; x_wconf 80' lang='grc' dir='ltr'>σπείρει</span> <span class='ocrx_word' id='word_1_804' title='bbox 1784 5400 1842 5449; x_wconf 85' lang='grc' dir='ltr'>ἐν</span> 
     </span>
    </p>
   </div>
   <div class='ocr_carea' id='block_1_104' title="bbox 246 5481 1840 5558">
    <p class='ocr_par' dir='ltr' id='par_1_104' title="bbox 246 5481 1840 5558">
     <span class='ocr_line' id='line_1_104' title="bbox 246 5481 1840 5558; baseline 0.006 -24"><span class='ocrx_word' id='word_1_805' title='bbox 246 5484 372 5545; x_wconf 78' lang='grc' dir='ltr'>ταῖς</span> <span class='ocrx_word' id='word_1_806' title='bbox 397 5481 700 5553; x_wconf 76' lang='grc' dir='ltr'>ἡμετέραις</span> <span class='ocrx_word' id='word_1_807' title='bbox 732 5483 933 5554; x_wconf 75' lang='grc' dir='ltr'>ψυχαῖς</span> <span class='ocrx_word' id='word_1_808' title='bbox 960 5486 1028 5538; x_wconf 78' lang='grc' dir='ltr'>τὰ</span> <span class='ocrx_word' id='word_1_809' title='bbox 1057 5486 1237 5554; x_wconf 75' lang='grc' dir='ltr'>ἀγαθὰ</span> <span class='ocrx_word' id='word_1_810' title='bbox 1268 5489 1579 5558; x_wconf 73' lang='grc' dir='ltr'>σπέρματα.</span> <span class='ocrx_word' id='word_1_811' title='bbox 1615 5489 1840 5558; x_wconf 79' lang='grc' dir='ltr'>Ἐξῆλθε</span> 
     </span>
    </p>
   </div>
   <div class='ocr_carea' id='block_1_105' title="bbox 249 5574 1842 5655">
    <p class='ocr_par' dir='ltr' id='par_1_105' title="bbox 249 5574 1842 5655">
     <span class='ocr_line' id='line_1_105' title="bbox 249 5574 1842 5655; baseline 0.007 -29"><span class='ocrx_word' id='word_1_812' title='bbox 249 5577 330 5641; x_wconf 65' lang='grc' dir='ltr'>δὲ,</span> <span class='ocrx_word' id='word_1_813' title='bbox 376 5577 475 5646; x_wconf 75' lang='grc' dir='ltr'><strong>οὐχ</strong></span> <span class='ocrx_word' id='word_1_814' title='bbox 521 5574 611 5628; x_wconf 84' lang='grc' dir='ltr'>ἵνα</span> <span class='ocrx_word' id='word_1_815' title='bbox 639 5577 768 5638; x_wconf 80' lang='grc' dir='ltr'>τοὺς</span> <span class='ocrx_word' id='word_1_816' title='bbox 801 5580 1080 5649; x_wconf 67' lang='grc' dir='ltr'>γεωργοὺς</span> <span class='ocrx_word' id='word_1_817' title='bbox 1111 5581 1427 5655; x_wconf 78' lang='grc' dir='ltr'>ἀποκτείνῃ,</span> <span class='ocrx_word' id='word_1_818' title='bbox 1463 5581 1494 5653; x_wconf 82' lang='grc' dir='ltr'>ἤ</span> <span class='ocrx_word' id='word_1_819' title='bbox 1530 5583 1626 5654; x_wconf 74' lang='grc' dir='ltr'><strong>τὴν</strong></span> <span class='ocrx_word' id='word_1_820' title='bbox 1659 5583 1842 5654; x_wconf 79' lang='grc' dir='ltr'>χώραν</span> 
     </span>
    </p>
   </div>
   <div class='ocr_carea' id='block_1_106' title="bbox 327 5752 882 5819">
    <p class='ocr_par' dir='ltr' id='par_1_106' title="bbox 327 5752 882 5819">
     <span class='ocr_line' id='line_1_106' title="bbox 327 5752 882 5819; baseline 0.004 -11"><span class='ocrx_word' id='word_1_821' title='bbox 327 5754 373 5786; x_wconf 72' lang='grc'>³⁸</span> <span class='ocrx_word' id='word_1_822' title='bbox 405 5752 547 5811; x_wconf 78' lang='lat' dir='ltr'><strong>l‘sal.</strong></span> <span class='ocrx_word' id='word_1_823' title='bbox 593 5769 789 5819; x_wconf 68' lang='lat' dir='ltr'><strong>Lxxtitt,</strong></span> <span class='ocrx_word' id='word_1_824' title='bbox 829 5754 882 5811; x_wconf 72' lang='grc'><strong>2.</strong></span> 
     </span>
    </p>
   </div>
   <div class='ocr_carea' id='block_1_107' title="bbox 1949 4566 3551 4645">
    <p class='ocr_par' dir='ltr' id='par_1_107' title="bbox 1949 4566 3551 4645">
     <span class='ocr_line' id='line_1_107' title="bbox 1949 4566 3551 4645; baseline -0.009 -16"><span class='ocrx_word' id='word_1_825' title='bbox 1949 4576 2223 4645; x_wconf 77' lang='lat' dir='ltr'><strong>negligere</strong></span> <span class='ocrx_word' id='word_1_826' title='bbox 2251 4593 2263 4628; x_wconf 93' lang='lat'>:</span> <span class='ocrx_word' id='word_1_827' title='bbox 2297 4582 2352 4627; x_wconf 90' lang='lat' dir='ltr'><strong>et</strong></span> <span class='ocrx_word' id='word_1_828' title='bbox 2381 4584 2436 4625; x_wconf 92' lang='lat' dir='ltr'><strong>ut</strong></span> <span class='ocrx_word' id='word_1_829' title='bbox 2462 4571 2670 4641; x_wconf 83' lang='lat' dir='ltr'><strong>indigni</strong></span> <span class='ocrx_word' id='word_1_830' title='bbox 2703 4585 2809 4624; x_wconf 92' lang='lat' dir='ltr'><strong>non</strong></span> <span class='ocrx_word' id='word_1_831' title='bbox 2837 4568 3143 4636; x_wconf 85' lang='lat' dir='ltr'><strong>intelligant</strong></span> <span class='ocrx_word' id='word_1_832' title='bbox 3181 4580 3301 4632; x_wconf 58' lang='lat' dir='ltr'><strong>quas</strong></span> <span class='ocrx_word' id='word_1_833' title='bbox 3334 4566 3551 4618; x_wconf 85' lang='lat' dir='ltr'><strong>abstru-</strong></span> 
     </span>
    </p>
   </div>
   <div class='ocr_carea' id='block_1_108' title="bbox 1945 4657 3551 4731">
    <p class='ocr_par' dir='ltr' id='par_1_108' title="bbox 1945 4657 3551 4731">
     <span class='ocr_line' id='line_1_108' title="bbox 1945 4657 3551 4731; baseline -0.007 -12"><span class='ocrx_word' id='word_1_834' title='bbox 1945 4666 2060 4720; x_wconf 88' lang='lat' dir='ltr'><strong>sius</strong></span> <span class='ocrx_word' id='word_1_835' title='bbox 2112 4675 2240 4720; x_wconf 88' lang='lat' dir='ltr'><strong>sunt</strong></span> <span class='ocrx_word' id='word_1_836' title='bbox 2291 4666 2477 4729; x_wconf 90' lang='lat' dir='ltr'><strong>dicta;</strong></span> <span class='ocrx_word' id='word_1_837' title='bbox 2513 4674 2675 4731; x_wconf 85' lang='lat' dir='ltr'><strong>atque</strong></span> <span class='ocrx_word' id='word_1_838' title='bbox 2726 4672 2948 4731; x_wconf 86' lang='lat' dir='ltr'><strong>propter</strong></span> <span class='ocrx_word' id='word_1_839' title='bbox 2986 4659 3150 4711; x_wconf 85' lang='lat' dir='ltr'><strong>multa</strong></span> <span class='ocrx_word' id='word_1_840' title='bbox 3177 4658 3281 4710; x_wconf 86' lang='lat' dir='ltr'><strong>alia</strong></span> <span class='ocrx_word' id='word_1_841' title='bbox 3311 4657 3363 4710; x_wconf 94' lang='lat' dir='ltr'><strong>in</strong></span> <span class='ocrx_word' id='word_1_842' title='bbox 3392 4669 3551 4724; x_wconf 85' lang='lat' dir='ltr'><strong>para-</strong></span> 
     </span>
    </p>
   </div>
   <div class='ocr_carea' id='block_1_109' title="bbox 1946 4741 3551 4826">
    <p class='ocr_par' dir='ltr' id='par_1_109' title="bbox 1946 4741 3551 4826">
     <span class='ocr_line' id='line_1_109' title="bbox 1946 4741 3551 4826; baseline -0.01 -15"><span class='ocrx_word' id='word_1_843' title='bbox 1946 4757 2084 4812; x_wconf 90' lang='lat' dir='ltr'><strong>bolis</strong></span> <span class='ocrx_word' id='word_1_844' title='bbox 2114 4758 2371 4826; x_wconf 71' lang='lat' dir='ltr'><strong>loquitur.</strong></span> <span class='ocrx_word' id='word_1_845' title='bbox 2397 4752 2546 4806; x_wconf 77' lang='lat' dir='ltr'><strong>Eviit</strong></span> <span class='ocrx_word' id='word_1_846' title='bbox 2588 4753 2754 4822; x_wconf 88' lang='lat' dir='ltr'><strong>igitur</strong></span> <span class='ocrx_word' id='word_1_847' title='bbox 2781 4751 3082 4814; x_wconf 85' lang='lat' dir='ltr'><strong>seminans,</strong></span> <span class='ocrx_word' id='word_1_848' title='bbox 3116 4746 3218 4800; x_wconf 86' lang='lat' dir='ltr'><strong>hoc</strong></span> <span class='ocrx_word' id='word_1_849' title='bbox 3240 4754 3344 4809; x_wconf 90' lang='lat' dir='ltr'><strong>est,</strong></span> <span class='ocrx_word' id='word_1_850' title='bbox 3379 4741 3551 4796; x_wconf 88' lang='lat' dir='ltr'><strong>Filius</strong></span> 
     </span>
    </p>
   </div>
   <div class='ocr_carea' id='block_1_110' title="bbox 1951 4836 3554 4906">
    <p class='ocr_par' dir='ltr' id='par_1_110' title="bbox 1951 4836 3554 4906">
     <span class='ocr_line' id='line_1_110' title="bbox 1951 4836 3554 4906; baseline -0.009 -3"><span class='ocrx_word' id='word_1_851' title='bbox 1951 4850 2043 4906; x_wconf 90' lang='lat' dir='ltr'><strong>Dei</strong></span> <span class='ocrx_word' id='word_1_852' title='bbox 2069 4851 2242 4904; x_wconf 81' lang='lat' dir='ltr'><strong>exivit</strong></span> <span class='ocrx_word' id='word_1_853' title='bbox 2276 4851 2340 4904; x_wconf 92' lang='lat' dir='ltr'><strong>de</strong></span> <span class='ocrx_word' id='word_1_854' title='bbox 2377 4847 2556 4901; x_wconf 85' lang='lat' dir='ltr'><strong>Patris</strong></span> <span class='ocrx_word' id='word_1_855' title='bbox 2587 4846 2666 4900; x_wconf 91' lang='lat' dir='ltr'><strong>sui</strong></span> <span class='ocrx_word' id='word_1_856' title='bbox 2705 4847 2826 4898; x_wconf 88' lang='lat' dir='ltr'><strong>sinu</strong></span> <span class='ocrx_word' id='word_1_857' title='bbox 2860 4841 3201 4904; x_wconf 87' lang='lat' dir='ltr'><strong>abscondito,</strong></span> <span class='ocrx_word' id='word_1_858' title='bbox 3235 4848 3288 4892; x_wconf 81' lang='lat' dir='ltr'><strong>et</strong></span> <span class='ocrx_word' id='word_1_859' title='bbox 3330 4836 3554 4905; x_wconf 81' lang='lat' dir='ltr'><strong>conspi-</strong></span> 
     </span>
    </p>
   </div>
   <div class='ocr_carea' id='block_1_111' title="bbox 1940 4931 3552 5006">
    <p class='ocr_par' dir='ltr' id='par_1_111' title="bbox 1940 4931 3552 5006">
     <span class='ocr_line' id='line_1_111' title="bbox 1940 4931 3552 5006; baseline -0.011 -8"><span class='ocrx_word' id='word_1_860' title='bbox 1940 4959 2076 4998; x_wconf 90' lang='lat' dir='ltr'><strong>cuus</strong></span> <span class='ocrx_word' id='word_1_861' title='bbox 2127 4942 2300 4996; x_wconf 83' lang='lat' dir='ltr'><strong>faetus</strong></span> <span class='ocrx_word' id='word_1_862' title='bbox 2339 4951 2442 4996; x_wconf 90' lang='lat' dir='ltr'><strong>est.</strong></span> <span class='ocrx_word' id='word_1_863' title='bbox 2495 4939 2628 5006; x_wconf 87' lang='lat' dir='ltr'><strong>Quis</strong></span> <span class='ocrx_word' id='word_1_864' title='bbox 2667 4948 2845 4990; x_wconf 81' lang='lat' dir='ltr'><strong>autem</strong></span> <span class='ocrx_word' id='word_1_865' title='bbox 2879 4934 3089 4990; x_wconf 73' lang='lat' dir='ltr'><strong>exivit?</strong></span> <span class='ocrx_word' id='word_1_866' title='bbox 3126 4931 3176 4987; x_wconf 83' lang='lat' dir='ltr'><strong>Is</strong></span> <span class='ocrx_word' id='word_1_867' title='bbox 3211 4931 3300 5001; x_wconf 89' lang='lat' dir='ltr'><strong>qui</strong></span> <span class='ocrx_word' id='word_1_868' title='bbox 3334 4943 3552 4997; x_wconf 86' lang='lat' dir='ltr'><strong>semper</strong></span> 
     </span>
    </p>
   </div>
   <div class='ocr_carea' id='block_1_112' title="bbox 1945 5019 3553 5091">
    <p class='ocr_par' dir='ltr' id='par_1_112' title="bbox 1945 5019 3553 5091">
     <span class='ocr_line' id='line_1_112' title="bbox 1945 5019 3553 5091; baseline -0.009 -1"><span class='ocrx_word' id='word_1_869' title='bbox 1945 5035 2202 5090; x_wconf 78' lang='lat' dir='ltr'><strong>seminat.</strong></span> <span class='ocrx_word' id='word_1_870' title='bbox 2246 5032 2416 5086; x_wconf 90' lang='lat' dir='ltr'><strong>Filius</strong></span> <span class='ocrx_word' id='word_1_871' title='bbox 2463 5031 2605 5084; x_wconf 88' lang='lat' dir='ltr'><strong>enim</strong></span> <span class='ocrx_word' id='word_1_872' title='bbox 2646 5029 2738 5084; x_wconf 89' lang='lat' dir='ltr'><strong>Det</strong></span> <span class='ocrx_word' id='word_1_873' title='bbox 2785 5043 2889 5081; x_wconf 91' lang='lat' dir='ltr'><strong>non</strong></span> <span class='ocrx_word' id='word_1_874' title='bbox 2916 5035 3095 5080; x_wconf 87' lang='lat' dir='ltr'><strong>cessat</strong></span> <span class='ocrx_word' id='word_1_875' title='bbox 3135 5038 3351 5091; x_wconf 90' lang='lat' dir='ltr'><strong>semper</strong></span> <span class='ocrx_word' id='word_1_876' title='bbox 3388 5019 3553 5076; x_wconf 41' lang='lat' dir='ltr'><strong>semis</strong></span> 
     </span>
    </p>
   </div>
   <div class='ocr_carea' id='block_1_113' title="bbox 1946 5113 3549 5185">
    <p class='ocr_par' dir='ltr' id='par_1_113' title="bbox 1946 5113 3549 5185">
     <span class='ocr_line' id='line_1_113' title="bbox 1946 5113 3549 5185; baseline -0.011 -2"><span class='ocrx_word' id='word_1_877' title='bbox 1946 5144 2076 5183; x_wconf 87' lang='lat' dir='ltr'><strong>nare</strong></span> <span class='ocrx_word' id='word_1_878' title='bbox 2108 5129 2158 5181; x_wconf 91' lang='lat' dir='ltr'><strong>in</strong></span> <span class='ocrx_word' id='word_1_879' title='bbox 2191 5126 2478 5180; x_wconf 86' lang='lat' dir='ltr'><strong>animabus</strong></span> <span class='ocrx_word' id='word_1_880' title='bbox 2503 5123 2728 5176; x_wconf 85' lang='lat' dir='ltr'><strong>nostris.</strong></span> <span class='ocrx_word' id='word_1_881' title='bbox 2763 5119 2878 5176; x_wconf 88' lang='lat' dir='ltr'><strong>Non</strong></span> <span class='ocrx_word' id='word_1_882' title='bbox 2915 5120 3059 5175; x_wconf 88' lang='lat' dir='ltr'><strong>enim</strong></span> <span class='ocrx_word' id='word_1_883' title='bbox 3118 5118 3294 5172; x_wconf 82' lang='lat' dir='ltr'><strong>solum</strong></span> <span class='ocrx_word' id='word_1_884' title='bbox 3330 5113 3549 5185; x_wconf 86' lang='lat' dir='ltr'><strong>quando</strong></span> 
     </span>
    </p>
   </div>
   <div class='ocr_carea' id='block_1_114' title="bbox 1946 5209 3552 5282">
    <p class='ocr_par' dir='ltr' id='par_1_114' title="bbox 1946 5209 3552 5282">
     <span class='ocr_line' id='line_1_114' title="bbox 1946 5209 3552 5282; baseline -0.008 -11"><span class='ocrx_word' id='word_1_885' title='bbox 1946 5220 2158 5272; x_wconf 88' lang='lat' dir='ltr'><strong>videtur</strong></span> <span class='ocrx_word' id='word_1_886' title='bbox 2199 5221 2414 5280; x_wconf 76' lang='lat' dir='ltr'><strong>docere,</strong></span> <span class='ocrx_word' id='word_1_887' title='bbox 2471 5215 2563 5267; x_wconf 85' lang='lat' dir='ltr'><strong>sed</strong></span> <span class='ocrx_word' id='word_1_888' title='bbox 2615 5223 2666 5268; x_wconf 88' lang='lat' dir='ltr'><strong>et</strong></span> <span class='ocrx_word' id='word_1_889' title='bbox 2715 5229 2812 5282; x_wconf 86' lang='lat' dir='ltr'><strong>per</strong></span> <span class='ocrx_word' id='word_1_890' title='bbox 2863 5211 3122 5265; x_wconf 89' lang='lat' dir='ltr'><strong>mundum</strong></span> <span class='ocrx_word' id='word_1_891' title='bbox 3151 5209 3337 5265; x_wconf 84' lang='lat' dir='ltr'><strong>istum.</strong></span> <span class='ocrx_word' id='word_1_892' title='bbox 3368 5214 3419 5260; x_wconf 87' lang='lat' dir='ltr'><strong>et</strong></span> <span class='ocrx_word' id='word_1_893' title='bbox 3453 5220 3552 5272; x_wconf 89' lang='lat' dir='ltr'><strong>per</strong></span> 
     </span>
    </p>
   </div>
   <div class='ocr_carea' id='block_1_115' title="bbox 1953 5297 3553 5380">
    <p class='ocr_par' dir='ltr' id='par_1_115' title="bbox 1953 5297 3553 5380">
     <span class='ocr_line' id='line_1_115' title="bbox 1953 5297 3553 5380; baseline -0.008 -15"><span class='ocrx_word' id='word_1_894' title='bbox 1953 5328 2011 5365; x_wconf 90' lang='lat' dir='ltr'><strong>ea</strong></span> <span class='ocrx_word' id='word_1_895' title='bbox 2043 5326 2163 5380; x_wconf 70' lang='lat' dir='ltr'><strong>qua:</strong></span> <span class='ocrx_word' id='word_1_896' title='bbox 2192 5309 2432 5380; x_wconf 77' lang='lat' dir='ltr'><strong>quotidie</strong></span> <span class='ocrx_word' id='word_1_897' title='bbox 2469 5308 2595 5362; x_wconf 87' lang='lat' dir='ltr'><strong>facit</strong></span> <span class='ocrx_word' id='word_1_898' title='bbox 2631 5323 2756 5375; x_wconf 82' lang='lat' dir='ltr'><strong>erga</strong></span> <span class='ocrx_word' id='word_1_899' title='bbox 2792 5320 2910 5369; x_wconf 86' lang='lat' dir='ltr'><strong>nos,</strong></span> <span class='ocrx_word' id='word_1_900' title='bbox 2979 5303 3213 5359; x_wconf 86' lang='lat' dir='ltr'><strong>seminat</strong></span> <span class='ocrx_word' id='word_1_901' title='bbox 3239 5301 3291 5354; x_wconf 93' lang='lat' dir='ltr'><strong>in</strong></span> <span class='ocrx_word' id='word_1_902' title='bbox 3348 5297 3553 5354; x_wconf 88' lang='lat' dir='ltr'><strong>nostris</strong></span> 
     </span>
    </p>
   </div>
   <div class='ocr_carea' id='block_1_116' title="bbox 1955 5392 3553 5462">
    <p class='ocr_par' dir='ltr' id='par_1_116' title="bbox 1955 5392 3553 5462">
     <span class='ocr_line' id='line_1_116' title="bbox 1955 5392 3553 5462; baseline -0.008 -6"><span class='ocrx_word' id='word_1_903' title='bbox 1955 5405 2236 5456; x_wconf 85' lang='lat' dir='ltr'><strong>animabus</strong></span> <span class='ocrx_word' id='word_1_904' title='bbox 2279 5401 2416 5454; x_wconf 89' lang='lat' dir='ltr'><strong>bona</strong></span> <span class='ocrx_word' id='word_1_905' title='bbox 2465 5401 2693 5453; x_wconf 85' lang='lat' dir='ltr'><strong>semina.</strong></span> <span class='ocrx_word' id='word_1_906' title='bbox 2732 5399 2910 5451; x_wconf 71' lang='lat' dir='ltr'><strong>Exivit</strong></span> <span class='ocrx_word' id='word_1_907' title='bbox 2939 5409 3139 5459; x_wconf 88' lang='lat' dir='ltr'><strong>autem,</strong></span> <span class='ocrx_word' id='word_1_908' title='bbox 3172 5409 3276 5449; x_wconf 89' lang='lat' dir='ltr'><strong>non</strong></span> <span class='ocrx_word' id='word_1_909' title='bbox 3313 5401 3374 5447; x_wconf 90' lang='lat' dir='ltr'><strong>ut</strong></span> <span class='ocrx_word' id='word_1_910' title='bbox 3408 5392 3553 5462; x_wconf 86' lang='lat' dir='ltr'><strong>agri-</strong></span> 
     </span>
    </p>
   </div>
   <div class='ocr_carea' id='block_1_117' title="bbox 1952 5486 3544 5561">
    <p class='ocr_par' dir='ltr' id='par_1_117' title="bbox 1952 5486 3544 5561">
     <span class='ocr_line' id='line_1_117' title="bbox 1952 5486 3544 5561; baseline -0.006 -12"><span class='ocrx_word' id='word_1_911' title='bbox 1952 5496 2101 5549; x_wconf 88' lang='lat' dir='ltr'><strong>colas</strong></span> <span class='ocrx_word' id='word_1_912' title='bbox 2155 5495 2392 5556; x_wconf 85' lang='lat' dir='ltr'><strong>occidat,</strong></span> <span class='ocrx_word' id='word_1_913' title='bbox 2439 5493 2522 5546; x_wconf 88' lang='lat' dir='ltr'><strong>vel</strong></span> <span class='ocrx_word' id='word_1_914' title='bbox 2570 5507 2758 5561; x_wconf 74' lang='lat' dir='ltr'><strong>agrum</strong></span> <span class='ocrx_word' id='word_1_915' title='bbox 2799 5497 3017 5556; x_wconf 84' lang='lat' dir='ltr'><strong>exurat,</strong></span> <span class='ocrx_word' id='word_1_916' title='bbox 3072 5489 3166 5544; x_wconf 90' lang='lat' dir='ltr'><strong>sed</strong></span> <span class='ocrx_word' id='word_1_917' title='bbox 3204 5497 3260 5542; x_wconf 90' lang='lat' dir='ltr'><strong>ut</strong></span> <span class='ocrx_word' id='word_1_918' title='bbox 3293 5486 3544 5541; x_wconf 87' lang='lat' dir='ltr'><strong>seminet.</strong></span> 
     </span>
    </p>
   </div>
   <div class='ocr_carea' id='block_1_118' title="bbox 1956 5579 3548 5655">
    <p class='ocr_par' dir='ltr' id='par_1_118' title="bbox 1956 5579 3548 5655">
     <span class='ocr_line' id='line_1_118' title="bbox 1956 5579 3548 5655; baseline -0.003 -17"><span class='ocrx_word' id='word_1_919' title='bbox 1956 5583 2110 5654; x_wconf 82' lang='lat' dir='ltr'><strong>S;epc</strong></span> <span class='ocrx_word' id='word_1_920' title='bbox 2141 5585 2286 5640; x_wconf 83' lang='lat' dir='ltr'><strong>enim</strong></span> <span class='ocrx_word' id='word_1_921' title='bbox 2345 5584 2620 5654; x_wconf 82' lang='lat' dir='ltr'><strong>egreditur</strong></span> <span class='ocrx_word' id='word_1_922' title='bbox 2664 5581 2898 5655; x_wconf 86' lang='lat' dir='ltr'><strong>agricola</strong></span> <span class='ocrx_word' id='word_1_923' title='bbox 2932 5588 2986 5637; x_wconf 84' lang='lat' dir='ltr'><strong>et</strong></span> <span class='ocrx_word' id='word_1_924' title='bbox 3033 5587 3260 5650; x_wconf 78' lang='lat' dir='ltr'><strong>propter</strong></span> <span class='ocrx_word' id='word_1_925' title='bbox 3281 5579 3408 5646; x_wconf 89' lang='lat' dir='ltr'><strong>alia,</strong></span> <span class='ocrx_word' id='word_1_926' title='bbox 3441 5593 3548 5641; x_wconf 86' lang='lat' dir='ltr'><strong>non</strong></span> 
     </span>
    </p>
   </div>
  </div>
