4030 6402
538 335 645 400 799

1462 327 2042 391 THEOPHYLACTI
2080 323 2486 387 BULGARLE
2529 317 2884 381 ARCHIEP.

3696 300 3802 364 800

543 444 717 499 solum
750 451 807 498 ut
845 443 1094 505 seminet,
1123 441 1214 495 scd
1241 440 1371 494 exiit
1393 451 1449 494 ut
1476 442 1705 496 seminet
1729 455 1911 495 semen
1947 455 2124 494 Slllltll.

2233 435 2579 507 κατακαύσῃ.
2604 432 2717 502 ἀλλ’
2745 432 2832 483 ἵνα
2859 425 3074 496 σπείρῃ·
3106 421 3363 482 πολλάκις
3387 419 3494 489 γὰρ
3528 414 3807 487 ἐξέρχεται

541 537 798 607 Proprins
835 537 974 589 enim
999 534 1114 601 ejus
1147 544 1229 586 est
1260 549 1437 588 sermo
1471 534 1747 598 doctrinm,
1778 541 1830 587 et
1853 547 1956 586 non
1987 531 2118 583 alie-

545 646 664 684 nus.
695 629 968 697 Propheta!
1003 627 1145 680 enim
1189 641 1522 694 qu:ecunque
1558 626 1834 686 dixerunt,
1865 638 1894 676 e
1930 622 2118 690 spiritu

548 726 819 784 dixerunt,
872 731 923 773 et
965 736 1070 773 non
1117 731 1174 773 ιιι
1228 719 1481 787 propria:
1514 721 1653 771 unde
1709 725 1762 770 et
1817 715 2118 769 dixerunt:

544 812 667 866 Hcce
697 810 828 864 dicit
879 809 1161 863 Dominus.
1194 808 1442 861 Christus
1485 819 1614 858 vero
1649 804 1925 873 proprium
1963 803 2124 856 liabet

543 918 753 962 semen.
790 902 989 954 idcirco
1024 916 1126 952 non
1159 899 1370 953 dicebat
1401 899 1600 951 docens
1634 915 1647 951 :
1687 897 1811 951 llaec
1855 895 1986 948 dicit
2014 895 2119 948 Do-

541 994 742 1056 minus,
784 993 874 1045 sed
906 1009 917 1042 :
949 991 1060 1059 Ego
1084 990 1203 1043 dico
1233 990 1406 1043 vobis.
1439 987 1751 1042 Seminante
1782 997 1963 1040 autem
2005 986 2117 1049 illo,

541 1083 646 1137 boc
697 1093 777 1136 est
812 1084 1054 1145 docente,
1087 1081 1229 1134 aliud
1268 1080 1482 1149 quidem
1509 1079 1710 1133 cecidit
1743 1078 1886 1132 circa
1925 1078 2061 1130 viam
2108 1094 2120 1128 :

542 1184 648 1229 non
680 1177 815 1229 dixit
870 1175 1008 1242 quod
1042 1173 1327 1244 proiecerit
1368 1173 1665 1235 seminans,
1700 1171 1791 1227 sed
1825 1173 1964 1239 quod
1995 1169 2122 1225 illud

541 1268 819 1323 ceciderit.
865 1265 997 1319 Nam
1025 1267 1114 1333 qui
1165 1267 1418 1326 seminat,
1456 1264 1759 1318 seminatet
1790 1263 1966 1327 docet,
2000 1277 2121 1316 ser-

548 1375 637 1412 mo
659 1369 833 1411 autem
867 1359 1013 1411 cadit
1050 1360 1100 1411 in
1132 1357 1435 1410 audientes.
1470 1354 1534 1408 Hi
1560 1365 1737 1408 autem
1776 1354 2125 1408 inveniuntur

539 1464 661 1503 esse
699 1449 776 1502 vel
836 1449 940 1514 via,
973 1449 1052 1501 vel
1082 1457 1251 1517 petra,
1290 1446 1371 1498 vel
1409 1447 1604 1513 spinae,
1669 1445 1751 1499 vel
1783 1453 1924 1498 terra
1961 1444 2121 1498 bona.

544 1539 811 1594 Caeterum
845 1537 1120 1606 discipulis
1153 1535 1612 1604 interrogantibus
1655 1536 1987 1605 parabolam,
2048 1536 2125 1588 di«

537 1632 612 1685 cit
681 1629 990 1683 Dominus:
1036 1627 1202 1683 Vobis
1251 1629 1436 1682 (lutum
1510 1637 1593 1682 est
1652 1628 1792 1682 scire
1867 1627 2124 1698 mysteria

2227 532 2255 581 ὁ
2289 527 2532 598 γεωργὸς
2573 526 2665 577 καὶ
2715 523 2782 575 δι’
2815 521 2971 582 ἄλλα,
3009 518 3070 570 οὑ
3125 514 3282 585 μόνον
3333 512 3426 563 διὰ⁹
3475 511 3533 562 τὸ
3566 512 3806 576 σπεῖραι.

2226 623 2330 674 Τὸν
2366 621 2564 690 σπόρον
2595 618 2649 670 δὲ
2681 614 2844 670 αὑτοῦ
2879 609 3066 679 ἐξῆλθε
3100 609 3339 675 σπεῖραι.
3379 602 3537 663 Ἶδιος
3577 601 3687 667 γὰρ
3718 599 3809 650 αῦ-

2226 711 2319 764 τοῦ
2353 708 2418 771 ἦν
2449 689 2480 760 δ
2511 708 2667 774 λόγος
2713 705 2808 772 τῆς
2837 698 3206 759 διδασκαλίας,
3254 696 3345 747 καὶ
3383 693 3480 744 οῦκ
3509 689 3806 757 ἀλλότριος.

2226 804 2288 855 Ol
2324 802 2421 870 μὲν
2472 799 2579 867 γὰρ
2623 796 2920 866 προφῆται,
2961 791 3058 854 ὅσα
3091 788 3296 853 ἔλεγον,
3331 784 3430 835 οὐκ
3463 784 3569 834 ἴδια
3604 778 3806 844 ἔλεγον,

2229 894 2363 946 ἀλλὰ
2397 891 2488 943 τοῦ
2527 888 2851 956 πνεύματος.
2879 883 2968 934 Διὸ
2995 881 3200 945 ἔλεγον,
3236 876 3375 927 Τάδε
3405 873 3555 939 λέγει
3580 870 3805 937 Κύριος.

2238 989 2296 1038 'U
2328 986 2384 1038 δὲ
2405 981 2638 1053 Χριστὸς
2691 978 2819 1032 [διον
2848 972 2961 1044 εἶχε
2988 973 3077 1024 τὸν
3121 969 3343 1039 σπόρον.
3373 965 3460 1018 Διὸ
3491 964 3591 1015 οὐκ
3615 961 3812 1053 Δἔλεγεν

2226 1076 2352 1128 ὅταν
2370 1049 2666 1134 ἐδίδασκεν,
2685 1069 2764 1121 ὅτι
2779 1065 2915 1118 Τάδε
2934 1063 3082 1129 λέγει
3100 1061 3323 1129 Κύριος,
3351 1054 3486 1117 ἀλλ’,
3505 1049 3648 1119 Ἐγὼ
3669 1051 3814 1116 λέγω

2228 1169 2376 1237 ὑμῖν.
2423 1166 2510 1217 Ἐν
2533 1163 2610 1233 τῷ
2639 1159 2885 1229 σπείρειν
2916 1157 2970 1208 δὲ
3000 1154 3183 1215 αὑτὸν,
3209 1148 3512 1210 τουτέστιν,
3543 1146 3597 1196 ὲν
3633 1141 3708 1211 τῷ
3737 1141 3815 1192 δι-

2227 1230 2468 1317 δάσκειν,
2500 1230 2628 1308 ἄλλο
2668 1253 2764 1320 μὲν
2809 1250 2970 1300 ἔπεσε
3007 1244 3158 1314 παρὰ
3192 1242 3290 1312 τὴν
3319 1239 3455 1292 ὁδόν.
3493 1237 3609 1289 Οὐκ
3659 1230 3814 1284 εἶπεν

2227 1350 2309 1402 ὅτι
2357 1348 2580 1420 ἔρριψεν
2613 1347 2640 1398 ὁ
2679 1343 2940 1411 σπείρων,
2977 1337 3090 1391 ἀλλ’
3143 1334 3339 1388 ἔπεσεν
3375 1327 3674 1420 ἐκεῖνο.ίο
3713 1324 3814 1393 μὲν

2229 1443 2334 1511 γὰρ
2367 1419 2605 1506 σπείρων
2668 1433 2878 1504 σπείρει
2909 1431 3002 1483 καὶ
3029 1428 3292 1481 διδάσκει.
3338 1423 3396 1475 Ὀ
3447 1422 3502 1474 δὲ
3543 1419 3816 1511 λόγος-είς

2229 1532 2354 1592 τοὺς
2385 1529 2684 1588 ἀκούοντας
2718 1526 2925 1576 πίπτει.
2963 1515 3205 1573 Οῦτονδὲ
3229 1515 3572 1585 εὑρίσκονται
3606 1509 3642 1580 ἢ
3672 1508 3813 1571 ὁδὸς,

2229 1622 2261 1691 ἣ
2296 1622 2490 1690 πέτρα,
2543 1621 2574 1683 ἢ
2609 1618 2842 1678 ἄκανθα,
2881 1616 2911 1684 ἢ
2948 1612 3125 1681 ἀγαθὴ
3154 1610 3250 1678 γῆ.
3297 1605 3572 1673 Ἑρωτῶσι
3617 1601 3672 1654 δὲ
3704 1601 3817 1661 τοῖς

544 1720 695 1787 regni
731 1718 847 1787 Dei,
893 1719 991 1772 hoc
1043 1727 1125 1772 est
1178 1719 1330 1770 vobis
1365 1717 1756 1785 qurerentibus,
1791 1726 1847 1768 ιιι
1878 1693 2121 1770 di'scntis.

2235 1713 2501 1782 μαθηταῖς
2535 1705 2999 1788 τὴν-παραϐολὴν,
3035 1705 3196 1771 φησὶν
3229 1701 3255 1752 ὁ
3283 1699 3505 1768 Κύριος⁸
3541 1694 3702 1763 Ὑμῖν
3734 1693 3818 1744 δέ-

546 1827 569 1864 (
606 1809 793 1865 Omnis
824 1811 963 1864 enim
999 1812 1087 1880 qui
1128 1811 1278 1879 petit,
1325 1810 1520 1878 accipit
1553 1809 1596 1840 ³³
1619 1849 1633 1862 .
1668 1827 1685 1860 ι
1717 1807 1958 1878 Reliquis
1995 1824 2120 1861 vero

540 1903 631 1972 qui
664 1902 1017 1956 sacramentis
1063 1902 1264 1966 indigni
1329 1912 1472 1964 sunt,
1511 1902 1739 1954 obscure
1775 1900 2046 1960 dicuntur,
2073 1907 2125 1951 rt

540 1995 846 2049 existimant
893 1995 1108 2062 quidem
1158 2008 1215 2047 se
1274 1994 1477 2055 videre,
1531 1993 1623 2046 sed
1657 2008 1764 2044 non
1797 1991 1980 2044 vident
2024 2000 2126 2044 :et

541 2085 767 2138 audiunt
799 2084 1040 2152 quidem,
1087 2085 1179 2137 sed
1227 2099 1328 2136 non
1380 2082 1712 2151 intelligunt,
1749 2093 1910 2149 atque
1936 2081 2039 2134 hoc
2071 2081 2122 2132 in

540 2173 753 2227 illorum
825 2173 1046 2228 bonum.
1112 2172 1188 2226 Ne
1247 2174 1390 2226 enim
1467 2174 1638 2241 magis
1691 2171 2121 2225 condemnentur

539 2266 682 2336 quod
740 2267 951 2335 cognita
995 2267 1253 2335 mysteria
1315 2269 1637 2334 spreverint,
1670 2265 1788 2318 ideo
1821 2265 1888 2316 ab
1921 2263 2024 2317 illis
2061 2279 2121 2316 ea

539 2357 783 2412 Christus
817 2357 1117 2411 abscondit.
1175 2356 1275 2422 Qui
1313 2358 1453 2409 enim
1489 2358 1758 2424 cognoscit
1785 2363 1836 2408 et
1869 2365 2116 2408 contem-

537 2447 637 2512 nit,
666 2450 908 2518 graviora
945 2457 1181 2502 meretur
1203 2449 1486 2524 supplicia.

2231 1806 2378 1857 δοται
2409 1804 2613 1871 γνῶναι
2648 1801 2714 1852 τὰ
2763 1799 3037 1867 μυστήρια
3085 1796 3183 1864 τῆς
3215 1790 3490 1861 βασιλείας
3526 1786 3618 1838 τοῦ
3654 1783 3816 1843 Θεοῦ,

2223 1897 2520 1956 τουτέστιν,
2561 1895 2688 1961 ὑμῖν
2715 1893 2833 1951 τοῖς
2883 1887 3107 1956 ζητοῦσι
3158 1884 3368 1953 μαθεῖν.
3412 1899 3429 1931 ι
3477 1880 3591 1940 lli;
3644 1877 3754 1945 γὰρ
3789 1878 3816 1928 6

2227 1990 2412 2051 αἰτῶν,
2461 1986 2765 2056 λαμϐάνει”
2807 2002 2820 2031 ι
2863 1984 2974 2042 τοῖς
3021 1980 3073 2030 δὲ
3109 1979 3315 2038 λοιποῖς
3350 1975 3459 2034 τοῖς
3516 1970 3590 2040 μὴ
3648 1967 3818 2032 ἀξίοις

2226 2079 2346 2136 οὖσι
2397 2080 2504 2132 τῶν
2561 2075 2898 2147 μυστηρίων,
2954 2069 3244 2129 σκοτεινῶς
3284 2068 3558 2132 λέγονται,
3606 2061 3702 2110 καὶ
3735 2059 3819 2109 δο-

2227 2171 2379 2224 κοῦσι
2433 2169 2528 2238 μὲν
2562 2166 2798 2236 βλέπειν,
2844 2163 2902 2214 οὐ
2950 2161 3206 2230 βλέπουσι
3258 2156 3313 2208 δέ
3349 2173 3363 2186 ο
3408 2153 3502 2206 καὶ
3555 2150 3818 2204 ἀκούουσι

2233 2265 2353 2333 μὲν,
2390 2263 2450 2314 οὑ
2505 2249 2748 2312 συνιοῦσι
2779 2256 2863 2318 δὲ,
2903 2256 2999 2307 καὶ
3030 2252 3186 2304 τοῦτο
3222 2251 3300 2310 είς
3349 2244 3672 2315 εὐεργεσίαν
3722 2241 3817 2294 αὖ·

2223 2331 2350 2402 τῶν.
2381 2350 2496 2400 Ἵνα
2545 2349 2652 2416 γὰρ
2698 2346 2772 2414 μὴ
2819 2344 2977 2395 πλέον
3018 2339 3444 2409 κατακριθῶσιν,
3474 2335 3550 2395 ὡς
3585 2334 3724 2402 μετὰ
3760 2331 3818 2382 τδ

2225 2440 2430 2507 γνῶναι
2462 2440 2529 2491 τὰ
2583 2438 2856 2507 μυστήρια
2887 2432 3403 2501 καταφρονήσαντες
3434 2427 3638 2486 αὐτῶν,
3690 2421 3816 2475 τού-

536 2558 630 2594 του
666 2542 850 2594 ἒνεκεν
892 2541 1212 2611 ἀπέκρυψεν
1243 2543 1271 2593 ὁ
1318 2541 1550 2610 Χριστὸς
1590 2539 1683 2592 ἀπ’
1709 2538 1891 2591 αὐτῶν
1920 2536 2111 2590 ταῦτα.
2165 2534 2223 2587 '0
2284 2534 2389 2604 γὰρ
2425 2533 2608 2600 γνοὺς,
2681 2526 2800 2582 εἷτα
2847 2527 3288 2599 καταφρονήσας,
3325 2521 3634 2590 βαρυτέρας
3667 2517 3818 2581 ἀξίας

537 2651 830 2704 τιμωριας.

613 2729 773 2784 Vsus.
808 2729 994 2782 “~15.
1037 2745 1052 2777 ι
1089 2726 1198 2780 ‘Est
1230 2736 1408 2780 autem
1441 2727 1557 2779 hac
1587 2725 1834 2794 parabola
1865 2743 1878 2777 :
1925 2725 2120 2777 Semen

537 2832 622 2880 est
653 2837 832 2879 sermo
883 2821 995 2874 Dei.
1034 2818 1133 2885 Qui
1171 2829 1349 2873 autem
1391 2817 1542 2885 juxta
1579 2818 1741 2880 viam,
1779 2817 1832 2872 bi
1860 2825 1986 2870 sunt
2027 2816 2123 2884 qui

539 2917 770 2970 audiunt
825 2934 836 2967 :
883 2913 1074 2967 deinde
1119 2913 1262 2964 venit
1295 2909 1538 2962 diabolus
1560 2918 1611 2962 et
1645 2907 1781 2962 tollit
1813 2922 2119 2961 sermonem

545 3009 612 3060 de
669 3005 831 3059 corde
864 3019 1069 3066 eorum,
1113 3016 1180 3056 ne
1209 3000 1493 3055 credentes
1534 3008 1840 3053 serventur.
1866 2998 2001 3052 Nam
2030 2999 2121 3068 qui

545 3111 707 3166 super
774 3106 1007 3166 petram,
1066 3097 1119 3149 lii
1173 3105 1298 3148 sunt
1349 3093 1438 3163 qui
1501 3108 1620 3148 cum
1671 3092 1961 3157 audierint,
1995 3108 2119 3146 cum

544 3191 740 3258 gaudio
785 3189 1084 3255 suscipiunt
1114 3202 1443 3253 sermonem,
1479 3196 1533 3239 et
1561 3186 1617 3240 hi
1648 3185 1858 3240 radices
1885 3201 1998 3245 non
2023 3185 2121 3238 ha-

547 3283 693 3343 bent,
723 3281 811 3348 qui
854 3280 919 3332 ad
972 3289 1180 3346 tempus
1206 3279 1457 3342 credunt,
1485 3287 1538 3331 et
1578 3278 1630 3332 in
1666 3288 1905 3346 tempore
1943 3287 2121 3330 tenta-

546 3371 708 3424 tionis
758 3370 1032 3423 recedunt.
1090 3369 1241 3434 Quod
1293 3377 1472 3424 autem
1503 3369 1555 3423 ir
1585 3364 1779 3436 spinas
1809 3368 2027 3430 cecidit,
2070 3369 2121 3422 Ιιί

547 3470 670 3515 sunt
707 3463 796 3528 qui
850 3459 1154 3524 audierunt,
1192 3468 1246 3512 et
1297 3475 1324 3510 ιι
1359 3459 1818 3514 sollicitudinibus
1842 3468 1895 3512 et
1924 3457 2126 3515 divitiis

546 3568 609 3605 ac
639 3551 994 3620 voluptatibus
1025 3553 1143 3605 vitm
1188 3561 1398 3613 euntes,
1429 3552 1782 3616 sulfocantur,
1828 3551 1991 3622 325
2029 3567 2127 3607 nec

547 3640 789 3696 referunt
819 3641 1074 3695 fructum.
1108 3640 1260 3706 Quod
1292 3651 1472 3696 autem
1504 3642 1559 3696 in
1596 3642 1793 3696 bonam
1824 3650 2045 3707 terram,
2071 3642 2125 3696 hi

548 3739 678 3786 sunt
711 3731 797 3798 qui
857 3732 908 3784 in
957 3732 1119 3785 corde
1157 3732 1384 3786 honesto
1417 3747 1482 3786 ae
1506 3734 1667 3798 bono,
1700 3733 1982 3786 audientes
2015 3749 2130 3787 ser-

550 3837 760 3877 monem
820 3822 1070 3886 retinent,
1123 3832 1176 3877 et
1202 3821 1434 3877 fructum
1494 3823 1723 3878 aﬂerunt
1776 3837 1872 3890 per
1913 3824 2126 3892 patien-

551 3914 698 3966 tiam.
737 3931 757 3964 ι
808 3913 941 3966 Tres
995 3913 1082 3966 hic
1120 3914 1339 3967 ordines
1368 3928 1554 3968 eorum
1587 3922 1712 3968 sunt
1739 3913 1833 3984 qui
1867 3929 1971 3968 non
2009 3927 2128 3969 ser-

551 4014 768 4057 vantur.
820 4002 953 4056 Nam
1001 4003 1054 4056 bi
1093 4004 1182 4073 qui
1215 4018 1377 4059 secus
1414 4005 1575 4070 viam,
1607 4005 1922 4073 neutiquam
1959 4006 2129 4059 susci-

551 4097 704 4163 piunt
765 4107 1120 4160 sermonem;
1176 4094 1315 4147 sicut
1368 4095 1511 4148 enim
1574 4094 1658 4147 via
1729 4095 2042 4150 conculcata
2077 4105 2131 4150 et

553 4187 848 4255 constipata
901 4199 1086 4238 semen
1131 4199 1236 4237 non
1274 4185 1519 4252 suscipit,
1565 4200 1632 4240 eo
1653 4186 1797 4255 quod
1852 4186 1986 4240 dura
2038 4190 2127 4252 sit,

552 4275 621 4329 ita
662 4287 716 4329 et
772 4273 1022 4328 obdurati
1074 4275 1234 4328 corde
1292 4288 1598 4329 sermonem
1655 4290 1758 4330 non
1828 4278 2133 4346 suscipiunt

553 4365 709 4420 etiam
773 4367 1051 4421 audientes
1083 4382 1098 4420 :
1127 4381 1231 4420 non
1265 4365 1552 4421 attendunt
1603 4368 1781 4423 enim..
1812 4369 1996 4439 Atqui
2039 4385 2135 4439 per

2303 2733 2320 2763 ι
2369 2715 2526 2764 Ἐστι
2575 2711 2630 2762 δὲ
2685 2707 2822 2776 αῦτη
2857 2707 2889 2774 ἡ
2941 2702 3244 2772 παραϐολὴ,
3285 2701 3346 2753 Ὀ
3377 2699 3580 2765 σπόρος
3609 2697 3762 2749 ἐστὶν
3791 2700 3818 2750 ὁ

2224 2805 2382 2871 λόγος
2416 2801 2507 2853 τοῦ
2537 2799 2695 2851 Θεοῦ.
2735 2797 2795 2847 Οί
2831 2794 2886 2847 δὲ
2920 2793 3070 2861 παρά
3102 2791 3199 2861 τὴν
3229 2792 3370 2851 ὀδδν,
3401 2790 3538 2842 εἰσιν
3569 2791 3618 2841 οί
3651 2787 3814 2841 ἀκού⁸

2224 2910 2392 2954 οντες,
2445 2887 2565 2942 εἶτα
2615 2888 2835 2958 ἔρχεται
2865 2887 2893 2936 ὀ
2944 2883 3188 2944 διάϐολος
3223 2881 3317 2934 καὶ
3350 2880 3494 2951 αἴρει
3535 2881 3627 2934 τὸν
3661 2881 3817 2950 λόγον

2224 2985 2332 3038 ἀπὸ
2379 2985 2476 3050 τῆς
2530 2979 2758 3050 καρδίας
2793 2977 2991 3042 αὐτῶν,
3033 2975 3118 3028 ἵνα
3163 2975 3236 3045 μὴ
3273 2975 3667 3036 πιστεύσαντες
3708 2993 3817 3028 σω-

2226 3079 2409 3133 θῶσιν.
2472 3077 2533 3129 Οἱ
2588 3073 2642 3128 δὲ
2711 3074 2802 3126 ἐπὶ
2851 3072 2950 3141 τῆς
2987 3071 3213 3140 πέτρας,
3246 3068 3293 3120 οἳ
3343 3069 3471 3119 ὅταν
3513 3067 3816 3130 ἀκούσωσι,

2230 3173 2367 3243 μετά
2403 3171 2575 3239 χαρᾶς
2603 3168 2850 3235 δέχονται
2885 3165 2973 3217 τὸν
3003 3149 3310 3229 λόγον,’κα“ι
3341 3153 3488 3212 οὗτοι
3516 3157 3676 3227 ῥίζαν
3719 3164 3820 3212 οὐκ

2227 3265 2461 3334 ἔχουσιν,
2499 3261 2548 3312 οἳ
2581 3261 2718 3330 πρὸς
2770 3258 2962 3327 καιρὸν
2999 3255 3336 3317 πιστεύουσι,
3385 3254 3477 3305 καὶ
3525 3255 3584 3306 ὲν
3636 3253 3820 3323 καιρῷ

2229 3353 2533 3422 πειρασμοῦ
2559 3351 2905 3419 ἀφίστανται.
2933 3348 3006 3399 Τὸ
3031 3347 3087 3399 δὲ
3121 3346 3200 3408 είς
3234 3343 3330 3406 τὰς
3354 3343 3599 3406 ἀκάνθας
3623 3345 3818 3407 πεσὸν,

2227 3439 2373 3500 οὗτοί
2425 3447 2562 3498 εἰσιν
2607 3443 2656 3494 οἱ
2705 3441 3058 3502 ἀκούσαντες,
3116 3441 3209 3490 καὶ
3261 3437 3364 3488 ὑπὸ
3404 3439 3692 3506 μεριμνῶν
3724 3440 3820 3492 καὶ

2229 3539 2461 3592 πλούτου
2514 3537 2607 3590 καὶ
2639 3533 2842 3604 ἡδονῶν
2879 3529 2971 3583 τοῦ
3025 3531 3140 3600 βίου
3180 3529 3537 3599 πορευόμενοι
3575 3530 3820 3596 συμπνίο

2229 3646 2438 3697 γονται,
2486 3630 2581 3680 καὶ
2612 3628 2672 3679 οὐ
2714 3625 3122 3698 τελεσφοροῦσι.
3157 3626 3230 3678 Τὸ
3273 3626 3327 3678 δὲ
3360 3626 3417 3677 ὲν
3449 3628 3514 3694 τῇ
3551 3626 3692 3696 καλῇ
3723 3629 3818 3697 γῇ,

2229 3716 2375 3774 οὗτοί
2429 3723 2568 3772 εἰσιν
2627 3720 2821 3783 οἵτινες
2885 3722 2942 3770 ὲν
2999 3719 3197 3790 καρδίᾳ
3251 3719 3387 3786 καλῇ
3457 3718 3554 3770 καὶ
3613 3718 3818 3789 ἀγαθῇ,

2231 3809 2565 3872 ἀκούσαντες
2594 3810 2686 3862 τὸν
2718 3808 2898 3877 λόγον,
2931 3810 3224 3880 κατέχουσι
3247 3811 3342 3864 καὶ
3372 3811 3822 3879 καρποφοροίσιν

2229 3906 2288 3957 ἐν
2322 3905 2588 3972 ὑπομονῇ.
2628 3921 2645 3953 ι
2696 3903 2859 3972 Τρεῖς
2886 3902 3202 3968 τάξεις-εἰσὶ
3245 3902 3354 3956 τῶν
3385 3903 3460 3973 μὴ
3496 3903 3822 3970 σωζομένων

2233 3994 2485 4050 ἐνταῦθα.
2527 3996 2590 4047 Οἱ
2643 3995 2876 4064 μὲνγὰρ
2925 3995 3076 4065 παρὰ
3109 3997 3207 4065 τὴν
3262 3995 3399 4062 ὁδὸν,
3441 3997 3491 4048 oi
3525 3997 3652 4064 μηδ’
3686 3995 3822 4059 ὅλως

2233 4087 2666 4159 παραδεξάμενοι
2698 4088 2790 4141 τὸν
2819 4089 2999 4156 λόγον.
3035 4090 3247 4159 ’Ὥσπερ
3278 4090 3387 4158 γὰρ
3424 4091 3451 4159 1)
3480 4090 3618 4153 έδῖρς,
3653 4108 3824 4143 κατα-

2232 4183 2593 4253 πεπιτημένη
2653 4184 2748 4235 καὶ
2820 4181 3286 4252 συμπεπιλημέντι
3345 4184 3407 4235 οὺ
3461 4182 3678 4252 δέχεται
3733 4185 3823 4238 τὸν

2235 4275 2456 4343 σπόρον,
2490 4274 2565 4336 ὡς
2597 4272 2809 4344 σκληρὰ
2824 4269 2990 4336 οὖσα,
3025 4271 3169 4327 οὕτω
3196 4273 3292 4326 καὶ
3319 4274 3369 4326 οἱ
3398 4274 3823 4344 σκληροκάρδιοι

2233 4365 2338 4417 οὐδ’
2368 4365 2505 4428 ὅλως
2535 4365 2927 4435 παραδέχονται
2963 4365 3055 4418 τὸν
3093 4365 3274 4434 λόγον,
3307 4365 3412 4420 κᾶν
3440 4367 3706 4431 ἀκούωσι,
3745 4371 3822 4439 μὴ

555 4467 759 4525 petram
810 4458 1201 4528 intelliguntur,
1263 4458 1562 4527 suscipiunt
1600 4460 1838 4527 quidem,
1876 4461 1970 4515 sed
2022 4476 2125 4529 prae

2237 4457 2612 4528 προσέχοντες.
2665 4457 2730 4511 Ol
2779 4457 2835 4510 δὲ
2872 4457 3027 4529 παρά
3052 4458 3152 4527 τὴν
3189 4461 3418 4530 πέτραν,
3455 4461 3505 4511 οἱ
3534 4459 3823 4530 δεξάμενοι

553 4548 866 4602 inﬁrmitate
917 4550 1146 4602 humana
1200 4548 1252 4602 in
1318 4551 1705 4605 tentationibus
1761 4563 2125 4608 marcescunt.

556 4636 721 4692 Tertii
751 4649 874 4692 sunt
902 4641 991 4709 qui
1027 4656 1146 4695 cum
1184 4641 1507 4695 audiverunt
1533 4651 1587 4696 et
1615 4652 1989 4710 susceperunt,
2019 4659 2130 4713 pra:

558 4730 700 4784 curis
751 4732 870 4784 vitae
930 4732 1087 4801 bujus
1139 4731 1495 4787 sull‘ocantur.
1548 4732 1722 4803 Igitur
1772 4742 1880 4788 tres
1910 4735 2127 4804 quidem

557 4834 737 4892 partes
792 4838 978 4878 eorum
1029 4834 1154 4880 sunt
1189 4826 1278 4894 qui
1315 4836 1558 4894 pereunt,
1599 4840 1702 4879 una
1732 4839 1910 4881 autem
1945 4841 2128 4882 eorum

557 4914 644 4982 qui
704 4913 1004 4967 salvantur.
1063 4915 1135 4967 Ita
1187 4916 1343 4985 pauci
1376 4917 1589 4985 quidem
1623 4925 1748 4970 sunt
1783 4905 1874 4986 qui
1913 4932 2137 4972 servan-

555 5014 660 5070 tur,
713 5004 898 5073 plures
947 5015 1124 5059 autem
1169 5008 1260 5075 qui
1307 5018 1552 5075 pereunt.
1603 5007 1886 5062 Videitem
1916 5025 2037 5063 cum
2074 5009 2139 5064 de

559 5094 644 5148 bis
695 5096 786 5164 qui
838 5095 1191 5160 sull‘ocantur,
1242 5098 1499 5167 loquitur,
1541 5102 1810 5167 quomodo
1846 5115 1952 5154 non
1988 5100 2134 5166 dicit,

566 5189 706 5254 quod
762 5201 869 5254 prae
923 5189 1124 5243 divitiis
1185 5188 1535 5254 suti'ocentur,
1559 5193 1650 5245 sed
1683 5207 1790 5258 prae
1816 5194 1964 5247 curis
2001 5193 2139 5248 divi-

565 5279 757 5330 tiarum
788 5287 842 5330 et
870 5281 1346 5336 Sollicitudinibus.
1379 5281 1491 5335 Non
1517 5284 1657 5336 enim
1687 5284 1886 5339 divitia:
1916 5297 2133 5353 nocent,

559 5370 650 5422 sed
692 5369 1082 5424 sollicitudines
1127 5388 1339 5425 earum.
1379 5373 1524 5426 Multi
1573 5376 1714 5428 enim
1763 5392 1951 5447 magna
1978 5393 2131 5432 com-

561 5463 716 5518 moda
748 5478 810 5516 ex
844 5463 1046 5516 divitiis
1082 5467 1402 5534 percipiunt,
1433 5466 1552 5521 illas
1582 5467 1632 5521 in
1664 5483 1955 5538 pauperum
2003 5487 2134 5524 ven-

567 5568 669 5608 tres
723 5553 1088 5620 projicientes.
1144 5558 1433 5615 Considera
1473 5574 1686 5628 quoque
1715 5572 1767 5615 et
1797 5561 2128 5632 diligentiam

638 5731 678 5763 ⁸⁶
704 5734 886 5788 .‘lu'llt.
922 5755 1008 5792 ιιι,
1047 5739 1076 5782 lx‘

2235 4550 2354 4618 μὲν,
2384 4546 2504 4605 εἶτα
2538 4551 2642 4604 ὑπὸ
2665 4551 2950 4615 ἀσθενείας
2977 4551 3329 4624 ἀνθρωπίνης
3356 4554 3464 4615 τοῖς
3489 4558 3824 4624 πειρασμοῖς

2232 4640 2791 4710 ὑπομαλακισθέντες.
2843 4641 3030 4713 Τρίτοι
3080 4643 3158 4709 δὲ,
3215 4645 3266 4696 οί
3314 4643 3675 4707 ἀκούσαντες,
3729 4648 3826 4699 καὶ

2232 4731 2337 4783 ὑπὸ
2373 4732 2650 4802 μεριμνῶν
2697 4733 2790 4786 τοῦ
2829 4733 2945 4804 βίου
2995 4735 3447 4806 συμπνιγόμενοι.
3502 4737 3669 4808 Τρεῖς
3720 4739 3821 4808 μὲν

2233 4822 2323 4876 οὖν
2359 4824 2578 4893 μερίδες
2604 4827 2709 4879 εἰσὶ
2750 4828 2858 4880 τῶν
2915 4829 3334 4900 ἀπολλυμένων,
3389 4831 3488 4900 μία
3525 4830 3583 4882 δὲ
3631 4834 3665 4902 ή
3717 4833 3826 4886 τῶν

2238 4915 2596 4985 σωζομένων·
2648 4918 2821 4981 οὕτως
2872 4919 3044 4988 ὀλίγοι
3095 4921 3196 4991 μέν
3234 4923 3370 4975 εἰσιν
3415 4923 3464 4976 οἱ
3497 4923 3823 4992 σωζόμενοι,

2237 5007 2454 5072 πλείους
2481 5010 2536 5062 δὲ
2559 5011 2608 5063 oi
2641 5010 3024 5082 ἀπολλύμενοι.
3060 5013 3206 5081 Ὅρα
3237 5014 3295 5068 δὲ
3325 5015 3415 5068 ἐπὶ
3452 5016 3558 5068 τῶν
3586 5034 3827 5086 συμπνιο

2237 5101 2502 5167 γομένων,
2555 5104 2671 5167 πῶς
2699 5105 2798 5159 οὐκ
2850 5101 3001 5160 εἷπεν
3031 5108 3113 5160 ὃτι
3148 5108 3254 5160 ὑπὸ
3281 5108 3375 5161 τοῦ
3417 5109 3652 5164 πλούτου
3684 5129 3746 5164 συ
3757 5130 3824 5179 μ-

2236 5193 2540 5260 πνίγονται,
2579 5195 2694 5248 ἀλλ’
2723 5196 2829 5249 ὑπὸ
2861 5197 2970 5250 τῶν
3008 5199 3290 5268 μεριμνῶν
3321 5199 3414 5252 τοῦ
3458 5200 3718 5254 πλούτου.
3751 5202 3825 5253 Οὐ

2239 5286 2346 5354 γὰρ
2400 5286 2428 5336 ὁ
2482 5287 2712 5351 πλοῦτος
2761 5287 3010 5357 βλάπτει,
3046 5287 3161 5341 ἀλλ’
3193 5290 3249 5341 αί
3305 5292 3565 5360 μέριμναι
3609 5293 3824 5346 τούτου.

2240 5377 2397 5430 Ἐπεὶ
2423 5379 2608 5432 πολλοὶ
2636 5380 2740 5434 ὑπὸ
2762 5379 2858 5434 τοῦ
2891 5380 3123 5434 πλούτου
3154 5379 3534 5452 ὠφελήθησαν,
3567 5382 3826 5452 ῥίψαντες

2241 5467 2399 5520 αὐτὸν
2435 5471 2513 5531 είς
2543 5469 2641 5532 τὰς
2668 5471 2778 5524 τῶν
2804 5472 3052 5541 πενήτων
3082 5471 3377 5539 γαστέρας.
3411 5471 3610 5523 Σκόπει
3643 5473 3698 5524 δέ
3738 5491 3821 5540 μοι

2241 5559 2330 5610 καὶ
2364 5557 2462 5629 τὴν
2489 5560 2774 5631 ἀκρίϐειαν
2814 5559 2904 5616 τοῦ
2945 5559 3356 5631 εὐαγγελιστοῦ,
3393 5561 3508 5626 πῶς
3555 5563 3660 5632 ἔφη
3696 5567 3820 5636 περὶ
