4030 6424
256 475 371 529 τῶν
428 470 773 542 σωζομένων,
824 469 1022 532 οἵτινες

260 567 575 635 κατέχουσι.
610 560 781 613 Τοῦτο
812 562 922 630 γὰρ
952 556 1077 613 εἷπε
1125 562 1211 613 διὰ
1241 562 1366 622 τοὺς
1404 560 1554 629 ποιρά
1588 558 1686 629 τὴν
1712 558 1851 611 ὁδόν.
1871 587 1885 603 ο

258 654 421 712 Οὗτοι
456 660 563 727 γὰρ
596 656 656 707 οὑ
699 654 1015 725 κατέχουσι,
1060 653 1175 704 ἀλλ’
1202 653 1347 723 αἴρει
1382 652 1654 717 τὸνλόγον
1685 653 1710 703 δ
1741 650 1855 702 διά-

258 751 415 812 ϐολος
440 752 533 803 ἀπ’
553 748 753 801 αὑτῶν·
774 749 835 800 τὸ
861 746 938 809 δὲ,
966 746 1430 817 καρποφοροῦσιν,
1459 741 1581 797 εἶπε
1613 744 1702 798 διὰ
1728 744 1853 805 τοῦς

257 842 758 915 συμπνιγομένους,
809 841 904 891 καὶ
956 840 1030 909 μὴ
1070 838 1566 908 ,τελεσφοροῦντας.
1622 839 1852 890 Ἐκεῖνοι

254 936 365 1003 γὰρ
406 934 466 985 οὑ
499 930 967 1003 καρποφοροῦσιν,
1001 933 1050 983 ot
1084 931 1158 1000 μὴ
1189 930 1640 1000 τελεσφοροῦντες
1686 930 1848 996 λέγω.

255 1026 330 1079 Τὸ
360 1025 439 1088 δὲ,
473 1025 530 1076 ἐν
561 1025 830 1091 ὑπομονῇ,
866 1018 985 1074 εἶπε
1025 1022 1113 1073 διὰ
1142 1023 1269 1085 τοὺς
1291 1023 1385 1074 ἐπὶ
1413 1021 1514 1088 τῆς
1548 1021 1775 1090 πέτρας,
1802 1020 1851 1072 οἳ

251 1117 503 1187 δέχονται
546 1116 645 1185 μὲν
669 1116 757 1167 τὸν
794 1115 969 1181 λόγον,
1008 1114 1104 1183 οὑχ
1155 1115 1521 1183 ὑπομένοντες
1569 1114 1625 1166 δὲ
1658 1130 1852 1181 πειρα-

254 1208 397 1278 σμοῦ
440 1210 647 1275 ἔφοδον,
694 1208 945 1276 ἀδόκιμοι
983 1208 1285 1274 φαίνονται.
1341 1206 1507 1277 Ὁρᾷς
1553 1205 1671 1268 πῶς
1725 1201 1849 1257 εἷπε

252 1303 383 1370 περὶ
431 1301 540 1351 τῶν
575 1300 899 1369 σωζομένων
940 1300 1020 1362 τὸ,
1056 1299 1368 1368 κατέχουσι,
1406 1300 1497 1351 καὶ
1526 1299 1606 1361 τὸ,
1640 1316 1850 1368 καρπο-

250 1391 507 1459 φοροῦσι,
542 1393 634 1444 καὶ
659 1392 739 1455 τὸ,
774 1392 1045 1461 ὑπομονῇ,
1074 1394 1167 1443 καὶ
1196 1391 1283 1444 διὰ
1310 1392 1519 1444 τούτων
1542 1390 1651 1443 τῶν
1678 1392 1847 1461 τριῶν

250 1484 625 1536 ἀποδιέςτειλε
683 1484 878 1546 αὑτοὺς
937 1484 1047 1536 ἀπὸ
1083 1483 1191 1535 τῶν
1230 1485 1304 1554 μὴ
1357 1484 1719 1553 κατεχόντων,
1753 1484 1835 1535 οῖ-

248 1579 394 1638 τινές
429 1578 568 1628 εἰσιν
604 1577 651 1627 οί
686 1577 837 1643 παρὰ
868 1575 964 1644 τὴν
997 1575 1113 1627 ὀδόν
1145 1577 1243 1644 (5).
1293 1576 1424 1626 Ἀπὸ
1452 1576 1561 1627 τῶν
1597 1575 1672 1645 μὴ
1716 1577 1851 1627 ὑπο-

253 1671 528 1738 μενόντων
559 1669 867 1738 πειρασμοῦ
897 1668 1109 1736 ἔφοδον,
1145 1668 1341 1731 οἵτινές
1378 1671 1514 1720 εἰσιν
1541 1669 1589 1719 οἱ
1624 1671 1681 1720 ὲν
1727 1670 1845 1728 ταῖς

250 1762 539 1823 ἀκάνθαις.
602 1762 734 1814 ’Δπδ
788 1760 896 1813 τῶν
956 1761 1031 1830 μὴ
1088 1761 1471 1829 ὑπομενόντων
1531 1758 1841 1829 πειρασμοῦ

248 1854 458 1922 ἔφοδον,
492 1852 689 1913 οἵτινές
711 1855 849 1905 εἰσιν
880 1853 927 1904 oi
964 1853 1055 1904 ἐπὶ
1088 1852 1189 1921 τῆς
1223 1854 1450 1921 πέτρας.

325 2164 343 2194 ι
390 2144 580 2206 Οὑδε“ις
605 2143 659 2196 δὲ
694 2144 885 2213 λύχνον
916 2143 1079 2212 ἅψας,
1109 2141 1377 2195 καλύπτει
1416 2141 1579 2193 αὑτὸν
1630 2139 1838 2204 σκεύει,

244 2239 278 2307 ἦ
308 2238 569 2290 ὑποκάτω
605 2237 790 2304 κλίνης
849 2235 1086 2304 τίθησιν,
1132 2234 1247 2286 ἀλλ’
1281 2234 1374 2285 ἐπὶ
1415 2232 1635 2300 λυχνίας
1670 2230 1845 2283 ἐπιτί-

246 2328 426 2398 θησιν,
465 2330 553 2382 ἵνα
602 2330 650 2380 οί
700 2329 1148 2398 εἰσπορευόμενοι
1197 2325 1437 2395 βλέπωσι
1486 2324 1545 2376 τὸ
1596 2324 1732 2392 φῶς.
1769 2323 1843 2374 Οὑ

243 2422 353 2491 γάρ
406 2424 524 2473 ἐστι
579 2421 838 2490 κρυπτὸν,
893 2418 923 2471 ὃ
972 2419 1033 2470 οὑ
1068 2418 1304 2489 φανερὸν
1352 2419 1684 2484 γενήσεται,
1724 2414 1846 2466 οὐδὲ

244 2515 566 2585 ἀπόκρυφον
595 2514 622 2565 ὃ
650 2515 708 2566 οὑ
746 2512 1147 2582 γνωσθήσεται,
1186 2513 1280 2563 καὶ
1311 2512 1387 2571 είς
1423 2506 1659 2578 φανερὸν
1694 2507 1841 2577 ἔλθῃ.

243 2610 483 2661 Βλέπετε
527 2606 618 2658 οῦν
674 2606 789 2668 πῶς
830 2605 1080 2659 ἀκούετε.
1118 2606 1214 2666 ’⁸ος
1272 2606 1381 2671 γὰρ
1414 2602 1481 2654 ἂν
1526 2600 1645 2673 ἔχῃ,
1685 2600 1845 2671 δοθή-

244 2716 397 2752 σεται
435 2699 586 2767 αὑτῷ
612 2714 625 2727 '
664 2699 757 2749 καὶ
792 2697 847 2759 ὃς
894 2696 958 2748 ἂν
995 2696 1070 2766 μὴ
1120 2696 1241 2766 ἔχῃ,
1282 2697 1374 2747 καὶ
1413 2695 1439 2746 ὃ
1486 2694 1637 2746 δοκεῖ
1675 2693 1842 2763 ἔχειν,

243 2792 546 2864 ἀρθήσεται
574 2793 667 2843 ἀπ’
696 2789 887 2843 αὑτοῦ.
924 2790 1126 2858 Ἀλλης
1158 2788 1511 2851 διδασκε-λίας
1566 2787 1711 2856 ἀρχὴ
1760 2788 1847 2837 ὲν-

242 2886 438 2940 ταῦθα.
470 2886 609 2955 Πρὸς
638 2885 751 2953 γὰρ
774 2884 900 2945 τοὺς
933 2881 1183 2952 μαθητὰς
1215 2884 1638 2949 ἀποτεινόμενος
1670 2878 1846 2931 ταῦτα

242 2978 415 3045 λέγει,
469 2979 549 3040 είς
586 2978 873 3045 ἀκρίϐειαν
928 2975 1043 3042 βίου
1078 2975 1285 3039 ὲνάγων
1320 2974 1539 3045 ,αὑτοὺς
1584 2973 1680 3025 καὶ
1712 2989 1841 3024 παι-

240 3069 415 3122 δεύων
437 3068 767 3135 ἐναγωνίους
797 3060 956 3127 εἶναι,
992 3066 1066 3127 ὡς
1101 3064 1252 3134 παρὰ
1288 3064 1507 3116 πάντων
1539 3062 1841 3133 βλέπεσθαι

922 358 1369 420 ENARRATIO
1412 359 1492 418 IN
1533 356 2037 418 EVANGELIUM
2084 358 2319 419 LUCIE.
2363 383 2430 393 --
2465 358 2629 420 CAP.
2674 360 2843 420 Vill.

1116 470 1251 523 ἀκού
1264 486 1456 531 σαντες
1526 469 1623 522 τὸν
1674 467 1844 533 λόγον,

1962 471 2330 538 evangelistm,
2364 472 2634 540 quomodo
2667 470 2861 524 dixerit
2896 471 2961 524 de
3010 469 3095 524 his
3141 469 3229 536 qui
3265 468 3567 527 salvantur.

3461 361 3569 427 80.‘

1967 565 2109 629 quod
2139 564 2380 616 auditum
2427 579 2735 617 sermonem
2785 562 3075 615 rt-tincant.
3110 560 3220 616 Hoc
3247 564 3392 617 enim
3436 565 3574 617 dixit

1964 666 2191 725 prapler
2247 671 2341 710 cos
2393 656 2486 724 qui
2540 671 2635 724 per
2668 656 2805 707 \itttn
2855 655 3252 722 intelliguntur.
3306 655 3369 709 Hi
3422 656 3568 709 enim

1962 762 2072 801 non
2132 748 2389 808 retinent.
2427 748 2519 800 sed
2548 748 2795 801 diabolus
2844 748 2984 800 tollit
3016 748 3082 801 ab
3112 750 3190 801 eis
3223 762 3569 813 sermonem;

1958 848 2013 893 et
2070 842 2211 906 quod
2272 838 2510 893 fructum
2566 837 2822 902 afferant,
2878 837 3015 891 dixit
3079 847 3305 906 propter
3353 852 3448 892 eos
3478 838 3573 909 qui

1958 931 2319 1001 sufi‘ocatitur,
2381 939 2437 986 et
2460 932 2550 1001 qui
2580 946 2686 985 non
2725 931 3022 999 perdurant
3068 944 3240 998 usque
3287 929 3351 984 ad
3382 928 3568 984 ﬁnem.

1960 998 2209 1078 llli.enim
2242 1023 2479 1078 fructum
2512 1040 2621 1077 non
2644 1022 2897 1087 afferunt,
2936 1024 3027 1093 qui
3072 1039 3177 1075 non
3219 1033 3572 1091 perseverant

1957 1132 2126 1187 usque
2179 1118 2246 1171 ad
2312 1117 2495 1172 tinem.
2552 1116 2723 1171 Porro
2770 1117 2913 1185 quod
2971 1114 3127 1180 dicit,
3173 1116 3226 1168 in
3284 1117 3567 1183 patientia,

1956 1213 2097 1266 dixit
2148 1221 2371 1281 propter
2397 1226 2492 1265 eos
2534 1212 2626 1280 qui
2672 1220 2838 1278 super
2867 1219 3099 1279 petram,
3136 1209 3226 1277 qui
3260 1202 3571 1277 suscipiunt

1955 1307 2178 1375 quidem
2212 1320 2547 1369 sermonem,
2580 1319 2685 1359 non
2710 1305 2986 1360 sustinent
3026 1313 3208 1356 autem
3248 1302 3570 1356 tcntationis

1954 1399 2205 1463 insidias,
2252 1408 2307 1451 et
2356 1396 2784 1465 comprobantur
2832 1396 3071 1466 reprobi.
3102 1395 3266 1449 Vides
3290 1393 3568 1463 quomodo

1961 1492 2158 1545 dixerit
2190 1492 2255 1545 de
2281 1492 2365 1544 his
2397 1491 2486 1558 qui
2525 1489 2825 1557 salvantur,
2862 1489 3005 1558 quod
3038 1488 3326 1554 retineant,
3354 1495 3410 1540 et
3456 1484 3570 1539 fru-

1954 1596 2102 1641 ctum
2137 1585 2365 1651 faciant,
2418 1593 2585 1653 atque
2634 1583 2686 1638 id
2734 1582 2788 1637 in
2845 1582 3106 1653 patientia
3143 1596 3156 1635 :
3189 1590 3243 1636 et
3295 1595 3392 1651 per
3460 1580 3568 1633 tria

1952 1677 2266 1731 distinxerit
2333 1690 2427 1731 eos
2477 1695 2489 1729 :
2548 1676 2615 1729 ab
2676 1675 2762 1729 his
2803 1675 2896 1742 qui
2956 1689 3062 1727 non
3092 1674 3355 1737 retinent,
3399 1682 3451 1725 et
3514 1669 3569 1723 hl

1954 1782 2080 1825 sunt
2106 1772 2197 1839 qui
2246 1770 2401 1840 juxta
2453 1770 2593 1821 viam
2631 1787 2643 1821 :
2677 1768 2745 1822 ab
2786 1767 2869 1821 his
2902 1766 2993 1836 qui
3031 1766 3271 1820 fructum
3319 1780 3427 1819 non
3486 1760 3569 1814 af-

1881 1833 1926 1891 "
1958 1833 2161 1925 ferunt,
2219 1833 2269 1916 ct
2319 1862 2372 1915 hi
2404 1870 2528 1914 sunt
2559 1862 2649 1929 qui
2684 1862 2827 1914 inter
2850 1833 3038 1929 spinas
3072 1877 3085 1912 :
3127 1858 3195 1911 ab
3226 1858 3309 1911 his
3340 1858 3430 1921 qui
3459 1869 3566 1908 non

1957 1953 2235 2007 sustinent
2288 1953 2603 2007 tetitatit-nis
2652 1952 2898 2017 insidias,
2938 1961 2991 2005 et
3024 1950 3077 2004 hi
3108 1958 3235 2007 sunt
3282 1949 3371 2019 qui
3404 1963 3569 2017 super

1954 2055 2189 2114 petram.

2028 2158 2189 2213 Vens.
2226 2160 2418 2213 16.18.
2461 2177 2478 2208 ι
2518 2158 2689 2214 Nemo
2714 2172 2839 2212 vero
2870 2173 2991 2212 cum
3028 2157 3310 2211 lucernam
3362 2169 3565 2207 accen-

1955 2252 2119 2315 derit,
2144 2252 2320 2319 operit
2349 2266 2469 2304 eam
2496 2266 2645 2317 vase,
2680 2261 2770 2304 aut
2794 2249 2984 2305 subter
3005 2250 3205 2304 lectum
3238 2250 3411 2318 ponit,
3469 2250 3564 2301 sed

1952 2358 2121 2411 super
2152 2344 2543 2397 candelabrum
2590 2342 2764 2413 ponit,
2813 2353 2872 2397 ut
2922 2344 3190 2397 intrantes
3220 2343 3438 2396 Videant
3479 2340 3563 2393 lii-

1952 2452 2098 2491 men.
2126 2435 2242 2490 Non
2275 2448 2360 2493 est
2394 2436 2537 2489 enim
2567 2436 2865 2501 occultum,
2898 2436 3183 2507 quodnon
3209 2433 3561 2489 manifestum

1951 2532 2022 2584 sit
2060 2528 2304 2582 futurum
2335 2547 2347 2582 :
2384 2543 2483 2582 nec
2515 2527 2922 2591 absconditum,
2949 2528 3092 2595 quod
3123 2542 3229 2581 non
3262 2528 3335 2581 sit
3358 2541 3563 2597 cogno-

1952 2623 2235 2686 secndum,
2283 2631 2338 2676 et
2382 2624 2435 2675 in
2482 2620 2827 2691 propatulum
2874 2630 3185 2675 venturum.
3216 2618 3407 2674 Videte
3430 2634 3563 2688 ergo

1952 2715 2225 2783 quomodo
2253 2714 2509 2768 audiatis.
2529 2712 2789 2780 Quisquis
2803 2712 2949 2765 enim
2976 2710 3162 2775 habet,
3190 2710 3416 2765 dabitur
3446 2712 3552 2764 illi:

1952 2818 2008 2861 et
2068 2806 2385 2877 quicunque
2432 2820 2538 2859 non
2570 2804 2758 2865 habet,
2791 2803 2960 2857 etiam
2996 2804 3141 2874 quod
3173 2814 3329 2873 putat
3366 2818 3424 2857 se
3460 2804 3561 2855 ha-

1954 2900 2105 2963 bere,
2139 2897 2421 2951 auferetur
2446 2897 2513 2950 ab
2548 2913 2634 2951 eo.
2685 2914 2702 2946 ι
2736 2895 2847 2950 lloc
2880 2894 3000 2950 loco
3032 2895 3261 2950 alterius
3298 2895 3564 2949 doctrina:

1953 2991 2167 3045 initium
2194 3000 2299 3045 est.
2338 2991 2419 3044 Ad
2452 2988 2747 3058 discipulos
2779 2988 2925 3041 enim
2959 3003 3270 3041 sermonem
3298 2989 3562 3058 dirigens,

1953 3085 2068 3139 haec
2126 3084 2257 3139 dicit
2308 3084 2569 3138 inducens
2622 3096 2719 3136 eos
2752 3081 2822 3135 ad
2851 3091 3057 3135 sanctae
3086 3081 3210 3134 vita:
3242 3081 3559 3150 diligentem

245 3161 561 3231 μέλλοντας.
607 3160 667 3212 '0
707 3160 816 3229 γὰρ
868 3158 1135 3212 διδάσκων
1186 3157 1281 3209 καὶ
1328 3156 1640 3226 κηρύττων,
1689 3157 1843 3228 παρά

1955 3176 2283 3241 custodiam,
2317 3187 2372 3229 et
2420 3176 2697 3229 instruens
2724 3184 2782 3227 ut
2821 3174 3110 3243 semperin
3148 3190 3323 3243 agone
3354 3173 3468 3228 sint
3496 3190 3563 3228 ac

242 3254 464 3306 πάντων
502 3253 781 3323 βλέπεται,
826 3253 976 3321 παρὰ
1025 3250 1247 3302 πάντων
1293 3252 1742 3318 περισκοπεῖται,
1796 3252 1846 3303 εί

242 3342 404 3405 καλός
437 3343 584 3394 ἐστιν
614 3341 644 3411 ἢ
677 3342 1012 3405 τούναντίον,
1065 3339 1159 3393 καὶ
1184 3340 1337 3391 οὐδὲν
1371 3340 1480 3392 τῶν
1512 3338 1677 3391 αὑτοῦ
1712 3339 1848 3409 κρύ-

242 3452 463 3488 πτεται.
511 3433 701 3502 Ὑμεῖς
731 3431 846 3498 οὖν,
880 3427 925 3485 ὦ
953 3432 1215 3503 μαθηταὶ,
1246 3432 1342 3484 ἐὰν
1378 3431 1540 3502 ἔχητε
1572 3432 1847 3503 προσοχὴν

243 3526 336 3578 καὶ
383 3524 648 3594 σπουδὴν,
692 3523 1163 3593 δοθήσεταινὺμῖν
1223 3522 1421 3574 πλείων
1472 3522 1634 3592 χάρις
1694 3524 1847 3593 παρά

239 3606 405 3671 Θεοῦ.
446 3619 541 3677 ’ος
569 3618 613 3668 δ⁹
641 3616 705 3671 ἂν
749 3618 823 3687 μὴ
852 3616 950 3686 ἔχῃ
974 3614 1212 3684 σπουδὴν
1239 3616 1332 3666 καὶ
1358 3616 1658 3685 προσοχὴν,
1696 3614 1792 3668 καὶ
1818 3615 1848 3669 ὃ

240 3712 393 3764 δοκεί
450 3709 596 3779 ἒχειν
650 3711 897 3779 χάρισμα
957 3709 1064 3760 ἀπὸ
1108 3707 1269 3774 Θεοῦ,
1304 3708 1393 3761 διὰ
1434 3710 1532 3777 τῆς
1582 3710 1846 3780 ἀμελείας

240 3804 411 3860 αὑτοῦ
453 3804 859 3857 κατασῦἐννυσι
894 3801 990 3855 καὶ
1017 3802 1306 3855 ἀπόλλυσι.

320 4117 339 4148 c
387 4096 760 4165 ΙΙαρεγὲνοντο
814 4084 1058 4163 δὶνπρὸς
1118 4092 1353 4163 αὑτὸνή
1414 4094 1599 4165 μήτηρ
1646 4097 1740 4147 καὶ
1796 4096 1843 4146 οἱ

238 4189 463 4255 ἀδελφοὶ
490 4186 680 4247 αὑτοῦ,
713 4187 806 4238 καὶ
836 4185 937 4237 οὑκ
969 4186 1236 4255 ἠδύναντο
1270 4188 1555 4255 συντυχεῖν
1582 4186 1733 4256 αὑτῷ
1756 4186 1845 4239 διὰ

238 4283 334 4335 τὸν
356 4281 533 4350 δχλον.
569 4280 678 4332 Καὶ
702 4277 989 4349 ἀπηγγέλη
1022 4276 1191 4346 meq),
1225 4278 1491 4344 λεγόντων
1516 4295 1528 4309 ·
1564 4278 1631 4330 Ἠ
1659 4279 1844 4348 μήτηρ

242 4391 339 4427 σου
386 4373 479 4425 ml.
516 4373 562 4423 οί
599 4369 817 4436 ἀδελφοί
850 4386 943 4421 σου
986 4368 1284 4437 ἑστήκασιν
1325 4368 1449 4433 ἔξω,
1490 4369 1620 4421 ἰδεῖν
1650 4386 1707 4420 σε
1751 4369 1843 4421 θέ-

240 4468 447 4528 λοντες.
494 4465 550 4518 'O
575 4464 629 4516 δὲ
656 4462 1003 4533 ἀποκριθεὶς,
1043 4456 1158 4513 εἷπε
1196 4462 1331 4532 πρὸς
1364 4461 1561 4525 αὐτούς
1584 4479 1596 4490 ·
1633 4464 1838 4533 Μήτηρ

244 4577 345 4630 μου
379 4560 475 4611 καὶ
512 4556 734 4623 ἀδελφοί
775 4572 875 4625 μου
928 4550 1076 4608 οὗτοι
1126 4556 1265 4607 εἰσιν
1300 4558 1346 4607 οί
1398 4556 1488 4607 τὸν
1545 4556 1703 4623 λόγον
1745 4557 1837 4608 τοῦ

238 4651 375 4705 Θεοῦ
426 4650 718 4711 ἀκούοντες
766 4651 860 4701 καὶ
900 4648 1203 4710 ποιοῦντες.
1246 4667 1262 4698 ι
1306 4649 1589 4701 Ἐντεῦθεν
1632 4650 1839 4703 δείκνυ-

238 4763 351 4807 ται,
384 4746 467 4797 ὅτι
511 4745 610 4795 οὑκ
636 4737 705 4812 ἦν
748 4742 886 4811 μετὰ
927 4742 1038 4794 τῶν
1094 4743 1236 4794 κατὰ
1289 4744 1469 4812 σάρκα
1504 4745 1785 4811 συγγενῶν
1813 4747 1840 4797 ὁ

239 4840 501 4910 Χριστός·
535 4835 852 4889 καταλιπὼν
883 4837 991 4907 γὰρ
1023 4837 1267 4901 τούτους,
1298 4838 1550 4905 σχολάζει
1582 4841 1646 4907 τῇ
1674 4856 1839 4890 πνευ-

241 4932 448 5000 ματικῇ
482 4928 824 4999 διδασκαλίᾳ,
872 4928 989 4981 ἀλλ’
1024 4930 1223 4980 ἐκεῖνοι
1269 4930 1667 4996 παραγίνονται
1700 4930 1852 4999 πρὸς.

250 5021 427 5074 ιὺτδν.
462 5018 650 5079 Οὕτως
688 5014 781 5071 οὖν
828 5018 933 5089 χρὴ
962 5018 1056 5071 καὶ
1091 5018 1270 5071 πάντα
1298 5020 1388 5070 τὸν
1415 5019 1695 5089 διακονίαν
1736 5038 1837 5072 πε-

243 5114 609 5183 πιστευμένον
661 5112 820 5176 Θεοῦ,
884 5113 1050 5183 μηδὲν
1104 5112 1377 5165 ποιεῖσθαι
1443 5114 1840 5184 προτιμότερον

238 5206 471 5274 ταύτης,
511 5204 643 5257 ἀλλά
673 5206 767 5257 καὶ
812 5206 989 5272 γονεῖς
1021 5204 1423 5274 παρωθεῖσθαι,
1464 5206 1579 5273 εἴγε
1616 5206 1842 5270 μέλλου-

244 5316 329 5350 σιν
370 5300 516 5366 ήμᾶς
565 5299 880 5367 ἐμποδίζειν
935 5298 1231 5364 ἀνωφελῶς
1304 5300 1397 5349 καὶ
1446 5299 1622 5367 μάτην
1665 5301 1743 5360 εἰς
1782 5299 1842 5351 τὸ

242 5390 339 5444 τοῦ
372 5390 508 5441 Θεοῦ
540 5390 719 5459 ἔργον.
762 5391 973 5460 Ὥσπερ
1005 5385 1096 5443 οῦν
1128 5390 1221 5443 καλ⁵
1251 5390 1343 5442 νῦν
1374 5392 1400 5441 ὁ
1439 5393 1643 5460 Κύριος
1674 5395 1837 5445 ποιεῖ.

1953 3267 2275 3333 certamine,
2330 3273 2517 3335 utpote
2564 3265 2632 3320 ab
2689 3265 2943 3319 omnibus
3002 3266 3397 3333 conspiciendi.
3457 3264 3561 3331 Qui

1950 3358 2095 3412 enim
2143 3359 2299 3410 docet
2339 3372 2401 3409 ac
2449 3355 2729 3424 prmdicat,
2781 3357 2850 3409 ab
2890 3357 3148 3410 omnibus
3196 3358 3559 3427 conspicitur.

1950 3448 2019 3502 ab
2043 3448 2298 3502 omnibus
2324 3446 2659 3516 dijudicatur
2685 3489 2699 3514 ,
2727 3448 2894 3519 326
2925 3463 3051 3501 num
3088 3450 3353 3503 honestus
3378 3450 3469 3517 sit,
3506 3461 3562 3504 et

1952 3539 2087 3594 nihil
2146 3539 2289 3609 quod
2323 3538 2450 3591 facit
2492 3540 2820 3593 occultatur.
2858 3538 2962 3593 Vos
2992 3539 3178 3609 igitur,
3214 3556 3246 3593 0
3274 3539 3555 3608 discipuli.

1951 3634 1998 3689 si
2052 3634 2398 3688 attenderitis
2436 3643 2489 3687 et
2553 3634 2785 3688 studiosi
2837 3632 3074 3694 fueritis.
3140 3633 3364 3687 dabitur
3404 3634 3560 3688 vobis

1952 3728 2125 3797 major
2170 3728 2341 3797 gratia
2400 3741 2430 3779 a
2471 3727 2600 3780 Deo.
2640 3726 2740 3791 Qui
2781 3741 2909 3779 vero
2938 3740 3043 3779 non
3094 3727 3409 3782 adhibuerit
3444 3739 3561 3781 stu-

1951 3821 2098 3875 dium
2131 3828 2184 3873 et
2211 3818 2588 3880 attentionem,
2621 3816 2786 3870 etiam
2821 3817 3052 3885 siquam
3081 3818 3311 3885 gratiam
3359 3817 3560 3871 habere

1952 3911 2197 3965 videatur
2220 3926 2246 3963 a
2270 3912 2397 3973 Deo,
2417 3924 2509 3977 per
2531 3908 2913 3977 negligentiam
2939 3923 3092 3962 suam
3122 3924 3242 3963 eam
3263 3910 3512 3979 exstingu
3539 3920 3559 3963 t

1950 4016 2001 4060 et
2029 4006 2225 4074 perdit.

2026 4119 2185 4175 Vens.
2226 4119 2413 4175 19-21.
2455 4138 2473 4169 ι
2510 4116 2793 4173 Venerunt
2835 4128 3016 4172 autem
3068 4119 3133 4172 ad
3173 4119 3325 4172 illum
3385 4127 3552 4172 mater

1948 4225 2003 4268 et
2050 4214 2250 4266 fratres
2299 4212 2438 4279 ejus,
2490 4214 2543 4264 et
2605 4225 2712 4265 non
2775 4219 3030 4277 poterant
3074 4211 3229 4263 adire
3278 4224 3400 4263 eum
3445 4226 3552 4278 pra’

1947 4306 2125 4368 turba,
2158 4314 2213 4358 et
2264 4305 2575 4357 nuntiatum
2610 4312 2693 4356 est
2724 4300 2832 4368 illi,t
2885 4302 3219 4370 dictumque,
3258 4300 3428 4354 Mater
3463 4311 3553 4353 tua

1946 4407 1999 4453 et
2023 4398 2219 4452 fratres
2275 4396 2349 4450 tui
2402 4405 2551 4449 stant
2600 4394 2751 4459 foris,
2794 4394 3035 4449 volentes
3084 4404 3134 4449 te
3185 4395 3389 4449 videre.
3452 4394 3553 4461 Qui

1946 4489 2285 4556 respondens
2317 4487 2454 4541 dixit
2485 4488 2550 4539 ad
2595 4485 2753 4539 illos:
2782 4485 2954 4540 Mater
2992 4501 3107 4539 mea
3140 4496 3193 4539 et
3226 4486 3424 4539 fratres
3451 4487 3551 4539 mei

1950 4581 2003 4634 hi
2038 4590 2168 4634 sunt
2221 4579 2313 4647 qui
2378 4592 2689 4633 sermonem
2745 4575 2839 4629 Dei
2875 4580 3123 4641 audiunt,
3156 4588 3213 4631 et
3258 4577 3464 4630 faciunt
3492 4578 3549 4631 il~

1950 4672 2081 4725 lum.
2123 4689 2141 4721 ›
2184 4670 2296 4725 lloc
2359 4670 2479 4724 loco
2531 4670 2841 4724 ostenditur
2892 4671 3036 4738 quod
3090 4671 3248 4724 fuerit
3299 4687 3403 4724 non
3429 4686 3547 4725 cum

1948 4765 2259 4820 carnalibus
2286 4764 2533 4832 cognatis
2569 4764 2823 4817 Christus
2850 4781 2860 4815 :
2889 4763 2993 4817 illis
3023 4765 3165 4817 enim
3189 4763 3413 4827 relictis,
3444 4764 3546 4833 spic

1950 4858 2133 4912 rituali
2160 4858 2389 4911 vacabat
2419 4858 2705 4916 doctrinae,
2736 4858 2877 4910 unde
2910 4856 2982 4909 illi
3018 4859 3083 4909 ad
3116 4872 3240 4909 eum
3262 4859 3531 4911 accedunt.

1951 4949 2044 5005 Sic
2074 4952 2240 5004 etiam
2268 4955 2482 5019 oportet
2514 4959 2571 5002 ut
2595 4963 2790 5003 omnes
2822 4948 3023 5017 quibus
3049 4948 3421 5002 concreditum
3469 4964 3535 5003 es

1949 5043 2315 5096 ministerium
2371 5038 2487 5103 Dei,
2544 5040 2681 5093 nihil
2740 5040 2830 5093 illo
2854 5042 3134 5110 antiquius
3182 5043 3413 5094 habeant
3467 5042 3549 5095 Vel

1948 5128 2261 5197 prwferaot.
2318 5128 2456 5181 Sunt
2513 5128 2641 5181 item
2700 5139 2753 5183 et
2804 5140 3055 5199 parentes
3103 5131 3423 5200 repellendi,
3476 5134 3548 5186 si-

1945 5223 2164 5289 quidem
2229 5225 2435 5288 absque
2488 5220 2720 5275 utilitate
2772 5234 2829 5276 et
2884 5221 3087 5277 frustra
3142 5223 3197 5276 in
3258 5238 3423 5292 opere
3459 5225 3547 5279 Dei

1946 5330 2044 5368 nos
2077 5315 2387 5383 impedituri
2434 5322 2583 5378 sunt,
2632 5315 3088 5382 quemadmodum
3124 5328 3339 5372 ctnunc
3367 5316 3546 5373 Domi-

1949 5423 2051 5461 nus
2101 5407 2249 5461 facit.
2305 5406 2442 5473 Quia
2490 5408 2636 5462 enim
2689 5408 2947 5464 dixerant
2987 5409 3063 5465 illi
3094 5412 3313 5480 quidam
3351 5415 3419 5466 de
3457 5427 3537 5466 co-

1208 5595 1299 5653 Ex
1356 5596 1705 5659 collatione
1756 5604 1947 5665 codd.
1983 5605 2213 5664 Venet.
2250 5601 2312 5662 S.
2354 5599 2572 5661 Marci.

318 5712 394 5785 (ἦ)
452 5709 741 5785 god._3l._
778 5711 985 5785 Οἷτινές
1036 5713 1173 5765 εἰσιν
1220 5714 1276 5785 οί
1321 5714 1473 5781 παρὰ
1537 5717 1637 5785 τὴν
1695 5717 1834 5773 ὀδόν.

247 5780 523 5855 Ἀπδᾼτῶν
565 5780 637 5849 μὴ
667 5781 1159 5855 τελεσφορούντων.
1211 5784 1423 5855 Οῖτινές
1457 5780 1602 5840 εἰσιν
1624 5789 1681 5840 ὲν
1714 5794 1835 5855 ταῖς

249 5851 535 5914 ἀκάνθαις,
571 5868 619 5904 κ.
653 5868 701 5905 τ.
741 5852 788 5905 λ.
825 5870 840 5904 ι
881 5851 942 5909 lli
973 5864 1122 5920 sunt,
1149 5854 1240 5924 qui
1266 5854 1421 5925 juxta
1447 5858 1608 5914 viain.
1642 5858 1723 5917 Ab
1750 5851 1834 5919 his

1950 5724 2041 5791 qui
2072 5721 2310 5776 fructum
2342 5735 2441 5775 suo
2476 5731 2722 5792 tempore
2751 5736 2860 5779 non
2896 5722 3153 5780 aderunt.
3223 5722 3289 5779 Et
3334 5725 3385 5780 lii
3415 5734 3545 5782 sunt

1949 5795 2041 5865 qui
2074 5796 2215 5849 inter
2244 5793 2451 5863 spinas,
2490 5812 2507 5845 ι
2552 5802 2659 5849 etc.
