  <div class='ocr_page' id='page_1' title='image "/cluster/home/n/w/nwhite01/storage/ocr_20150623/123/ien.35556001659978/407.png"; bbox 0 0 4030 6400; ppageno 0'>
   <div class='ocr_carea' id='block_1_1' title="bbox 539 413 651 477">
    <p class='ocr_par' dir='ltr' id='par_1_1' title="bbox 539 413 651 477">
     <span class='ocr_line' id='line_1_1' title="bbox 539 413 651 477; baseline -0.036 1"><span class='ocrx_word' id='word_1_1' title='bbox 539 413 651 477; x_wconf 82' lang='lat'><strong>503</strong></span> 
     </span>
    </p>
   </div>
   <div class='ocr_carea' id='block_1_2' title="bbox 1429 382 2854 456">
    <p class='ocr_par' dir='ltr' id='par_1_2' title="bbox 1429 382 2854 456">
     <span class='ocr_line' id='line_1_2' title="bbox 1429 382 2854 456; baseline -0.012 0"><span class='ocrx_word' id='word_1_2' title='bbox 1429 391 2000 456; x_wconf 82' lang='lat' dir='ltr'><strong>&#39;l‘llEOPHYLACTl</strong></span> <span class='ocrx_word' id='word_1_3' title='bbox 2046 389 2141 449; x_wconf 78' lang='lat' dir='ltr'><strong>DU</strong></span> <span class='ocrx_word' id='word_1_4' title='bbox 2156 385 2454 447; x_wconf 64' lang='lat' dir='ltr'><strong>LGARIxE</strong></span> <span class='ocrx_word' id='word_1_5' title='bbox 2497 382 2702 443; x_wconf 79' lang='lat' dir='ltr'><strong>ARCH</strong></span> <span class='ocrx_word' id='word_1_6' title='bbox 2717 383 2854 441; x_wconf 84' lang='lat' dir='ltr'><strong>IEP.</strong></span> 
     </span>
    </p>
   </div>
   <div class='ocr_carea' id='block_1_3' title="bbox 3693 377 3794 440">
    <p class='ocr_par' dir='ltr' id='par_1_3' title="bbox 3693 377 3794 440">
     <span class='ocr_line' id='line_1_3' title="bbox 3693 377 3794 440; baseline 0 0"><span class='ocrx_word' id='word_1_7' title='bbox 3693 377 3794 440; x_wconf 72' lang='lat' dir='ltr'><strong>8M</strong></span> 
     </span>
    </p>
   </div>
   <div class='ocr_carea' id='block_1_4' title="bbox 547 493 2130 596">
    <p class='ocr_par' dir='ltr' id='par_1_4' title="bbox 547 507 2121 596">
     <span class='ocr_line' id='line_1_4' title="bbox 547 507 2121 596; baseline -0.015 -18"><span class='ocrx_word' id='word_1_8' title='bbox 547 523 724 596; x_wconf 89' lang='lat' dir='ltr'><strong>gnatis</strong></span> <span class='ocrx_word' id='word_1_9' title='bbox 771 518 909 586; x_wconf 82' lang='lat' dir='ltr'><strong>ejus,</strong></span> <span class='ocrx_word' id='word_1_10' title='bbox 974 516 1085 585; x_wconf 78' lang='lat' dir='ltr'><strong>ipse</strong></span> <span class='ocrx_word' id='word_1_11' title='bbox 1127 511 1518 566; x_wconf 70' lang='lat' dir='ltr'><strong>fraternitatem</strong></span> <span class='ocrx_word' id='word_1_12' title='bbox 1551 524 1655 563; x_wconf 87' lang='lat' dir='ltr'><strong>non</strong></span> <span class='ocrx_word' id='word_1_13' title='bbox 1697 507 1751 560; x_wconf 90' lang='lat' dir='ltr'><strong>in</strong></span> <span class='ocrx_word' id='word_1_14' title='bbox 1793 521 1962 575; x_wconf 86' lang='lat' dir='ltr'><strong>parvo</strong></span> <span class='ocrx_word' id='word_1_15' title='bbox 2025 521 2121 560; x_wconf 89' lang='lat' dir='ltr'><strong>nu-</strong></span> 
     </span>
    </p>
   </div>
   <div class='ocr_carea' id='block_1_5' title="bbox 2231 493 3797 596">
    <p class='ocr_par' dir='ltr' id='par_1_5' title="bbox 2242 493 3797 569">
     <span class='ocr_line' id='line_1_5' title="bbox 2242 493 3797 569; baseline -0.003 -15"><span class='ocrx_word' id='word_1_16' title='bbox 2242 500 2395 554; x_wconf 67' lang='grc' dir='ltr'>Ἐπεὶ</span> <span class='ocrx_word' id='word_1_17' title='bbox 2433 500 2540 569; x_wconf 73' lang='grc' dir='ltr'><strong>γὰρ</strong></span> <span class='ocrx_word' id='word_1_18' title='bbox 2576 493 2731 554; x_wconf 76' lang='grc' dir='ltr'>εἷπον</span> <span class='ocrx_word' id='word_1_19' title='bbox 2778 498 2925 568; x_wconf 82' lang='grc' dir='ltr'>αὐτῷ</span> <span class='ocrx_word' id='word_1_20' title='bbox 2979 515 3117 560; x_wconf 77' lang='grc' dir='ltr'>τινες</span> <span class='ocrx_word' id='word_1_21' title='bbox 3172 497 3297 568; x_wconf 72' lang='grc' dir='ltr'>περὶ</span> <span class='ocrx_word' id='word_1_22' title='bbox 3352 496 3459 550; x_wconf 68' lang='grc' dir='ltr'><strong>τῶν</strong></span> <span class='ocrx_word' id='word_1_23' title='bbox 3521 499 3797 564; x_wconf 78' lang='grc' dir='ltr'>συγγενῶν</span> 
     </span>
    </p>
   </div>
   <div class='ocr_carea' id='block_1_6' title="bbox 546 599 2120 674">
    <p class='ocr_par' dir='ltr' id='par_1_6' title="bbox 546 599 2120 674">
     <span class='ocr_line' id='line_1_6' title="bbox 546 599 2120 674; baseline -0.013 -4"><span class='ocrx_word' id='word_1_24' title='bbox 546 629 698 671; x_wconf 87' lang='lat' dir='ltr'><strong>mero</strong></span> <span class='ocrx_word' id='word_1_25' title='bbox 747 610 966 672; x_wconf 69' lang='lat' dir='ltr'><strong>claudit,</strong></span> <span class='ocrx_word' id='word_1_26' title='bbox 1010 620 1186 674; x_wconf 89' lang='lat' dir='ltr'><strong>neque</strong></span> <span class='ocrx_word' id='word_1_27' title='bbox 1228 604 1351 658; x_wconf 86' lang='lat' dir='ltr'><strong>filiis</strong></span> <span class='ocrx_word' id='word_1_28' title='bbox 1401 603 1599 670; x_wconf 87' lang='lat' dir='ltr'><strong>Joseph</strong></span> <span class='ocrx_word' id='word_1_29' title='bbox 1657 599 1803 654; x_wconf 87' lang='lat' dir='ltr'><strong>hunc</strong></span> <span class='ocrx_word' id='word_1_30' title='bbox 1859 599 2120 653; x_wconf 89' lang='lat' dir='ltr'><strong>honorem</strong></span> 
     </span>
    </p>
   </div>
   <div class='ocr_carea' id='block_1_7' title="bbox 550 692 2122 770">
    <p class='ocr_par' dir='ltr' id='par_1_7' title="bbox 550 692 2122 770">
     <span class='ocr_line' id='line_1_7' title="bbox 550 692 2122 770; baseline -0.015 -8"><span class='ocrx_word' id='word_1_31' title='bbox 550 709 663 770; x_wconf 81' lang='lat' dir='ltr'><strong>dat,</strong></span> <span class='ocrx_word' id='word_1_32' title='bbox 693 716 748 759; x_wconf 90' lang='lat' dir='ltr'><strong>ut</strong></span> <span class='ocrx_word' id='word_1_33' title='bbox 785 702 880 757; x_wconf 78' lang='lat' dir='ltr'><strong>soli</strong></span> <span class='ocrx_word' id='word_1_34' title='bbox 913 702 1020 754; x_wconf 87' lang='lat' dir='ltr'><strong>sint</strong></span> <span class='ocrx_word' id='word_1_35' title='bbox 1049 698 1246 752; x_wconf 84' lang='lat' dir='ltr'><strong>fratres</strong></span> <span class='ocrx_word' id='word_1_36' title='bbox 1273 715 1285 748; x_wconf 86' lang='lat'><strong>:</strong></span> <span class='ocrx_word' id='word_1_37' title='bbox 1321 695 1411 749; x_wconf 88' lang='lat' dir='ltr'><strong>sed</strong></span> <span class='ocrx_word' id='word_1_38' title='bbox 1436 693 1560 760; x_wconf 82' lang='lat' dir='ltr'><strong>quia</strong></span> <span class='ocrx_word' id='word_1_39' title='bbox 1592 692 1738 747; x_wconf 84' lang='lat' dir='ltr'><strong>venit</strong></span> <span class='ocrx_word' id='word_1_40' title='bbox 1761 699 1932 745; x_wconf 86' lang='lat' dir='ltr'><strong>totum</strong></span> <span class='ocrx_word' id='word_1_41' title='bbox 1961 704 2122 742; x_wconf 89' lang='lat' dir='ltr'><strong>mun-</strong></span> 
     </span>
    </p>
   </div>
   <div class='ocr_carea' id='block_1_8' title="bbox 549 781 2124 856">
    <p class='ocr_par' dir='ltr' id='par_1_8' title="bbox 549 781 2124 856">
     <span class='ocr_line' id='line_1_8' title="bbox 549 781 2124 856; baseline -0.017 0"><span class='ocrx_word' id='word_1_42' title='bbox 549 803 676 856; x_wconf 90' lang='lat' dir='ltr'><strong>dum</strong></span> <span class='ocrx_word' id='word_1_43' title='bbox 707 807 947 856; x_wconf 87' lang='lat' dir='ltr'><strong>servare,</strong></span> <span class='ocrx_word' id='word_1_44' title='bbox 984 801 1038 846; x_wconf 90' lang='lat' dir='ltr'><strong>et</strong></span> <span class='ocrx_word' id='word_1_45' title='bbox 1060 804 1248 844; x_wconf 90' lang='lat' dir='ltr'><strong>omnes</strong></span> <span class='ocrx_word' id='word_1_46' title='bbox 1280 786 1474 841; x_wconf 91' lang='lat' dir='ltr'><strong>fratres</strong></span> <span class='ocrx_word' id='word_1_47' title='bbox 1495 784 1694 848; x_wconf 89' lang='lat' dir='ltr'><strong>facere,</strong></span> <span class='ocrx_word' id='word_1_48' title='bbox 1747 783 1915 836; x_wconf 84' lang='lat' dir='ltr'><strong>dicit:</strong></span> <span class='ocrx_word' id='word_1_49' title='bbox 1948 781 2124 834; x_wconf 87' lang='lat' dir='ltr'><strong>Mater</strong></span> 
     </span>
    </p>
   </div>
   <div class='ocr_carea' id='block_1_9' title="bbox 545 873 2123 947">
    <p class='ocr_par' dir='ltr' id='par_1_9' title="bbox 545 873 2123 947">
     <span class='ocr_line' id='line_1_9' title="bbox 545 873 2123 947; baseline -0.011 -2"><span class='ocrx_word' id='word_1_50' title='bbox 545 905 664 946; x_wconf 89' lang='lat' dir='ltr'><strong>mea</strong></span> <span class='ocrx_word' id='word_1_51' title='bbox 691 899 745 943; x_wconf 91' lang='lat' dir='ltr'><strong>et</strong></span> <span class='ocrx_word' id='word_1_52' title='bbox 796 886 997 940; x_wconf 89' lang='lat' dir='ltr'><strong>fratres</strong></span> <span class='ocrx_word' id='word_1_53' title='bbox 1048 883 1150 938; x_wconf 91' lang='lat' dir='ltr'><strong>mei</strong></span> <span class='ocrx_word' id='word_1_54' title='bbox 1181 882 1232 934; x_wconf 87' lang='lat' dir='ltr'><strong>hi</strong></span> <span class='ocrx_word' id='word_1_55' title='bbox 1285 889 1410 934; x_wconf 89' lang='lat' dir='ltr'><strong>sunt</strong></span> <span class='ocrx_word' id='word_1_56' title='bbox 1435 877 1527 947; x_wconf 87' lang='lat' dir='ltr'><strong>qui</strong></span> <span class='ocrx_word' id='word_1_57' title='bbox 1560 890 1862 930; x_wconf 85' lang='lat' dir='ltr'><strong>sermonem</strong></span> <span class='ocrx_word' id='word_1_58' title='bbox 1893 873 1984 926; x_wconf 88' lang='lat' dir='ltr'><strong>Dei</strong></span> <span class='ocrx_word' id='word_1_59' title='bbox 2025 887 2123 927; x_wconf 89' lang='lat' dir='ltr'><strong>au-</strong></span> 
     </span>
    </p>
   </div>
   <div class='ocr_carea' id='block_1_10' title="bbox 542 967 2124 1044">
    <p class='ocr_par' dir='ltr' id='par_1_10' title="bbox 542 967 2124 1044">
     <span class='ocr_line' id='line_1_10' title="bbox 542 967 2124 1044; baseline -0.011 -9"><span class='ocrx_word' id='word_1_60' title='bbox 542 982 717 1035; x_wconf 91' lang='lat' dir='ltr'><strong>diunt.</strong></span> <span class='ocrx_word' id='word_1_61' title='bbox 758 977 961 1032; x_wconf 86' lang='lat' dir='ltr'><strong>Deinde</strong></span> <span class='ocrx_word' id='word_1_62' title='bbox 987 975 1114 1044; x_wconf 83' lang='lat' dir='ltr'><strong>quia</strong></span> <span class='ocrx_word' id='word_1_63' title='bbox 1148 973 1284 1026; x_wconf 88' lang='lat' dir='ltr'><strong>nuda</strong></span> <span class='ocrx_word' id='word_1_64' title='bbox 1311 979 1364 1026; x_wconf 89' lang='lat' dir='ltr'><strong>et</strong></span> <span class='ocrx_word' id='word_1_65' title='bbox 1388 970 1500 1026; x_wconf 89' lang='lat' dir='ltr'><strong>sola</strong></span> <span class='ocrx_word' id='word_1_66' title='bbox 1535 969 1734 1023; x_wconf 80' lang='lat' dir='ltr'><strong>auditio</strong></span> <span class='ocrx_word' id='word_1_67' title='bbox 1771 967 1973 1020; x_wconf 90' lang='lat' dir='ltr'><strong>nullum</strong></span> <span class='ocrx_word' id='word_1_68' title='bbox 2007 981 2124 1020; x_wconf 86' lang='lat' dir='ltr'><strong>ser-</strong></span> 
     </span>
    </p>
   </div>
   <div class='ocr_carea' id='block_1_11' title="bbox 548 1054 2120 1137">
    <p class='ocr_par' dir='ltr' id='par_1_11' title="bbox 548 1054 2120 1137">
     <span class='ocr_line' id='line_1_11' title="bbox 548 1054 2120 1137; baseline -0.011 -13"><span class='ocrx_word' id='word_1_69' title='bbox 548 1083 663 1133; x_wconf 85' lang='lat' dir='ltr'><strong>vat,</strong></span> <span class='ocrx_word' id='word_1_70' title='bbox 699 1073 790 1126; x_wconf 83' lang='lat' dir='ltr'><strong>sed</strong></span> <span class='ocrx_word' id='word_1_71' title='bbox 823 1069 992 1137; x_wconf 81' lang='lat' dir='ltr'><strong>magis</strong></span> <span class='ocrx_word' id='word_1_72' title='bbox 1032 1067 1380 1128; x_wconf 89' lang='lat' dir='ltr'><strong>condemnat,</strong></span> <span class='ocrx_word' id='word_1_73' title='bbox 1414 1063 1542 1116; x_wconf 86' lang='lat' dir='ltr'><strong>dicit</strong></span> <span class='ocrx_word' id='word_1_74' title='bbox 1578 1079 1592 1115; x_wconf 93' lang='lat'>:</span> <span class='ocrx_word' id='word_1_75' title='bbox 1622 1071 1669 1112; x_wconf 90' lang='lat' dir='ltr'><strong>et</strong></span> <span class='ocrx_word' id='word_1_76' title='bbox 1718 1057 1921 1112; x_wconf 85' lang='lat' dir='ltr'><strong>faciunt</strong></span> <span class='ocrx_word' id='word_1_77' title='bbox 1950 1054 2120 1111; x_wconf 79' lang='lat' dir='ltr'><strong>illum.</strong></span> 
     </span>
    </p>
   </div>
   <div class='ocr_carea' id='block_1_12' title="bbox 545 1143 2121 1230">
    <p class='ocr_par' dir='ltr' id='par_1_12' title="bbox 545 1143 2121 1230">
     <span class='ocr_line' id='line_1_12' title="bbox 545 1143 2121 1230; baseline -0.011 -13"><span class='ocrx_word' id='word_1_78' title='bbox 545 1143 772 1230; x_wconf 83' lang='lat' dir='ltr'><strong>Oportet</strong></span> <span class='ocrx_word' id='word_1_79' title='bbox 828 1161 992 1223; x_wconf 77' lang='lat' dir='ltr'><strong>igitur</strong></span> <span class='ocrx_word' id='word_1_80' title='bbox 1043 1161 1254 1220; x_wconf 81' lang='lat' dir='ltr'><strong>audire,</strong></span> <span class='ocrx_word' id='word_1_81' title='bbox 1295 1156 1575 1210; x_wconf 83' lang='lat' dir='ltr'><strong>etfacere.</strong></span> <span class='ocrx_word' id='word_1_82' title='bbox 1613 1152 1778 1205; x_wconf 77' lang='lat' dir='ltr'><strong>l&#39;orro</strong></span> <span class='ocrx_word' id='word_1_83' title='bbox 1813 1164 2121 1204; x_wconf 86' lang='lat' dir='ltr'><strong>sermonem</strong></span> 
     </span>
    </p>
   </div>
   <div class='ocr_carea' id='block_1_13' title="bbox 543 1241 2123 1312">
    <p class='ocr_par' dir='ltr' id='par_1_13' title="bbox 543 1241 2123 1312">
     <span class='ocr_line' id='line_1_13' title="bbox 543 1241 2123 1312; baseline -0.009 -4"><span class='ocrx_word' id='word_1_84' title='bbox 543 1255 634 1308; x_wconf 79' lang='lat' dir='ltr'><strong>Dei</strong></span> <span class='ocrx_word' id='word_1_85' title='bbox 678 1269 828 1308; x_wconf 74' lang='lat' dir='ltr'><strong>Suam</strong></span> <span class='ocrx_word' id='word_1_86' title='bbox 864 1253 1160 1306; x_wconf 76' lang='lat' dir='ltr'><strong>doctrinam</strong></span> <span class='ocrx_word' id='word_1_87' title='bbox 1215 1258 1389 1302; x_wconf 87' lang='lat' dir='ltr'><strong>vocat.</strong></span> <span class='ocrx_word' id='word_1_88' title='bbox 1427 1246 1778 1312; x_wconf 62' lang='lat' dir='ltr'><strong>Quaecunque</strong></span> <span class='ocrx_word' id='word_1_89' title='bbox 1829 1241 1972 1295; x_wconf 84' lang='lat' dir='ltr'><strong>enim</strong></span> <span class='ocrx_word' id='word_1_90' title='bbox 2011 1241 2123 1308; x_wconf 88' lang='lat' dir='ltr'><strong>ipse</strong></span> 
     </span>
    </p>
   </div>
   <div class='ocr_carea' id='block_1_14' title="bbox 543 1332 2121 1404">
    <p class='ocr_par' dir='ltr' id='par_1_14' title="bbox 543 1332 2121 1404">
     <span class='ocr_line' id='line_1_14' title="bbox 543 1332 2121 1404; baseline -0.01 -6"><span class='ocrx_word' id='word_1_91' title='bbox 543 1346 779 1404; x_wconf 87' lang='lat' dir='ltr'><strong>dicebat.</strong></span> <span class='ocrx_word' id='word_1_92' title='bbox 826 1344 1006 1395; x_wconf 84' lang='lat' dir='ltr'><strong>Patris</strong></span> <span class='ocrx_word' id='word_1_93' title='bbox 1040 1342 1119 1393; x_wconf 91' lang='lat' dir='ltr'><strong>sui</strong></span> <span class='ocrx_word' id='word_1_94' title='bbox 1163 1347 1341 1400; x_wconf 85' lang='lat' dir='ltr'><strong>erant,</strong></span> <span class='ocrx_word' id='word_1_95' title='bbox 1377 1340 1460 1390; x_wconf 88' lang='lat' dir='ltr'><strong>cui</strong></span> <span class='ocrx_word' id='word_1_96' title='bbox 1495 1353 1597 1390; x_wconf 88' lang='lat' dir='ltr'><strong>non</strong></span> <span class='ocrx_word' id='word_1_97' title='bbox 1633 1332 2121 1396; x_wconf 88' lang='lat' dir='ltr'><strong>fuitadversarius,</strong></span> 
     </span>
    </p>
   </div>
   <div class='ocr_carea' id='block_1_15' title="bbox 547 1424 2124 1502">
    <p class='ocr_par' dir='ltr' id='par_1_15' title="bbox 547 1424 2124 1502">
     <span class='ocr_line' id='line_1_15' title="bbox 547 1424 2124 1502; baseline -0.011 -10"><span class='ocrx_word' id='word_1_98' title='bbox 547 1447 612 1492; x_wconf 86' lang='lat' dir='ltr'><strong>ut</strong></span> <span class='ocrx_word' id='word_1_99' title='bbox 643 1438 785 1489; x_wconf 82' lang='lat' dir='ltr'><strong>dicat</strong></span> <span class='ocrx_word' id='word_1_100' title='bbox 815 1449 935 1502; x_wconf 73' lang='lat' dir='ltr'><strong>qua:</strong></span> <span class='ocrx_word' id='word_1_101' title='bbox 963 1432 1052 1486; x_wconf 84' lang='lat' dir='ltr'><strong>Dei</strong></span> <span class='ocrx_word' id='word_1_102' title='bbox 1087 1446 1192 1486; x_wconf 86' lang='lat' dir='ltr'><strong>non</strong></span> <span class='ocrx_word' id='word_1_103' title='bbox 1230 1438 1376 1483; x_wconf 87' lang='lat' dir='ltr'><strong>sunt.</strong></span> <span class='ocrx_word' id='word_1_104' title='bbox 1400 1429 1467 1480; x_wconf 84' lang='lat' dir='ltr'><strong>At</strong></span> <span class='ocrx_word' id='word_1_105' title='bbox 1497 1427 1739 1496; x_wconf 74' lang='lat' dir='ltr'><strong>plerique</strong></span> <span class='ocrx_word' id='word_1_106' title='bbox 1779 1426 1952 1478; x_wconf 89' lang='lat' dir='ltr'><strong>locum</strong></span> <span class='ocrx_word' id='word_1_107' title='bbox 1983 1424 2124 1475; x_wconf 89' lang='lat' dir='ltr'><strong>hunc</strong></span> 
     </span>
    </p>
   </div>
   <div class='ocr_carea' id='block_1_16' title="bbox 543 1517 2118 1596">
    <p class='ocr_par' dir='ltr' id='par_1_16' title="bbox 543 1517 2118 1596">
     <span class='ocr_line' id='line_1_16' title="bbox 543 1517 2118 1596; baseline -0.01 -14"><span class='ocrx_word' id='word_1_108' title='bbox 543 1530 622 1583; x_wconf 90' lang='lat' dir='ltr'><strong>sic</strong></span> <span class='ocrx_word' id='word_1_109' title='bbox 685 1526 1013 1596; x_wconf 82' lang='lat' dir='ltr'><strong>intelligunt,</strong></span> <span class='ocrx_word' id='word_1_110' title='bbox 1057 1522 1198 1593; x_wconf 88' lang='lat' dir='ltr'><strong>quod</strong></span> <span class='ocrx_word' id='word_1_111' title='bbox 1251 1522 1469 1590; x_wconf 89' lang='lat' dir='ltr'><strong>quidam</strong></span> <span class='ocrx_word' id='word_1_112' title='bbox 1508 1519 1780 1572; x_wconf 87' lang='lat' dir='ltr'><strong>irriserint</strong></span> <span class='ocrx_word' id='word_1_113' title='bbox 1843 1517 2118 1571; x_wconf 79' lang='lat' dir='ltr'><strong>Christum</strong></span> 
     </span>
    </p>
   </div>
   <div class='ocr_carea' id='block_1_17' title="bbox 544 1608 2123 1684">
    <p class='ocr_par' dir='ltr' id='par_1_17' title="bbox 544 1608 2123 1684">
     <span class='ocr_line' id='line_1_17' title="bbox 544 1608 2123 1684; baseline -0.011 -7"><span class='ocrx_word' id='word_1_114' title='bbox 544 1621 853 1684; x_wconf 90' lang='lat' dir='ltr'><strong>docentem,</strong></span> <span class='ocrx_word' id='word_1_115' title='bbox 912 1628 966 1671; x_wconf 88' lang='lat' dir='ltr'><strong>et</strong></span> <span class='ocrx_word' id='word_1_116' title='bbox 1002 1618 1070 1672; x_wconf 91' lang='lat' dir='ltr'><strong>ob</strong></span> <span class='ocrx_word' id='word_1_117' title='bbox 1109 1617 1409 1670; x_wconf 80' lang='lat' dir='ltr'><strong>doctrinam</strong></span> <span class='ocrx_word' id='word_1_118' title='bbox 1441 1628 1592 1668; x_wconf 90' lang='lat' dir='ltr'><strong>suam</strong></span> <span class='ocrx_word' id='word_1_119' title='bbox 1641 1610 1843 1664; x_wconf 84' lang='lat' dir='ltr'><strong>factum</strong></span> <span class='ocrx_word' id='word_1_120' title='bbox 1886 1608 2123 1663; x_wconf 84' lang='lat' dir='ltr'><strong>admira-</strong></span> 
     </span>
    </p>
   </div>
   <div class='ocr_carea' id='block_1_18' title="bbox 543 1703 2121 1780">
    <p class='ocr_par' dir='ltr' id='par_1_18' title="bbox 543 1703 2121 1780">
     <span class='ocr_line' id='line_1_18' title="bbox 543 1703 2121 1780; baseline -0.012 -11"><span class='ocrx_word' id='word_1_121' title='bbox 543 1713 730 1775; x_wconf 88' lang='lat' dir='ltr'><strong>bilem,</strong></span> <span class='ocrx_word' id='word_1_122' title='bbox 758 1719 814 1764; x_wconf 94' lang='lat' dir='ltr'><strong>ut</strong></span> <span class='ocrx_word' id='word_1_123' title='bbox 855 1724 952 1780; x_wconf 86' lang='lat' dir='ltr'><strong>per</strong></span> <span class='ocrx_word' id='word_1_124' title='bbox 998 1707 1258 1763; x_wconf 84' lang='lat' dir='ltr'><strong>invidiam</strong></span> <span class='ocrx_word' id='word_1_125' title='bbox 1302 1704 1534 1760; x_wconf 77' lang='lat' dir='ltr'><strong>dixerint</strong></span> <span class='ocrx_word' id='word_1_126' title='bbox 1571 1722 1583 1756; x_wconf 93' lang='lat'>:</span> <span class='ocrx_word' id='word_1_127' title='bbox 1625 1703 1766 1757; x_wconf 89' lang='lat' dir='ltr'><strong>Ecce</strong></span> <span class='ocrx_word' id='word_1_128' title='bbox 1812 1710 1984 1754; x_wconf 83' lang='lat' dir='ltr'><strong>mater</strong></span> <span class='ocrx_word' id='word_1_129' title='bbox 2034 1709 2121 1751; x_wconf 85' lang='lat' dir='ltr'><strong>tua</strong></span> 
     </span>
    </p>
   </div>
   <div class='ocr_carea' id='block_1_19' title="bbox 548 1789 2122 1865">
    <p class='ocr_par' dir='ltr' id='par_1_19' title="bbox 548 1789 2122 1865">
     <span class='ocr_line' id='line_1_19' title="bbox 548 1789 2122 1865; baseline -0.009 -9"><span class='ocrx_word' id='word_1_130' title='bbox 548 1813 603 1856; x_wconf 90' lang='lat' dir='ltr'><strong>et</strong></span> <span class='ocrx_word' id='word_1_131' title='bbox 627 1801 824 1856; x_wconf 82' lang='lat' dir='ltr'><strong>fratres</strong></span> <span class='ocrx_word' id='word_1_132' title='bbox 859 1800 932 1853; x_wconf 90' lang='lat' dir='ltr'><strong>tui</strong></span> <span class='ocrx_word' id='word_1_133' title='bbox 973 1808 1098 1853; x_wconf 91' lang='lat' dir='ltr'><strong>sunt</strong></span> <span class='ocrx_word' id='word_1_134' title='bbox 1136 1797 1290 1862; x_wconf 78' lang='lat' dir='ltr'><strong>furis,</strong></span> <span class='ocrx_word' id='word_1_135' title='bbox 1316 1796 1592 1865; x_wconf 88' lang='lat' dir='ltr'><strong>cupientes</strong></span> <span class='ocrx_word' id='word_1_136' title='bbox 1627 1803 1678 1847; x_wconf 87' lang='lat' dir='ltr'><strong>te</strong></span> <span class='ocrx_word' id='word_1_137' title='bbox 1730 1792 1936 1857; x_wconf 82' lang='lat' dir='ltr'><strong>videre,</strong></span> <span class='ocrx_word' id='word_1_138' title='bbox 1996 1789 2122 1858; x_wconf 83' lang='lat' dir='ltr'><strong>quia</strong></span> 
     </span>
    </p>
   </div>
   <div class='ocr_carea' id='block_1_20' title="bbox 547 1879 2126 1959">
    <p class='ocr_par' dir='ltr' id='par_1_20' title="bbox 547 1879 2126 1959">
     <span class='ocr_line' id='line_1_20' title="bbox 547 1879 2126 1959; baseline -0.01 -12"><span class='ocrx_word' id='word_1_139' title='bbox 547 1901 722 1946; x_wconf 84' lang='lat' dir='ltr'><strong>mater</strong></span> <span class='ocrx_word' id='word_1_140' title='bbox 762 1891 930 1959; x_wconf 89' lang='lat' dir='ltr'><strong>ipsius</strong></span> <span class='ocrx_word' id='word_1_141' title='bbox 954 1889 1238 1943; x_wconf 82' lang='lat' dir='ltr'><strong>videbatur</strong></span> <span class='ocrx_word' id='word_1_142' title='bbox 1264 1886 1389 1941; x_wconf 78' lang='lat' dir='ltr'><strong>vilis</strong></span> <span class='ocrx_word' id='word_1_143' title='bbox 1449 1899 1593 1948; x_wconf 89' lang='lat' dir='ltr'><strong>esse,</strong></span> <span class='ocrx_word' id='word_1_144' title='bbox 1655 1893 1712 1938; x_wconf 89' lang='lat' dir='ltr'><strong>et</strong></span> <span class='ocrx_word' id='word_1_145' title='bbox 1763 1881 1961 1936; x_wconf 89' lang='lat' dir='ltr'><strong>fratres</strong></span> <span class='ocrx_word' id='word_1_146' title='bbox 2009 1879 2126 1948; x_wconf 83' lang='lat' dir='ltr'><strong>ejus</strong></span> 
     </span>
    </p>
   </div>
   <div class='ocr_carea' id='block_1_21' title="bbox 544 1971 2122 2052">
    <p class='ocr_par' dir='ltr' id='par_1_21' title="bbox 544 1971 2122 2052">
     <span class='ocr_line' id='line_1_21' title="bbox 544 1971 2122 2052; baseline -0.007 -16"><span class='ocrx_word' id='word_1_147' title='bbox 544 1983 782 2044; x_wconf 86' lang='lat' dir='ltr'><strong>obscuri,</strong></span> <span class='ocrx_word' id='word_1_148' title='bbox 808 1991 991 2052; x_wconf 85' lang='lat' dir='ltr'><strong>utpote</strong></span> <span class='ocrx_word' id='word_1_149' title='bbox 1027 1979 1163 2035; x_wconf 82' lang='lat' dir='ltr'><strong>fabri</strong></span> <span class='ocrx_word' id='word_1_150' title='bbox 1201 1979 1317 2052; x_wconf 73' lang='lat' dir='ltr'><strong>lilii,</strong></span> <span class='ocrx_word' id='word_1_151' title='bbox 1347 1987 1398 2032; x_wconf 88' lang='lat' dir='ltr'><strong>et</strong></span> <span class='ocrx_word' id='word_1_152' title='bbox 1430 1977 1632 2033; x_wconf 91' lang='lat' dir='ltr'><strong>ideirco</strong></span> <span class='ocrx_word' id='word_1_153' title='bbox 1661 1977 1813 2043; x_wconf 88' lang='lat' dir='ltr'><strong>quasi</strong></span> <span class='ocrx_word' id='word_1_154' title='bbox 1850 1971 2122 2042; x_wconf 56' lang='lat' dir='ltr'><strong>ignobilis:</strong></span> 
     </span>
    </p>
   </div>
   <div class='ocr_carea' id='block_1_22' title="bbox 549 1995 2122 2142">
    <p class='ocr_par' dir='ltr' id='par_1_22' title="bbox 549 1995 2122 2142">
     <span class='ocr_line' id='line_1_22' title="bbox 549 1995 2122 2052; baseline -0.007 -16"><span class='ocrx_word' id='word_1_155' title='bbox 549 1995 782 2044; x_wconf 76' lang='lat' dir='ltr'><strong>DDSCUI‘I,</strong></span> <span class='ocrx_word' id='word_1_156' title='bbox 808 1995 991 2052; x_wconf 81' lang='lat' dir='ltr'><strong>utpote</strong></span> <span class='ocrx_word' id='word_1_157' title='bbox 1027 1995 1163 2035; x_wconf 74' lang='lat' dir='ltr'><strong>IaDl‘l</strong></span> <span class='ocrx_word' id='word_1_158' title='bbox 1201 1995 1256 2032; x_wconf 83' lang='grc' dir='ltr'><strong>ιιι</strong></span> <span class='ocrx_word' id='word_1_159' title='bbox 1285 1996 1317 2044; x_wconf 87' lang='lat' dir='ltr'><strong>I,</strong></span> <span class='ocrx_word' id='word_1_160' title='bbox 1347 1995 1398 2032; x_wconf 80' lang='lat' dir='ltr'><strong>et</strong></span> <span class='ocrx_word' id='word_1_161' title='bbox 1431 1995 1632 2033; x_wconf 79' lang='lat' dir='ltr'><strong>IOCII&#39;CO</strong></span> <span class='ocrx_word' id='word_1_162' title='bbox 1661 1995 1813 2043; x_wconf 75' lang='lat' dir='ltr'><strong>quas:</strong></span> <span class='ocrx_word' id='word_1_163' title='bbox 1851 1995 2122 2042; x_wconf 66' lang='lat' dir='ltr'><strong>Ignavum&quot;</strong></span> 
     </span>
     <span class='ocr_line' id='line_1_23' title="bbox 549 1995 2122 2142; baseline -0.006 -18"><span class='ocrx_word' id='word_1_164' title='bbox 549 2082 780 2125; x_wconf 88' lang='lat' dir='ltr'><strong>matrem</strong></span> <span class='ocrx_word' id='word_1_165' title='bbox 846 2072 962 2142; x_wconf 84' lang='lat' dir='ltr'><strong>ejus</strong></span> <span class='ocrx_word' id='word_1_166' title='bbox 1030 2082 1084 2125; x_wconf 89' lang='lat' dir='ltr'><strong>et</strong></span> <span class='ocrx_word' id='word_1_167' title='bbox 1156 1995 1352 2123; x_wconf 32' lang='lat' dir='ltr'><strong>[ranks</strong></span> <span class='ocrx_word' id='word_1_168' title='bbox 1432 2066 1710 2121; x_wconf 84' lang='lat' dir='ltr'><strong>irridendo</strong></span> <span class='ocrx_word' id='word_1_169' title='bbox 1772 2063 2122 2133; x_wconf 87' lang='lat' dir='ltr'><strong>objiciebant.</strong></span> 
     </span>
    </p>
   </div>
   <div class='ocr_carea' id='block_1_23' title="bbox 543 2155 2124 2229">
    <p class='ocr_par' dir='ltr' id='par_1_23' title="bbox 543 2155 2124 2229">
     <span class='ocr_line' id='line_1_24' title="bbox 543 2155 2124 2229; baseline -0.006 -13"><span class='ocrx_word' id='word_1_170' title='bbox 543 2162 778 2218; x_wconf 82' lang='lat' dir='ltr'><strong>Proinde</strong></span> <span class='ocrx_word' id='word_1_171' title='bbox 830 2164 1007 2217; x_wconf 87' lang='lat' dir='ltr'><strong>sciens</strong></span> <span class='ocrx_word' id='word_1_172' title='bbox 1054 2161 1409 2229; x_wconf 80' lang='lat' dir='ltr'><strong>cogitationes</strong></span> <span class='ocrx_word' id='word_1_173' title='bbox 1442 2173 1652 2222; x_wconf 91' lang='lat' dir='ltr'><strong>eorum,</strong></span> <span class='ocrx_word' id='word_1_174' title='bbox 1682 2156 1826 2210; x_wconf 78' lang='lat' dir='ltr'><strong>Nihil</strong></span> <span class='ocrx_word' id='word_1_175' title='bbox 1851 2155 2006 2222; x_wconf 89' lang='lat' dir='ltr'><strong>mihi,</strong></span> <span class='ocrx_word' id='word_1_176' title='bbox 2038 2155 2124 2208; x_wconf 90' lang='lat' dir='ltr'><strong>in-</strong></span> 
     </span>
    </p>
   </div>
   <div class='ocr_carea' id='block_1_24' title="bbox 544 2247 2126 2325">
    <p class='ocr_par' dir='ltr' id='par_1_24' title="bbox 544 2247 2126 2325">
     <span class='ocr_line' id='line_1_25' title="bbox 544 2247 2126 2325; baseline -0.004 -17"><span class='ocrx_word' id='word_1_177' title='bbox 544 2258 680 2322; x_wconf 86' lang='lat' dir='ltr'><strong>quit,</strong></span> <span class='ocrx_word' id='word_1_178' title='bbox 728 2264 883 2308; x_wconf 82' lang='lat' dir='ltr'><strong>nocet</strong></span> <span class='ocrx_word' id='word_1_179' title='bbox 958 2250 1210 2325; x_wconf 74' lang='lat' dir='ltr'><strong>ignobilis</strong></span> <span class='ocrx_word' id='word_1_180' title='bbox 1241 2251 1511 2321; x_wconf 91' lang='lat' dir='ltr'><strong>coguatio.</strong></span> <span class='ocrx_word' id='word_1_181' title='bbox 1585 2248 1697 2304; x_wconf 86' lang='lat' dir='ltr'><strong>imo</strong></span> <span class='ocrx_word' id='word_1_182' title='bbox 1750 2248 1960 2303; x_wconf 86' lang='lat' dir='ltr'><strong>etiamsi</strong></span> <span class='ocrx_word' id='word_1_183' title='bbox 2003 2247 2126 2316; x_wconf 85' lang='lat' dir='ltr'><strong>quis</strong></span> 
     </span>
    </p>
   </div>
   <div class='ocr_carea' id='block_1_25' title="bbox 546 2337 2122 2416">
    <p class='ocr_par' dir='ltr' id='par_1_25' title="bbox 546 2337 2122 2416">
     <span class='ocr_line' id='line_1_26' title="bbox 546 2337 2122 2416; baseline -0.007 -15"><span class='ocrx_word' id='word_1_184' title='bbox 546 2345 797 2416; x_wconf 72' lang='lat' dir='ltr'><strong>ignobilis</strong></span> <span class='ocrx_word' id='word_1_185' title='bbox 833 2345 1036 2410; x_wconf 89' lang='lat' dir='ltr'><strong>fuerit,</strong></span> <span class='ocrx_word' id='word_1_186' title='bbox 1081 2345 1127 2397; x_wconf 89' lang='lat' dir='ltr'><strong>si</strong></span> <span class='ocrx_word' id='word_1_187' title='bbox 1167 2353 1348 2397; x_wconf 88' lang='lat' dir='ltr'><strong>tamen</strong></span> <span class='ocrx_word' id='word_1_188' title='bbox 1379 2341 1609 2396; x_wconf 88' lang='lat' dir='ltr'><strong>audierit</strong></span> <span class='ocrx_word' id='word_1_189' title='bbox 1647 2354 1948 2396; x_wconf 78' lang='lat' dir='ltr'><strong>sermonem</strong></span> <span class='ocrx_word' id='word_1_190' title='bbox 1991 2337 2122 2403; x_wconf 86' lang='lat' dir='ltr'><strong>Dei,</strong></span> 
     </span>
    </p>
   </div>
   <div class='ocr_carea' id='block_1_26' title="bbox 547 2437 1466 2512">
    <p class='ocr_par' dir='ltr' id='par_1_26' title="bbox 547 2437 1466 2512">
     <span class='ocr_line' id='line_1_27' title="bbox 547 2437 1466 2512; baseline -0.009 -17"><span class='ocrx_word' id='word_1_191' title='bbox 547 2442 724 2512; x_wconf 87' lang='lat' dir='ltr'><strong>ipsum</strong></span> <span class='ocrx_word' id='word_1_192' title='bbox 767 2455 945 2496; x_wconf 90' lang='lat' dir='ltr'><strong>meum</strong></span> <span class='ocrx_word' id='word_1_193' title='bbox 983 2449 1270 2510; x_wconf 83' lang='lat' dir='ltr'><strong>cognatum</strong></span> <span class='ocrx_word' id='word_1_194' title='bbox 1307 2437 1466 2492; x_wconf 85' lang='lat' dir='ltr'><strong>facio.</strong></span> 
     </span>
    </p>
   </div>
   <div class='ocr_carea' id='block_1_27' title="bbox 627 2820 2120 2891">
    <p class='ocr_par' dir='ltr' id='par_1_27' title="bbox 627 2820 2120 2891">
     <span class='ocr_line' id='line_1_28' title="bbox 627 2820 2120 2891; baseline -0.008 -7"><span class='ocrx_word' id='word_1_195' title='bbox 627 2830 788 2886; x_wconf 69' lang='lat' dir='ltr'><strong>Vens.</strong></span> <span class='ocrx_word' id='word_1_196' title='bbox 815 2828 1010 2888; x_wconf 62' lang='lat'><strong>22-95.</strong></span> <span class='ocrx_word' id='word_1_197' title='bbox 1057 2845 1077 2880; x_wconf 78' lang='grc' dir='ltr'><strong>ι</strong></span> <span class='ocrx_word' id='word_1_198' title='bbox 1128 2825 1350 2882; x_wconf 86' lang='lat' dir='ltr'><strong>Factum</strong></span> <span class='ocrx_word' id='word_1_199' title='bbox 1391 2831 1468 2879; x_wconf 84' lang='lat' dir='ltr'><strong>est</strong></span> <span class='ocrx_word' id='word_1_200' title='bbox 1513 2833 1693 2878; x_wconf 84' lang='lat' dir='ltr'><strong>autem</strong></span> <span class='ocrx_word' id='word_1_201' title='bbox 1742 2820 1975 2891; x_wconf 85' lang='lat' dir='ltr'><strong>quodam</strong></span> <span class='ocrx_word' id='word_1_202' title='bbox 2014 2820 2120 2881; x_wconf 86' lang='lat' dir='ltr'><strong>die,</strong></span> 
     </span>
    </p>
   </div>
   <div class='ocr_carea' id='block_1_28' title="bbox 547 2914 2126 2996">
    <p class='ocr_par' dir='ltr' id='par_1_28' title="bbox 547 2914 2126 2996">
     <span class='ocr_line' id='line_1_29' title="bbox 547 2914 2126 2996; baseline -0.011 -11"><span class='ocrx_word' id='word_1_203' title='bbox 547 2942 602 2985; x_wconf 86' lang='lat' dir='ltr'><strong>et</strong></span> <span class='ocrx_word' id='word_1_204' title='bbox 634 2929 748 2996; x_wconf 85' lang='lat' dir='ltr'><strong>ipse</strong></span> <span class='ocrx_word' id='word_1_205' title='bbox 770 2924 1012 2979; x_wconf 81' lang='lat' dir='ltr'><strong>ascendit</strong></span> <span class='ocrx_word' id='word_1_206' title='bbox 1053 2923 1106 2978; x_wconf 90' lang='lat' dir='ltr'><strong>in</strong></span> <span class='ocrx_word' id='word_1_207' title='bbox 1149 2921 1326 2978; x_wconf 86' lang='lat' dir='ltr'><strong>navim</strong></span> <span class='ocrx_word' id='word_1_208' title='bbox 1349 2962 1364 2986; x_wconf 93' lang='lat'><strong>,</strong></span> <span class='ocrx_word' id='word_1_209' title='bbox 1407 2927 1461 2977; x_wconf 89' lang='lat' dir='ltr'><strong>et</strong></span> <span class='ocrx_word' id='word_1_210' title='bbox 1498 2916 1746 2990; x_wconf 80' lang='lat' dir='ltr'><strong>discipuli</strong></span> <span class='ocrx_word' id='word_1_211' title='bbox 1782 2916 1920 2984; x_wconf 86' lang='lat' dir='ltr'><strong>ejus,</strong></span> <span class='ocrx_word' id='word_1_212' title='bbox 1960 2923 2014 2970; x_wconf 87' lang='lat' dir='ltr'><strong>et</strong></span> <span class='ocrx_word' id='word_1_213' title='bbox 2051 2914 2126 2969; x_wconf 88' lang='lat' dir='ltr'><strong>ait</strong></span> 
     </span>
    </p>
   </div>
   <div class='ocr_carea' id='block_1_29' title="bbox 548 3005 2118 3084">
    <p class='ocr_par' dir='ltr' id='par_1_29' title="bbox 548 3005 2118 3084">
     <span class='ocr_line' id='line_1_30' title="bbox 548 3005 2118 3084; baseline -0.011 -10"><span class='ocrx_word' id='word_1_214' title='bbox 548 3021 614 3074; x_wconf 82' lang='lat' dir='ltr'><strong>ad</strong></span> <span class='ocrx_word' id='word_1_215' title='bbox 657 3020 796 3083; x_wconf 88' lang='lat' dir='ltr'><strong>illos,</strong></span> <span class='ocrx_word' id='word_1_216' title='bbox 846 3016 1203 3084; x_wconf 77' lang='lat' dir='ltr'><strong>&#39;l&#39;rajiziainus</strong></span> <span class='ocrx_word' id='word_1_217' title='bbox 1253 3013 1306 3066; x_wconf 90' lang='lat' dir='ltr'><strong>in</strong></span> <span class='ocrx_word' id='word_1_218' title='bbox 1351 3011 1658 3065; x_wconf 86' lang='lat' dir='ltr'><strong>ulteriorem</strong></span> <span class='ocrx_word' id='word_1_219' title='bbox 1707 3009 1876 3076; x_wconf 89' lang='lat' dir='ltr'><strong>ripam</strong></span> <span class='ocrx_word' id='word_1_220' title='bbox 1925 3005 2118 3074; x_wconf 85' lang='lat' dir='ltr'><strong>stagni,</strong></span> 
     </span>
    </p>
   </div>
   <div class='ocr_carea' id='block_1_30' title="bbox 547 3099 2116 3175">
    <p class='ocr_par' dir='ltr' id='par_1_30' title="bbox 547 3099 2116 3175">
     <span class='ocr_line' id='line_1_31' title="bbox 547 3099 2116 3175; baseline -0.01 -7"><span class='ocrx_word' id='word_1_221' title='bbox 547 3129 613 3168; x_wconf 91' lang='lat' dir='ltr'><strong>ac</strong></span> <span class='ocrx_word' id='word_1_222' title='bbox 650 3112 952 3167; x_wconf 88' lang='lat' dir='ltr'><strong>solverunt.</strong></span> <span class='ocrx_word' id='word_1_223' title='bbox 1001 3110 1267 3164; x_wconf 66' lang='lat' dir='ltr'><strong>Creterum</strong></span> <span class='ocrx_word' id='word_1_224' title='bbox 1308 3103 1690 3175; x_wconf 76' lang='lat' dir='ltr'><strong>navigantibus</strong></span> <span class='ocrx_word' id='word_1_225' title='bbox 1753 3101 1881 3166; x_wconf 88' lang='lat' dir='ltr'><strong>illis,</strong></span> <span class='ocrx_word' id='word_1_226' title='bbox 1923 3099 2116 3155; x_wconf 87' lang='lat' dir='ltr'><strong>obdor-</strong></span> 
     </span>
    </p>
   </div>
   <div class='ocr_carea' id='block_1_31' title="bbox 552 3195 2196 3296">
    <p class='ocr_par' dir='ltr' id='par_1_31' title="bbox 552 3195 2196 3296">
     <span class='ocr_line' id='line_1_32' title="bbox 552 3195 2196 3296; baseline -0.01 -37"><span class='ocrx_word' id='word_1_227' title='bbox 552 3205 725 3259; x_wconf 85' lang='lat' dir='ltr'><strong>mivit.</strong></span> <span class='ocrx_word' id='word_1_228' title='bbox 803 3203 869 3257; x_wconf 84' lang='lat' dir='ltr'><strong>Et</strong></span> <span class='ocrx_word' id='word_1_229' title='bbox 939 3201 1142 3271; x_wconf 88' lang='lat' dir='ltr'><strong>ingruit</strong></span> <span class='ocrx_word' id='word_1_230' title='bbox 1196 3198 1428 3269; x_wconf 89' lang='lat' dir='ltr'><strong>procella</strong></span> <span class='ocrx_word' id='word_1_231' title='bbox 1466 3196 1613 3252; x_wconf 90' lang='lat' dir='ltr'><strong>venti</strong></span> <span class='ocrx_word' id='word_1_232' title='bbox 1665 3195 1718 3250; x_wconf 92' lang='lat' dir='ltr'><strong>in</strong></span> <span class='ocrx_word' id='word_1_233' title='bbox 1761 3203 2034 3263; x_wconf 86' lang='lat' dir='ltr'><strong>stagnum,</strong></span> <span class='ocrx_word' id='word_1_234' title='bbox 2073 3199 2196 3296; x_wconf 84' lang='lat' dir='ltr'><strong>etc</strong></span> 
     </span>
    </p>
   </div>
   <div class='ocr_carea' id='block_1_32' title="bbox 548 3288 2126 3366">
    <p class='ocr_par' dir='ltr' id='par_1_32' title="bbox 548 3288 2126 3366">
     <span class='ocr_line' id='line_1_33' title="bbox 548 3288 2126 3366; baseline -0.008 -17"><span class='ocrx_word' id='word_1_235' title='bbox 548 3296 962 3366; x_wconf 75' lang='lat' dir='ltr'><strong>cornplebantur</strong></span> <span class='ocrx_word' id='word_1_236' title='bbox 1033 3308 1097 3347; x_wconf 90' lang='lat' dir='ltr'><strong>ac</strong></span> <span class='ocrx_word' id='word_1_237' title='bbox 1162 3291 1627 3361; x_wconf 85' lang='lat' dir='ltr'><strong>periclitabantur.</strong></span> <span class='ocrx_word' id='word_1_238' title='bbox 1665 3288 1998 3343; x_wconf 82' lang='lat' dir='ltr'><strong>Accedentes</strong></span> <span class='ocrx_word' id='word_1_239' title='bbox 2028 3300 2126 3338; x_wconf 85' lang='lat' dir='ltr'><strong>au-</strong></span> 
     </span>
    </p>
   </div>
   <div class='ocr_carea' id='block_1_33' title="bbox 549 3380 2128 3448">
    <p class='ocr_par' dir='ltr' id='par_1_33' title="bbox 549 3380 2128 3448">
     <span class='ocr_line' id='line_1_34' title="bbox 549 3380 2128 3448; baseline -0.008 -6"><span class='ocrx_word' id='word_1_240' title='bbox 549 3397 657 3442; x_wconf 89' lang='lat' dir='ltr'><strong>tem</strong></span> <span class='ocrx_word' id='word_1_241' title='bbox 692 3389 1089 3442; x_wconf 80' lang='lat' dir='ltr'><strong>suscitaverunt</strong></span> <span class='ocrx_word' id='word_1_242' title='bbox 1127 3399 1249 3440; x_wconf 91' lang='lat' dir='ltr'><strong>eum</strong></span> <span class='ocrx_word' id='word_1_243' title='bbox 1282 3383 1523 3437; x_wconf 86' lang='lat' dir='ltr'><strong>dicentes</strong></span> <span class='ocrx_word' id='word_1_244' title='bbox 1568 3380 1954 3448; x_wconf 66' lang='lat' dir='ltr'><strong>:‘Prteceptor,</strong></span> <span class='ocrx_word' id='word_1_245' title='bbox 1990 3391 2128 3447; x_wconf 66' lang='lat' dir='ltr'><strong>prae-</strong></span> 
     </span>
    </p>
   </div>
   <div class='ocr_carea' id='block_1_34' title="bbox 549 3468 2128 3548">
    <p class='ocr_par' dir='ltr' id='par_1_34' title="bbox 549 3468 2128 3548">
     <span class='ocr_line' id='line_1_35' title="bbox 549 3468 2128 3548; baseline -0.009 -13"><span class='ocrx_word' id='word_1_246' title='bbox 549 3489 758 3548; x_wconf 90' lang='lat' dir='ltr'><strong>ceptor,</strong></span> <span class='ocrx_word' id='word_1_247' title='bbox 800 3479 1058 3546; x_wconf 88' lang='lat' dir='ltr'><strong>perimus.</strong></span> <span class='ocrx_word' id='word_1_248' title='bbox 1126 3477 1196 3530; x_wconf 79' lang='lat' dir='ltr'><strong>At</strong></span> <span class='ocrx_word' id='word_1_249' title='bbox 1237 3475 1328 3530; x_wconf 90' lang='lat' dir='ltr'><strong>ille</strong></span> <span class='ocrx_word' id='word_1_250' title='bbox 1368 3473 1635 3528; x_wconf 79' lang='lat' dir='ltr'><strong>excitatus</strong></span> <span class='ocrx_word' id='word_1_251' title='bbox 1675 3468 1975 3539; x_wconf 82' lang='lat' dir='ltr'><strong>increpavit</strong></span> <span class='ocrx_word' id='word_1_252' title='bbox 1997 3483 2128 3524; x_wconf 88' lang='lat' dir='ltr'><strong>ven-</strong></span> 
     </span>
    </p>
   </div>
   <div class='ocr_carea' id='block_1_35' title="bbox 550 3559 2130 3636">
    <p class='ocr_par' dir='ltr' id='par_1_35' title="bbox 550 3559 2130 3636">
     <span class='ocr_line' id='line_1_36' title="bbox 550 3559 2130 3636; baseline -0.006 -14"><span class='ocrx_word' id='word_1_253' title='bbox 550 3577 665 3622; x_wconf 91' lang='lat' dir='ltr'><strong>tnm</strong></span> <span class='ocrx_word' id='word_1_254' title='bbox 711 3581 776 3622; x_wconf 89' lang='lat' dir='ltr'><strong>ac</strong></span> <span class='ocrx_word' id='word_1_255' title='bbox 819 3575 1191 3636; x_wconf 85' lang='lat' dir='ltr'><strong>tempestatem</strong></span> <span class='ocrx_word' id='word_1_256' title='bbox 1242 3579 1420 3634; x_wconf 70' lang='lat' dir='ltr'><strong>aqure,</strong></span> <span class='ocrx_word' id='word_1_257' title='bbox 1462 3575 1518 3618; x_wconf 91' lang='lat' dir='ltr'><strong>et</strong></span> <span class='ocrx_word' id='word_1_258' title='bbox 1577 3562 1831 3625; x_wconf 78' lang='lat' dir='ltr'><strong>cessavit,</strong></span> <span class='ocrx_word' id='word_1_259' title='bbox 1877 3559 2130 3627; x_wconf 86' lang='lat' dir='ltr'><strong>factaque</strong></span> 
     </span>
    </p>
   </div>
   <div class='ocr_carea' id='block_1_36' title="bbox 551 3648 2129 3725">
    <p class='ocr_par' dir='ltr' id='par_1_36' title="bbox 551 3648 2129 3725">
     <span class='ocr_line' id='line_1_37' title="bbox 551 3648 2129 3725; baseline -0.006 -13"><span class='ocrx_word' id='word_1_260' title='bbox 551 3667 633 3712; x_wconf 87' lang='lat' dir='ltr'><strong>est</strong></span> <span class='ocrx_word' id='word_1_261' title='bbox 676 3656 1056 3725; x_wconf 82' lang='lat' dir='ltr'><strong>tranquillitas.</strong></span> <span class='ocrx_word' id='word_1_262' title='bbox 1115 3655 1260 3710; x_wconf 76' lang='lat' dir='ltr'><strong>Dixit</strong></span> <span class='ocrx_word' id='word_1_263' title='bbox 1312 3664 1490 3708; x_wconf 87' lang='lat' dir='ltr'><strong>autem</strong></span> <span class='ocrx_word' id='word_1_264' title='bbox 1533 3652 1638 3706; x_wconf 88' lang='lat' dir='ltr'><strong>illis</strong></span> <span class='ocrx_word' id='word_1_265' title='bbox 1679 3666 1691 3704; x_wconf 90' lang='lat'>:</span> <span class='ocrx_word' id='word_1_266' title='bbox 1727 3649 1827 3706; x_wconf 91' lang='lat' dir='ltr'><strong>Ubi</strong></span> <span class='ocrx_word' id='word_1_267' title='bbox 1879 3660 1962 3704; x_wconf 72' lang='grc' dir='ltr'><strong>σει</strong></span> <span class='ocrx_word' id='word_1_268' title='bbox 1995 3648 2129 3702; x_wconf 83' lang='lat' dir='ltr'><strong>ﬁdes</strong></span> 
     </span>
    </p>
   </div>
   <div class='ocr_carea' id='block_1_37' title="bbox 559 3740 2130 3803">
    <p class='ocr_par' dir='ltr' id='par_1_37' title="bbox 559 3740 2130 3803">
     <span class='ocr_line' id='line_1_38' title="bbox 559 3740 2130 3803; baseline -0.005 -3"><span class='ocrx_word' id='word_1_269' title='bbox 559 3747 796 3802; x_wconf 84' lang='lat' dir='ltr'><strong>vestra?</strong></span> <span class='ocrx_word' id='word_1_270' title='bbox 858 3745 1134 3802; x_wconf 86' lang='lat' dir='ltr'><strong>Timentes</strong></span> <span class='ocrx_word' id='word_1_271' title='bbox 1183 3753 1363 3802; x_wconf 87' lang='lat' dir='ltr'><strong>autem</strong></span> <span class='ocrx_word' id='word_1_272' title='bbox 1439 3744 1614 3797; x_wconf 88' lang='lat' dir='ltr'><strong>mirati</strong></span> <span class='ocrx_word' id='word_1_273' title='bbox 1653 3753 1801 3796; x_wconf 82' lang='lat' dir='ltr'><strong>sunt&#39;</strong></span> <span class='ocrx_word' id='word_1_274' title='bbox 1847 3740 1990 3795; x_wconf 90' lang='lat' dir='ltr'><strong>inter</strong></span> <span class='ocrx_word' id='word_1_275' title='bbox 2048 3756 2130 3803; x_wconf 85' lang='lat' dir='ltr'><strong>se,</strong></span> 
     </span>
    </p>
   </div>
   <div class='ocr_carea' id='block_1_38' title="bbox 554 3833 2133 3906">
    <p class='ocr_par' dir='ltr' id='par_1_38' title="bbox 554 3833 2133 3906">
     <span class='ocr_line' id='line_1_39' title="bbox 554 3833 2133 3906; baseline -0.006 -14"><span class='ocrx_word' id='word_1_276' title='bbox 554 3842 791 3892; x_wconf 79' lang='lat' dir='ltr'><strong>dicentes</strong></span> <span class='ocrx_word' id='word_1_277' title='bbox 827 3857 838 3890; x_wconf 91' lang='lat'><strong>:</strong></span> <span class='ocrx_word' id='word_1_278' title='bbox 871 3837 1002 3903; x_wconf 82' lang='lat' dir='ltr'><strong>Quis</strong></span> <span class='ocrx_word' id='word_1_279' title='bbox 1042 3847 1199 3906; x_wconf 75' lang='lat' dir='ltr'><strong>putas</strong></span> <span class='ocrx_word' id='word_1_280' title='bbox 1235 3835 1324 3890; x_wconf 92' lang='lat' dir='ltr'><strong>hic</strong></span> <span class='ocrx_word' id='word_1_281' title='bbox 1362 3845 1467 3898; x_wconf 83' lang='lat' dir='ltr'><strong>est,</strong></span> <span class='ocrx_word' id='word_1_282' title='bbox 1498 3834 1621 3900; x_wconf 85' lang='lat' dir='ltr'><strong>quia</strong></span> <span class='ocrx_word' id='word_1_283' title='bbox 1675 3833 1849 3884; x_wconf 77' lang='lat' dir='ltr'><strong>ventis</strong></span> <span class='ocrx_word' id='word_1_284' title='bbox 1916 3844 2133 3898; x_wconf 85' lang='lat' dir='ltr'><strong>quoque</strong></span> 
     </span>
    </p>
   </div>
   <div class='ocr_carea' id='block_1_39' title="bbox 551 3922 2133 4000">
    <p class='ocr_par' dir='ltr' id='par_1_39' title="bbox 551 3922 2133 4000">
     <span class='ocr_line' id='line_1_40' title="bbox 551 3922 2133 4000; baseline -0.01 -13"><span class='ocrx_word' id='word_1_285' title='bbox 551 3941 606 3987; x_wconf 88' lang='lat' dir='ltr'><strong>et</strong></span> <span class='ocrx_word' id='word_1_286' title='bbox 633 3946 787 4000; x_wconf 75' lang='lat' dir='ltr'><strong>aqua:</strong></span> <span class='ocrx_word' id='word_1_287' title='bbox 840 3932 1088 3998; x_wconf 83' lang='lat' dir='ltr'><strong>imperat,</strong></span> <span class='ocrx_word' id='word_1_288' title='bbox 1122 3927 1354 3998; x_wconf 55' lang='lat'><strong>£4327</strong></span> <span class='ocrx_word' id='word_1_289' title='bbox 1385 3924 1756 3982; x_wconf 86' lang='lat' dir='ltr'><strong>obediuntei?</strong></span> <span class='ocrx_word' id='word_1_290' title='bbox 1795 3939 1814 3972; x_wconf 72' lang='grc' dir='ltr'><strong>ι</strong></span> <span class='ocrx_word' id='word_1_291' title='bbox 1861 3922 2133 3976; x_wconf 80' lang='lat' dir='ltr'><strong>Exercens</strong></span> 
     </span>
    </p>
   </div>
   <div class='ocr_carea' id='block_1_40' title="bbox 553 4014 2134 4092">
    <p class='ocr_par' dir='ltr' id='par_1_40' title="bbox 553 4014 2134 4092">
     <span class='ocr_line' id='line_1_41' title="bbox 553 4014 2134 4092; baseline -0.009 -15"><span class='ocrx_word' id='word_1_292' title='bbox 553 4023 845 4092; x_wconf 76' lang='lat' dir='ltr'><strong>discipulos</strong></span> <span class='ocrx_word' id='word_1_293' title='bbox 906 4020 1189 4084; x_wconf 66' lang='lat' dir='ltr'><strong>Dominus,</strong></span> <span class='ocrx_word' id='word_1_294' title='bbox 1251 4033 1548 4086; x_wconf 87' lang='lat' dir='ltr'><strong>eorumque</strong></span> <span class='ocrx_word' id='word_1_295' title='bbox 1610 4017 1770 4070; x_wconf 80' lang='lat' dir='ltr'><strong>fidem</strong></span> <span class='ocrx_word' id='word_1_296' title='bbox 1821 4014 2134 4068; x_wconf 78' lang='lat' dir='ltr'><strong>examinans</strong></span> 
     </span>
    </p>
   </div>
   <div class='ocr_carea' id='block_1_41' title="bbox 555 4102 2136 4178">
    <p class='ocr_par' dir='ltr' id='par_1_41' title="bbox 555 4102 2136 4178">
     <span class='ocr_line' id='line_1_42' title="bbox 555 4102 2136 4178; baseline -0.008 -12"><span class='ocrx_word' id='word_1_297' title='bbox 555 4130 681 4167; x_wconf 85' lang='lat' dir='ltr'><strong>num</strong></span> <span class='ocrx_word' id='word_1_298' title='bbox 705 4115 757 4166; x_wconf 89' lang='lat' dir='ltr'><strong>in</strong></span> <span class='ocrx_word' id='word_1_299' title='bbox 779 4111 1159 4166; x_wconf 89' lang='lat' dir='ltr'><strong>tentatiouibus</strong></span> <span class='ocrx_word' id='word_1_300' title='bbox 1180 4110 1292 4164; x_wconf 88' lang='lat' dir='ltr'><strong>suis</strong></span> <span class='ocrx_word' id='word_1_301' title='bbox 1323 4108 1672 4178; x_wconf 85' lang='lat' dir='ltr'><strong>imperterriti</strong></span> <span class='ocrx_word' id='word_1_302' title='bbox 1696 4108 1804 4160; x_wconf 89' lang='lat' dir='ltr'><strong>sint</strong></span> <span class='ocrx_word' id='word_1_303' title='bbox 1833 4121 1845 4156; x_wconf 87' lang='lat'><strong>:</strong></span> <span class='ocrx_word' id='word_1_304' title='bbox 1874 4102 2136 4173; x_wconf 76' lang='lat' dir='ltr'><strong>singulari</strong></span> 
     </span>
    </p>
   </div>
   <div class='ocr_carea' id='block_1_42' title="bbox 555 4198 2133 4278">
    <p class='ocr_par' dir='ltr' id='par_1_42' title="bbox 555 4198 2133 4278">
     <span class='ocr_line' id='line_1_43' title="bbox 555 4198 2133 4278; baseline -0.007 -18"><span class='ocrx_word' id='word_1_305' title='bbox 555 4208 786 4278; x_wconf 80' lang='lat' dir='ltr'><strong>quadam</strong></span> <span class='ocrx_word' id='word_1_306' title='bbox 837 4205 1239 4276; x_wconf 83' lang='lat' dir='ltr'><strong>dispensatione</strong></span> <span class='ocrx_word' id='word_1_307' title='bbox 1295 4203 1524 4265; x_wconf 80' lang='lat' dir='ltr'><strong>dormit,</strong></span> <span class='ocrx_word' id='word_1_308' title='bbox 1579 4201 1864 4268; x_wconf 84' lang='lat' dir='ltr'><strong>arguitquc</strong></span> <span class='ocrx_word' id='word_1_309' title='bbox 1923 4198 2133 4252; x_wconf 88' lang='lat' dir='ltr'><strong>illorum</strong></span> 
     </span>
    </p>
   </div>
   <div class='ocr_carea' id='block_1_43' title="bbox 558 4290 2134 4362">
    <p class='ocr_par' dir='ltr' id='par_1_43' title="bbox 558 4290 2134 4362">
     <span class='ocr_line' id='line_1_44' title="bbox 558 4290 2134 4362; baseline -0.008 -9"><span class='ocrx_word' id='word_1_310' title='bbox 558 4300 948 4353; x_wconf 82' lang='lat' dir='ltr'><strong>infirmitatem.</strong></span> <span class='ocrx_word' id='word_1_311' title='bbox 997 4298 1110 4352; x_wconf 79' lang='lat' dir='ltr'><strong>Non</strong></span> <span class='ocrx_word' id='word_1_312' title='bbox 1167 4299 1308 4351; x_wconf 87' lang='lat' dir='ltr'><strong>enim</strong></span> <span class='ocrx_word' id='word_1_313' title='bbox 1342 4293 1633 4362; x_wconf 83' lang='lat' dir='ltr'><strong>perfectam</strong></span> <span class='ocrx_word' id='word_1_314' title='bbox 1686 4291 1865 4356; x_wconf 85' lang='lat' dir='ltr'><strong>fidem,</strong></span> <span class='ocrx_word' id='word_1_315' title='bbox 1892 4291 1984 4343; x_wconf 86' lang='lat' dir='ltr'><strong>sed</strong></span> <span class='ocrx_word' id='word_1_316' title='bbox 2019 4290 2134 4342; x_wconf 58' lang='lat' dir='ltr'><strong>inti:</strong></span> 
     </span>
    </p>
   </div>
   <div class='ocr_carea' id='block_1_44' title="bbox 559 4381 2134 4459">
    <p class='ocr_par' dir='ltr' id='par_1_44' title="bbox 559 4381 2134 4459">
     <span class='ocr_line' id='line_1_45' title="bbox 559 4381 2134 4459; baseline -0.007 -15"><span class='ocrx_word' id='word_1_317' title='bbox 559 4396 778 4447; x_wconf 83' lang='lat' dir='ltr'><strong>detitate</strong></span> <span class='ocrx_word' id='word_1_318' title='bbox 835 4392 1048 4445; x_wconf 90' lang='lat' dir='ltr'><strong>mistam</strong></span> <span class='ocrx_word' id='word_1_319' title='bbox 1110 4404 1220 4459; x_wconf 61' lang='lat' dir='ltr'><strong>prae</strong></span> <span class='ocrx_word' id='word_1_320' title='bbox 1284 4401 1342 4441; x_wconf 89' lang='lat' dir='ltr'><strong>se</strong></span> <span class='ocrx_word' id='word_1_321' title='bbox 1393 4383 1657 4439; x_wconf 84' lang='lat' dir='ltr'><strong>ferebant.</strong></span> <span class='ocrx_word' id='word_1_322' title='bbox 1707 4383 1944 4437; x_wconf 85' lang='lat' dir='ltr'><strong>Credunt</strong></span> <span class='ocrx_word' id='word_1_323' title='bbox 1993 4381 2134 4436; x_wconf 89' lang='lat' dir='ltr'><strong>enim</strong></span> 
     </span>
    </p>
   </div>
   <div class='ocr_carea' id='block_1_45' title="bbox 559 4472 2135 4554">
    <p class='ocr_par' dir='ltr' id='par_1_45' title="bbox 559 4472 2135 4554">
     <span class='ocr_line' id='line_1_46' title="bbox 559 4472 2135 4554; baseline -0.008 -18"><span class='ocrx_word' id='word_1_324' title='bbox 559 4487 699 4554; x_wconf 77' lang='lat' dir='ltr'><strong>quod</strong></span> <span class='ocrx_word' id='word_1_325' title='bbox 735 4483 943 4538; x_wconf 85' lang='lat' dir='ltr'><strong>salvare</strong></span> <span class='ocrx_word' id='word_1_326' title='bbox 974 4481 1168 4550; x_wconf 84' lang='lat' dir='ltr'><strong>possit,</strong></span> <span class='ocrx_word' id='word_1_327' title='bbox 1200 4492 1384 4532; x_wconf 86' lang='lat' dir='ltr'><strong>verum</strong></span> <span class='ocrx_word' id='word_1_328' title='bbox 1417 4487 1474 4530; x_wconf 91' lang='lat' dir='ltr'><strong>ut</strong></span> <span class='ocrx_word' id='word_1_329' title='bbox 1527 4472 1896 4545; x_wconf 74' lang='lat' dir='ltr'><strong>pusillanimes</strong></span> <span class='ocrx_word' id='word_1_330' title='bbox 1930 4473 2135 4535; x_wconf 88' lang='lat' dir='ltr'><strong>dicunt,</strong></span> 
     </span>
    </p>
   </div>
   <div class='ocr_carea' id='block_1_46' title="bbox 2226 592 3800 664">
    <p class='ocr_par' dir='ltr' id='par_1_46' title="bbox 2226 592 3800 664">
     <span class='ocr_line' id='line_1_47' title="bbox 2226 592 3800 664; baseline -0.003 -16"><span class='ocrx_word' id='word_1_331' title='bbox 2226 594 2422 660; x_wconf 84' lang='grc' dir='ltr'>αὑτοῦ,</span> <span class='ocrx_word' id='word_1_332' title='bbox 2454 595 2616 656; x_wconf 73' lang='grc' dir='ltr'>αὐτὸς</span> <span class='ocrx_word' id='word_1_333' title='bbox 2649 596 2710 647; x_wconf 79' lang='grc' dir='ltr'><strong>οὐ</strong></span> <span class='ocrx_word' id='word_1_334' title='bbox 2762 593 3058 664; x_wconf 82' lang='grc' dir='ltr'>περικλεῐει</span> <span class='ocrx_word' id='word_1_335' title='bbox 3093 594 3148 645; x_wconf 83' lang='grc' dir='ltr'><strong>ἐν</strong></span> <span class='ocrx_word' id='word_1_336' title='bbox 3193 593 3394 660; x_wconf 77' lang='grc' dir='ltr'><strong>ὀλίγοις</strong></span> <span class='ocrx_word' id='word_1_337' title='bbox 3430 592 3529 662; x_wconf 79' lang='grc' dir='ltr'>τὴν</span> <span class='ocrx_word' id='word_1_338' title='bbox 3574 592 3800 660; x_wconf 61' lang='grc' dir='ltr'>άδελφζιο</span> 
     </span>
    </p>
   </div>
   <div class='ocr_carea' id='block_1_47' title="bbox 2225 684 3801 760">
    <p class='ocr_par' dir='ltr' id='par_1_47' title="bbox 2225 684 3801 760">
     <span class='ocr_line' id='line_1_48' title="bbox 2225 684 3801 760; baseline -0.005 -17"><span class='ocrx_word' id='word_1_339' title='bbox 2225 705 2381 760; x_wconf 82' lang='grc' dir='ltr'>τητα,</span> <span class='ocrx_word' id='word_1_340' title='bbox 2417 685 2540 740; x_wconf 77' lang='grc' dir='ltr'>οὐδὲ</span> <span class='ocrx_word' id='word_1_341' title='bbox 2585 687 2714 749; x_wconf 79' lang='grc' dir='ltr'>τοὺς</span> <span class='ocrx_word' id='word_1_342' title='bbox 2751 686 2842 739; x_wconf 88' lang='grc' dir='ltr'><strong>τοῦ</strong></span> <span class='ocrx_word' id='word_1_343' title='bbox 2872 685 3071 756; x_wconf 79' lang='grc' dir='ltr'>Ἰωσὴφ</span> <span class='ocrx_word' id='word_1_344' title='bbox 3122 685 3314 749; x_wconf 82' lang='grc' dir='ltr'>παῖδας</span> <span class='ocrx_word' id='word_1_345' title='bbox 3361 684 3612 751; x_wconf 77' lang='grc' dir='ltr'>καταξιοί</span> <span class='ocrx_word' id='word_1_346' title='bbox 3643 685 3801 737; x_wconf 72' lang='grc' dir='ltr'>ἀδελ-</span> 
     </span>
    </p>
   </div>
   <div class='ocr_carea' id='block_1_48' title="bbox 2226 781 3799 856">
    <p class='ocr_par' dir='ltr' id='par_1_48' title="bbox 2226 781 3799 856">
     <span class='ocr_line' id='line_1_49' title="bbox 2226 781 3799 856; baseline -0.006 -16"><span class='ocrx_word' id='word_1_347' title='bbox 2226 788 2359 853; x_wconf 85' lang='grc' dir='ltr'>φοὺς</span> <span class='ocrx_word' id='word_1_348' title='bbox 2409 785 2602 856; x_wconf 82' lang='grc' dir='ltr'><strong>μόνους</strong></span> <span class='ocrx_word' id='word_1_349' title='bbox 2645 784 2811 855; x_wconf 76' lang='grc' dir='ltr'>ἔχειν,</span> <span class='ocrx_word' id='word_1_350' title='bbox 2861 785 2974 837; x_wconf 80' lang='grc' dir='ltr'><strong>ἀλλ’</strong></span> <span class='ocrx_word' id='word_1_351' title='bbox 3017 784 3140 836; x_wconf 75' lang='grc' dir='ltr'>ἐπεὶ</span> <span class='ocrx_word' id='word_1_352' title='bbox 3185 783 3275 836; x_wconf 76' lang='grc' dir='ltr'><strong>τὸν</strong></span> <span class='ocrx_word' id='word_1_353' title='bbox 3329 783 3535 852; x_wconf 79' lang='grc' dir='ltr'>κόσμον</span> <span class='ocrx_word' id='word_1_354' title='bbox 3584 781 3799 834; x_wconf 69' lang='grc' dir='ltr'>ἅπαντα</span> 
     </span>
    </p>
   </div>
   <div class='ocr_carea' id='block_1_49' title="bbox 2223 871 3796 949">
    <p class='ocr_par' dir='ltr' id='par_1_49' title="bbox 2223 871 3796 949">
     <span class='ocr_line' id='line_1_50' title="bbox 2223 871 3796 949; baseline -0.004 -19"><span class='ocrx_word' id='word_1_355' title='bbox 2223 873 2354 949; x_wconf 79' lang='grc' dir='ltr'>ἦλθε</span> <span class='ocrx_word' id='word_1_356' title='bbox 2423 877 2629 941; x_wconf 84' lang='grc' dir='ltr'>σῶσαι,</span> <span class='ocrx_word' id='word_1_357' title='bbox 2699 876 2792 929; x_wconf 75' lang='grc' dir='ltr'><strong>καὶ</strong></span> <span class='ocrx_word' id='word_1_358' title='bbox 2842 877 3047 938; x_wconf 80' lang='grc' dir='ltr'><strong>πάντας</strong></span> <span class='ocrx_word' id='word_1_359' title='bbox 3105 874 3366 943; x_wconf 50' lang='lat' dir='ltr'><strong>saeuos;</strong></span> <span class='ocrx_word' id='word_1_360' title='bbox 3440 871 3796 941; x_wconf 81' lang='grc' dir='ltr'>ποιήσασθαι,</span> 
     </span>
    </p>
   </div>
   <div class='ocr_carea' id='block_1_50' title="bbox 2225 964 3803 1040">
    <p class='ocr_par' dir='ltr' id='par_1_50' title="bbox 2225 964 3803 1040">
     <span class='ocr_line' id='line_1_51' title="bbox 2225 964 3803 1040; baseline -0.005 -17"><span class='ocrx_word' id='word_1_361' title='bbox 2225 968 2358 1040; x_wconf 79' lang='grc' dir='ltr'>φησί</span> <span class='ocrx_word' id='word_1_362' title='bbox 2379 985 2392 1001; x_wconf 88' lang='grc'><strong>·</strong></span> <span class='ocrx_word' id='word_1_363' title='bbox 2422 969 2622 1038; x_wconf 78' lang='grc' dir='ltr'>Μήτηρ</span> <span class='ocrx_word' id='word_1_364' title='bbox 2653 984 2756 1037; x_wconf 88' lang='grc' dir='ltr'><strong>μου</strong></span> <span class='ocrx_word' id='word_1_365' title='bbox 2791 969 2883 1020; x_wconf 76' lang='grc' dir='ltr'><strong>καὶ</strong></span> <span class='ocrx_word' id='word_1_366' title='bbox 2911 967 3128 1034; x_wconf 61' lang='grc' dir='ltr'>ἀδελφοί</span> <span class='ocrx_word' id='word_1_367' title='bbox 3161 984 3262 1036; x_wconf 87' lang='grc' dir='ltr'><strong>μου</strong></span> <span class='ocrx_word' id='word_1_368' title='bbox 3289 968 3426 1017; x_wconf 70' lang='grc' dir='ltr'>εἰσιν</span> <span class='ocrx_word' id='word_1_369' title='bbox 3451 965 3500 1016; x_wconf 82' lang='grc' dir='ltr'>οἱ</span> <span class='ocrx_word' id='word_1_370' title='bbox 3531 964 3621 1017; x_wconf 78' lang='grc' dir='ltr'><strong>τὸν</strong></span> <span class='ocrx_word' id='word_1_371' title='bbox 3647 965 3803 1031; x_wconf 79' lang='grc' dir='ltr'>λόγον</span> 
     </span>
    </p>
   </div>
   <div class='ocr_carea' id='block_1_51' title="bbox 2225 1057 3801 1131">
    <p class='ocr_par' dir='ltr' id='par_1_51' title="bbox 2225 1057 3801 1131">
     <span class='ocr_line' id='line_1_52' title="bbox 2225 1057 3801 1131; baseline -0.004 -17"><span class='ocrx_word' id='word_1_372' title='bbox 2225 1061 2318 1114; x_wconf 88' lang='grc' dir='ltr'><strong>τοῦ</strong></span> <span class='ocrx_word' id='word_1_373' title='bbox 2357 1061 2493 1114; x_wconf 84' lang='grc' dir='ltr'><strong>Θεοῦ</strong></span> <span class='ocrx_word' id='word_1_374' title='bbox 2522 1060 2834 1124; x_wconf 85' lang='grc' dir='ltr'>ἀκούοντες.</span> <span class='ocrx_word' id='word_1_375' title='bbox 2878 1057 3010 1114; x_wconf 81' lang='grc' dir='ltr'>Εἶτα</span> <span class='ocrx_word' id='word_1_376' title='bbox 3046 1059 3234 1131; x_wconf 82' lang='grc' dir='ltr'>ἐπειδὴ</span> <span class='ocrx_word' id='word_1_377' title='bbox 3268 1060 3330 1112; x_wconf 68' lang='grc' dir='ltr'>τὸ</span> <span class='ocrx_word' id='word_1_378' title='bbox 3379 1058 3601 1111; x_wconf 84' lang='grc' dir='ltr'>ἀκούειν</span> <span class='ocrx_word' id='word_1_379' title='bbox 3649 1057 3801 1127; x_wconf 69' lang='grc' dir='ltr'>ψιλὸν</span> 
     </span>
    </p>
   </div>
   <div class='ocr_carea' id='block_1_52' title="bbox 2225 1152 3802 1224">
    <p class='ocr_par' dir='ltr' id='par_1_52' title="bbox 2225 1152 3802 1224">
     <span class='ocr_line' id='line_1_53' title="bbox 2225 1152 3802 1224; baseline -0.003 -18"><span class='ocrx_word' id='word_1_380' title='bbox 2225 1155 2412 1207; x_wconf 82' lang='grc' dir='ltr'><strong>οὐδένα</strong></span> <span class='ocrx_word' id='word_1_381' title='bbox 2462 1153 2649 1218; x_wconf 75' lang='grc' dir='ltr'>σώζει,</span> <span class='ocrx_word' id='word_1_382' title='bbox 2681 1157 2727 1206; x_wconf 79' lang='grc' dir='ltr'><strong>εί</strong></span> <span class='ocrx_word' id='word_1_383' title='bbox 2761 1155 2836 1224; x_wconf 78' lang='grc' dir='ltr'>μὴ</span> <span class='ocrx_word' id='word_1_384' title='bbox 2877 1153 3080 1223; x_wconf 74' lang='grc' dir='ltr'>μᾶλλον</span> <span class='ocrx_word' id='word_1_385' title='bbox 3119 1154 3215 1205; x_wconf 79' lang='grc' dir='ltr'>καὶ</span> <span class='ocrx_word' id='word_1_386' title='bbox 3252 1152 3595 1221; x_wconf 84' lang='grc' dir='ltr'>κατακρίνει,</span> <span class='ocrx_word' id='word_1_387' title='bbox 3645 1153 3802 1221; x_wconf 58' lang='grc' dir='ltr'>φησὲ,</span> 
     </span>
    </p>
   </div>
   <div class='ocr_carea' id='block_1_53' title="bbox 2226 1245 3800 1317">
    <p class='ocr_par' dir='ltr' id='par_1_53' title="bbox 2226 1245 3800 1317">
     <span class='ocr_line' id='line_1_54' title="bbox 2226 1245 3800 1317; baseline 0 -19"><span class='ocrx_word' id='word_1_388' title='bbox 2226 1248 2317 1300; x_wconf 70' lang='grc' dir='ltr'><strong>καὶ</strong></span> <span class='ocrx_word' id='word_1_389' title='bbox 2348 1248 2649 1310; x_wconf 86' lang='grc' dir='ltr'>ποιοῦντες.</span> <span class='ocrx_word' id='word_1_390' title='bbox 2678 1249 2770 1300; x_wconf 87' lang='grc' dir='ltr'><strong>Δεῖ</strong></span> <span class='ocrx_word' id='word_1_391' title='bbox 2795 1251 2901 1316; x_wconf 76' lang='grc' dir='ltr'>γὰρ</span> <span class='ocrx_word' id='word_1_392' title='bbox 2930 1248 3066 1317; x_wconf 85' lang='grc' dir='ltr'><strong>μετά</strong></span> <span class='ocrx_word' id='word_1_393' title='bbox 3090 1246 3181 1298; x_wconf 79' lang='grc' dir='ltr'><strong>τοῦ</strong></span> <span class='ocrx_word' id='word_1_394' title='bbox 3214 1245 3454 1308; x_wconf 76' lang='grc' dir='ltr'><strong>ἀκούειν,</strong></span> <span class='ocrx_word' id='word_1_395' title='bbox 3489 1246 3581 1298; x_wconf 71' lang='grc' dir='ltr'><strong>καὶ</strong></span> <span class='ocrx_word' id='word_1_396' title='bbox 3606 1248 3800 1298; x_wconf 62' lang='grc' dir='ltr'>ποιεῖν.</span> 
     </span>
    </p>
   </div>
   <div class='ocr_carea' id='block_1_54' title="bbox 2229 1335 3806 1407">
    <p class='ocr_par' dir='ltr' id='par_1_54' title="bbox 2229 1335 3806 1407">
     <span class='ocr_line' id='line_1_55' title="bbox 2229 1335 3806 1407; baseline -0.002 -17"><span class='ocrx_word' id='word_1_397' title='bbox 2229 1338 2398 1406; x_wconf 78' lang='grc' dir='ltr'>Λόγον</span> <span class='ocrx_word' id='word_1_398' title='bbox 2436 1337 2495 1390; x_wconf 76' lang='grc' dir='ltr'><strong>δὲ</strong></span> <span class='ocrx_word' id='word_1_399' title='bbox 2536 1339 2672 1390; x_wconf 88' lang='grc' dir='ltr'>Θεοῦ</span> <span class='ocrx_word' id='word_1_400' title='bbox 2730 1337 2828 1407; x_wconf 81' lang='grc' dir='ltr'><strong>τὴν</strong></span> <span class='ocrx_word' id='word_1_401' title='bbox 2871 1337 3075 1389; x_wconf 84' lang='grc' dir='ltr'>οἰκείαν</span> <span class='ocrx_word' id='word_1_402' title='bbox 3105 1335 3451 1388; x_wconf 78' lang='grc' dir='ltr'><strong>διδασκαλίαν</strong></span> <span class='ocrx_word' id='word_1_403' title='bbox 3486 1336 3670 1402; x_wconf 80' lang='grc' dir='ltr'>λέγει’</span> <span class='ocrx_word' id='word_1_404' title='bbox 3705 1336 3806 1387; x_wconf 77' lang='grc' dir='ltr'>ὅσα</span> 
     </span>
    </p>
   </div>
   <div class='ocr_carea' id='block_1_55' title="bbox 2228 1421 3806 1497">
    <p class='ocr_par' dir='ltr' id='par_1_55' title="bbox 2228 1421 3806 1497">
     <span class='ocr_line' id='line_1_56' title="bbox 2228 1421 3806 1497; baseline 0 -21"><span class='ocrx_word' id='word_1_405' title='bbox 2228 1427 2335 1495; x_wconf 69' lang='grc' dir='ltr'><strong>γὰρ</strong></span> <span class='ocrx_word' id='word_1_406' title='bbox 2360 1428 2521 1491; x_wconf 66' lang='grc' dir='ltr'>αὐτὸς</span> <span class='ocrx_word' id='word_1_407' title='bbox 2549 1427 2724 1494; x_wconf 77' lang='grc' dir='ltr'>ἔλεγε,</span> <span class='ocrx_word' id='word_1_408' title='bbox 2751 1425 2845 1479; x_wconf 86' lang='grc' dir='ltr'><strong>τοῦ</strong></span> <span class='ocrx_word' id='word_1_409' title='bbox 2880 1427 3091 1496; x_wconf 56' lang='lat' dir='ltr'><strong>lla-rgo;</strong></span> <span class='ocrx_word' id='word_1_410' title='bbox 3118 1426 3284 1478; x_wconf 84' lang='grc' dir='ltr'>αὐτοῦ</span> <span class='ocrx_word' id='word_1_411' title='bbox 3315 1422 3473 1497; x_wconf 81' lang='grc' dir='ltr'>ἦσαν.</span> <span class='ocrx_word' id='word_1_412' title='bbox 3505 1428 3578 1478; x_wconf 84' lang='grc' dir='ltr'><strong>Οὺ</strong></span> <span class='ocrx_word' id='word_1_413' title='bbox 3606 1428 3716 1496; x_wconf 75' lang='grc' dir='ltr'><strong>γάρ</strong></span> <span class='ocrx_word' id='word_1_414' title='bbox 3736 1421 3806 1497; x_wconf 76' lang='grc' dir='ltr'>ἦν</span> 
     </span>
    </p>
   </div>
   <div class='ocr_carea' id='block_1_56' title="bbox 2226 1515 3804 1590">
    <p class='ocr_par' dir='ltr' id='par_1_56' title="bbox 2226 1515 3804 1590">
     <span class='ocr_line' id='line_1_57' title="bbox 2226 1515 3804 1590; baseline 0.003 -21"><span class='ocrx_word' id='word_1_415' title='bbox 2226 1518 2471 1581; x_wconf 79' lang='grc' dir='ltr'>ἀντίθεος</span> <span class='ocrx_word' id='word_1_416' title='bbox 2498 1518 2639 1572; x_wconf 82' lang='grc' dir='ltr'>ὥστε</span> <span class='ocrx_word' id='word_1_417' title='bbox 2669 1519 2706 1574; x_wconf 78' lang='grc' dir='ltr'>ἃ.</span> <span class='ocrx_word' id='word_1_418' title='bbox 2735 1519 2884 1587; x_wconf 79' lang='grc' dir='ltr'>λέγει</span> <span class='ocrx_word' id='word_1_419' title='bbox 2916 1519 2992 1590; x_wconf 83' lang='grc' dir='ltr'>μὴ</span> <span class='ocrx_word' id='word_1_420' title='bbox 3031 1515 3169 1573; x_wconf 84' lang='grc' dir='ltr'>εἶναι</span> <span class='ocrx_word' id='word_1_421' title='bbox 3216 1520 3307 1572; x_wconf 84' lang='grc' dir='ltr'><strong>τοῦ</strong></span> <span class='ocrx_word' id='word_1_422' title='bbox 3353 1519 3511 1574; x_wconf 83' lang='grc' dir='ltr'>Θεοῦ.</span> <span class='ocrx_word' id='word_1_423' title='bbox 3548 1519 3706 1582; x_wconf 82' lang='grc' dir='ltr'>Τινὲς</span> <span class='ocrx_word' id='word_1_424' title='bbox 3745 1520 3804 1573; x_wconf 74' lang='grc' dir='ltr'>δὲ</span> 
     </span>
    </p>
   </div>
   <div class='ocr_carea' id='block_1_57' title="bbox 2226 1611 3806 1681">
    <p class='ocr_par' dir='ltr' id='par_1_57' title="bbox 2226 1611 3806 1681">
     <span class='ocr_line' id='line_1_58' title="bbox 2226 1611 3806 1681; baseline 0.001 -19"><span class='ocrx_word' id='word_1_425' title='bbox 2226 1611 2284 1662; x_wconf 75' lang='grc' dir='ltr'><strong>τὸ</strong></span> <span class='ocrx_word' id='word_1_426' title='bbox 2321 1612 2522 1680; x_wconf 81' lang='grc' dir='ltr'>χωρίον</span> <span class='ocrx_word' id='word_1_427' title='bbox 2547 1611 2706 1664; x_wconf 85' lang='grc' dir='ltr'>τοῦτο</span> <span class='ocrx_word' id='word_1_428' title='bbox 2738 1614 2879 1665; x_wconf 74' lang='grc' dir='ltr'>οὕτω</span> <span class='ocrx_word' id='word_1_429' title='bbox 2913 1612 3126 1666; x_wconf 82' lang='grc' dir='ltr'>νοοῦσιν</span> <span class='ocrx_word' id='word_1_430' title='bbox 3149 1654 3163 1677; x_wconf 94' lang='grc'><strong>,</strong></span> <span class='ocrx_word' id='word_1_431' title='bbox 3215 1614 3297 1667; x_wconf 75' lang='grc' dir='ltr'><strong>ὅτι</strong></span> <span class='ocrx_word' id='word_1_432' title='bbox 3332 1612 3424 1665; x_wconf 77' lang='grc' dir='ltr'><strong>τοῦ</strong></span> <span class='ocrx_word' id='word_1_433' title='bbox 3461 1613 3703 1681; x_wconf 76' lang='grc' dir='ltr'>Χριστοῦ</span> <span class='ocrx_word' id='word_1_434' title='bbox 3734 1612 3806 1665; x_wconf 82' lang='grc' dir='ltr'>δι·</span> 
     </span>
    </p>
   </div>
   <div class='ocr_carea' id='block_1_58' title="bbox 2225 1702 3808 1774">
    <p class='ocr_par' dir='ltr' id='par_1_58' title="bbox 2225 1702 3808 1774">
     <span class='ocr_line' id='line_1_59' title="bbox 2225 1702 3808 1774; baseline -0.001 -18"><span class='ocrx_word' id='word_1_435' title='bbox 2225 1703 2516 1766; x_wconf 73' lang='grc' dir='ltr'>ὃάσκοντος</span> <span class='ocrx_word' id='word_1_436' title='bbox 2551 1705 2645 1756; x_wconf 79' lang='grc' dir='ltr'><strong>καὶ</strong></span> <span class='ocrx_word' id='word_1_437' title='bbox 2684 1702 3097 1773; x_wconf 78' lang='grc' dir='ltr'>εὐδοκιμοῦντος</span> <span class='ocrx_word' id='word_1_438' title='bbox 3127 1705 3217 1756; x_wconf 77' lang='grc' dir='ltr'><strong>ἐπὶ</strong></span> <span class='ocrx_word' id='word_1_439' title='bbox 3249 1705 3313 1773; x_wconf 81' lang='grc' dir='ltr'>τῇ</span> <span class='ocrx_word' id='word_1_440' title='bbox 3354 1703 3693 1774; x_wconf 69' lang='grc' dir='ltr'>διδασκαλίᾳ.</span> <span class='ocrx_word' id='word_1_441' title='bbox 3725 1720 3808 1755; x_wconf 83' lang='grc' dir='ltr'>τι·</span> 
     </span>
    </p>
   </div>
   <div class='ocr_carea' id='block_1_59' title="bbox 2227 1794 3803 1868">
    <p class='ocr_par' dir='ltr' id='par_1_59' title="bbox 2227 1794 3803 1868">
     <span class='ocr_line' id='line_1_60' title="bbox 2227 1794 3803 1868; baseline -0.003 -18"><span class='ocrx_word' id='word_1_442' title='bbox 2227 1799 2314 1862; x_wconf 82' lang='grc' dir='ltr'><strong>νές</strong></span> <span class='ocrx_word' id='word_1_443' title='bbox 2354 1797 2718 1868; x_wconf 78' lang='grc' dir='ltr'>φθονήσαντες</span> <span class='ocrx_word' id='word_1_444' title='bbox 2766 1799 2862 1850; x_wconf 77' lang='grc' dir='ltr'><strong>καὶ</strong></span> <span class='ocrx_word' id='word_1_445' title='bbox 2906 1794 3094 1866; x_wconf 80' lang='grc' dir='ltr'>ὥσπερ</span> <span class='ocrx_word' id='word_1_446' title='bbox 3138 1795 3565 1865; x_wconf 73' lang='grc' dir='ltr'>μυκτηρίζοντες</span> <span class='ocrx_word' id='word_1_447' title='bbox 3616 1795 3803 1856; x_wconf 74' lang='grc' dir='ltr'>αὑτὸν,</span> 
     </span>
    </p>
   </div>
   <div class='ocr_carea' id='block_1_60' title="bbox 2163 1885 3807 1959">
    <p class='ocr_par' dir='ltr' id='par_1_60' title="bbox 2163 1885 3807 1959">
     <span class='ocr_line' id='line_1_61' title="bbox 2163 1885 3807 1959; baseline 0.002 -22"><span class='ocrx_word' id='word_1_448' title='bbox 2163 1885 2202 1936; x_wconf 84' lang='grc' dir='ltr'><strong>Β</strong></span> <span class='ocrx_word' id='word_1_449' title='bbox 2231 1886 2382 1942; x_wconf 78' lang='grc' dir='ltr'>εἷπον</span> <span class='ocrx_word' id='word_1_450' title='bbox 2405 1906 2417 1919; x_wconf 88' lang='grc'><strong>·</strong></span> <span class='ocrx_word' id='word_1_451' title='bbox 2455 1889 2586 1942; x_wconf 71' lang='grc' dir='ltr'>Ἰδοὺ</span> <span class='ocrx_word' id='word_1_452' title='bbox 2620 1892 2650 1958; x_wconf 85' lang='grc' dir='ltr'>ἡ</span> <span class='ocrx_word' id='word_1_453' title='bbox 2683 1890 2865 1959; x_wconf 75' lang='grc' dir='ltr'>μήτηρ</span> <span class='ocrx_word' id='word_1_454' title='bbox 2894 1906 3008 1951; x_wconf 89' lang='grc' dir='ltr'>σου,</span> <span class='ocrx_word' id='word_1_455' title='bbox 3040 1890 3134 1942; x_wconf 69' lang='grc' dir='ltr'><strong>καὶ</strong></span> <span class='ocrx_word' id='word_1_456' title='bbox 3175 1891 3224 1940; x_wconf 78' lang='lat' dir='ltr'><strong>ot</strong></span> <span class='ocrx_word' id='word_1_457' title='bbox 3256 1887 3472 1956; x_wconf 74' lang='grc' dir='ltr'>ἀδελφοί</span> <span class='ocrx_word' id='word_1_458' title='bbox 3509 1905 3603 1940; x_wconf 84' lang='grc' dir='ltr'><strong>σου</strong></span> <span class='ocrx_word' id='word_1_459' title='bbox 3647 1889 3807 1956; x_wconf 69' lang='grc' dir='ltr'>ἐστή-</span> 
     </span>
    </p>
   </div>
   <div class='ocr_carea' id='block_1_61' title="bbox 2231 1980 3805 2051">
    <p class='ocr_par' dir='ltr' id='par_1_61' title="bbox 2231 1980 3805 2051">
     <span class='ocr_line' id='line_1_62' title="bbox 2231 1980 3805 2051; baseline -0.002 -15"><span class='ocrx_word' id='word_1_460' title='bbox 2231 2001 2392 2036; x_wconf 87' lang='grc' dir='ltr'>κασιν</span> <span class='ocrx_word' id='word_1_461' title='bbox 2423 1983 2549 2048; x_wconf 75' lang='grc' dir='ltr'>ἔξω,</span> <span class='ocrx_word' id='word_1_462' title='bbox 2569 1981 2695 2034; x_wconf 78' lang='grc' dir='ltr'>ἰδεῖν</span> <span class='ocrx_word' id='word_1_463' title='bbox 2725 1998 2782 2034; x_wconf 89' lang='grc' dir='ltr'><strong>σε</strong></span> <span class='ocrx_word' id='word_1_464' title='bbox 2803 1981 3072 2044; x_wconf 83' lang='grc' dir='ltr'>Θέλοντες.</span> <span class='ocrx_word' id='word_1_465' title='bbox 3115 1980 3267 2033; x_wconf 78' lang='grc' dir='ltr'>Ἐπεὶ</span> <span class='ocrx_word' id='word_1_466' title='bbox 3293 1981 3400 2051; x_wconf 82' lang='grc' dir='ltr'>γὰρ</span> <span class='ocrx_word' id='word_1_467' title='bbox 3424 1983 3457 2050; x_wconf 82' lang='grc' dir='ltr'>ὴ</span> <span class='ocrx_word' id='word_1_468' title='bbox 3492 1983 3676 2051; x_wconf 78' lang='grc' dir='ltr'>μήτηρ</span> <span class='ocrx_word' id='word_1_469' title='bbox 3705 1981 3805 2034; x_wconf 72' lang='grc' dir='ltr'><strong>αὖ·</strong></span> 
     </span>
    </p>
   </div>
   <div class='ocr_carea' id='block_1_62' title="bbox 2231 2070 3806 2143">
    <p class='ocr_par' dir='ltr' id='par_1_62' title="bbox 2231 2070 3806 2143">
     <span class='ocr_line' id='line_1_63' title="bbox 2231 2070 3806 2143; baseline -0.001 -16"><span class='ocrx_word' id='word_1_470' title='bbox 2231 2074 2321 2128; x_wconf 83' lang='grc' dir='ltr'><strong>τοῦ</strong></span> <span class='ocrx_word' id='word_1_471' title='bbox 2369 2075 2544 2127; x_wconf 85' lang='grc' dir='ltr'>ἐδόκει</span> <span class='ocrx_word' id='word_1_472' title='bbox 2597 2073 2824 2143; x_wconf 82' lang='grc' dir='ltr'>εὐτελὴς</span> <span class='ocrx_word' id='word_1_473' title='bbox 2870 2070 3031 2138; x_wconf 85' lang='grc' dir='ltr'>εἶναι,</span> <span class='ocrx_word' id='word_1_474' title='bbox 3093 2075 3188 2126; x_wconf 83' lang='grc' dir='ltr'>καὶ</span> <span class='ocrx_word' id='word_1_475' title='bbox 3245 2075 3293 2125; x_wconf 78' lang='grc' dir='ltr'>οἱ</span> <span class='ocrx_word' id='word_1_476' title='bbox 3360 2073 3581 2142; x_wconf 76' lang='grc' dir='ltr'>ἁδελφοὶ</span> <span class='ocrx_word' id='word_1_477' title='bbox 3638 2074 3806 2126; x_wconf 79' lang='grc' dir='ltr'>αὐτοῦ</span> 
     </span>
    </p>
   </div>
   <div class='ocr_carea' id='block_1_63' title="bbox 2229 2165 3807 2235">
    <p class='ocr_par' dir='ltr' id='par_1_63' title="bbox 2229 2165 3807 2235">
     <span class='ocr_line' id='line_1_64' title="bbox 2229 2165 3807 2235; baseline 0 -14"><span class='ocrx_word' id='word_1_478' title='bbox 2229 2170 2456 2235; x_wconf 76' lang='grc' dir='ltr'>ἀφανεῖς</span> <span class='ocrx_word' id='word_1_479' title='bbox 2499 2184 2662 2232; x_wconf 86' lang='grc' dir='ltr'>τινες,</span> <span class='ocrx_word' id='word_1_480' title='bbox 2711 2167 2787 2230; x_wconf 83' lang='grc' dir='ltr'>ὡς</span> <span class='ocrx_word' id='word_1_481' title='bbox 2816 2166 3062 2230; x_wconf 86' lang='grc' dir='ltr'>τέκτονος</span> <span class='ocrx_word' id='word_1_482' title='bbox 3093 2167 3220 2232; x_wconf 77' lang='grc' dir='ltr'>υἱοὶ,</span> <span class='ocrx_word' id='word_1_483' title='bbox 3247 2165 3437 2220; x_wconf 85' lang='grc' dir='ltr'>τούτου</span> <span class='ocrx_word' id='word_1_484' title='bbox 3473 2167 3660 2221; x_wconf 74' lang='grc' dir='ltr'>ἕνεκεν</span> <span class='ocrx_word' id='word_1_485' title='bbox 3685 2167 3807 2221; x_wconf 61' lang='lat' dir='ltr'><strong>6x1-</strong></span> 
     </span>
    </p>
   </div>
   <div class='ocr_carea' id='block_1_64' title="bbox 2230 2248 3810 2330">
    <p class='ocr_par' dir='ltr' id='par_1_64' title="bbox 2230 2248 3810 2330">
     <span class='ocr_line' id='line_1_65' title="bbox 2230 2248 3810 2330; baseline 0 -18"><span class='ocrx_word' id='word_1_486' title='bbox 2230 2262 2480 2329; x_wconf 75' lang='grc' dir='ltr'>σύροντες</span> <span class='ocrx_word' id='word_1_487' title='bbox 2507 2259 2670 2311; x_wconf 70' lang='grc' dir='ltr'>αὐτον</span> <span class='ocrx_word' id='word_1_488' title='bbox 2697 2259 2769 2322; x_wconf 82' lang='grc' dir='ltr'>ὡς</span> <span class='ocrx_word' id='word_1_489' title='bbox 2804 2259 3058 2328; x_wconf 85' lang='grc' dir='ltr'>δυσγενῆ.</span> <span class='ocrx_word' id='word_1_490' title='bbox 3092 2259 3190 2330; x_wconf 74' lang='grc' dir='ltr'>τὴν</span> <span class='ocrx_word' id='word_1_491' title='bbox 3225 2259 3436 2330; x_wconf 85' lang='grc' dir='ltr'>μητέρα</span> <span class='ocrx_word' id='word_1_492' title='bbox 3485 2248 3654 2315; x_wconf 77' lang='grc' dir='ltr'>αὐτοῦ</span> <span class='ocrx_word' id='word_1_493' title='bbox 3713 2264 3810 2314; x_wconf 71' lang='grc' dir='ltr'><strong>καὶ</strong></span> 
     </span>
    </p>
   </div>
   <div class='ocr_carea' id='block_1_65' title="bbox 2226 2350 3811 2425">
    <p class='ocr_par' dir='ltr' id='par_1_65' title="bbox 2226 2350 3811 2425">
     <span class='ocr_line' id='line_1_66' title="bbox 2226 2350 3811 2425; baseline 0.001 -22"><span class='ocrx_word' id='word_1_494' title='bbox 2226 2351 2352 2413; x_wconf 83' lang='grc' dir='ltr'>τοὺς</span> <span class='ocrx_word' id='word_1_495' title='bbox 2394 2350 2655 2420; x_wconf 70' lang='grc' dir='ltr'>ἀδελφοὺς</span> <span class='ocrx_word' id='word_1_496' title='bbox 2702 2351 2848 2420; x_wconf 82' lang='grc' dir='ltr'>αύτῷ</span> <span class='ocrx_word' id='word_1_497' title='bbox 2910 2351 3233 2420; x_wconf 72' lang='grc' dir='ltr'>προέφερον.</span> <span class='ocrx_word' id='word_1_498' title='bbox 3298 2353 3356 2405; x_wconf 86' lang='grc' dir='ltr'>Ὀ</span> <span class='ocrx_word' id='word_1_499' title='bbox 3387 2353 3466 2417; x_wconf 77' lang='grc' dir='ltr'>δὲ,</span> <span class='ocrx_word' id='word_1_500' title='bbox 3518 2353 3680 2419; x_wconf 79' lang='grc' dir='ltr'>γνοὺς</span> <span class='ocrx_word' id='word_1_501' title='bbox 3710 2353 3811 2425; x_wconf 80' lang='grc' dir='ltr'>τὴν</span> 
     </span>
    </p>
   </div>
   <div class='ocr_carea' id='block_1_66' title="bbox 2225 2439 3810 2514">
    <p class='ocr_par' dir='ltr' id='par_1_66' title="bbox 2225 2439 3810 2514">
     <span class='ocr_line' id='line_1_67' title="bbox 2225 2439 3810 2514; baseline 0.002 -20"><span class='ocrx_word' id='word_1_502' title='bbox 2225 2442 2464 2496; x_wconf 76' lang='grc' dir='ltr'>διά-,οιαν</span> <span class='ocrx_word' id='word_1_503' title='bbox 2507 2443 2711 2506; x_wconf 79' lang='grc' dir='ltr'>αὐτῶν,</span> <span class='ocrx_word' id='word_1_504' title='bbox 2741 2439 2916 2509; x_wconf 78' lang='grc' dir='ltr'>εἶπεν,</span> <span class='ocrx_word' id='word_1_505' title='bbox 2974 2444 3079 2506; x_wconf 87' lang='grc' dir='ltr'>ὅτι,</span> <span class='ocrx_word' id='word_1_506' title='bbox 3135 2444 3299 2496; x_wconf 73' lang='grc' dir='ltr'>Οὐδέν</span> <span class='ocrx_word' id='word_1_507' title='bbox 3329 2460 3396 2513; x_wconf 87' lang='grc' dir='ltr'><strong>με</strong></span> <span class='ocrx_word' id='word_1_508' title='bbox 3446 2444 3675 2514; x_wconf 79' lang='grc' dir='ltr'>βλάπτει</span> <span class='ocrx_word' id='word_1_509' title='bbox 3717 2446 3810 2497; x_wconf 79' lang='grc' dir='ltr'>εύ-</span> 
     </span>
    </p>
   </div>
   <div class='ocr_carea' id='block_1_67' title="bbox 2225 2534 3810 2604">
    <p class='ocr_par' dir='ltr' id='par_1_67' title="bbox 2225 2534 3810 2604">
     <span class='ocr_line' id='line_1_68' title="bbox 2225 2534 3810 2604; baseline 0.002 -18"><span class='ocrx_word' id='word_1_510' title='bbox 2225 2534 2402 2587; x_wconf 78' lang='grc' dir='ltr'>τέλεια</span> <span class='ocrx_word' id='word_1_511' title='bbox 2432 2536 2750 2603; x_wconf 77' lang='grc' dir='ltr'>συγγενικὴ,</span> <span class='ocrx_word' id='word_1_512' title='bbox 2789 2535 2922 2586; x_wconf 71' lang='grc' dir='ltr'><strong>ἀλλὰ</strong></span> <span class='ocrx_word' id='word_1_513' title='bbox 2964 2535 3163 2602; x_wconf 72' lang='grc' dir='ltr'>μᾶλλον</span> <span class='ocrx_word' id='word_1_514' title='bbox 3198 2535 3299 2588; x_wconf 75' lang='grc' dir='ltr'><strong>κᾶν</strong></span> <span class='ocrx_word' id='word_1_515' title='bbox 3334 2535 3556 2604; x_wconf 71' lang='grc' dir='ltr'>εὐτελὴς</span> <span class='ocrx_word' id='word_1_516' title='bbox 3583 2537 3669 2604; x_wconf 73' lang='grc' dir='ltr'>εἴη</span> <span class='ocrx_word' id='word_1_517' title='bbox 3701 2553 3810 2599; x_wconf 83' lang='grc' dir='ltr'>τις,</span> 
     </span>
    </p>
   </div>
   <div class='ocr_carea' id='block_1_68' title="bbox 2225 2625 3810 2697">
    <p class='ocr_par' dir='ltr' id='par_1_68' title="bbox 2225 2625 3810 2697">
     <span class='ocr_line' id='line_1_69' title="bbox 2225 2625 3810 2697; baseline 0.003 -19"><span class='ocrx_word' id='word_1_518' title='bbox 2225 2626 2400 2697; x_wconf 82' lang='grc' dir='ltr'>ἀκούῃ</span> <span class='ocrx_word' id='word_1_519' title='bbox 2432 2625 2487 2679; x_wconf 84' lang='grc' dir='ltr'>δὲ</span> <span class='ocrx_word' id='word_1_520' title='bbox 2512 2628 2602 2679; x_wconf 70' lang='grc' dir='ltr'>τὸν</span> <span class='ocrx_word' id='word_1_521' title='bbox 2637 2625 2792 2694; x_wconf 69' lang='grc' dir='ltr'>ὶὸγον</span> <span class='ocrx_word' id='word_1_522' title='bbox 2824 2626 2916 2679; x_wconf 83' lang='grc' dir='ltr'><strong>τοῦ</strong></span> <span class='ocrx_word' id='word_1_523' title='bbox 2966 2626 3123 2692; x_wconf 79' lang='grc' dir='ltr'>θεοῦ,</span> <span class='ocrx_word' id='word_1_524' title='bbox 3184 2629 3423 2695; x_wconf 81' lang='grc' dir='ltr'>συγγενῆ</span> <span class='ocrx_word' id='word_1_525' title='bbox 3473 2628 3638 2681; x_wconf 79' lang='grc' dir='ltr'>αὑτὸν</span> <span class='ocrx_word' id='word_1_526' title='bbox 3671 2629 3810 2682; x_wconf 82' lang='grc' dir='ltr'>ποιῶ</span> 
     </span>
    </p>
   </div>
   <div class='ocr_carea' id='block_1_69' title="bbox 2225 2719 2377 2785">
    <p class='ocr_par' dir='ltr' id='par_1_69' title="bbox 2225 2719 2377 2785">
     <span class='ocr_line' id='line_1_70' title="bbox 2225 2719 2377 2785; baseline 0 -15"><span class='ocrx_word' id='word_1_527' title='bbox 2225 2719 2377 2785; x_wconf 73' lang='grc' dir='ltr'>ἐμόν.</span> 
     </span>
    </p>
   </div>
   <div class='ocr_carea' id='block_1_70' title="bbox 2306 2813 3811 2885">
    <p class='ocr_par' dir='ltr' id='par_1_70' title="bbox 2306 2813 3811 2885">
     <span class='ocr_line' id='line_1_71' title="bbox 2306 2813 3811 2885; baseline 0.005 -23"><span class='ocrx_word' id='word_1_528' title='bbox 2306 2830 2323 2862; x_wconf 82' lang='grc' dir='ltr'><strong>ι</strong></span> <span class='ocrx_word' id='word_1_529' title='bbox 2370 2813 2482 2867; x_wconf 76' lang='grc' dir='ltr'><strong>Καὶ</strong></span> <span class='ocrx_word' id='word_1_530' title='bbox 2528 2814 2745 2880; x_wconf 61' lang='grc' dir='ltr'>ἐγένετο</span> <span class='ocrx_word' id='word_1_531' title='bbox 2795 2815 2854 2866; x_wconf 83' lang='grc' dir='ltr'><strong>ἐν</strong></span> <span class='ocrx_word' id='word_1_532' title='bbox 2904 2816 3004 2885; x_wconf 72' lang='grc' dir='ltr'>μιᾷ</span> <span class='ocrx_word' id='word_1_533' title='bbox 3055 2814 3165 2867; x_wconf 86' lang='grc' dir='ltr'><strong>τῶν</strong></span> <span class='ocrx_word' id='word_1_534' title='bbox 3215 2816 3463 2885; x_wconf 74' lang='grc' dir='ltr'>ἡμερῶν,</span> <span class='ocrx_word' id='word_1_535' title='bbox 3505 2819 3602 2870; x_wconf 79' lang='grc' dir='ltr'>καὶ</span> <span class='ocrx_word' id='word_1_536' title='bbox 3647 2817 3811 2880; x_wconf 68' lang='grc' dir='ltr'>αὐτὸς</span> 
     </span>
    </p>
   </div>
   <div class='ocr_carea' id='block_1_71' title="bbox 2227 2905 3810 2978">
    <p class='ocr_par' dir='ltr' id='par_1_71' title="bbox 2227 2905 3810 2978">
     <span class='ocr_line' id='line_1_72' title="bbox 2227 2905 3810 2978; baseline 0.004 -23"><span class='ocrx_word' id='word_1_537' title='bbox 2227 2905 2386 2974; x_wconf 77' lang='grc' dir='ltr'>ἐνέϐη</span> <span class='ocrx_word' id='word_1_538' title='bbox 2431 2906 2511 2966; x_wconf 86' lang='grc' dir='ltr'>εὶς</span> <span class='ocrx_word' id='word_1_539' title='bbox 2539 2905 2740 2969; x_wconf 85' lang='grc' dir='ltr'>πλοῖον,</span> <span class='ocrx_word' id='word_1_540' title='bbox 2785 2906 2879 2959; x_wconf 70' lang='grc' dir='ltr'>καὶ</span> <span class='ocrx_word' id='word_1_541' title='bbox 2914 2908 2962 2960; x_wconf 80' lang='grc' dir='ltr'>οἱ</span> <span class='ocrx_word' id='word_1_542' title='bbox 3001 2906 3241 2978; x_wconf 72' lang='grc' dir='ltr'>μαθηταὶ</span> <span class='ocrx_word' id='word_1_543' title='bbox 3298 2909 3484 2971; x_wconf 72' lang='grc' dir='ltr'>αὑτοῦ,</span> <span class='ocrx_word' id='word_1_544' title='bbox 3542 2910 3638 2962; x_wconf 80' lang='grc' dir='ltr'><strong>καὶ</strong></span> <span class='ocrx_word' id='word_1_545' title='bbox 3686 2905 3810 2962; x_wconf 76' lang='grc' dir='ltr'>εἷπε</span> 
     </span>
    </p>
   </div>
   <div class='ocr_carea' id='block_1_72' title="bbox 2227 2999 3808 3072">
    <p class='ocr_par' dir='ltr' id='par_1_72' title="bbox 2227 2999 3808 3072">
     <span class='ocr_line' id='line_1_73' title="bbox 2227 2999 3808 3072; baseline 0.006 -22"><span class='ocrx_word' id='word_1_546' title='bbox 2227 2999 2363 3069; x_wconf 80' lang='grc' dir='ltr'>πρὸς</span> <span class='ocrx_word' id='word_1_547' title='bbox 2397 2999 2591 3061; x_wconf 79' lang='grc' dir='ltr'>αὐτούς</span> <span class='ocrx_word' id='word_1_548' title='bbox 2615 3015 2627 3028; x_wconf 76' lang='grc'><strong><em>⁸</em></strong></span> <span class='ocrx_word' id='word_1_549' title='bbox 2666 2999 2974 3068; x_wconf 82' lang='grc' dir='ltr'>Διέλθωμεν</span> <span class='ocrx_word' id='word_1_550' title='bbox 3025 3002 3105 3062; x_wconf 83' lang='grc' dir='ltr'>εἰς</span> <span class='ocrx_word' id='word_1_551' title='bbox 3138 3001 3198 3052; x_wconf 75' lang='grc' dir='ltr'><strong>τὸ</strong></span> <span class='ocrx_word' id='word_1_552' title='bbox 3237 3001 3408 3072; x_wconf 83' lang='grc' dir='ltr'>πέραν</span> <span class='ocrx_word' id='word_1_553' title='bbox 3443 3001 3543 3069; x_wconf 76' lang='grc' dir='ltr'><strong>τῆς</strong></span> <span class='ocrx_word' id='word_1_554' title='bbox 3576 3001 3808 3072; x_wconf 75' lang='grc' dir='ltr'>λίμνης.</span> 
     </span>
    </p>
   </div>
   <div class='ocr_carea' id='block_1_73' title="bbox 2225 3089 3813 3160">
    <p class='ocr_par' dir='ltr' id='par_1_73' title="bbox 2225 3089 3813 3160">
     <span class='ocr_line' id='line_1_74' title="bbox 2225 3089 3813 3160; baseline 0.004 -20"><span class='ocrx_word' id='word_1_555' title='bbox 2225 3089 2318 3142; x_wconf 79' lang='grc' dir='ltr'><strong>καὶ</strong></span> <span class='ocrx_word' id='word_1_556' title='bbox 2348 3089 2684 3158; x_wconf 85' lang='grc' dir='ltr'>ἀνήχθησαν.</span> <span class='ocrx_word' id='word_1_557' title='bbox 2724 3089 3002 3144; x_wconf 88' lang='grc' dir='ltr'>Πλεόντων</span> <span class='ocrx_word' id='word_1_558' title='bbox 3029 3090 3085 3143; x_wconf 82' lang='grc' dir='ltr'>δὲ</span> <span class='ocrx_word' id='word_1_559' title='bbox 3113 3091 3310 3153; x_wconf 74' lang='grc' dir='ltr'>αὐτῶν,</span> <span class='ocrx_word' id='word_1_560' title='bbox 3354 3093 3677 3160; x_wconf 81' lang='grc' dir='ltr'>ἀφύπνωσε,</span> <span class='ocrx_word' id='word_1_561' title='bbox 3717 3097 3813 3147; x_wconf 72' lang='grc' dir='ltr'><strong>καὶ</strong></span> 
     </span>
    </p>
   </div>
   <div class='ocr_carea' id='block_1_74' title="bbox 2229 3181 3814 3256">
    <p class='ocr_par' dir='ltr' id='par_1_74' title="bbox 2229 3181 3814 3256">
     <span class='ocr_line' id='line_1_75' title="bbox 2229 3181 3814 3256; baseline 0.002 -23"><span class='ocrx_word' id='word_1_562' title='bbox 2229 3181 2431 3247; x_wconf 83' lang='grc' dir='ltr'>κατέϐη</span> <span class='ocrx_word' id='word_1_563' title='bbox 2457 3181 2653 3250; x_wconf 80' lang='grc' dir='ltr'>λαίλαψ</span> <span class='ocrx_word' id='word_1_564' title='bbox 2685 3183 2889 3251; x_wconf 79' lang='grc' dir='ltr'>ἀνέμου</span> <span class='ocrx_word' id='word_1_565' title='bbox 2925 3183 3004 3246; x_wconf 79' lang='grc' dir='ltr'><strong>είς</strong></span> <span class='ocrx_word' id='word_1_566' title='bbox 3029 3183 3126 3252; x_wconf 81' lang='grc' dir='ltr'>τὴν</span> <span class='ocrx_word' id='word_1_567' title='bbox 3157 3183 3375 3254; x_wconf 79' lang='grc' dir='ltr'>λίμνην,</span> <span class='ocrx_word' id='word_1_568' title='bbox 3410 3186 3505 3238; x_wconf 73' lang='grc' dir='ltr'><strong>καὶ</strong></span> <span class='ocrx_word' id='word_1_569' title='bbox 3540 3186 3814 3256; x_wconf 71' lang='grc' dir='ltr'>συνεπλη-</span> 
     </span>
    </p>
   </div>
   <div class='ocr_carea' id='block_1_75' title="bbox 2232 3271 3815 3348">
    <p class='ocr_par' dir='ltr' id='par_1_75' title="bbox 2232 3271 3815 3348">
     <span class='ocr_line' id='line_1_76' title="bbox 2232 3271 3815 3348; baseline 0.002 -22"><span class='ocrx_word' id='word_1_570' title='bbox 2232 3271 2421 3341; x_wconf 81' lang='grc' dir='ltr'>ροῦντο</span> <span class='ocrx_word' id='word_1_571' title='bbox 2468 3273 2561 3326; x_wconf 67' lang='grc' dir='ltr'><strong>καὶ</strong></span> <span class='ocrx_word' id='word_1_572' title='bbox 2608 3273 2968 3326; x_wconf 89' lang='grc' dir='ltr'>ἐκινδύνευον.</span> <span class='ocrx_word' id='word_1_573' title='bbox 3002 3275 3396 3345; x_wconf 74' lang='grc' dir='ltr'>Προσελθὸντες</span> <span class='ocrx_word' id='word_1_574' title='bbox 3433 3276 3488 3328; x_wconf 79' lang='grc' dir='ltr'>δὲ</span> <span class='ocrx_word' id='word_1_575' title='bbox 3522 3277 3815 3348; x_wconf 82' lang='grc' dir='ltr'>διήγειραν</span> 
     </span>
    </p>
   </div>
   <div class='ocr_carea' id='block_1_76' title="bbox 2231 3363 3820 3432">
    <p class='ocr_par' dir='ltr' id='par_1_76' title="bbox 2231 3363 3820 3432">
     <span class='ocr_line' id='line_1_77' title="bbox 2231 3363 3820 3432; baseline 0.003 -14"><span class='ocrx_word' id='word_1_576' title='bbox 2231 3363 2415 3430; x_wconf 80' lang='grc' dir='ltr'>αὐτὸν,</span> <span class='ocrx_word' id='word_1_577' title='bbox 2488 3365 2773 3432; x_wconf 83' lang='grc' dir='ltr'>λέγοντες·</span> <span class='ocrx_word' id='word_1_578' title='bbox 2839 3365 3169 3431; x_wconf 83' lang='grc' dir='ltr'>Ἐπιστάτα,</span> <span class='ocrx_word' id='word_1_579' title='bbox 3231 3367 3516 3432; x_wconf 81' lang='grc' dir='ltr'>ἐπιστάτα,</span> <span class='ocrx_word' id='word_1_580' title='bbox 3579 3369 3820 3423; x_wconf 68' lang='grc' dir='ltr'>ἀπολλύ-</span> 
     </span>
    </p>
   </div>
   <div class='ocr_carea' id='block_1_77' title="bbox 2233 3456 3817 3530">
    <p class='ocr_par' dir='ltr' id='par_1_77' title="bbox 2233 3456 3817 3530">
     <span class='ocr_line' id='line_1_78' title="bbox 2233 3456 3817 3530; baseline 0.001 -22"><span class='ocrx_word' id='word_1_581' title='bbox 2233 3457 2393 3526; x_wconf 84' lang='grc' dir='ltr'>μεθα.</span> <span class='ocrx_word' id='word_1_582' title='bbox 2447 3457 2504 3508; x_wconf 89' lang='grc' dir='ltr'>Ὁ</span> <span class='ocrx_word' id='word_1_583' title='bbox 2529 3456 2584 3508; x_wconf 81' lang='grc' dir='ltr'>δὲ</span> <span class='ocrx_word' id='word_1_584' title='bbox 2647 3457 2895 3526; x_wconf 74' lang='grc' dir='ltr'>ἐγερθεὶς</span> <span class='ocrx_word' id='word_1_585' title='bbox 2930 3457 3231 3527; x_wconf 79' lang='grc' dir='ltr'>ἐπετίμησε</span> <span class='ocrx_word' id='word_1_586' title='bbox 3277 3457 3355 3528; x_wconf 81' lang='grc' dir='ltr'>τῷ</span> <span class='ocrx_word' id='word_1_587' title='bbox 3384 3459 3577 3527; x_wconf 82' lang='grc' dir='ltr'>ἀνέμῳ</span> <span class='ocrx_word' id='word_1_588' title='bbox 3611 3461 3706 3512; x_wconf 78' lang='grc' dir='ltr'>καὶ</span> <span class='ocrx_word' id='word_1_589' title='bbox 3737 3462 3817 3530; x_wconf 74' lang='grc' dir='ltr'>τῷ</span> 
     </span>
    </p>
   </div>
   <div class='ocr_carea' id='block_1_78' title="bbox 2231 3547 3818 3620">
    <p class='ocr_par' dir='ltr' id='par_1_78' title="bbox 2231 3547 3818 3620">
     <span class='ocr_line' id='line_1_79' title="bbox 2231 3547 3818 3620; baseline 0.004 -20"><span class='ocrx_word' id='word_1_590' title='bbox 2231 3547 2463 3601; x_wconf 80' lang='grc' dir='ltr'>κλύδωνι</span> <span class='ocrx_word' id='word_1_591' title='bbox 2491 3547 2583 3600; x_wconf 87' lang='grc' dir='ltr'><strong>τοῦ</strong></span> <span class='ocrx_word' id='word_1_592' title='bbox 2611 3547 2824 3611; x_wconf 80' lang='grc' dir='ltr'>ὕδατος,</span> <span class='ocrx_word' id='word_1_593' title='bbox 2857 3549 2954 3600; x_wconf 68' lang='grc' dir='ltr'><strong>καὶ</strong></span> <span class='ocrx_word' id='word_1_594' title='bbox 2993 3551 3297 3612; x_wconf 69' lang='grc' dir='ltr'>ἐπαύσατο,</span> <span class='ocrx_word' id='word_1_595' title='bbox 3335 3553 3427 3603; x_wconf 52' lang='grc' dir='ltr'><strong>καί⁵</strong></span> <span class='ocrx_word' id='word_1_596' title='bbox 3459 3552 3681 3619; x_wconf 82' lang='grc' dir='ltr'>ἐγένετο</span> <span class='ocrx_word' id='word_1_597' title='bbox 3710 3571 3818 3620; x_wconf 84' lang='grc' dir='ltr'>γα·</span> 
     </span>
    </p>
   </div>
   <div class='ocr_carea' id='block_1_79' title="bbox 2231 3635 3814 3714">
    <p class='ocr_par' dir='ltr' id='par_1_79' title="bbox 2231 3635 3814 3714">
     <span class='ocr_line' id='line_1_80' title="bbox 2231 3635 3814 3714; baseline 0.003 -22"><span class='ocrx_word' id='word_1_598' title='bbox 2231 3642 2390 3710; x_wconf 57' lang='grc' dir='ltr'>Ἆήνη.</span> <span class='ocrx_word' id='word_1_599' title='bbox 2426 3635 2563 3694; x_wconf 82' lang='grc' dir='ltr'>Εἷπε</span> <span class='ocrx_word' id='word_1_600' title='bbox 2611 3641 2668 3693; x_wconf 73' lang='grc' dir='ltr'>δὲ</span> <span class='ocrx_word' id='word_1_601' title='bbox 2713 3640 2932 3703; x_wconf 71' lang='grc' dir='ltr'>αὐτοῖς’</span> <span class='ocrx_word' id='word_1_602' title='bbox 2969 3641 3075 3694; x_wconf 84' lang='grc' dir='ltr'>Ποῦ</span> <span class='ocrx_word' id='word_1_603' title='bbox 3121 3643 3269 3694; x_wconf 75' lang='grc' dir='ltr'>ἐστιν</span> <span class='ocrx_word' id='word_1_604' title='bbox 3301 3643 3334 3711; x_wconf 81' lang='grc' dir='ltr'><strong>ἠ</strong></span> <span class='ocrx_word' id='word_1_605' title='bbox 3385 3643 3568 3706; x_wconf 80' lang='grc' dir='ltr'>πίστις</span> <span class='ocrx_word' id='word_1_606' title='bbox 3621 3643 3814 3714; x_wconf 81' lang='grc' dir='ltr'>ύμῶν;</span> 
     </span>
    </p>
   </div>
   <div class='ocr_carea' id='block_1_80' title="bbox 2229 3732 3814 3806">
    <p class='ocr_par' dir='ltr' id='par_1_80' title="bbox 2229 3732 3814 3806">
     <span class='ocr_line' id='line_1_81' title="bbox 2229 3732 3814 3806; baseline 0.001 -18"><span class='ocrx_word' id='word_1_607' title='bbox 2229 3733 2562 3802; x_wconf 72' lang='grc' dir='ltr'>Φοὸηθέντες</span> <span class='ocrx_word' id='word_1_608' title='bbox 2589 3733 2668 3798; x_wconf 81' lang='grc' dir='ltr'>δὲ,</span> <span class='ocrx_word' id='word_1_609' title='bbox 2694 3732 3036 3800; x_wconf 78' lang='grc' dir='ltr'>ἐθαύμασαν,</span> <span class='ocrx_word' id='word_1_610' title='bbox 3061 3734 3308 3800; x_wconf 81' lang='grc' dir='ltr'>λέγοντες</span> <span class='ocrx_word' id='word_1_611' title='bbox 3342 3734 3474 3804; x_wconf 81' lang='grc' dir='ltr'>πρὸς</span> <span class='ocrx_word' id='word_1_612' title='bbox 3508 3735 3775 3806; x_wconf 74' lang='grc' dir='ltr'>ἀλλήλους</span> <span class='ocrx_word' id='word_1_613' title='bbox 3802 3755 3814 3766; x_wconf 87' lang='grc'>·</span> 
     </span>
    </p>
   </div>
   <div class='ocr_carea' id='block_1_81' title="bbox 2234 3819 3818 3894">
    <p class='ocr_par' dir='ltr' id='par_1_81' title="bbox 2234 3819 3818 3894">
     <span class='ocr_line' id='line_1_82' title="bbox 2234 3819 3818 3894; baseline 0.003 -18"><span class='ocrx_word' id='word_1_614' title='bbox 2234 3825 2327 3887; x_wconf 77' lang='grc' dir='ltr'>Ὶίς</span> <span class='ocrx_word' id='word_1_615' title='bbox 2357 3825 2464 3894; x_wconf 77' lang='grc' dir='ltr'>ἄρα</span> <span class='ocrx_word' id='word_1_616' title='bbox 2497 3819 2654 3886; x_wconf 69' lang='grc' dir='ltr'>οὗτός</span> <span class='ocrx_word' id='word_1_617' title='bbox 2688 3826 2856 3887; x_wconf 86' lang='grc' dir='ltr'>ἐστιν,</span> <span class='ocrx_word' id='word_1_618' title='bbox 2889 3825 2972 3877; x_wconf 84' lang='grc' dir='ltr'>ὅτι</span> <span class='ocrx_word' id='word_1_619' title='bbox 3004 3824 3097 3876; x_wconf 75' lang='grc' dir='ltr'>καὶ</span> <span class='ocrx_word' id='word_1_620' title='bbox 3129 3827 3241 3888; x_wconf 85' lang='grc' dir='ltr'>τοῖς</span> <span class='ocrx_word' id='word_1_621' title='bbox 3279 3824 3501 3893; x_wconf 83' lang='grc' dir='ltr'>ἀνέμοις</span> <span class='ocrx_word' id='word_1_622' title='bbox 3529 3827 3818 3880; x_wconf 71' lang='grc' dir='ltr'>ἐπιτάσσει</span> 
     </span>
    </p>
   </div>
   <div class='ocr_carea' id='block_1_82' title="bbox 2235 3914 3819 3985">
    <p class='ocr_par' dir='ltr' id='par_1_82' title="bbox 2235 3914 3819 3985">
     <span class='ocr_line' id='line_1_83' title="bbox 2235 3914 3819 3985; baseline 0.002 -19"><span class='ocrx_word' id='word_1_623' title='bbox 2235 3914 2328 3966; x_wconf 75' lang='grc' dir='ltr'>καὶ</span> <span class='ocrx_word' id='word_1_624' title='bbox 2367 3915 2443 3984; x_wconf 86' lang='grc' dir='ltr'>τῷ</span> <span class='ocrx_word' id='word_1_625' title='bbox 2489 3915 2638 3966; x_wconf 82' lang='grc' dir='ltr'>ὕδατι</span> <span class='ocrx_word' id='word_1_626' title='bbox 2686 3917 2779 3967; x_wconf 72' lang='grc' dir='ltr'>καὶ</span> <span class='ocrx_word' id='word_1_627' title='bbox 2819 3915 3188 3966; x_wconf 73' lang='grc' dir='ltr'>ὑπακούουσιν</span> <span class='ocrx_word' id='word_1_628' title='bbox 3226 3916 3410 3984; x_wconf 81' lang='grc' dir='ltr'><strong>αὺτῴ;</strong></span> <span class='ocrx_word' id='word_1_629' title='bbox 3453 3936 3471 3967; x_wconf 71' lang='grc' dir='ltr'><strong>ι</strong></span> <span class='ocrx_word' id='word_1_630' title='bbox 3514 3918 3819 3985; x_wconf 76' lang='grc' dir='ltr'>Γυμνάζω-ι</span> 
     </span>
    </p>
   </div>
   <div class='ocr_carea' id='block_1_83' title="bbox 2233 4007 3817 4078">
    <p class='ocr_par' dir='ltr' id='par_1_83' title="bbox 2233 4007 3817 4078">
     <span class='ocr_line' id='line_1_84' title="bbox 2233 4007 3817 4078; baseline 0.002 -20"><span class='ocrx_word' id='word_1_631' title='bbox 2233 4009 2359 4070; x_wconf 72' lang='grc' dir='ltr'>τοὺς</span> <span class='ocrx_word' id='word_1_632' title='bbox 2387 4007 2636 4077; x_wconf 79' lang='grc' dir='ltr'>μαθητάς</span> <span class='ocrx_word' id='word_1_633' title='bbox 2683 4007 2710 4058; x_wconf 87' lang='grc' dir='ltr'><strong><em>ὸ</em></strong></span> <span class='ocrx_word' id='word_1_634' title='bbox 2749 4007 2974 4076; x_wconf 76' lang='grc' dir='ltr'>Κύριος,</span> <span class='ocrx_word' id='word_1_635' title='bbox 3031 4010 3124 4060; x_wconf 76' lang='grc' dir='ltr'>καὶ</span> <span class='ocrx_word' id='word_1_636' title='bbox 3152 4007 3463 4077; x_wconf 76' lang='grc' dir='ltr'>δοκιμάζων</span> <span class='ocrx_word' id='word_1_637' title='bbox 3493 4008 3592 4078; x_wconf 79' lang='grc' dir='ltr'>τὴν</span> <span class='ocrx_word' id='word_1_638' title='bbox 3631 4010 3817 4066; x_wconf 80' lang='grc' dir='ltr'>πίστιν</span> 
     </span>
    </p>
   </div>
   <div class='ocr_carea' id='block_1_84' title="bbox 2235 4097 3818 4170">
    <p class='ocr_par' dir='ltr' id='par_1_84' title="bbox 2235 4097 3818 4170">
     <span class='ocr_line' id='line_1_85' title="bbox 2235 4097 3818 4170; baseline 0.003 -20"><span class='ocrx_word' id='word_1_639' title='bbox 2235 4097 2436 4163; x_wconf 72' lang='grc' dir='ltr'>αὐτῶν,</span> <span class='ocrx_word' id='word_1_640' title='bbox 2475 4102 2522 4150; x_wconf 79' lang='grc' dir='ltr'>εἰ</span> <span class='ocrx_word' id='word_1_641' title='bbox 2559 4099 2666 4169; x_wconf 83' lang='grc' dir='ltr'>ἄρα</span> <span class='ocrx_word' id='word_1_642' title='bbox 2713 4101 2770 4151; x_wconf 82' lang='grc' dir='ltr'>ὲν</span> <span class='ocrx_word' id='word_1_643' title='bbox 2821 4102 2934 4161; x_wconf 66' lang='grc' dir='ltr'>τοῖς</span> <span class='ocrx_word' id='word_1_644' title='bbox 2983 4103 3310 4169; x_wconf 79' lang='grc' dir='ltr'>πειρασμοῖς</span> <span class='ocrx_word' id='word_1_645' title='bbox 3363 4100 3650 4170; x_wconf 60' lang='grc' dir='ltr'>ἀκὶιόνητοί</span> <span class='ocrx_word' id='word_1_646' title='bbox 3685 4103 3818 4165; x_wconf 86' lang='grc' dir='ltr'>εἱσι.</span> 
     </span>
    </p>
   </div>
   <div class='ocr_carea' id='block_1_85' title="bbox 2238 4190 3820 4265">
    <p class='ocr_par' dir='ltr' id='par_1_85' title="bbox 2238 4190 3820 4265">
     <span class='ocr_line' id='line_1_86' title="bbox 2238 4190 3820 4265; baseline 0.003 -24"><span class='ocrx_word' id='word_1_647' title='bbox 2238 4190 2489 4244; x_wconf 75' lang='grc' dir='ltr'>καθεύδει</span> <span class='ocrx_word' id='word_1_648' title='bbox 2551 4192 2940 4263; x_wconf 78' lang='grc' dir='ltr'>οἰκονομικῶς,</span> <span class='ocrx_word' id='word_1_649' title='bbox 3018 4191 3133 4244; x_wconf 78' lang='grc' dir='ltr'>ἀλλ’</span> <span class='ocrx_word' id='word_1_650' title='bbox 3196 4191 3477 4260; x_wconf 80' lang='grc' dir='ltr'>ἐλέγχεται</span> <span class='ocrx_word' id='word_1_651' title='bbox 3539 4192 3726 4246; x_wconf 75' lang='grc' dir='ltr'>αὐτῶν</span> <span class='ocrx_word' id='word_1_652' title='bbox 3785 4198 3820 4265; x_wconf 77' lang='grc' dir='ltr'>ἡ</span> 
     </span>
    </p>
   </div>
   <div class='ocr_carea' id='block_1_86' title="bbox 2237 4282 3821 4356">
    <p class='ocr_par' dir='ltr' id='par_1_86' title="bbox 2237 4282 3821 4356">
     <span class='ocr_line' id='line_1_87' title="bbox 2237 4282 3821 4356; baseline 0.002 -21"><span class='ocrx_word' id='word_1_653' title='bbox 2237 4283 2513 4335; x_wconf 83' lang='grc' dir='ltr'>ἀσθένεια.</span> <span class='ocrx_word' id='word_1_654' title='bbox 2550 4283 2624 4335; x_wconf 78' lang='grc' dir='ltr'>υὺ</span> <span class='ocrx_word' id='word_1_655' title='bbox 2658 4286 2765 4352; x_wconf 77' lang='grc' dir='ltr'><strong>γὰρ</strong></span> <span class='ocrx_word' id='word_1_656' title='bbox 2800 4283 3013 4334; x_wconf 84' lang='grc' dir='ltr'>τελείαν</span> <span class='ocrx_word' id='word_1_657' title='bbox 3047 4282 3250 4345; x_wconf 82' lang='grc' dir='ltr'>πίστιν,</span> <span class='ocrx_word' id='word_1_658' title='bbox 3285 4284 3421 4334; x_wconf 70' lang='grc' dir='ltr'>ἀλλά</span> <span class='ocrx_word' id='word_1_659' title='bbox 3467 4287 3821 4356; x_wconf 72' lang='grc' dir='ltr'>μεμιγμένην</span> 
     </span>
    </p>
   </div>
   <div class='ocr_carea' id='block_1_87' title="bbox 2238 4375 3818 4449">
    <p class='ocr_par' dir='ltr' id='par_1_87' title="bbox 2238 4375 3818 4449">
     <span class='ocr_line' id='line_1_88' title="bbox 2238 4375 3818 4449; baseline 0.001 -21"><span class='ocrx_word' id='word_1_660' title='bbox 2238 4379 2303 4445; x_wconf 75' lang='grc' dir='ltr'>τῇ</span> <span class='ocrx_word' id='word_1_661' title='bbox 2361 4375 2588 4446; x_wconf 70' lang='grc' dir='ltr'>ἀπιστίᾳ</span> <span class='ocrx_word' id='word_1_662' title='bbox 2637 4375 3025 4427; x_wconf 80' lang='grc' dir='ltr'>ἐνδείκνυνται.</span> <span class='ocrx_word' id='word_1_663' title='bbox 3078 4375 3404 4428; x_wconf 79' lang='grc' dir='ltr'>Πιστεύουσι</span> <span class='ocrx_word' id='word_1_664' title='bbox 3451 4377 3550 4447; x_wconf 72' lang='grc' dir='ltr'>μὲν</span> <span class='ocrx_word' id='word_1_665' title='bbox 3592 4380 3702 4449; x_wconf 76' lang='grc' dir='ltr'>γὰρ</span> <span class='ocrx_word' id='word_1_666' title='bbox 3735 4382 3818 4433; x_wconf 73' lang='grc' dir='ltr'><strong>ὅτε</strong></span> 
     </span>
    </p>
   </div>
   <div class='ocr_carea' id='block_1_88' title="bbox 2243 4465 3821 4537">
    <p class='ocr_par' dir='ltr' id='par_1_88' title="bbox 2243 4465 3821 4537">
     <span class='ocr_line' id='line_1_89' title="bbox 2243 4465 3821 4537; baseline 0.006 -20"><span class='ocrx_word' id='word_1_667' title='bbox 2243 4483 2412 4520; x_wconf 65' lang='grc' dir='ltr'>σωσαι</span> <span class='ocrx_word' id='word_1_668' title='bbox 2461 4467 2701 4520; x_wconf 71' lang='grc' dir='ltr'>δύναται.</span> <span class='ocrx_word' id='word_1_669' title='bbox 2747 4466 2834 4529; x_wconf 82' lang='grc' dir='ltr'>Ὠς</span> <span class='ocrx_word' id='word_1_670' title='bbox 2866 4465 2919 4518; x_wconf 78' lang='grc' dir='ltr'>δὲ</span> <span class='ocrx_word' id='word_1_671' title='bbox 2947 4467 3308 4534; x_wconf 75' lang='grc' dir='ltr'>ὀλιγόπιστοι,</span> <span class='ocrx_word' id='word_1_672' title='bbox 3339 4468 3558 4537; x_wconf 80' lang='grc' dir='ltr'>λέγουσι</span> <span class='ocrx_word' id='word_1_673' title='bbox 3587 4473 3670 4535; x_wconf 86' lang='grc' dir='ltr'><strong>τὸ,</strong></span> <span class='ocrx_word' id='word_1_674' title='bbox 3703 4473 3821 4526; x_wconf 76' lang='grc' dir='ltr'><strong>Σῶ-</strong></span> 
     </span>
    </p>
   </div>
   <div class='ocr_carea' id='block_1_89' title="bbox 561 4557 2130 4642">
    <p class='ocr_par' dir='ltr' id='par_1_89' title="bbox 561 4561 2130 4642">
     <span class='ocr_line' id='line_1_90' title="bbox 561 4561 2130 4642; baseline -0.009 -13"><span class='ocrx_word' id='word_1_675' title='bbox 561 4576 740 4639; x_wconf 75' lang='lat' dir='ltr'><strong>Salva,</strong></span> <span class='ocrx_word' id='word_1_676' title='bbox 785 4574 1042 4642; x_wconf 89' lang='lat' dir='ltr'><strong>perimus.</strong></span> <span class='ocrx_word' id='word_1_677' title='bbox 1099 4571 1154 4626; x_wconf 91' lang='lat' dir='ltr'><strong>Si</strong></span> <span class='ocrx_word' id='word_1_678' title='bbox 1199 4571 1340 4625; x_wconf 91' lang='lat' dir='ltr'><strong>enim</strong></span> <span class='ocrx_word' id='word_1_679' title='bbox 1391 4568 1683 4636; x_wconf 86' lang='lat' dir='ltr'><strong>perfectam</strong></span> <span class='ocrx_word' id='word_1_680' title='bbox 1726 4564 2042 4618; x_wconf 87' lang='lat' dir='ltr'><strong>habuissent</strong></span> <span class='ocrx_word' id='word_1_681' title='bbox 2078 4561 2130 4616; x_wconf 87' lang='lat' dir='ltr'><strong>fl-</strong></span> 
     </span>
    </p>
   </div>
   <div class='ocr_carea' id='block_1_90' title="bbox 2231 4557 3820 4642">
    <p class='ocr_par' dir='ltr' id='par_1_90' title="bbox 2244 4557 3820 4636">
     <span class='ocr_line' id='line_1_91' title="bbox 2244 4557 3820 4636; baseline 0.006 -28"><span class='ocrx_word' id='word_1_682' title='bbox 2244 4571 2355 4618; x_wconf 84' lang='grc' dir='ltr'>σον,</span> <span class='ocrx_word' id='word_1_683' title='bbox 2383 4557 2752 4626; x_wconf 75' lang='grc' dir='ltr'>ἀπολλύμεθα.</span> <span class='ocrx_word' id='word_1_684' title='bbox 2784 4557 2844 4609; x_wconf 78' lang='lat' dir='ltr'><strong>El</strong></span> <span class='ocrx_word' id='word_1_685' title='bbox 2875 4559 2982 4628; x_wconf 80' lang='grc' dir='ltr'><strong>γὰρ</strong></span> <span class='ocrx_word' id='word_1_686' title='bbox 3007 4558 3218 4611; x_wconf 85' lang='grc' dir='ltr'>τελείαν</span> <span class='ocrx_word' id='word_1_687' title='bbox 3240 4557 3386 4629; x_wconf 73' lang='grc' dir='ltr'>εἶχον</span> <span class='ocrx_word' id='word_1_688' title='bbox 3411 4561 3616 4628; x_wconf 83' lang='grc' dir='ltr'>πίστιν,</span> <span class='ocrx_word' id='word_1_689' title='bbox 3645 4563 3820 4636; x_wconf 59' lang='grc' dir='ltr'>ἐπλγπ</span> 
     </span>
    </p>
   </div>
   <div class='ocr_carea' id='block_1_91' title="bbox 562 4655 2134 4732">
    <p class='ocr_par' dir='ltr' id='par_1_91' title="bbox 562 4655 2134 4732">
     <span class='ocr_line' id='line_1_92' title="bbox 562 4655 2134 4732; baseline -0.007 -14"><span class='ocrx_word' id='word_1_690' title='bbox 562 4667 704 4732; x_wconf 79' lang='lat' dir='ltr'><strong>(lem,</strong></span> <span class='ocrx_word' id='word_1_691' title='bbox 759 4667 890 4720; x_wconf 79' lang='lat' dir='ltr'><strong>satis</strong></span> <span class='ocrx_word' id='word_1_692' title='bbox 928 4666 1058 4718; x_wconf 86' lang='lat' dir='ltr'><strong>certi</strong></span> <span class='ocrx_word' id='word_1_693' title='bbox 1103 4663 1330 4717; x_wconf 78' lang='lat' dir='ltr'><strong>fuissent</strong></span> <span class='ocrx_word' id='word_1_694' title='bbox 1387 4658 1727 4728; x_wconf 87' lang='lat' dir='ltr'><strong>impossibile</strong></span> <span class='ocrx_word' id='word_1_695' title='bbox 1773 4671 1896 4711; x_wconf 84' lang='lat' dir='ltr'><strong>esse</strong></span> <span class='ocrx_word' id='word_1_696' title='bbox 1957 4655 2134 4725; x_wconf 89' lang='lat' dir='ltr'><strong>perire</strong></span> 
     </span>
    </p>
   </div>
   <div class='ocr_carea' id='block_1_92' title="bbox 564 4748 2134 4825">
    <p class='ocr_par' dir='ltr' id='par_1_92' title="bbox 564 4748 2134 4825">
     <span class='ocr_line' id='line_1_93' title="bbox 564 4748 2134 4825; baseline -0.007 -16"><span class='ocrx_word' id='word_1_697' title='bbox 564 4756 706 4819; x_wconf 87' lang='lat' dir='ltr'><strong>illos,</strong></span> <span class='ocrx_word' id='word_1_698' title='bbox 729 4765 990 4825; x_wconf 74' lang='lat' dir='ltr'><strong>prarsente</strong></span> <span class='ocrx_word' id='word_1_699' title='bbox 1015 4769 1079 4808; x_wconf 90' lang='lat' dir='ltr'><strong>eo</strong></span> <span class='ocrx_word' id='word_1_700' title='bbox 1109 4755 1197 4823; x_wconf 89' lang='lat' dir='ltr'><strong>qui</strong></span> <span class='ocrx_word' id='word_1_701' title='bbox 1237 4753 1418 4806; x_wconf 77' lang='lat' dir='ltr'><strong>ninnia</strong></span> <span class='ocrx_word' id='word_1_702' title='bbox 1449 4754 1607 4804; x_wconf 86' lang='lat' dir='ltr'><strong>valet.</strong></span> <span class='ocrx_word' id='word_1_703' title='bbox 1646 4748 1924 4803; x_wconf 76' lang='lat' dir='ltr'><strong>Excitatus</strong></span> <span class='ocrx_word' id='word_1_704' title='bbox 1956 4757 2134 4800; x_wconf 89' lang='lat' dir='ltr'><strong>autem</strong></span> 
     </span>
    </p>
   </div>
   <div class='ocr_carea' id='block_1_93' title="bbox 564 4839 2136 4918">
    <p class='ocr_par' dir='ltr' id='par_1_93' title="bbox 564 4839 2136 4918">
     <span class='ocr_line' id='line_1_94' title="bbox 564 4839 2136 4918; baseline -0.008 -15"><span class='ocrx_word' id='word_1_705' title='bbox 564 4849 860 4918; x_wconf 63' lang='lat' dir='ltr'><strong>increpavit</strong></span> <span class='ocrx_word' id='word_1_706' title='bbox 920 4857 1157 4900; x_wconf 88' lang='lat' dir='ltr'><strong>ventum.</strong></span> <span class='ocrx_word' id='word_1_707' title='bbox 1216 4845 1465 4899; x_wconf 83' lang='lat' dir='ltr'><strong>Permisit</strong></span> <span class='ocrx_word' id='word_1_708' title='bbox 1509 4857 1640 4896; x_wconf 82' lang='lat' dir='ltr'><strong>vero</strong></span> <span class='ocrx_word' id='word_1_709' title='bbox 1682 4856 1776 4895; x_wconf 89' lang='lat' dir='ltr'><strong>eos</strong></span> <span class='ocrx_word' id='word_1_710' title='bbox 1808 4839 2033 4904; x_wconf 90' lang='lat' dir='ltr'><strong>turbari,</strong></span> <span class='ocrx_word' id='word_1_711' title='bbox 2079 4849 2136 4891; x_wconf 90' lang='lat' dir='ltr'><strong>ut</strong></span> 
     </span>
    </p>
   </div>
   <div class='ocr_carea' id='block_1_94' title="bbox 564 4935 2139 4994">
    <p class='ocr_par' dir='ltr' id='par_1_94' title="bbox 564 4935 2139 4994">
     <span class='ocr_line' id='line_1_95' title="bbox 564 4935 2139 4994; baseline -0.006 0"><span class='ocrx_word' id='word_1_712' title='bbox 564 4943 761 4994; x_wconf 72' lang='lat' dir='ltr'><strong>clarior</strong></span> <span class='ocrx_word' id='word_1_713' title='bbox 793 4943 941 4993; x_wconf 82' lang='lat' dir='ltr'><strong>fieret</strong></span> <span class='ocrx_word' id='word_1_714' title='bbox 971 4956 1064 4993; x_wconf 88' lang='lat' dir='ltr'><strong>sua</strong></span> <span class='ocrx_word' id='word_1_715' title='bbox 1102 4941 1293 4992; x_wconf 79' lang='lat' dir='ltr'><strong>virtus.</strong></span> <span class='ocrx_word' id='word_1_716' title='bbox 1330 4937 1515 4991; x_wconf 81' lang='lat' dir='ltr'><strong>Solent</strong></span> <span class='ocrx_word' id='word_1_717' title='bbox 1548 4935 1692 4989; x_wconf 90' lang='lat' dir='ltr'><strong>enim</strong></span> <span class='ocrx_word' id='word_1_718' title='bbox 1723 4935 1971 4987; x_wconf 83' lang='lat' dir='ltr'><strong>homines</strong></span> <span class='ocrx_word' id='word_1_719' title='bbox 2013 4943 2139 4985; x_wconf 86' lang='lat' dir='ltr'><strong>tunc</strong></span> 
     </span>
    </p>
   </div>
   <div class='ocr_carea' id='block_1_95' title="bbox 568 5026 2135 5100">
    <p class='ocr_par' dir='ltr' id='par_1_95' title="bbox 568 5026 2135 5100">
     <span class='ocr_line' id='line_1_96' title="bbox 568 5026 2135 5100; baseline -0.007 -13"><span class='ocrx_word' id='word_1_720' title='bbox 568 5035 883 5088; x_wconf 86' lang='lat' dir='ltr'><strong>meminisse</strong></span> <span class='ocrx_word' id='word_1_721' title='bbox 907 5033 1024 5100; x_wconf 79' lang='lat' dir='ltr'><strong>ejus</strong></span> <span class='ocrx_word' id='word_1_722' title='bbox 1052 5031 1139 5098; x_wconf 82' lang='lat' dir='ltr'><strong>qui</strong></span> <span class='ocrx_word' id='word_1_723' title='bbox 1165 5031 1362 5092; x_wconf 82' lang='lat' dir='ltr'><strong>salvat,</strong></span> <span class='ocrx_word' id='word_1_724' title='bbox 1385 5028 1602 5098; x_wconf 82' lang='lat' dir='ltr'><strong>quando</strong></span> <span class='ocrx_word' id='word_1_725' title='bbox 1634 5042 1661 5079; x_wconf 91' lang='lat' dir='ltr'><strong>a</strong></span> <span class='ocrx_word' id='word_1_726' title='bbox 1693 5026 1898 5094; x_wconf 85' lang='lat' dir='ltr'><strong>magnis</strong></span> <span class='ocrx_word' id='word_1_727' title='bbox 1921 5026 2135 5094; x_wconf 82' lang='lat' dir='ltr'><strong>pericu-</strong></span> 
     </span>
    </p>
   </div>
   <div class='ocr_carea' id='block_1_96' title="bbox 569 5117 2136 5190">
    <p class='ocr_par' dir='ltr' id='par_1_96' title="bbox 569 5117 2136 5190">
     <span class='ocr_line' id='line_1_97' title="bbox 569 5117 2136 5190; baseline -0.007 -14"><span class='ocrx_word' id='word_1_728' title='bbox 569 5124 632 5178; x_wconf 83' lang='lat' dir='ltr'><strong>lis</strong></span> <span class='ocrx_word' id='word_1_729' title='bbox 670 5123 988 5190; x_wconf 90' lang='lat' dir='ltr'><strong>eripiuntur.</strong></span> <span class='ocrx_word' id='word_1_730' title='bbox 1026 5120 1310 5190; x_wconf 77' lang='lat' dir='ltr'><strong>Propterea</strong></span> <span class='ocrx_word' id='word_1_731' title='bbox 1351 5136 1454 5172; x_wconf 88' lang='lat' dir='ltr'><strong>non</strong></span> <span class='ocrx_word' id='word_1_732' title='bbox 1495 5120 1548 5171; x_wconf 93' lang='lat' dir='ltr'><strong>in</strong></span> <span class='ocrx_word' id='word_1_733' title='bbox 1598 5117 1884 5187; x_wconf 87' lang='lat' dir='ltr'><strong>principio,</strong></span> <span class='ocrx_word' id='word_1_734' title='bbox 1944 5117 2036 5169; x_wconf 80' lang='lat' dir='ltr'><strong>sed</strong></span> <span class='ocrx_word' id='word_1_735' title='bbox 2087 5117 2136 5166; x_wconf 91' lang='lat' dir='ltr'><strong>in</strong></span> 
     </span>
    </p>
   </div>
   <div class='ocr_carea' id='block_1_97' title="bbox 570 5209 2137 5280">
    <p class='ocr_par' dir='ltr' id='par_1_97' title="bbox 570 5209 2137 5280">
     <span class='ocr_line' id='line_1_98' title="bbox 570 5209 2137 5280; baseline -0.005 -14"><span class='ocrx_word' id='word_1_736' title='bbox 570 5213 795 5266; x_wconf 84' lang='lat' dir='ltr'><strong>articulo</strong></span> <span class='ocrx_word' id='word_1_737' title='bbox 827 5212 1047 5280; x_wconf 86' lang='lat' dir='ltr'><strong>periculi</strong></span> <span class='ocrx_word' id='word_1_738' title='bbox 1083 5213 1370 5275; x_wconf 74' lang='lat' dir='ltr'><strong>exritatus,</strong></span> <span class='ocrx_word' id='word_1_739' title='bbox 1419 5211 1536 5264; x_wconf 82' lang='lat' dir='ltr'><strong>ilics</strong></span> <span class='ocrx_word' id='word_1_740' title='bbox 1576 5209 1828 5262; x_wconf 75' lang='lat' dir='ltr'><strong>servavit.</strong></span> <span class='ocrx_word' id='word_1_741' title='bbox 1860 5209 1992 5261; x_wconf 77' lang='lat' dir='ltr'><strong>Vide</strong></span> <span class='ocrx_word' id='word_1_742' title='bbox 2042 5223 2137 5258; x_wconf 85' lang='lat' dir='ltr'><strong>att-</strong></span> 
     </span>
    </p>
   </div>
   <div class='ocr_carea' id='block_1_98' title="bbox 573 5299 2138 5374">
    <p class='ocr_par' dir='ltr' id='par_1_98' title="bbox 573 5299 2138 5374">
     <span class='ocr_line' id='line_1_99' title="bbox 573 5299 2138 5374; baseline -0.004 -16"><span class='ocrx_word' id='word_1_743' title='bbox 573 5317 679 5361; x_wconf 90' lang='lat' dir='ltr'><strong>tem</strong></span> <span class='ocrx_word' id='word_1_744' title='bbox 711 5312 764 5359; x_wconf 85' lang='lat' dir='ltr'><strong>et</strong></span> <span class='ocrx_word' id='word_1_745' title='bbox 795 5305 1128 5374; x_wconf 63' lang='lat' dir='ltr'><strong>anagngiatn,</strong></span> <span class='ocrx_word' id='word_1_746' title='bbox 1170 5303 1292 5371; x_wconf 83' lang='lat' dir='ltr'><strong>quia</strong></span> <span class='ocrx_word' id='word_1_747' title='bbox 1337 5305 1504 5371; x_wconf 84' lang='lat' dir='ltr'><strong>figura</strong></span> <span class='ocrx_word' id='word_1_748' title='bbox 1551 5312 1635 5355; x_wconf 87' lang='lat' dir='ltr'><strong>est</strong></span> <span class='ocrx_word' id='word_1_749' title='bbox 1657 5301 1770 5369; x_wconf 73' lang='lat' dir='ltr'><strong>eius</strong></span> <span class='ocrx_word' id='word_1_750' title='bbox 1787 5299 1928 5367; x_wconf 80' lang='lat' dir='ltr'><strong>quod</strong></span> <span class='ocrx_word' id='word_1_751' title='bbox 1957 5311 2138 5366; x_wconf 86' lang='lat' dir='ltr'><strong>postea</strong></span> 
     </span>
    </p>
   </div>
   <div class='ocr_carea' id='block_1_99' title="bbox 572 5392 2138 5467">
    <p class='ocr_par' dir='ltr' id='par_1_99' title="bbox 572 5392 2138 5467">
     <span class='ocr_line' id='line_1_100' title="bbox 572 5392 2138 5467; baseline -0.006 -15"><span class='ocrx_word' id='word_1_752' title='bbox 572 5397 849 5467; x_wconf 87' lang='lat' dir='ltr'><strong>discipulis</strong></span> <span class='ocrx_word' id='word_1_753' title='bbox 897 5403 1094 5451; x_wconf 71' lang='lat' dir='ltr'><strong>evenit.</strong></span> <span class='ocrx_word' id='word_1_754' title='bbox 1129 5397 1386 5463; x_wconf 65' lang='lat' dir='ltr'><strong>Stagnum</strong></span> <span class='ocrx_word' id='word_1_755' title='bbox 1415 5396 1556 5449; x_wconf 77' lang='lat' dir='ltr'><strong>enim</strong></span> <span class='ocrx_word' id='word_1_756' title='bbox 1612 5403 1689 5447; x_wconf 93' lang='lat' dir='ltr'><strong>est</strong></span> <span class='ocrx_word' id='word_1_757' title='bbox 1721 5392 1927 5458; x_wconf 65' lang='lat' dir='ltr'><strong>Jndma,</strong></span> <span class='ocrx_word' id='word_1_758' title='bbox 1960 5393 2138 5458; x_wconf 84' lang='lat' dir='ltr'><strong>inqua</strong></span> 
     </span>
    </p>
   </div>
   <div class='ocr_carea' id='block_1_100' title="bbox 573 5482 2140 5555">
    <p class='ocr_par' dir='ltr' id='par_1_100' title="bbox 573 5482 2140 5555">
     <span class='ocr_line' id='line_1_101' title="bbox 573 5482 2140 5555; baseline -0.004 -15"><span class='ocrx_word' id='word_1_759' title='bbox 573 5499 865 5555; x_wconf 81' lang='lat' dir='ltr'><strong>tempestas</strong></span> <span class='ocrx_word' id='word_1_760' title='bbox 911 5494 1052 5548; x_wconf 85' lang='lat' dir='ltr'><strong>orta,</strong></span> <span class='ocrx_word' id='word_1_761' title='bbox 1105 5496 1321 5554; x_wconf 79' lang='lat' dir='ltr'><strong>propter</strong></span> <span class='ocrx_word' id='word_1_762' title='bbox 1371 5487 1628 5538; x_wconf 80' lang='lat' dir='ltr'><strong>insaniant</strong></span> <span class='ocrx_word' id='word_1_763' title='bbox 1680 5483 1988 5537; x_wconf 73' lang='lat' dir='ltr'><strong>Judaeorutn</strong></span> <span class='ocrx_word' id='word_1_764' title='bbox 2052 5482 2140 5548; x_wconf 82' lang='lat' dir='ltr'><strong>qui</strong></span> 
     </span>
    </p>
   </div>
   <div class='ocr_carea' id='block_1_101' title="bbox 575 5575 2140 5633">
    <p class='ocr_par' dir='ltr' id='par_1_101' title="bbox 575 5575 2140 5633">
     <span class='ocr_line' id='line_1_102' title="bbox 575 5575 2140 5633; baseline -0.004 0"><span class='ocrx_word' id='word_1_765' title='bbox 575 5579 965 5633; x_wconf 80' lang='lat' dir='ltr'><strong>cruciﬁxerunt</strong></span> <span class='ocrx_word' id='word_1_766' title='bbox 1024 5579 1327 5633; x_wconf 88' lang='lat' dir='ltr'><strong>Dominum.</strong></span> <span class='ocrx_word' id='word_1_767' title='bbox 1380 5576 1596 5630; x_wconf 87' lang='lat' dir='ltr'><strong>Turbati</strong></span> <span class='ocrx_word' id='word_1_768' title='bbox 1627 5592 1752 5630; x_wconf 84' lang='lat' dir='ltr'><strong>vero</strong></span> <span class='ocrx_word' id='word_1_769' title='bbox 1792 5586 1918 5630; x_wconf 88' lang='lat' dir='ltr'><strong>sunt</strong></span> <span class='ocrx_word' id='word_1_770' title='bbox 1972 5587 2024 5629; x_wconf 89' lang='lat' dir='ltr'><strong>et</strong></span> <span class='ocrx_word' id='word_1_771' title='bbox 2058 5575 2140 5626; x_wconf 84' lang='lat' dir='ltr'><strong>di-</strong></span> 
     </span>
    </p>
   </div>
   <div class='ocr_carea' id='block_1_102' title="bbox 573 5669 2143 5740">
    <p class='ocr_par' dir='ltr' id='par_1_102' title="bbox 573 5669 2143 5740">
     <span class='ocr_line' id='line_1_103' title="bbox 573 5669 2143 5740; baseline -0.004 -14"><span class='ocrx_word' id='word_1_772' title='bbox 573 5671 760 5738; x_wconf 83' lang='lat' dir='ltr'><strong>scipuli</strong></span> <span class='ocrx_word' id='word_1_773' title='bbox 805 5688 818 5725; x_wconf 70' lang='grc' dir='ltr'><strong>ι</strong></span> <span class='ocrx_word' id='word_1_774' title='bbox 853 5687 975 5724; x_wconf 84' lang='lat' dir='ltr'><strong>nam</strong></span> <span class='ocrx_word' id='word_1_775' title='bbox 1011 5673 1098 5725; x_wconf 90' lang='lat' dir='ltr'><strong>illo</strong></span> <span class='ocrx_word' id='word_1_776' title='bbox 1130 5672 1312 5724; x_wconf 86' lang='lat' dir='ltr'><strong>relicto</strong></span> <span class='ocrx_word' id='word_1_777' title='bbox 1347 5669 1617 5740; x_wconf 84' lang='lat' dir='ltr'><strong>fugerunt,</strong></span> <span class='ocrx_word' id='word_1_778' title='bbox 1649 5669 1742 5724; x_wconf 83' lang='lat' dir='ltr'><strong>sed</strong></span> <span class='ocrx_word' id='word_1_779' title='bbox 1771 5669 2035 5723; x_wconf 80' lang='lat' dir='ltr'><strong>excitatus</strong></span> <span class='ocrx_word' id='word_1_780' title='bbox 2062 5679 2143 5720; x_wconf 61' lang='lat' dir='ltr'><strong>est</strong></span> 
     </span>
    </p>
   </div>
   <div class='ocr_carea' id='block_1_103' title="bbox 578 5760 2140 5825">
    <p class='ocr_par' dir='ltr' id='par_1_103' title="bbox 578 5760 2140 5825">
     <span class='ocr_line' id='line_1_104' title="bbox 578 5760 2140 5825; baseline -0.004 -10"><span class='ocrx_word' id='word_1_781' title='bbox 578 5763 829 5815; x_wconf 83' lang='lat' dir='ltr'><strong>Dominus</strong></span> <span class='ocrx_word' id='word_1_782' title='bbox 860 5780 888 5814; x_wconf 89' lang='lat' dir='ltr'><strong>a</strong></span> <span class='ocrx_word' id='word_1_783' title='bbox 922 5777 1133 5823; x_wconf 83' lang='lat' dir='ltr'><strong>somno,</strong></span> <span class='ocrx_word' id='word_1_784' title='bbox 1176 5763 1273 5814; x_wconf 89' lang='lat' dir='ltr'><strong>hoc</strong></span> <span class='ocrx_word' id='word_1_785' title='bbox 1305 5770 1410 5825; x_wconf 85' lang='lat' dir='ltr'><strong>est,</strong></span> <span class='ocrx_word' id='word_1_786' title='bbox 1452 5760 1720 5814; x_wconf 79' lang='lat' dir='ltr'><strong>surrexit:</strong></span> <span class='ocrx_word' id='word_1_787' title='bbox 1768 5760 1910 5814; x_wconf 88' lang='lat' dir='ltr'><strong>unde</strong></span> <span class='ocrx_word' id='word_1_788' title='bbox 1938 5760 2140 5813; x_wconf 69' lang='lat' dir='ltr'><strong>reddita</strong></span> 
     </span>
    </p>
   </div>
   <div class='ocr_carea' id='block_1_104' title="bbox 575 5853 2138 5926">
    <p class='ocr_par' dir='ltr' id='par_1_104' title="bbox 575 5853 2138 5926">
     <span class='ocr_line' id='line_1_105' title="bbox 575 5853 2138 5926; baseline -0.003 -14"><span class='ocrx_word' id='word_1_789' title='bbox 575 5856 851 5926; x_wconf 84' lang='lat' dir='ltr'><strong>discipulis</strong></span> <span class='ocrx_word' id='word_1_790' title='bbox 887 5857 1264 5925; x_wconf 82' lang='lat' dir='ltr'><strong>tranquillitas.</strong></span> <span class='ocrx_word' id='word_1_791' title='bbox 1299 5853 1456 5910; x_wconf 73' lang='lat' dir='ltr'><strong>Venit</strong></span> <span class='ocrx_word' id='word_1_792' title='bbox 1484 5855 1625 5909; x_wconf 79' lang='lat' dir='ltr'><strong>enim</strong></span> <span class='ocrx_word' id='word_1_793' title='bbox 1650 5856 1712 5909; x_wconf 85' lang='lat' dir='ltr'><strong>ad</strong></span> <span class='ocrx_word' id='word_1_794' title='bbox 1744 5867 1858 5910; x_wconf 87' lang='lat' dir='ltr'><strong>eos.</strong></span> <span class='ocrx_word' id='word_1_795' title='bbox 1902 5867 1961 5907; x_wconf 83' lang='lat' dir='ltr'><strong>ac</strong></span> <span class='ocrx_word' id='word_1_796' title='bbox 1985 5853 2138 5907; x_wconf 67' lang='lat' dir='ltr'><strong>dixit.</strong></span> 
     </span>
    </p>
   </div>
   <div class='ocr_carea' id='block_1_105' title="bbox 2244 4649 3819 4724">
    <p class='ocr_par' dir='ltr' id='par_1_105' title="bbox 2244 4649 3819 4724">
     <span class='ocr_line' id='line_1_106' title="bbox 2244 4649 3819 4724; baseline 0.006 -23"><span class='ocrx_word' id='word_1_797' title='bbox 2244 4649 2625 4719; x_wconf 75' lang='grc' dir='ltr'>ροφορήθησαν</span> <span class='ocrx_word' id='word_1_798' title='bbox 2680 4650 2746 4701; x_wconf 85' lang='grc' dir='ltr'>ἂν</span> <span class='ocrx_word' id='word_1_799' title='bbox 2779 4649 2854 4712; x_wconf 79' lang='grc' dir='ltr'>ὡς</span> <span class='ocrx_word' id='word_1_800' title='bbox 2886 4651 3146 4704; x_wconf 71' lang='grc' dir='ltr'>ἀδύνατοι</span> <span class='ocrx_word' id='word_1_801' title='bbox 3192 4653 3342 4705; x_wconf 81' lang='grc' dir='ltr'>ἐστιν</span> <span class='ocrx_word' id='word_1_802' title='bbox 3375 4654 3673 4708; x_wconf 77' lang='grc' dir='ltr'>ἀπολέσθαι</span> <span class='ocrx_word' id='word_1_803' title='bbox 3719 4659 3819 4724; x_wconf 57' lang='grc' dir='ltr'><strong>αξ·</strong></span> 
     </span>
    </p>
   </div>
   <div class='ocr_carea' id='block_1_106' title="bbox 2235 4741 3822 4815">
    <p class='ocr_par' dir='ltr' id='par_1_106' title="bbox 2235 4741 3822 4815">
     <span class='ocr_line' id='line_1_107' title="bbox 2235 4741 3822 4815; baseline 0.006 -23"><span class='ocrx_word' id='word_1_804' title='bbox 2235 4742 2382 4805; x_wconf 83' lang='grc' dir='ltr'>τοὺς,</span> <span class='ocrx_word' id='word_1_805' title='bbox 2424 4741 2674 4804; x_wconf 58' lang='grc' dir='ltr'>σανόντος</span> <span class='ocrx_word' id='word_1_806' title='bbox 2725 4743 2908 4807; x_wconf 75' lang='grc' dir='ltr'>αὐτοῖς</span> <span class='ocrx_word' id='word_1_807' title='bbox 2963 4742 3054 4795; x_wconf 87' lang='grc' dir='ltr'><strong>τοῦ</strong></span> <span class='ocrx_word' id='word_1_808' title='bbox 3105 4746 3281 4798; x_wconf 81' lang='grc' dir='ltr'>πάντα</span> <span class='ocrx_word' id='word_1_809' title='bbox 3331 4744 3627 4815; x_wconf 69' lang='grc' dir='ltr'>ἰσχύοντος.</span> <span class='ocrx_word' id='word_1_810' title='bbox 3676 4748 3732 4800; x_wconf 89' lang='grc' dir='ltr'><strong>Ὀ</strong></span> <span class='ocrx_word' id='word_1_811' title='bbox 3765 4749 3822 4802; x_wconf 81' lang='grc' dir='ltr'>δὲ</span> 
     </span>
    </p>
   </div>
   <div class='ocr_carea' id='block_1_107' title="bbox 2235 4829 3818 4903">
    <p class='ocr_par' dir='ltr' id='par_1_107' title="bbox 2235 4829 3818 4903">
     <span class='ocr_line' id='line_1_108' title="bbox 2235 4829 3818 4903; baseline 0.004 -22"><span class='ocrx_word' id='word_1_812' title='bbox 2235 4830 2503 4900; x_wconf 68' lang='grc' dir='ltr'>ἐγερθεὶς,</span> <span class='ocrx_word' id='word_1_813' title='bbox 2536 4831 2836 4899; x_wconf 73' lang='grc' dir='ltr'>ἐπετίμησε</span> <span class='ocrx_word' id='word_1_814' title='bbox 2888 4829 2964 4900; x_wconf 81' lang='grc' dir='ltr'>τῷ</span> <span class='ocrx_word' id='word_1_815' title='bbox 2995 4831 3204 4902; x_wconf 79' lang='grc' dir='ltr'>ἀνέμῳ.</span> <span class='ocrx_word' id='word_1_816' title='bbox 3237 4832 3444 4902; x_wconf 64' lang='grc' dir='ltr'>’Λφῆκε</span> <span class='ocrx_word' id='word_1_817' title='bbox 3473 4833 3586 4903; x_wconf 63' lang='grc' dir='ltr'><strong>γὰρ</strong></span> <span class='ocrx_word' id='word_1_818' title='bbox 3618 4834 3818 4897; x_wconf 63' lang='grc' dir='ltr'>αὐτοὺς</span> 
     </span>
    </p>
   </div>
   <div class='ocr_carea' id='block_1_108' title="bbox 2238 4923 3820 4997">
    <p class='ocr_par' dir='ltr' id='par_1_108' title="bbox 2238 4923 3820 4997">
     <span class='ocr_line' id='line_1_109' title="bbox 2238 4923 3820 4997; baseline 0.004 -25"><span class='ocrx_word' id='word_1_819' title='bbox 2238 4923 2599 4991; x_wconf 53' lang='grc' dir='ltr'>τέμχθιρρτι,</span> <span class='ocrx_word' id='word_1_820' title='bbox 2635 4923 2720 4976; x_wconf 79' lang='grc' dir='ltr'><strong>ἵνα</strong></span> <span class='ocrx_word' id='word_1_821' title='bbox 2759 4924 2852 4974; x_wconf 69' lang='grc' dir='ltr'><strong>καὶ</strong></span> <span class='ocrx_word' id='word_1_822' title='bbox 2899 4925 3281 4994; x_wconf 77' lang='grc' dir='ltr'>ἑμφανεστέρα</span> <span class='ocrx_word' id='word_1_823' title='bbox 3324 4926 3550 4994; x_wconf 80' lang='grc' dir='ltr'>γένηται</span> <span class='ocrx_word' id='word_1_824' title='bbox 3584 4929 3615 4997; x_wconf 73' lang='grc' dir='ltr'><strong>ἡ</strong></span> <span class='ocrx_word' id='word_1_825' title='bbox 3652 4928 3820 4980; x_wconf 76' lang='grc' dir='ltr'>αὑτοῦ</span> 
     </span>
    </p>
   </div>
   <div class='ocr_carea' id='block_1_109' title="bbox 2237 5013 3820 5089">
    <p class='ocr_par' dir='ltr' id='par_1_109' title="bbox 2237 5013 3820 5089">
     <span class='ocr_line' id='line_1_110' title="bbox 2237 5013 3820 5089; baseline 0.004 -24"><span class='ocrx_word' id='word_1_826' title='bbox 2237 5013 2486 5084; x_wconf 75' lang='grc' dir='ltr'>δύναμις.</span> <span class='ocrx_word' id='word_1_827' title='bbox 2545 5015 2828 5085; x_wconf 75' lang='grc' dir='ltr'>Εἰώθαμεν</span> <span class='ocrx_word' id='word_1_828' title='bbox 2877 5018 2986 5087; x_wconf 82' lang='grc' dir='ltr'><strong>γάρ</strong></span> <span class='ocrx_word' id='word_1_829' title='bbox 3047 5018 3097 5070; x_wconf 89' lang='grc' dir='ltr'>οἱ</span> <span class='ocrx_word' id='word_1_830' title='bbox 3142 5017 3422 5088; x_wconf 78' lang='grc' dir='ltr'>ἄνθρωποι</span> <span class='ocrx_word' id='word_1_831' title='bbox 3461 5021 3578 5072; x_wconf 72' lang='grc' dir='ltr'>τότε</span> <span class='ocrx_word' id='word_1_832' title='bbox 3614 5022 3820 5089; x_wconf 52' lang='grc' dir='ltr'>μάλλον</span> 
     </span>
    </p>
   </div>
   <div class='ocr_carea' id='block_1_110' title="bbox 2242 5107 3813 5178">
    <p class='ocr_par' dir='ltr' id='par_1_110' title="bbox 2242 5107 3813 5178">
     <span class='ocr_line' id='line_1_111' title="bbox 2242 5107 3813 5178; baseline 0.004 -22"><span class='ocrx_word' id='word_1_833' title='bbox 2242 5107 2601 5177; x_wconf 84' lang='grc' dir='ltr'>μνημονεύειν</span> <span class='ocrx_word' id='word_1_834' title='bbox 2642 5109 2734 5161; x_wconf 81' lang='grc' dir='ltr'><strong>τοῦ</strong></span> <span class='ocrx_word' id='word_1_835' title='bbox 2776 5109 3070 5173; x_wconf 67' lang='grc' dir='ltr'>σώσαντος,</span> <span class='ocrx_word' id='word_1_836' title='bbox 3111 5111 3240 5162; x_wconf 77' lang='grc' dir='ltr'>ὅταν</span> <span class='ocrx_word' id='word_1_837' title='bbox 3270 5110 3378 5162; x_wconf 77' lang='grc' dir='ltr'><strong>ἀπὸ</strong></span> <span class='ocrx_word' id='word_1_838' title='bbox 3417 5110 3674 5178; x_wconf 63' lang='grc' dir='ltr'>μεγάλων</span> <span class='ocrx_word' id='word_1_839' title='bbox 3707 5132 3813 5165; x_wconf 64' lang='grc' dir='ltr'>κιν.</span> 
     </span>
    </p>
   </div>
   <div class='ocr_carea' id='block_1_111' title="bbox 2237 5198 3819 5273">
    <p class='ocr_par' dir='ltr' id='par_1_111' title="bbox 2237 5198 3819 5273">
     <span class='ocr_line' id='line_1_112' title="bbox 2237 5198 3819 5273; baseline 0.004 -24"><span class='ocrx_word' id='word_1_840' title='bbox 2237 5198 2407 5250; x_wconf 82' lang='grc' dir='ltr'>δύνων</span> <span class='ocrx_word' id='word_1_841' title='bbox 2439 5201 2585 5268; x_wconf 74' lang='grc' dir='ltr'>ἡμᾶς</span> <span class='ocrx_word' id='word_1_842' title='bbox 2612 5198 2878 5270; x_wconf 70' lang='grc' dir='ltr'>ἐξέληται.</span> <span class='ocrx_word' id='word_1_843' title='bbox 2906 5201 3002 5253; x_wconf 75' lang='grc' dir='ltr'><strong>Διὰ</strong></span> <span class='ocrx_word' id='word_1_844' title='bbox 3031 5200 3189 5254; x_wconf 80' lang='grc' dir='ltr'>τοῦτο</span> <span class='ocrx_word' id='word_1_845' title='bbox 3213 5203 3314 5254; x_wconf 77' lang='grc' dir='ltr'><strong>οὐκ</strong></span> <span class='ocrx_word' id='word_1_846' title='bbox 3337 5204 3392 5254; x_wconf 81' lang='grc' dir='ltr'><strong>ἐν</strong></span> <span class='ocrx_word' id='word_1_847' title='bbox 3421 5204 3586 5273; x_wconf 76' lang='grc' dir='ltr'>ἀρχῇ,</span> <span class='ocrx_word' id='word_1_848' title='bbox 3609 5205 3726 5258; x_wconf 70' lang='grc' dir='ltr'><strong>ἀλλ’</strong></span> <span class='ocrx_word' id='word_1_849' title='bbox 3760 5209 3819 5256; x_wconf 77' lang='grc' dir='ltr'><strong>ἐν</strong></span> 
     </span>
    </p>
   </div>
   <div class='ocr_carea' id='block_1_112' title="bbox 2241 5292 3817 5366">
    <p class='ocr_par' dir='ltr' id='par_1_112' title="bbox 2241 5292 3817 5366">
     <span class='ocr_line' id='line_1_113' title="bbox 2241 5292 3817 5366; baseline 0.005 -24"><span class='ocrx_word' id='word_1_850' title='bbox 2241 5293 2390 5361; x_wconf 76' lang='grc' dir='ltr'>ἀκμῇ</span> <span class='ocrx_word' id='word_1_851' title='bbox 2415 5292 2506 5343; x_wconf 80' lang='grc' dir='ltr'><strong>τοῦ</strong></span> <span class='ocrx_word' id='word_1_852' title='bbox 2539 5292 2781 5344; x_wconf 69' lang='grc' dir='ltr'>κινδύνου</span> <span class='ocrx_word' id='word_1_853' title='bbox 2805 5293 3095 5354; x_wconf 65' lang='grc' dir='ltr'>διαναστὲις</span> <span class='ocrx_word' id='word_1_854' title='bbox 3123 5295 3312 5357; x_wconf 66' lang='grc' dir='ltr'>αὐτοὺς</span> <span class='ocrx_word' id='word_1_855' title='bbox 3335 5295 3557 5347; x_wconf 69' lang='grc' dir='ltr'>ἔσωςεν.</span> <span class='ocrx_word' id='word_1_856' title='bbox 3589 5298 3730 5366; x_wconf 70' lang='grc' dir='ltr'><strong>Ὅρα⁵</strong></span> <span class='ocrx_word' id='word_1_857' title='bbox 3763 5301 3817 5350; x_wconf 64' lang='grc' dir='ltr'>εξ</span> 
     </span>
    </p>
   </div>
   <div class='ocr_carea' id='block_1_113' title="bbox 2241 5389 3818 5461">
    <p class='ocr_par' dir='ltr' id='par_1_113' title="bbox 2241 5389 3818 5461">
     <span class='ocr_line' id='line_1_114' title="bbox 2241 5389 3818 5461; baseline 0.003 -22"><span class='ocrx_word' id='word_1_858' title='bbox 2241 5394 2332 5440; x_wconf 77' lang='grc' dir='ltr'><strong>καὶ</strong></span> <span class='ocrx_word' id='word_1_859' title='bbox 2376 5389 2762 5455; x_wconf 78' lang='grc' dir='ltr'>ἁναγωγικῶς,</span> <span class='ocrx_word' id='word_1_860' title='bbox 2797 5390 2876 5442; x_wconf 82' lang='grc' dir='ltr'><strong>ὅτι</strong></span> <span class='ocrx_word' id='word_1_861' title='bbox 2907 5391 3072 5450; x_wconf 72' lang='grc' dir='ltr'>τύπος</span> <span class='ocrx_word' id='word_1_862' title='bbox 3107 5391 3223 5443; x_wconf 78' lang='grc' dir='ltr'>ἐστὶ</span> <span class='ocrx_word' id='word_1_863' title='bbox 3256 5392 3416 5444; x_wconf 70' lang='grc' dir='ltr'>τοῦτο</span> <span class='ocrx_word' id='word_1_864' title='bbox 3447 5392 3539 5444; x_wconf 78' lang='grc' dir='ltr'><strong>τοῦ</strong></span> <span class='ocrx_word' id='word_1_865' title='bbox 3591 5391 3818 5461; x_wconf 69' lang='grc' dir='ltr'>ὕστερον</span> 
     </span>
    </p>
   </div>
   <div class='ocr_carea' id='block_1_114' title="bbox 2244 5485 3820 5556">
    <p class='ocr_par' dir='ltr' id='par_1_114' title="bbox 2244 5485 3820 5556">
     <span class='ocr_line' id='line_1_115' title="bbox 2244 5485 3820 5556; baseline 0.002 -21"><span class='ocrx_word' id='word_1_866' title='bbox 2244 5488 2369 5553; x_wconf 78' lang='grc' dir='ltr'>περὶ</span> <span class='ocrx_word' id='word_1_867' title='bbox 2416 5487 2540 5546; x_wconf 70' lang='grc' dir='ltr'>τοὺς</span> <span class='ocrx_word' id='word_1_868' title='bbox 2593 5485 2837 5554; x_wconf 73' lang='grc' dir='ltr'>μαθητὰς</span> <span class='ocrx_word' id='word_1_869' title='bbox 2895 5485 3222 5551; x_wconf 73' lang='grc' dir='ltr'>συμϐάντος.</span> <span class='ocrx_word' id='word_1_870' title='bbox 3287 5488 3468 5556; x_wconf 80' lang='grc' dir='ltr'>Λίμνη</span> <span class='ocrx_word' id='word_1_871' title='bbox 3509 5488 3750 5555; x_wconf 74' lang='grc' dir='ltr'>μὲνγὰρ</span> <span class='ocrx_word' id='word_1_872' title='bbox 3789 5489 3820 5552; x_wconf 75' lang='grc' dir='ltr'>ἡ</span> 
     </span>
    </p>
   </div>
   <div class='ocr_carea' id='block_1_115' title="bbox 2255 5575 3820 5646">
    <p class='ocr_par' dir='ltr' id='par_1_115' title="bbox 2255 5575 3820 5646">
     <span class='ocr_line' id='line_1_116' title="bbox 2255 5575 3820 5646; baseline -0.001 -20"><span class='ocrx_word' id='word_1_873' title='bbox 2255 5575 2502 5637; x_wconf 65' lang='grc' dir='ltr'>Ἰουδαία,</span> <span class='ocrx_word' id='word_1_874' title='bbox 2533 5578 2657 5646; x_wconf 76' lang='grc' dir='ltr'>περὶ</span> <span class='ocrx_word' id='word_1_875' title='bbox 2693 5576 2757 5644; x_wconf 84' lang='grc' dir='ltr'>ἢν</span> <span class='ocrx_word' id='word_1_876' title='bbox 2805 5580 3012 5643; x_wconf 81' lang='grc' dir='ltr'>κατέὸη</span> <span class='ocrx_word' id='word_1_877' title='bbox 3047 5576 3245 5643; x_wconf 65' lang='grc' dir='ltr'>λαίλαψ</span> <span class='ocrx_word' id='word_1_878' title='bbox 3298 5577 3470 5646; x_wconf 76' lang='grc' dir='ltr'>πολλὴ</span> <span class='ocrx_word' id='word_1_879' title='bbox 3524 5579 3622 5646; x_wconf 72' lang='grc' dir='ltr'>τῆς</span> <span class='ocrx_word' id='word_1_880' title='bbox 3680 5579 3820 5630; x_wconf 75' lang='grc' dir='ltr'><strong>κατά</strong></span> 
     </span>
    </p>
   </div>
   <div class='ocr_carea' id='block_1_116' title="bbox 2245 5664 3820 5736">
    <p class='ocr_par' dir='ltr' id='par_1_116' title="bbox 2245 5664 3820 5736">
     <span class='ocr_line' id='line_1_117' title="bbox 2245 5664 3820 5736; baseline -0.001 -18"><span class='ocrx_word' id='word_1_881' title='bbox 2245 5667 2480 5736; x_wconf 76' lang='grc' dir='ltr'>Χριστοῦ</span> <span class='ocrx_word' id='word_1_882' title='bbox 2504 5667 2719 5735; x_wconf 76' lang='grc' dir='ltr'>μανίας,</span> <span class='ocrx_word' id='word_1_883' title='bbox 2742 5667 2805 5735; x_wconf 78' lang='grc' dir='ltr'>ἦν</span> <span class='ocrx_word' id='word_1_884' title='bbox 2829 5667 3110 5735; x_wconf 79' lang='grc' dir='ltr'>ἐμάνησαν</span> <span class='ocrx_word' id='word_1_885' title='bbox 3129 5667 3177 5718; x_wconf 84' lang='grc' dir='ltr'>οἱ</span> <span class='ocrx_word' id='word_1_886' title='bbox 3197 5666 3440 5718; x_wconf 76' lang='grc' dir='ltr'>Ἰουδαῖοι</span> <span class='ocrx_word' id='word_1_887' title='bbox 3458 5664 3820 5735; x_wconf 52' lang='grc' dir='ltr'>στα-ἀροῦντες</span> 
     </span>
    </p>
   </div>
   <div class='ocr_carea' id='block_1_117' title="bbox 2245 5758 3818 5829">
    <p class='ocr_par' dir='ltr' id='par_1_117' title="bbox 2245 5758 3818 5829">
     <span class='ocr_line' id='line_1_118' title="bbox 2245 5758 3818 5829; baseline -0.003 -20"><span class='ocrx_word' id='word_1_888' title='bbox 2245 5759 2334 5810; x_wconf 74' lang='grc' dir='ltr'>τὸν</span> <span class='ocrx_word' id='word_1_889' title='bbox 2362 5760 2586 5828; x_wconf 78' lang='grc' dir='ltr'>Κύριον.</span> <span class='ocrx_word' id='word_1_890' title='bbox 2623 5759 3035 5829; x_wconf 72' lang='grc' dir='ltr'>Ἐταρὰχθησαν</span> <span class='ocrx_word' id='word_1_891' title='bbox 3058 5759 3112 5810; x_wconf 75' lang='grc' dir='ltr'>δὲ</span> <span class='ocrx_word' id='word_1_892' title='bbox 3137 5760 3226 5811; x_wconf 75' lang='grc' dir='ltr'><strong>καὶ</strong></span> <span class='ocrx_word' id='word_1_893' title='bbox 3259 5759 3306 5810; x_wconf 72' lang='grc' dir='ltr'><strong>οἱ</strong></span> <span class='ocrx_word' id='word_1_894' title='bbox 3334 5758 3594 5827; x_wconf 74' lang='grc' dir='ltr'>μαθηταί·</span> <span class='ocrx_word' id='word_1_895' title='bbox 3623 5759 3818 5816; x_wconf 67' lang='grc' dir='ltr'>πάντες</span> 
     </span>
    </p>
   </div>
   <div class='ocr_carea' id='block_1_118' title="bbox 2245 5850 3816 5925">
    <p class='ocr_par' dir='ltr' id='par_1_118' title="bbox 2245 5850 3816 5925">
     <span class='ocr_line' id='line_1_119' title="bbox 2245 5850 3816 5925; baseline -0.001 -20"><span class='ocrx_word' id='word_1_896' title='bbox 2245 5851 2354 5924; x_wconf 67' lang='grc' dir='ltr'><strong>γὰρ</strong></span> <span class='ocrx_word' id='word_1_897' title='bbox 2385 5853 2614 5922; x_wconf 78' lang='grc' dir='ltr'>ἀφέντες</span> <span class='ocrx_word' id='word_1_898' title='bbox 2671 5854 2833 5908; x_wconf 74' lang='grc' dir='ltr'>αὑτὸν</span> <span class='ocrx_word' id='word_1_899' title='bbox 2874 5851 3102 5919; x_wconf 71' lang='grc' dir='ltr'>ἔφυγον,</span> <span class='ocrx_word' id='word_1_900' title='bbox 3147 5853 3264 5906; x_wconf 78' lang='grc' dir='ltr'>ἀλλ’</span> <span class='ocrx_word' id='word_1_901' title='bbox 3297 5850 3512 5922; x_wconf 76' lang='grc' dir='ltr'>ἠγέρθη</span> <span class='ocrx_word' id='word_1_902' title='bbox 3561 5855 3592 5906; x_wconf 76' lang='grc' dir='ltr'><strong>ὸ</strong></span> <span class='ocrx_word' id='word_1_903' title='bbox 3620 5851 3816 5925; x_wconf 75' lang='grc' dir='ltr'>Κύριος</span> 
     </span>
    </p>
   </div>
  </div>
