4030 6460
228 430 328 494 805

877 416 1317 480 ΕΝΑΗΠΑἹῚΟ
1357 418 1380 477 Ι
1390 418 1436 478 Ν
1477 417 1828 479 EVANGEL

1941 418 1979 476 ιι
2022 416 2257 478 LUCIE.
2291 442 2358 456 -—
2394 417 2553 479 CAP.
2601 417 2762 479 VIII.

3434 418 3539 480 806

229 539 334 595 ἀπὸ
381 537 477 590 τοῦ
532 533 724 596 ὕπνου,
779 530 1059 584 τουτέστιν
1113 528 1336 597 ἀνέστη,
1391 529 1486 581 καὶ
1542 528 1706 581 πάλιν
1767 528 1816 578 οἱ

1941 526 2036 580 “ax
2097 528 2271 582 vobis.
2306 526 2373 582 Et
2425 527 2538 582 huic
2570 529 2787 597 quidem
2845 543 2939 594 per
2984 528 3334 600 anagogiam.
3382 527 3536 596 Quod

234 631 474 702 μαθηταὶ
522 629 578 680 ἐν
634 626 866 695 γαλήνῃ.
914 623 1175 685 Ἐπιστὰς
1231 623 1339 692 γὰρ
1380 623 1587 684 αὐτοῖς,
1630 617 1824 672 εἶπεν·

235 723 440 792 Εἰρήνη
484 720 630 788 ὑμῖν.
684 717 795 770 Καὶ
834 721 1011 768 ταῦτα
1053 713 1151 782 μὲν
1206 711 1591 779 ἀναγωγικῶς.
1627 709 1702 762 Τὸ
1739 709 1827 773 δὲ,

231 813 323 876 Τίς
348 814 458 882 ἄρα
510 801 661 870 οὗτος
699 809 882 867 ἐστινς
923 804 1020 874 οὐχ
1067 804 1141 866 ὡς
1172 802 1505 872 ἀποροῦντες
1554 800 1827 867 λέγουσιν,

233 904 364 960 ἀλλὰ
424 899 834 972 θαυμάζοντες·
891 897 967 959 ὡς
1021 897 1086 948 ἂν
1125 899 1172 948 εἰ
1231 895 1404 955 οὕτως
1461 893 1685 960 ελεγον·
1733 891 1829 952 Τίς

234 998 376 1048 ἐστιν
410 985 590 1056 οὗτος,
645 989 765 1040 ἀντὶ
793 986 910 1051 τοῦ,
949 984 1116 1046 πόσος
1155 984 1248 1037 καὶ
1281 982 1513 1052 πηλίκος
1555 981 1652 1034 καὶ
1693 977 1823 1043 οἷος,

234 1085 323 1139 καί⁸
352 1087 411 1136 ἐν
451 1084 554 1155 ὅσῃ
586 1079 804 1148 ἐξουσία
833 1079 929 1130 καὶ
956 1077 1184 1146 δυνάμει
1215 1074 1387 1127 ταῦτα
1425 1075 1606 1137 ποιεῖς

307 1197 324 1228 t
367 1176 481 1230 Καὶ
524 1173 902 1227 κατέπλευσαν
949 1171 1027 1231 εἰς
1067 1169 1165 1236 τὴν
1203 1165 1388 1236 χώραν
1429 1164 1539 1218 τῶν
1575 1162 1826 1232 Γαδαρη-

235 1269 378 1332 νῶν,
421 1268 544 1335 ῆτις
599 1265 750 1318 ἐστὶν
804 1261 1076 1330 ἀντίπερα
1116 1259 1212 1328 τῆς
1260 1256 1578 1317 Γαλιλαίας.
1645 1252 1829 1316 Ἐξελο

236 1359 377 1410 Οόντι
429 1356 485 1408 δὲ
519 1353 669 1423 αὐτῷ
700 1351 795 1404 ἐπὶ
839 1351 936 1421 τὴν
985 1352 1110 1418 γῆν,
1143 1348 1458 1417 ὑπήντησεν
1497 1346 1649 1415 αὐτῴ
1685 1345 1829 1413 ἁνήρ

235 1467 311 1512 τις
342 1452 408 1500 ἐκ
439 1449 536 1515 τῆς
565 1445 794 1506 πόλεως,
828 1444 886 1506 ὃς
922 1438 1035 1512 εἶχε
1070 1441 1327 1510 δαιμόνια
1363 1441 1426 1492 ἐκ
1458 1438 1667 1509 χρόνων
1705 1438 1828 1488 itu-

235 1541 358 1606 νῶν,
398 1541 491 1594 καὶ
521 1537 737 1607 ἱμάτιον
769 1535 868 1587 οὐκ
910 1532 1303 1597 ἐνεδιδύσκετο,
1337 1531 1432 1583 καὶ
1463 1533 1520 1582 ἐν
1555 1531 1703 1598 οἰκίᾳ
1728 1529 1828 1580 οὐκ

236 1635 445 1704 ἔμενεν,
469 1629 581 1686 ἀλλ’
614 1631 671 1680 ἐν
699 1632 809 1689 τοῖς
846 1617 1148 1697 μνήμασιν.
1188 1622 1335 1677 Ἰδὼν
1364 1623 1420 1674 δὲ
1457 1623 1548 1675 τὸν
1592 1620 1826 1691 Ἰησοῦν,

235 1727 326 1780 καὶ
358 1721 696 1794 ἀνακράξας,
731 1719 1074 1789 προσέπεσεν
1099 1715 1272 1786 αὐτῷ,
1299 1716 1394 1768 καὶ
1427 1716 1580 1785 φωνῇ
1610 1712 1825 1786 μεγάλῃ

235 1817 376 1874 εἷπε·
424 1818 489 1872 Τί
540 1817 665 1885 ἐμοὶ
721 1817 816 1868 καὶ
866 1813 972 1875 σοὶ,
1027 1812 1229 1882 Ἰησοῦ,
1261 1810 1357 1864 Υἱὲ
1402 1810 1496 1862 τοῦ
1540 1808 1677 1862 Θεοῦ
1732 1808 1827 1860 τοῦ

237 1914 455 1983 ὑψίστου
486 1929 499 1972 ;
527 1907 729 1972 Δέομαί
758 1923 870 1970 σου,
909 1905 983 1975 μή
1019 1920 1084 1974 με
1113 1901 1432 1975 βασανίσῃς.
1472 1900 1826 1971 Παρήγγελλε

235 2007 341 2076 γὰρ
369 2004 448 2075 τῷ
501 2004 778 2068 πνεύματι
830 1997 909 2068 τῷ
955 1996 1257 2065 ἀκαθάρτῳ
1309 1994 1545 2058 ἐξελθεῖν
1594 1993 1703 2046 ἀπὸ
1735 1993 1828 2046 τοῦ

235 2097 548 2168 ἀνθρώπου.
600 2093 823 2154 Πολλοῖς
863 2091 975 2159 γάρ
1014 2091 1226 2158 χρόνοις
1262 2087 1609 2157 συνηρπάκει
1643 2086 1826 2151 αὐτὸν,

238 2191 330 2243 καὶ
362 2188 642 2257 ὲδεσμεῖτο
666 2183 890 2238 ἁλύσεσι
930 2183 1022 2234 καὶ
1051 2181 1241 2240 πέδαις
1270 2178 1703 2248 φυλασσόμενος,
1740 2177 1831 2230 καὶ

234 2281 583 2353 διαρῤήσεων
617 2276 685 2330 τά
713 2276 889 2344 δεσμὰ
917 2272 1183 2343 ἠλαύνετο
1212 2271 1317 2323 ὑπὸ
1347 2269 1443 2323 τοῦ
1465 2270 1723 2340 ’δαίμονος
1752 2272 1841 2326 εἰς

233 2373 328 2435 τά;
365 2373 629 2443 ἐρήμους.
691 2363 1053 2436 Ἐπηρώτησε
1095 2364 1149 2416 δὲ
1191 2363 1354 2414 αὑτὸν
1403 2364 1431 2415 ὁ
1474 2362 1705 2431 Ἰησοῦς,
1740 2362 1830 2414 λέ-

235 2480 366 2532 γωνο
396 2465 463 2516 Τί
511 2461 595 2514 σοί
626 2462 776 2512 ἐστιν
810 2458 1020 2527 ὃνομα;
1094 2457 1150 2508 Ὀ
1183 2455 1237 2508 δὲ
1279 2451 1422 2508 εἷπε·
1459 2453 1697 2522 Λεγεὼν,
1751 2455 1831 2508 ὅτι

233 2557 490 2627 δαιμόνια
518 2551 691 2606 πολλά
729 2549 981 2618 εἰσῆλθον
1025 2549 1104 2608 εἰς
1144 2548 1330 2610 αὑτὸν,
1385 2547 1480 2598 καὶ
1529 2545 1832 2615 παρεκάλει

234 2651 424 2713 αὐτὸν,
460 2648 548 2700 ἴνα
574 2644 650 2716 μὴ
679 2641 912 2714 ἐπιτάξῃ
942 2641 1123 2702 αὐτοῖς
1157 2641 1236 2701 είς
1268 2640 1365 2710 τὴν
1389 2639 1628 2693 ἄϐυσσον
1664 2640 1832 2694 ἀπελ-

233 2743 369 2797 θεῖν.
399 2737 510 2793 'liv
541 2739 596 2791 ἑὲ
634 2739 749 2789 ἐκεί
785 2734 954 2803 ἀγέλη
1001 2734 1204 2802 χοίρων
1236 2731 1439 2784 ἱκανῶν
1472 2732 1824 2802 βοσκομένων

232 2838 292 2888 ἐν
320 2833 396 2902 τῷ
426 2831 564 2903 δρει,
593 2831 690 2882 καὶ
721 2827 1067 2897 παρεκάλουν
1094 2825 1259 2878 αὑτὸν
1301 2825 1390 2878 ἵνα
1419 2824 1696 2896 ἐπιτρέψῃ
1734 2824 1832 2876 αὑ·

233 2926 346 2986 τοῖς
380 2924 460 2985 είς
496 2919 736 2981 ἐκείνους
791 2915 1081 2977 εἰσελθεῖν,
1135 2915 1229 2967 καὶ
1285 2914 1589 2983 ἐπέτρεψεν
1624 2915 1828 2975 αὺτοῖς.

247 3014 567 3081 Ἐξελθόντα
595 3011 653 3064 δὲ
677 3011 745 3063 τὰ
777 3009 1031 3079 δαιμόνια
1053 3006 1161 3060 ἀπὸ
1184 3005 1278 3058 τοῦ
1309 3005 1620 3074 ἀνθρώπου,
1651 3007 1832 3076 εἰσῆλο

235 3108 328 3160 θον
372 3108 454 3167 είς
508 3106 636 3167 τοὺς
673 3102 912 3172 χοίρους.
950 3100 1060 3153 Καὶ
1105 3098 1366 3170 ὥρμησεν
1400 3100 1431 3168 ἡ
1480 3097 1654 3166 ἀγέλη
1689 3100 1833 3150 κατά

231 3199 330 3253 τοῦ
366 3193 616 3266 κρημνοῦ
649 3194 728 3257 είς
757 3193 856 3262 τὴν
887 3190 1103 3260 λίμνην,
1138 3191 1231 3241 καὶ
1277 3189 1577 3258 ἀπεπνίγη.
1625 3207 1644 3239 ι
1690 3189 1830 3257 Ὀρα

235 3294 328 3344 τὸν
350 3290 584 3357 δαίμονα
605 3285 727 3338 δυσὶ
756 3283 953 3344 κακίας
987 3281 1185 3334 πάθεσι
1217 3280 1598 3352 μεριζόμενον,
1631 3280 1825 3349 θράσει

235 3384 332 3437 καὶ
379 3381 550 3451 φόϐῳ.
605 3378 680 3430 Τὸ
730 3377 828 3446 μὲν
863 3376 972 3445 γὰρ
1027 3375 1228 3440 λέγειν,
1267 3373 1333 3425 Τί
1377 3374 1502 3442 ἐμοὶ
1551 3374 1646 3426 καὶ
1699 3373 1824 3437 σοί;

236 3474 470 3547 θρασέος
503 3471 597 3524 καὶ
626 3467 985 3537 ἀναισχύντου
1021 3464 1233 3529 δούλου,
1264 3466 1324 3517 τὸ
1359 3465 1438 3526 δὲ,
1471 3465 1676 3533 Δέομαί
1711 3481 1824 3528 σου,

236 3563 582 3636 φοῆουμένου
654 3560 791 3612 ἐστί.
849 3557 1105 3628 Κατῲκει
1157 3556 1212 3608 δέ
1282 3559 1340 3609 ὲν
1387 3559 1499 3618 τοῖς
1554 3557 1827 3625 μνήμασι,

236 3658 488 3725 πονηρὰν
522 3653 759 3707 ἐνθεῖναι
805 3655 916 3711 τοῖς
971 3649 1280 3719 ἀνθρώποις
1329 3649 1606 3717 ὑπόληψιν
1643 3647 1831 3718 βουλό-

238 3767 424 3819 μενος,
455 3750 538 3800 ὅτι
586 3747 643 3799 αἱ
689 3744 861 3813 ψυχαὶ
893 3742 1001 3794 τῶν
1035 3740 1418 3794 ἀποθανόντων
1447 3739 1703 3807 δαίμονες
1750 3738 1834 3808 γί-

235 3859 444 3897 νονται.
476 3839 764 3892 Δίτοῦνται
792 3837 848 3888 δὲ
876 3836 923 3887 οἱ
947 3835 1197 3904 δαίμονες
1230 3833 1304 3902 μὴ
1335 3830 1597 3883 εἰσελθεῖν
1632 3833 1712 3893 εἰς
1734 3830 1833 3898 τὴν

235 3935 504 3995 ἄϐυσσον,
555 3929 691 3984 ἀλλά
745 3925 1168 3996 συγχωρηθῆναι
1215 3923 1296 3973 ἔτι
1323 3924 1380 3972 ἐν
1414 3922 1480 3990 τῇ
1515 3922 1586 3989 γῇ
1623 3915 1836 3986 διατρί-

236 4026 378 4078 ϐειν.
427 4023 485 4075 ’0
521 4022 578 4074 δὲ
608 4018 812 4088 Κύριος
845 4017 1121 4084 συγχωρεῖ
1148 4015 1331 4076 αὐτοῖς
1366 4007 1508 4064 εἶναι
1552 4013 1609 4063 ὲν
1643 4012 1705 4080 τῇ
1740 4010 1833 4079 γῇ,

235 4121 318 4181 ὡς
368 4117 436 4168 ἂν
487 4112 815 4172 παλαίοντες
873 4111 984 4170 τοῖς
1036 4105 1378 4176 ἀνθρώποις,
1430 4103 1836 4172 δοκιμωτέρους

237 4208 442 4270 αὐτοὺς
473 4203 725 4257 ποιῶσιν.
765 4201 829 4255 El.
877 4200 985 4267 γὰρ
1022 4198 1096 4269 μὴ
1125 4195 1265 4269 ἦσαν
1294 4195 1601 4259 ἀντίπαλοι,
1635 4194 1736 4247 οὐκ
1771 4193 1837 4246 ἂν

234 4297 381 4371 ἦσαν
411 4298 641 4365 ἀγῶνες,
681 4294 778 4348 καὶ
806 4294 853 4346 εἰ
888 4294 962 4362 μὴ
1011 4286 1152 4361 ἦσαν
1185 4288 1418 4357 ἀγῶνες,
1453 4289 1553 4340 οὐκ
1595 4287 1662 4339 ἂν
1697 4282 1837 4354 ἦσαν

239 4392 523 4459 στέφανοι.
570 4387 728 4444 Μάθε
759 4385 816 4440 δὲ
866 4386 961 4438 καὶ
1008 4379 1526 4451 ἀναγωγικώτερον,
1559 4381 1642 4432 ὃτι
1690 4379 1840 4440 ὅστις

235 4485 357 4554 ἔχει
383 4482 642 4551 δαίμονας
675 4481 732 4531 ἐν
772 4476 975 4545 ἑαυτῷ,
1009 4476 1258 4528 τουτέστι
1324 4475 1643 4540 δαιμονικὰς
1693 4470 1836 4540 πρά-

1937 627 2116 673 autem
2149 619 2337 672 dicunt
2371 615 2674 682 :Quisuam
2717 617 2805 672 bic
2834 616 2960 672 est?
2998 631 3103 672 non
3147 627 3206 673 ut
3228 619 3540 674 dubitantes

1935 703 2142 769 dicunt,
2191 704 2286 758 sed
2327 707 2658 758 admirantes
2697 705 2892 774 :quasi
2937 706 3183 760 dicerent
3215 724 3228 761 :
3258 707 3393 772 Quis
3445 707 3537 761 liic

1934 805 2038 858 est,
2105 792 2205 847 hoc
2256 802 2360 860 est,
2397 805 2636 863 qua-ntus
2697 801 2752 847 et
2778 794 2977 862 qualis,
3020 803 3072 850 ct
3115 795 3171 850 in
3203 808 3404 867 quanta
3444 811 3541 867 po-

1937 892 2134 938 testate
2169 885 2282 938 IIIBC
2320 883 2451 938 facit
2481 883 2504 936 ?

2004 1159 2172 1218 Vens.
2228 1164 2300 1220 26
2337 1165 2426 1221 55.
2471 1184 2489 1217 ι
2556 1165 2622 1221 Et
2678 1166 3076 1234 navigaverunt
3126 1171 3192 1226 ad
3253 1171 3531 1242 regionem

1932 1254 2344 1312 Gadareuorum
2379 1273 2499 1327 quae
2530 1271 2614 1314 εει
2644 1271 2840 1315 contra
2873 1259 3176 1316 Galilaeam.
3219 1258 3282 1318 Et
3316 1280 3438 1319 Clllll
3471 1266 3538 1322 de

1935 1351 2055 1403 navi
2092 1365 2344 1421 egressus
2374 1365 2520 1408 esset
2547 1355 2612 1407 ad
2657 1363 2885 1420 terram,
2924 1357 3166 1411 occurrit
3200 1357 3274 1411 illi
3299 1357 3383 1412 vir
3413 1360 3536 1430 qui-

1933 1443 2055 1496 dam
2097 1458 2127 1495 e
2159 1442 2382 1498 civitate
2415 1447 2505 1515 qui
2546 1447 2780 1502 habebat
2808 1447 3074 1502 daemonia
3102 1449 3215 1518 jam
3251 1469 3278 1503 a
3324 1463 3536 1520 tenipo-

1935 1535 2086 1589 ribus
2119 1536 2327 1600 multis,
2363 1546 2417 1590 et
2455 1539 2783 1594 vestimento
2822 1554 2926 1594 non
2970 1543 3322 1606 induebatur,
3359 1559 3536 1612 neque

1935 1628 1986 1681 iu
2018 1627 2180 1682 domo
2212 1632 2487 1693 manebat,
2530 1633 2624 1686 sed
2675 1632 2727 1686 iu
2769 1635 3161 1689 monumentis.
3202 1634 3250 1688 ιε
3281 1645 3339 1689 ut
3367 1637 3537 1690 vidis-

1934 1729 2015 1772 set
2043 1717 2251 1788 Jcsuiu,
2282 1730 2335 1774 et
2387 1723 2776 1790 exclamasset,
2821 1725 3058 1792 procidit
3091 1739 3220 1781 ante
3255 1727 3426 1792 illum,
3472 1742 3537 1782 ac

1937 1824 2068 1864 voce
2104 1825 2297 1877 magna
2330 1813 2466 1866 dixit
2497 1831 2509 1866 :
2543 1807 2680 1879 Quid
2715 1815 2844 1868 milii
2894 1815 2968 1869 rei
3012 1825 3186 1870 tecum
3223 1826 3328 1880 est,
3381 1816 3534 1882 Jesu,

1858 1889 1904 1947 B
1934 1899 2034 1953 Fili
2093 1899 2184 1952 Dei
2242 1899 2538 1955 altissimi?
2588 1901 2836 1959 Obsecro
2878 1913 2950 1964 te,
3002 1918 3070 1956 ue
3117 1919 3204 1956 me
3254 1915 3533 1971 torqueas.

1935 1992 2299 2062 Praecipiebat
2325 1995 2469 2048 enim
2498 1995 2710 2065 spiritui
2746 1997 3029 2050 immundo
3063 2006 3117 2050 ut
3143 1997 3320 2050 exiret
3345 1999 3412 2050 ab
3441 1997 3540 2052 bo-

1936 2083 2102 2138 minc.
2139 2082 2484 2151 Frequenter
2519 2085 2664 2140 enim
2702 2086 3048 2153 corripuerat
3098 2085 3276 2149 illum,
3320 2096 3373 2139 et
3419 2085 3537 2139 vin-

1932 2174 2180 2229 ciebatur
2227 2175 2462 2239 catenis,
2503 2189 2556 2230 et
2588 2177 2944 2246 compedibus
2989 2178 3432 2243 custodiebatur,
3481 2185 3536 2232 et

1935 2268 2111 2338 ruptis
2138 2268 2375 2323 vinculis
2409 2271 2673 2338 agebatur
2703 2286 2732 2324 a
2781 2271 3053 2325 daemonio
3088 2271 3140 2325 in
3179 2272 3416 2325 deserta.
3453 2272 3558 2344 Ιηολ

1933 2360 2232 2430 terrogavit
2276 2371 2460 2414 autem
2511 2361 2662 2416 illum
2715 2360 2898 2427 Jesus,
2945 2361 3184 2418 dicens:
3234 2363 3387 2430 Quod
3443 2363 3538 2418 tibi

1934 2468 2131 2506 nomen
2178 2454 2305 2507 est?
2341 2455 2412 2506 At
2454 2453 2542 2507 ille
2580 2453 2758 2508 dixit:
2799 2453 2989 2526 Legio,
3032 2456 3157 2523 quia
3201 2455 3542 2511 intraverant

1935 2546 2202 2599 daunonia
2256 2547 2425 2601 multa
2474 2548 2527 2600 in
2581 2563 2727 2601 eum.
2772 2545 2836 2599 Et
2888 2558 3224 2619 rogaverunt
3261 2549 3411 2603 illum
3472 2565 3542 2605 ne

1935 2636 2238 2707 imperaret
2271 2638 2404 2706 ipsis
2436 2649 2494 2692 ut
2547 2638 2598 2692 iu
2650 2640 2914 2710 abyssum
2967 2640 3131 2696 irent.
3180 2642 3309 2697 Erat
3357 2652 3539 2698 autem

1937 2726 2005 2781 ibi
2043 2742 2176 2796 grex
2207 2740 2497 2797 porcorum
2535 2729 2832 2782 multorum
2868 2732 3214 2799 pascentium
3246 2735 3298 2786 iu
3331 2743 3539 2799 monte,

1935 2828 1989 2873 et
2020 2822 2286 2890 regabaut
2328 2835 2453 2875 eum
2504 2830 2561 2873 ut
2609 2823 2955 2890 permitteret
3009 2825 3145 2895 ipsis
3198 2826 3250 2880 iu
3305 2826 3424 2883 illos
3456 2829 3540 2883 iu-

1935 2913 2106 2977 greili.
2139 2910 2202 2964 Et
2245 2911 2492 2978 permisit
2535 2911 2659 2965 illis.
2701 2910 2969 2967 Exierunt
3010 2929 3141 2985 ergo
3174 2920 3440 2972 daemonia
3471 2919 3541 2974 ab

1937 3001 2178 3067 homine,
2216 3013 2271 3057 et
2320 3004 2663 3058 intraverunt
2706 3005 2756 3058 in
2798 3021 2995 3075 porcos
3027 3024 3042 3061 :
3082 3016 3137 3062 et
3168 3009 3372 3080 impetu
3404 3011 3541 3066 abiit

1936 3112 2065 3164 grex
2096 3112 2192 3166 per
2229 3111 2470 3167 przeceps
2506 3098 2556 3150 in
2607 3107 2883 3166 stagnum,
2947 3111 3004 3154 et
3037 3099 3335 3156 suffocatus
3367 3114 3474 3160 εει.
3514 3122 3534 3156 ι

1942 3185 2073 3240 Vide
2105 3190 2405 3242 daemonem
2450 3189 2667 3245 duabus
2698 3191 2856 3245 malis
2905 3190 3290 3248 alTectiouibus
3340 3199 3537 3261 teucri,

1937 3279 2164 3333 audacia
2209 3291 2264 3332 ct
2306 3281 2522 3336 timore.
2571 3280 2706 3336 Nam
2750 3284 2894 3352 quod
2929 3284 3064 3338 dicit
3096 3302 3109 3340 :
3147 3286 3284 3352 Quid
3324 3288 3454 3342 mihi
3488 3301 3542 3344 et

1936 3372 2030 3425 tibi
2060 3372 2084 3425 Ἰ
2114 3373 2338 3426 audacis
2361 3383 2416 3428 et
2441 3375 2771 3443 impudentis
2804 3376 2986 3443 servi;
3024 3379 3166 3447 quod
3199 3394 3329 3435 vero
3362 3381 3494 3436 dicit
3523 3397 3539 3436 :

1934 3460 2176 3517 Obsecro
2215 3471 2289 3523 te.
2326 3463 2571 3518 timentis
2609 3473 2712 3518 est.
2755 3464 2977 3520 Habitat
3014 3478 3197 3524 autem
3235 3471 3285 3523 in
3331 3488 3541 3525 tuonu-

1935 3554 2160 3617 mentis,
2195 3559 2251 3605 ut
2282 3552 2476 3607 malam
2513 3556 2879 3623 suspicionem
2918 3556 3194 3626 ingereret
3227 3558 3541 3616 hominibus

1937 3645 2080 3714 quod
2109 3645 2305 3698 anima:
2346 3646 2701 3700 morientium
2747 3648 3021 3703 daemones
3052 3649 3205 3705 ﬁant.
3243 3650 3414 3706 Porro
3447 3669 3544 3722 pe-

1941 3745 2061 3790 tuut
2106 3737 2381 3790 daemones
2416 3752 2483 3792 ne
2529 3736 2582 3790 in
2636 3739 2894 3808 abyssum
2933 3739 3337 3810 ingrediantur,
3367 3742 3542 3816 328

1938 3830 2032 3884 Sed
2067 3829 2116 3882 iu
2144 3839 2287 3882 terra
2312 3831 2703 3899 peruiittantur
2728 3831 2871 3886 ultra
2899 3831 3110 3886 versari
3139 3851 3153 3888 :
3180 3844 3234 3887 et
3273 3837 3538 3890 Dominus

1940 3923 2207 3993 p-riiiitlit
2253 3922 2372 3976 illos
2406 3937 2529 3977 esse
2571 3923 2623 3976 in
2660 3933 2830 3988 terra,
2873 3934 2931 3979 ut
2983 3937 3263 3982 certamen
3305 3928 3544 3983 habeant

1941 4031 2064 4070 cum
2102 4015 2436 4093 hominibus,
2479 4025 2534 4069 et
2583 4018 2922 4084 probatiores
2957 4018 3078 4072 illos
3121 4021 3368 4075 reddant.
3406 4019 3543 4076 Nam

1943 4108 1986 4162 si
2040 4123 2145 4161 non
2176 4118 2355 4162 essent
2392 4109 2711 4175 adversarii,
2763 4126 2940 4178 neque
2986 4115 3292 4166 certamina
3336 4126 3542 4182 essent,

1942 4209 1996 4255 et
2017 4200 2119 4254 nisi
2147 4202 2447 4255 certamina
2471 4212 2680 4263 essent,
2710 4217 2884 4272 neque
2909 4219 3126 4258 coronae
3157 4204 3356 4260 forent.
3385 4206 3545 4263 Disce

1943 4303 1998 4346 et
2025 4292 2281 4360 quiddam
2336 4293 2674 4348 subliniioris
2721 4298 3022 4366 auagogiac.
3071 4297 3331 4367 Quisquis
3383 4299 3547 4356 liabet

1945 4383 2088 4438 intra
2130 4399 2187 4438 se
2215 4385 2510 4448 daemones,
2538 4385 2642 4440 hoc
2689 4397 2771 4442 est
2809 4403 2973 4457 opera
3008 4390 3364 4454 dzeuiouiaca.
3395 4405 3544 4450 veste

1948 4493 2052 4530 non
2089 4478 2354 4540 induitur.
2385 4488 2536 4534 caret
2562 4483 2708 4533 enim
2746 4481 2884 4535 stola
2916 4498 3078 4552 quam
3113 4484 3164 4538 in
3221 4487 3547 4556 baptismate

238 4576 377 4639 ξεις,
423 4573 641 4642 ἱμάτιον
688 4571 789 4622 οὐκ
836 4566 1233 4628 ἐνόιδύσκεται,
1270 4568 1539 4626 τουτέστι,
1588 4562 1687 4633 τὴν
1731 4562 1832 4615 ἀπὸ

1947 4570 2181 4640 accepit,
2216 4580 2270 4625 et
2306 4570 2359 4624 in
2392 4569 2556 4628 domo
2588 4587 2695 4627 non
2740 4585 2946 4639 manet,
2982 4577 3083 4630 boc
3123 4586 3226 4644 est,
3266 4579 3320 4632 in
3354 4578 3538 4637 Eccle-

236 4667 336 4720 τοῦ
371 4665 749 4735 βαπτίσματος
797 4659 993 4728 στολὴν
1039 4660 1140 4710 οὐκ
1183 4658 1317 4727 ἔχει,
1371 4660 1465 4710 καὶ
1513 4657 1569 4709 ἐν
1600 4657 1747 4725 οἰκία
1776 4657 1837 4708 ου

241 4764 418 4832 μένει,
456 4757 740 4810 τουτέστιν
772 4756 829 4806 ἐν
873 4751 1197 4822 Ἐκκλησία.
1231 4751 1347 4804 Οὐκ
1378 4749 1526 4813 ἄξιος
1553 4749 1661 4819 γάρ
1691 4752 1839 4802 ἐστιν

238 4849 596 4922 εἰσέρχεσθαι
647 4851 707 4902 ἐν
747 4844 1210 4915 Ἐκκλησίᾳ,ἁλλ’
1263 4846 1319 4895 ἐν
1372 4845 1483 4905 τοῖς
1535 4845 1837 4911 μνήμασιν,

235 4947 362 5014 ἤτοι
387 4946 500 5004 τοῖς
523 4940 632 4993 τῶν
655 4938 863 5008 νεκρῶν
889 4937 1066 5006 ἔργων
1094 4935 1343 5005 δοχείοις,
1374 4930 1486 4986 οἷον
1538 4934 1834 5003 πορνείοις,

236 5035 572 5096 τελωνείοις·
614 5029 788 5085 ταῦτα
817 5031 928 5099 γάρ
959 5031 1201 5100 μνημεῖα
1232 5028 1430 5090 κακίας
1462 5028 1623 5081 εἰσίν.

317 5149 336 5178 ι
393 5127 619 5187 Ἰδόντες
651 5124 705 5176 6‘3
741 5125 789 5176 οί
836 5121 1126 5190 βόσκοντες
1163 5122 1222 5174 τὸ
1267 5122 1666 5190 γεγενημένον,
1710 5120 1840 5188 ἕλευ·

237 5238 362 5290 γον,
422 5220 517 5270 καὶ
570 5216 918 5287 ἀπήγγειλαν
964 5216 1044 5277 είς
1091 5215 1192 5283 τὴν
1225 5215 1403 5278 πόλιν,
1457 5214 1552 5266 καὶ
1587 5215 1666 5277 εἰς
1715 5213 1842 5276 τοὺς

239 5311 474 5381 ἀγρούς.
545 5307 798 5378 Ἑξῆλθον
846 5306 901 5358 δέ
948 5307 1078 5359 ἰδεῖν
1121 5306 1183 5360 τὸ
1228 5307 1481 5374 γεγονὸς,
1537 5307 1631 5358 καὶ
1677 5300 1839 5374 ἦλθον

239 5403 384 5473 πρὸς
419 5401 512 5452 τὸν
557 5399 786 5467 Ἰησοῦν,
820 5401 914 5451 καὶ
951 5392 1111 5468 εὗρον
1142 5397 1454 5468 καθήμενον
1497 5399 1590 5451 τὸν
1627 5399 1840 5468 ἄνθρω-

239 5511 372 5560 πον,
408 5493 502 5560 ἀφ’
529 5485 591 5546 οῦ
615 5491 684 5543 τὰ
709 5491 963 5560 δαιμόνια
993 5490 1328 5559 ἐξεληλύθει,
1356 5492 1719 5562 ἱματισμένον
1747 5493 1840 5544 καὶ

243 5582 650 5655 σωφρονοῦντα,
690 5582 842 5652 παρὰ
877 5584 1001 5646 τοὺς
1038 5582 1205 5646 πόδας
1228 5584 1321 5636 τοῦ
1362 5583 1561 5654 Ἰησοῦ,
1593 5587 1685 5638 καὶ
1718 5586 1844 5653 ἐφο-

241 5676 519 5747 ἧὴθησαν.
564 5675 932 5744 ’Λπήγγειλαν
958 5674 1012 5726 δὲ
1044 5675 1234 5738 αὐτοῖς
1265 5677 1359 5728 καὶ
1383 5679 1431 5728 οἱ
1469 5676 1688 5743 ἰδόντες,
1725 5678 1841 5739 πὼς

240 5769 427 5841 ἐσώθη
452 5771 479 5821 ό
506 5768 895 5837 δαιμονισθείς.
943 5767 1054 5821 Καὶ
1087 5768 1381 5839 ἠρώτησαν
1409 5770 1571 5823 αὐτὸν
1602 5769 1746 5822 ἅπαν
1783 5769 1840 5820 τῦ

241 5861 450 5932 ’πλῆθος
499 5861 598 5930 τῆς
647 5861 954 5931 περιχώρου
1012 5862 1116 5912 τίῖιν
1167 5864 1522 5932 Γαδαρςνιῖιν,
1578 5866 1882 5918 ἐπελθεῖν

1946 4663 2023 4716 sia
2053 4679 2068 4728 ;
2102 4663 2359 4731 indignus
2387 4666 2532 4718 enim
2560 4674 2643 4721 est
2676 4675 2734 4718 ut
2764 4667 3103 4736 ingrediatur
3135 4669 3187 4724 in
3215 4668 3540 4738 Ecclesiam,

1944 4757 2039 4809 sed
2071 4755 2123 4809 in
2161 4757 2550 4822 monumentis,
2588 4757 2689 4813 hoc
2713 4767 2815 4824 est,
2853 4759 2904 4811 in
2940 4769 3279 4814 mortuorum
3309 4778 3536 4830 operum

1946 4851 2324 4918 reccptacuiis,
2378 4859 2436 4903 ut
2486 4853 2537 4903 in
2587 4851 2904 4919 prostibulis
2966 4861 3020 4904 et
3068 4852 3281 4908 teloniis
3325 4864 3382 4908 et
3419 4853 3542 4910 aliis

1943 4942 2208 4994 scelerum
2236 4939 2464 4994 oﬂii-inis
2494 4951 2547 4996 et
2579 4943 2976 4997 monumentis.

2018 5138 2182 5193 Vsus.
2226 5139 2423 5194 δι-δυ.
2463 5157 2480 5191 t
2514 5137 2687 5193 Porro
2710 5149 2768 5192 ut
2797 5141 3052 5196 viderunt
3074 5143 3218 5213 quod
3244 5145 3540 5215 acciderat,

1944 5229 1998 5285 hi
2019 5232 2108 5295 qui
2130 5230 2444 5299 pascebant,
2466 5231 2748 5302 fugerunt,
2771 5246 2826 5288 et
2846 5251 3123 5290 rumorem
3151 5239 3543 5295 nuntiaverunt

1944 5324 1998 5377 in
2039 5325 2318 5378 civitatem
2352 5338 2416 5378 ac
2461 5325 2637 5379 villas.
2676 5326 2941 5381 Exierunt
2988 5341 3169 5384 autem
3211 5342 3268 5385 ut
3301 5335 3543 5388 viderent

1944 5417 2086 5485 quod
2126 5416 2329 5470 factum
2361 5429 2497 5471 erat.
2531 5418 2596 5472 Et
2628 5432 2894 5476 venerunt
2933 5425 2998 5474 ad
3042 5421 3249 5490 Jesuin,
3286 5437 3343 5482 et
3383 5426 3541 5481 inve-

1946 5517 2148 5561 ucruut
2199 5510 2472 5563 hominem
2526 5511 2805 5566 sedentem
2856 5530 2885 5566 a
2929 5530 3039 5584 quo
3071 5517 3338 5572 darmouia
3387 5518 3539 5574 exie-

1944 5612 2088 5666 rant,
2139 5603 2416 5667 vestitum,
2460 5618 2526 5657 ac
2557 5621 2689 5658 sana
2724 5619 2928 5676 mente,
2977 5611 3042 5661 ad
3085 5612 3249 5680 pedes
3296 5611 3445 5676 Jesu,
3485 5622 3541 5667 et

1947 5693 2265 5747 timuerunt.
2301 5693 2701 5750 Nuntiat/erunt
2747 5707 2926 5752 autem
2976 5699 3083 5755 illis
3121 5705 3284 5756 etiam
3324 5703 3414 5772 qui
3454 5703 3539 5756 vi-

1944 5784 2158 5848 derant,
2191 5786 2465 5853 quoiuodo
2496 5801 2663 5841 sanus
2695 5787 2870 5844 faetus
2905 5802 3048 5845 esset
3091 5793 3135 5846 is
3169 5794 3259 5862 qui
3293 5793 3539 5862 agitaba-

1949 5887 2088 5928 tura
2140 5877 2426 5931 dmencnio.
2484 5877 2544 5932 Et
2590 5894 2917 5953 rogaverunt
2951 5884 3101 5939 illttm
3143 5885 3322 5941 omnis
3355 5887 3538 5943 multi-
