4030 6448
488 349 593 411 807

1429 347 2010 409 THEOPHYLACTI
2062 344 2479 406 Βῐίῌῖλιὶ-ΗΞ
2522 339 2882 400 ARCiIlEl‘.

3696 328 3805 395 808

491 465 619 518 tudo
649 463 887 531 regionis
913 462 1349 527 Gadarenorum,
1383 474 1440 516 ut
1474 463 1781 517 discederet
1821 461 1889 515 ab
1925 461 2078 529 ipsis,

2208 459 2295 512 ἀπ’
2341 457 2545 515 αὐτῶν,
2593 457 2674 506 ὅτι
2704 454 2854 520 φόϐῳ
2888 450 3110 520 μεγαλῳ
3167 448 3501 516 συνεθέλοντο·
3554 446 3715 509 αὐτὸς
3753 446 3809 498 δὲ

486 558 612 624 quia
668 571 862 624 magno
911 555 1108 609 timore
1150 555 1493 610 tenebantur.
1551 553 1668 622 Ipse
1724 563 1905 608 autem
1944 567 2076 608 cun-

487 662 680 702 scensa
723 648 843 700 navi
878 662 1128 702 reversus
1157 659 1260 702 est.
1298 647 1606 715 Rogaverat
1638 647 1784 699 enim
1819 646 1967 699 illum
2003 647 2084 697 vir

489 757 516 788 ιι
572 751 679 806 quo
733 737 1000 790 daemonia
1041 737 1310 800 exierant,
1367 749 1424 789 ut
1475 751 1595 788 cum
1645 750 1712 789 eo
1765 744 1933 799 esset,
1989 735 2085 788 sed

487 827 759 896 ablegavit
783 842 906 882 eum
930 827 1106 896 Jesus,
1141 829 1328 882 dicens
1357 847 1369 881 :
1408 826 1540 880 Redi
1573 827 1625 880 in
1658 826 1879 880 domum
1916 835 2086 888 tuam,

487 930 540 972 et
574 933 732 971 narra
778 934 1114 989 quaecunque
1153 921 1248 974 tibi
1285 919 1477 974 fecerit
1518 921 1677 974 Deus.
1727 917 1794 972 Et
1825 918 1961 973 abiit
1993 934 2092 988 per

493 999 655 1063 totam
691 1011 970 1065 civitatem
1009 1011 1310 1079 praedicmts
1363 1025 1705 1079 quaecunque
1769 1010 1874 1065 sibi
1921 1009 2086 1065 fecis-

489 1111 575 1153 set
635 1098 812 1154 Jesus.
867 1120 885 1151 ι
955 1100 1099 1170 Fuga
1151 1111 1429 1170 pastorum
1497 1101 1798 1156 Gadarenis
1869 1100 2088 1156 occasio

490 1192 680 1247 salutis
718 1200 854 1258 erat,
889 1193 984 1245 sed
1037 1193 1110 1246 illi
1167 1208 1270 1247 non
1331 1193 1740 1248 intellexerunt.
1793 1193 2095 1263 Oportebat

490 1284 636 1338 enim
664 1286 845 1340 mirari
871 1284 1125 1338 virtutem
1151 1284 1474 1353 Salvatoris,
1497 1294 1552 1340 et
1577 1286 1802 1340 credere
1824 1286 1872 1339 ei
1901 1304 1914 1340 ι
1942 1292 1996 1338 at
2017 1285 2091 1338 illi

490 1387 839 1444 rogaverunt,
891 1374 1084 1444 inquit,
1114 1374 1321 1443 Jesum,
1360 1378 1461 1431 hoc
1509 1386 1594 1430 est
1635 1377 2088 1441 obsecraveram,

495 1479 552 1520 ut
580 1469 648 1521 ab
673 1469 806 1536 ipsis
839 1469 1136 1522 recederet.
1172 1467 1494 1523 Timnerunt
1525 1471 1670 1524 enim
1700 1485 1768 1523 ne
1795 1485 1902 1538 quo
1932 1479 2092 1538 pacto

493 1561 656 1612 etiam
713 1560 858 1612 aliud
916 1560 1174 1613 damnum
1235 1571 1574 1630 paterentur,
1643 1561 2093 1630 quandoquidem

495 1651 646 1717 porci
672 1651 979 1716 periissem.
1032 1650 1102 1702 At
1151 1659 1373 1704 sanatus
1419 1650 1514 1704 ille
1565 1661 1778 1705 certum
1823 1650 2094 1718 quoddam

495 1741 744 1795 sanitatis
779 1741 1039 1795 indicium
1081 1743 1421 1797 ostendebat.
1476 1742 1550 1796 Ita
1610 1742 1758 1797 enim
1793 1752 1978 1796 mente
2005 1757 2095 1796 sa-

495 1845 656 1888 natus
688 1843 791 1894 est,
839 1845 896 1887 ut
923 1833 1111 1889 Jesum
1141 1845 1490 1905 agnosceret,
1526 1851 1692 1890 orans
1733 1847 1789 1890 ut
1819 1837 1924 1891 sibi
1970 1850 2093 1891 cum

2197 551 2370 620 ἐμϐὰς
2410 552 2489 611 εἰς
2521 548 2583 600 τὸ
2617 549 2820 606 πλοῖον,
2853 542 3220 611 ὑπέστρεψεν.
3266 541 3482 593 Ἐδέετο
3513 538 3570 590 δὲ
3609 542 3637 590 6
3667 541 3808 608 ἀνὴρ

2201 645 2293 713 ἀφ·
2320 639 2379 697 οὗ
2403 639 2716 710 ἐξεληλύθει
2745 639 2810 690 τὶ
2833 637 3110 706 δαιμόνια,
3140 629 3282 686 εἶναιι
3318 634 3417 685 σὺν
3443 630 3617 700 αὐτῷ.
3683 632 3808 683 Ἄτῃ

2196 737 2355 790 έλυσε
2405 736 2461 787 δὲ
2495 733 2659 785 αὐτὸν
2701 733 2728 781 ὁ
2761 728 2997 799 Ἰησοῦς,
3046 726 3244 794 λέγων·
3301 721 3686 793 Ὓπόστρεψον
3730 722 3810 784 εἰς

2194 828 2287 878 τὸν
2317 821 2465 878 οἶκόν
2501 841 2615 884 σου,
2663 821 2758 873 καὶ
2793 818 3012 888 διηγοῦ,
3048 817 3149 868 ὅσα
3196 807 3427 882 ἐποίησέ
3470 828 3554 863 σοι
3590 813 3621 862 6
3648 811 3804 872 Θεός.

2196 919 2306 973 Καὶ
2362 915 2599 985 ἀπῆλθε,
2655 912 2779 966 καθ’
2814 911 2945 980 ὅλην
2989 909 3091 979 τὴν
3145 908 3304 959 πόλιν
3355 903 3655 974 κηρύσσων
3710 903 3811 956 ὅσα

2198 1013 2458 1080 ἐποίησεν
2511 1007 2661 1077 αὐτῷ
2714 1009 2741 1058 ὀ
2794 1003 3025 1074 Ἰησοῦς.
3085 1021 3102 1052 ι
3143 1001 3217 1052 Τὸ
3276 999 3374 1068 μὲν
3435 1000 3630 1067 φυγεῖν
3682 996 3810 1059 τοὺς

2200 1105 2526 1175 βόσκοντας,
2572 1095 2854 1166 σωτηρίας
2897 1089 3122 1162 ἀφορμὴ
3155 1088 3375 1156 ἐγένετο
3404 1088 3520 1148 τοῖς
3554 1084 3811 1153 Γαδαρη-

2198 1200 2330 1259 νσῖς,
2373 1194 2488 1247 ἀλλ’
2525 1193 2724 1246 ἐκεῖνοι
2765 1190 2827 1241 οὐ
2863 1185 3130 1253 συνῆκαν.
3184 1181 3318 1233 Δέον
3360 1179 3469 1248 γὰρ
3521 1176 3807 1246 θαυμάσαι

2197 1289 2295 1360 τὴν
2330 1289 2560 1354 δύναμιν
2607 1281 2702 1335 τοῦ
2754 1280 3030 1349 Σωτῆρος,
3079 1274 3175 1328 καὶ
3212 1271 3507 1325 πιστεῦσαι
3552 1268 3728 1338 αὐτῷ’
3761 1269 3812 1318 οῖ

2198 1381 2256 1433 δὲ
2284 1377 2606 1450 ἠρώτησαν,
2649 1373 2808 1443 φησὶ,
2843 1371 2935 1424 τὸν
2975 1367 3212 1440 Ἰησοῦν,
3250 1365 3374 1421 ἀντὶ
3407 1364 3502 1414 τοῦ
3561 1361 3813 1432 παρεκά-

2201 1476 2386 1534 λεσαν,
2415 1454 2673 1523 ἀπελθεῖι
2706 1466 2799 1519 ἀπ’
2831 1465 3039 1542 αὐτῶν,
3075 1459 3428 1531 ἐφοϐήθησαν
3470 1457 3813 1548 γὰρμὴπως

2201 1569 2297 1622 καὶ
2332 1567 2462 1620 ἄλλο
2513 1580 2568 1615 τι
2622 1561 2923 1630 ἐπιζήμιον
2975 1556 3250 1620 πάθωσιν,
3303 1553 3498 1621 ὥσπερ
3539 1551 3637 1603 καὶ
3684 1549 3815 1610 τοὺς

2200 1660 2417 1732 χοίρους
2447 1657 2761 1712 ἀπώλεσαν.
2801 1653 2860 1704 '0
2893 1650 2948 1703 δὲ
2981 1645 3348 1719 θεραπευθεὶς
3382 1645 3619 1714 εκεῖ-ιος,
3649 1641 3817 1732 ἀναν-

2200 1731 2463 1823 τίρρητον
2511 1748 2613 1817 τὴν
2663 1739 2948 1806 ἀπόδειξιν
3000 1741 3101 1809 τῆς
3166 1736 3471 1806 θεραπείας
3527 1731 3810 1823 ἐμφαίνει.

2401 1839 2510 1907 γὰρ
2540 1834 2777 1904 ὑγιάσθη
2812 1831 2913 1893 τὰς
2951 1829 3181 1899 φρένας,
3231 1825 3373 1877 ὥστε
3411 1819 3721 1888 ἐπιγνῶναί
3752 1834 3814 1868 τε

499 1927 592 1981 illo
644 1943 765 1982 esse
820 1926 1028 1983 liceret.
1082 1928 1314 1994 Etenim,
1367 1940 1425 1982 ut
1464 1939 1711 2000 apparet,
1753 1930 1978 1984 timebat
2031 1944 2096 1982 ne

2208 1933 2296 1985 τὶν
2340 1928 2572 1999 Ἰησοῦν,
2610 1927 2706 1979 καὶ
2737 1922 2924 1987 ἀξιοῦν
2957 1918 3142 1983 αὑτὸν,
3176 1918 3265 1970 ἵνα
3356 1918 3455 1968 σὺν
3489 1911 3663 1982 αὐτῷ.
3701 1909 3816 1963 Καὶ

502 2019 637 2074 forte
665 2020 946 2089 elongatus
974 2036 1000 2073 a
1034 2019 1161 2075 Jesu
1199 2036 1228 2074 a
1258 2023 1598 2077 daamonibus
1631 2024 1829 2077 iterum
1873 2022 2094 2076 invade-

500 2121 685 2178 retur;
728 2115 822 2166 sed
878 2111 1142 2166 Dominus
1187 2113 1390 2180 indicat
1429 2114 1477 2168 ei
1522 2114 1664 2182 quod
1703 2112 1832 2166 licet
1881 2127 1987 2165 non
2025 2112 2096 2166 sit

497 2218 703 2266 secum,
749 2205 923 2271 gratia
986 2214 1164 2258 tamen
1217 2205 1334 2271 ejus
1387 2215 1692 2274 protectus,
1744 2204 2094 2258 daemoniaris

498 2297 789 2352 insultibus
837 2298 1086 2367 superior
1137 2298 1249 2352 fiat.
1301 2296 1459 2361 Redi,
1517 2297 1715 2369 inquit,
1766 2299 1818 2351 in
1869 2297 2093 2351 domum

497 2396 666 2452 tuam,
715 2399 769 2441 et
819 2403 977 2441 narra
1025 2403 1364 2458 quacunque
1396 2391 1492 2443 tibi
1534 2390 1726 2444 fecerit
1766 2389 1929 2444 Deus.
1975 2386 2093 2442 Non

496 2479 654 2546 dixit,
701 2495 1042 2549 quaecunque
1089 2497 1188 2550 ego
1232 2483 1326 2536 tibi
1381 2482 1625 2546 fecerim,
1665 2481 1894 2552 figuram
1938 2475 2096 2536 nobis

497 2571 822 2627 humilitatis
858 2576 1114 2638 tradens,
1154 2583 1210 2628 ut
1257 2576 1439 2628 omnia
1503 2577 1640 2629 bona
1691 2588 1860 2642 opera
1909 2583 2095 2628 nostra

500 2666 608 2717 Deo
640 2664 961 2720 tribuamus.
996 2664 1125 2720 Erat
1155 2676 1338 2720 autem
1380 2666 1469 2721 ille
1513 2678 1728 2737 gratus,
1775 2666 1846 2720 ita
1881 2677 1936 2719 ut
1969 2681 2098 2719 nar-

497 2769 645 2812 raret
688 2772 1026 2827 quaecunque
1058 2759 1280 2813 fecisset
1327 2759 1376 2813 ei
1429 2757 1608 2814 Iesus.
1643 2759 1780 2812 Nam
1829 2757 2099 2812 Dominus

497 2851 716 2919 quidem
750 2862 1085 2920 praceperat
1131 2851 1180 2905 ei
1215 2862 1275 2905 ut
1304 2861 1555 2905 narraret
1584 2865 1925 2921 quaecunque
1952 2850 2099 2905 fece-

499 2954 585 2996 rat
609 2944 659 2996 ei
696 2945 834 2999 Deus
865 2958 880 2997 :
922 2956 977 2998 at
1009 2944 1056 2998 is
1092 2955 1277 2998 narrat
1305 2959 1645 3014 quaecunque
1691 2946 1741 2998 ei
1775 2943 1980 2999 fecerat
2004 2942 2098 2998 Je-

499 3048 615 3087 eus.
651 3034 875 3104 Οιμοτιει
905 3036 1070 3105 igitur
1094 3045 1148 3090 et
1188 3052 1287 3091 nos
1332 3038 1550 3106 quando
1602 3035 1836 3104 cuipiam
1881 3036 2102 3092 benefa-

499 3128 700 3193 cimus,
739 3127 878 3182 nolle
913 3130 1016 3183 hoc
1046 3129 1332 3199 praedicari
1361 3147 1374 3183 :
1417 3139 1471 3183 at
1502 3130 1650 3184 illum
1684 3133 1777 3201 qui
1835 3132 2101 3188 beneficio

499 3219 728 3274 allectus
792 3227 910 3284 est,
973 3220 1137 3274 etiam
1217 3220 1529 3277 nolentibus
1590 3221 1745 3276 nobis
1798 3226 2102 3293 praedicare

517 3313 699 3367 decet.

575 3494 742 3548 Vens.
779 3493 970 3548 40—44.
1038 3513 1055 3546 ι
1108 3494 1335 3549 Factum
1381 3507 1468 3551 est
1521 3506 1702 3552 autem
1735 3512 1858 3553 cum
1899 3499 2104 3556 rediret

502 3589 683 3653 Jcsus,
730 3587 944 3656 excepit
973 3587 1139 3657 329
1185 3587 1337 3641 illum
1369 3589 1528 3645 turba
1576 3608 1588 3642 :
1625 3606 1748 3645 nam
1779 3608 1970 3648 omnes
1997 3609 2098 3648 ex-

505 3681 822 3754 spectabant
851 3696 994 3734 eum.
1047 3680 1114 3732 Et
1141 3695 1267 3735 ecce
1317 3682 1468 3735 venit
1515 3682 1597 3735 vir
1634 3683 1722 3737 cui
1761 3698 1956 3739 nomen
1991 3683 2105 3739 Jaio

503 3790 618 3841 rus,
651 3783 704 3826 et
750 3774 865 3841 ipse
893 3774 1146 3842 princeps
1188 3771 1490 3843 SynagOga:
1519 3786 1656 3840 erat,
1694 3777 2004 3847 acciditque
2034 3779 2099 3833 ad

505 3870 667 3936 pedes
695 3865 845 3930 Jesu,
875 3881 1072 3937 rogans
1101 3882 1223 3920 eum
1254 3876 1311 3921 ut
1337 3867 1568 3923 intraret
1591 3870 1644 3922 in
1669 3869 1890 3924 domum
1917 3886 2098 3936 suam,

505 3960 764 4028 quoniam
799 3959 955 4012 unica
985 3959 1095 4012 tilia
1124 3970 1244 4013 erat
1274 3960 1321 4012 ei
1359 3958 1472 4014 fere
1496 3975 1762 4013 annorum
1791 3961 2099 4024 duodecim.

505 4061 560 4106 ct
610 4053 724 4104 [nec
773 4051 1128 4104 moriebatur.
1182 4047 1383 4105 Verum
1435 4051 1580 4106 inter
1635 4053 1873 4106 eundum
1931 4055 2101 4106 turba:

505 4143 861 4198 coarctabant
903 4157 1049 4196 cum.
1090 4142 1153 4195 Et
1191 4142 1385 4197 mulier
1407 4159 1527 4212 qua:
1557 4155 1677 4198 erat
1703 4145 1941 4199 obnoxia
1977 4161 2104 4215 pro-

505 4239 668 4292 fluvio
703 4235 983 4306 sanguinis
1008 4237 1076 4288 ab
1104 4236 1262 4291 annis
1292 4237 1604 4303 duodecim,
1632 4254 1752 4308 quae
1778 4241 1828 4293 in
1862 4243 2104 4297 medicos

508 4330 852 4398 impenderat
890 4341 1106 4382 omnem
1142 4328 1530 4393 substantiam,
1566 4346 1666 4384 nec
1702 4333 1769 4385 ab
1808 4333 1915 4386 ullo
1953 4345 2105 4402 pote—

508 4432 593 4477 rat
623 4426 824 4488 curari,
858 4427 1091 4479 accessit
1119 4433 1288 4489 retro,
1332 4434 1387 4479 et
1421 4425 1598 4495 tetigit
1634 4425 1905 4479 fimbriam
1937 4429 2103 4481 vesti-

508 4518 674 4571 menti
706 4515 847 4582 ejus,
880 4527 935 4570 et
959 4517 1252 4571 confestim
1283 4517 1582 4571 sistebatur
1607 4516 1786 4571 ﬂuxus
1817 4520 2104 4588 sanguinis

507 4608 646 4678 ejus.
682 4627 701 4658 ι
746 4605 930 4662 Rediit
971 4611 1189 4676 quidem
1232 4606 1395 4665 Iesus
1443 4629 1473 4665 a
1518 4614 1739 4682 regione
1782 4613 2101 4670 Gadarene-

511 4716 653 4764 rum,
695 4701 1046 4769 exspectabat
1077 4712 1254 4756 autent
1301 4703 1450 4757 illum
1492 4707 1667 4770 turba,
1722 4718 1832 4760 tum
1881 4720 2104 4778 propter

2205 2027 2337 2096 γὰρ,
2359 2025 2433 2086 ὡς
2464 2023 2661 2085 ἔοικεν,
2688 2005 2940 2086 ὲφοόεῖτο
2974 2015 3177 2084 μήπως
3206 2007 3545 2082 μακρυνθεὶς
3576 2006 3688 2061 ἀπὸ
3717 2003 3814 2056 τοῦ

2219 2117 2415 2188 Ἰησοῦ,
2476 2117 2635 2170 πάλιν
2689 2110 3112 2180 εὐεπιχείρητος
3152 2104 3305 2157 ἔσται
3359 2104 3474 2164 τοῖς
3532 2101 3814 2170 δαίμοσιν.

2217 2213 2275 2266 ’0
2313 2212 2371 2264 δὲ
2411 2207 2642 2280 Κύριος,
2678 2204 2945 2258 δεικνύων
2981 2200 3136 2270 αὐτῷ
3169 2199 3253 2251 ὅτι
3310 2196 3413 2249 κᾶν
3451 2194 3528 2264 μὴ
3564 2195 3702 2265 συνῇ
3738 2191 3820 2258 τῷ

2219 2302 2421 2374 Ἰησοῦ,
2471 2301 2700 2354 δύναται
2729 2299 2795 2367 τῇ
2842 2294 3031 2364 χάριτι
3077 2290 3246 2345 αὑτοῦ
3291 2287 3637 2355 σκεπόμενος
3670 2282 3820 2336 ἀνώ-

2206 2415 2363 2467 τερος
2395 2389 2873 2467 εἴναιδαιμονικῆς
2893 2384 3184 2458 ἐπηρείας,
3215 2379 3590 2451 ’Υπόστρεῲε,
3623 2376 3819 2446 φησὶν,

2187 2490 2288 2548 είς
2318 2489 2410 2540 τὸν
2437 2474 2585 2539 οἶκόν
2611 2500 2726 2548 σου,
2756 2466 2850 2534 καὶ
2876 2478 3070 2549 διηγοῦ
3102 2478 3205 2530 ὅσα
3235 2472 3464 2542 ἐποίησέ
3495 2487 3579 2522 σοι
3601 2471 3631 2521 6
3658 2469 3818 2530 Θεὸς.

2207 2584 2322 2635 Ούκ
2353 2577 2531 2646 εἶπεν,
2557 2581 2660 2631 ὅσα
2682 2594 2762 2629 σοι
2794 2575 3031 2644 ἐποίησα
3079 2569 3212 2639 ἐγὼ,
3243 2569 3416 2622 τύπον
3447 2567 3582 2636 ἡμῖν
3619 2581 3812 2618 ταπει-

2206 2674 2548 2745 νοφροσύνης
2585 2671 2785 2729 διδούς.
2832 2668 2946 2720 Καὶ
2986 2667 3077 2719 ἵνα
3117 2663 3298 2716 πάντα
3349 2659 3485 2731 πρὸς
3517 2657 3652 2711 Θεὸν
3687 2660 3826 2708 ἀνα-

2208 2769 2468 2838 φέρωμεν
2501 2765 2570 2818 τὰ
2620 2760 3045 2831 κατορθώματα.
3095 2757 3156 2812 Ὀ
3189 2753 3260 2819 δὲ,
3306 2752 3482 2814 οὕτως
3512 2748 3825 2818 εὐγνώμων

2207 2857 2299 2932 ἦν,
2344 2859 2486 2912 ὥστε
2518 2853 2829 2925 διηγεῖσθαι
2877 2853 2981 2904 ὅσα
3011 2849 3269 2917 ἐποίησεν
3315 2843 3466 2914 αὑτῷ
3506 2844 3535 2895 6
3581 2841 3795 2912 Ἰησοῦς

2221 2954 2280 3006 '0
2328 2950 2579 3022 μὲνγὰρ
2632 2948 2840 3017 Κύριος
2878 2941 3215 3014 προσέταξεν
3275 2937 3427 3008 αὐτῷ
3473 2934 3822 3004 διηγεῖσθαι,

2209 3045 2310 3097 ὅσα
2368 3042 2628 3111 ἐποίησεν
2679 3037 2831 3106 αὐτῷ
2875 3038 2904 3089 ὁ
2961 3034 3118 3098 Θεὸς,
3172 3033 3202 3084 6
3251 3029 3308 3082 δὲ
3364 3029 3659 3098 διηγεῖται,
3717 3027 3826 3078 ὅσα

2211 3136 2467 3205 ἐποίησεν
2503 3130 2654 3201 αὐτῷ
2688 3134 2716 3183 6
2751 3127 2982 3199 Ἰησοῦς.
3008 3127 3101 3178 Δεῖ
3128 3123 3222 3177 οὖν
3252 3124 3348 3174 καὶ
3379 3123 3528 3192 ἡμᾶς
3558 3121 3690 3172 ὅταν
3714 3122 3827 3170 τινὶ

2213 3229 2535 3299 ποιήσωμεν
2565 3222 2793 3293 ἀγαθὸν,
2817 3223 2892 3293 μὴ
2923 3220 3100 3273 θέλειν
3122 3213 3610 3285 ἀνακηρύττεσθαι
3633 3211 3823 3278 τοῦτο,

2129 3338 2178 3399 c
2212 3323 2421 3374 ἐκεῖνον
2468 3319 2526 3373 δὲ
2564 3317 2656 3370 τὸν
2692 3316 2938 3369 παθόντα
2994 3313 3055 3366 τὸ
3110 3310 3340 3380 ἀγαθὸν,
3385 3307 3490 3362 κᾶν
3526 3308 3695 3377 ἡμεῖς
3742 3307 3825 3374 μὴ

2218 3415 2490 3484 θέλωμεν,
2521 3409 2925 3481 ἀνακηρύττειν
2965 3406 3120 3484 αῦτὸ.

2284 3528 2303 3559 ι
2357 3479 2610 3574 ’.Εγένετο
2637 3479 2783 3557 δεῖ-ὲν
2815 3501 2893 3573 τῷ
2941 3479 3284 3569 ὑποστρέψαι
3308 3497 3400 3550 τὸν
3442 3495 3678 3566 Ἰησοῦν,
3717 3498 3826 3548 ἀπο

2206 3602 2428 3668 εδέξατο
2452 3599 2619 3654 αὑτὸν
2641 3601 2668 3652 6
2704 3597 2886 3668 θχλος,
2921 3592 3062 3666 ἦσαν
3092 3591 3202 3663 γᾶρ
3225 3592 3432 3654 πάντες
3467 3591 3830 3661 προσδοκῶν-

2205 3712 2296 3755 τες
2323 3693 2510 3747 αὐτόν.
2563 3691 2674 3744 Καὶ
2709 3679 2818 3742 ίδοὺ
2851 3683 3017 3758 ἦλθεν
3064 3684 3228 3754 ἀνὴρ,
3269 3675 3314 3751 ᾧ
3354 3683 3529 3752 ὄνομα
3564 3682 3826 3753 Ἰἁειροςι

2209 3788 2304 3841 καὶ
2327 3786 2490 3849 αὐτὸς
2519 3785 2704 3853 ἄρχων
2734 3781 2832 3850 τῆς
2857 3776 3197 3846 Συναγωγῆς
3231 3775 3469 3844 ὑπῆρχε,
3505 3772 3601 3824 καὶ
3633 3772 3830 3824 πεσὼν

2207 3880 2364 3949 παρὰ
2392 3879 2522 3938 τοὺς
2564 3875 2733 3937 πόδας
2787 3872 2880 3925 τοῦ
2925 3854 3127 3939 Ἰησοῦ,
3165 3865 3472 3938 παρεκάλει
3504 3865 3673 3918 αὑτὸν
3705 3867 3832 3916 sla-

2207 3971 2383 4024 ελθεῖν
2435 3971 2516 4029 είς
2549 3967 2640 4021 τὸν
2688 3961 2838 4018 οἷκον
2872 3963 3066 4028 αὑτοῦ,
3103 3962 3187 4014 ὅτι
3220 3961 3469 4029 θυγάτηρ
3521 3960 3834 4029 μονογενὴς

2207 4060 2277 4134 ἦν
2307 4063 2482 4132 αὐτῷ,
2539 4062 2614 4122 ὡς
2667 4059 2805 4112 ἑτῶν
2835 4056 3072 4118 δώδεκα,
3119 4055 3216 4107 καὶ
3261 4053 3402 4122 αὕτη
3438 4052 3830 4121 ἀπέθνησκεν.

2221 4157 2308 4208 Ἑν
2336 4155 2393 4208 δὲ
2420 4155 2497 4223 τῷ
2531 4153 2766 4218 ὑπάγειν
2797 4149 2989 4213 αὑτὸν,
3011 4148 3063 4199 οἱ
3089 4147 3237 4216 θχλοι
3267 4146 3597 4212 συνέπνιγον
3631 4144 3831 4197 αὐτόν.

2210 4251 2322 4301 Καὶ
2363 4248 2506 4315 γυνὴ
2536 4245 2674 4297 οῦσα
2709 4245 2765 4296 ὲν
2800 4243 2955 4313 ῥύσει
2999 4241 3232 4310 αἵματος
3267 4239 3378 4291 ἀπὸ
3413 4237 3554 4289 ἐτῶν
3585 4236 3830 4298 δώδεκα,

2205 4339 2329 4407 ἥτις
2390 4339 2597 4405 ἰατροῖς
2654 4330 3134 4405 προσαναλώσασα
3191 4331 3314 4383 ὅλον
3365 4329 3459 4383 τὸν
3531 4327 3672 4399 βίον.
3721 4331 3834 4382 οῦκ

2209 4434 2432 4500 ἴσχυσεν
2488 4429 2578 4481 ὑπ’
2643 4427 2862 4489 οὐδενὸς
2926 4425 3365 4496 θεραπευθῆναι,
3430 4421 3835 4492 προσελθοῦσα

2206 4524 2455 4586 ὄπισθεν,
2491 4521 2668 4590 ἥψατο
2698 4520 2790 4573 τοῦ
2822 4517 3138 4590 κρασπέδου
3205 4518 3305 4569 τοῦ
3340 4517 3560 4584 ἱματίου
3629 4516 3837 4581 αὐτοῦ,

2209 4616 2304 4668 καὶ
2338 4616 2684 4684 παραχρῆμα
2710 4612 2902 4681 ἕστηή
2941 4611 3093 4682 ῥύσις
3142 4609 3238 4663 τοῦ
3281 4611 3514 4679 αἵματος
3562 4609 3765 4680 αὐτῆς.
3809 4629 3829 4660 ι

2221 4708 2564 4776 ’Υπέστρεψε
2600 4707 2699 4775 μὲν
2735 4707 2762 4758 6
2803 4705 3016 4773 Ἰησοῦς
3063 4703 3172 4755 ἀπὸ
3198 4704 3296 4772 τῆς
3343 4703 3452 4754 τῶν
3485 4703 3839 4772 Γαδαρηνῶν

508 4793 833 4858 doctrinam,
871 4803 983 4846 tum
1026 4807 1244 4863 prOpter
1275 4797 1559 4851 miracula.
1601 4802 1844 4854 Accessit
1883 4803 2010 4854 item
2047 4813 2096 4857 ct

2210 4799 2415 4870 χώρας.
2458 4797 2814 4868 Προσεδόκων
2856 4796 2913 4849 δὲ
2947 4796 3112 4848 αὑτὸν
3143 4796 3193 4847 οἱ
3231 4797 3402 4865 ὄχλοι,
3448 4796 3566 4864 ἅμα
3602 4797 3704 4864 μὲν
3735 4797 3838 4849 διὰ

509 4888 760 4956 prim-eps
805 4889 1024 4956 quidam
1084 4888 1405 4960 Syuagogaz,
1457 4907 1564 4946 non
1621 4894 1878 4963 vulgaris,
1925 4910 2096 4964 neque

508 4980 771 5047 abiectus,
805 4981 901 5034 sed
948 4995 1013 5035 ex
1049 4983 1260 5050 primis.
1305 4985 1540 5051 Apponit
1573 4997 1754 5039 autem
1803 4997 1857 5039 et
1902 5003 2099 5042 nomen

511 5071 655 5124 illius
703 5073 1058 5143 evangelista,
1107 5084 1165 5127 ut
1206 5075 1386 5128 notius
1433 5077 1525 5128 fiat
1578 5079 1898 5132 miraculum
1955 5083 2098 5148 quod

511 5177 638 5215 vere
686 5161 886 5216 factum
934 5167 1025 5218 sit.
1065 5165 1279 5220 Accidit
1311 5180 1491 5220 autem
1526 5171 1591 5221 ad
1627 5171 1789 5237 pedes
1818 5169 1971 5235 Jesu,
2010 5189 2100 5227 ur-

513 5263 671 5321 gente
714 5257 1056 5311 necessitate.
1091 5256 1350 5321 Quamvis
1378 5260 1520 5312 enim
1564 5261 1682 5314 sine
1722 5263 1808 5316 illa
1854 5274 2101 5332 Oportcat

511 5347 814 5412 procidere,
851 5358 904 5401 et
937 5363 1234 5416 agnoscere
1264 5351 1430 5405 Deum
1455 5367 1575 5407 esse
1609 5351 1818 5420 Jesnm,
1860 5367 2099 5412 attamen

509 5446 563 5488 et
589 5434 806 5491 aﬂlictio
831 5442 975 5508 cogit
1005 5441 1248 5496 homines
1275 5454 1334 5497 ut
1360 5446 1584 5499 meliora
1613 5458 1912 5503 sectentur.
1947 5449 2103 5506 Unde

509 5536 564 5582 et
593 5528 756 5582 David
815 5532 1028 5585 dicebat
1063 5551 1075 5585 :
1120 5553 1137 5584 ι
1173 5535 1228 5588 In
1259 5550 1414 5590 canto
1464 5550 1517 5592 et
1552 5538 1706 5593 freno
1740 5542 1985 5596 maxillas
2015 5558 2107 5598 eo-

511 5637 629 5676 rum
676 5625 1010 5693 constringe,
1060 5631 1148 5696 qui
1199 5647 1306 5683 non
1352 5634 1737 5702 approximant
1771 5636 1836 5689 ad
1889 5645 1938 5690 te
1963 5637 2031 5693 ⁸⁵.
2069 5658 2086 5691 ι

581 5814 625 5841 ⁸⁸
656 5811 794 5864 Paul.
833 5828 980 5877 snt,
1025 5815 1078 5867 9.

2209 4895 2308 4959 τὴν
2340 4889 2715 4951 διδασκαλίαν,
2755 4890 2873 4956 ἅμα
2903 4888 2962 4939 δὲ
2991 4887 3083 4940 διὰ
3133 4886 3201 4938 τὰ
3254 4887 3536 4956 θαύματα.
3574 4887 3842 4956 ΙΙροσῆ).-

2211 4983 2304 5036 θεν
2332 4982 2426 5035 οῦν
2460 4983 2552 5034 καί
2585 5000 2667 5044 τις
2699 4981 2884 5051 ἄρχων
2915 4980 3015 5049 τῆς
3045 4981 3405 5049 Συναγωγῆς,
3434 4980 3535 5031 οῦκ
3568 4981 3836 5051 εὐτελὴς,

2210 5078 2317 5131 οὐδ’
2353 5077 2684 5142 ἀπόϐλητος,
2737 5075 2872 5128 ἀλλὰ
2916 5075 3027 5127 τῶν
3075 5076 3335 5144 πρώτων.
3395 5075 3739 5143 Προστίθησι
3774 5078 3840 5129 δὲ

2213 5173 2306 5225 καὶ
2341 5172 2401 5223 τὸ
2431 5172 2604 5238 ὄνομα
2639 5170 2832 5222 τούτου
2866 5167 3349 5240 ὀιεύαγγελιστῆς,
3391 5167 3479 5218 ἵνα
3519 5172 3837 5236 γνωριμώσ-

2212 5281 2371 5334 τερον
2400 5265 2462 5316 τδ
2496 5263 2683 5332 θαῦμα
2721 5263 3074 5332 γένηται,,ώς
3121 5261 3268 5313 ἔστιν
3299 5249 3524 5330 ἀληθές.
3572 5262 3836 5329 "poeni-

2214 5376 2340 5411 πτει
2378 5360 2436 5412 δὲ
2470 5354 2626 5422 οὗτος
2656 5358 2731 5428 τῷ
2775 5358 2976 5426 Ἰησοῦ,
3030 5358 3216 5426 χρείας
3269 5358 3562 5425 ἐνστάσης.
3624 5359 3839 5409 Καίτοι

2216 5454 2324 5506 ἔδει
2368 5453 2530 5505 αὑτὸν
2583 5453 2678 5505 καὶ
2715 5452 2790 5520 μὴ
2833 5451 3037 5518 ταύτης
3083 5449 3534 5517 ἀναγκαζούσης.
3579 5465 3846 5518 προσπε-

2211 5549 2346 5607 σεῖν,
2405 5548 2497 5598 καὶ
2553 5545 2856 5612 ἐπιγνῶναι
2904 5545 3066 5596 αὐτὸν
3100 5544 3236 5597 Θεὸν
3269 5544 3399 5596 ὄντα
3428 5584 3440 5605 ,
3501 5545 3652 5614 ὅμως
3698 5546 3810 5594 καὶ

2209 5640 2392 5708 θλίψις
2444 5637 2554 5691 ἔσθ’
2609 5639 2698 5691 ὅτε
2741 5635 3058 5701 ὲκῦιάςεται
3111 5641 3234 5701 τοὺς
3292 5636 3623 5706 ἀνθρώπους
3684 5637 3840 5704 πρὸς
