4030 6444
312 308 426 369 ΐθθ

995 310 1443 400 ΕΝΙΔΒῙῙΑΤῘΟ
1480 311 1564 372 IN
1593 310 1884 372 EVANGI

1990 311 2106 372 UM
2148 311 2388 372 LUCJZ.
2429 334 2497 345 --
2537 310 2699 369 CAP.
2743 312 2766 368 ἰ
2795 310 2909 371 III.

3505 311 3612 371 Siti

311 424 414 490 ’τὴν
449 421 541 476 τοῦ
567 422 874 492 κρείττονος
904 423 1191 492 ἐπιλογήν.
1231 423 1422 495 Ταύτῃ
1453 442 1533 478 τοι
1558 426 1653 478 καὶ
1683 426 1711 478 ὁ
1747 424 1882 479 Δαυῖ

2014 426 2186 480 Porro
2220 425 2415 478 mulier
2450 425 2502 476 iu
2542 424 2778 477 transitu
2828 421 3070 484 accedit,
3112 421 3433 491 ampliorem
3475 428 3611 479 atfe-

312 513 416 583 ἔφη
446 517 503 566 ἐν
535 514 696 584 κημῷ
730 516 823 566 καὶ
852 514 1054 585 χαλινῷ
1087 515 1188 578 τὰς
1221 516 1480 584 σιαγόνας
1503 517 1685 570 αὐτῶν
1712 516 1900 584 ᾶγξαι,

307 605 418 656 τῶν
454 606 529 674 μὴ
561 604 888 673 ἐγγιζόντων
924 606 1060 676 προς
1095 608 1176 659 σέ.
1210 607 1299 659 Ἐν
1354 607 1576 676 παρόδῳ
1631 607 1689 660 δὲ
1729 610 1902 679 πρόσ-

307 713 416 748 εισι
474 697 608 768 γυνὴ
661 697 846 750 ⁴πίστιν
874 698 1190 767 ἐπαγομένη
1239 698 1384 768 μάλα
1413 698 1634 765 πολλὴν.
1674 699 1903 767 Προσελο

307 788 480 839 θοῦσα
507 791 638 858 γὰρ,
667 789 846 857 ἥψατο
874 788 967 841 τοῦ
998 790 1311 857 κρασπέδου
1339 791 1433 841 τοῦ
1469 791 1688 859 ἱματίου
1711 791 1900 855 αὑτοῦ,

306 880 642 932 πιστεύουσα
669 883 909 943 πάντως,
940 883 1024 935 ὅτι
1067 884 1168 934 ἐὰν
1201 882 1362 951 μόνον
1396 883 1626 954 ἅψηται,
1657 883 1901 952 σωθήσε-

301 989 416 1024 ται.
475 974 582 1025 Καὶ
638 974 984 1044 παραχρῆμα
1035 974 1168 1044 ἔστη
1216 977 1248 1043 ἡ
1289 975 1444 1044 ῥύσις
1492 977 1588 1028 τοῦ
1641 979 1896 1045 αἵματος.

306 1063 519 1132 Ὥσπερ
558 1063 667 1134 γὰρ
695 1066 743 1116 εί
772 1065 1116 1134 προσαγάγοι
1158 1052 1242 1127 τις
1279 1066 1562 1135 ὀρθαὶμὸν
1590 1067 1728 1132 φωτὶ
1760 1066 1899 1136 λάμ-

304 1169 481 1216 ποντι,
543 1154 575 1224 ἢ
630 1155 764 1222 πυρὶ
803 1154 1104 1223 φρύγανον,
1158 1155 1321 1218 εὐθὺς
1368 1155 1713 1225 ἐνεργοῦσιν,
1754 1155 1899 1207 οῦτω

303 1245 738 1314 προσαγαγοῦσα
796 1249 984 1299 πίστιν
1043 1247 1122 1316 τῷ
1178 1247 1464 1318 δυναμένῳ
1532 1248 1893 1318 θεραπεῦσαι,

301 1337 466 1400 εὐθὺς
493 1341 593 1408 τῆς
624 1338 921 1408 θεραπείας
972 1339 1181 1408 ἔτυχεν.
1221 1340 1390 1393 Οὐδὲν
1436 1341 1542 1410 γὰρ
1590 1341 1894 1410 ἐλογίσατο,

299 1431 362 1484 οὐ
417 1431 477 1482 τ’)
509 1430 860 1501 πολυχρόνιον
906 1431 1007 1499 τῆς
1060 1431 1241 1494 νόσου,
1288 1433 1458 1485 οῦστὸ
1507 1434 1634 1497 τοὺς
1672 1435 1896 1505 ίατροῦς

298 1523 625 1591 ἀστοχῆσαι,
654 1523 754 1575 οὐκ
786 1521 918 1576 ἀλλο
948 1523 1123 1578 οὐδέν.
1170 1523 1331 1577 ’Λλλά
1374 1524 1537 1594 μόνον
1577 1523 1891 1589 ἐπίστευσε,

301 1614 394 1666 καὶ
431 1616 721 1672 σέσωσται.
769 1615 879 1667 Καὶ
927 1615 1002 1678 ὡς
1053 1614 1221 1680 ἔοικε,
1267 1617 1538 1688 πρότερον
1587 1615 1766 1687 ἥψατο
1798 1617 1892 1671 τοῦ

298 1705 478 1775 Ἰησοῦ
515 1707 746 1776 νοητῶς,
787 1703 906 1762 εἶτα
942 1710 1035 1762 καὶ
1067 1709 1426 1778 σωματικῶς.

2011 533 2138 572 rens
2209 519 2394 570 tidem.
2457 517 2740 587 Aoedens
2788 516 2934 570 enim
3007 515 3263 584 tangebat
3335 517 3603 570 fimbriam

2009 610 2316 663 vestimenti
2361 609 2499 676 ejus,
2548 610 2685 663 bona
2734 624 2853 678 spe,
2905 617 2960 662 et
3003 618 3152 662 certa
3196 607 3322 670 fide,
3368 609 3512 678 quod
3556 613 3600 665 si

2011 710 2217 754 tantum
2274 703 2641 769 contingeret,
2692 701 3015 754 salvaretur.
3083 699 3148 753 Et
3198 700 3382 752 statim
3454 704 3608 756 stetit

2006 791 2181 847 flttxus
2211 795 2497 861 sanguinis
2523 793 2665 864 ejus.
2702 793 2857 848 Sient
2888 793 2933 846 si
2980 793 3104 862 quis
3136 792 3358 847 afferret
3385 793 3604 847 oculum

2004 885 2071 935 ad
2119 885 2297 938 lumen
2345 885 2554 950 lucens,
2603 885 2686 938 vel
2733 886 2991 955 stipulam
3054 887 3120 938 ad
3170 887 3370 954 ignem,
3420 887 3604 940 statim

2004 976 2374 1042 operationem
2423 976 2640 1030 illorum
2685 977 3070 1043 experiretur:
3119 977 3192 1030 ita
3224 988 3279 1032 et
3326 978 3415 1031 illa
3467 977 3601 1032 alle-

2007 1084 2131 1122 rens
2167 1068 2323 1121 fidem
2362 1070 2428 1121 ad
2465 1084 2590 1122 eum
2624 1069 2712 1136 qui
2761 1085 2959 1124 sanare
3002 1079 3241 1138 poterat,
3285 1073 3467 1125 statim
3513 1085 3606 1125 s'a—

2005 1161 2230 1213 nitatem
2278 1159 2473 1230 adepta
2519 1170 2624 1217 est.
2663 1161 2852 1231 Neque
2880 1163 3026 1216 enim
3067 1162 3453 1232 cogitabatvel
3485 1165 3605 1216 diu~

2004 1253 2318 1305 turnitatetn
2368 1253 2564 1316 morbi,
2616 1254 2715 1306 vel
2744 1254 3186 1323 desperationem
3230 1255 3597 1317 medicorum,

2003 1341 2084 1397 vel
2126 1341 2270 1395 aliud
2301 1342 2584 1410 quiddam,
2614 1342 2710 1396 sed
2757 1343 2994 1397 credidit
3037 1352 3269 1408 tantum,
3305 1353 3361 1397 et
3391 1344 3600 1398 salvam

2001 1444 2086 1489 est
2113 1451 2127 1488 :
2155 1443 2231 1497 et,
2262 1441 2320 1487 ut
2355 1435 2592 1501 videtur,
2625 1435 2776 1505 prius
2803 1435 2978 1504 tetigit
3009 1434 3293 1492 Christum
3321 1448 3523 1502 mente,
3545 1447 3604 1492 et

2001 1527 2126 1582 dein
2166 1541 2413 1596 corpore.

373 1803 482 1855 Καὶ
516 1799 670 1855 εἶπεν
703 1802 732 1854 ὁ
787 1802 1020 1872 Ἰησοῦς⁶
1069 1802 1165 1866 Τίς
1213 1803 1243 1856 ὁ
1273 1801 1554 1874 ἁψάμενός
1584 1819 1727 1873 μους
1774 1803 1884 1874 Ἀρι

2074 1797 2238 1852 Vens.
2271 1797 2461 1853 45-48.
2501 1816 2521 1849 ‹
2564 1797 2627 1851 Et
2662 1781 3110 1864 aitJesus:Quis
3147 1804 3232 1852 est
3259 1795 3353 1867 qui
3377 1810 3474 1852 me
3511 1807 3566 1850 te.

301 1892 580 1963 νουμένων
613 1892 668 1945 δὲ
717 1893 963 1959 πάντων,
1009 1888 1166 1946 εἶπεν
1206 1895 1235 1945 ὁ
1278 1893 1486 1961 Πέτρος
1532 1893 1630 1946 καὶ
1670 1895 1721 1946 oi
1775 1891 1896 1964 μετ’

297 1984 504 2038 αὐτοῦ’
551 1983 881 2048 Ἐπιστάτα,
935 1981 992 2037 oi
1028 1985 1176 2055 ὄχλοι
1225 1984 1510 2055 συνέχουσι
1536 2001 1594 2038 σε
1627 1986 1719 2038 καὶ
1762 1987 1898 2039 ἀπο-

297 2074 566 2140 θλίῢουσι,
611 2077 709 2129 καὶ
751 2077 953 2145 λέγεις,
1007 2076 1106 2139 Τίς
1139 2078 1167 2130 ὁ
1213 2076 1493 2147 ἁψάμενός
1546 2093 1683 2147 μου;
1725 2077 1782 2130 '0
1837 2077 1896 2130 δὲ

293 2165 509 2237 Ἰησοῦς
564 2160 755 2220 εἶπεν·
795 2167 1011 2238 Ἥψατό
1057 2185 1161 2236 μου
1203 2185 1306 2230 τις.
1356 2165 1501 2236 Ἐγὼ
1554 2169 1664 2239 γὰρ
1721 2168 1896 2237 ἔγνων

295 2258 530 2328 δύναμιν
577 2259 908 2325 ἐξελθοῦσαν
953 2259 1049 2313 ἀπ’
1080 2259 1239 2329 ἐμοῦ.
1299 2259 1512 2315 ’ἰδοῦσα
1560 2261 1617 2315 δὲ
1665 2265 1698 2332 ἡ
1754 2263 1893 2334 γυνὴ

293 2351 376 2403 ὅτι
423 2352 527 2404 οῦκ
571 2350 752 2413 ἔλαθε,
801 2351 1081 2422 τρέμουσα
1132 2347 1266 2422 ἦλθε
1293 2392 1308 2417 ,
1362 2354 1459 2405 καὶ
1506 2354 1894 2423 προσπεσοῦσα

294 2441 468 2512 αὐτῷ,
495 2442 565 2496 δι’
599 2443 667 2513 ἣν
696 2443 880 2497 αἰτίαν
927 2444 1109 2513 ἥψατο
1139 2444 1332 2506 αὐτοῦ,
1368 2445 1707 2515 ἀπήγγειλεν
1743 2447 1893 2517 αῦτῷ

301 2534 540 2589 ἐνώπιον
573 2535 776 2599 παντὸς
803 2536 898 2590 τοῦ
941 2535 1092 2599 λαοῦ,
1129 2538 1222 2590 καὶ
1250 2537 1326 2600 ὡς
1355 2537 1480 2607 ίάθη
1524 2538 1892 2609 παραχρῆμα.

306 2625 368 2680 '0
400 2629 460 2681 δὲ
505 2623 661 2682 εἶπεν
691 2627 828 2698 αὐτῇ
857 2645 871 2659 ο
915 2628 1150 2698 Θάρσει,
1185 2628 1447 2699 θύγατερ,
1487 2631 1520 2700 ἡ
1569 2631 1751 2695 πίστις
1796 2649 1891 2684 σου

294 2717 505 2770 σέσωκέ
535 2734 616 2781 σε,
649 2719 886 2787 πορεύου
923 2719 1002 2780 είς
1037 2719 1282 2789 εἰρήνην.
1317 2736 1336 2768 ι
1392 2719 1450 2772 '0
1481 2719 1690 2791 Κύριος
1721 2720 1892 2774 θέλων

293 2809 390 2860 καὶ
419 2810 517 2877 τῆς
544 2809 800 2874 γυναικὸς
830 2807 930 2878 τὴν
956 2809 1139 2862 πίστιν
1165 2810 1332 2863 πᾶσιν
1361 2809 1761 2875 ἐπιδείξασθαι,
1796 2811 1884 2864 ἵνα

295 2901 534 2969 μιμηταὶ
577 2899 783 2971 ταύτης
825 2901 1115 2968 γένωνται,
1165 2901 1262 2953 καὶ
1293 2901 1372 2972 τῷ
1411 2901 1623 2972 Ἰαείρῳ
1668 2901 1890 2966 ἐλπίδας

289 2992 502 3060 ἀγαθὰς
544 2991 727 3045 δοῦναι
777 2993 1031 3063 περὶτῆς
1083 2994 1253 3047 αὐτοῦ
1303 2994 1606 3066 Θυγατρὸς,
1661 2998 1890 3066 φανεροί

289 3085 354 3138 τὸ
382 3083 660 3155 λαθραίως
690 3085 1003 3154 γενόμενον,
1051 3086 1144 3138 καὶ
1214 3086 1370 3156 ζητεῖ
1411 3086 1510 3157 μὲν
1561 3087 1646 3152 τις
1689 3090 1717 3141 ὁ
1746 3088 1886 3158 ἀψά-
1912 3132 1954 3189 C

291 3180 454 3247 μένος
486 3174 676 3232 αὑτοῦ.
721 3177 779 3230 ὐ
827 3177 882 3230 δὲ
916 3178 1140 3246 Πέτρος,
1175 3176 1366 3248 ὥσπερ
1411 3179 1704 3250 τολμηρὸς,
1741 3197 1879 3251 μεμη

290 3269 526 3339 φάμενος
551 3267 715 3322 αὐτὸν
747 3270 932 3322 ἕνεκεν
957 3268 1059 3338 τῆς
1084 3268 1432 3339 ἐρωτήσεως,
1459 3273 1596 3340 φησί
1619 3287 1635 3301 ·
1677 3271 1882 3325 Τοσοῦ-

288 3364 372 3416 τοί
419 3379 480 3415 σε
521 3360 910 3430 συμπνίγουσι,
964 3361 1058 3415 καὶ
1111 3361 1312 3430 λέγεις·
1371 3362 1466 3424 Τίς
1524 3365 1553 3416 ό
1600 3361 1884 3433 ἁψάμενός

291 3473 427 3523 pou;
462 3454 578 3507 Οὐκ
607 3455 808 3508 ἐνενόει
835 3453 892 3505 δὲ
921 3454 973 3506 τί
998 3454 1027 3506 ὁ
1059 3452 1262 3524 Κύριος
1291 3453 1506 3524 ἠρώτα.
1542 3454 1604 3507 '0
1647 3454 1748 3521 μὲν
1772 3456 1884 3525 γὰρ

301 3545 510 3615 Ἰησοῦς
558 3544 912 3609 ἐπυνθάνετο,
953 3545 1048 3609 Τίς
1077 3546 1109 3598 ὁ
1137 3544 1418 3616 ἁψάμενός
1446 3561 1549 3616 μου
1584 3545 1726 3616 μετά
1774 3546 1867 3599 πί-

288 3653 485 3702 στεως,
521 3637 616 3689 καὶ
643 3636 764 3706 οὐχ).
790 3637 977 3700 ἁπλῶς
1011 3635 1209 3701 οὕτως.
1256 3636 1469 3708 Ὠσπερ
1502 3636 1612 3708 γὰρ
1643 3637 1755 3722 ἔχει
1797 3654 1881 3702 τις

285 3724 403 3783 ὦτα
439 3730 535 3782 τοῦ
570 3729 811 3792 ἀ.;ούειν,
837 3726 996 3790 ἄλλος
1025 3728 1083 3781 δὲ
1119 3722 1235 3781 ὦτα
1266 3725 1380 3799 ἔχει
1407 3729 1500 3781 καὶ
1531 3730 1632 3781 οὐκ
1666 3727 1878 3792 ἀκούει,

286 3821 464 3884 οὕτως
519 3821 679 3884 ἄλλος
712 3821 814 3892 μὲν
866 3822 1103 3876 ἅπτεται
1151 3822 1294 3892 μετά
1336 3822 1600 3887 πίστεως,
1637 3824 1796 3887 ἄλλος
1822 3823 1880 3878 δὲ

286 3913 501 3982 ἐγγίζει
563 3913 685 3985 μὲν,
737 3914 771 3984 ή
806 3912 878 3966 ’δέ
927 3913 1129 3985 καρδία
1190 3912 1356 3968 αὐτοῦ
1417 3915 1610 3986 πόρρω
1659 3918 1877 3988 ἀπέχει.

283 4007 502 4077 Ἐρωτᾷ
536 4007 713 4059 τοίνυν
742 4008 770 4060 ὁ
803 4006 1031 4077 Κύριος,
1060 4003 1154 4058 καί
1183 4022 1265 4058 τοι
1296 4005 1453 4068 εἰδὼς
1481 4005 1579 4075 τὴν
1619 4009 1876 4074 γυναῖκα,

283 4101 401 4152 ἀλλ’
433 4101 571 4168 ὅπερ
605 4099 766 4170 ἔφην,
795 4097 1008 4152 ῐνακαὶ
1041 4097 1140 4167 τὴν
1175 4097 1360 4150 πίστιν
1390 4098 1565 4167 αὐτῆς
1596 4098 1876 4171 ὑποδείξῃ,

284 4193 382 4245 καὶ
407 4193 498 4245 τὸν
540 4192 996 4262 ἀρχισυνάγωγον
1023 4189 1246 4243 εύελπιν
1277 4191 1482 4262 ποιήσῃ
1514 4206 1528 4220 ·
1554 4193 1756 4262 ἐρωτᾷ,
1784 4192 1880 4246 καὶ

283 4286 561 4357 θεατρίζει
605 4285 705 4357 τὴν
746 4287 1005 4354 γυναῖκα.
1039 4284 1253 4354 Ἔγνων
1283 4287 1414 4354 γὰρ,
1454 4286 1608 4353 φησὶ,
1645 4284 1877 4354 δύναμιν

280 4378 608 4444 ἐξελθοῦσαν
637 4377 733 4432 ἀπ’
759 4377 922 4447 ἐμοῦ,
948 4377 1198 4440 είκότως.
1230 4377 1295 4428 Οἱ
1324 4377 1425 4447 μὲν
1454 4376 1563 4448 γὰρ
1597 4376 1875 4446 προφῆται

278 4561 389 4630 γάρ
418 4558 556 4612 Θεοῦ
600 4558 1109 4628 ὲθαυματούργουν.
1152 4558 1212 4612 ὐ
1265 4558 1325 4612 δέ
1366 4557 1574 4628 Ἰησοῦς
1612 4561 1762 4628 πηγὴ
1795 4556 1872 4609 ὢν

278 4651 481 4713 παντὸς
512 4651 717 4719 ἀγαθοῦ
747 4651 841 4704 καὶ
872 4653 1053 4720 πάσης
1079 4651 1387 4720 δυνάμεως,
1432 4650 1548 4721 ἔχει
1585 4649 1681 4703 καὶ
1714 4650 1871 4704 δυνάο

281 4765 406 4819 μεις
443 4749 539 4800 ἀπ’
594 4745 760 4802 αὑτοῦ
814 4747 1205 4818 ἐςερχομένας.
1248 4747 1422 4816 Διπλῇ
1470 4745 1527 4798 δὲ
1572 4743 1869 4815 θεραπεύει

272 4847 376 4908 τὴν
407 4841 648 4907 γυναῖκα
696 4840 725 4890 ὸ
759 4838 987 4907 Κύριος,
1017 4839 1233 4908 πρῶτον
1261 4838 1362 4907 μὲν
1387 4840 1488 4906 τὴν
1512 4837 1667 4889 νόσον
1699 4837 1868 4904 αὐτῆς

277 4939 598 5005 ίασάμενος,
626 4917 824 4987 ἔπειτα
860 4934 917 4986 δὲ
951 4935 1043 4987 καί
1070 4933 1162 4987 τὸν
1187 4934 1388 5004 τρόμον
1413 4934 1514 5002 τῆς
1556 4932 1736 5003 ψυχῆς
1769 4951 1867 4986 κει-

159 5051 172 5061 ·
271 5031 584 5092 ταστείὶας,
608 5029 698 5081 διὰ
725 5026 820 5081 τοῦ
848 5029 1045 5081 εἰπεῖν·
1082 5028 1311 5098 Θάρσει,
1344 5027 1606 5096 θύγατερ.

345 5140 368 5172 ι
413 5121 536 5173 Ἔτι
587 5119 755 5174 αὑτοῦ
808 5119 1121 5184 λαλοῦντος,
1176 5119 1397 5190 ἔρχεταί
1443 5135 1526 5173 τις
1570 5118 1723 5187 παρὰ
1769 5115 1863 5170 τοῦ

268 5211 720 5284 ἀρχισυναγώγου
812 5211 986 5280 λέγων
1081 5211 1250 5280 αὐτῷ.
1319 5211 1399 5263 ὃτι
1485 5210 1757 5278 Τέθνηκεν
1830 5210 1862 5278 ἡ

267 5306 518 5374 θυγάτηρ
608 5320 724 5368 σου,
790 5305 864 5374 μὴ
954 5302 1148 5355 σκύλλε
1200 5304 1293 5355 τὸν
1361 5301 1700 5356 διδάσκαλον.
1805 5302 1864 5354 ὐ

267 5400 325 5452 δὲ
423 5395 634 5466 Ἰησοῦς
723 5396 991 5460 ἀκούσας,
1046 5396 1324 5466 ἀπεκρίθη
1390 5393 1560 5464 αὐτῷ,
1635 5395 1859 5462 λέγων·

264 5494 360 5561 Μὴ
433 5491 623 5559 φοϐοῦ,
690 5492 850 5562 μόνον
913 5492 1161 5555 πίστευε,
1198 5490 1293 5541 καὶ
1358 5488 1688 5558 σωθήσεται.
1739 5486 1857 5539 Ἐλ-

263 5583 377 5639 θὼν
410 5583 467 5635 δὲ
493 5585 572 5646 είς
639 5585 737 5654 τὴν
791 5584 988 5647 οἰκίαν,
1035 5585 1134 5636 οῦκ
1191 5582 1406 5651 ἀφῆκεν
1460 5581 1722 5635 εἰσελθεῖν
1766 5582 1861 5633 οὑ-

259 5678 413 5738 ίρὲνα,
484 5679 531 5727 εἰ
594 5677 668 5748 μὴ
737 5677 963 5748 Πέτρον,
1032 5677 1128 5729 καὶ
1194 5676 1472 5739 Ἰάκωϐον,
1534 5677 1628 5728 καὶ
1672 5675 1858 5728 ’ῐωάν-

263 5788 381 5842 νην,
441 5769 534 5823 καὶ
577 5770 668 5822 τὸν
717 5770 932 5840 πατέρα
999 5772 1096 5838 τῆς
1156 5768 1346 5831 παιδὸς
1424 5768 1516 5820 καὶ
1579 5769 1678 5836 τὴν
1748 5786 1854 5838 μη-

632 5870 894 5927 ΡΑτιιοι..
945 5870 987 5923 (ἶ.
1002 5887 1059 5926 ιι.
1107 5866 1208 5927 CX
1228 5865 1394 5926 XIII.

2004 1890 2158 1961 tigit?
2196 1888 2530 1961 Negantibns
2571 1900 2752 1944 autem
2790 1891 3072 1953 omnibus,
3116 1889 3258 1943 dixit
3299 1888 3495 1944 Petrus
3541 1902 3599 1944 et

1999 1982 2089 2049 qui
2125 1996 2245 2034 cum
2293 1980 2389 2035 illo
2416 1989 2576 2035 erant
2615 1998 2631 2038 :
2667 1980 3000 2050 Praeceptor,
3046 1981 3220 2034 turbae
3251 1993 3303 2034 te
3332 1981 3596 2035 constrin-

1999 2083 2133 2143 gunt
2183 2083 2240 2127 et
2277 2072 2560 2138 aﬂliclant,
2609 2082 2667 2129 et
2718 2071 3068 2138 dicisz'Quis
3113 2087 3201 2127 me
3256 2071 3490 2143 tetigit“!—
3527 2071 3599 2127 Et

1999 2163 2315 2220 dixitJesus
2347 2183 2359 2219 :
2395 2165 2596 2234 Tetigit
2627 2179 2717 2219 me
2749 2164 2985 2233 aliquis:
3026 2176 3146 2218 nam
3183 2177 3283 2234 ego
3323 2163 3448 2218 novi
3484 2164 3596 2217 vir-

1999 2267 2166 2312 tutem
2197 2272 2228 2311 a
2266 2272 2352 2312 me
2392 2258 2593 2312 exisse.
2634 2253 2834 2310 Videns
2867 2264 3049 2309 autem
3079 2254 3276 2309 mulier
3303 2253 3450 2322 quod
3483 2268 3592 2308 non

1997 2350 2267 2414 latuisset,
2306 2359 2543 2404 tremens
2571 2349 2719 2403 venit
2746 2363 2810 2402 ac
2840 2348 3073 2418 procidit
3102 2357 3230 2401 ante
3261 2348 3426 2414 pedes
3451 2345 3590 2415 ejus.

1995 2455 2051 2497 et
2100 2444 2170 2497 ob
2227 2458 2388 2512 quam
2427 2456 2649 2496 causam
2703 2441 2973 2511 tetigisset
3024 2454 3174 2506 eum,
3230 2438 3494 2495 iudicavit
3541 2440 3593 2492 ei

1965 2524 2178 2592 'coram
2245 2545 2359 2589 toto
2412 2535 2630 2604 populo,
2693 2543 2749 2588 et
2790 2532 3249 2602 quemadmodum
3305 2530 3593 2589 confestim

1992 2635 2186 2681 sanata
2215 2626 2425 2680 fuisset.
2459 2630 2526 2679 Al.
2552 2627 2669 2692 ipse
2701 2623 2840 2680 dixit
2872 2624 2922 2679 ei
2951 2641 2965 2677 :
2999 2621 3251 2690 Contide,
3281 2622 3422 2677 lilia:
3456 2622 3592 2675 fides

1995 2729 2084 2772 tua
2119 2730 2170 2773 te
2202 2717 2464 2772 servavit.
2508 2715 2656 2771 Vade
2686 2729 2811 2772 cum
2845 2729 3001 2784 pace.
3049 2735 3069 2766 ι
3109 2715 3370 2769 Dominus
3405 2712 3596 2766 volens

1990 2815 2155 2867 etiam
2189 2811 2434 2866 mulieris
2470 2809 2628 2864 [idem
2665 2809 2926 2864 omnibus
2977 2806 3320 2862 manifestam
3357 2805 3498 2869 ﬁeri,
3535 2814 3596 2857 ut

1993 2905 2296 2959 imitatores
2339 2902 2456 2970 ejus
2512 2903 2726 2966 tierent,
2769 2909 2823 2956 et
2873 2896 3086 2953 Jairum
3123 2896 3387 2965 majorem
3436 2910 3590 2963 spem

1989 2995 2057 3050 de
2088 2995 2262 3051 salute
2293 2993 2472 3050 ﬂliola‘:
2498 3009 2610 3049 suae
2631 3007 2851 3062 capere,
2877 2990 3190 3063 quorLclam
3216 2988 3421 3043 factum
3445 2996 3588 3052 erat,

1993 3087 2338 3149 manifestat,
2371 3095 2426 3140 et
2455 3084 2649 3153 quaerit
2683 3085 2907 3154 quidem
2937 3084 3060 3152 quis
3091 3081 3272 3152 ipsum
3308 3079 3588 3152 tetigerit;

1991 3190 2046 3232 at
2077 3176 2271 3232 Petrus
2311 3178 2576 3232 audacter
2617 3175 2688 3230 ob
2735 3174 3225 3242 interrogationem
3282 3172 3425 3226 hanc
3458 3184 3585 3226 eum

1991 3271 2401 3340 reprehendens
2435 3269 2608 3324 dicit:
2644 3268 2750 3321 Tot
2787 3278 2840 3323 te
2874 3266 3268 3336 comprimunt,
3312 3274 3369 3319 et
3401 3264 3537 3318 dicis
3567 3280 3585 3319 :

1986 3361 2122 3428 Quis
2149 3377 2235 3416 me
2270 3361 2492 3432 tetigit?
2520 3359 2638 3414 Non
2674 3358 3014 3428 intelligebat
3052 3367 3236 3412 autem
3268 3357 3396 3427 quid
3427 3355 3588 3412 Jcsus

1986 3455 2369 3524 interrogaret.
2399 3451 2563 3510 Jesus
2599 3453 2745 3506 enim
2802 3453 3126 3518 interrogat,
3161 3449 3296 3516 Quis
3330 3463 3416 3505 me
3443 3449 3580 3504 teti-

1985 3544 2099 3616 git?
2136 3561 2259 3599 cum
2315 3545 2440 3610 fide,
2479 3554 2536 3599 et
2579 3559 2686 3599 non
2739 3543 2816 3598 ita
2862 3543 3207 3612 simpliciter.
3249 3540 3386 3596 Nam
3440 3541 3588 3597 sicut

1982 3637 2150 3709 330
2181 3637 2304 3706 quis
2337 3637 2502 3694 habet
2544 3652 2706 3691 aures
2743 3636 3023 3703 audiendi,
3068 3635 3210 3690 alius
3252 3649 3378 3691 vero
3410 3650 3577 3690 aures

1987 3732 2169 3796 habet,
2224 3739 2278 3785 et
2341 3745 2450 3785 non
2512 3730 2665 3786 audit
2716 3744 2733 3783 :
2791 3732 2864 3784 ita
2913 3729 3057 3784 alius
3118 3727 3342 3798 quidem
3409 3727 3587 3794 tangit

1983 3838 2107 3877 cum
2144 3821 2272 3885 fide,
2306 3821 2446 3875 alius
2475 3816 2675 3896 .autem
2715 3820 3121 3893 appropinquat
3159 3820 3376 3890 quidem
3424 3820 3582 3889 pedi-

1982 3914 2108 3977 bus,
2160 3913 2326 3967 corde
2371 3922 2552 3967 autem
2605 3913 2796 3982 procul
2843 3921 2948 3967 est.
2982 3911 3157 3983 Rogat
3186 3911 3352 3982 igitur
3396 3909 3584 3965 Domi-

1984 4023 2107 4074 uns,
2147 4024 2256 4064 non
2309 4009 2566 4078 ignorans
2620 4006 2824 4064 factum
2873 4007 3145 4071 mulieris,
3204 4006 3300 4062 sed
3342 4005 3394 4060 id
3428 4005 3578 4076 quod

1981 4103 2252 4166 dicebam,
2281 4109 2424 4157 utet
2460 4101 2620 4156 fidem
2647 4102 2768 4172 ejus
2803 4101 2926 4156 aliis
2954 4107 3312 4165 monstraret,
3345 4109 3400 4154 et
3427 4099 3582 4168 prin-

1980 4196 2085 4264 cipi
2127 4193 2425 4265 Synagogze
2455 4209 2606 4262 spem
2637 4193 2837 4248 bonam
2868 4193 3095 4248 faceret.
3131 4190 3329 4263 Rogat,
3369 4200 3423 4246 et
3454 4207 3582 4261 spe.

1980 4287 2234 4342 ctabilem
2276 4286 2407 4341 facit
2440 4285 2746 4344 mulierem.
2790 4283 2926 4339 Novi
2963 4286 3137 4352 enim,
3169 4284 3366 4355 inquit,
3404 4284 3580 4349 virtue

1981 4388 2089 4434 tem
2119 4381 2322 4436 exiisse
2348 4395 2378 4433 a
2424 4395 2531 4447 me,
2576 4378 2793 4443 merito.
2833 4379 3124 4449 Propheta:
3149 4378 3295 4432 enim
3331 4392 3435 4431 non
3475 4377 3581 4431 ha-

167 4475 169 4478 ⁴
278 4471 382 4523 οὐκ
418 4465 566 4538 εἶχον
609 4467 867 4539 δυνάμεις
896 4467 994 4522 ἀπ’
1039 4469 1220 4521 αὐτῶν
1250 4467 1612 4539 ἐξερχομένας
1639 4484 1652 4498 ·
1685 4470 1868 4539 χάριτι

1989 4474 2181 4527 hebant
2211 4473 2469 4528 virtutem
2507 4473 2574 4528 de
2603 4485 2666 4527 se
2706 4471 3101 4542 egredientem,
3137 4470 3231 4527 sed
3267 4473 3440 4538 gratia
3479 4469 3573 4524 llei

1975 4565 2350 4632 aperabantur
2401 4562 2688 4618 miracula.
2727 4561 2888 4633 Jesus
2929 4577 3063 4618 vero
3102 4577 3227 4617 cum
3265 4561 3386 4617 fons
3425 4571 3578 4616 esset

1973 4655 2153 4708 omnis
2185 4655 2310 4710 boui
2368 4665 2424 4711 et
2463 4658 2644 4713 omnis
2676 4655 2932 4719 virtutis,
2968 4656 3131 4710 habet
3166 4665 3222 4709 et
3257 4656 3511 4710 tirtutem
3542 4670 3572 4708 a

1973 4767 2033 4806 se
2087 4752 2480 4822 egredientem.
2535 4751 2672 4806 Nam
2728 4751 3020 4822 dupliciter
3070 4759 3231 4805 sanat
3287 4751 3571 4805 mulierem

1976 4844 2256 4909 Dmtiitttls,
2293 4844 2526 4913 primum
2577 4841 2798 4911 quidem
2837 4843 3086 4896 morbum
3131 4841 3250 4910 ejus
3295 4840 3571 4902 sanando,

1972 4938 2168 4991 deinde
2220 4937 2470 4990 timorem
2507 4933 2706 4989 anima
2759 4932 2877 5002 ejus
2909 4933 3107 4989 tollens
3152 4948 3248 5004 per
3287 4933 3391 4987 hoc
3425 4937 3570 5003 quod

1970 5026 2144 5079 dixit:
2176 5025 2428 5093 Coutide,
2461 5026 2592 5081 tilia.

2051 5119 2215 5174 \‘sns.
2247 5119 2440 5176 49-56.
2481 5137 2500 5171 ι
2534 5118 2724 5173 Adhuc
2754 5116 2846 5173 illo
2876 5117 3134 5188 loquente
3162 5116 3311 5173 venit
3340 5117 3562 5188 quidam

1970 5226 1996 5259 a
2036 5211 2199 5264 domo
2228 5213 2495 5281 principis
2525 5213 2846 5286 Synagogze,
2898 5215 3087 5273 dicens
3121 5212 3169 5268 ei
3197 5226 3211 5264 :
3243 5212 3452 5266 Mortua
3481 5217 3566 5264 est

1968 5302 2075 5354 lilia
2117 5314 2206 5356 tua
2237 5318 2252 5357 :
2287 5303 2392 5357 noli
2427 5320 2627 5361 vexare
2656 5307 3006 5376 magistrum.
3058 5303 3218 5358 JeSus
3251 5313 3430 5357 autem
3463 5316 3562 5353 auo

1963 5393 2081 5449 dito
2113 5396 2215 5450 hoc
2237 5396 2406 5452 verbo
2437 5399 2716 5467 respondit
2747 5400 2884 5468 patri
2924 5396 3111 5467 puellae
3140 5413 3154 5449 :
3186 5394 3302 5448 Noli
3343 5395 3554 5455 timere,

1962 5489 2124 5543 crede
2152 5499 2384 5553 tantum,
2423 5500 2478 5544 et
2505 5492 2652 5544 salva
2694 5494 2818 5546 erit.
2855 5491 2921 5544 Et
2951 5506 3074 5544 eum
3107 5491 3344 5545 venisset
3369 5489 3422 5542 in

1964 5600 2133 5648 mum,
2172 5599 2275 5638 non
2309 5585 2561 5653 permisit
2605 5585 2810 5640 intrare
2858 5601 3042 5642 secum
3081 5601 3406 5656 quemquam
3451 5600 3555 5637 ιΙωΙ

1960 5676 2206 5742 Petrum,
2264 5687 2320 5732 et
2367 5676 2746 5744 Jacobum,-et
2789 5676 3083 5744 Joannem,
3122 5687 3171 5733 et
3233 5685 3442 5748 patrem
3490 5691 3556 5733 ac

1964 5777 2194 5824 matrem
2247 5768 2459 5838 puellm.
2496 5767 2726 5825 Flebant
2750 5778 2930 5826 autem
2977 5786 3188 5825 omnes.
3240 5779 3293 5823 et
3335 5769 3558 5839 plange-

3126 5868 3206 5927 26
