4030 6404
524 342 623 407 ειι

1431 325 2011 393 THEUFHYLACTI
2051 319 2466 383 BUl.G.\l’.I.E
2514 318 2865 381 ARCIIIEP.
3658 322 3691 381 8
3708 318 3766 392 i9,

517 458 639 507 liam
678 452 844 506 illam.
873 451 935 503 At
965 448 1051 502 ille
1080 447 1253 500 dixit:
1286 443 1464 498 Nolite
1500 444 1650 511 ﬂere,
1684 458 1787 496 non
1826 450 1908 494 est
1944 452 2083 491 mor—

2194 438 2347 503 τέρα.
2393 434 2650 486 Ἐκλαιον
2678 433 2733 486 δὲ
2774 433 2989 495 πάντες,
3028 432 3119 485 καὶ
3148 430 3439 486 ἐκόπτοντο
3471 431 3659 501 αὑτήν.
3708 437 3763 484 ἰδ

516 557 629 608 tua,
676 543 770 598 sed
806 541 1023 596 dormit.
1063 538 1128 591 Et
1157 537 1470 591 deridebant
1506 552 1653 598 eum,
1682 534 1919 588 scientes
1945 532 2085 597 quod

518 649 727 692 tnorlna
764 640 925 688 esset.
983 630 1101 701 Ipse
1146 639 1323 685 autem
1373 630 1561 699 ejectis
1615 626 1763 680 foras
1808 624 2082 685 omnibus,

520 728 853 798 apprehensa
909 736 1069 775 manu
1113 720 1233 789 ejus
1271 718 1519 774 clamavit
1546 757 1563 782 ,
1599 717 1829 771 dicens:
1876 710 2081 775 Puella,

514 834 691 889 surge.
720 818 784 872 lit
812 828 1063 871 reversus
1087 823 1169 869 est
1192 812 1417 880 spiritus
1443 812 1582 879 ejus,
1605 818 1661 863 et
1689 806 1926 861 surrexit
1952 819 2085 859 con-

514 914 686 974 tinuo,
720 924 781 963 ac
806 908 969 976 jussit
998 907 1071 960 illi
1107 905 1218 959 dari
1253 904 1453 958 cibum.
1496 900 1562 954 Et
1612 910 1935 969 stupuerunt
1974 910 2075 962 ρα-

514 1012 694 1055 rentes
741 1000 874 1066 ejus.
918 999 986 1051 At
1032 995 1119 1049 ille
1150 992 1402 1064 prmccpit
1452 990 1535 1045 eis
1584 1003 1652 1043 ne
1702 990 1789 1043 cui
1832 988 2081 1040 dicerent

512 1093 652 1159 quod
701 1090 901 1144 factum
954 1092 1092 1140 erat.
1134 1102 1152 1135 ι
1203 1081 1361 1138 Jesns
1396 1090 1455 1135 ut
1488 1081 1695 1134 audivit
1746 1077 1887 1143 quod
1940 1074 2081 1128 dixit

508 1182 727 1251 quidam
757 1182 824 1232 ad
852 1178 1335 1245 arebtsynagugum
1363 1191 1378 1229 :
1420 1170 1499 1227 Ne
1534 1185 1695 1224 vexes
1733 1166 2072 1237 magistrum,

512 1280 615 1330 hoc
644 1281 747 1337 est,
783 1288 849 1327 ne
882 1272 1052 1326 facias
1096 1269 1395 1339 negotium,
1435 1282 1501 1321 ne
1533 1263 1707 1319 adduc
1744 1262 1931 1316 illum:
1976 1275 2079 1313 non

520 1362 859 1431 exspectavit
912 1371 971 1414 nt
1001 1359 1251 1429 princeps
1276 1370 1558 1426 synagoga:
1604 1354 1703 1423 ipsi
1752 1352 2078 1421 loqueretur,

514 1456 605 1508 sed
636 1452 893 1522 prmvenit
920 1465 1063 1515 eum,
1095 1464 1164 1502 ne
1189 1449 1327 1502 forte
1348 1447 1551 1500 diceret
1576 1445 2039 1514 arcliisynagogus
2065 1459 2078 1496 :

514 1550 627 1602 Non
656 1560 790 1615 Opus
828 1544 999 1598 habeo
1034 1554 1105 1609 te,
1136 1541 1247 1609 jam
1298 1539 1442 1594 enim
1475 1538 1673 1591 malum
1725 1534 1927 1589 factum
1977 1543 2081 1598 est,

512 1654 641 1695 ecce
671 1644 885 1691 mortua
915 1643 997 1687 est
1023 1647 1185 1703 quam
1216 1628 1567 1701 sperabamus
1597 1643 1627 1681 a
1665 1637 1717 1680 te
1761 1625 2080 1679 sanandam.

515 1730 685 1798 Igitur
733 1743 798 1782 ne
839 1726 968 1797 quid
1001 1726 1105 1778 tale
1148 1722 1353 1777 diceret
1386 1739 1401 1781 ;
1442 1718 1754 1773 incredulus
1784 1720 1928 1773 enim
1967 1724 2085 1771 erat

515 1832 569 1877 et
601 1821 817 1875 Judzeus
848 1815 1223 1887 :przevéniens
1260 1812 1409 1867 illum
1457 1810 1744 1872 Christus,
1784 1809 1951 1863 dicit:
2006 1805 2084 1862 Ne

516 1916 730 1977 timeas,
758 1921 965 1965 tantum
1001 1909 1159 1963 crede
1192 1924 1205 1960 :
1245 1905 1451 1974 respice
1485 1904 1551 1957 ad
1611 1901 1891 1956 mulierem
1924 1901 2082 1963 banc,

516 2024 637 2075 qua:
679 2004 957 2074 sanguinis
988 2000 1250 2070 proﬂuvio
1280 1998 1544 2053 laboravit
1576 2015 1593 2052 :
1634 1996 1777 2049 illam
1825 1993 1870 2047 si
1906 1994 2085 2047 imita-

517 2112 601 2153 tus
651 2094 841 2159 fueris,
902 2106 1010 2147 non
1052 2089 1351 2146 aberrabis.
1391 2086 1656 2143 Caeterum
1700 2099 1767 2138 ex
1808 2082 2086 2152 discipulis

514 2196 718 2242 tantum
746 2185 948 2237 intrare
974 2195 1155 2236 secum
1182 2178 1426 2249 permisit
1445 2177 1704 2233 Joannem
1728 2185 1782 2229 et
1817 2174 2077 2230 Jacobnm

514 2290 570 2333 et
616 2276 862 2339 Petrum,
897 2284 955 2329 ut
992 2271 1376 2341 discipulorum
1422 2271 1723 2340 praecipuos
1774 2275 1829 2321 et
1862 2266 2086 2321 tacitur-

514 2384 634 2423 nos.
666 2364 890 2421 Nulebat
923 2365 1066 2420 enim
1104 2364 1206 2417 hoc
1239 2361 1559 2415 miraculum
1594 2368 1719 2414 ante
1749 2368 1959 2425 tempus
1988 2371 2085 2409 re-

516 2460 686 2514 \elari
718 2458 922 2523 multis,
950 2465 1170 2526 propter
1196 2452 1509 2507 Judaorum
1561 2451 1794 2505 fortasse
1827 2449 2082 2502 invidiam

516 2554 772 2623 pleraque
794 2565 861 2605 ex
886 2546 1138 2618 cperibus
1166 2547 1280 2600 suis
1308 2544 1611 2609 occultans,
1636 2558 1706 2597 ne
1736 2539 1935 2595 invidia
1966 2552 2087 2591 suc-

514 2645 659 2701 censi
707 2641 894 2714 judicii
959 2641 1151 2694 tierent
1190 2638 1286 2692 rei.
1345 2635 1501 2689 Hunc
1550 2636 1601 2688 in
1663 2634 1877 2687 modum
1922 2630 2082 2683 etiam

514 2752 615 2792 nos
641 2750 854 2805 quoque
884 2733 1061 2787 facere
1088 2738 1323 2800 oportet,
1355 2727 1569 2797 quando
1598 2727 1720 2796 quis
1751 2724 1913 2778 nobis
1946 2723 2085 2776 invi—

512 2831 627 2893 det,
661 2842 727 2882 ne
760 2827 1067 2895 aperiamus
1095 2823 1145 2876 ei
1178 2830 1357 2875 nostra
1390 2820 1530 2873 bona
1558 2833 1745 2887 opera,
1791 2817 1885 2871 sed
1928 2830 2086 2867 cure-

512 2936 634 2975 mus
669 2930 725 2971 ut
746 2920 974 2986 ignoret,
1017 2930 1084 2968 ne
1118 2912 1376 2967 feiienles
1410 2912 1605 2980 ipsum,
1630 2924 1815 2963 ansam
1846 2908 2087 2976 prmbca-

517 3026 643 3065 mus
672 3023 841 3077 magis
890 3004 1162 3060 invidendi
1208 3018 1271 3057 ac
1328 3002 1380 3055 in
1416 3008 1697 3070 peccatum
1733 2998 1941 3051 ruendi.
1978 2996 2085 3050 Sed

512 3100 690 3171 quoad
721 3100 832 3152 fieri
864 3107 1065 3165 potest,
1095 3096 1260 3149 adniti
1283 3092 1564 3156 debemus,
1589 3102 1646 3144 ut
1666 3091 1840 3159 ipsum
1864 3089 2081 3141 lateant.

512 3194 647 3249 Cum
680 3202 859 3245 autem
899 3188 1157 3241 Dominus
1184 3185 1423 3241 diceret:
1468 3181 1583 3238 Non
1613 3191 1695 3236 est
1726 3190 1959 3244 mortua,
1990 3180 2085 3232 sed

515 3286 732 3348 dormit,
766 3298 817 3337 et
845 3281 1002 3352 331
1041 3286 1260 3334 vocaret
1286 3289 1515 3331 mortem
1549 3288 1822 3337 somnum,
1850 3286 1916 3325 eo
1947 3272 2087 3338 quod

514 3388 784 3433 mortuam
807 3374 961 3441 quasi
988 3387 1057 3431 ex
1098 3384 1288 3423 somno
1344 3368 1703 3421 suscitaturus
1726 3372 1906 3418 esset:
1942 3363 2087 3416 deri-

514 3474 703 3521 serunt
743 3480 863 3517 eutn
897 3460 1198 3523 audientes,
1233 3468 1289 3511 ut
1321 3458 1513 3510 iterum
1549 3455 1752 3523 aliquid
1807 3453 2089 3508 accederet

516 3556 796 3611 miraculo.
832 3552 901 3608 Ut
931 3554 1072 3606 enim
1110 3561 1294 3619 postea
1322 3550 1503 3602 dicere
1534 3562 1640 3601 non
1674 3556 1895 3615 possent
1942 3546 2085 3614 quod

518 3665 623 3705 non
646 3649 716 3703 sit
749 3660 981 3709 mortua,
1014 3647 1107 3698 sed
1149 3642 1427 3697 dormierit
1464 3659 1475 3693 :
1513 3648 1733 3710 propter
1762 3638 1864 3692 hoc
1896 3637 2087 3705 penni-

518 3744 585 3797 sit
613 3750 668 3794 ut
704 3740 851 3809 prius
882 3739 1213 3791 derideretur
1244 3734 1297 3786 in
1326 3748 1389 3787 eo
1418 3735 1559 3801 quod
1586 3732 1815 3794 diceret,
1859 3728 1975 3783 Non
2005 3739 2089 3783 est

520 3843 756 3898 mortua,
790 3830 883 3885 sed
930 3827 1168 3883 dormit':
1219 3836 1277 3879 ut
1330 3828 1720 3879 obturarentur
1763 3836 1855 3875 ora
1901 3821 2087 3875 volen-

522 3926 653 3981 tium
677 3921 1018 3979 calumniari.
1048 3918 1227 3987 Usque
1257 3917 1391 3970 adeo
1419 3915 1562 3970 enim
1590 3924 1735 3970 certa
1759 3922 1877 3969 erat
1909 3928 2081 3975 nzors,

520 4030 577 4073 ut
631 4015 943 4071 deriderent
988 4013 1296 4068 dicentem:
1339 4008 1457 4063 Non
1499 4018 1581 4063 est
1626 4016 1859 4061 mortua.
1915 4005 2088 4075 Ejecit

519 4121 695 4164 autem
718 4108 865 4162 foras
881 4121 1091 4170 onmes,
1113 4104 1336 4158 fortasse
1352 4104 1550 4157 docens
1574 4115 1671 4155 nos
1699 4114 1886 4155 carere
1914 4099 2087 4152 inanis

518 4202 700 4272 gloriae
728 4201 929 4261 studio,
973 4206 1027 4251 et
1080 4196 1215 4249 nibil
1267 4196 1333 4248 ad
1377 4194 1799 4247 ostentationem
1858 4193 2081 4245 lacere:

519 4296 751 4347 fortasse
781 4300 959 4344 autem
995 4299 1047 4342 et
1080 4288 1277 4341 docens
1311 4287 1473 4355 quod,
1507 4285 1725 4352 quando
1760 4284 1879 4353 quis
1910 4282 2085 4335 factu—

517 4400 608 4439 rus
654 4394 739 4438 est
787 4380 1069 4443 miracula,
1124 4380 1237 4449 ipse
1286 4393 1389 4431 non
1439 4378 1491 4430 in
1541 4378 1716 4430 medio
1768 4380 2079 4441 multorum,

2191 528 2245 580 δὲ
2278 523 2397 579 εἷπε
2425 544 2437 556 ·
2478 528 2567 596 Μὴ
2599 527 2833 588 κλαίετε,
2872 527 2970 578 οὐκ
2999 524 3287 588 ἀπέθανεν,
3329 525 3464 578 ἀλλά
3494 524 3759 580 καθεύδει.

2193 620 2302 671 Καὶ
2332 616 2641 685 κατεγέλων
2681 612 2867 679 αὑτοῦ,
2904 615 3105 678 εἰδότες
3132 615 3216 668 ὅτι
3263 613 3557 669 ἀπέθανεν.
3599 616 3764 678 Αὐτὸς

2189 711 2245 764 δὲ
2294 709 2539 763 ἐκϐαλὼν
2574 710 2677 774 ἔξω
2713 711 2919 771 πάντας
2969 709 3065 761 καὶ
3102 708 3385 777 κρατήσας
3435 708 3537 774 τῆς
3586 707 3763 777 χειρξς

2192 804 2379 872 αὐτῆς,
2412 803 2659 870 ὲφὼνησε
2694 803 2865 870 λέγων
2898 816 2911 830 '
2946 802 3011 853 'li
3041 802 3192 865 παῖς,
3243 800 3481 871 ἐγείρου.
3515 799 3625 853 Καὶ
3667 802 3763 851 ἐπ-

2191 895 2422 966 έστρεψε
2471 897 2532 948 τδ
2564 895 2781 961 πνεῦμα
2814 895 3005 965 αὐτῆς,
3038 895 3131 945 καὶ
3154 892 3353 964 ἀνέστη
3406 892 3764 963 παραχρῆμα,

2190 1002 2284 1043 και
2310 989 2551 1053 διέταξεν
2580 990 2717 1059 αὐτῇ
2742 989 2961 1058 δοθῆναι
2988 990 3207 1056 φαγεῖν.
3240 987 3347 1039 Καὶ
3382 986 3685 1056 ἐξέστησαν
3715 986 3764 1036 οί

2188 1085 2365 1150 γονεῖς
2397 1082 2588 1150 αὐτῆς.
2648 1081 2708 1133 '0
2738 1081 2794 1133 δὲ
2830 1079 3206 1150 παρήγγειλεν
3236 1080 3425 1142 αύεοῖς
3459 1078 3647 1149 μηδενὶ
3687 1081 3769 1130 εί-

2189 1173 2309 1224 πεῖν
2342 1170 2405 1224 τὸ
2436 1170 2677 1239 γεγονός.
2727 1189 2745 1221 ι
2801 1167 2866 1222 '0
2896 1168 3105 1238 Ἰησοῦς
3138 1168 3395 1231 ἀκούσας,
3429 1167 3503 1229 ὡς
3534 1163 3653 1220 εἶπέ
3688 1184 3765 1229 τις

2186 1264 2323 1334 προς
2374 1264 2464 1316 τὸν
2493 1264 2943 1335 ἀρχισυνάγωγον
2972 1277 2983 1290 ·
3024 1262 3115 1329 Μὴ
3146 1259 3337 1313 σκύλλε
3384 1260 3477 1311 τὸν
3509 1259 3768 1313 διδασκα-

2186 1356 2296 1421 λον,
2329 1357 2600 1421 τουτέστι,
2628 1355 2721 1426 Μὴ
2749 1358 2827 1420 εἰς
2856 1358 3058 1417 κόπους
3088 1353 3312 1425 ἔμϐαλε,
3351 1354 3425 1423 μὴ
3462 1354 3765 1421 μετακίνει,

2184 1451 2287 1503 οὐκ
2336 1450 2591 1519 ἀνέμεινε
2628 1450 2720 1502 τὸν
2755 1450 3208 1519 ἀρχισυνάγωγον
3258 1446 3489 1515 λαλῆσαί
3529 1462 3582 1497 τι
3633 1445 3767 1514 πρξς

2186 1542 2365 1607 αὑτὸν,
2421 1542 2557 1595 ἀλλά
2591 1542 2933 1612 προφθάσας,
2980 1541 3069 1593 ἵνα
3104 1540 3177 1609 μὴ
3208 1537 3337 1610 εῖπῃ
3389 1540 3417 1591 ὁ
3457 1536 3762 1607 ἀρχισυνά-

2186 1651 2388 1703 γωγος⁸
2440 1635 2515 1689 Οὐ
2559 1635 2749 1706 χρείαν
2794 1652 2887 1688 σου
2940 1634 3068 1704 ἔχω,
3104 1633 3202 1705 ήδη
3247 1633 3439 1700 γέγονε
3480 1630 3542 1683 τὸ
3574 1629 3769 1689 κακὶν,

2193 1728 2301 1781 ἰδοῦ
2346 1727 2618 1781 ἀπέθανεν
2664 1727 2732 1797 ὴν
2778 1723 3199 1795 προσεδοκῶμεν
3244 1726 3327 1777 ὅτι
3380 1719 3767 1792 θεραπεύσεις,

2190 1821 2276 1872 ῖνα
2312 1819 2443 1886 γοῦν
2471 1819 2636 1888 μηδὲν
2668 1817 2909 1871 τοιοῦτον
2946 1819 3074 1888 εῖπῃ
3116 1833 3128 1846 '
3171 1816 3397 1875 ἄπιστος
3429 1813 3541 1882 γὰρ
3574 1807 3642 1881 ἦν
3673 1810 3770 1861 καὶ

2202 1912 2451 1973 Ἰουδαῖος
2482 1928 2494 1941 ·
2552 1911 2875 1982 προφθάσας
2925 1910 3089 1961 αὑτὸν
3132 1910 3160 1960 ό
3186 1905 3439 1977 Χριστὸς,
3486 1903 3640 1974 φησί’
3674 1903 3767 1972 Μὴ

2191 2002 2382 2072 φοϐοῦ,
2437 2002 2595 2063 μόνον
2624 2003 2869 2065 πίστευε,
2912 2002 3045 2069 πρὸς
3077 2000 3173 2069 τὴν
3220 1999 3544 2069 αἱμόρῤουν,
3579 1996 3767 2062 φησὶν,

2188 2096 2512 2147 ἀποσκόπει·
2579 2094 2792 2163 ἐκείνην
2866 2093 3199 2163 μιμούμενος
3256 2092 3357 2142 οὐκ
3415 2088 3767 2157 ἀστοχήσεις.

2186 2189 2365 2242 Μόνον
2392 2188 2447 2240 δὲ
2485 2187 2711 2257 Πέτρον,
2746 2186 2839 2237 καὶ
2883 2185 3159 2251 Ἰωάννην,
3194 2182 3287 2234 καὶ
3326 2178 3581 2232 Ἰάκωϐον
3605 2180 3771 2248 ἀφίη-

2190 2298 2275 2333 σιν
2305 2280 2589 2341 εἰσελθεῖν,
2630 2279 2705 2340 ὡς
2742 2277 3071 2345 προκρίτους
3104 2274 3212 2326 τῶν
3247 2270 3529 2343 μαθητῶν,
3564 2269 3661 2322 καὶ
3693 2269 3771 2331 ὡς

2185 2373 2518 2441 δυναμένους
2554 2370 2827 2439 σιωπῆσαι
2856 2370 2914 2420 τὸ
2950 2366 3155 2436 θαῦμα.
3201 2367 3275 2418 Οὐ
3309 2364 3416 2432 γὰρ
3456 2362 3649 2432 ἤθελεν
3679 2362 3769 2412 ἴνα

2187 2465 2293 2533 πρὸ
2345 2461 2537 2528 καιροῦ
2597 2459 3012 2528 ἁποκαλυφθείη
3078 2458 3189 2520 τοῖς
3245 2456 3479 2518 πολλοῖς,
3538 2454 3626 2505 δια
3677 2452 3771 2503 τὸν

2188 2556 2379 2624 φθόνον
2413 2556 2553 2625 ταχα
2582 2556 2689 2605 τῶν
2756 2552 3043 2615 Ἰουδαίων,
3094 2549 3163 2602 τὰ
3212 2540 3382 2600 πλείοί
3430 2546 3539 2599 τῶν
3585 2545 3768 2614 ἔργων

2188 2647 2357 2703 αὑτοῦ
2395 2646 2810 2717 συγκαλύπτων,
2848 2645 2934 2697 ῖνα
2961 2643 3035 2713 μὴ
3060 2640 3134 2711 τῷ
3160 2640 3337 2710 φθόνῳ
3370 2639 3767 2704 διακαιόμενοι,

2189 2740 2455 2809 κρίματος
2508 2739 2678 2807 ἔνοχοι
2733 2732 2862 2787 εἷεν.
2916 2734 3129 2801 Ὥσπερ
3192 2727 3284 2784 οὖν
3338 2732 3433 2783 καὶ
3489 2730 3639 2797 ἡμᾶς
3684 2728 3768 2779 δεῖ

2190 2831 2385 2891 ποιεῖν,
2439 2830 2565 2880 ὅταν
2620 2828 2703 2896 εἴη
2751 2844 2833 2884 τις
2883 2827 3015 2893 ἡμῖν
3066 2822 3295 2891 φθονῶν.
3339 2822 3438 2872 οὐκ
3476 2820 3769 2887 ὀφείλομεν

2190 2921 2327 2990 πρὸς
2388 2920 2548 2971 αὐτὸν
2602 2916 2953 2985 ἀπογυμνοῦν
3006 2916 3074 2967 τὰ
3127 2913 3536 2984 κατορθώματα
3587 2911 3768 2981 ἡμῶν,

2190 3014 2275 3065 ἵνα
2313 3010 2388 3081 μὴ
2425 3010 2753 3080 πλήττοντες
2800 3007 2983 3067 αὑτὸν,
3019 3005 3262 3075 ποιῶμεν
3317 3004 3478 3056 πλέον
3531 3002 3769 3069 φθονεῖν,

2115 3137 2155 3192 C
2190 3105 2285 3156 καὶ
2331 3105 2409 3163 εἰς
2452 3103 2758 3170 ἁμάρτημα
2815 3098 3195 3167 ὲμόάλλωμεν,
3242 3095 3357 3146 ἀλλ’
3410 3093 3486 3156 ὡς
3540 3086 3653 3144 οἷόν
3702 3107 3767 3143 τε

2193 3194 2511 3257 σπουδάζειν
2562 3193 2635 3255 ὡς
2689 3193 2753 3245 ἂν
2797 3190 3131 3243 λανθάνωσιν
3182 3188 3366 3240 αὐτόν.
3409 3187 3677 3253 Λέγοντος
3711 3186 3770 3237 δὲ

2191 3290 2283 3341 τοῦ
2323 3288 2525 3356 Κυρίου
2554 3287 2635 3337 ὅτι
2690 3286 2787 3336 οὐκ
2827 3283 3121 3343 ἀπέθανεν,
3174 3281 3309 3333 ἀλλά
3346 3279 3625 3339 καθεύδει,
3676 3279 3772 3329 καὶ

2188 3382 2280 3433 τὸν
2309 3381 2536 3431 θάνατον
2570 3376 2736 3427 ῦπνον
2786 3374 3099 3437 καλοῦντος,
3135 3372 3269 3425 διότι
3317 3371 3509 3441 ἔμελλε
3541 3370 3641 3440 τὴν
3675 3387 3771 3421 τε-

2191 3473 2447 3540 θνηκυῖαν
2500 3468 2797 3537 ἀναστῆσαι
2849 3466 3040 3537 ὥσπερ
3095 3465 3153 3529 ἐξ
3208 3464 3401 3526 ὕπνου,
3450 3462 3772 3529 κατεγέλων

2188 3560 2351 3617 αὑτοῦ
2383 3562 2431 3612 ol
2477 3559 2784 3619 ἀκούοντες,
2841 3558 2928 3608 ἵνα
2978 3558 3070 3607 καί
3106 3554 3308 3625 μᾶλλον
3354 3555 3413 3606 τὸ
3460 3554 3647 3622 θαῦμα
3681 3556 3769 3622 εἴη

2189 3655 2392 3721 θαῦμα.
2430 3653 2549 3703 Ἵνα
2582 3652 2688 3718 γὰρ
2724 3649 2795 3718 μὴ
2842 3648 3008 3717 ἔχωσι
3056 3648 3239 3715 λέγειν
3288 3647 3514 3714 ὕστερον
3559 3646 3633 3708 ὡς
3666 3648 3770 3698 οὐκ

2190 3746 2476 3807 ἀπέθανεν,
2508 3742 2618 3793 ἀλλ’
2651 3742 2916 3803 ῦπνωττε,
2964 3740 3051 3792 διὰ
3082 3739 3241 3791 τοῦτο
3271 3740 3591 3808 ᾡκονόςισνεσε
3626 3740 3765 3805 πρό-

2188 3854 2347 3905 τερον
2374 3832 2870 3901 καταγελασθῆναι,
2904 3834 2961 3884 ἐν
3008 3831 3085 3901 τῷ
3116 3832 3293 3898 λέγειν
3324 3831 3407 3883 ὅτι
3438 3830 3536 3882 οὐκ
3565 3828 3776 3881 ἀπέθα-

2189 3948 2302 3994 νεν,
2348 3928 2482 3981 ἀλλὰ
2515 3926 2787 3989 καθεύδει,
2833 3926 2906 3989 ὡς
2956 3925 3022 3977 ἂν
3056 3924 3382 3995 ὲμφραγῶσι
3416 3922 3483 3974 τὰ
3520 3923 3772 3988 στόματα

2187 4022 2296 4073 τῶν
2328 4019 2588 4072 θελόντων
2627 4018 3006 4087 συκοφαντεῖν.
3036 4015 3302 4067 Τοσοῦτον
3329 4014 3439 4085 γὰρ
3470 4014 3767 4079 ἀπέθανεν,

2189 4112 2327 4164 ὥστε
2362 4112 2454 4162 καὶ
2487 4109 2799 4176 κατεγέλων
2827 4107 2989 4160 αὑτοῦ
3022 4106 3275 4173 λέγοντος
3312 4106 3395 4157 ὃτι
3430 4106 3529 4156 οῦκ
3560 4105 3773 4155 ἀπέθα-

2188 4215 2298 4251 νεν.
2345 4196 2593 4260 Ἐξὲὄαλε
2649 4197 2704 4249 δὲ
2737 4195 2839 4259 ἔξω
2881 4194 3112 4255 πάντας,
3164 4193 3304 4262 τάχα
3346 4193 3446 4263 μὲν
3491 4192 3771 4245 παιδ;ύων

2190 4290 2335 4359 ἡμᾶς
2382 4288 2726 4356 ἁφιλοδόξους
2781 4281 2939 4347 εἶναι,
2989 4285 3081 4337 καὶ
3117 4284 3282 4354 μηδὲν
3331 4282 3467 4353 πρὸς
3505 4282 3769 4347 ἐπίδειξιν

2190 4383 2378 4434 ποιεῖν.
2417 4378 2569 4449 Τάχα
2600 4379 2781 4430 δὲκαὶ
2827 4377 3114 4440 διδάσκων,
3164 4376 3247 4427 ὃτι
3293 4375 3422 4427 ὅταν
3473 4374 3642 4443 μέλλῃ
3682 4392 3768 4436 τις

515 4478 611 4531 sed
659 4476 807 4529 solus
871 4482 925 4526 et
992 4486 1097 4525 non
1142 4470 1426 4539 impeditus
1472 4484 1593 4523 esse
1638 4470 1848 4523 debeat.
1906 4466 2079 4521 Rediit

2192 4474 2644 4543 θαυματουργεῖν,
2668 4471 2767 4523 οὐκ
2799 4472 2856 4521 ὲν
2890 4468 3039 4539 μέσῳ
3066 4468 3276 4520 πολλῶν
3306 4467 3385 4519 δεῖ
3410 4468 3573 4520 αὐτὸν
3600 4463 3765 4527 εἶναι,

520 4570 682 4637 igitur
735 4564 960 4632 spiritus
1002 4561 1215 4632 puella},
1288 4576 1391 4615 non
1440 4561 1585 4615 enim
1634 4560 1792 4613 aliam
1845 4561 2078 4612 animam

519 4657 747 4720 induxit,
783 4655 875 4708 sed
906 4669 1024 4706 eam
1057 4667 1173 4719 quae
1200 4665 1228 4703 a
1256 4664 1482 4717 corpore
1504 4648 1767 4713 avolarat,
1803 4651 1993 4703 iteium
2029 4650 2078 4702 in

517 4751 692 4817 ipsum
740 4746 915 4800 redire
973 4742 1115 4796 fecit.
1165 4740 1427 4809 Praecepit
1480 4750 1658 4793 autem
1700 4749 1756 4792 ut
1801 4740 1849 4794 ei
1900 4741 2079 4795 cibum

517 4846 725 4903 darent,
755 4853 862 4907 quo
891 4837 1303 4895 cou'tirmaretur
1336 4835 1465 4887 tides
1497 4848 1559 4886 ac
1586 4834 1791 4887 veritas
1821 4833 1959 4901 quod
1992 4832 2081 4885 illa

522 4930 919 4985 resurrexisset.
966 4927 1149 4980 Posset
1198 4926 1359 4978 etiam
1392 4934 1446 4979 et
1494 4924 1573 4978 sic
1609 4924 1835 4993 intelligi
1890 4940 1902 4976 :
1956 4922 2087 4976 San-

520 5023 731 5092 guinem
765 5018 1031 5086 proﬂuens
1056 5031 1135 5071 cSt
1156 5019 1333 5071 onmis
1365 5017 1541 5068 anima
1567 5016 1868 5069 scatutiens
1896 5031 2086 5069 cruen-

522 5126 631 5166 tum
676 5123 954 5179 peccatum
1004 5122 1056 5164 et
1108 5110 1539 5179 sanguinarium.
1571 5107 1743 5162 (lmne
1787 5108 1930 5160 enim
1964 5123 2086 5174 pec-

520 5214 698 5257 catum
731 5201 993 5255 homicida
1024 5212 1125 5263 est,
1158 5212 1211 5255 et
1237 5202 1449 5255 occisor
1482 5202 1695 5253 animm.
1734 5202 1801 5252 At
1828 5201 1871 5253 si
1906 5200 2085 5251 anima

523 5293 806 5359 contigerit
840 5303 1065 5354 vestem,
1102 5292 1202 5345 hoc
1240 5303 1323 5345 est
1362 5293 1787 5345 incarnationem
1839 5290 1989 5354 lesu,
2029 5301 2083 5345 et

524 5384 816 5439 ctedider.t
844 5386 980 5451 quod
1013 5383 1407 5435 inearnatussit
1442 5382 1606 5435 Filius
1634 5383 1745 5445 Dei,
1776 5384 2083 5436 sanetilii-a-

524 5477 687 5531 bitur.
715 5475 779 5527 Et
808 5475 852 5529 si
884 5474 1001 5542 quis
1030 5472 1192 5527 fuerit
1220 5474 1469 5543 princvps
1498 5475 1814 5545 Synagogm,
1850 5480 1950 5529 hoc
1980 5486 2081 5538 est,

525 5583 677 5622 meus
703 5581 820 5634 quae
849 5574 1041 5633 praeest
1072 5564 1249 5619 multis
1284 5582 1377 5634 per
1394 5568 1739 5633 cupiditatem
1770 5576 1821 5619 tt
1847 5569 2081 5621 habendi

525 5663 754 5716 studium
804 5662 1160 5731 cor-gtegatis,
1194 5672 1247 5715 et
1285 5664 1623 5731 a‘grot-iverit
1661 5663 1767 5718 ﬁlia
1804 5662 1939 5731 ejus,
1995 5680 2080 5719 co-

2191 4568 2306 4620 ἀλλ’
2340 4566 2607 4629 ἰδιάζοντα
2653 4566 2747 4617 καὶ
2797 4564 3225 4632 ἀπερίσπαστον.
3274 4560 3639 4629 Ἐπέστρειιεν
3672 4556 3768 4613 οῦν

2188 4661 2247 4712 τὸ
2276 4658 2489 4729 πνεῦμα
2512 4661 2608 4728 τῆς
2640 4656 2846 4717 παιδός·
2877 4657 2936 4709 οὑ
2972 4655 3078 4725 γὰρ
3110 4654 3276 4723 ἀλλην
3308 4653 3481 4723 ψυχὴν
3512 4656 3767 4721 εἰσήνεγ-

2191 4773 2307 4819 κεν,
2371 4754 2486 4809 ἀλλ’
2516 4753 2732 4819 ἐκείνην
2758 4749 2855 4821 τὴν
2880 4750 2986 4803 ἀπὸ
3012 4748 3104 4802 τοῦ
3135 4747 3386 4816 σώματος
3412 4749 3761 4807 ἀποπτᾶσαν,

2188 4849 2389 4915 ταύτην
2438 4846 2658 4913 ἐποίησε
2707 4842 3012 4912 στραφῆναι
3043 4840 3129 4893 ἐπ’
3176 4840 3327 4892 αὑτό.
3374 4839 3670 4903 Διετάξατο
3706 4840 3764 4891 δὲ

2184 4941 2318 5008 αὐτῇ
2352 4938 2573 5006 δοθῆναι
2627 4938 2841 5002 φαγεῖν,
2893 4933 3028 5001 πρὸς
3088 4930 3353 4982 πίστωσιν
3398 4930 3620 4983 πλείονα
3669 4930 3766 4984 καὶ

2187 5029 2475 5098 βεϐαίωσιν
2520 5026 2614 5077 τοῦ
2669 5023 2883 5091 ἀληθῶς
2919 5020 3087 5091 αὐτὴν
3137 5020 3459 5087 ἀναστῆναι.
3508 5021 3663 5071 Ἐστι
3706 5021 3763 5072 δὲ

2186 5123 2277 5174 καὶ
2308 5119 2447 5172 οῦτω
2484 5121 2655 5171 ταῦτα
2694 5118 2906 5185 νοήσαιο
2940 5116 3238 5184 ain/1M0);
3269 5114 3383 5164 ἐπὶ
3435 5115 3584 5164 πᾶσΞ
3615 5115 3759 5182 ψυχὴ

2190 5213 2452 5281 βλύζουσα
2507 5212 2598 5264 καὶ
2640 5210 2963 5278 πηγὰζουσα
3012 5208 3110 5270 τὴν
3154 5203 3431 5271 αἱματώδη
3482 5206 3762 5272 ἁμαρτίαν

2183 5305 2274 5354 καὶ
2316 5304 2564 5371 φονικὴν.
2619 5302 2774 5353 liis:
2814 5300 2919 5367 γὰρ
2971 5296 3212 5365 ἁμαρτία
3266 5295 3457 5362 φονεύς
3505 5297 3620 5346 ἐστι
3670 5296 3763 5346 καὶ

2186 5396 2423 5463 σφαγεὺς
2452 5396 2547 5461 τῆς
2576 5392 2772 5461 duxi};
2806 5390 2950 5456 Αὕτη
2984 5384 3130 5455 οῦνή
3162 5388 3327 5456 ψυχὴ,
3363 5387 3620 5455 ἁψαμένη
3656 5385 3761 5435 τῶν

2189 5488 2412 5555 ἱματίων
2440 5487 2531 5537 τοῦ
2571 5485 2765 5552 Ἰησοῦ,
2795 5484 3039 5535 τουτέστι
3082 5482 3177 5549 τῆς
3218 5478 3542 5548 σαρκώσεως
3571 5478 3758 5537 αὑτοῦ,

2188 5583 2282 5633 καὶ
2335 5579 2673 5631 πιςτεῦταδχ
2707 5578 2786 5628 ὅτι
2843 5576 3187 5643 σεσαρκωται
3234 5574 3261 5623 ό
3312 5570 3435 5632 Υἱὸς
3484 5567 3577 5620 τοῦ
3602 5569 3756 5629 Θεοῦ,

2188 5672 2489 5737 ὑγιάζεται.
2532 5670 2646 5721 Κᾶν
2681 5668 3125 5737 ἀρχισυνάγωγος
3153 5664 3207 5715 δέ
3240 5680 3322 5725 τις
3354 5665 3458 5732 εἴη,
3512 5661 3757 5713 τονῖέσῖι
