4030 6404
510 266 619 331 819
1389 263 1929 325 THEOPHYLACT
1937 264 1961 322 ι
1999 265 2067 325 BI

2168 264 2411 325 EARL‘E
2450 262 2809 324 ARCIIIEP.
3645 259 3751 324 820

512 382 660 453 quod
686 381 731 435 si
758 381 879 449 quis
908 379 1133 437 voluerit
1167 382 1285 453 ejus
1314 380 1608 446 discipulus
1631 394 1773 444 esse,
1811 381 1949 435 mori
1977 383 2067 436 dc-

2176 381 2260 434 ὂτι
2292 380 2345 433 εί
2363 397 2447 444 τις
2478 379 2619 433 θέλει
2664 377 2912 449 μαθητὴς
2934 375 3100 430 αὑτοῦ
3151 371 3291 430 εἶναι
3317 416 3332 439 ,
3387 373 3754 443 ἀποθνήσκειν

514 473 605 527 bet
626 486 731 527 non
761 470 993 537 gloriosa
1026 482 1234 537 morte,
1274 473 1367 529 sed
1398 470 1825 541 contemptibili,
1860 481 1914 528 et
1939 472 2067 529 sicut

2176 471 2381 541 ὀφείλει
2414 472 2515 524 ούκ
2557 470 2769 535 ινδοξον
2799 468 3054 533 θάνατον,
3085 466 3201 521 ἀλλ’
3252 466 3615 521 ἐπονείδιστον
3634 509 3648 532 ,
3679 467 3757 537 ὡς

514 562 901 619 condemnatus
929 563 1125 618 occidi.
1158 564 1420 631 Quoniam
1446 572 1627 619 autem
1664 563 1815 618 multi
1850 563 2067 633 ignomi‘

2178 564 2508 632 κατάκριτος
2537 562 2917 632 φονευόμενος.
2964 559 3121 613 Ἐπεὶ
3144 558 3199 611 δὲ
3226 557 3411 611 πολλοὶ
3435 556 3753 627 φονεύονται

515 652 667 706 niosa
688 662 861 709 morte
893 654 1231 718 occiduntur,
1258 655 1352 710 sed
1386 656 1528 710 sicut
1560 655 1797 712 latrones
1824 672 1889 711 ac
1913 656 2067 711 male-

2178 656 2279 722 μὲν
2305 653 2705 719 ἐπονειδίστως,
2728 652 2845 706 ἀλλ’
2878 652 2954 716 ὡς
2974 652 3174 723 λῃσταὶ
3204 650 3634 712 καικακοποιοὶ,
3664 647 3755 703 διά

516 739 775 809 factores,
842 754 1125 814 propterea
1185 744 1376 815 adjicit
1414 746 1550 811 hoc,
1593 758 1649 801 et
1682 755 1936 816 sequatur
1968 761 2067 814 me,

2175 747 2333 801 τοῦτο
2357 744 2666 819 προσέθηκε
2696 745 2779 810 τὸ,
2815 743 2925 798 Καὶ
2950 741 3315 797 ἀκολουθείτω
3338 758 3450 811 μοι,
3484 740 3752 807 τουτέστι,

512 834 615 888 hoc
664 845 770 898 est,
804 849 1016 891 omnem
1049 836 1304 891 virtutem
1340 846 1609 894 exerceat.
1657 837 1759 905 Qui
1798 838 1941 893 enim
1975 853 2067 894 vo-

2177 833 2355 886 πᾶσαν
2388 833 2590 903 ἀρετὴν
2615 831 2985 903 μετερχέσθω.
3015 832 3110 894 Ὃς
3138 830 3246 902 γάρ
3274 828 3343 883 ἀν
3368 829 3498 901 θέλῃ
3525 829 3625 900 τὴν
3652 829 3755 900 ψι-
3798 856 3807 859 -

510 922 669 977 luerit
690 924 924 977 animam
953 940 1104 979 suam
1133 940 1356 981 servare
1378 966 1395 990 ,
1425 926 1611 996 perdet
1644 926 1813 989 illam,
1840 928 1941 983 hoc
1967 938 2069 995 est,

510 1014 599 1081 qui
632 1013 867 1069 voluerit
890 1016 1073 1071 vivere
1097 1017 1250 1084 juxta
1291 1019 1573 1082 mundum,
1609 1019 1699 1073 hic
1727 1018 1923 1074 occidit
1954 1018 2073 1073 aui-

511 1120 675 1158 mam.
704 1104 984 1161 Erubescit
1013 1106 1291 1163 Christum
1322 1109 1415 1179 qui
1447 1109 1577 1164 dicit
1609 1127 1624 1165 :
1653 1109 1930 1177 Quomodo
1953 1126 2074 1168 cre-

509 1197 632 1248 dam
671 1198 726 1250 tn
755 1197 1072 1252 cruciﬁxum
1113 1209 1169 1253 et
1209 1200 1423 1255 illusum
1454 1200 1660 1255 Deum?
1700 1211 1754 1259 et
1795 1218 2075 1259 sermones

511 1287 652 1341 illius
683 1288 973 1357 erubescit,
991 1291 1083 1359 qui
1115 1289 1386 1360 Evangelii
1417 1292 1818 1362 simplicitatem
1846 1294 2069 1350 irridet:

510 1379 671 1433 talem
711 1390 891 1436 autem
917 1383 1200 1439 erubescet
1240 1392 1294 1438 et
1331 1383 1594 1441 Dominus
1638 1386 1693 1441 in
1736 1386 1903 1456 gloria
1940 1402 2071 1453 sua,

508 1474 612 1526 hoc
635 1479 742 1538 est,
763 1473 821 1529 in
844 1475 1081 1530 secundo
1102 1476 1358 1532 adventu.
1381 1478 1538 1545 Quod
1557 1487 1739 1533 autem
1762 1479 1915 1545 dicit,
1933 1480 2076 1538 hunc

506 1577 723 1619 sensum
756 1566 915 1621 habet
941 1586 953 1620 :
986 1570 1127 1622 sicut
1153 1569 1198 1624 si
1224 1569 1344 1640 quis
1365 1570 1748 1636 paterfamilias
1767 1572 1930 1628 habet
1958 1588 2075 1631 ser-

506 1670 631 1708 vum
658 1658 882 1725 malum,
911 1659 1184 1716 erubescit
1212 1662 1491 1718 nominare
1521 1663 1669 1718 illum
1702 1679 1915 1720 servum
1943 1681 2070 1737 prn-

506 1750 709 1813 prium,
762 1750 838 1805 ita
890 1761 946 1806 et
996 1767 1120 1823 ego,
1164 1754 1378 1824 inquit,
1428 1756 1745 1812 erubescam
1792 1757 2071 1814 nominare

504 1854 723 1894 servum
775 1856 951 1896 meum
1002 1854 1142 1897 eum'
1166 1848 1257 1914 qui
1293 1847 1643 1915 abnegaverit
1690 1863 1797 1904 me.
1832 1848 1899 1904 Et
1944 1850 2069 1919 quia

505 1945 670 1999 supra
697 1932 832 1987 dixit
868 1950 885 1991 :
912 1931 1013 1999 Qui
1056 1936 1233 2003 perdit
1263 1929 1499 1991 animam
1538 1954 1724 2006 suam,
1753 1941 1981 1997 salvabit
2006 1942 2071 1996 il-

507 2022 613 2076 lam
642 2037 664 2077 :
684 2023 872 2081 volens
889 2036 1192 2083 monstrare
1218 2045 1465 2100 quanam
1492 2032 1630 2087 bona
1666 2033 1801 2091 tales
1830 2051 2073 2091 merean-

507 2126 617 2180 tur,
649 2114 779 2171 dicit
814 2132 828 2168 ι
859 2116 996 2172 Sunt
1019 2118 1183 2191 335
1209 2121 1428 2191 quidam
1461 2138 1530 2179 ex
1559 2124 1645 2180 bis
1679 2128 1769 2197 qui
1802 2128 1892 2183 hic
1922 2138 2071 2195 sunt,

505 2206 602 2273 qui
645 2221 751 2262 non
793 2210 1093 2265 morientur
1120 2213 1292 2268 donec
1316 2214 1548 2268 viderint
1579 2231 1800 2287 regnum
1827 2216 1942 2285 Dei,
1971 2221 2073 2274 hoc

504 2304 610 2359 est,
641 2297 886 2365 gloriam.
918 2299 975 2354 in
1022 2316 1127 2371 qua
1166 2301 1335 2357 futuri
1366 2313 1494 2360 sunt
1528 2303 1682 2373 justi.
1732 2306 1844 2363 lloc
1892 2318 2070 2363 autem

505 2385 644 2441 dixit
675 2390 741 2443 de
782 2391 1255 2462 trausllguratione
1300 2410 1420 2451 sua.
1463 2393 1891 2469 Transtiguratio
1925 2400 2069 2454 enim

508 2480 676 2548 ﬁgura
720 2480 820 2537 fuit
847 2482 1043 2539 futura:
1067 2484 1251 2556 gloria:
1282 2501 1299 2540 :
1328 2497 1383 2543 et
1414 2489 1556 2543 sicut
1579 2491 1632 2543 in
1659 2491 1757 2545 hac
1786 2491 1943 2548 Iesus
1970 2495 2072 2546 mi-

506 2572 751 2629 rabiliter
776 2575 1087 2647 lulguravit,
1112 2578 1188 2633 ita
1219 2580 1335 2647 pari
1367 2577 1537 2635 forma
1571 2590 1699 2638 tunc
1724 2590 1780 2638 et
1808 2583 1937 2653 justi
1964 2583 2072 2639 ful-

502 2665 727 2734 gebunt.
744 2666 881 2721 Sunt
899 2668 1066 2738 igitur
1080 2669 1318 2739 quidam,
1334 2670 1530 2741 inquit,
1542 2668 1798 2741 Joannes,
1814 2672 2071 2743 Jacobus,

501 2766 559 2813 et
596 2756 811 2825 Petrus,
840 2761 931 2831 qui
972 2775 1079 2816 non
1106 2763 1625 2833 prcoeeupabuntur
1662 2778 1855 2833 morte,
1898 2768 2072 2826 donec

500 2850 738 2906 viderint
765 2852 817 2907 iu
839 2867 943 2921 qua
964 2853 1135 2924 gloria
1156 2854 1319 2911 futuri
1346 2866 1473 2911 sunt
1496 2857 1588 2927 qui
1610 2873 1699 2915 me
1718 2858 2068 2918 conﬁtentur.

500 2941 765 2997 \‘idcrunt
798 2955 979 3001 autem
1013 2946 1191 3001 hocin
1225 2948 1716 3019 trausliguratione.

572 3208 739 3262 Vens.
764 3192 955 3263 23-36.
990 3226 1010 3260 ι
1043 3208 1263 3265 Factum
1298 3220 1384 3267 est
1407 3220 1585 3268 autem
1611 3224 1731 3284 post
1759 3215 1874 3272 hare
1906 3218 2066 3275 verba

496 3296 615 3351 fere
644 3298 837 3353 diebus
862 3308 1007 3364 octo,
1044 3309 1101 3354 et
1130 3302 1424 3370 assumpsit
1462 3301 1679 3359 Petrum
1712 3315 1764 3360 et
1804 3304 2067 3365 Joannem

498 3397 555 3441 et
578 3387 865 3453 Jaeohum,
907 3399 961 3445 et
992 3391 1237 3446 ascendit
1272 3392 1327 3447 in
1376 3404 1616 3450 montem
1661 3406 1720 3451 ut
1766 3408 1966 3454 oraret.
2006 3400 2072 3457 Et

500 3479 642 3532 facta
676 3487 783 3544 est,
818 3480 945 3533 dum
992 3490 1197 3549 oraret,
1234 3482 1446 3550 species
1477 3484 1657 3541 vultus
1700 3486 1817 3553 ejus
1856 3488 1983 3553 alia,
2013 3498 2069 3546 et

502 3570 728 3627 vestitus
769 3572 887 3642 ejus
916 3570 1072 3628 albus
1114 3584 1169 3628 et
1216 3575 1502 3645 refulgens.
1556 3576 1621 3631 Et
1657 3592 1783 3633 ecce
1818 3580 1925 3635 duo
1966 3582 2069 3637 viri

500 3662 859 3729 loquebantur
905 3678 1027 3718 cum
1072 3663 1184 3730 illo,
1234 3667 1326 3734 qui
1376 3674 1532 3721 erant
1569 3666 1747 3723 Moses
1794 3677 1848 3725 et
1894 3670 2063 3740 Elias,

504 3753 595 3820 qui
625 3754 725 3808 visi
771 3755 824 3808 in
858 3754 1143 3825 majestate
1176 3757 1425 3813 dicebant
1458 3772 1737 3814 excessum
1766 3761 1881 3831 ejus
1909 3777 2068 3831 quem

499 3844 872 3914 completurus
940 3855 1078 3901 erat.
1136 3845 1328 3905 Petrus
1379 3864 1510 3904 vero
1555 3857 1609 3904 et
1658 3852 1748 3920 qui
1803 3866 1924 3907 cum
1979 3854 2071 3910 illo

497 3945 676 4004 erant,
710 3939 917 4009 gravati
942 3948 1097 3995 erant
1124 3954 1337 3997 somno.
1373 3940 1684 4010 Experrecti
1716 3952 1896 3999 autem
1922 3945 2071 4002 vide-

502 4042 627 4083 runt
653 4033 988 4101 majestatcm
1014 4031 1150 4101 ejus,
1183 4042 1239 4089 et
1262 4035 1397 4089 duos
1418 4036 1565 4090 viros
1587 4038 1679 4105 qui
1707 4038 1921 4093 stabant
1943 4055 2066 4094 cum

500 4123 613 4176 illo.
671 4122 737 4177 Et
784 4124 983 4178 factum
1032 4134 1115 4179 est
1163 4140 1281 4180 cum
1333 4126 1673 4182 discederent
1721 4128 1792 4183 ab
1833 4130 1945 4195 illo,
1993 4131 2070 4186 ait

498 4213 691 4269 Petrus
728 4217 794 4270 ad
830 4215 1040 4281 Jesum,
1074 4216 1402 4286 Praeceptor,
1457 4221 1655 4274 bonum
1706 4229 1791 4276 est
1837 4238 1935 4277 nos
1983 4224 2071 4279 hic

498 4321 640 4372 csse,
688 4315 743 4363 et
786 4304 1051 4362 iaciamus
1095 4308 1195 4361 tria
1246 4308 1613 4376 tabernacula,
1652 4326 1814 4365 unmn
1853 4313 1970 4377 tibi,
2014 4323 2069 4369 et

2177 923 2277 996 χὴν
2298 924 2463 979 αὑτοῦ
2496 923 2690 989 σῶσαι,
2724 923 2979 978 ἀπολέσει
3015 922 3187 992 αὐτὴν
3207 963 3223 988 ,
3253 920 3562 983 τουτέστιν,
3595 920 3654 984 ὃς
3682 919 3753 975 ἄν

2177 1016 2307 1090 θέλῃ
2350 1016 2512 1087 ζῆσαι
2560 1013 2705 1069 κατά
2746 1014 2974 1085 κόσμον,
3013 1006 3170 1076 οὗτος
3216 1011 3578 1067 ἀποθανεῖται
3612 1012 3757 1065 κατά

2173 1107 2374 1180 ψυχήν.
2410 1108 2828 1179 Ἐπαισχύνεται
2850 1108 2909 1160 δὲ
2939 1106 3033 1161 τὸν
3061 1105 3295 1175 Χριστὸν
3314 1145 3330 1170 ,
3363 1105 3392 1157 ό
3419 1104 3614 1172 λέγων,
3644 1104 3754 1168 ὅτι,

2175 1198 2300 1260 Πῶς
2335 1199 2612 1252 πιστεύσω
2654 1196 3059 1268 έσταυρωμένῳ
3076 1194 3194 1266 Θεῷ
3224 1196 3320 1249 καὶ
3348 1193 3701 1264 έμπαιχθέντι
3734 1210 3753 1259 ;

2174 1290 2311 1344 ἀλλὰ
2343 1291 2440 1345 καὶ
2468 1293 2593 1355 τοὺς
2616 1289 2779 1345 αὐτοῦ
2808 1290 3002 1358 λόγους
3033 1285 3446 1357 ἐπαισχύνεται,
3473 1287 3503 1339 ὁ
3530 1285 3630 1355 τὴν
3658 1284 3757 1338 τοῦ

2175 1383 2508 1451 Εύαγγε).ίου
2544 1383 2810 1436 ἱδιωτείαν
2838 1380 3137 1449 διασύρων.
3170 1379 3428 1433 Τοιοῦτον
3459 1377 3553 1432 οὖν
3594 1379 3755 1431 ἔπαι-

2176 1472 2537 1544 σχυνθήσεται
2575 1474 2603 1525 ὁ
2637 1472 2841 1542 Κύριος
2876 1474 2935 1527 ἐν
2964 1475 3032 1543 τῇ
3062 1470 3191 1542 δόξῃ
3218 1468 3388 1524 αὐτοῦ
3415 1508 3432 1533 ,
3472 1468 3751 1532 τουτέστι,

2172 1565 2239 1634 τῇ
2271 1562 2499 1637 δευτέρᾳ
2536 1564 2825 1635 παρουσίᾳ.
2864 1564 2930 1616 '0
2976 1561 3035 1615 δὲ
3082 1561 3232 1630 λέγει
3276 1560 3513 1615 τοιοῦτόν
3562 1561 3746 1613 ἐστιν·

2176 1657 2388 1726 Ὥσπερ
2429 1656 2525 1711 δάν
2568 1673 2651 1719 τις
2675 1655 3063 1724 οἰκοδεσπότης
3106 1654 3209 1725 εχῃ
3252 1653 3439 1708 δοῦλον
3490 1651 3751 1723 πονηρὸν,

2174 1747 2490 1817 αἰσχύνεται
2513 1746 2781 1818 ὀνομάσαι
2807 1746 3000 1800 τοῦτον
3026 1745 3215 1800 δοῦλον
3237 1747 3459 1810 οἰκεῖον,
3487 1744 3633 1798 οὕτω
3659 1743 3756 1798 καὶ

2172 1835 2307 1904 ἐγὼ,
2326 1837 2511 1906 φησιν,
2528 1835 2964 1907 αἰσχυνθήσομαι
2984 1834 3250 1902 ὀνομάσαι
3269 1834 3455 1889 δοῦλον
3481 1834 3635 1904 ἱμὺν,
3661 1833 3753 1887 τὸν

2173 1927 2551 1998 ἀρνησάμενόν
2596 1943 2686 1999 με.
2752 1926 2905 1981 Ἐπεὶ
2952 1926 3012 1981 δὲ
3062 1922 3217 1980 εἶπεν
3252 1926 3386 1990 άνω,
3427 1926 3510 1979 ὅτι
3538 1926 3637 1989 ’ος
3686 1925 3755 1978 ἂν

2172 2016 2411 2089 ἀπολέσῃ
2432 2017 2532 2090 τὴν
2550 2018 2728 2089 ψυχὴν
2749 2018 2938 2084 αὐτοῦ,
2961 2016 3127 2071 σώσει
3154 2017 3349 2088 αὐτὴν,
3366 2015 3540 2070 θέλων
3560 2015 3751 2080 δεῖξαι,

2174 2110 2342 2162 ποιων
2369 2110 2589 2178 ἀγαθῶν
2625 2108 3006 2175 καταξιοῦνται
3031 2112 3080 2164 οἱ
3105 2109 3359 2175 τοιοῦτοι,
3395 2107 3563 2179 φησίν
3586 2123 3601 2139 ·
3628 2106 3751 2160 Εἰσί

2173 2216 2318 2263 τινες
2335 2199 2445 2255 τῶν
2468 2193 2591 2267 ὧδε,
2621 2200 2674 2254 οἶ
2695 2201 2758 2255 οὐ
2785 2205 2861 2273 μὴ
2883 2201 3236 2257 ἀποθάνωσιν
3259 2201 3364 2265 ἕως
3385 2199 3453 2255 ἀν
3479 2200 3633 2255 τδωσι
3654 2198 3754 2270 τὴν

2175 2289 2455 2360 βασιλείαν
2478 2290 2575 2344 τοῦ
2607 2291 2744 2345 Θεοῦ
2768 2335 2784 2358 ,
2812 2293 3099 2360 τουτέστι,
3132 2295 3232 2363 τὴν
3261 2291 3421 2358 δόξαν
3451 2292 3513 2344 έν
3542 2284 3578 2365 ᾗ
3625 2291 3756 2362 μέλα

2170 2380 2353 2435 λουσιν
2397 2380 2619 2435 ἔσεσθαι
2656 2384 2705 2435 οἰ
2735 2381 2956 2437 δίκαιοι.
2994 2383 3169 2436 Τοῦτο
3199 2383 3257 2437 δὲ
3298 2380 3423 2436 εἰπε
3474 2384 3610 2450 περί
3651 2382 3751 2453 τῆς

2176 2474 2674 2546 μεταμορφώσεως.
2714 2475 2781 2528 Ἦ
2830 2475 2940 2547 γάρ
2994 2475 3418 2546 μεταμόρφωσις
3459 2474 3632 2538 τύπος
3685 2468 3755 2543 ἦν

2172 2566 2273 2636 τῆς
2298 2564 2601 2637 μελλούσης
2620 2566 2735 2620 ἀνω
2752 2566 2933 2633 δόξης,
2950 2568 3046 2621 καί
3068 2566 3261 2638 ὥσπερ
3283 2568 3342 2619 ὲν
3356 2568 3529 2638 ταύτῃ
3553 2568 3753 2636 ἤστρα-

2127 2706 2134 2711 .
2170 2658 2272 2728 ψεν
2299 2658 2329 2711 ό
2367 2658 2577 2729 Ἰησοῦς
2607 2659 2930 2729 παραδόξως
2950 2701 2966 2725 ,
3001 2658 3177 2722 οὕτως
3219 2658 3499 2728 ἀναλόγως
3534 2658 3658 2712 τότε
3700 2658 3755 2711 οἰ

2168 2749 2369 2804 δίκαιοι
2392 2747 2716 2819 λάμψουσιν.
2750 2749 2902 2802 Εἰσὶν
2938 2748 3050 2815 οὖν,
3078 2750 3235 2819 φησί,
3263 2748 3431 2813 τινες,
3470 2749 3754 2821 Ἰωάννης,

2170 2838 2376 2909 Πέτρος
2402 2839 2498 2891 καὶ
2540 2836 2822 2901 Ἰάκωϐος,
2858 2838 2911 2891 οἱ
2934 2838 2995 2890 ού
3027 2837 3103 2908 μὴ
3127 2837 3408 2908 φθάσωσιν
3430 2838 3755 2902 ἀποθανεῖν,

2169 2930 2276 2992 ἕως
2312 2929 2379 2984 ἂν
2421 2931 2607 2984 ἴδωσιν
2639 2931 2698 2983 ἐν
2726 2928 2858 3000 ποίᾳ
2897 2929 3024 3002 δόξῃ
3069 2930 3286 2985 ἔσονται
3318 2932 3369 2983 οἰ
3418 2931 3520 3000 tu!
3564 2930 3758 2998 ὁμολο-

2098 3071 2142 3129 c
2174 3021 2423 3087 γοῦντες.
2450 3023 2632 3076 ’Ἰδωσι
2660 3022 2718 3075 δὲ
2744 3021 2902 3076 τοῦτο
2930 3024 2990 3075 ιν
3012 3021 3091 3093 τῷ
3123 3022 3300 3094 καιρῷ
3330 3022 3430 3092 τῆς
3470 3038 3755 3094 μεταμορο

2176 3130 2423 3184 φωσεως.

2250 3222 2268 3254 ι
2294 3202 2537 3272 Ἐγένετο
2566 3204 2623 3257 δὲ
2660 3202 2800 3275 μετά
2830 3204 2959 3267 τοὺς
2980 3204 3172 3271 λόγους
3196 3202 3418 3268 τούτους
3441 3203 3577 3257 ὡσεὶ
3606 3204 3752 3275 ὴμέ-

2175 3313 2266 3366 ραι
2294 3294 2457 3363 ὀκτὼ,
2500 3296 2596 3349 καὶ
2654 3296 2991 3366 παραλαϐὼν
3053 3295 3281 3368 Πέτρον,
3316 3297 3415 3349 καὶ
3468 3295 3753 3364 Ἰωάννην,

2172 3388 2267 3441 καὶ
2310 3386 2588 3451 Ἰάκωϐον,
2620 3386 2791 3457 ἀνέϐη
2820 3388 2901 3450 εἰς
2930 3386 2992 3441 τὸ
3019 3387 3146 3458 δρος
3174 3385 3600 3458 προσεύξασθαι.
3637 3387 3756 3442 Καὶ

2169 3478 2407 3545 ἐγένετο,
2469 3479 2527 3530 ἐν
2564 3478 2642 3548 τῷ
2680 3477 3082 3548 προσεύχεσθαι
3131 3477 3313 3543 αὑτὸν,
3345 3477 3407 3529 τὸ
3461 3472 3604 3539 εἶδος
3655 3476 3755 3530 τοῦ

2171 3571 2464 3641 προσώπου
2494 3570 2660 3623 αὑτοῦ
2692 3570 2905 3639 ἕτερον,
2934 3570 3027 3622 καί
3052 3570 3080 3621 ὁ
3103 3568 3397 3639 ἱματισμὸς
3425 3565 3593 3620 αὐτοῦ
3627 3567 3756 3619 λευο

2172 3666 2266 3727 κὸς
2294 3664 2705 3734 ἐξαστράπτων.
2762 3662 2873 3713 Καὶ
2918 3660 3027 3713 ἰδοὺ
3075 3659 3268 3730 ἄνδρες
3288 3659 3381 3711 δύο
3426 3658 3755 3711 συνελάλουν

2170 3756 2339 3826 αὐτῷ,
2390 3757 2585 3817 οἵτινες
2613 3750 2753 3826 ἦσαν
2773 3754 2979 3823 Μωσῆς
3000 3754 3094 3807 καὶ
3125 3752 3336 3818 Ἠλίας,
3388 3751 3439 3805 οἶ
3490 3752 3754 3820 ὀφθέντες

2168 3851 2229 3904 έν
2257 3849 2406 3921 δόξῃ,
2462 3847 2648 3916 ελεγον
2680 3849 2779 3914 τὴν
2807 3845 2986 3913 ἔξοδον
3010 3845 3201 3912 αὐτοῦ,
3241 3848 3309 3915 ἢν
3365 3844 3561 3914 ἔμελλε
3611 3844 3754 3913 πλη-

2173 3939 2300 4012 ροῦν
2328 3943 2385 3993 ὲν
2431 3938 2809 4011 Ἰερουσαλήμ.
2841 3939 2901 3991 '0
2930 3938 2989 3991 δὲ
3024 3938 3225 4007 Πέτρος
3251 3937 3345 3990 καὶ
3373 3938 3422 3990 οἰ
3455 3936 3553 3989 σὺν
3574 3936 3752 4005 αὐτῷ,

2168 4025 2308 4101 ἦσαν
2342 4029 2713 4099 βεϐαρημένοι
2744 4026 2932 4099 ὕπνῳ.
2964 4029 3514 4099 Διαγρηγορήσαντες
3565 4027 3646 4093 δὲ,
3672 4022 3753 4080 ei.

2169 4120 2258 4172 δον
2312 4121 2411 4190 τὴν
2471 4121 2630 4185 δόξαν
2694 4118 2885 4173 αὐτοῦ.
2925 4120 3036 4173 Kal.
3081 4121 3209 4183 τοὺς
3256 4120 3351 4172 δύο
3378 4120 3582 4189 ἄνδρας
3622 4121 3753 4183 τοὺς

2174 4211 2515 4274 συνεστῶτας
2545 4210 2695 4282 αύτῷ
2716 4228 2728 4241 ·
2756 4212 2852 4265 καὶ
2882 4212 3101 4279 ἐγένετο
3134 4213 3193 4266 έν
3220 4212 3298 4281 τῷ
3321 4209 3751 4282 διαχωρίζεσθαι

2172 4302 2366 4364 αὐτοὺς
2401 4301 2496 4353 ἀπ’
2542 4300 2731 4366 αύτοῦ,
2756 4299 2909 4353 εἶπεν
2937 4305 2964 4354 ὁ
2985 4302 3191 4370 Πέτρος
3219 4301 3353 4371 πρὸς
3374 4302 3467 4356 τὸν
3490 4301 3704 4371 Ἰησοῦν
3730 4319 3744 4334 ’

501 4414 667 4452 unum
697 4399 854 4465 Mosi,
885 4410 938 4454 et
967 4416 1131 4453 unum
1182 4400 1332 4467 Elim,
1385 4402 1630 4457 nesciens
1668 4405 1796 4472 quid
1836 4406 2059 4462 diceret.

2168 4393 2486 4458 Ἐπιστάτα,
2518 4394 2681 4447 καλόν
2720 4398 2866 4448 ἐστιν
2896 4397 3045 4465 ἡμᾶς
3093 4388 3194 4450 ὧδε
3229 4390 3391 4458 εἶναι,
3446 4396 3542 4448 καὶ
3581 4396 3748 4466 ποιή-

502 4490 623 4543 llarc
652 4500 831 4543 autem
864 4490 953 4543 illo
992 4491 1244 4559 loquente
1273 4490 1412 4546 facta
1448 4502 1531 4546 est
1564 4494 1757 4558 nubes,
1793 4504 1842 4549 et
1874 4498 2065 4552 obum-

498 4582 675 4637 bravit
722 4598 836 4639 eos.
894 4583 1213 4639 Timuerunt
1262 4596 1443 4641 autem
1492 4589 1817 4643 intrantibus
1862 4590 1963 4645 illis
2011 4592 2062 4647 in

499 4674 691 4727 nubem
727 4692 741 4727 :
777 4685 832 4728 et
860 4690 959 4730 vos
994 4675 1132 4730 facta
1165 4687 1248 4731 est
1278 4678 1344 4733 de
1367 4679 1507 4734 nube
1529 4722 1544 4745 ,
1588 4684 1772 4736 dicens
1802 4700 1816 4735 :
1855 4681 1949 4734 llic
1982 4693 2065 4738 est

499 4764 667 4817 Filius
708 4780 857 4818 meus
905 4766 1157 4833 dilectus,
1192 4768 1365 4837 ipsum
1409 4771 1610 4825 audite.
1645 4771 1711 4826 Et
1744 4772 1869 4827 dum
1915 4773 2065 4828 ﬁeret

499 4872 624 4921 vos,
659 4857 908 4911 inventus
951 4868 1037 4911 est
1066 4857 1219 4913 Jesus
1253 4860 1417 4927 solus,
1454 4871 1510 4917 et
1545 4864 1644 4931 ipsi
1673 4872 1977 4928 tacuerunt,
2009 4879 2064 4921 et

500 4947 702 5000 nemini
740 4949 991 5003 dixerunt
1033 4950 1087 5003 iu
1128 4950 1235 5005 illis
1284 4952 1473 5007 diebus
1519 4955 1812 5023 quidquam
1866 4970 1930 5009 ex
1983 4957 2065 5011 his

498 5055 619 5106 qua:
658 5039 927 5094 viderant.
967 5059 986 5092 ι
1028 5039 1306 5096 Matthmus
1352 5046 1480 5098 dicit
1512 5062 1606 5100 sex
1646 5047 1761 5100 dies
1804 5050 2063 5102 transisse

502 5141 621 5197 post
670 5147 952 5187 sermones
996 5133 1114 5198 hos,
1146 5142 1201 5186 et
1248 5144 1375 5188 tunc
1410 5133 1591 5191 Iesum
1650 5138 1957 5191 ascendisse
2009 5138 2060 5191 in

501 5232 757 5275 montem.
804 5223 979 5279 Lucas
1025 5235 1205 5279 autem
1249 5227 1383 5280 dicit
1430 5238 1551 5281 octo
1596 5230 1874 5283 transisse.
1924 5229 2060 5283 Nam

504 5310 589 5361 ille
624 5311 767 5364 solas
796 5312 911 5365 dies
944 5314 1291 5371 intertttcdias
1322 5318 1451 5369 dicit
1488 5336 1499 5371 :
1528 5318 1699 5372 Lucas
1740 5330 1917 5373 autem
1958 5337 2060 5375 non

503 5404 848 5455 tulcrmcdias
884 5406 1043 5469 solas,
1089 5407 1181 5460 scd
1227 5417 1281 5461 et
1311 5409 1448 5461 diem
1492 5426 1592 5477 qua
1624 5412 1751 5464 dicti
1800 5422 1922 5466 sunt
1952 5429 2063 5466 scr-

503 5507 687 5543 muucs
747 5492 841 5551 illi.
889 5502 943 5545 ct
990 5495 1126 5547 diem
1171 5513 1273 5562 qua
1324 5500 1462 5551 facta
1513 5510 1595 5551 cst
1639 5505 2056 5569 lransligurutio.

504 5582 804 5649 Assumpsit
849 5593 1024 5638 autem
1066 5595 1170 5640 trcs
1221 5590 1360 5641 bt'iU.‘
1415 5634 1421 5641 .
1470 5590 1703 5647 ίί·ίιίιεη.
1768 5606 1947 5658 utpote
2001 5610 2059 5646 se

520 5671 830 5741 ‘tltztutlt‘m,
896 5674 1152 5731 inlunem
1191 5691 1293 5733 aui.
1320 5700 1389 5740 ιιι,
1436 5693 1487 5734 ut
1524 5700 1639 5737 ="ttzt
1684 5703 1837 5753 Tum
1873 5688 2056 5756 ‘lliiL:|"

2170 4502 2351 4553 σωμεν
2385 4485 2591 4553 σκηνὰς
2617 4488 2789 4554 τρεῖς,
2825 4486 2956 4553 μίαν
2979 4487 3083 4551 σοὶ,
3121 4487 3214 4538 καὶ
3253 4486 3379 4557 μίαν
3412 4488 3624 4549 Μωσεῖ,
3651 4491 3749 4542 καὶ

2171 4578 2301 4647 μίαν
2350 4577 2532 4646 Ἠλίᾳ,
2567 4578 2642 4648 μὴ
2688 4578 2843 4642 εἰδὼς
2872 4580 3090 4647 ὃλέγει.
3120 4580 3309 4635 Ταῦτα
3349 4582 3404 4635 δὲ
3444 4582 3608 4635 αὑτοῦ
3662 4585 3748 4636 λέ-

2166 4688 2373 4737 γοντος,
2398 4671 2487 4737 ὲγέ
2528 4687 2614 4723 ato
2643 4674 2839 4741 νεφέλη
2866 4674 2961 4725 καὶ
2985 4674 3315 4728 ἐπεσκίασεν
3337 4675 3556 4737 αὐτούς.
3582 4678 3744 4746 Ἐφο-

2167 4763 2411 4831 Εήθησαν
2443 4762 2501 4815 δὲ
2541 4764 2599 4815 ὲν
2632 4764 2707 4832 τῷ
2746 4765 2990 4827 ἐκείνους
3015 4765 3278 4818 εἰσελθεῖν
3313 4768 3392 4830 εἰς
3438 4768 3539 4837 τὴν
3585 4770 3746 4837 νεφέ-

2166 4855 2284 4924 λην,
2320 4856 2410 4907 καὶ
2456 4858 2607 4924 φωνὴ
2644 4858 2859 4922 ἐγένετο
2893 4859 2957 4909 ἐκ
3002 4858 3100 4927 τῆς
3146 4859 3397 4929 νεφέλης,
3463 4860 3698 4929 λέγουσα
3727 4880 3741 4892 ’

2165 4942 2330 5010 Οὗτός
2360 4950 2507 5000 ἐστιν
2530 4950 2557 5000 ὁ
2600 4950 2727 5011 Υἱός
2770 4965 2869 5016 μου
2900 4952 2927 5001 ὁ
2952 4952 3257 5020 ἀγαπητὸς,
3289 4953 3455 5006 αὑτοῦ
3489 4957 3738 5009 ἀκούετε.

2166 5040 2272 5091 Καὶ
2310 5041 2367 5091 ἐν
2407 5039 2484 5107 τῷ
2512 5041 2765 5106 γενέσθαι
2818 5043 2916 5110 τὴν
2971 5042 3174 5113 φωνὴν,
3220 5045 3419 5115 εὑρέθη
3451 5048 3479 5098 ὁ
3532 5047 3743 5118 Ἰησοῦς

2167 5133 2345 5200 μόνος,
2379 5132 2649 5184 καιαὺτοί
2698 5134 2981 5203 ἐσίγησαν,
3014 5137 3103 5187 καὶ
3160 5137 3337 5190 οὐδενὶ
3398 5139 3743 5209 ἀπήγγειλαν

2163 5222 2220 5272 ὲν
2266 5222 2500 5284 ἐκείναις
2546 5226 2664 5284 ταῖς
2700 5226 2933 5294 ἡμέραις
3000 5226 3153 5279 οὐδὲν
3205 5221 3281 5281 ὧν
3343 5231 3682 5300 ἑωράκασιν.
3715 5254 3733 5285 ι

2174 5312 2231 5364 '0
2262 5316 2357 5381 μὲν
2401 5317 2677 5380 Ματθαῖος
2726 5317 2785 5382 ἒξ
2852 5319 3069 5388 ἡμέρας
3119 5323 3253 5389 φησί
3315 5323 3551 5377 διελθεῖν
3601 5328 3740 5394 μετὶ

2163 5410 2289 5470 τοὺς
2321 5410 2510 5477 λύγους
2540 5412 2784 5475 τούτους,
2812 5415 2906 5465 καί
2932 5416 3051 5466 τότε
3087 5416 3176 5466 τὸν
3229 5416 3442 5485 Ἰησοῦν
3498 5419 3742 5473 ἀνελθεῖν

2164 5504 2242 5561 ei;
2275 5505 2333 5554 τὸ
2362 5506 2487 5572 ὅρος
2510 5508 2742 5569 ,Ᾱουκᾶς
2770 5507 2824 5559 δὲ
2856 5508 2997 5559 ὁκτὼ
3025 5526 3154 5577 φησι
3181 5509 3433 5575 διελθεῖν,
3454 5512 3548 5573 τὰς
3577 5532 3735 5580 μετα-

2169 5596 2228 5657 ξ’)
2276 5598 2440 5664 ξιίίας
2474 5600 2680 5669 ᾖξᾉέξ-Ῑης
2719 5601 2862 5665 λέχει
2890 5620 2901 5628 ’
2942 5603 3149 5661 Now/.5,
3184 5604 3258 5661 ςνὲ,
3288 5606 3349 5655 οὐ
3394 5608 3487 5665 τὰς
3535 5608 3729 5674 {Lit-2;":

2390 5692 2515 5743 id!)
2808 5695 3011 5762 ῗιμέςην
3056 5694 3167 5745 γ..;ί)’
3212 5698 3271 5763 ir!
3339 5697 3634 5767 quﬁngas
3684 5700 3728 5747 vi
