4030 6452
237 376 346 440 εει

928 377 1372 445 ΕΝΑΗΠΛἸἾΟ
1414 384 1492 444 1N
1535 380 1841 444 EVANGE

1949 380 2042 442 ΠΙ
2074 380 2313 444 LUC.‘E.
2344 404 2415 416 --
2439 378 2602 441 CAP.
2647 378 2750 438 IX.

3428 362 3538 429 8‘29.

242 486 395 557 λόγοι
430 481 598 554 οὗτοι,
643 490 907 561 κάκείνην
936 493 1058 547 καθ’
1096 494 1219 566 ῆνὴ
1251 494 1683 567 μεταμόρφωσις
1727 493 1795 561 γέ

1949 504 2024 548 ιιιι
2055 512 2069 547 :
2106 492 2404 558 Jacobum,
2435 492 2527 562 qui
2560 500 2618 547 et
2656 490 2774 559 ipso
2811 484 3061 542 fervebat
3093 483 3213 540 zelo
3248 496 3349 554 pro
3376 480 3539 535 Citri-

244 598 394 649 γονε.
425 582 710 653 Παρέλαϐε
734 583 792 638 δὲ
816 586 945 650 τοὺς
971 590 1121 656 τρεῖς
1162 588 1382 657 μόνους,
1436 587 1530 641 τδν
1570 588 1672 658 μὲν
1728 587 1834 643 [li-

244 694 376 750 τρον
403 678 480 742 ὡς
511 676 813 745 ἀγαπῶντα
839 716 857 742 ,
893 678 986 734 τὸν
1008 680 1067 733 δὲ
1096 682 1356 755 Ἰωάννην
1400 680 1476 745 ὡς
1528 678 1834 751 ἀγαπώμε-

248 786 358 832 νον,
396 770 490 822 καὶ
527 768 621 823 τὸν
642 770 903 825 Ἰἀκωδον
932 771 1012 838 δὶ,
1043 774 1120 837 ὼς
1147 776 1244 829 καὶ
1264 774 1430 829 αὐτὸν
1464 775 1670 846 θερμὸν
1699 774 1834 828 ὅντα

245 862 338 914 τὸν
366 860 510 931 ὑπὲρ
540 861 709 917 αὐτοῦ
740 862 923 934 ζῆλον,
952 863 985 935 ἢ
1010 865 1106 920 καὶ
1142 867 1220 931 ὥς
1239 866 1577 938 δυναμένους
1622 865 1833 937 κρύψαι

244 954 308 1005 τὸ
342 954 602 1023 πρᾶγμα,
625 954 723 1009 καὶ
759 958 1074 1025 κατασχεῖν,
1114 959 1212 1012 καὶ
1247 958 1436 1028 μηδενὶ
1474 956 1831 1027 ἀπαγγείλαι.

246 1043 557 1099 Ἀνασαίνει
582 1045 639 1100 δὲ
669 1049 751 1111 είς
778 1046 925 1119 ὅρος,
949 1047 1092 1102 ὥστε
1135 1048 1565 1122 προσεύξασθαι.
1602 1052 1694 1103 Δεῖ
1723 1050 1835 1118 γὰρ

249 1135 552 1201 ἰδιάζοντες
581 1138 732 1211 ἡμᾶς
759 1138 855 1193 καὶ
882 1139 1303 1205 ἀναϐαίνοντας,
1350 1142 1446 1195 καὶ
1483 1141 1678 1213 μηδενὶ
1724 1141 1835 1195 τῶν

244 1227 448 1296 γηίνων
463 1228 860 1297 ὶγκύπτοντας,
877 1229 1301 1301 προσεύχεσθαι.
1319 1230 1572 1299 Ἐγένετο
1596 1231 1655 1285 δὲ
1674 1232 1737 1286 τὸ
1758 1226 1836 1285 εἷ-

245 1318 333 1382 δνς
355 1320 524 1375 αὑτοῦ
537 1322 749 1393 ἕτερον,
766 1322 865 1392 οὐχ
896 1322 974 1386 ὡς
998 1324 1367 1393 μεταστάντος
1388 1322 1555 1378 αύτοῦ⁹
1571 1325 1651 1389 είς
1668 1324 1837 1395 ἀλλην

246 1409 433 1480 φύσιν.
458 1412 683 1482 Ἔμεινε
701 1415 771 1481 γὰ
780 1431 811 1485 ρ
828 1408 943 1479 οἷος
966 1410 1054 1487 ἧν·
1085 1414 1223 1469 ἀλλά
1238 1415 1302 1469 τὸ
1327 1415 1516 1487 σχῆμα
1543 1415 1637 1469 τοῦ
1670 1418 1838 1488 προσ-

244 1500 397 1557 ὡπου
442 1503 610 1557 αὐτοῦ
641 1504 818 1577 ἐφάνη
831 1504 1217 1578 λαμπρότερον
1241 1507 1276 1579 ἢ
1301 1508 1597 1579 πρότερον.
1622 1507 1838 1579 Ὠσπερ

248 1589 344 1648 οὖν
377 1595 472 1650 καὶ
501 1594 593 1649 ἐπὶ
623 1594 735 1650 τῶν
765 1596 999 1667 ἱματίων
1030 1597 1196 1652 αύτοῦ
1221 1598 1438 1667 γέγονε.
1465 1596 1690 1653 Τούτων
1726 1598 1839 1670 γὰρ

252 1688 315 1740 τὸ
345 1681 487 1751 εἶδος
515 1686 679 1758 μόνον
712 1686 1079 1760 ἐξήστραψεν,
1100 1689 1222 1759 οὐχὶ
1243 1688 1348 1759 τῆς
1372 1689 1562 1753 οὐσίας
1584 1689 1694 1744 τῶν
1718 1691 1843 1760 ίμα-

244 1782 379 1834 τὶων
415 1780 906 1851 μεταμειφθείσης,
926 1781 1063 1835 ἀλλά
1087 1783 1187 1854 τῆς
1215 1782 1561 1852 ἐπιφανείας.
1589 1784 1840 1854 Μωῦσῆς

244 1874 302 1928 δὲ
344 1874 645 1938 καὶΊΙλίας
693 1877 1142 1949 συνειστήκεισαν
1182 1878 1335 1950 αὖτῷ
1385 1878 1840 1950 προσευχομένη),

246 1966 337 2019 ἵνα
358 1965 548 2038 δειχθῇ
570 1968 773 2022 ὅτιούκ
800 1967 950 2023 ἔστιν
971 1970 1217 2033 ὶναντίος
1243 1972 1355 2034 τοῖς
1384 1972 1701 2043 προφήταις
1747 1972 1842 2026 καὶ

246 2056 324 2127 τῷ
344 2059 516 2128 νόμῳ.
540 2060 605 2114 Ei
630 2055 845 2133 γὰρῆν,
862 2061 963 2115 οὐκ
986 2061 1053 2115 ἂν
1081 2064 1109 2115 ὁ
1136 2062 1229 2115 τὸν
1245 2062 1408 2133 νόμον
1428 2063 1555 2128 δοὺς
1579 2064 1839 2135 Μωῦσῆς,

244 2151 390 2205 κιὶό
418 2152 525 2205 τῶν
555 2154 855 2225 προφητῶν
902 2154 1241 2227 θερμότατος
1285 2155 1496 2222 Ἠλίας,
1546 2156 1843 2229 ⁴ἠνέσχοντο

245 2244 573 2318 δορυφορεῐν
604 2247 791 2314 αὐτὸν,
827 2248 924 2302 καὶ
964 2247 1118 2318 αὐτῷ
1170 2248 1551 2306 συνίστασθαι.
1614 2251 1843 2320 Ἔλεγον

244 2336 302 2391 δὲ
333 2338 436 2409 τὴν
466 2337 646 2402 ἔξοδον
678 2339 746 2410 ἢν
797 2338 992 2410 ιμελλε
1032 2340 1280 2412 πληροῦν
1336 2344 1397 2396 ὲν
1450 2341 1838 2415 Ἰερουσαλὴμ,

242 2429 499 2482 τουτέστι
549 2431 646 2483 τὸν
673 2430 927 2485 θάνατον.
974 2433 1033 2487 '0
1054 2433 1114 2487 δὲ
1143 2434 1352 2507 Πέτρος
1376 2433 1534 2507 ὕπνῳ
1564 2436 1840 2505 ἀϐαρεῖτο,

244 2521 314 2591 τῇ
353 2525 632 2593 προσευχῇ
691 2523 1050 2595 σχολάζοντος
1107 2526 1203 2581 τοῦ
1260 2527 1525 2599 Χριστοῦ.
1583 2527 1842 2600 ’Δσθενὴς

245 2612 359 2682 γὰρ
414 2608 505 2683 ἦν,
555 2613 651 2667 καὶ
712 2616 775 2667 τὸ
815 2615 1162 2687 ἀνθρώπινον
1212 2620 1494 2692 ἑπλήρου*,
1526 2619 1684 2691 ὕπνῳ
1716 2620 1841 2676 δου-

248 2703 449 2759 λεύων.
497 2706 958 2778 Διαγρηγορήσας
986 2708 1068 2775 δὲ,
1112 2709 1311 2782 θεωρεῑ
1362 2711 1464 2783 τὴν
1494 2712 1680 2780 δόξαν,
1746 2713 1844 2768 καὶ

240 2800 370 2861 τοὺς
395 2797 490 2852 δύο
518 2799 747 2871 ἀνδραςσ
779 2798 971 2872 ὥσπερ
1007 2801 1065 2855 δὲ
1093 2802 1498 2874 ἀποδεχόμενος
1531 2806 1632 2875 τὴν
1660 2806 1842 2859 ἐκεῖσε

243 2888 558 2960 διατριϐὴν,
584 2889 675 2944 διά
722 2907 782 2944 τε
828 2892 892 2944 τὸ
928 2892 1043 2961 φῶς
1085 2892 1180 2945 καὶ
1197 2893 1290 2946 διὰ
1344 2893 1407 2947 τὸ
1445 2890 1675 2967 θεωρεῖν
1716 2898 1844 2961 τοὺς

245 2982 557 3052 προφήτας,
589 2982 747 3052 φησί’
766 2983 948 3038 Καλόν
972 2986 1123 3037 ἐστιν
1159 2985 1305 3054 ἡμᾶς
1328 2979 1432 3040 ὦδε
1486 2983 1649 3046 εἶναι.
1697 2988 1846 3043 Ἐνὸο

252 3074 381 3144 μιζε
421 3075 531 3146 γὰρ
559 3076 642 3129 ὄτι
690 3076 812 3129 τότε
842 3073 910 3146 ἦν
942 3077 976 3145 ἡ
1012 3078 1329 3143 συντέλεια,
1362 3078 1462 3132 καὶ
1501 3082 1534 3151 ἡ
1588 3081 1845 3151 βασιλεία

1936 598 2065 642 sto:
2104 587 2189 640 vel
2237 595 2296 640 ut
2360 583 2538 656 magis
2586 582 2892 638 taciturnos
2954 586 3010 634 et
3055 575 3222 632 silere
3269 572 3539 628 valentes.

1935 674 2110 732 Porro
2148 678 2201 731 in
2238 685 2480 731 montem
2511 671 2762 731 ascendit
2796 680 2856 726 ut
2892 677 3097 725 oraret.
3132 664 3360 735 Oportet
3391 661 3545 718 enim"

1937 787 2036 827 nos
2066 771 2344 825 solitarius
2393 784 2516 826 esse
2546 777 2603 823 ct
2638 766 2956 831 ascendere,
2999 772 3058 817 et
3099 759 3263 814 nullis
3301 752 3540 813 terrenis

1939 867 2105 920 rebus
2154 864 2438 919 intendere
2473 864 2708 918 orando.
2755 858 2926 916 Facta
2975 864 3060 912 est
3103 863 3288 909 autem
3328 851 3541 919 species

1934 958 2119 1014 vultus
2149 957 2268 1026 ejus
2302 956 2428 1021 alia,
2466 971 2572 1011 nun
2602 962 2812 1011 mutato
2841 965 2909 1007 eo
2945 950 3001 1004 in
3029 947 3193 1003 aliaat
3226 962 3290 999 na
3305 955 3483 999 turam
3522 958 3538 996 :

1938 1051 2141 1108 mansit
2190 1051 2337 1106 enim
2368 1049 2550 1120 qualis
2595 1056 2739 1102 erat.
2792 1043 2901 1100 Sed
2936 1041 3151 1113 species
3194 1039 3381 1093 vultus
3420 1035 3549 1105 eius

1937 1145 2280 1216 splendidior
2308 1141 2564 1215 apparuit
2601 1154 2767 1211 quam
2800 1136 2987 1209 prius,
3019 1134 3163 1191 sicut
3202 1143 3259 1187 et
3283 1131 3338 1187 in
3366 1128 3541 1185 vesti-

1937 1240 2141 1295 mentis
2168 1238 2290 1309 ejus
2319 1236 2522 1291 factum
2553 1243 2672 1291 est:
2699 1233 2895 1288 horum
2919 1228 3070 1285 enim
3091 1224 3304 1297 species
3328 1231 3541 1278 tantuut

1938 1330 2171 1391 refulsit.
2205 1343 2313 1384 non
2360 1333 2669 1401 permutata
2711 1323 3172 1379 vestimentorum
3205 1312 3540 1373 substantia,

1938 1421 2035 1477 sed
2066 1420 2377 1491 superﬁcie.
2398 1417 2579 1474 Moses
2610 1428 2797 1471 autem
2824 1424 2880 1469 et
2912 1413 3062 1469 Elias
3084 1411 3385 1471 astiterunt
3414 1421 3541 1461 cum

1938 1528 2006 1568 eo
2037 1522 2254 1574 orante,
2287 1521 2348 1565 ut
2382 1517 2723 1565 monstretur
2759 1507 2905 1577 quod
2950 1520 3061 1560 non
3091 1503 3166 1558 sit
3194 1498 3544 1557 adversarius

1942 1604 2041 1675 legi
2082 1614 2137 1659 et
2169 1602 2473 1673 prophetis.
2523 1600 2657 1655 Nam
2703 1599 2749 1655 si
2796 1599 2921 1653 talis
2968 1597 3193 1661 fuisset,
3250 1608 3359 1648 non
3408 1591 3545 1661 legis

1942 1698 2103 1752 dator
2143 1694 2347 1755 Moses.
2386 1704 2443 1748 et
2484 1691 2921 1749 ferventissimus
2950 1688 3343 1760 prophetarum
3397 1683 3546 1738 Elias

1945 1802 2005 1843 se
2049 1786 2125 1841 illi
2162 1785 2556 1850 associassent,
2582 1782 2667 1838 vel
2709 1797 2836 1838 eum
2882 1781 3002 1850 ipso
3034 1778 3339 1835 stetissent.
3380 1774 3545 1829 Dice-

1947 1878 2079 1933 bant
2108 1886 2290 1931 autem
2320 1888 2610 1931 excessum
2643 1873 2764 1943 ejus
2798 1870 3071 1941 quamodo
3114 1867 3267 1922 illum
3305 1864 3548 1934 comple-

1945 1978 2102 2024 turus
2145 1978 2264 2024 erat
2314 1965 2729 2037 Hierosolymis,
2774 1964 2879 2019 hoe
2925 1971 3011 2017 est
3047 1970 3304 2015 mortem.
3350 1956 3550 2012 Petrus

1942 2059 2112 2132 336
2157 2070 2338 2114 autem
2388 2071 2585 2113 somno
2637 2056 2991 2128 gravabatur,
3042 2050 3282 2106 orationi
3315 2056 3549 2102 vacante

1943 2152 2187 2210 Christo.
2241 2151 2499 2207 Inﬁrmus
2556 2151 2705 2206 enim
2763 2158 2917 2216 erat,
2971 2156 3029 2201 et
3080 2140 3330 2200 itumauo
3394 2154 3551 2195 more

1944 2261 2141 2302 sonmo
2179 2244 2471 2301 serviebat.
2506 2243 2644 2298 Cum
2685 2252 2868 2297 autem
2896 2238 3230 2309 evigilasset,
3269 2233 3551 2305 spectabat

1945 2338 2173 2410 gloriam
2222 2347 2278 2393 et
2327 2337 2465 2392 duos
2503 2338 2653 2391 viros
2692 2352 2706 2390 :
2744 2332 2910 2389 veluti
2958 2341 3142 2386 autem
3188 2330 3356 2382 vitam
3399 2326 3547 2381 illam

1946 2431 2272 2501 approbans,
2298 2438 2411 2484 tum
2443 2438 2668 2498 praptcr
2694 2426 3069 2497 splendorem,
3106 2430 3221 2476 tmn
3247 2420 3552 2491 prephetas

1945 2539 2083 2593 quos
2117 2523 2357 2590 videbat,
2386 2521 2566 2576 dixit:
2606 2518 2817 2574 Bonum
2850 2528 3062 2573 estnos
3091 2515 3182 2571 hic
3211 2528 3353 2569 esse.
3383 2510 3551 2568 Puta-

1948 2614 2043 2669 bat
2072 2614 2217 2668 enim
2268 2622 2399 2666 tunc
2432 2610 2963 2666 consummationem
2999 2606 3169 2661 luisse
3213 2613 3269 2662 et
3315 2618 3549 2675 regnum

1944 2703 2099 2771 Jesu,
2125 2704 2380 2775 ignorans
2404 2702 2537 2773 quid
2567 2702 2909 2771 loqueretur.
2941 2696 3194 2753 Nondum
3220 2695 3369 2752 enim
3400 2693 3548 2759 ﬁnis,

1948 2815 2128 2870 neque
2172 2797 2323 2868 regni
2363 2795 2483 2852 dies
2519 2793 2785 2859 instabat,
2837 2790 3015 2864 neque
3058 2790 3381 2863 gaudiorum
3415 2786 3551 2843 frui-

1948 2893 2125 2947 tioues
2174 2889 2382 2946 sanctis
2441 2888 2917 2945 communicanda
2973 2893 3154 2943 erant.
3205 2881 3439 2954 Insuper
3494 2889 3568 2942 ct,

1948 2983 2193 3055 cruciﬁgi
2249 2986 2450 3038 timens
2487 2980 2799 3044 Christum,
2840 2980 2958 3035 haec
3006 2977 3245 3033 dicebat.
3280 2976 3551 3043 Quoniam

1950 3078 2201 3132 audierat
2242 3072 2392 3145 quod
2441 3080 2699 3143 oporteat
2745 3086 2871 3126 eum
2920 3070 3121 3137 occidi,
3171 3078 3229 3124 et
3277 3068 3438 3124 tertia
3466 3069 3556 3123 die

243 3167 344 3221 τοῦ
369 3166 572 3238 Ἰησοῦο
607 3167 684 3238 μὴ
708 3166 867 3233 εἰδὼς
883 3168 913 3222 δ
934 3169 1105 3237 λέγει.
1141 3168 1310 3223 Οὔπω
1330 3171 1439 3243 γὰρ
1466 3167 1534 3245 ἦν
1560 3173 1619 3227 τὸ
1644 3175 1838 3244 πέρας,

1952 3182 2244 3239 resurgere
2271 3182 2288 3221 :
2317 3165 2452 3222 dicit
2476 3165 2638 3238 quasi
2667 3165 2722 3220 in
2754 3164 2901 3220 hunc
2933 3163 3178 3226 modum.
3206 3160 3286 3217 Ne
3319 3163 3555 3217 descen-

247 3259 377 3312 οὐδὲ
425 3258 529 3327 τῆς
568 3258 853 3330 βασιλείας
894 3260 1144 3333 ήήμέρα
1200 3262 1529 3333 ἐνειστήκει,
1579 3264 1701 3317 οὐδὲ
1748 3267 1847 3335 τῆς

247 3350 363 3401 τῶν
386 3348 609 3418 ἀγαθῶν
658 3350 1014 3415 ἀπολαύσεως
1073 3346 1150 3406 ὧν
1208 3351 1528 3422 μεθέξουσιν
1576 3355 1626 3406 οἱ
1679 3353 1846 3422 ἅγιοι.

247 3440 407 3512 ’Δμα
430 3441 487 3495 δὲ
514 3443 610 3495 καὶ
650 3430 989 3514 φοὸούμενος
1033 3444 1093 3497 τὸ
1140 3444 1524 3515 σταυρωθῆναι
1576 3447 1667 3499 τὸν
1700 3448 1849 3515 Χρι-

252 3535 404 3599 στὸν,
426 3533 603 3590 ταῦτά
657 3551 847 3604 φησιν.
908 3534 1063 3589 Ἐπεὶ
1092 3534 1204 3606 γάρ
1259 3536 1495 3605 ἦκουσεν
1549 3537 1850 3602 αὑτοῦ,ετι

250 3627 334 3678 δεῖ
366 3624 533 3678 αὐτὸν
562 3624 1000 3695 ἀποκτανθῆναι,
1040 3626 1135 3679 καὶ
1154 3628 1221 3696 τῇ
1270 3625 1435 3697 τρίτῃ
1481 3625 1669 3697 ἡμέρᾳ
1713 3626 1849 3680 ἀνα-

254 3718 473 3787 στῆναι,
505 3719 641 3787 φησὶ
673 3717 870 3782 ταῦτα,
908 3718 1197 3789 μονονουχὶ
1248 3718 1423 3788 λέγων
1448 3736 1461 3750 ο
1515 3720 1606 3791 Μὴ
1655 3720 1850 3775 κατέλ-

252 3812 442 3879 θωμεν
474 3812 539 3864 ἐκ
597 3810 691 3863 τοῦ
724 3811 908 3883 ὅρους,
967 3811 1205 3865 ἐνταῦθα
1260 3812 1724 3882 καταμείνωμεν,
1762 3813 1851 3867 ἶνα

252 3904 346 3955 τὸν
404 3902 638 3974 σταυρὸν
701 3902 1087 3973 διαδράσωμεν
1142 3906 1237 3957 καὶ
1281 3905 1344 3956 τὸ
1380 3904 1576 3967 πάθος.
1615 3906 1853 3977 Ἕχομεν

267 3992 457 4045 Ἠλίαν
482 3992 697 4061 βοηθὸν,
752 3995 802 4047 εί
850 3993 1161 4047 ἐπέλθωσιν
1193 3994 1328 4064 ἡμῖν
1379 3995 1431 4047 oi
1482 3994 1751 4061 Ἰουδαῖοι,
1796 3996 1854 4048 τὸ

256 4085 370 4156 τιῦρ
398 4087 817 4152 κατενεγκόντα,
854 4088 1099 4151 καὶτοὺς
1140 4087 1655 4160 πεντηκοντάρχους
1711 4091 1844 4143 ἁπο-

257 4179 513 4233 λέσαντα.
546 4179 784 4250 Ἐχομεν
812 4180 1055 4249 Μωῡσῆν
1106 4180 1198 4233 τὸν
1239 4180 1374 4233 τόσα
1416 4183 1511 4235 καὶ
1558 4183 1691 4235 τόσα
1723 4184 1853 4255 ἔθνη

256 4272 620 4339 ἀφανίσαντα·
656 4271 831 4326 ταῦτα
856 4272 913 4325 δὲ
946 4271 1101 4343 ἔλεγε
1134 4271 1210 4344 μὴ
1240 4273 1443 4338 εἰδὼςὸ
1479 4275 1651 4343 λέγει.
1683 4277 1856 4341 aut;

261 4366 364 4433 μὲν
395 4366 506 4434 γὰρ
536 4363 786 4434 ἐνόμιζεν
807 4365 892 4418 ὄτι
921 4364 1281 4434 παγχάλεπόν
1307 4382 1360 4417 τι
1387 4366 1481 4419 καὶ
1515 4366 1686 4421 κακόν
1706 4370 1856 4422 ἐστιν

260 4460 290 4508 ὀ
324 4456 584 4525 σταυρὸς,
613 4456 709 4509 καὶ
730 4455 821 4510 διά
857 4456 1018 4510 τοῦτο
1045 4455 1463 4528 ἀποδιδράσκων
1493 4461 1657 4513 αὐτὸν
1678 4500 1694 4524 ,
1722 4459 1856 4515 ταῦ-

1953 3262 2144 3316 damus
2192 3261 2259 3315 de
2299 3267 2525 3326 monte,
2585 3272 2903 3312 maneamus
2960 3256 3072 3321 hic,
3120 3264 3181 3309 ut
3229 3268 3449 3309 crucem
3502 3264 3559 3307 et

1954 3352 2268 3421 passionem
2300 3348 2648 3422 eﬁugiamus.
2673 3346 2951 3403 Habemus
2983 3345 3155 3399 Eliam
3196 3346 3503 3414 adiutorem
3540 3361 3555 3398 :

1951 3443 1998 3499 si
2035 3442 2335 3498 invaserint
2376 3456 2477 3497 nos
2509 3438 2710 3504 Judaai,
2747 3439 2927 3509 ignem
2962 3436 3199 3492 deducet
3230 3434 3299 3500 ",
3331 3445 3389 3490 et
3415 3433 3561 3515 sicut

1953 3536 2455 3608 quinquagenarius
2498 3535 2804 3590 comburet.
2859 3532 3139 3586 Habemus
3186 3527 3410 3593 Mosen,
3462 3528 3557 3599 qui

1956 3640 2036 3684 tot
2067 3636 2123 3683 ct
2168 3638 2349 3683 tantas
2388 3636 2582 3698 gentes
2626 3626 2903 3697 perdidit:
2942 3625 3057 3679 haec
3106 3634 3291 3677 autem
3343 3622 3563 3677 diccbat

1956 3721 2207 3777 nesciens
2228 3722 2359 3792 quid
2387 3721 2728 3791 loqueretur.
2757 3719 2881 3790 Ipse
2908 3718 3057 3774 enim
3091 3716 3319 3787 putabat
3350 3716 3558 3770 malum

1955 3813 2213 3882 quiddam
2257 3822 2315 3868 et
2362 3811 2748 3868 diﬂlcillimum
2785 3825 2909 3867 esse
2952 3824 3199 3873 crucem,
3236 3819 3293 3864 et
3331 3818 3564 3881 propter

1958 3906 2059 3959 hoc
2089 3904 2235 3959 illam
2269 3904 2501 3974 cupiens
2529 3903 2711 3969 vitari,
2750 3904 2864 3958 haec
2890 3903 3129 3958 dicebat.
3168 3900 3428 3958 Christus
3454 3917 3556 3956 au-

1958 4006 2067 4051 tem
2127 3996 2347 4052 sitiebat
2394 3996 2669 4066 crueillgi,
2718 3995 2981 4065 quoniam
3031 4009 3138 4049 non
3198 3994 3362 4049 aliter
3409 3995 3561 4050 salus

1958 4092 2238 4145 hominum
2283 4091 2595 4147 constabat.
2632 4089 2801 4145 Petro
2850 4097 3035 4144 autem
3082 4090 3299 4145 dicente
3340 4104 3355 4142 :
3402 4107 3419 4139 ι
3458 4086 3565 4139 Fa-

1958 4184 2169 4238 ciamus
2201 4183 2553 4239 tabernacula
2584 4184 2709 4249 tria,
2751 4202 2771 4233 a
2816 4182 3083 4239 Dominus
3115 4198 3176 4239 re

1960 4275 2213 4331 naculum
2263 4291 2370 4331 non
2403 4276 2778 4331 mauul’actum
2825 4275 2978 4341 facit,
3027 4286 3081 4331 et
3116 4274 3352 4331 itFillud
3380 4275 3564 4345 ingrc-

1957 4368 2108 4423 ditur
2160 4384 2286 4424 cum
2333 4370 2640 4440 prophetis.
2680 4380 2737 4423 ut
2777 4370 3103 4425 ostendatur
3145 4368 3290 4438 quod
3326 4369 3380 4423 in
3414 4367 3557 4424 nulli:

1960 4461 2138 4516 minor
2175 4462 2247 4516 sit
2294 4462 2476 4515 Patre.
2514 4462 2670 4517 Sicut
2709 4462 2857 4515 enim
2890 4461 2944 4515 in
2991 4461 3166 4516 veteri
3217 4461 3337 4531 lege
3388 4462 3563 4515 nubes

3250 4191 3343 4237 nte
3377 4182 3563 4236 taber-

256 4564 329 4600 τα
360 4549 569 4616 ἔλεγεν.
624 4548 685 4602 Ὀ
737 4548 794 4601 δὲ
824 4547 1033 4620 Κύριος
1090 4550 1247 4619 eatea
1290 4551 1696 4623 σταυρωθῆναι,
1730 4555 1846 4608 ἐπεὶ

1965 4555 2249 4609 dicebatur
2275 4554 2478 4610 habere
2511 4554 2828 4621 Dominum,
2861 4566 2916 4611 et
2942 4556 3123 4612 Moses
3153 4554 3566 4626 ingrcdiebatur

256 4644 359 4693 οὐκ
422 4640 553 4710 ἐνῆν
592 4641 771 4706 ἄλλως
802 4642 928 4707 τοὺς
965 4642 1292 4713 ἀνθρώπους
1359 4645 1626 4715 σωθῆναι.
1660 4646 1767 4699 Τοῦ
1798 4647 1855 4701 δὲ

260 4736 493 4806 ΙΙΞτρου,
532 4752 553 4786 t
586 4735 750 4805 Ποιή-
779 4753 915 4803 υμεν
982 4736 1193 4806 σκηνὰς
1239 4738 1412 4807 τρεῖς,
1439 4756 1457 4788 ι
1512 4736 1787 4805 λέγοντος,
1828 4741 1857 4792 ὁ

264 4828 476 4896 Κύριος
508 4826 719 4897 σκηνὴν
774 4828 1196 4902 ἀχειροποίητιν
1247 4829 1515 4900 ἐξαίφνης
1548 4835 1713 4897 ποιεῖ,
1764 4835 1858 4887 καὶ

257 4937 317 4974 εν
342 4921 519 4991 ταύτῃ
563 4921 873 4991 εἰσέρχεται
920 4923 1063 4992 μετά
1110 4940 1175 4990 γε
1241 4923 1352 4975 τῶν
1404 4925 1725 4994 προφητῶν,
1768 4926 1859 4979 ἵνα

256 5015 447 5086 δειχθῇ
471 5015 555 5068 ὅτι
586 5015 742 5067 οὐδὲν
772 5014 1096 5069 ἐλαττοῦται
1126 5015 1219 5068 τοῦ
1252 5016 1484 5086 Πατρός.
1516 5018 1726 5087 Ὥσπερ
1747 5019 1859 5089 γὰρ

257 5110 317 5160 ὲν
338 5110 405 5176 τῇ
441 5108 654 5176 παλαιᾷ
701 5108 735 5177 ἡ
779 5107 980 5177 νεφέλη
1019 5107 1240 5174 ἐλέγετο
1275 5107 1422 5176 ἔχειν
1477 5108 1570 5160 τὸν
1631 5108 1857 5179 Κύριον,

256 5200 355 5251 καὶ
386 5198 631 5268 Μωῦσῆς
662 5200 954 5268 εἰσήρχετο
984 5202 1043 5251 ὲν
1068 5200 1231 5270 αὐτῇ,
1269 5202 1362 5252 καὶ
1393 5199 1537 5252 οὕτω
1567 5200 1658 5252 τὸν
1694 5202 1859 5269 νόμον

254 5289 498 5357 ἐδέχετο,
527 5285 669 5340 οὖτω
710 5289 805 5340 καὶ
836 5288 930 5339 νῦν
962 5290 994 5356 ἡ
1035 5287 1234 5357 νεφέλη
1271 5288 1363 5341 τὶν
1390 5290 1627 5357 Χριστὸν
1669 5291 1856 5357 ἐδέξα-

254 5398 340 5442 το,
382 5381 479 5432 καὶ
510 5380 710 5449 νεφέλη
740 5382 803 5433 οὐ
843 5379 1126 5449 γνοφώδης
1170 5398 1182 5411 ·
1219 5384 1468 5452 παρῆλθε
1508 5384 1618 5453 γὰρ
1664 5386 1698 5455 ἡ
1728 5384 1859 5438 σκιὰ

252 5470 353 5526 τοῦ
390 5471 583 5540 νόμου,
615 5473 708 5525 καὶ
734 5471 796 5525 τὸ
822 5474 1097 5526 σκοτεινὸν
1125 5473 1225 5543 τῆς
1250 5475 1517 5543 ἀσαφείας
1546 5489 1561 5503 ·
1590 5476 1730 5529 ἀλλὰ
1762 5493 1854 5530 νε-

256 5564 399 5634 φέλη
435 5565 696 5634 φωτεινή.
748 5561 919 5619 Ἶιλθε
958 5565 1067 5638 γὰρ
1098 5569 1132 5637 ἡ
1182 5566 1413 5637 ἀλήθεια
1465 5568 1558 5620 καὶ
1612 5567 1857 5638 ἔλαμψεν

260 5660 297 5729 ἡ
330 5660 426 5711 τοὺ
460 5658 670 5729 Κυρίου
712 5661 891 5730 χάρις,
930 5662 1018 5715 καὶ
1051 5660 1205 5716 οἰδὲν
1235 5663 1508 5718 σκοτεινῗιν
1534 5662 1649 5719 νῦν.
1699 5662 1853 5731 Ἐγέ-

336 5838 373 5870 μ
416 5838 476 5892 n‘
516 5820 647 5907 mg.
689 5860 723 5903 1,
766 5845 839 5898 ιο.

1956 4646 2010 4701 in
2045 4662 2191 4709 eam,
2231 4655 2394 4716 atque
2439 4647 2519 4701 sic
2549 4647 2723 4719 legem
2755 4649 2999 4716 suscepit
3034 4667 3049 4703 :
3089 4649 3161 4703 ita
3190 4656 3246 4703 ct
3284 4663 3428 4703 nunc
3460 4663 3564 4701 ttu-

1958 4740 2053 4794 l;es
2100 4738 2677 4810 Christumsuscipit,
2714 4741 2996 4811 nubesque
3045 4757 3152 4795 non
3202 4740 3505 4809 caliginosa
3544 4758 3560 4796 :

1956 4833 2176 4886 transiit
2205 4833 2351 4887 enim
2390 4836 2585 4889 umbra
2623 4836 2825 4890 veteris
2849 4834 3002 4904 legis,
3037 4844 3092 4889 et
3119 4834 3411 4889 tenebrosa
3452 4833 3555 4888 ob.-

1958 4924 2229 4983 Struritas;
2272 4924 2367 4979 sed
2400 4926 2575 4979 nubes
2621 4924 2822 4979 lucida.
2853 4924 3013 4979 Venit
3046 4924 3192 4980 enim
3240 4923 3465 4989 veritas,
3507 4934 3569 4979 et

1960 5014 2135 5068 illuxit
2169 5015 2343 5099 gratia
2406 5015 2646 5084 Domini,
2703 5017 2953 5087 nihilque
3004 5032 3150 5070 nunc
3208 5018 3561 5071 tenebrosum

1958 5116 2063 5160 cst.
2108 5106 2273 5162 Facta
2306 5118 2390 5161 est
2436 5118 2491 5162 et
2523 5123 2623 5161 vox
2667 5109 2737 5163 tle
2770 5109 2935 5173 nube,
2968 5109 3112 5163 sicut
3150 5108 3280 5163 olim
3327 5124 3429 5161 vox
3464 5107 3561 5162 Dei

1960 5199 2290 5253 audiebatur
2330 5200 2398 5253 de
2430 5200 2593 5253 nube.
2641 5198 2904 5255 Inventus
2932 5210 3017 5254 est
3062 5211 3247 5253 autem
3281 5196 3441 5253 Jesus
3472 5213 3563 5254 so-

1960 5291 2091 5346 lus:
2137 5302 2197 5345 ιιι
2264 5309 2335 5349 nc
2398 5293 2524 5363 quis
2570 5301 2743 5363 putet,
2799 5295 2969 5362 quod,
3030 5310 3048 5344 ι
3109 5292 3207 5347 Hic
3259 5303 3344 5345 est
3393 5291 3565 5346 Filius

1960 5399 2140 5448 meus,
2196 5405 2214 5436 ι
2254 5386 2320 5438 de
2370 5384 2518 5437 llose
2568 5384 2650 5437 vel
2711 5382 2827 5439 Elia
2876 5384 3082 5439 dictum
3140 5385 3233 5438 sit.
3291 5382 3565 5437 Fortassis

1959 5478 2125 5530 etiam
2162 5479 2261 5532 hoc
2294 5477 2588 5547 signiﬁcat,
2623 5478 2769 5547 quod
2822 5493 2998 5547 usque
3033 5480 3101 5531 ad
3144 5488 3357 5547 tempus
3390 5476 3568 5547 quod-

1960 5569 2085 5621 dam
2120 5572 2452 5637 apparebaut
2484 5569 2569 5624 lex
2601 5580 2657 5625 et
2700 5570 3007 5640 prapltette,
3054 5570 3195 5625 sicut
3224 5581 3278 5624 et
3312 5571 3413 5623 hoc
3442 5570 3565 5623 loco

1963 5659 2142 5717 Moses
2177 5671 2230 5716 et
2264 5659 2411 5719 Elias
2444 5681 2459 5721 :
2493 5662 2687 5719 deinde
2725 5663 2895 5728 solus,
2936 5664 3233 5733 pneteritis
3267 5661 3406 5725 illis.
3445 5676 3551 5732 ap-
