4030 6410
243 408 356 471 825

966 405 1408 469 ENARRATIO
1454 406 1533 463 Di
1564 403 2068 465 E’r'ANtiElJUM
2115 401 2326 463 LUCrE
2376 425 2445 436 —
2483 401 2641 460 CAP.
2682 399 2788 459 IX.

3440 392 3546 455 826

244 518 419 571 Θέσθε
450 516 609 588 ὑμεῖς
639 520 719 582 είς
754 516 821 571 τὰ
855 513 967 571 ὦτα
1006 520 1161 590 ὑμῶν
1184 521 1311 583 τοὺς
1356 520 1549 586 λόγους
1602 520 1848 573 τούτωε.

1957 518 2148 573 Ponite
2178 532 2270 572 rus
2315 517 2367 570 in
2402 516 2625 590 auribus
2663 511 2863 567 vestris
2891 522 3174 564 sermones
3205 506 3355 562 istos.
3383 507 3550 562 Futu-

261 606 324 661 ’0
354 607 464 677 γὰρ
498 607 622 669 Υίὺς
651 608 744 659 τοῦ
774 607 1068 676 ἀνθρώπου
1108 609 1294 678 μέλλει
1330 608 1722 679 παραδίδοσθαι
1768 612 1846 673 εἰς

258 698 456 765 χεῖρας
501 696 825 767 ἀνθρώπων.
875 698 939 750 Οἱ
970 698 1024 751 δὲ
1080 700 1312 767 ἠγνόουν
1350 700 1412 751 τὸ
1460 700 1613 771 ῥῆμα
1662 699 1842 764 τοῦτο,

253 788 357 840 καὶ
385 782 454 858 ἦν
510 789 1085 859 παρακεκαλυμμένον
1132 791 1233 845 ἀπ’
1270 792 1470 855 αὑτῶν,
1512 793 1597 845 ἴνα
1634 792 1709 861 μὴ
1760 793 1847 844 αῖ-

254 878 495 934 σθωνται
532 882 686 935 αὑτό.
715 883 825 936 Καὶ
858 883 1153 951 ἐφοδοῠντο
1182 885 1459 955 ἐρωτῆσαι
1509 886 1675 938 αὑτὸν
1718 886 1847 955 περὶ

248 973 347 1026 τοῦ
387 975 636 1043 ῥήματος
667 976 879 1030 τούτου.
921 994 939 1027 ι
976 977 1038 1028 Ol
1099 978 1197 1046 μὲν
1232 977 1378 1031 ἄλλοι
1441 979 1642 1041 πάντες
1681 979 1847 1031 ἐθαύ-

252 1064 429 1131 μαζον
470 1066 563 1117 ἐπὶ
598 1068 764 1119 πᾶσιν
796 1062 878 1129 οἷς
929 1068 1161 1120 ἐποίειὸ
1191 1067 1422 1138 Ἰησοῦς,
1476 1070 1575 1121 οὐκ
1629 1070 1724 1122 ἐπὶ
1770 1069 1847 1138 τῷ

250 1155 332 1207 ἐνὶ
362 1154 539 1224 τούτῳ
566 1154 827 1225 θαύματι.
910 1157 968 1209 Ὀ
996 1157 1053 1210 δὲ
1088 1158 1247 1225 ἀφεῖς
1276 1159 1403 1218 τοὺς
1436 1158 1651 1223 ἄλλους,
1710 1162 1847 1229 πρὸς

249 1248 376 1310 τοὺς
416 1248 666 1317 μαθητάς
690 1247 1023 1316 διαλέγεται,
1076 1249 1169 1302 καί
1229 1267 1397 1319 φησι·
1456 1250 1628 1303 Θὲσθε
1686 1252 1845 1319 ὑμεῖς

250 1338 427 1392 ταῦτα
462 1341 663 1404 πάντα,
689 1340 756 1392 τά
780 1356 835 1391 τε
885 1339 1143 1409 θαύματα
1172 1344 1266 1394 καὶ
1298 1346 1424 1405 τοὺς
1454 1342 1543 1394 ἐπὶ
1570 1345 1682 1405 τοῖς
1712 1341 1846 1395 θαύ-

253 1448 390 1498 μασι
418 1431 633 1497 λόγους,
663 1433 741 1494 είς
771 1432 837 1484 τὰ
870 1426 991 1487 ὦτα
1027 1434 1202 1503 ὑμῶν.
1239 1434 1337 1486 Διὰ
1372 1434 1463 1500 τίς
1497 1434 1641 1486 Διότι
1665 1433 1845 1504 μέλλω

251 1522 629 1593 παραδοθῆναι
660 1525 753 1576 καὶ
783 1525 1185 1594 σταυρωθῆναι,
1222 1526 1289 1578 ἵν’
1318 1526 1448 1579 ὅταν
1486 1524 1836 1596 σταυρωθέν-

248 1633 318 1667 τα
353 1633 421 1684 με
456 1615 620 1686 ἴδητε,
658 1616 731 1687 μὴ
760 1617 1018 1686 νομίσητε
1047 1618 1128 1671 ὃτι
1156 1618 1263 1671 ἀπὸ
1322 1618 1626 1686 ἀδυναμίας
1686 1616 1845 1669 τοῦτο

249 1710 522 1762 πέπονθα.
580 1709 637 1761 '0
664 1710 772 1780 γὰρ
818 1709 1047 1765 τοιαῦτα
1087 1710 1546 1781 θαυματουργῶν,
1614 1708 1846 1781 ἠδύνατο

248 1802 317 1855 ἂν
347 1803 481 1872 μηδὲ
511 1804 913 1873 σταυρωθῆναι.
941 1805 1004 1857 Οί
1026 1804 1103 1868 δὲ,
1136 1804 1367 1874 ἠγνόουν
1398 1805 1457 1857 τὸ
1481 1804 1635 1873 ῥῆμα
1660 1803 1838 1867 τοῦτο,

248 1897 346 1967 καὶ.
383 1892 451 1966 ἦν
512 1896 1090 1966 παρακεκαλυμμένον
1145 1897 1239 1950 ἀπ’
1274 1897 1478 1950 αὐτῶν.
1532 1896 1633 1949 Διὰ
1683 1896 1735 1947 τί
1786 1895 1841 1947 δὲ

252 1987 419 2040 τοῦτο
450 1989 704 2055 ἐγένετο;
750 1990 869 2041 Ἵνα
902 1989 975 2059 μὴ
1007 1988 1114 2059 πρὸ
1140 1989 1337 2061 καιροῦ
1389 1989 1689 2053 λυπῶνται,
1750 1990 1845 2039 καὶ⁵
1890 1984 1895 1990 ’

247 2078 330 2150 τῷ
354 2080 504 2149 φόϐῳ
534 2081 1001 2151 ἐκταράττωνται.
1053 2082 1517 2150 Συγκαταὸαίνων
1548 2076 1639 2135 οὖν
1670 2080 1845 2143 ὀθεὶς

248 2174 316 2242 τῇ
346 2171 602 2243 ἀσθενείᾳ
634 2173 838 2239 αὑτῶν,
871 2174 968 2225 καὶ
993 2166 1105 2225 οἷον
1134 2172 1335 2237 παιδία.¹
1366 2172 1491 2227 τινὰ
1549 2171 1841 2248 διακυϐερ-

249 2263 362 2315 νῶν
386 2263 606 2327 αὑτοὺς,
654 2265 716 2317 οὑ
775 2264 1073 2336 συνεχώρει
1103 2266 1296 2332 νοῆσαι
1353 2264 1551 2327 αὑτοὺς
1596 2262 1656 2317 τὸ
1712 2264 1842 2333 περὶ

246 2349 350 2405 τοῦ
380 2352 616 2423 σταυροῦ
636 2352 963 2423 λεγόμενον.
1025 2355 1168 2424 Ὅρα
1226 2353 1283 2405 δὲ
1322 2352 1418 2406 καὶ
1455 2352 1555 2423 τὴν
1616 2352 1844 2405 ἐκείνων

246 2442 562 2510 εὐλάϐειαν,
620 2444 735 2507 πῶς
766 2443 1099 2497 εὐλαϐοῦντο
1160 2443 1485 2515 ἐρωτῆσαι,
1533 2443 1737 2513 μᾶλλον
1787 2442 1845 2495 δὲ

250 2534 571 2604 ἐφοῦοῦντο.
613 2536 671 2588 ’0
698 2536 807 2606 γὰρ
843 2536 1008 2605 φόϐος
1035 2536 1291 2599 ἐπίτασίς
1327 2538 1476 2589 ἐστιν
1532 2535 1841 2600 εὑλαὸείας,

247 2626 439 2696 ὥσπερ
469 2627 563 2679 καὶ
594 2627 627 2697 ἡ
658 2627 914 2682 εὐλάϐεια
942 2628 1374 2697 συνεσταλμένος
1410 2627 1595 2696 φόόος.

327 2738 345 2768 ι
374 2719 607 2790 Είσῆλθε
630 2720 686 2772 δὲ
718 2720 1069 2789 διαλογισμὸς
1099 2723 1156 2787 ἐν
1182 2721 1389 2784 αὐτοῖς,
1423 2720 1505 2781 τὸ,
1544 2719 1629 2782 τίς
1659 2719 1727 2773 ἂν
1756 2720 1846 2788 εἴη

250 2811 457 2879 μείζων
482 2807 681 2864 αὐτῶν.
724 2810 784 2864 Ὀ
818 2812 875 2864 δὲ
915 2810 1145 2881 Ἰησοῦς,
1178 2809 1303 2864 ίδὼν
1336 2810 1429 2865 τὸν
1493 2809 1846 2880 διαλογισμὸν

246 2902 350 2971 τῆς
376 2903 606 2972 καρδίας
638 2903 836 2969 αὑτῶν,
867 2903 1263 2973 ἐπιλαϐόμενος
1314 2902 1559 2965 παιδίου,
1613 2900 1846 2968 ἔστησεν

248 2994 387 3047 αὑτὸ
415 2992 548 3064 παρ’
588 2994 786 3063 ἐαυτῷ,
817 2997 912 3047 καὶ
943 2993 1096 3047 εἴπεν
1121 2996 1332 3057 αὐτοῖς’
1368 2996 1463 3058 ’ος
1501 2995 1595 3048 ἐὰν
1624 2993 1845 3065 δέξηται

247 3085 412 3140 τοῦτο
438 3086 499 3138 τὸ
526 3086 738 3138 παιδίον
769 3087 861 3138 ἐπὶ
891 3086 953 3138 τὸ
1012 3086 1239 3156 ὀνόματι
1268 3103 1393 3157 μου,
1444 3087 1546 3157 ἐμὲ
1583 3086 1803 3157 δέχεται
1829 3102 1843 3117 ·

251 3180 351 3233 καὶ
380 3178 440 3241 δς
464 3180 557 3233 ἐὰν
588 3179 690 3246 ἐμὲ
720 3179 974 3248 δέξηται,
1028 3179 1246 3249 δέχεται
1303 3179 1395 3232 τὸν
1442 3178 1841 3233 ἀποστείλαντά
1869 3216 1915 3277 C

257 3287 350 3339 με.
392 3271 450 3322 ’0
476 3270 582 3337 γὰρ
648 3269 977 3342 μικρότερος
1008 3272 1064 3323 ἐν
1129 3272 1295 3323 πᾶσιν
1355 3271 1486 3340 ὑμῖν
1551 3271 1839 3340 ὑπάρχων,

251 3358 409 3423 οὗτος
438 3361 589 3415 ἔσται
613 3361 808 3431 μέγας.
843 3360 1191 3431 Ἀποκριθεὶς
1218 3362 1275 3415 δὲ
1301 3364 1329 3415 ὁ
1367 3362 1621 3430 Ἰωάννης
1650 3358 1805 3414 εἶπεν
1824 3376 1837 3390 ·

265 3454 591 3515 Ἐπιστάτα,
630 3454 842 3522 εῶομέν
872 3470 996 3507 τινα
1016 3452 1108 3505 ἐπὶ
1139 3453 1215 3523 τῷ
1252 3453 1479 3523 ὀνόματί
1511 3469 1605 3505 σου
1646 3452 1845 3506 ἐκϐάλ-

254 3547 421 3599 λοντα
450 3546 726 3615 δαιμόνια,
756 3548 851 3600 καὶ
886 3546 1242 3615 ἐκωλύσαμεν
1270 3547 1455 3610 αὑτὸν,
1483 3548 1565 3600 ὅτι
1595 3550 1693 3599 οὐκ
1713 3549 1845 3599 ἁκο-

255 3639 439 3693 λουθεῖ
474 3638 596 3707 μεθ’
627 3639 801 3709 ἡμῶν.
836 3640 946 3692 Καὶ
981 3634 1101 3691 εἷπε
1138 3639 1273 3707 πρὸς
1306 3638 1469 3692 αὑτὸν
1514 3640 1542 3691 ὁ
1590 3638 1840 3709 Ἰησοῦς·

256 3731 351 3799 Μὴ
385 3730 645 3784 κωλύετε.
687 3733 783 3793 Ὃς
848 3731 956 3800 γὰρ
987 3732 1087 3783 οὑκ
1141 3730 1257 3783 ἐστι
1292 3731 1416 3783 καθ’
1465 3729 1646 3799 ήμῶν,
1703 3730 1845 3801 ὑπὲρ

258 3822 420 3890 ἡμῶν
452 3823 655 3875 ἐστιν.»
694 3821 871 3884 Πάθος
918 3822 1169 3875 διακένου
1202 3820 1359 3891 δόξης
1390 3821 1671 3892 ὑπέδραμε
1720 3821 1848 3884 τοὺς

256 3917 612 3979 ἀποστόλους.
657 3916 811 3968 Ἐπεὶ
836 3916 985 3967 δοκεῖ
1024 3918 1088 3967 ὲκ
1118 3913 1212 3967 τοῦ
1238 3916 1329 3966 τὸν
1397 3914 1847 3982 δαιμονιζόμενον

262 4007 337 4078 μὴ
373 4007 777 4077 θεραπευθῆναι
808 4006 1199 4075 ἐπγερθὲντος
1234 4007 1419 4068 αὑτοῖς
1463 4005 1557 4057 τοῦ
1614 4006 1845 4066 πάθους.

260 4101 421 4161 Εἰκὸς
451 4099 561 4167 γὰρ
595 4096 662 4169 ἦν
699 4098 894 4160 αὐτοὺς
935 4099 1405 4167 διαφιλονεικῆσαι
1449 4098 1578 4168 περὶ
1630 4097 1845 4160 τούτου,

256 4192 489 4259 λέγοντα
521 4192 775 4258 ἕκαστον,
799 4194 883 4245 δτι
913 4193 974 4245 οὐ
1026 4191 1113 4245 διὰ
1169 4191 1269 4262 τὴν
1322 4191 1460 4261 ἐμὴν
1518 4189 1845 4260 ἀδυναμίαν,

258 4284 399 4337 ἀλλὰ
455 4284 545 4335 διὰ
589 4282 689 4352 τὴν
738 4283 832 4336 τοῦ
884 4286 1055 4345 δεῖνος
1101 4283 1201 4335 οὑκ
1272 4281 1609 4353 ἐθεραπεύθη
1641 4284 1667 4333 ὀ
1698 4282 1847 4346 παῖς,

263 4371 565 4427 κάντεῦθεν
598 4373 905 4441 ἀναφθῆναι
948 4374 1047 4441 τὴν
1073 4371 1344 4443 περὶτοῦ,
1370 4372 1453 4433 τίς
1491 4372 1557 4424 ἂν
1595 4371 1680 4440 εἰη
1735 4372 1851 4439 μεί-

260 4468 393 4532 ζων,
429 4466 567 4537 ἔριν.
614 4466 803 4518 Ἀλλ⁹ὁ
838 4464 1065 4535 Κύριος,
1105 4465 1261 4528 είδὼς
1299 4468 1398 4528 τὰς
1429 4464 1655 4535 καρδίας
1715 4464 1849 4515 ἐκά-

1953 628 2066 664 rum
2095 619 2177 663 est
2211 618 2266 663 ut
2302 585 2473 663 Filius
2500 606 2737 661 hominis
2771 603 3021 657 tradatur
3046 602 3098 654 in
3126 615 3324 656 manus
3356 600 3549 654 homi—

1952 721 2100 759 num.
2137 706 2206 757 Λι
2254 703 2328 757 illi
2367 700 2693 771 ignorabant
2722 696 2941 752 verbum
2977 693 3146 759 istud,
3184 702 3238 746 et
3272 708 3387 747 erat
3418 693 3550 747 abs-

1950 796 2225 851 conditum
2279 792 2521 853 abillis,
2590 799 2648 844 ut
2693 805 2799 843 nou
2855 785 3221 854 intelligerent
3278 783 3426 838 illud.
3484 782 3549 837 Et

1952 888 2218 941 timebant
2252 901 2377 939 eum
2438 884 2780 950 interrogare
2838 880 2903 933 de
2957 877 3064 932 hoc
3127 878 3317 929 verbo.
3367 893 3386 925 ι
3440 874 3547 929 Alii

1948 982 2164 1049 quidem
2218 992 2409 1033 omnes
2450 974 2864 1030 admirabantur
2907 972 2959 1025 in
2995 968 3249 1025 omnibus
3294 965 3413 1033 quin
3463 968 3546 1021 fa-

1948 1075 2123 1128 ciebat
2155 1071 2337 1133 Iesus,
2364 1085 2469 1123 non
2505 1068 2557 1122 in
2588 1082 2697 1121 uno
2731 1068 2830 1119 boc
2856 1064 3141 1117 miraculo.
3180 1061 3378 1116 Verum
3428 1062 3544 1127 ipsc

1956 1166 2157 1220 relictis
2192 1162 2315 1216 aliis
2353 1177 2477 1215 cum
2507 1157 2789 1226 discipulis
2824 1156 3104 1224 loquitur,
3144 1161 3200 1208 et
3229 1152 3359 1207 dicit
3393 1170 3409 1209 :
3444 1151 3549 1225 Po-

1950 1257 2061 1308 nite
2096 1268 2188 1307 vos
2219 1252 2333 1307 inec
2375 1250 2581 1312 omnia,
2638 1255 2691 1303 et
2731 1246 3017 1311 miracula,
3049 1254 3105 1298 et
3162 1243 3545 1299 miraculorum

1948 1363 2253 1411 srrmones,
2283 1347 2334 1400 in
2362 1361 2523 1399 aures
2558 1354 2791 1400 vestras.
2824 1341 3053 1410 Quare?
3079 1340 3215 1408 Quia
3250 1340 3548 1393 trademlus

1951 1455 2068 1493 Sum
2101 1448 2153 1491 et
2181 1434 2583 1505 crueiiigeudus
2619 1452 2633 1489 :
2680 1444 2737 1486 ut
2781 1434 3002 1502 quando
3040 1428 3359 1485 cruciﬁxum
3401 1429 3550 1481 vidc-

1948 1529 2089 1592 ritis,
2145 1542 2212 1582 nc
2265 1524 2634 1587 existimetis,
2690 1524 2834 1590 quod
2890 1534 2999 1591 prae
3053 1518 3373 1571 inﬁrmitate
3419 1514 3544 1566 talia

1948 1635 2141 1691 passus
2176 1618 2302 1672 sim.
2337 1615 2473 1670 Nam
2507 1617 2597 1685 qui
2630 1615 2757 1669 talia
2788 1612 3048 1667 miracula
3094 1609 3243 1673 facit,
3274 1615 3458 1675 potest
3492 1615 3549 1659 et

1948 1729 2054 1767 non
2078 1709 2346 1779 cruciﬁgi.
2378 1707 2453 1761 Illi
2487 1717 2667 1760 autem
2701 1705 3031 1775 ignorabant
3067 1699 3293 1754 verbum
3331 1697 3454 1757 boc,
3493 1704 3551 1747 et

1948 1816 2063 1861 erat
2096 1801 2469 1857 absconditum
2504 1801 2571 1855 ab
2601 1799 2702 1853 eis.
2741 1797 2803 1851 Et
2838 1809 3009 1865 quare
3037 1797 3135 1846 hoc.
3166 1789 3319 1845 fuit?
3354 1789 3433 1844 Ut
3482 1803 3549 1840 nc

1877 1875 1917 1928 Β
1952 1908 2075 1949 ante
2106 1905 2318 1960 tempus
2342 1891 2566 1944 tristitia
2598 1886 2962 1948 adicerentur,
2997 1892 3045 1937 et
3086 1882 3281 1935 timore
3301 1889 3552 1931 exterre-

1948 1998 2158 2042 rentur.
2188 1986 2380 2053 ltaque
2411 1983 2552 2037 Deus
2579 1977 3025 2035 condesceudeus
3056 1971 3358 2027 infirmitati

1946 2079 2185 2141 illorum,
2257 2085 2312 2131 et
2371 2074 2523 2144 quasi
2570 2086 2766 2141 pueros
2798 2069 3115 2123 moderatur
3166 2066 3309 2127 illos,
3373 2077 3551 2131 neque

1948 2172 2199 2227 concedit
2234 2169 2335 2232 eis,
2370 2178 2429 2222 nt
2460 2165 2758 2233 intelligant
2789 2164 2892 2216 hoc
2917 2160 3060 2229 quod
3093 2160 3157 2210 de
3188 2171 3355 2210 cruce
3394 2156 3545 2208 dice-

1947 2266 2128 2319 batur.
2159 2261 2292 2315 Vide
2319 2270 2499 2315 autem
2526 2268 2582 2312 et
2613 2256 2827 2311 illorum
2854 2250 3248 2315 reverentiam,
3276 2248 3549 2317 quomodo

1948 2371 2058 2425 prae
2090 2352 2396 2408 reverentia
2443 2351 2779 2418 interrogare
2808 2362 2915 2401 non
2946 2344 3240 2405 audebant,
3292 2341 3401 2393 imo
3438 2353 3549 2408 pra:

1952 2450 2178 2504 timore:
2215 2462 2345 2500 nam
2386 2445 2552 2499 timor
2578 2448 2926 2510 augmentum
2959 2448 3037 2493 est
3063 2436 3282 2507 pietatis
3314 2444 3366 2489 et
3396 2448 3549 2485 reve-

1951 2539 2136 2595 rentia:
2199 2538 2341 2593 sicut
2380 2545 2436 2590 et
2485 2533 2789 2590 reverentia
2849 2530 2931 2583 vel
2996 2529 3180 2597 pietas
3218 2533 3547 2581 contractus

1950 2634 2113 2688 timor
2147 2642 2252 2686 est.

2024 2723 2189 2779 Vens.
2222 2721 2411 2777 46-50.
2444 2740 2463 2774 ι
2500 2719 2727 2776 Intravit
2753 2724 2935 2771 autem
2961 2711 3390 2782 eogitatio\inter
3415 2724 3537 2771 eos,

1949 2817 2071 2888 quis
2102 2830 2291 2871 eorum
2333 2812 2505 2881 major
2530 2822 2699 2867 esset.
2738 2812 2808 2863 At
2842 2809 3002 2862 .lesus
3034 2796 3547 2871 videns‘cogitatio-

1950 2923 2071 2962 nem
2095 2906 2279 2961 cordis
2316 2906 2555 2973 illorum,
2585 2901 2945 2973 apprehendit
2989 2912 3237 2968 puerum,
3262 2902 3317 2950 et
3353 2895 3550 2948 statuit

1950 3000 2098 3054 illum
2140 2998 2295 3067 juxta
2330 3009 2412 3062 se,
2465 3006 2521 3050 et
2568 2996 2645 3049 ait
2689 2994 2797 3048 illis
2842 3010 2855 3047 :
2896 2992 3223 3059 Quicunque
3278 2986 3549 3055 receperit

1950 3106 2176 3161 puerum
2206 3090 2354 3143 hunc
2390 3090 2440 3141 in
2482 3088 2704 3141 nomine
2753 3100 2895 3147 meo,
2936 3099 3021 3137 rue
3044 3081 3240 3148 recipit
3284 3097 3297 3133 :
3336 3090 3389 3132 et
3422 3078 3547 3147 qui-

1949 3198 2161 3252 cunque
2211 3196 2296 3237 me
2346 3181 2638 3250 receperit,
2696 3176 2891 3244 recipit
2924 3191 3060 3230 ριιιιι.
3102 3174 3193 3244 qui
3245 3186 3331 3225 me
3375 3170 3545 3225 misit.

1946 3273 2081 3328 Nam
2113 3276 2204 3343 qui
2259 3273 2439 3328 minor
2469 3282 2553 3325 est
2586 3272 2730 3325 inter
2774 3284 2968 3324 omnes
2999 3283 3119 3330 vos,
3161 3266 3248 3320 hic
3288 3263 3393 3318 erit
3430 3280 3549 3317 ma-

1948 3381 2105 3436 gnos.
2135 3364 2491 3433 Respondeas
2514 3372 2693 3415 autem
2722 3361 2984 3424 Joannes,
3004 3359 3143 3413 dixit
3173 3377 3187 3413 :
3212 3356 3545 3425 Praeceptor,

1948 3459 2185 3513 vidimus
2218 3456 2507 3525 quemdam
2552 3457 2653 3509 sub
2694 3452 2914 3507 nomine
2948 3461 3041 3505 tuo
3088 3450 3401 3520 ejicientem
3440 3450 3550 3501 da:-

1949 3550 2158 3613 monia,
2189 3557 2244 3603 et
2278 3547 2663 3618 probibuinms
2688 3561 2836 3607 eum,
2870 3545 2997 3614 quia
3030 3558 3138 3597 non
3173 3542 3422 3609 sequitur
3452 3556 3549 3594 no—

1952 3644 2183 3696 biscum.
2219 3641 2288 3695 Et
2328 3642 2403 3694 ait
2455 3640 2522 3693 ad
2555 3639 2706 3692 illum
2744 3636 2903 3692 Jesus
2936 3655 2950 3690 :
2991 3636 3169 3690 Nolite
3203 3634 3489 3704 prohibere
3530 3651 3543 3686 :

1950 3736 2040 3804 qni
2089 3734 2233 3789 enim
2288 3748 2398 3787 non
2444 3741 2530 3785 est
2563 3731 2850 3784 adversum
2890 3742 3013 3789 nos,
3049 3742 3150 3796 pro
3193 3725 3349 3780 nobis
3380 3735 3484 3778 est.
3518 3744 3537 3776 ι

1954 3831 2170 3885 Morbus
2214 3827 2394 3883 inanis
2445 3826 2631 3897 gloria:
2651 3820 3546 3893 apostolosinv:tsit.Mihividetur

1949 3933 2127 3979 ortum
2163 3922 2213 3975 id
2257 3922 2401 3975 inter
2430 3919 2572 3980 illos,
2606 3932 2671 3971 eo
2702 3918 2846 3986 quod
2885 3917 3275 3971 dmmoniacum
3312 3932 3417 3970 non
3452 3931 3545 3969 sa-

1953 4013 2158 4066 narint.
2192 4010 2501 4065 Verisimile
2541 4009 2685 4062 enim
2726 4008 2869 4076 quod
2914 4022 3083 4076 super
3112 4007 3217 4061 hoc
3260 4008 3548 4061 contende-

1956 4104 2086 4164 rint,
2132 4102 2443 4157 dicentibus
2487 4102 2717 4167 singulis
2744 4100 2887 4170 quod
2931 4116 3038 4155 non
3096 4109 3315 4170 propter
3366 4114 3544 4161 suam,

1952 4196 2047 4250 sed
2075 4196 2303 4249 alterius
2328 4194 2612 4261 cujusdam
2648 4195 3021 4248 inﬁrmitatem
3048 4210 3180 4265 puer
3209 4193 3296 4249 ille
3322 4202 3547 4247 sanatus

1954 4304 2059 4340 non
2106 4287 2266 4341 fuerit
2309 4304 2322 4340 :
2370 4296 2426 4340 et
2479 4288 2602 4340 inde
2653 4302 2882 4340 accensa
2930 4287 2996 4339 lis
3045 4300 3149 4343 est.
3191 4287 3315 4355 quis
3359 4300 3547 4340 eorum

1956 4361 2127 4447 major
2157 4389 2321 4432 esset.
2352 4377 2424 4430 At
2455 4378 2713 4431 Dominus
2736 4378 2869 4433 visis
2901 4378 3235 4449 singulorum
3269 4377 3547 4438 cordibuc,

1956 4471 2219 4539 prmvenit
2266 4487 2286 4531 ;
2339 4479 2393 4524 et
2454 4471 2775 4539 priusquam
2833 4471 3057 4524 morbus
3117 4470 3547 4530 incrndeseeret,

260 4576 414 4624 στου,
452 4557 666 4626 φθάνει,
711 4558 805 4609 καὶ
834 4560 967 4627 πρὶν
999 4557 1031 4625 ἢ
1058 4556 1319 4626 αὐξηθείη
1346 4558 1405 4607 το
1448 4556 1623 4617 πάθος
1666 4554 1845 4618 τοῦτο,

1956 4560 2170 4613 curavit
2219 4559 2485 4613 radicitus
2518 4560 2663 4625 ejici.
2700 4558 2874 4611 Morbi
2916 4558 3060 4611 enim
3104 4558 3170 4610 ab
3215 4557 3367 4609 initio
3393 4556 3545 4609 facilf

262 4649 559 4714 σπουδάζει
595 4650 889 4720 πρόρριζον
922 4651 1198 4719 ἐκτεμεῖν.
1243 4648 1548 4718 Ἀρχόμενα
1595 4649 1693 4718 μὲν
1743 4648 1851 4717 γὰρ

258 4746 327 4795 τά
360 4744 511 4811 πάθη
566 4743 825 4795 νικῶνται
878 4740 1099 4813 ῥᾳδίως,
1162 4740 1471 4810 αὐξηθέντα
1501 4740 1557 4792 δὲ
1616 4740 1853 4792 δυσαπό-

260 4837 438 4904 6λητα
463 4835 694 4903 γίνεται.
730 4836 852 4900 Πῶς
885 4830 978 4887 οὑν
1007 4836 1259 4903 ἐκτέμνει
1292 4834 1351 4886 τὸ
1396 4836 1565 4885 κακόν
1592 4850 1605 4898 ;
1634 4832 1854 4885 Ἑπιλα-

260 4931 513 5000 δόμενος,
545 4930 699 4998 φησι,
744 4929 984 4993 παιδίου,
1035 4928 1275 4981 δείκνυσι
1329 4926 1487 4978 τοῦτο
1516 4929 1627 4986 τοῖς
1676 4926 1853 4994 μαθη-

258 5024 403 5084 ταῖ,·
436 5021 614 5087 δηλῶν
656 5022 838 5083 αὑτοῖς
865 5021 955 5073 διὰ
997 5019 1212 5083 τούτου,
1241 5020 1324 5071 ὅτι
1387 5018 1645 5085 τοιαύτην
1706 5016 1848 5082 γνώ-

263 5132 373 5185 μην
410 5114 495 5166 δεῖ
525 5114 671 5183 ἡμᾶς
719 5116 776 5165 ἐν
826 5116 1039 5178 ἐαυτοῖς
1066 5112 1525 5177 κατασκευάζειν,
1561 5112 1679 5165 οἵαν
1740 5112 1851 5173 τοῖς

260 5206 561 5282 παιδίοις
600 5206 783 5275 ἡλικία
809 5206 1029 5259 δέδωκε.
1066 5207 1252 5259 Ταῦτα
1280 5206 1389 5275 γάρ
1412 5204 1759 5275 ἀπειρόκακά
1790 5203 1847 5282 τέ

259 5303 367 5351 είσι
409 5298 505 5351 καὶ
558 5298 907 5352 ἁπλούστατα
944 5339 957 5363 ,
1020 5300 1155 5369 μήτε
1202 5297 1505 5367 φιλοδοξίας
1560 5298 1849 5364 λογισμοῖς

260 5392 648 5462 ἐνοχλούμενοι,
704 5392 840 5459 μήτε
878 5391 1271 5461 φιλοπρωτίας.
1317 5392 1413 5452 Ὀς
1436 5389 1547 5454 οὑν,
1582 5389 1737 5456 φησι,
1772 5388 1853 5439 δέ-

261 5485 411 5547 eam
449 5483 689 5534 τοιοῦτον
720 5482 929 5535 παιδίον
963 5483 1053 5535 ἐπὶ
1076 5482 1154 5551 τῷ
1178 5481 1400 5550 ὀνόματί
1433 5499 1552 5548 μου,
1584 5481 1681 5550 ἐμὲ
1706 5480 1851 5549 δέχε-

257 5593 371 5629 ται.
422 5577 486 5627 Ὀ
517 5575 572 5627 δὲ
602 5575 769 5641 λέγει,
800 5573 1041 5626 τοιοῦτόν
1090 5576 1235 5626 ἐστιν
1264 5590 1275 5600 ’
1332 5572 1528 5643 Ὑμεῖς
1574 5574 1669 5638 μὲν
1702 5572 1851 5640 νομί-

259 5668 407 5730 ζετε,
437 5669 520 5719 ὅτι
550 5667 642 5719 ἐὰν
674 5669 894 5737 σοϐαροὶ
936 5667 1202 5736 φαίνησθε
1263 5666 1360 5719 καὶ
1392 5666 1674 5734 φιλόδοξοι,
1726 5666 1849 5717 τότε

260 5761 493 5827 ὁρέσετε
523 5763 633 5820 τοῖς
665 5760 903 5822 πολλοῖς.
940 5762 1034 5811 καὶ
1067 5760 1186 5811 τότε
1228 5758 1469 5819 πλείονες
1496 5756 1847 5819 ὑποδέξονται

260 5852 427 5918 (gi;
470 5849 615 5917 Ἐγὼ
650 5852 703 5904 δὲ
739 5852 881 5919 λέγω
924 5852 1075 5920 ὑμῖν,
1124 5853 1201 5904 ὅτι
1238 5849 1490 5903 πίλα]ῑοί
1554 5852 1617 5919 τῇ
1677 5849 1844 5901 ἐτι-πλῦ-

1956 4654 2250 4707 vincuntur
2278 4671 2292 4706 :
2320 4668 2439 4707 cum
2472 4667 2603 4705 vero
2640 4652 3044 4713 incrmiuerint,
3077 4656 3268 4703 curato
3304 4645 3546 4701 diﬂiciles

1957 4758 2101 4801 sunt.
2135 4745 2318 4814 Itaque
2343 4746 2618 4814 quomodo
2648 4744 2850 4797 malum
2886 4744 2987 4797 hoc
3017 4742 3314 4796 mnendat?
3338 4743 3533 4809 Appre-

1957 4842 2185 4893 liensum
2247 4854 2475 4908 puerum
2528 4838 2769 4891 ostendit
2810 4836 3134 4905 discipulis,
3196 4834 3547 4890 uanil‘cstans

1955 4933 2033 4985 cis
2058 4947 2154 4998 per
2178 4932 2302 4993 hoc,
2324 4931 2465 5000 quod
2496 4929 2653 4983 talem
2680 4938 2917 4983 mentem
2943 4938 3159 4997 oportet
3190 4942 3285 4982 nos
3314 4929 3365 4979 in
3393 4928 3547 4981 nobis

1955 5039 2181 5093 parare,
2234 5024 2409 5091 qualis
2472 5034 2555 5077 est
2614 5025 2665 5075 in
2724 5024 2928 5092 pueris.
2988 5022 3064 5075 Illi
3127 5022 3273 5075 enim
3331 5020 3552 5074 malitia:

1955 5128 2205 5185 expertes
2238 5126 2364 5169 sunt
2400 5126 2453 5171 et
2486 5116 2904 5185 simplieiSsimi,
2945 5129 3117 5183 neque
3156 5114 3330 5168 inanis
3364 5113 3549 5181 gloria:

1957 5225 2133 5277 neque
2182 5210 2500 5263 ambitionis
2548 5209 2973 5277 mgitntionibus
3023 5208 3373 5261 divexantur.
3442 5203 3546 5271 Qui

1956 5304 2141 5371 igitur,
2189 5302 2388 5369 inquit,
2421 5302 2725 5370 susceperit
2761 5300 2922 5354 talem
2960 5314 3184 5368 puerum
3227 5298 3279 5349 in
3329 5298 3550 5349 nomine

1956 5409 2097 5456 meo,
2134 5409 2219 5445 me
2270 5393 2520 5458 suscipit.
2552 5392 2705 5457 Quod
2740 5389 2921 5443 autem
2959 5389 3113 5453 dicit,
3144 5388 3285 5439 hunc
3323 5401 3544 5439 sensum

1956 5486 2162 5539 habet:
2202 5484 2305 5538 Vos
2348 5486 2565 5552 quidem
2620 5482 2941 5548 opinamini,
2991 5482 3133 5551 quod
3176 5481 3231 5546 si;
3257 5476 3545 5548 pompatici

1952 5586 2006 5628 ct
2058 5575 2279 5645 gloriosi
2315 5575 2554 5638 fueritis,
2587 5575 2772 5627 multis
2807 5574 3089 5641 placeatis,
3130 5571 3416 5639 pluresque
3452 5582 3547 5622 vos

1953 5666 2255 5735 Susceptnri
2281 5666 2407 5716 sint.
2434 5664 2544 5733 ligo
2570 5676 2746 5717 autem
2776 5663 2895 5717 dico
2918 5664 3233 5731 \‘obis,t|uod
3264 5659 3548 5728 tantOpO're

1957 5760 2163 5823 madeo
2210 5756 2577 5824 simplicitate,
2623 5766 2676 5809 ct
2723 5756 2866 5824 quod
2918 5772 2981 5809 ea
3041 5752 3339 5822 discipulos
3391 5767 3546 5808 meos

1956 5851 2027 5902 ita
2062 5849 2344 5913 discernit,
2395 5857 2449 5901 ut
2486 5849 2734 5917 quisquis
2763 5848 3229 5918 simplicissimum
3279 5845 3453 5899 virum
3488 5854 3547 5900 et
