4030 6400
564 340 671 402 827
1479 338 2056 406 THEOPHYLACTI
2097 338 2108 397 Ι

2212 337 2509 400 LGARUE
2549 341 2911 406 ARCHIEP.
3700 348 3806 413 823

565 450 911 507 innocentem
963 452 1267 521 susceperit
1313 462 1369 506 ut
1416 466 1591 508 tueum
1625 451 1950 521 discipulum
1986 464 2003 505 :
2033 449 2108 503 ho

2239 463 2363 517 τητι
2407 446 2604 520 χαίρω,
2667 449 2760 501 καὶ
2815 448 2960 503 οὕτω
3031 448 3424 524 χαρακτηρίζει
3474 451 3614 522 αὕτη
3682 455 3809 517 τοὺς

564 542 712 597 enim
744 552 827 597 est
866 544 1007 610 quod
1041 543 1193 608 dicit,
1222 544 1275 597 itt
1315 545 1533 599 nomine
1576 530 1695 598 ιιῶο
1727 560 1743 602 :
1778 558 1862 597 me
1884 543 2104 612 suscipit

2238 540 2404 610 ἐμοὺς
2438 540 2705 611 μαθητὰς,
2735 541 2873 595 ὥστε
2905 540 3054 606 ὅστις
3078 542 3147 596 ἂν
3190 544 3409 613 δέξηται
3460 542 3555 597 τήν
3607 545 3807 599 sui“.

566 632 669 699 Qui
691 643 873 686 autent
902 646 1247 704 arrogantem
1278 636 1526 703 suscipit,
1556 649 1731 701 neque
1763 651 1941 689 meum
1968 633 2108 690 disci

2238 652 2431 689 στατον
2459 637 2628 708 ἀνδρα
2644 640 2738 691 καὶ
2786 638 3016 703 ἀκακον,
3038 638 3114 702 ὡς
3154 640 3286 709 ἐμὸν
3346 638 3597 710 μαθητὴν
3627 641 3810 711 (τοῦτο

566 722 749 790 pulum
814 724 1076 791 suscipit.
1142 738 1317 792 neque
1382 740 1488 778 nte.
1542 723 1892 795 Respondeas
1950 735 2108 779 auten

2235 726 2343 796 γάρ
2384 730 2499 781 ἐστι
2544 731 2626 792 τὸ,
2651 729 2745 783 ἐπὶ
2773 728 2851 800 τῷ
2888 730 3116 799 ὀνόματί
3165 731 3312 800 μου),
3349 730 3451 799 ἐμὲ
3476 730 3713 800 δέχεται.
3745 734 3806 788 ’0

560 806 800 876 Joannes
841 812 974 865 dixit
1013 828 1029 866 :
1069 812 1322 879 Domine,
1354 815 1591 870 vidimus
1622 815 1910 885 quemdam
1944 815 1996 870 in
2030 830 2108 872 nol

2234 816 2343 884 γὰρ
2378 816 2618 880 ἀλαζόνα
2638 818 2948 889 δεχόμενος,
2970 820 3094 874 οῦτε
3121 823 3253 890 ἐμδν
3278 820 3527 893 μαθητὴν
3566 822 3804 892 δέχεται,

563 900 709 953 mine
737 908 830 955 tuo
857 900 1164 970 ejicieutem
1192 903 1481 971 damonis,
1505 916 1558 959 et
1580 904 1954 975 prohibuimus
1979 918 2101 958 eum

2230 905 2354 961 οὔτε
2378 907 2501 977 sui.
2589 908 2937 978 Ἀποκριθεὶς
2965 912 3025 967 δέ
3059 913 3088 967 6
3123 913 3379 984 Ἰωάννης
3424 908 3580 967 εἷπε·
3607 916 3804 985 Κύριε,

561 990 818 1056 Quaenam
866 994 1138 1048 sermonis
1174 994 1319 1049 illius
1361 999 1746 1067 consequentia
1794 1013 1951 1067 quem
1990 996 2131 1054 dixit

559 1081 812 1148 Joannes,
844 1084 911 1137 ad
942 1100 1003 1140 ea
1036 1101 1156 1156 qua.
1187 1088 1324 1142 dixit
1356 1087 1654 1144 Dominus?
1687 1087 1881 1159 Utique
1908 1102 2123 1159 magna.

560 1172 696 1238 Quia
750 1175 893 1229 enim
946 1176 1155 1231 dixerat
1184 1176 1447 1233 Dominus
1492 1181 1634 1249 quod
1678 1178 1856 1234 Minor
1892 1180 1946 1233 in
1975 1179 2127 1235 vobis

562 1264 648 1319 hic
669 1266 774 1320 erit
802 1281 1049 1337 magnus,
1078 1270 1267 1325 timere
1291 1274 1459 1340 ctepit
1485 1270 1720 1326 Joannes
1751 1287 1818 1327 ne
1847 1270 1986 1327 forte
2009 1287 2121 1325 ma-

560 1356 669 1410 lum
721 1357 849 1426 quid
902 1356 1181 1425 fecissent,
1235 1361 1452 1417 homine
1505 1376 1602 1431 per
1657 1366 2023 1433 arrogantiam
2070 1373 2125 1419 et

557 1448 865 1515 superbiam
917 1452 1211 1519 prohibito.
1254 1451 1389 1506 Nam
1438 1455 1726 1522 prohibere
1776 1456 2010 1525 aliquem
2056 1457 2125 1512 ab

557 1527 757 1607 aliquo,
782 1553 889 1594 non
913 1541 1175 1597 minorem
1199 1544 1369 1614 arguit
1396 1544 1565 1616 339
1584 1562 1706 1601 eum
1734 1549 1822 1617 qui
1855 1546 2121 1614 prohibet,

555 1630 651 1681 sed
693 1628 866 1696 majus
907 1630 1160 1700 quiddam
1191 1633 1260 1689 de
1299 1650 1360 1690 se
1402 1640 1747 1701 sentientem,
1780 1653 1941 1707 quam
1968 1640 2033 1692 de
2056 1653 2123 1693 eo

557 1717 647 1784 qui
683 1720 1000 1786 prohibetur
1017 1723 1085 1776 ab
1110 1723 1245 1792 ipso.
1273 1722 1506 1781 Proinde
1536 1725 1773 1781 Joannes
1800 1727 2024 1781 timebat
2049 1743 2116 1782 ne

559 1807 696 1863 forte
744 1811 1028 1877 superbius
1077 1814 1275 1882 egisset
1320 1814 1592 1884 prohibito
1650 1818 1889 1875 homine.
1944 1816 2112 1887 Cuius

556 1898 722 1969 igitur
751 1902 922 1971 gratia
954 1903 1350 1970 prohibuerunt
1383 1905 1836 1964 hominemiNon
1871 1909 2117 1964 inriden-

555 2002 661 2057 tes,
703 1992 798 2048 sed
840 1994 1120 2066 indignum
1156 1997 1305 2052 illum
1333 1997 1641 2067 iudicantes
1667 2001 1757 2070 qui
1793 2000 2115 2057 miraculum

551 2095 908 2153 operaretur:
943 2102 1051 2142 non
1075 2088 1220 2145 enim
1247 2091 1573 2149 aderatcum
1600 2092 1707 2149 illis
1738 2096 1911 2162 gratia
1942 2109 2111 2165 agen-

549 2171 742 2229 dorum
776 2176 1157 2236 miraculorum
1191 2181 1439 2249 daretur,
1476 2198 1652 2256 neque
1693 2184 1762 2239 ad
1789 2188 1894 2242 hoc
1936 2201 1969 2241 a
2007 2185 2114 2242 Do.

554 2260 704 2317 tuino
755 2266 987 2324 emissus
1028 2279 1179 2338 erat,
1233 2272 1375 2327 sicut
1420 2272 1551 2341 alii,
1608 2288 1783 2343 neque
1833 2273 2110 2332 Christum

550 2365 779 2421 usquam
815 2359 1165 2427 sequebatur.
1193 2362 1332 2430 Quid
1378 2363 1543 2434 igitur
1590 2364 1885 2422 Dominus?
1915 2365 2109 2432 Sinite,

548 2439 741 2512 inquit,
770 2460 895 2502 eum
933 2450 1035 2505 hoc
1079 2450 1277 2508 facere.
1306 2452 1551 2509 Conterit
1598 2456 1742 2510 enim
1774 2468 1829 2513 et
1870 2457 1986 2529 ipse
2018 2457 2113 2513 Sa-

550 2540 689 2587 tanae
708 2544 869 2606 caput
897 2554 913 2592 :
943 2547 999 2593 et
1026 2540 1153 2610 quia
1187 2556 1290 2596 non
1316 2542 1568 2599 obstabat
1585 2545 1737 2602 vobis
1761 2546 1827 2602 ad
1857 2549 2111 2618 praedicao

547 2622 771 2690 tionem,
795 2635 901 2685 non
931 2644 1251 2702 cooperator
1296 2637 1529 2693 diabolo.
1557 2639 1790 2697 Proinde
1833 2656 1929 2711 pro
1956 2642 2111 2699 nobis

546 2726 645 2771 est.
695 2716 795 2784 Qui
822 2720 968 2775 enim
995 2738 1104 2778 non
1138 2734 1225 2781 est
1249 2738 1440 2785 contra
1472 2728 1660 2799 Deum,
1698 2748 1797 2803 pro
1832 2731 1942 2790 Deo
1979 2744 2106 2791 est:

545 2811 997 2875 quemadmodum
1045 2816 1138 2884 qui
1184 2831 1289 2872 non
1347 2832 1637 2891 congregat
1674 2838 1796 2877 cum
1850 2824 1979 2893 Deo,
2019 2826 2111 2881 ille

541 2914 664 2954 cum
682 2904 893 2959 diabolo
916 2915 1023 2963 cst.
1041 2908 1326 2971 Admirare
1354 2925 1555 2983 autent,
1574 2920 1821 2985 obsecro,
1851 2921 2104 2978 virtutem

542 2994 781 3049 nominis
826 2994 1053 3067 Christi,
1093 3008 1361 3070 quomodo
1388 3016 1439 3061 et
1480 3025 1577 3079 per
1606 3011 1877 3083 indignos,
1922 3024 1980 3070 et
2011 3030 2108 3072 eos

539 3084 631 3185 qui
688 3101 793 3139 non
836 3101 993 3143 erant
1035 3091 1153 3159 eius
1200 3095 1471 3166 discipuli,
1509 3102 1679 3171 gratia
1726 3116 2006 3174 operetur,
2048 3116 2099 3162 et
2134 3126 2179 3185 ο

541 3172 715 3227 solum
751 3179 1034 3247 nominati,
1058 3184 1131 3237 ita
1171 3194 1224 3239 et
1261 3201 1358 3255 per
1402 3193 1731 3261 sacerdotes,
1764 3172 2000 3252 etiamsi
2023 3199 2105 3252 in-

540 3263 690 3334 digni
743 3266 975 3336 fuerint,
1023 3285 1280 3341 operatur
1332 3282 1527 3347 gratia,
1592 3291 1647 3337 et
1698 3287 2108 3343 sattctilicantur

538 3374 751 3428 onmes,
782 3365 992 3421 etiamsi
1019 3366 1263 3436 impurus
1288 3370 1451 3429 fuerit
1479 3378 1757 3436 sacerdos.

611 3624 780 3681 Vsus:
806 3630 994 3688 5l-56.
1050 3656 1073 3687 ε
1108 3632 1331 3692 Factum
1363 3650 1448 3695 est
1486 3653 1662 3699 autem
1699 3647 1824 3703 dum
1870 3654 2107 3722 comple-

540 3728 726 3772 rentur
756 3721 873 3776 dirs
904 3728 1294 3793 assumptionis
1318 3731 1456 3800 ejus,
1484 3742 1538 3787 et
1584 3734 1699 3805 ipse
1730 3736 1921 3793 faciem
1950 3721 2103 3798 suam

538 3810 945 3879 olnfirtnarcrat,
977 3830 1034 3871 ttt
1065 3819 1181 3873 irct'
1210 3820 1663 3893 Hierosolymam,
1692 3840 1748 3884 ct
1789 3832 1927 3887 misit
1962 3852 2104 3890 nun-

540 3909 646 3955 tos
692 3910 817 3957 ante
844 3917 1192 3973 conspectum
1239 3926 1417 3974 suum,
1454 3924 1504 3967 et
1540 3930 1732 3971 euntes
1772 3920 2106 3978 intraverunt

540 3994 592 4044 in
626 3994 900 4049 civitatem
955 3996 1445 4067 Samaritanorum,
1475 4016 1534 4061 ut
1583 4022 1836 4075 pararent
1890 4015 1986 4070 illi.
2040 4016 2105 4071 Et

541 4099 646 4137 non
675 4098 999 4155 receperunt
1026 4105 1172 4153 eum,
1207 4094 1330 4160 quia
1378 4095 1545 4153 facies
1589 4102 1708 4169 ejus
1764 4117 1880 4159 erat
1924 4110 2103 4162 euntis

544 4172 991 4247 Hierosolymam.
1044 4181 1175 4235 Cum
1206 4184 1469 4239 vidissent
1498 4198 1677 4244 autem
1709 4193 1955 4263 discipuli
1983 4198 2101 4265 ejus

534 4263 774 4320 Jucobus
808 4278 860 4322 et
885 4266 1143 4335 Joannes,
1178 4271 1431 4328 dixerunt
1461 4294 1475 4330 :
1503 4277 1747 4343 Domine,
1768 4263 2104 4343 visdicamus

538 4367 598 4413 ut
632 4359 768 4429 ignis
793 4360 857 4415 de
872 4362 1010 4417 cmlo
1030 4362 1339 4427 descendat,
1364 4377 1417 4420 et
1437 4382 1715 4426 consumat
1743 4374 1879 4441 illos,
1913 4392 2104 4447 quent-

2230 998 2444 1069 εἴδομεν
2477 1017 2600 1053 τινα
2625 1001 2718 1054 sui.
2744 1001 2825 1073 τῷ
2842 1002 3069 1073 ὀνόματί
3114 1020 3210 1056 σου
3248 1004 3583 1060 ἐκϐάλλοντα
3618 1005 3807 1075 δαιμό-

2228 1107 2341 1154 νια,
2365 1092 2456 1143 καὶ
2514 1091 2869 1162 ἐκωλύσαμεν
2921 1094 3110 1150 αύτόν.
3178 1096 3311 1149 Ποία
3366 1096 3664 1151 ἀκολουθία
3707 1096 3817 1151 τοῦ

2231 1178 2415 1246 λόγου,
2438 1179 2498 1234 δν
2534 1175 2690 1234 εἶπεν
2719 1184 2750 1235 ὀ
2785 1181 3060 1253 Ἰωάννης,
3090 1186 3228 1254 πρὸς
3256 1183 3295 1239 ἃ
3328 1179 3527 1239 εἶπενό
3554 1185 3797 1256 Κύριοςῖ

2228 1269 2407 1340 Πολλὴ
2476 1272 2577 1342 μὲν
2623 1267 2738 1327 οὖν.
2786 1272 2942 1327 Ἐπεὶ
2991 1273 3101 1345 γὰρ
3160 1272 3314 1329 εἶπεν
3350 1277 3381 1329 6
3425 1278 3671 1350 Κύριος,
3716 1280 3802 1332 ὄτι

2239 1360 2302 1414 '0
2331 1362 2656 1433 μικρότερος
2689 1363 2749 1415 ἐν
2780 1364 2908 1434 ὑμίν
2947 1363 3233 1436 ὑπάρχων,
3278 1358 3434 1441 οὗτος
3493 1368 3651 1422 ἐσται
3702 1370 3801 1439 μέ-

2226 1464 2350 1517 γας.
2380 1450 2625 1521 ἐφοϐήθη
2657 1451 2845 1506 λοιπὸν
2876 1453 2907 1505 6
2974 1451 3250 1527 Ἰωάννης,
3278 1458 3478 1528 μήπως
3536 1458 3707 1512 κακόν
3744 1475 3803 1511 τι

2223 1540 2489 1610 ἐποίησαν
2530 1541 2879 1605 κωλύσαντες
2925 1544 3213 1617 ἄνθρωπον
3240 1547 3661 1615 ἐξουσιαστικῶς
3705 1550 3805 1604 καὶ

2223 1631 2583 1696 ἀλαζονικῶς.
2616 1634 2691 1687 Τὸ
2729 1636 2838 1707 γάρ
2878 1636 3119 1691 κωλύειν
3153 1642 3280 1693 τινά
3314 1640 3424 1693 ἀπό
3486 1657 3651 1704 τινος,
3700 1641 3805 1694 οὐκ

2222 1720 2482 1776 ἐλάττονα
2512 1725 2769 1795 ἐμφαίνει
2796 1727 2888 1781 τὸν
2940 1728 3240 1797 κωλύοντα,
3279 1732 3418 1787 ἀλλά
3469 1733 3719 1803 κρεῖττόν
3747 1751 3805 1787 τι

2223 1813 2526 1884 φρονοῦντα
2552 1816 2763 1871 ἐκείνου
2802 1818 2899 1873 τοῦ
2950 1821 3298 1893 κωλυομένου
3330 1827 3473 1896 παρ’
3510 1825 3697 1879 αὐτοῦ.
3740 1827 3804 1879 ’0

2220 1902 2401 1956 τοίνυν
2440 1905 2692 1976 Ἰωάννης
2731 1906 2976 1980 ἐφοϐήθη
3006 1910 3188 1977 τοῦτο,
3238 1915 3435 1981 μήπως
3475 1914 3807 1979 ἀλαζονικὸν

2220 1991 2384 2063 ἔργον
2442 1996 2689 2065 ἐποίησε,
2722 1998 2977 2062 κωλύσας
3031 2000 3125 2054 τὸν
3187 2002 3494 2074 ἄνθρωπον.
3533 2005 3691 2071 Τίνος
3741 2006 3804 2062 δὲ

2220 2084 2407 2137 ινεκεν
2431 2085 2673 2140 ἐκώλυον
2696 2087 2790 2141 τδν
2812 2089 3097 2158 ἄνθρωπον
3124 2108 3142 2159 ;
3171 2094 3245 2147 Οὐ
3277 2094 3624 2164 φθονοῦντες,
3663 2096 3805 2153 ἀλλά

2219 2174 2504 2245 κρίνοντες
2532 2178 2697 2233 αὐτὸν
2728 2178 2950 2246 ἀνάξιον
2975 2182 3071 2237 τοῦ
3094 2172 3555 2257 θαυματουργείνο
3586 2188 3649 2241 ού
3692 2189 3805 2260 γάρ

2216 2260 2286 2337 ἦν
2317 2267 2435 2335 μετ’
2465 2266 2645 2322 αὐτῶν
2675 2270 2970 2341 δεξάμενος
3006 2274 3108 2345 την
3138 2274 3301 2346 χάριν
3322 2274 3415 2329 τοῦ
3454 2276 3806 2350 θαυματουρ-

2215 2360 2355 2427 γετν,
2400 2358 2510 2413 οὐδ’
2571 2360 2896 2416 ἀπέστειλεν
2959 2365 3125 2420 αὐτὸν
3164 2368 3259 2420 ἐπὶ
3305 2367 3467 2422 τοῦτο
3498 2372 3529 2423 6
3567 2371 3801 2441 Κύριος,

2216 2448 2403 2519 ὥσπερ
2431 2450 2525 2504 καὶ
2550 2452 2749 2518 αὐτούς
2774 2471 2790 2485 ο
2832 2455 2957 2509 ούόἐ
2986 2457 3274 2528 ἠκολούθει
3304 2459 3445 2525 ὅλως
3470 2459 3549 2532 τῷ
3592 2462 3795 2532 Ἰησοῦ.

2216 2541 2282 2593 Τί
2317 2537 2412 2596 οὖν
2431 2544 2458 2596 6
2483 2542 2721 2614 Κύριος;
2744 2546 2971 2617 Ἅφετε,
3003 2548 3191 2619 φησὶν,
3221 2551 3386 2605 αὐτὸν
3414 2540 3573 2607 τοῦτο
3589 2558 3795 2609 ποιεῖν·

2217 2632 2497 2701 Συντρίϐει
2535 2635 2756 2706 γὰρκαὶ
2787 2640 2949 2702 αὐτὸς
2981 2640 3084 2712 τὴν
3117 2641 3335 2696 Σατανᾶ
3378 2643 3633 2714 δύναμιν,
3699 2647 3799 2699 καὶ

2214 2723 2338 2777 ἐπεὶ
2369 2725 2469 2778 οὐκ
2495 2726 2775 2795 ἐμποδίζει
2810 2728 2941 2799 ύμῖν
2971 2730 3053 2794 είς
3083 2731 3148 2785 τδ
3180 2734 3463 2805 κήρυγμα,
3492 2737 3615 2791 οὐδὲ
3658 2754 3803 2808 συμ-

2216 2816 2447 2885 πράττει
2484 2817 2564 2887 τῷ
2599 2818 2851 2891 διαϐόλῳ,
2884 2822 3072 2877 λοιπὸν
3130 2824 3275 2896 ὑπὲρ
3300 2826 3462 2897 ήμῶν
3486 2829 3657 2884 ἐστιν.
3697 2831 3798 2895 '0;

2213 2905 2323 2975 γὰρ
2371 2906 2475 2959 οὐκ
2510 2906 2627 2961 ἔστι
2658 2912 2801 2964 κατά
2848 2910 2942 2965 τοῦ
2970 2912 3131 2980 Θεοῦ,
3158 2915 3298 2987 ὑπὲρ
3322 2916 3416 2969 τοῦ
3444 2918 3583 2972 Θεοῦ
3612 2921 3791 2985 ἐστιν,

2212 2995 2399 3068 ὥσπερ
2426 2998 2575 3062 ὅστις
2602 3000 2663 3053 ού
2679 3002 2901 3070 συνάγει
2930 3004 3067 3074 μετά
3084 3005 3179 3059 τοῦ
3204 3005 3367 3073 Θεοῦ,
3403 3011 3615 3075 ἐκεῖνος
3648 3016 3794 3083 μετά

2212 3087 2305 3141 τοῦ
2354 3089 2601 3145 διαϐόλου
2640 3092 2777 3147 ἔστί.
2829 3095 3127 3165 θαύμασον
3169 3098 3227 3150 δέ
3271 3115 3362 3168 μοι
3418 3101 3520 3172 τὴν
3557 3101 3795 3173 δύναμιν

2212 3180 2308 3233 τοῦ
2342 3182 2605 3253 ὀνόματος
2636 3184 2731 3237 τοῦ
2766 3186 3030 3257 Χριστοῦ,
3065 3187 3186 3254 πῶς
3214 3190 3311 3243 καὶ
3354 3191 3445 3245 διὰ
3494 3193 3607 3246 τῶν
3659 3195 3791 3248 ἀνα-

2214 3271 2341 3336 ξίων
2368 3272 2463 3325 καὶ
2504 3271 2582 3343 μὴ
2619 3272 2791 3327 ὄντων
2837 3275 3104 3348 μαθητῶν
3152 3279 3345 3345 αὐτοῦ,
3374 3282 3600 3353 ἐνήργει
3630 3286 3663 3354 ὴ
3700 3286 3797 3354 χά-

2211 3378 2318 3431 ρις,
2359 3363 2453 3418 καὶ
2496 3362 2668 3433 ψιλῶς
2712 3367 3144 3439 ὀνομαζομένου,
3176 3371 3323 3426 οὕτω
3374 3375 3468 3428 καὶ
3524 3375 3617 3429 δά
3680 3377 3791 3429 τῶν

2209 3453 2419 3522 ἱερέων,
2458 3454 2561 3508 κᾶν
2583 3454 2793 3520 ἀνάξιοι
2829 3452 2987 3523 ὦσιν,
3012 3461 3228 3533 ἐνεργεῖ
3258 3465 3290 3533 ἡ
3321 3464 3481 3533 χάρις
3511 3469 3609 3520 καὶ
3628 3468 3790 3536 ἁγιά-

2216 3544 2400 3607 ζονται
2433 3546 2657 3614 πάντες,
2686 3548 2791 3603 κᾶν
2818 3550 3049 3619 ἀναγνος
3075 3554 3158 3624 είη
3185 3555 3215 3607 6
3255 3557 3459 3625 ἱερεύς.

2284 3656 2303 3689 ι
2361 3638 2609 3708 Ἐγένετο
2653 3640 2710 3693 δέ
2736 3644 2794 3695 ἐν
2831 3641 2911 3713 τῷ
2946 3645 3403 3716 συμπληροῦσθαι
3438 3650 3537 3714 τὰς
3568 3653 3787 3724 ἡμέρας

2207 3730 2307 3799 τῆς
2331 3730 2653 3801 ἀναλήψεως
2684 3733 2873 3799 αὐτοῦ,
2901 3736 2998 3788 καὶ
3025 3737 3187 3801 αὐτὸς
3206 3739 3268 3791 τὸ
3290 3742 3584 3811 πρόσωπον
3616 3745 3787 3801 αὐτοῦ

2208 3822 2457 3892 ἐστήριξε
2483 3824 2578 3875 τοῦ
2616 3823 2943 3894 πορεύεσθαι
2974 3828 3054 3890 εις
3094 3829 3477 3905 Ἰερουσαλὴμ,
3524 3835 3624 3889 καὶ
3676 3840 3789 3891 ἀπο

2207 3914 2447 3968 ἔστειλεν
2468 3915 2737 3984 ἀγγέλους
2771 3918 2877 3989 πρὸ
2898 3919 3192 3989 προσώπου
3222 3924 3412 3988 αὐτοῦ,
3462 3929 3558 3982 καὶ
3589 3948 3791 4001 πορευ-

2207 4004 2431 4072 θέντες,
2511 4007 2761 4076 εἰσῆλθον
2822 4011 2903 4072 είς
2956 4010 3153 4083 κώμην
3202 4016 3585 4087 Σαμαρειτῶν,
3649 4023 3793 4077 ὥστε

2203 4098 2491 4167 ἑτοιμάσαι
2529 4101 2702 4171 αὐτῷ.
2756 4103 2867 4157 Καὶ
2912 4106 3012 4159 οὐκ
3063 4107 3314 4173 ἐδέξαντο
3363 4111 3553 4178 αὑτὸν,
3609 4134 3689 4167 ,τι
3730 4117 3793 4169 τὸ

2205 4191 2496 4259 πρόσωπον
2530 4193 2698 4247 αὑτοῦ
2746 4189 2814 4265 ἦν
2858 4197 3232 4267 πορευόμενον
3273 4202 3352 4264 εἰς
3397 4201 3783 4278 Ἰερουσαλήμ.

2215 4284 2436 4347 Ἰδόντες
2463 4284 2520 4338 δὲ
2543 4286 2591 4339 oi
2616 4287 2859 4357 μαθηταὶ
2883 4289 3070 4357 αὐτοῦ,
3103 4290 3355 4357 Ἰάκωϐος
3384 4295 3479 4347 καὶ
3502 4294 3785 4371 Ἰωάννης,

2205 4368 2358 4426 εἷπον
2382 4390 2395 4403 '
2425 4374 2620 4445 Κύριε,
2660 4376 2838 4441 θέλεις
2867 4379 3117 4451 εἴπωμεν
3158 4383 3273 4453 πῦρ
3304 4385 3612 4458 καταϐῆναι
3676 4368 3789 4446 ἀπὸ

536 4450 821 4507 admodum
862 4466 915 4509 et
980 4455 1123 4511 Elias
1175 4458 1339 4513 fecit?
1373 4460 1680 4519 Conversus
1722 4468 2098 4533 autemIJesus

2212 4463 2303 4516 τοῦ
2331 4464 2588 4536 οὐρανοῦ,
2626 4470 2719 4520 καὶ
2747 4470 3025 4524 ἀναλῶσαι
3080 4474 3278 4538 αὐτοὺς
3308 4475 3382 4540 ὡς
3434 4479 3537 4532 καὶ
3598 4482 3787 4546 ⁹Ηλίας

540 4540 837 4611 increpat-it
892 4546 1033 4607 illos,
1100 4548 1330 4610 dicens:
1390 4551 1619 4608 Nescitis
1676 4556 1830 4625 Cttjtls
1878 4563 2100 4629 Spiritus

538 4633 672 4686 estis
702 4649 814 4689 vos.
852 4634 1015 4689 Filius
1062 4639 1203 4690 enim
1262 4640 1500 4698 hominis
1540 4661 1643 4699 non
1683 4652 1825 4703 venit
1876 4653 1941 4705 ad
1978 4670 2101 4722 per-

536 4720 769 4775 dendum
823 4726 1032 4781 animas
1083 4727 1381 4796 hmrinum,
1412 4734 1503 4785 sed
1542 4735 1608 4787 ad
1656 4720 1995 4798 servandum.
2036 4745 2099 4801 Et

534 4810 790 4865 abierunt
823 4812 877 4867 in
909 4813 1052 4868 aliud
1082 4819 1387 4875 castellum.
1425 4842 1445 4877 ι
1478 4825 1615 4890 Quid
1648 4839 1730 4882 est
1758 4836 1899 4899 quod
1945 4838 2095 4902 dicit,

541 4902 663 4953 dum
696 4903 1099 4973 complerentur
1127 4911 1242 4964 dies
1274 4919 1660 4985 assumptionis
1687 4923 1842 4990 ejus?
1867 4926 1967 4981 hoc
1991 4940 2093 4994 est,

539 5007 662 5045 cum
727 4993 961 5049 instabat
1012 5008 1221 5069 tempus
1252 5019 1358 5071 quo
1422 5017 1701 5077 postquam
1754 4993 2099 5074 sustinuisset

534 5082 822 5137 salutarent
858 5088 1161 5155 passionem
1220 5109 1315 5160 pro
1356 5097 1531 5163 nobis,
1577 5108 1857 5169 Oportebat
1894 5114 2095 5165 assumi

537 5172 588 5223 itt
637 5176 853 5240 cuzlum,
892 5189 941 5231 et
980 5184 1261 5237 considere
1297 5187 1403 5243 Deo
1432 5200 1482 5242 et
1518 5191 1687 5248 Patri.
1726 5195 1877 5253 Tunc
1934 5201 2098 5270 igitur

532 5278 653 5317 cum
711 5272 1177 5340 appropinquabat
1236 5287 1447 5346 tempus
1513 5287 1781 5352 passionis
1837 5291 1987 5359 ejus,
2044 5304 2098 5348 rt

536 5359 920 5424 assumptionis
977 5380 1038 5416 ex
1091 5365 1194 5419 hoc
1232 5371 1453 5437 mundo,
1508 5376 1746 5431 decrevit
1801 5398 1905 5435 non
1960 5384 2093 5439 ultra

534 5443 663 5499 hinc
693 5454 746 5501 et
784 5452 906 5505 inde
960 5456 1327 5521 obambulare,
1381 5464 1472 5517 sed
1513 5472 1805 5525 ascendere
1841 5474 2095 5529 Hieroso-

533 5534 750 5600 lymam.
786 5535 973 5607 Itaque
1019 5546 1158 5609 quod
1188 5547 1492 5603 oblirmavit
1550 5553 1739 5609 facit-tu
1772 5576 1944 5628 suam,
1996 5568 2096 5619 hoc

534 5628 795 5693 dot-Iurat,
857 5636 997 5699 quod
1050 5639 1335 5695 stabilicrit
1385 5654 1438 5699 ct
1494 5647 1724 5705 firmarit
1770 5659 2091 5712 sententiam

531 5722 674 5787 quod
706 5724 830 5777 rciit
858 5730 1151 5786 ascendere
1182 5732 1625 5809 ilicuosolgumm.
1668 5742 1833 5802 i’ot'to
1875 5754 2091 5808 nuntios

2203 4558 2422 4626 ἐποίησε
2444 4575 2459 4624 ;
2484 4559 2749 4629 Στραφεὶς
2775 4562 2832 4615 δὲ
2863 4564 2892 4616 6
2925 4563 3155 4633 Ἰησοῦς,
3185 4567 3523 4639 ἐπετίμησεν
3554 4576 3745 4639 αὐτοῖς
3767 4618 3781 4641 ,

2199 4650 2294 4700 καὶ
2326 4646 2480 4703 εἶπεν
2506 4668 2520 4679 ·
2546 4652 2663 4703 Οὐκ
2692 4652 2875 4706 οἴδατε
2922 4655 3038 4708 οἴου
3072 4658 3383 4728 πνεύματός
3436 4663 3559 4716 ἐστε
3599 4667 3784 4735 ὑμεῖς.

2210 4742 2270 4793 '0
2297 4741 2407 4812 γὰρ
2423 4742 2550 4804 Υἱὸς
2568 4742 2662 4795 τοῦ
2691 4744 2984 4814 ἀνθρώπου
2997 4748 3095 4801 οὐκ
3115 4744 3246 4820 ἦλθε
3273 4751 3449 4821 ψυχὰς
3475 4754 3783 4826 ἀνθρώπων

2199 4834 2486 4897 ἀπολέσαι,
2535 4836 2671 4889 ἁλλά
2703 4839 2895 4893 σῶσαι.
2931 4843 3042 4895 Καὶ
3072 4845 3451 4917 ἐπορεύθησαν
3474 4852 3555 4913 εἰς
3583 4855 3783 4922 ἑτέραν

2201 4925 2411 4997 κώμην.
2455 4947 2473 4978 ι
2510 4928 2574 4980 Τί
2614 4929 2763 4983 ἐστιν
2800 4932 2938 5003 ὅπερ
2973 4934 3158 5003 φησιν,
3212 4938 3295 4991 ὅτι
3347 4941 3564 5006 ἐγένετο
3595 4946 3654 4997 ἐν
3700 4947 3782 5017 τῷ

2202 5019 2651 5091 συμπληροῦσθαι
2694 5023 2793 5087 τὰς
2836 5024 3047 5093 ἡμέρας
3080 5028 3179 5097 τῆς
3212 5030 3531 5100 ἀναλήψεως
3566 5036 3732 5089 αὐτοῦ
3760 5057 3777 5103 ;

2202 5108 2616 5176 Τουτέστιν,ὅτι
2668 5114 2977 5186 ἐνειστήκει
3045 5122 3073 5171 6
3120 5122 3331 5191 καιρὸς,
3392 5124 3513 5176 καθ’
3564 5128 3622 5180 ὃν
3670 5130 3779 5183 ἔδει

2198 5200 2389 5254 λοιπὸν
2418 5202 2479 5254 τὸ
2508 5205 2776 5273 σωτήριον
2811 5208 2950 5276 ὑπὲρ
2988 5208 3146 5277 ἡμῶν
3174 5210 3547 5281 ὑπομείναντα
3581 5218 3777 5280 πάθος,

2199 5293 2579 5362 ἀναληφθῆναι
2628 5299 2709 5359 εἰς
2740 5298 2970 5368 οὐρανὸν
3018 5302 3111 5352 καὶ
3158 5304 3510 5372 συνεδρεῦςαι
3543 5307 3620 5377 τῷ
3658 5310 3778 5380 Θεῷ

2198 5386 2288 5437 καὶ
2324 5388 2519 5457 Πατρί.
2551 5389 2684 5441 Τότε
2714 5392 2896 5444 τοίνυν
2926 5394 3011 5444 ὅτε
3059 5395 3361 5465 ἐνειστήκει
3390 5400 3418 5450 6
3461 5402 3653 5470 καιρὸς
3682 5404 3775 5457 τοῦ

2198 5476 2403 5540 πάθους
2438 5478 2625 5542 aha-3,
2671 5483 2765 5531 καὶ
2795 5482 2895 5550 τῆς
2936 5485 2999 5536 ἐκ
3044 5486 3137 5537 τοῦ
3183 5489 3391 5557 κόσμου
3426 5491 3773 5561 ἀναλήψεως,

2197 5568 2375 5637 ἔκρινε
2414 5571 2613 5638 μηκέτι
2646 5565 2746 5623 ὦδε
2783 5576 3007 5626 κάκεῖσε
3035 5578 3451 5648 περιέρχεσθαι,
3476 5581 3592 5634 ἀλλ’
3624 5586 3774 5637 ἀνελ-

2199 5664 2311 5713 0;ῖν
2342 5665 2420 5724 εἰς
2457 5664 2824 5731 Ἱεροσᾶὶυξια.
2847 5665 2920 5717 Τὸ
2941 5667 3088 5733 γοῦν,
3120 5672 3372 5739 ἐστήριξε
3393 5674 3454 5725 τὸ
3480 5676 3773 5744 πρόσωπον

2198 5755 2377 5821 αἰτιῶ,
2412 5757 2562 5809 ῖιῦτν)
2591 5758 2737 5825 δηλοῖ
2768 5760 2846 5810 ὕει
2876 5758 3160 5831 ἀφώρισεν
3186 5804 3198 5827 _.
3242 5763 3546 5835 ἐκύρωσεν,
3577 5768 3769 5840 ἕσῑητ,
