  <div class='ocr_page' id='page_1' title='image "/cluster/home/n/w/nwhite01/storage/ocr_20150623/123/ien.35556001659978/420.png"; bbox 0 0 4030 6428; ppageno 0'>
   <div class='ocr_carea' id='block_1_1' title="bbox 207 351 3496 417">
    <p class='ocr_par' dir='ltr' id='par_1_1' title="bbox 207 351 3496 417">
     <span class='ocr_line' id='line_1_1' title="bbox 207 351 3496 417; baseline 0 -2"><span class='ocrx_word' id='word_1_1' title='bbox 207 352 312 417; x_wconf 74' lang='lat'><strong>8‘29</strong></span> <span class='ocrx_word' id='word_1_2' title='bbox 919 354 1367 417; x_wconf 68' lang='lat' dir='ltr'><strong>ENARRATIO</strong></span> <span class='ocrx_word' id='word_1_3' title='bbox 1410 355 1488 416; x_wconf 79' lang='grc' dir='ltr'><strong>[Ν</strong></span> <span class='ocrx_word' id='word_1_4' title='bbox 1524 353 2030 415; x_wconf 81' lang='lat' dir='ltr'><strong>EVANGELlUM</strong></span> <span class='ocrx_word' id='word_1_5' title='bbox 2068 352 2306 415; x_wconf 60' lang='lat' dir='ltr'><strong>LUC.’E.</strong></span> <span class='ocrx_word' id='word_1_6' title='bbox 2344 376 2410 389; x_wconf 92' lang='grc'><strong>-</strong></span> <span class='ocrx_word' id='word_1_7' title='bbox 2446 351 2607 415; x_wconf 83' lang='lat' dir='ltr'><strong>CAP.</strong></span> <span class='ocrx_word' id='word_1_8' title='bbox 2650 352 2756 414; x_wconf 83' lang='lat' dir='ltr'><strong>IX.</strong></span> <span class='ocrx_word' id='word_1_9' title='bbox 3384 351 3496 416; x_wconf 85' lang='lat'><strong>830</strong></span> 
     </span>
    </p>
   </div>
   <div class='ocr_carea' id='block_1_2' title="bbox 212 459 1803 539">
    <p class='ocr_par' dir='ltr' id='par_1_2' title="bbox 212 462 1794 539">
     <span class='ocr_line' id='line_1_2' title="bbox 212 462 1794 539; baseline -0.003 -20"><span class='ocrx_word' id='word_1_10' title='bbox 212 466 433 539; x_wconf 78' lang='grc' dir='ltr'><strong>βουλὴν,</strong></span> <span class='ocrx_word' id='word_1_11' title='bbox 468 464 609 520; x_wconf 80' lang='grc' dir='ltr'><strong>ὥστε</strong></span> <span class='ocrx_word' id='word_1_12' title='bbox 640 462 901 519; x_wconf 73' lang='grc' dir='ltr'><strong>ἀπελθεῖν</strong></span> <span class='ocrx_word' id='word_1_13' title='bbox 934 466 1017 528; x_wconf 74' lang='grc' dir='ltr'><strong>εἰς</strong></span> <span class='ocrx_word' id='word_1_14' title='bbox 1056 464 1437 538; x_wconf 76' lang='grc' dir='ltr'><strong>Ἰερουσαλήμ.</strong></span> <span class='ocrx_word' id='word_1_15' title='bbox 1486 463 1794 534; x_wconf 75' lang='grc' dir='ltr'><strong>Ἐκπὲμπει</strong></span> 
     </span>
    </p>
   </div>
   <div class='ocr_carea' id='block_1_3' title="bbox 1898 459 3489 539">
    <p class='ocr_par' dir='ltr' id='par_1_3' title="bbox 1898 459 3489 531">
     <span class='ocr_line' id='line_1_3' title="bbox 1898 459 3489 531; baseline -0.001 -14"><span class='ocrx_word' id='word_1_16' title='bbox 1898 472 2025 518; x_wconf 91' lang='lat' dir='ltr'><strong>ante</strong></span> <span class='ocrx_word' id='word_1_17' title='bbox 2044 461 2243 518; x_wconf 80' lang='lat' dir='ltr'><strong>faciem</strong></span> <span class='ocrx_word' id='word_1_18' title='bbox 2262 476 2418 517; x_wconf 88' lang='lat' dir='ltr'><strong>suam</strong></span> <span class='ocrx_word' id='word_1_19' title='bbox 2440 461 2663 526; x_wconf 89' lang='lat' dir='ltr'><strong>emittit,</strong></span> <span class='ocrx_word' id='word_1_20' title='bbox 2691 468 2957 531; x_wconf 88' lang='lat' dir='ltr'><strong>utparent</strong></span> <span class='ocrx_word' id='word_1_21' title='bbox 2976 459 3077 529; x_wconf 87' lang='lat' dir='ltr'><strong>ipsi</strong></span> <span class='ocrx_word' id='word_1_22' title='bbox 3100 460 3489 528; x_wconf 86' lang='lat' dir='ltr'><strong>diversorium,</strong></span> 
     </span>
    </p>
   </div>
   <div class='ocr_carea' id='block_1_4' title="bbox 209 549 1800 645">
    <p class='ocr_par' dir='ltr' id='par_1_4' title="bbox 209 555 1794 645">
     <span class='ocr_line' id='line_1_4' title="bbox 209 555 1794 645; baseline -0.003 -34"><span class='ocrx_word' id='word_1_23' title='bbox 209 557 267 613; x_wconf 64' lang='lat' dir='ltr'><strong>bl</strong></span> <span class='ocrx_word' id='word_1_24' title='bbox 296 557 567 627; x_wconf 78' lang='grc' dir='ltr'><strong>ἀγγέλους</strong></span> <span class='ocrx_word' id='word_1_25' title='bbox 615 558 723 628; x_wconf 73' lang='grc' dir='ltr'><strong>πρὸ</strong></span> <span class='ocrx_word' id='word_1_26' title='bbox 755 556 1052 645; x_wconf 74' lang='grc' dir='ltr'><strong>προσώπου</strong></span> <span class='ocrx_word' id='word_1_27' title='bbox 1099 555 1289 623; x_wconf 78' lang='grc' dir='ltr'><strong>αὑτοῦ,</strong></span> <span class='ocrx_word' id='word_1_28' title='bbox 1325 556 1415 610; x_wconf 78' lang='grc' dir='ltr'><strong>ἵνα</strong></span> <span class='ocrx_word' id='word_1_29' title='bbox 1460 555 1794 625; x_wconf 78' lang='grc' dir='ltr'><strong>ἑτοιμάσωσι</strong></span> 
     </span>
    </p>
   </div>
   <div class='ocr_carea' id='block_1_5' title="bbox 1903 549 3494 645">
    <p class='ocr_par' dir='ltr' id='par_1_5' title="bbox 1903 549 3494 619">
     <span class='ocr_line' id='line_1_5' title="bbox 1903 549 3494 619; baseline -0.002 -12"><span class='ocrx_word' id='word_1_30' title='bbox 1903 560 1950 607; x_wconf 84' lang='lat' dir='ltr'><strong>et</strong></span> <span class='ocrx_word' id='word_1_31' title='bbox 1996 552 2179 607; x_wconf 87' lang='lat' dir='ltr'><strong>sciens</strong></span> <span class='ocrx_word' id='word_1_32' title='bbox 2227 549 2373 619; x_wconf 90' lang='lat' dir='ltr'><strong>quod</strong></span> <span class='ocrx_word' id='word_1_33' title='bbox 2417 565 2449 604; x_wconf 88' lang='lat' dir='ltr'><strong>a</strong></span> <span class='ocrx_word' id='word_1_34' title='bbox 2487 549 2857 606; x_wconf 86' lang='lat' dir='ltr'><strong>Samaritanis</strong></span> <span class='ocrx_word' id='word_1_35' title='bbox 2910 565 3020 605; x_wconf 90' lang='lat' dir='ltr'><strong>non</strong></span> <span class='ocrx_word' id='word_1_36' title='bbox 3079 557 3265 604; x_wconf 87' lang='lat' dir='ltr'><strong>essent</strong></span> <span class='ocrx_word' id='word_1_37' title='bbox 3316 549 3494 603; x_wconf 86' lang='lat' dir='ltr'><strong>susci-</strong></span> 
     </span>
    </p>
   </div>
   <div class='ocr_carea' id='block_1_6' title="bbox 211 640 1802 719">
    <p class='ocr_par' dir='ltr' id='par_1_6' title="bbox 211 640 1793 719">
     <span class='ocr_line' id='line_1_6' title="bbox 211 640 1793 719; baseline -0.001 -18"><span class='ocrx_word' id='word_1_38' title='bbox 211 649 376 719; x_wconf 70' lang='grc' dir='ltr'><strong>δοχὴν</strong></span> <span class='ocrx_word' id='word_1_39' title='bbox 402 666 526 703; x_wconf 90' lang='grc' dir='ltr'><strong>τινα</strong></span> <span class='ocrx_word' id='word_1_40' title='bbox 554 646 730 716; x_wconf 77' lang='grc' dir='ltr'><strong>αὐτῷ,</strong></span> <span class='ocrx_word' id='word_1_41' title='bbox 764 640 1053 715; x_wconf 76' lang='grc' dir='ltr'><strong>γινώσκων</strong></span> <span class='ocrx_word' id='word_1_42' title='bbox 1089 646 1190 718; x_wconf 73' lang='grc' dir='ltr'><strong>μὲν</strong></span> <span class='ocrx_word' id='word_1_43' title='bbox 1232 646 1316 701; x_wconf 82' lang='grc' dir='ltr'><strong>ὅτι</strong></span> <span class='ocrx_word' id='word_1_44' title='bbox 1346 646 1446 717; x_wconf 81' lang='grc' dir='ltr'><strong>οὐχ</strong></span> <span class='ocrx_word' id='word_1_45' title='bbox 1494 645 1793 716; x_wconf 79' lang='grc' dir='ltr'><strong>ύποδεχθή-</strong></span> 
     </span>
    </p>
   </div>
   <div class='ocr_carea' id='block_1_7' title="bbox 1899 640 3490 719">
    <p class='ocr_par' dir='ltr' id='par_1_7' title="bbox 1901 640 3490 712">
     <span class='ocr_line' id='line_1_7' title="bbox 1901 640 3490 712; baseline -0.004 -14"><span class='ocrx_word' id='word_1_46' title='bbox 1901 642 2107 712; x_wconf 89' lang='lat' dir='ltr'><strong>pieudi,</strong></span> <span class='ocrx_word' id='word_1_47' title='bbox 2142 642 2503 699; x_wconf 82' lang='lat' dir='ltr'><strong>nihilominus</strong></span> <span class='ocrx_word' id='word_1_48' title='bbox 2548 650 2731 697; x_wconf 86' lang='lat' dir='ltr'><strong>tamen</strong></span> <span class='ocrx_word' id='word_1_49' title='bbox 2774 640 2897 695; x_wconf 90' lang='lat' dir='ltr'><strong>illos</strong></span> <span class='ocrx_word' id='word_1_50' title='bbox 2927 640 3155 703; x_wconf 90' lang='lat' dir='ltr'><strong>emittit,</strong></span> <span class='ocrx_word' id='word_1_51' title='bbox 3188 650 3246 693; x_wconf 91' lang='lat' dir='ltr'><strong>ut</strong></span> <span class='ocrx_word' id='word_1_52' title='bbox 3273 653 3490 693; x_wconf 87' lang='lat' dir='ltr'><strong>omnem</strong></span> 
     </span>
    </p>
   </div>
   <div class='ocr_carea' id='block_1_8' title="bbox 217 729 1808 810">
    <p class='ocr_par' dir='ltr' id='par_1_8' title="bbox 217 738 1792 810">
     <span class='ocr_line' id='line_1_8' title="bbox 217 738 1792 810; baseline -0.001 -18"><span class='ocrx_word' id='word_1_53' title='bbox 217 757 367 793; x_wconf 80' lang='grc' dir='ltr'><strong>σεται</strong></span> <span class='ocrx_word' id='word_1_54' title='bbox 392 740 499 794; x_wconf 78' lang='grc' dir='ltr'><strong>ὑπὸ</strong></span> <span class='ocrx_word' id='word_1_55' title='bbox 521 741 633 793; x_wconf 90' lang='grc' dir='ltr'><strong>τῶν</strong></span> <span class='ocrx_word' id='word_1_56' title='bbox 665 739 1056 810; x_wconf 76' lang='grc' dir='ltr'><strong>Σαμαρειτῶν,</strong></span> <span class='ocrx_word' id='word_1_57' title='bbox 1088 738 1239 809; x_wconf 77' lang='grc' dir='ltr'><strong>ὅμως</strong></span> <span class='ocrx_word' id='word_1_58' title='bbox 1266 740 1313 792; x_wconf 84' lang='grc' dir='ltr'><strong>δ’</strong></span> <span class='ocrx_word' id='word_1_59' title='bbox 1345 738 1440 793; x_wconf 77' lang='grc' dir='ltr'><strong>οὖν</strong></span> <span class='ocrx_word' id='word_1_60' title='bbox 1471 738 1792 793; x_wconf 83' lang='grc' dir='ltr'><strong>ἀποστέλλει</strong></span> 
     </span>
    </p>
   </div>
   <div class='ocr_carea' id='block_1_9' title="bbox 1904 729 3495 810">
    <p class='ocr_par' dir='ltr' id='par_1_9' title="bbox 1904 729 3495 796">
     <span class='ocr_line' id='line_1_9' title="bbox 1904 729 3495 796; baseline -0.003 -6"><span class='ocrx_word' id='word_1_61' title='bbox 1904 732 2375 790; x_wconf 82' lang='lat' dir='ltr'><strong>Samaritanon</strong></span> <span class='ocrx_word' id='word_1_62' title='bbox 2425 731 2640 787; x_wconf 85' lang='lat' dir='ltr'><strong>auferat</strong></span> <span class='ocrx_word' id='word_1_63' title='bbox 2691 732 3144 796; x_wconf 75' lang='lat' dir='ltr'><strong>excusationem,</strong></span> <span class='ocrx_word' id='word_1_64' title='bbox 3195 745 3265 786; x_wconf 87' lang='lat' dir='ltr'><strong>ne</strong></span> <span class='ocrx_word' id='word_1_65' title='bbox 3308 729 3495 785; x_wconf 81' lang='lat' dir='ltr'><strong>dicere</strong></span> 
     </span>
    </p>
   </div>
   <div class='ocr_carea' id='block_1_10' title="bbox 211 824 1802 902">
    <p class='ocr_par' dir='ltr' id='par_1_10' title="bbox 211 828 1793 902">
     <span class='ocr_line' id='line_1_10' title="bbox 211 828 1793 902; baseline -0.003 -15"><span class='ocrx_word' id='word_1_66' title='bbox 211 832 430 897; x_wconf 76' lang='grc' dir='ltr'><strong>αὐτοὺς,</strong></span> <span class='ocrx_word' id='word_1_67' title='bbox 474 832 552 895; x_wconf 81' lang='grc' dir='ltr'><strong>ὡς</strong></span> <span class='ocrx_word' id='word_1_68' title='bbox 593 831 660 886; x_wconf 81' lang='grc' dir='ltr'><strong>ἂν</strong></span> <span class='ocrx_word' id='word_1_69' title='bbox 699 832 882 888; x_wconf 79' lang='grc' dir='ltr'><strong>πᾶσαν</strong></span> <span class='ocrx_word' id='word_1_70' title='bbox 934 832 1210 902; x_wconf 73' lang='grc' dir='ltr'><strong>πρόφασιν</strong></span> <span class='ocrx_word' id='word_1_71' title='bbox 1263 830 1376 885; x_wconf 88' lang='grc' dir='ltr'><strong>τῶν</strong></span> <span class='ocrx_word' id='word_1_72' title='bbox 1430 828 1793 902; x_wconf 83' lang='grc' dir='ltr'><strong>Σαμαρειτῶν</strong></span> 
     </span>
    </p>
   </div>
   <div class='ocr_carea' id='block_1_11' title="bbox 1902 824 3493 902">
    <p class='ocr_par' dir='ltr' id='par_1_11' title="bbox 1902 824 3493 896">
     <span class='ocr_line' id='line_1_11' title="bbox 1902 824 3493 896; baseline -0.001 -15"><span class='ocrx_word' id='word_1_73' title='bbox 1902 833 2158 889; x_wconf 81' lang='lat' dir='ltr'><strong>possent;</strong></span> <span class='ocrx_word' id='word_1_74' title='bbox 2195 824 2651 896; x_wconf 80' lang='lat' dir='ltr'><strong>Suscepissemus</strong></span> <span class='ocrx_word' id='word_1_75' title='bbox 2686 824 2841 880; x_wconf 92' lang='lat' dir='ltr'><strong>illum</strong></span> <span class='ocrx_word' id='word_1_76' title='bbox 2876 825 2922 879; x_wconf 88' lang='lat' dir='ltr'><strong>si</strong></span> <span class='ocrx_word' id='word_1_77' title='bbox 2957 824 3225 894; x_wconf 85' lang='lat' dir='ltr'><strong>quosdam</strong></span> <span class='ocrx_word' id='word_1_78' title='bbox 3279 838 3390 891; x_wconf 74' lang='lat' dir='ltr'><strong>prte</strong></span> <span class='ocrx_word' id='word_1_79' title='bbox 3430 838 3493 879; x_wconf 84' lang='lat' dir='ltr'><strong>se</strong></span> 
     </span>
    </p>
   </div>
   <div class='ocr_carea' id='block_1_12' title="bbox 211 915 1802 997">
    <p class='ocr_par' dir='ltr' id='par_1_12' title="bbox 211 919 1794 997">
     <span class='ocr_line' id='line_1_12' title="bbox 211 919 1794 997; baseline -0.002 -21"><span class='ocrx_word' id='word_1_80' title='bbox 211 923 458 997; x_wconf 67' lang='grc' dir='ltr'><strong>περιέλῃ,</strong></span> <span class='ocrx_word' id='word_1_81' title='bbox 496 924 591 976; x_wconf 75' lang='grc' dir='ltr'><strong>καὶ</strong></span> <span class='ocrx_word' id='word_1_82' title='bbox 622 924 699 993; x_wconf 72' lang='grc' dir='ltr'><strong>μὴ</strong></span> <span class='ocrx_word' id='word_1_83' title='bbox 731 922 899 994; x_wconf 71' lang='grc' dir='ltr'><strong>ἔχωσι</strong></span> <span class='ocrx_word' id='word_1_84' title='bbox 928 922 1110 989; x_wconf 77' lang='grc' dir='ltr'><strong>λέγειν</strong></span> <span class='ocrx_word' id='word_1_85' title='bbox 1145 919 1393 991; x_wconf 80' lang='grc' dir='ltr'><strong>ὕστερον,</strong></span> <span class='ocrx_word' id='word_1_86' title='bbox 1420 923 1528 983; x_wconf 81' lang='grc' dir='ltr'><strong>ὅτι.</strong></span> <span class='ocrx_word' id='word_1_87' title='bbox 1579 919 1794 985; x_wconf 79' lang='grc' dir='ltr'><strong>Ἐδεξά-</strong></span> 
     </span>
    </p>
   </div>
   <div class='ocr_carea' id='block_1_13' title="bbox 1897 915 3488 997">
    <p class='ocr_par' dir='ltr' id='par_1_13' title="bbox 1897 915 3488 986">
     <span class='ocr_line' id='line_1_13' title="bbox 1897 915 3488 986; baseline -0.003 -16"><span class='ocrx_word' id='word_1_88' title='bbox 1897 915 2161 973; x_wconf 87' lang='lat' dir='ltr'><strong>misisset.</strong></span> <span class='ocrx_word' id='word_1_89' title='bbox 2194 916 2420 972; x_wconf 86' lang='lat' dir='ltr'><strong>Interim</strong></span> <span class='ocrx_word' id='word_1_90' title='bbox 2454 927 2509 972; x_wconf 87' lang='lat' dir='ltr'><strong>et</strong></span> <span class='ocrx_word' id='word_1_91' title='bbox 2544 916 2833 986; x_wconf 88' lang='lat' dir='ltr'><strong>discipulis</strong></span> <span class='ocrx_word' id='word_1_92' title='bbox 2862 915 2982 986; x_wconf 87' lang='lat' dir='ltr'><strong>ejus</strong></span> <span class='ocrx_word' id='word_1_93' title='bbox 3013 916 3146 970; x_wconf 92' lang='lat' dir='ltr'><strong>utile</strong></span> <span class='ocrx_word' id='word_1_94' title='bbox 3198 917 3303 971; x_wconf 90' lang='lat' dir='ltr'><strong>hoc</strong></span> <span class='ocrx_word' id='word_1_95' title='bbox 3346 925 3488 980; x_wconf 88' lang='lat' dir='ltr'><strong>erat,</strong></span> 
     </span>
    </p>
   </div>
   <div class='ocr_carea' id='block_1_14' title="bbox 213 1005 1804 1085">
    <p class='ocr_par' dir='ltr' id='par_1_14' title="bbox 213 1012 1792 1085">
     <span class='ocr_line' id='line_1_14' title="bbox 213 1012 1792 1085; baseline -0.002 -17"><span class='ocrx_word' id='word_1_96' title='bbox 213 1015 353 1085; x_wconf 74' lang='grc' dir='ltr'><strong>μεθα</strong></span> <span class='ocrx_word' id='word_1_97' title='bbox 391 1016 459 1069; x_wconf 82' lang='grc' dir='ltr'><strong>ἂν</strong></span> <span class='ocrx_word' id='word_1_98' title='bbox 490 1014 655 1067; x_wconf 74' lang='grc' dir='ltr'><strong>αὐτὸν</strong></span> <span class='ocrx_word' id='word_1_99' title='bbox 696 1016 745 1068; x_wconf 77' lang='grc' dir='ltr'><strong>εἰ</strong></span> <span class='ocrx_word' id='word_1_100' title='bbox 785 1012 1074 1068; x_wconf 83' lang='grc' dir='ltr'><strong>ἀπέστειλέ</strong></span> <span class='ocrx_word' id='word_1_101' title='bbox 1097 1030 1251 1076; x_wconf 86' lang='grc' dir='ltr'><strong>τινας</strong></span> <span class='ocrx_word' id='word_1_102' title='bbox 1282 1012 1388 1084; x_wconf 79' lang='grc' dir='ltr'><strong>πρὸ</strong></span> <span class='ocrx_word' id='word_1_103' title='bbox 1415 1012 1604 1067; x_wconf 78' lang='grc' dir='ltr'><strong>αὑτοῦ.</strong></span> <span class='ocrx_word' id='word_1_104' title='bbox 1640 1012 1792 1081; x_wconf 72' lang='grc' dir='ltr'><strong>Ἅμα</strong></span> 
     </span>
    </p>
   </div>
   <div class='ocr_carea' id='block_1_15' title="bbox 1900 1005 3491 1085">
    <p class='ocr_par' dir='ltr' id='par_1_15' title="bbox 1900 1005 3491 1078">
     <span class='ocr_line' id='line_1_15' title="bbox 1900 1005 3491 1078; baseline -0.002 -15"><span class='ocrx_word' id='word_1_105' title='bbox 1900 1018 1957 1063; x_wconf 84' lang='grc' dir='ltr'><strong>ιιι</strong></span> <span class='ocrx_word' id='word_1_106' title='bbox 1998 1008 2271 1075; x_wconf 90' lang='lat' dir='ltr'><strong>videntes,</strong></span> <span class='ocrx_word' id='word_1_107' title='bbox 2302 1017 2491 1078; x_wconf 84' lang='lat' dir='ltr'><strong>postea</strong></span> <span class='ocrx_word' id='word_1_108' title='bbox 2522 1008 2575 1062; x_wconf 89' lang='lat' dir='ltr'><strong>in</strong></span> <span class='ocrx_word' id='word_1_109' title='bbox 2604 1023 2770 1063; x_wconf 86' lang='lat' dir='ltr'><strong>cruce</strong></span> <span class='ocrx_word' id='word_1_110' title='bbox 2817 1007 2890 1060; x_wconf 91' lang='lat' dir='ltr'><strong>illi</strong></span> <span class='ocrx_word' id='word_1_111' title='bbox 2925 1005 3278 1077; x_wconf 70' lang='lat' dir='ltr'><strong>opprobrari,</strong></span> <span class='ocrx_word' id='word_1_112' title='bbox 3312 1006 3491 1060; x_wconf 87' lang='lat' dir='ltr'><strong>minus</strong></span> 
     </span>
    </p>
   </div>
   <div class='ocr_carea' id='block_1_16' title="bbox 208 1098 1799 1177">
    <p class='ocr_par' dir='ltr' id='par_1_16' title="bbox 208 1103 1793 1177">
     <span class='ocr_line' id='line_1_16' title="bbox 208 1103 1793 1177; baseline -0.001 -20"><span class='ocrx_word' id='word_1_113' title='bbox 208 1105 264 1159; x_wconf 70' lang='grc' dir='ltr'><strong>δὲ</strong></span> <span class='ocrx_word' id='word_1_114' title='bbox 296 1106 393 1159; x_wconf 77' lang='grc' dir='ltr'><strong>καὶ</strong></span> <span class='ocrx_word' id='word_1_115' title='bbox 427 1106 554 1169; x_wconf 77' lang='grc' dir='ltr'><strong>τοὺς</strong></span> <span class='ocrx_word' id='word_1_116' title='bbox 585 1105 832 1177; x_wconf 79' lang='grc' dir='ltr'><strong>μαθητὰς</strong></span> <span class='ocrx_word' id='word_1_117' title='bbox 856 1104 1023 1159; x_wconf 82' lang='grc' dir='ltr'><strong>αὑτοῦ</strong></span> <span class='ocrx_word' id='word_1_118' title='bbox 1044 1103 1297 1172; x_wconf 79' lang='grc' dir='ltr'><strong>ὠφελῶν,</strong></span> <span class='ocrx_word' id='word_1_119' title='bbox 1330 1105 1416 1159; x_wconf 78' lang='grc' dir='ltr'><strong>ἵνα</strong></span> <span class='ocrx_word' id='word_1_120' title='bbox 1441 1103 1518 1173; x_wconf 78' lang='grc' dir='ltr'><strong>μὴ</strong></span> <span class='ocrx_word' id='word_1_121' title='bbox 1562 1104 1793 1158; x_wconf 87' lang='grc' dir='ltr'><strong>σκανδα-</strong></span> 
     </span>
    </p>
   </div>
   <div class='ocr_carea' id='block_1_17' title="bbox 1903 1098 3494 1177">
    <p class='ocr_par' dir='ltr' id='par_1_17' title="bbox 1903 1098 3494 1169">
     <span class='ocr_line' id='line_1_17' title="bbox 1903 1098 3494 1169; baseline -0.002 -15"><span class='ocrx_word' id='word_1_122' title='bbox 1903 1099 2424 1165; x_wconf 76' lang='lat' dir='ltr'><strong>tcandalizarentur,</strong></span> <span class='ocrx_word' id='word_1_123' title='bbox 2485 1100 2582 1156; x_wconf 89' lang='lat' dir='ltr'><strong>sed</strong></span> <span class='ocrx_word' id='word_1_124' title='bbox 2613 1114 2680 1156; x_wconf 86' lang='lat' dir='ltr'><strong>ex</strong></span> <span class='ocrx_word' id='word_1_125' title='bbox 2714 1100 2815 1155; x_wconf 89' lang='lat' dir='ltr'><strong>hoc</strong></span> <span class='ocrx_word' id='word_1_126' title='bbox 2838 1098 2986 1154; x_wconf 72' lang='lat' dir='ltr'><strong>facto</strong></span> <span class='ocrx_word' id='word_1_127' title='bbox 3009 1098 3186 1169; x_wconf 73' lang='lat' dir='ltr'><strong>magis</strong></span> <span class='ocrx_word' id='word_1_128' title='bbox 3213 1098 3494 1153; x_wconf 73' lang='lat' dir='ltr'><strong>discerent</strong></span> 
     </span>
    </p>
   </div>
   <div class='ocr_carea' id='block_1_18' title="bbox 205 1188 1796 1265">
    <p class='ocr_par' dir='ltr' id='par_1_18' title="bbox 205 1190 1791 1265">
     <span class='ocr_line' id='line_1_18' title="bbox 205 1190 1791 1265; baseline 0.002 -22"><span class='ocrx_word' id='word_1_129' title='bbox 205 1190 487 1254; x_wconf 78' lang='grc' dir='ltr'><strong>λισθῶσιν,</strong></span> <span class='ocrx_word' id='word_1_130' title='bbox 529 1193 589 1246; x_wconf 81' lang='grc' dir='ltr'><strong>ὲν</strong></span> <span class='ocrx_word' id='word_1_131' title='bbox 616 1192 695 1263; x_wconf 84' lang='grc' dir='ltr'><strong>τῷ</strong></span> <span class='ocrx_word' id='word_1_132' title='bbox 730 1192 954 1263; x_wconf 82' lang='grc' dir='ltr'><strong>σταυρῷ</strong></span> <span class='ocrx_word' id='word_1_133' title='bbox 1000 1192 1166 1246; x_wconf 69' lang='grc' dir='ltr'><strong>αὑτὸν</strong></span> <span class='ocrx_word' id='word_1_134' title='bbox 1204 1194 1444 1265; x_wconf 83' lang='grc' dir='ltr'><strong>ὁρῶντες</strong></span> <span class='ocrx_word' id='word_1_135' title='bbox 1488 1192 1791 1261; x_wconf 76' lang='grc' dir='ltr'><strong>ὑϐριζόμε-</strong></span> 
     </span>
    </p>
   </div>
   <div class='ocr_carea' id='block_1_19' title="bbox 1899 1188 3490 1265">
    <p class='ocr_par' dir='ltr' id='par_1_19' title="bbox 1899 1188 3490 1265">
     <span class='ocr_line' id='line_1_19' title="bbox 1899 1188 3490 1265; baseline -0.001 -20"><span class='ocrx_word' id='word_1_136' title='bbox 1899 1194 2059 1265; x_wconf 84' lang='lat' dir='ltr'><strong>quod,</strong></span> <span class='ocrx_word' id='word_1_137' title='bbox 2095 1195 2236 1249; x_wconf 89' lang='lat' dir='ltr'><strong>sicut</strong></span> <span class='ocrx_word' id='word_1_138' title='bbox 2276 1208 2421 1248; x_wconf 85' lang='lat' dir='ltr'><strong>nunc</strong></span> <span class='ocrx_word' id='word_1_139' title='bbox 2452 1202 2798 1263; x_wconf 78' lang='lat' dir='ltr'><strong>contemptus</strong></span> <span class='ocrx_word' id='word_1_140' title='bbox 2825 1207 2855 1245; x_wconf 83' lang='lat' dir='ltr'><strong>a</strong></span> <span class='ocrx_word' id='word_1_141' title='bbox 2878 1190 3240 1247; x_wconf 86' lang='lat' dir='ltr'><strong>Samaritanis</strong></span> <span class='ocrx_word' id='word_1_142' title='bbox 3272 1188 3490 1259; x_wconf 86' lang='lat' dir='ltr'><strong>patien-</strong></span> 
     </span>
    </p>
   </div>
   <div class='ocr_carea' id='block_1_20' title="bbox 206 1281 1797 1356">
    <p class='ocr_par' dir='ltr' id='par_1_20' title="bbox 206 1281 1792 1354">
     <span class='ocr_line' id='line_1_20' title="bbox 206 1281 1792 1354; baseline 0.003 -21"><span class='ocrx_word' id='word_1_143' title='bbox 206 1300 316 1340; x_wconf 82' lang='grc' dir='ltr'><strong>νον.</strong></span> <span class='ocrx_word' id='word_1_144' title='bbox 365 1281 507 1337; x_wconf 82' lang='grc' dir='ltr'><strong>Ἀλλ’</strong></span> <span class='ocrx_word' id='word_1_145' title='bbox 533 1283 641 1336; x_wconf 80' lang='grc' dir='ltr'><strong>ἀπὸ</strong></span> <span class='ocrx_word' id='word_1_146' title='bbox 668 1281 860 1336; x_wconf 87' lang='grc' dir='ltr'><strong>τούτου</strong></span> <span class='ocrx_word' id='word_1_147' title='bbox 913 1283 1009 1336; x_wconf 80' lang='grc' dir='ltr'><strong>τοῦ</strong></span> <span class='ocrx_word' id='word_1_148' title='bbox 1037 1283 1133 1337; x_wconf 83' lang='grc' dir='ltr'><strong>νῦν</strong></span> <span class='ocrx_word' id='word_1_149' title='bbox 1178 1283 1447 1354; x_wconf 84' lang='grc' dir='ltr'><strong>μάθωσιν,</strong></span> <span class='ocrx_word' id='word_1_150' title='bbox 1476 1285 1561 1338; x_wconf 88' lang='grc' dir='ltr'><strong>ὅτι</strong></span> <span class='ocrx_word' id='word_1_151' title='bbox 1598 1284 1792 1354; x_wconf 86' lang='grc' dir='ltr'><strong>ῶσπερ</strong></span> 
     </span>
    </p>
   </div>
   <div class='ocr_carea' id='block_1_21' title="bbox 1902 1281 3493 1356">
    <p class='ocr_par' dir='ltr' id='par_1_21' title="bbox 1902 1282 3493 1356">
     <span class='ocr_line' id='line_1_21' title="bbox 1902 1282 3493 1356; baseline -0.002 -18"><span class='ocrx_word' id='word_1_152' title='bbox 1902 1295 1979 1340; x_wconf 89' lang='lat' dir='ltr'><strong>ter</strong></span> <span class='ocrx_word' id='word_1_153' title='bbox 2003 1286 2149 1354; x_wconf 86' lang='lat' dir='ltr'><strong>tulit,</strong></span> <span class='ocrx_word' id='word_1_154' title='bbox 2177 1296 2347 1355; x_wconf 84' lang='lat' dir='ltr'><strong>atque</strong></span> <span class='ocrx_word' id='word_1_155' title='bbox 2387 1282 2688 1354; x_wconf 87' lang='lat' dir='ltr'><strong>discipulos</strong></span> <span class='ocrx_word' id='word_1_156' title='bbox 2720 1283 2888 1356; x_wconf 65' lang='grc'><strong>340</strong></span> <span class='ocrx_word' id='word_1_157' title='bbox 2919 1282 3225 1353; x_wconf 89' lang='lat' dir='ltr'><strong>increpavit</strong></span> <span class='ocrx_word' id='word_1_158' title='bbox 3259 1296 3493 1351; x_wconf 76' lang='lat' dir='ltr'><strong>exaspe-</strong></span> 
     </span>
    </p>
   </div>
   <div class='ocr_carea' id='block_1_22' title="bbox 206 1374 1797 1445">
    <p class='ocr_par' dir='ltr' id='par_1_22' title="bbox 206 1374 1792 1445">
     <span class='ocr_line' id='line_1_22' title="bbox 206 1374 1792 1445; baseline 0.002 -18"><span class='ocrx_word' id='word_1_159' title='bbox 206 1374 301 1427; x_wconf 81' lang='grc' dir='ltr'><strong>νῦν</strong></span> <span class='ocrx_word' id='word_1_160' title='bbox 328 1374 767 1444; x_wconf 70' lang='grc' dir='ltr'><strong>καταφρονηθεὶς</strong></span> <span class='ocrx_word' id='word_1_161' title='bbox 805 1377 959 1445; x_wconf 83' lang='grc' dir='ltr'><strong>παρά</strong></span> <span class='ocrx_word' id='word_1_162' title='bbox 986 1374 1099 1428; x_wconf 81' lang='grc' dir='ltr'><strong>τῶν</strong></span> <span class='ocrx_word' id='word_1_163' title='bbox 1126 1376 1509 1445; x_wconf 82' lang='grc' dir='ltr'><strong>Σαμαρειτῶν,</strong></span> <span class='ocrx_word' id='word_1_164' title='bbox 1536 1377 1792 1443; x_wconf 60' lang='lat' dir='ltr'><strong>augem-</strong></span> 
     </span>
    </p>
   </div>
   <div class='ocr_carea' id='block_1_23' title="bbox 1899 1374 3490 1445">
    <p class='ocr_par' dir='ltr' id='par_1_23' title="bbox 1899 1374 3490 1440">
     <span class='ocr_line' id='line_1_23' title="bbox 1899 1374 3490 1440; baseline -0.003 -10"><span class='ocrx_word' id='word_1_165' title='bbox 1899 1387 2079 1431; x_wconf 89' lang='lat' dir='ltr'><strong>rantes</strong></span> <span class='ocrx_word' id='word_1_166' title='bbox 2109 1391 2234 1431; x_wconf 88' lang='lat' dir='ltr'><strong>cum</strong></span> <span class='ocrx_word' id='word_1_167' title='bbox 2287 1387 2479 1431; x_wconf 85' lang='lat' dir='ltr'><strong>contra</strong></span> <span class='ocrx_word' id='word_1_168' title='bbox 2512 1375 2966 1440; x_wconf 70' lang='lat' dir='ltr'><strong>crmtumrliosos,</strong></span> <span class='ocrx_word' id='word_1_169' title='bbox 2998 1374 3071 1429; x_wconf 82' lang='lat' dir='ltr'><strong>ita</strong></span> <span class='ocrx_word' id='word_1_170' title='bbox 3116 1384 3173 1429; x_wconf 87' lang='lat' dir='ltr'><strong>et</strong></span> <span class='ocrx_word' id='word_1_171' title='bbox 3209 1381 3340 1427; x_wconf 91' lang='lat' dir='ltr'><strong>tuuc</strong></span> <span class='ocrx_word' id='word_1_172' title='bbox 3364 1388 3490 1426; x_wconf 85' lang='lat' dir='ltr'><strong>cum</strong></span> 
     </span>
    </p>
   </div>
   <div class='ocr_carea' id='block_1_24' title="bbox 205 1464 1796 1540">
    <p class='ocr_par' dir='ltr' id='par_1_24' title="bbox 205 1464 1791 1537">
     <span class='ocr_line' id='line_1_24' title="bbox 205 1464 1791 1537; baseline 0.001 -20"><span class='ocrx_word' id='word_1_173' title='bbox 205 1482 317 1527; x_wconf 85' lang='grc' dir='ltr'><strong>κως</strong></span> <span class='ocrx_word' id='word_1_174' title='bbox 348 1465 575 1534; x_wconf 70' lang='grc' dir='ltr'><strong>ἤνεγκε,</strong></span> <span class='ocrx_word' id='word_1_175' title='bbox 604 1464 805 1535; x_wconf 81' lang='grc' dir='ltr'><strong>μᾶλλον</strong></span> <span class='ocrx_word' id='word_1_176' title='bbox 838 1467 898 1520; x_wconf 71' lang='grc' dir='ltr'><strong>δὲ</strong></span> <span class='ocrx_word' id='word_1_177' title='bbox 947 1466 1043 1534; x_wconf 70' lang='grc' dir='ltr'><strong>καὶ</strong></span> <span class='ocrx_word' id='word_1_178' title='bbox 1082 1468 1267 1531; x_wconf 78' lang='grc' dir='ltr'><strong>αὐτοῖς</strong></span> <span class='ocrx_word' id='word_1_179' title='bbox 1318 1467 1626 1537; x_wconf 71' lang='grc' dir='ltr'><strong>ἐπετίμησε</strong></span> <span class='ocrx_word' id='word_1_180' title='bbox 1677 1469 1791 1530; x_wconf 83' lang='grc' dir='ltr'><strong>τοῖς</strong></span> 
     </span>
    </p>
   </div>
   <div class='ocr_carea' id='block_1_25' title="bbox 1901 1464 3492 1540">
    <p class='ocr_par' dir='ltr' id='par_1_25' title="bbox 1901 1465 3492 1540">
     <span class='ocr_line' id='line_1_25' title="bbox 1901 1465 3492 1540; baseline -0.003 -18"><span class='ocrx_word' id='word_1_181' title='bbox 1901 1468 2336 1540; x_wconf 77' lang='lat' dir='ltr'><strong>cruciﬁgeretur,</strong></span> <span class='ocrx_word' id='word_1_182' title='bbox 2369 1484 2475 1522; x_wconf 90' lang='lat' dir='ltr'><strong>non</strong></span> <span class='ocrx_word' id='word_1_183' title='bbox 2505 1477 2565 1523; x_wconf 87' lang='lat' dir='ltr'><strong>ut.</strong></span> <span class='ocrx_word' id='word_1_184' title='bbox 2597 1470 2891 1537; x_wconf 87' lang='lat' dir='ltr'><strong>impotens,</strong></span> <span class='ocrx_word' id='word_1_185' title='bbox 2928 1468 3024 1523; x_wconf 85' lang='lat' dir='ltr'><strong>sed</strong></span> <span class='ocrx_word' id='word_1_186' title='bbox 3053 1476 3112 1520; x_wconf 92' lang='lat' dir='ltr'><strong>ut</strong></span> <span class='ocrx_word' id='word_1_187' title='bbox 3155 1465 3492 1536; x_wconf 75' lang='lat' dir='ltr'><strong>longanimis</strong></span> 
     </span>
    </p>
   </div>
   <div class='ocr_carea' id='block_1_26' title="bbox 206 1555 1797 1630">
    <p class='ocr_par' dir='ltr' id='par_1_26' title="bbox 206 1555 1789 1630">
     <span class='ocr_line' id='line_1_26' title="bbox 206 1555 1789 1630; baseline 0.003 -25"><span class='ocrx_word' id='word_1_188' title='bbox 206 1555 481 1626; x_wconf 63' lang='grc' dir='ltr'><strong>μαθηταῖς</strong></span> <span class='ocrx_word' id='word_1_189' title='bbox 511 1556 914 1629; x_wconf 79' lang='grc' dir='ltr'><strong>παροξύνουσιν</strong></span> <span class='ocrx_word' id='word_1_190' title='bbox 955 1558 1119 1612; x_wconf 77' lang='grc' dir='ltr'><strong>αὐτὸν</strong></span> <span class='ocrx_word' id='word_1_191' title='bbox 1165 1558 1309 1612; x_wconf 86' lang='grc' dir='ltr'><strong>κατά</strong></span> <span class='ocrx_word' id='word_1_192' title='bbox 1340 1559 1453 1613; x_wconf 82' lang='grc' dir='ltr'><strong>τῶν</strong></span> <span class='ocrx_word' id='word_1_193' title='bbox 1491 1558 1789 1630; x_wconf 79' lang='grc' dir='ltr'><strong>ὑϐριστῶν,</strong></span> 
     </span>
    </p>
   </div>
   <div class='ocr_carea' id='block_1_27' title="bbox 1899 1555 3490 1630">
    <p class='ocr_par' dir='ltr' id='par_1_27' title="bbox 1899 1556 3490 1628">
     <span class='ocr_line' id='line_1_27' title="bbox 1899 1556 3490 1628; baseline -0.001 -15"><span class='ocrx_word' id='word_1_194' title='bbox 1899 1558 2055 1615; x_wconf 84' lang='lat' dir='ltr'><strong>lerat.</strong></span> <span class='ocrx_word' id='word_1_195' title='bbox 2098 1560 2329 1615; x_wconf 84' lang='lat' dir='ltr'><strong>Prodest</strong></span> <span class='ocrx_word' id='word_1_196' title='bbox 2370 1559 2625 1614; x_wconf 84' lang='lat' dir='ltr'><strong>etiamin</strong></span> <span class='ocrx_word' id='word_1_197' title='bbox 2680 1560 2786 1615; x_wconf 88' lang='lat' dir='ltr'><strong>hoc</strong></span> <span class='ocrx_word' id='word_1_198' title='bbox 2834 1559 3141 1628; x_wconf 88' lang='lat' dir='ltr'><strong>discipulis,</strong></span> <span class='ocrx_word' id='word_1_199' title='bbox 3190 1560 3333 1628; x_wconf 89' lang='lat' dir='ltr'><strong>quod</strong></span> <span class='ocrx_word' id='word_1_200' title='bbox 3370 1556 3490 1611; x_wconf 86' lang='lat' dir='ltr'><strong>illos</strong></span> 
     </span>
    </p>
   </div>
   <div class='ocr_carea' id='block_1_28' title="bbox 204 1647 1795 1726">
    <p class='ocr_par' dir='ltr' id='par_1_28' title="bbox 204 1647 1790 1721">
     <span class='ocr_line' id='line_1_28' title="bbox 204 1647 1790 1721; baseline 0 -20"><span class='ocrx_word' id='word_1_201' title='bbox 204 1648 350 1703; x_wconf 75' lang='grc' dir='ltr'><strong>οὕτω</strong></span> <span class='ocrx_word' id='word_1_202' title='bbox 373 1649 469 1702; x_wconf 69' lang='grc' dir='ltr'><strong>καὶ</strong></span> <span class='ocrx_word' id='word_1_203' title='bbox 495 1651 614 1703; x_wconf 83' lang='grc' dir='ltr'><strong>τότε</strong></span> <span class='ocrx_word' id='word_1_204' title='bbox 645 1650 1077 1721; x_wconf 86' lang='grc' dir='ltr'><strong>σταυρούμενος,</strong></span> <span class='ocrx_word' id='word_1_205' title='bbox 1109 1650 1208 1720; x_wconf 79' lang='grc' dir='ltr'><strong>οὐχ</strong></span> <span class='ocrx_word' id='word_1_206' title='bbox 1246 1649 1323 1713; x_wconf 81' lang='grc' dir='ltr'><strong>ὡς</strong></span> <span class='ocrx_word' id='word_1_207' title='bbox 1356 1648 1642 1712; x_wconf 87' lang='grc' dir='ltr'><strong>ἀδύνατος,</strong></span> <span class='ocrx_word' id='word_1_208' title='bbox 1672 1647 1790 1701; x_wconf 79' lang='grc' dir='ltr'><strong>ἀλλ’</strong></span> 
     </span>
    </p>
   </div>
   <div class='ocr_carea' id='block_1_29' title="bbox 1898 1647 3489 1726">
    <p class='ocr_par' dir='ltr' id='par_1_29' title="bbox 1898 1651 3489 1726">
     <span class='ocr_line' id='line_1_29' title="bbox 1898 1651 3489 1726; baseline -0.003 -17"><span class='ocrx_word' id='word_1_209' title='bbox 1898 1669 1989 1709; x_wconf 84' lang='lat' dir='ltr'><strong>suo</strong></span> <span class='ocrx_word' id='word_1_210' title='bbox 2018 1655 2269 1726; x_wconf 85' lang='lat' dir='ltr'><strong>exemplo</strong></span> <span class='ocrx_word' id='word_1_211' title='bbox 2317 1656 2477 1710; x_wconf 81' lang='lat' dir='ltr'><strong>docet</strong></span> <span class='ocrx_word' id='word_1_212' title='bbox 2528 1656 2801 1726; x_wconf 81' lang='lat' dir='ltr'><strong>patientes</strong></span> <span class='ocrx_word' id='word_1_213' title='bbox 2831 1667 2973 1710; x_wconf 81' lang='lat' dir='ltr'><strong>esse.</strong></span> <span class='ocrx_word' id='word_1_214' title='bbox 3028 1652 3107 1707; x_wconf 86' lang='lat' dir='ltr'><strong>illi</strong></span> <span class='ocrx_word' id='word_1_215' title='bbox 3153 1653 3373 1724; x_wconf 80' lang='lat' dir='ltr'><strong>quidem</strong></span> <span class='ocrx_word' id='word_1_216' title='bbox 3420 1651 3489 1706; x_wconf 88' lang='lat' dir='ltr'><strong>ad</strong></span> 
     </span>
    </p>
   </div>
   <div class='ocr_carea' id='block_1_30' title="bbox 204 1740 1795 1817">
    <p class='ocr_par' dir='ltr' id='par_1_30' title="bbox 204 1740 1788 1813">
     <span class='ocr_line' id='line_1_30' title="bbox 204 1740 1788 1813; baseline 0 -20"><span class='ocrx_word' id='word_1_217' title='bbox 204 1740 281 1804; x_wconf 84' lang='grc' dir='ltr'><strong>ὡς</strong></span> <span class='ocrx_word' id='word_1_218' title='bbox 322 1741 677 1812; x_wconf 83' lang='grc' dir='ltr'><strong>μακρόθυμος</strong></span> <span class='ocrx_word' id='word_1_219' title='bbox 716 1740 899 1813; x_wconf 82' lang='grc' dir='ltr'><strong>φέρει.</strong></span> <span class='ocrx_word' id='word_1_220' title='bbox 962 1740 1177 1811; x_wconf 77' lang='grc' dir='ltr'><strong>Ὠφελετ</strong></span> <span class='ocrx_word' id='word_1_221' title='bbox 1224 1741 1282 1795; x_wconf 71' lang='grc' dir='ltr'><strong>δὲ</strong></span> <span class='ocrx_word' id='word_1_222' title='bbox 1334 1741 1463 1805; x_wconf 76' lang='grc' dir='ltr'><strong>τοὺς</strong></span> <span class='ocrx_word' id='word_1_223' title='bbox 1517 1740 1788 1811; x_wconf 74' lang='grc' dir='ltr'><strong>μαθητὰς,</strong></span> 
     </span>
    </p>
   </div>
   <div class='ocr_carea' id='block_1_31' title="bbox 1897 1740 3488 1817">
    <p class='ocr_par' dir='ltr' id='par_1_31' title="bbox 1897 1745 3488 1817">
     <span class='ocr_line' id='line_1_31' title="bbox 1897 1745 3488 1817; baseline -0.005 -15"><span class='ocrx_word' id='word_1_224' title='bbox 1897 1747 2068 1802; x_wconf 85' lang='lat' dir='ltr'><strong>Eliam</strong></span> <span class='ocrx_word' id='word_1_225' title='bbox 2103 1747 2487 1817; x_wconf 85' lang='lat' dir='ltr'><strong>respicientes,</strong></span> <span class='ocrx_word' id='word_1_226' title='bbox 2524 1748 2616 1816; x_wconf 90' lang='lat' dir='ltr'><strong>qui</strong></span> <span class='ocrx_word' id='word_1_227' title='bbox 2648 1747 2730 1801; x_wconf 86' lang='lat' dir='ltr'><strong>his</strong></span> <span class='ocrx_word' id='word_1_228' title='bbox 2758 1746 3155 1817; x_wconf 69' lang='lat' dir='ltr'><strong>quinquaginta</strong></span> <span class='ocrx_word' id='word_1_229' title='bbox 3187 1745 3337 1800; x_wconf 84' lang='lat' dir='ltr'><strong>viros</strong></span> <span class='ocrx_word' id='word_1_230' title='bbox 3364 1758 3488 1797; x_wconf 86' lang='lat' dir='ltr'><strong>cum</strong></span> 
     </span>
    </p>
   </div>
   <div class='ocr_carea' id='block_1_32' title="bbox 200 1818 1791 1910">
    <p class='ocr_par' dir='ltr' id='par_1_32' title="bbox 200 1831 1787 1895">
     <span class='ocr_line' id='line_1_32' title="bbox 200 1831 1787 1895; baseline 0.001 -12"><span class='ocrx_word' id='word_1_231' title='bbox 200 1832 295 1883; x_wconf 68' lang='lat' dir='ltr'><strong>an&quot;.</strong></span> <span class='ocrx_word' id='word_1_232' title='bbox 330 1831 467 1884; x_wconf 75' lang='grc' dir='ltr'><strong>καθὸ</strong></span> <span class='ocrx_word' id='word_1_233' title='bbox 496 1831 735 1885; x_wconf 75' lang='grc' dir='ltr'><strong>διδάσκει</strong></span> <span class='ocrx_word' id='word_1_234' title='bbox 768 1832 971 1895; x_wconf 75' lang='grc' dir='ltr'><strong>αὐτοὺς</strong></span> <span class='ocrx_word' id='word_1_235' title='bbox 1014 1835 1078 1886; x_wconf 74' lang='grc' dir='ltr'><strong>ὲκ</strong></span> <span class='ocrx_word' id='word_1_236' title='bbox 1124 1832 1219 1887; x_wconf 69' lang='grc' dir='ltr'><strong>τοῦ</strong></span> <span class='ocrx_word' id='word_1_237' title='bbox 1253 1832 1377 1885; x_wconf 85' lang='grc' dir='ltr'><strong>καθ’</strong></span> <span class='ocrx_word' id='word_1_238' title='bbox 1428 1833 1597 1885; x_wconf 81' lang='grc' dir='ltr'><strong>αὑτὸν</strong></span> <span class='ocrx_word' id='word_1_239' title='bbox 1651 1832 1787 1885; x_wconf 81' lang='grc' dir='ltr'><strong>ὐπο-</strong></span> 
     </span>
    </p>
   </div>
   <div class='ocr_carea' id='block_1_33' title="bbox 1901 1818 3492 1910">
    <p class='ocr_par' dir='ltr' id='par_1_33' title="bbox 1901 1838 3492 1910">
     <span class='ocr_line' id='line_1_33' title="bbox 1901 1838 3492 1910; baseline -0.004 -16"><span class='ocrx_word' id='word_1_240' title='bbox 1901 1840 2396 1910; x_wconf 73' lang='lat' dir='ltr'><strong>quiuquagenariis</strong></span> <span class='ocrx_word' id='word_1_241' title='bbox 2449 1838 2790 1910; x_wconf 84' lang='lat' dir='ltr'><strong>principibus</strong></span> <span class='ocrx_word' id='word_1_242' title='bbox 2820 1849 3134 1901; x_wconf 70' lang='lat' dir='ltr'><strong>excusserat,</strong></span> <span class='ocrx_word' id='word_1_243' title='bbox 3193 1850 3492 1907; x_wconf 83' lang='lat' dir='ltr'><strong>exaspera-</strong></span> 
     </span>
    </p>
   </div>
   <div class='ocr_carea' id='block_1_34' title="bbox 202 1919 1793 1999">
    <p class='ocr_par' dir='ltr' id='par_1_34' title="bbox 202 1919 1787 1995">
     <span class='ocr_line' id='line_1_34' title="bbox 202 1919 1787 1995; baseline 0 -20"><span class='ocrx_word' id='word_1_244' title='bbox 202 1922 521 1991; x_wconf 76' lang='grc' dir='ltr'><strong>δείγματος,</strong></span> <span class='ocrx_word' id='word_1_245' title='bbox 552 1923 913 1989; x_wconf 74' lang='grc' dir='ltr'><strong>ἀνεξικάκως</strong></span> <span class='ocrx_word' id='word_1_246' title='bbox 940 1919 1103 1979; x_wconf 85' lang='grc' dir='ltr'><strong>εἶναι.</strong></span> <span class='ocrx_word' id='word_1_247' title='bbox 1155 1924 1324 1978; x_wconf 73' lang='grc' dir='ltr'><strong>Αὐτοὶ</strong></span> <span class='ocrx_word' id='word_1_248' title='bbox 1358 1924 1459 1992; x_wconf 76' lang='grc' dir='ltr'><strong>μὲν</strong></span> <span class='ocrx_word' id='word_1_249' title='bbox 1497 1923 1608 1993; x_wconf 82' lang='grc' dir='ltr'><strong>γὰρ</strong></span> <span class='ocrx_word' id='word_1_250' title='bbox 1650 1924 1787 1995; x_wconf 71' lang='grc' dir='ltr'><strong>πρὸς</strong></span> 
     </span>
    </p>
   </div>
   <div class='ocr_carea' id='block_1_35' title="bbox 1893 1919 3484 1999">
    <p class='ocr_par' dir='ltr' id='par_1_35' title="bbox 1893 1926 3484 1999">
     <span class='ocr_line' id='line_1_35' title="bbox 1893 1926 3484 1999; baseline -0.003 -14"><span class='ocrx_word' id='word_1_251' title='bbox 1893 1932 2028 1985; x_wconf 87' lang='lat' dir='ltr'><strong>bant</strong></span> <span class='ocrx_word' id='word_1_252' title='bbox 2057 1929 2345 1986; x_wconf 74' lang='lat' dir='ltr'><strong>Doluinum</strong></span> <span class='ocrx_word' id='word_1_253' title='bbox 2380 1940 2567 1987; x_wconf 86' lang='lat' dir='ltr'><strong>contra</strong></span> <span class='ocrx_word' id='word_1_254' title='bbox 2598 1945 2693 1985; x_wconf 75' lang='lat' dir='ltr'><strong>eos</strong></span> <span class='ocrx_word' id='word_1_255' title='bbox 2722 1931 2812 1999; x_wconf 88' lang='lat' dir='ltr'><strong>qui</strong></span> <span class='ocrx_word' id='word_1_256' title='bbox 2846 1944 2907 1985; x_wconf 88' lang='lat' dir='ltr'><strong>se</strong></span> <span class='ocrx_word' id='word_1_257' title='bbox 2927 1930 3129 1996; x_wconf 81' lang='lat' dir='ltr'><strong>iniuria</strong></span> <span class='ocrx_word' id='word_1_258' title='bbox 3154 1926 3484 1982; x_wconf 71' lang='lat' dir='ltr'><strong>aﬂ&#39;eeeranl:</strong></span> 
     </span>
    </p>
   </div>
   <div class='ocr_carea' id='block_1_36' title="bbox 199 2014 1790 2093">
    <p class='ocr_par' dir='ltr' id='par_1_36' title="bbox 199 2014 1788 2089">
     <span class='ocr_line' id='line_1_36' title="bbox 199 2014 1788 2089; baseline 0.004 -23"><span class='ocrx_word' id='word_1_259' title='bbox 199 2014 296 2067; x_wconf 74' lang='grc' dir='ltr'><strong>τὸν</strong></span> <span class='ocrx_word' id='word_1_260' title='bbox 336 2015 526 2068; x_wconf 53' lang='grc' dir='ltr'><strong>Ἤλων</strong></span> <span class='ocrx_word' id='word_1_261' title='bbox 556 2016 895 2086; x_wconf 74' lang='grc' dir='ltr'><strong>ἀφορῶντες,</strong></span> <span class='ocrx_word' id='word_1_262' title='bbox 925 2017 984 2079; x_wconf 80' lang='grc' dir='ltr'><strong>ὃς</strong></span> <span class='ocrx_word' id='word_1_263' title='bbox 1014 2018 1314 2088; x_wconf 77' lang='grc' dir='ltr'><strong>κατέφλεξε</strong></span> <span class='ocrx_word' id='word_1_264' title='bbox 1339 2017 1421 2081; x_wconf 77' lang='grc' dir='ltr'><strong>δὶς</strong></span> <span class='ocrx_word' id='word_1_265' title='bbox 1445 2020 1788 2089; x_wconf 83' lang='grc' dir='ltr'><strong>πεντήκοντα</strong></span> 
     </span>
    </p>
   </div>
   <div class='ocr_carea' id='block_1_37' title="bbox 1900 2014 3491 2093">
    <p class='ocr_par' dir='ltr' id='par_1_37' title="bbox 1900 2018 3491 2093">
     <span class='ocr_line' id='line_1_37' title="bbox 1900 2018 3491 2093; baseline -0.003 -14"><span class='ocrx_word' id='word_1_266' title='bbox 1900 2031 2051 2079; x_wconf 80' lang='lat' dir='ltr'><strong>erant</strong></span> <span class='ocrx_word' id='word_1_267' title='bbox 2099 2024 2245 2078; x_wconf 85' lang='lat' dir='ltr'><strong>enim</strong></span> <span class='ocrx_word' id='word_1_268' title='bbox 2298 2022 2481 2079; x_wconf 86' lang='lat' dir='ltr'><strong>adhuc</strong></span> <span class='ocrx_word' id='word_1_269' title='bbox 2531 2021 2864 2093; x_wconf 78' lang='lat' dir='ltr'><strong>imperfecti.</strong></span> <span class='ocrx_word' id='word_1_270' title='bbox 2916 2021 3187 2079; x_wconf 59' lang='lat' dir='ltr'><strong>Caeterum</strong></span> <span class='ocrx_word' id='word_1_271' title='bbox 3235 2018 3491 2075; x_wconf 82' lang='lat' dir='ltr'><strong>Christus</strong></span> 
     </span>
    </p>
   </div>
   <div class='ocr_carea' id='block_1_38' title="bbox 201 2106 1792 2188">
    <p class='ocr_par' dir='ltr' id='par_1_38' title="bbox 201 2106 1789 2182">
     <span class='ocr_line' id='line_1_38' title="bbox 201 2106 1789 2182; baseline 0.004 -23"><span class='ocrx_word' id='word_1_272' title='bbox 201 2106 405 2176; x_wconf 74' lang='grc' dir='ltr'><strong>ἄνδρας</strong></span> <span class='ocrx_word' id='word_1_273' title='bbox 456 2108 595 2176; x_wconf 87' lang='grc' dir='ltr'><strong>μετά</strong></span> <span class='ocrx_word' id='word_1_274' title='bbox 637 2108 751 2161; x_wconf 86' lang='grc' dir='ltr'><strong>τῶν</strong></span> <span class='ocrx_word' id='word_1_275' title='bbox 780 2110 1296 2180; x_wconf 74' lang='grc' dir='ltr'><strong>πεντηκοντάρχων,</strong></span> <span class='ocrx_word' id='word_1_276' title='bbox 1345 2109 1666 2182; x_wconf 79' lang='grc' dir='ltr'><strong>παρώξυνον</strong></span> <span class='ocrx_word' id='word_1_277' title='bbox 1694 2110 1789 2165; x_wconf 79' lang='grc' dir='ltr'><strong>τὸν</strong></span> 
     </span>
    </p>
   </div>
   <div class='ocr_carea' id='block_1_39' title="bbox 1896 2106 3487 2188">
    <p class='ocr_par' dir='ltr' id='par_1_39' title="bbox 1896 2112 3487 2188">
     <span class='ocr_line' id='line_1_39' title="bbox 1896 2112 3487 2188; baseline -0.003 -17"><span class='ocrx_word' id='word_1_278' title='bbox 1896 2118 2098 2172; x_wconf 87' lang='lat' dir='ltr'><strong>docens</strong></span> <span class='ocrx_word' id='word_1_279' title='bbox 2126 2116 2301 2188; x_wconf 76' lang='lat' dir='ltr'><strong>legem</strong></span> <span class='ocrx_word' id='word_1_280' title='bbox 2334 2130 2494 2172; x_wconf 84' lang='lat' dir='ltr'><strong>suam</strong></span> <span class='ocrx_word' id='word_1_281' title='bbox 2528 2117 2907 2173; x_wconf 83' lang='lat' dir='ltr'><strong>sublimiorem</strong></span> <span class='ocrx_word' id='word_1_282' title='bbox 2945 2130 3109 2186; x_wconf 87' lang='lat' dir='ltr'><strong>quam</strong></span> <span class='ocrx_word' id='word_1_283' title='bbox 3137 2117 3307 2169; x_wconf 85' lang='lat' dir='ltr'><strong>vitam</strong></span> <span class='ocrx_word' id='word_1_284' title='bbox 3334 2112 3487 2179; x_wconf 59' lang='lat' dir='ltr'><strong>Elia,</strong></span> 
     </span>
    </p>
   </div>
   <div class='ocr_carea' id='block_1_40' title="bbox 200 2197 1791 2279">
    <p class='ocr_par' dir='ltr' id='par_1_40' title="bbox 200 2197 1787 2274">
     <span class='ocr_line' id='line_1_40' title="bbox 200 2197 1787 2274; baseline 0.004 -24"><span class='ocrx_word' id='word_1_285' title='bbox 200 2197 410 2267; x_wconf 79' lang='grc' dir='ltr'><strong>Κύριον</strong></span> <span class='ocrx_word' id='word_1_286' title='bbox 426 2200 565 2253; x_wconf 81' lang='grc' dir='ltr'><strong>κατά</strong></span> <span class='ocrx_word' id='word_1_287' title='bbox 592 2199 701 2253; x_wconf 88' lang='grc' dir='ltr'><strong>τῶν</strong></span> <span class='ocrx_word' id='word_1_288' title='bbox 726 2200 1071 2271; x_wconf 72' lang='grc' dir='ltr'><strong>ὑϐρισάντων</strong></span> <span class='ocrx_word' id='word_1_289' title='bbox 1097 2218 1111 2233; x_wconf 72' lang='grc'><strong><em>⁸</em></strong></span> <span class='ocrx_word' id='word_1_290' title='bbox 1138 2201 1220 2255; x_wconf 76' lang='grc' dir='ltr'><strong>ἔτι</strong></span> <span class='ocrx_word' id='word_1_291' title='bbox 1240 2202 1352 2271; x_wconf 76' lang='grc' dir='ltr'><strong>γὰρ</strong></span> <span class='ocrx_word' id='word_1_292' title='bbox 1379 2202 1592 2267; x_wconf 77' lang='grc' dir='ltr'><strong>ἀτελεῖς</strong></span> <span class='ocrx_word' id='word_1_293' title='bbox 1621 2198 1787 2274; x_wconf 79' lang='grc' dir='ltr'><strong>ἦσαν.</strong></span> 
     </span>
    </p>
   </div>
   <div class='ocr_carea' id='block_1_41' title="bbox 1897 2197 3488 2279">
    <p class='ocr_par' dir='ltr' id='par_1_41' title="bbox 1897 2203 3488 2279">
     <span class='ocr_line' id='line_1_41' title="bbox 1897 2203 3488 2279; baseline -0.003 -16"><span class='ocrx_word' id='word_1_294' title='bbox 1897 2208 2143 2279; x_wconf 87' lang='lat' dir='ltr'><strong>increpat</strong></span> <span class='ocrx_word' id='word_1_295' title='bbox 2171 2223 2290 2275; x_wconf 88' lang='lat' dir='ltr'><strong>eos,</strong></span> <span class='ocrx_word' id='word_1_296' title='bbox 2317 2218 2484 2278; x_wconf 88' lang='lat' dir='ltr'><strong>atque</strong></span> <span class='ocrx_word' id='word_1_297' title='bbox 2528 2223 2558 2263; x_wconf 91' lang='lat' dir='ltr'><strong>a</strong></span> <span class='ocrx_word' id='word_1_298' title='bbox 2591 2209 2684 2263; x_wconf 88' lang='lat' dir='ltr'><strong>tali</strong></span> <span class='ocrx_word' id='word_1_299' title='bbox 2732 2208 3005 2264; x_wconf 87' lang='lat' dir='ltr'><strong>sententia</strong></span> <span class='ocrx_word' id='word_1_300' title='bbox 3060 2203 3309 2271; x_wconf 86' lang='lat' dir='ltr'><strong>abducit,</strong></span> <span class='ocrx_word' id='word_1_301' title='bbox 3363 2218 3488 2259; x_wconf 90' lang='lat' dir='ltr'><strong>eum</strong></span> 
     </span>
    </p>
   </div>
   <div class='ocr_carea' id='block_1_42' title="bbox 200 2290 1791 2371">
    <p class='ocr_par' dir='ltr' id='par_1_42' title="bbox 200 2290 1789 2368">
     <span class='ocr_line' id='line_1_42' title="bbox 200 2290 1789 2368; baseline 0.004 -24"><span class='ocrx_word' id='word_1_302' title='bbox 200 2290 378 2355; x_wconf 76' lang='grc' dir='ltr'><strong>Λῦτδς</strong></span> <span class='ocrx_word' id='word_1_303' title='bbox 426 2290 484 2345; x_wconf 79' lang='grc' dir='ltr'><strong>δὲ</strong></span> <span class='ocrx_word' id='word_1_304' title='bbox 524 2292 788 2347; x_wconf 78' lang='grc' dir='ltr'><strong>δεικνύων</strong></span> <span class='ocrx_word' id='word_1_305' title='bbox 839 2293 1045 2359; x_wconf 75' lang='grc' dir='ltr'><strong>αὐτοῖς,</strong></span> <span class='ocrx_word' id='word_1_306' title='bbox 1096 2295 1179 2349; x_wconf 83' lang='grc' dir='ltr'><strong>ὅτι</strong></span> <span class='ocrx_word' id='word_1_307' title='bbox 1212 2295 1547 2368; x_wconf 48' lang='grc' dir='ltr'><strong>ύῂλὸτερός</strong></span> <span class='ocrx_word' id='word_1_308' title='bbox 1583 2298 1731 2351; x_wconf 68' lang='grc' dir='ltr'><strong>ἐστιν</strong></span> <span class='ocrx_word' id='word_1_309' title='bbox 1760 2299 1789 2351; x_wconf 82' lang='grc' dir='ltr'>ὁ</span> 
     </span>
    </p>
   </div>
   <div class='ocr_carea' id='block_1_43' title="bbox 1899 2290 3490 2371">
    <p class='ocr_par' dir='ltr' id='par_1_43' title="bbox 1899 2295 3490 2371">
     <span class='ocr_line' id='line_1_43' title="bbox 1899 2295 3490 2371; baseline -0.004 -14"><span class='ocrx_word' id='word_1_310' title='bbox 1899 2301 2168 2357; x_wconf 79' lang='lat' dir='ltr'><strong>docuisset</strong></span> <span class='ocrx_word' id='word_1_311' title='bbox 2214 2312 2504 2358; x_wconf 83' lang='lat' dir='ltr'><strong>mansuete</strong></span> <span class='ocrx_word' id='word_1_312' title='bbox 2552 2301 2809 2357; x_wconf 80' lang='lat' dir='ltr'><strong>ferendos</strong></span> <span class='ocrx_word' id='word_1_313' title='bbox 2838 2301 2960 2356; x_wconf 92' lang='lat' dir='ltr'><strong>illos</strong></span> <span class='ocrx_word' id='word_1_314' title='bbox 3002 2300 3094 2370; x_wconf 88' lang='lat' dir='ltr'><strong>qui</strong></span> <span class='ocrx_word' id='word_1_315' title='bbox 3126 2297 3325 2371; x_wconf 83' lang='lat' dir='ltr'><strong>injuria</strong></span> <span class='ocrx_word' id='word_1_316' title='bbox 3369 2295 3490 2351; x_wconf 84' lang='lat' dir='ltr'><strong>alli—</strong></span> 
     </span>
    </p>
   </div>
   <div class='ocr_carea' id='block_1_44' title="bbox 198 2382 1789 2462">
    <p class='ocr_par' dir='ltr' id='par_1_44' title="bbox 198 2382 1789 2460">
     <span class='ocr_line' id='line_1_44' title="bbox 198 2382 1789 2460; baseline 0.003 -23"><span class='ocrx_word' id='word_1_317' title='bbox 198 2382 367 2437; x_wconf 74' lang='grc' dir='ltr'><strong>αὐτοῦ</strong></span> <span class='ocrx_word' id='word_1_318' title='bbox 401 2383 565 2454; x_wconf 79' lang='grc' dir='ltr'><strong>νόμος</strong></span> <span class='ocrx_word' id='word_1_319' title='bbox 610 2385 643 2456; x_wconf 74' lang='grc' dir='ltr'><strong>ἢ</strong></span> <span class='ocrx_word' id='word_1_320' title='bbox 689 2387 718 2440; x_wconf 85' lang='grc' dir='ltr'><strong>ὁ</strong></span> <span class='ocrx_word' id='word_1_321' title='bbox 780 2387 922 2440; x_wconf 86' lang='grc' dir='ltr'><strong>κατά</strong></span> <span class='ocrx_word' id='word_1_322' title='bbox 975 2387 1069 2440; x_wconf 70' lang='grc' dir='ltr'><strong>τὸν</strong></span> <span class='ocrx_word' id='word_1_323' title='bbox 1120 2386 1309 2442; x_wconf 80' lang='grc' dir='ltr'><strong>Ἠλίαν</strong></span> <span class='ocrx_word' id='word_1_324' title='bbox 1366 2388 1504 2459; x_wconf 80' lang='grc' dir='ltr'><strong>βίος,</strong></span> <span class='ocrx_word' id='word_1_325' title='bbox 1556 2387 1789 2460; x_wconf 74' lang='grc' dir='ltr'><strong>ἐπιτιμᾷ</strong></span> 
     </span>
    </p>
   </div>
   <div class='ocr_carea' id='block_1_45' title="bbox 1901 2382 3492 2462">
    <p class='ocr_par' dir='ltr' id='par_1_45' title="bbox 1901 2392 3492 2462">
     <span class='ocr_line' id='line_1_45' title="bbox 1901 2392 3492 2462; baseline -0.004 -14"><span class='ocrx_word' id='word_1_326' title='bbox 1901 2394 2138 2448; x_wconf 80' lang='lat' dir='ltr'><strong>ciebant.</strong></span> <span class='ocrx_word' id='word_1_327' title='bbox 2178 2393 2320 2461; x_wconf 84' lang='lat' dir='ltr'><strong>Quid</strong></span> <span class='ocrx_word' id='word_1_328' title='bbox 2368 2403 2556 2448; x_wconf 91' lang='lat' dir='ltr'><strong>autem</strong></span> <span class='ocrx_word' id='word_1_329' title='bbox 2606 2404 2689 2449; x_wconf 87' lang='lat' dir='ltr'><strong>est</strong></span> <span class='ocrx_word' id='word_1_330' title='bbox 2722 2393 2868 2462; x_wconf 85' lang='lat' dir='ltr'><strong>quod</strong></span> <span class='ocrx_word' id='word_1_331' title='bbox 2899 2392 3055 2454; x_wconf 84' lang='lat' dir='ltr'><strong>dicit,</strong></span> <span class='ocrx_word' id='word_1_332' title='bbox 3086 2405 3195 2445; x_wconf 85' lang='lat' dir='ltr'><strong>non</strong></span> <span class='ocrx_word' id='word_1_333' title='bbox 3233 2401 3492 2457; x_wconf 78' lang='lat' dir='ltr'><strong>suscepe-</strong></span> 
     </span>
    </p>
   </div>
   <div class='ocr_carea' id='block_1_46' title="bbox 202 2474 1793 2556">
    <p class='ocr_par' dir='ltr' id='par_1_46' title="bbox 202 2474 1785 2550">
     <span class='ocr_line' id='line_1_46' title="bbox 202 2474 1785 2550; baseline 0.004 -24"><span class='ocrx_word' id='word_1_334' title='bbox 202 2474 416 2538; x_wconf 79' lang='grc' dir='ltr'><strong>αὐτοῖς,</strong></span> <span class='ocrx_word' id='word_1_335' title='bbox 449 2476 544 2529; x_wconf 80' lang='grc' dir='ltr'><strong>καὶ</strong></span> <span class='ocrx_word' id='word_1_336' title='bbox 588 2477 885 2548; x_wconf 76' lang='grc' dir='ltr'><strong>ἀφίστησιν</strong></span> <span class='ocrx_word' id='word_1_337' title='bbox 915 2476 1025 2531; x_wconf 85' lang='grc' dir='ltr'><strong>ἀπὺ</strong></span> <span class='ocrx_word' id='word_1_338' title='bbox 1073 2476 1174 2546; x_wconf 82' lang='grc' dir='ltr'><strong>τῆς</strong></span> <span class='ocrx_word' id='word_1_339' title='bbox 1229 2479 1483 2548; x_wconf 72' lang='grc' dir='ltr'><strong>τοιαύτης</strong></span> <span class='ocrx_word' id='word_1_340' title='bbox 1532 2479 1785 2550; x_wconf 77' lang='grc' dir='ltr'><strong>γνώμης,</strong></span> 
     </span>
    </p>
   </div>
   <div class='ocr_carea' id='block_1_47' title="bbox 1900 2474 3491 2556">
    <p class='ocr_par' dir='ltr' id='par_1_47' title="bbox 1900 2480 3491 2556">
     <span class='ocr_line' id='line_1_47' title="bbox 1900 2480 3491 2556; baseline -0.004 -17"><span class='ocrx_word' id='word_1_341' title='bbox 1900 2495 2019 2539; x_wconf 86' lang='lat' dir='ltr'><strong>runt</strong></span> <span class='ocrx_word' id='word_1_342' title='bbox 2067 2500 2214 2553; x_wconf 86' lang='lat' dir='ltr'><strong>eum,</strong></span> <span class='ocrx_word' id='word_1_343' title='bbox 2269 2487 2394 2556; x_wconf 85' lang='lat' dir='ltr'><strong>quia</strong></span> <span class='ocrx_word' id='word_1_344' title='bbox 2433 2485 2602 2542; x_wconf 77' lang='lat' dir='ltr'><strong>facies</strong></span> <span class='ocrx_word' id='word_1_345' title='bbox 2650 2489 2769 2556; x_wconf 66' lang='lat' dir='ltr'><strong>eius</strong></span> <span class='ocrx_word' id='word_1_346' title='bbox 2800 2494 2922 2541; x_wconf 90' lang='lat' dir='ltr'><strong>erat</strong></span> <span class='ocrx_word' id='word_1_347' title='bbox 2956 2485 3139 2540; x_wconf 84' lang='lat' dir='ltr'><strong>euntis</strong></span> <span class='ocrx_word' id='word_1_348' title='bbox 3168 2480 3491 2552; x_wconf 79' lang='lat' dir='ltr'><strong>Hierosoly-</strong></span> 
     </span>
    </p>
   </div>
   <div class='ocr_carea' id='block_1_48' title="bbox 199 2565 1790 2648">
    <p class='ocr_par' dir='ltr' id='par_1_48' title="bbox 199 2565 1788 2641">
     <span class='ocr_line' id='line_1_48' title="bbox 199 2565 1788 2641; baseline 0.002 -23"><span class='ocrx_word' id='word_1_349' title='bbox 199 2565 430 2631; x_wconf 78' lang='grc' dir='ltr'><strong>Διδάξας</strong></span> <span class='ocrx_word' id='word_1_350' title='bbox 463 2568 662 2638; x_wconf 82' lang='grc' dir='ltr'><strong>πράως</strong></span> <span class='ocrx_word' id='word_1_351' title='bbox 689 2568 878 2641; x_wconf 73' lang='grc' dir='ltr'><strong>φέρειν</strong></span> <span class='ocrx_word' id='word_1_352' title='bbox 908 2569 1035 2632; x_wconf 84' lang='grc' dir='ltr'><strong>τοὺς</strong></span> <span class='ocrx_word' id='word_1_353' title='bbox 1064 2568 1409 2640; x_wconf 76' lang='grc' dir='ltr'><strong>ὑϐρίζοντας.</strong></span> <span class='ocrx_word' id='word_1_354' title='bbox 1436 2570 1503 2622; x_wconf 87' lang='grc' dir='ltr'><strong>Τι</strong></span> <span class='ocrx_word' id='word_1_355' title='bbox 1540 2568 1599 2622; x_wconf 73' lang='grc' dir='ltr'><strong>δὲ</strong></span> <span class='ocrx_word' id='word_1_356' title='bbox 1640 2570 1788 2621; x_wconf 74' lang='grc' dir='ltr'><strong>ἐστιν</strong></span> 
     </span>
    </p>
   </div>
   <div class='ocr_carea' id='block_1_49' title="bbox 1899 2565 3490 2648">
    <p class='ocr_par' dir='ltr' id='par_1_49' title="bbox 1899 2575 3490 2648">
     <span class='ocr_line' id='line_1_49' title="bbox 1899 2575 3490 2648; baseline -0.004 -15"><span class='ocrx_word' id='word_1_357' title='bbox 1899 2578 2083 2633; x_wconf 81' lang='lat' dir='ltr'><strong>mam?</strong></span> <span class='ocrx_word' id='word_1_358' title='bbox 2105 2577 2368 2648; x_wconf 79' lang='lat' dir='ltr'><strong>Nunquid</strong></span> <span class='ocrx_word' id='word_1_359' title='bbox 2392 2579 2527 2633; x_wconf 90' lang='lat' dir='ltr'><strong>dicit</strong></span> <span class='ocrx_word' id='word_1_360' title='bbox 2553 2579 2696 2648; x_wconf 89' lang='lat' dir='ltr'><strong>quod</strong></span> <span class='ocrx_word' id='word_1_361' title='bbox 2729 2593 2835 2633; x_wconf 87' lang='lat' dir='ltr'><strong>non</strong></span> <span class='ocrx_word' id='word_1_362' title='bbox 2865 2575 3211 2647; x_wconf 69' lang='lat' dir='ltr'><strong>susceperint</strong></span> <span class='ocrx_word' id='word_1_363' title='bbox 3243 2590 3392 2639; x_wconf 86' lang='lat' dir='ltr'><strong>eum,</strong></span> <span class='ocrx_word' id='word_1_364' title='bbox 3422 2585 3490 2627; x_wconf 87' lang='lat' dir='ltr'><strong>eo</strong></span> 
     </span>
    </p>
   </div>
   <div class='ocr_carea' id='block_1_50' title="bbox 196 2658 1787 2740">
    <p class='ocr_par' dir='ltr' id='par_1_50' title="bbox 196 2658 1787 2732">
     <span class='ocr_line' id='line_1_50' title="bbox 196 2658 1787 2732; baseline -0.001 -18"><span class='ocrx_word' id='word_1_365' title='bbox 196 2659 339 2730; x_wconf 78' lang='grc' dir='ltr'><strong>ὅπερ</strong></span> <span class='ocrx_word' id='word_1_366' title='bbox 367 2660 539 2728; x_wconf 77' lang='grc' dir='ltr'><strong>λέγει,</strong></span> <span class='ocrx_word' id='word_1_367' title='bbox 570 2660 686 2714; x_wconf 83' lang='grc' dir='ltr'><strong>Οὐκ</strong></span> <span class='ocrx_word' id='word_1_368' title='bbox 732 2658 983 2725; x_wconf 75' lang='grc' dir='ltr'><strong>ἐδέξαντο</strong></span> <span class='ocrx_word' id='word_1_369' title='bbox 1014 2661 1201 2726; x_wconf 79' lang='grc' dir='ltr'><strong>αὑτὸν,</strong></span> <span class='ocrx_word' id='word_1_370' title='bbox 1242 2661 1326 2713; x_wconf 84' lang='grc' dir='ltr'><strong>ὅτι</strong></span> <span class='ocrx_word' id='word_1_371' title='bbox 1382 2660 1443 2714; x_wconf 79' lang='grc' dir='ltr'><strong>τὸ</strong></span> <span class='ocrx_word' id='word_1_372' title='bbox 1495 2660 1787 2732; x_wconf 81' lang='grc' dir='ltr'><strong>πρόσωπον</strong></span> 
     </span>
    </p>
   </div>
   <div class='ocr_carea' id='block_1_51' title="bbox 1900 2658 3491 2740">
    <p class='ocr_par' dir='ltr' id='par_1_51' title="bbox 1900 2665 3491 2740">
     <span class='ocr_line' id='line_1_51' title="bbox 1900 2665 3491 2740; baseline -0.001 -20"><span class='ocrx_word' id='word_1_373' title='bbox 1900 2670 2033 2740; x_wconf 77' lang='lat' dir='ltr'><strong>quod</strong></span> <span class='ocrx_word' id='word_1_374' title='bbox 2064 2667 2359 2725; x_wconf 73' lang='lat' dir='ltr'><strong>deﬁniunt</strong></span> <span class='ocrx_word' id='word_1_375' title='bbox 2400 2670 2556 2725; x_wconf 84' lang='lat' dir='ltr'><strong>abire</strong></span> <span class='ocrx_word' id='word_1_376' title='bbox 2608 2668 3087 2740; x_wconf 81' lang='lat' dir='ltr'><strong>Hierosolymam?</strong></span> <span class='ocrx_word' id='word_1_377' title='bbox 3128 2677 3185 2723; x_wconf 88' lang='lat' dir='ltr'><strong>et</strong></span> <span class='ocrx_word' id='word_1_378' title='bbox 3219 2681 3341 2721; x_wconf 90' lang='lat' dir='ltr'><strong>cum</strong></span> <span class='ocrx_word' id='word_1_379' title='bbox 3386 2665 3491 2720; x_wconf 86' lang='lat' dir='ltr'><strong>hoc</strong></span> 
     </span>
    </p>
   </div>
   <div class='ocr_carea' id='block_1_52' title="bbox 197 2743 1788 2830">
    <p class='ocr_par' dir='ltr' id='par_1_52' title="bbox 197 2743 1788 2825">
     <span class='ocr_line' id='line_1_52' title="bbox 197 2743 1788 2825; baseline 0.004 -24"><span class='ocrx_word' id='word_1_380' title='bbox 197 2747 368 2801; x_wconf 76' lang='grc' dir='ltr'><strong>αὐτοῦ</strong></span> <span class='ocrx_word' id='word_1_381' title='bbox 389 2743 459 2815; x_wconf 73' lang='grc' dir='ltr'><strong>ἦν</strong></span> <span class='ocrx_word' id='word_1_382' title='bbox 487 2750 857 2820; x_wconf 77' lang='grc' dir='ltr'><strong>πορευόμενον</strong></span> <span class='ocrx_word' id='word_1_383' title='bbox 887 2751 970 2816; x_wconf 74' lang='grc' dir='ltr'><strong>εἰς</strong></span> <span class='ocrx_word' id='word_1_384' title='bbox 1015 2749 1411 2823; x_wconf 75' lang='grc' dir='ltr'><strong>Ἰερουσαλήμς</strong></span> <span class='ocrx_word' id='word_1_385' title='bbox 1449 2750 1600 2825; x_wconf 75' lang='grc' dir='ltr'><strong>Ἀρα</strong></span> <span class='ocrx_word' id='word_1_386' title='bbox 1627 2753 1788 2808; x_wconf 79' lang='grc' dir='ltr'><strong>τοῦτο</strong></span> 
     </span>
    </p>
   </div>
   <div class='ocr_carea' id='block_1_53' title="bbox 1898 2743 3489 2830">
    <p class='ocr_par' dir='ltr' id='par_1_53' title="bbox 1898 2760 3489 2830">
     <span class='ocr_line' id='line_1_53' title="bbox 1898 2760 3489 2830; baseline -0.002 -14"><span class='ocrx_word' id='word_1_387' title='bbox 1898 2763 1971 2816; x_wconf 80' lang='lat' dir='ltr'><strong>sic</strong></span> <span class='ocrx_word' id='word_1_388' title='bbox 2022 2760 2476 2824; x_wconf 86' lang='lat' dir='ltr'><strong>intellexerimus,</strong></span> <span class='ocrx_word' id='word_1_389' title='bbox 2509 2762 2653 2830; x_wconf 88' lang='lat' dir='ltr'><strong>quod</strong></span> <span class='ocrx_word' id='word_1_390' title='bbox 2685 2779 2806 2815; x_wconf 80' lang='lat' dir='ltr'><strong>eum</strong></span> <span class='ocrx_word' id='word_1_391' title='bbox 2842 2771 3130 2830; x_wconf 84' lang='lat' dir='ltr'><strong>propterea</strong></span> <span class='ocrx_word' id='word_1_392' title='bbox 3157 2775 3267 2815; x_wconf 87' lang='lat' dir='ltr'><strong>non</strong></span> <span class='ocrx_word' id='word_1_393' title='bbox 3293 2771 3489 2814; x_wconf 85' lang='lat' dir='ltr'><strong>susce-</strong></span> 
     </span>
    </p>
   </div>
   <div class='ocr_carea' id='block_1_54' title="bbox 198 2840 1789 2923">
    <p class='ocr_par' dir='ltr' id='par_1_54' title="bbox 198 2840 1788 2917">
     <span class='ocr_line' id='line_1_54' title="bbox 198 2840 1788 2917; baseline 0.005 -25"><span class='ocrx_word' id='word_1_394' title='bbox 198 2840 375 2909; x_wconf 79' lang='grc' dir='ltr'><strong>λέγει,</strong></span> <span class='ocrx_word' id='word_1_395' title='bbox 418 2840 502 2893; x_wconf 86' lang='grc' dir='ltr'><strong>ὃτι</strong></span> <span class='ocrx_word' id='word_1_396' title='bbox 527 2840 628 2895; x_wconf 77' lang='grc' dir='ltr'><strong>οὐκ</strong></span> <span class='ocrx_word' id='word_1_397' title='bbox 658 2841 908 2907; x_wconf 69' lang='grc' dir='ltr'><strong>ἐδέξαντο</strong></span> <span class='ocrx_word' id='word_1_398' title='bbox 938 2843 1125 2911; x_wconf 79' lang='grc' dir='ltr'><strong>αὑτὸν,</strong></span> <span class='ocrx_word' id='word_1_399' title='bbox 1160 2845 1295 2899; x_wconf 85' lang='grc' dir='ltr'><strong>διότι</strong></span> <span class='ocrx_word' id='word_1_400' title='bbox 1321 2845 1600 2917; x_wconf 77' lang='grc' dir='ltr'><strong>ἀφώρισεν</strong></span> <span class='ocrx_word' id='word_1_401' title='bbox 1624 2847 1788 2910; x_wconf 73' lang='grc' dir='ltr'><strong>αὐτὸς</strong></span> 
     </span>
    </p>
   </div>
   <div class='ocr_carea' id='block_1_55' title="bbox 1896 2840 3487 2923">
    <p class='ocr_par' dir='ltr' id='par_1_55' title="bbox 1896 2851 3487 2923">
     <span class='ocr_line' id='line_1_55' title="bbox 1896 2851 3487 2923; baseline 0.003 -18"><span class='ocrx_word' id='word_1_402' title='bbox 1896 2852 2095 2922; x_wconf 83' lang='lat' dir='ltr'><strong>perint,</strong></span> <span class='ocrx_word' id='word_1_403' title='bbox 2146 2866 2214 2905; x_wconf 87' lang='lat' dir='ltr'><strong>eo</strong></span> <span class='ocrx_word' id='word_1_404' title='bbox 2278 2853 2423 2923; x_wconf 88' lang='lat' dir='ltr'><strong>quod</strong></span> <span class='ocrx_word' id='word_1_405' title='bbox 2486 2853 2774 2908; x_wconf 75' lang='lat' dir='ltr'><strong>definierat</strong></span> <span class='ocrx_word' id='word_1_406' title='bbox 2817 2854 2976 2907; x_wconf 83' lang='lat' dir='ltr'><strong>abire</strong></span> <span class='ocrx_word' id='word_1_407' title='bbox 3026 2851 3487 2923; x_wconf 80' lang='lat' dir='ltr'><strong>Hierosolymam.</strong></span> 
     </span>
    </p>
   </div>
   <div class='ocr_carea' id='block_1_56' title="bbox 194 2932 1785 3013">
    <p class='ocr_par' dir='ltr' id='par_1_56' title="bbox 194 2932 1785 3007">
     <span class='ocr_line' id='line_1_56' title="bbox 194 2932 1785 3007; baseline 0.006 -21"><span class='ocrx_word' id='word_1_408' title='bbox 194 2932 459 2986; x_wconf 76' lang='grc' dir='ltr'><strong>ἀπελθεῖν</strong></span> <span class='ocrx_word' id='word_1_409' title='bbox 504 2935 586 2997; x_wconf 75' lang='grc' dir='ltr'><strong>εἰς</strong></span> <span class='ocrx_word' id='word_1_410' title='bbox 632 2934 1030 3007; x_wconf 84' lang='grc' dir='ltr'><strong>’1ερουσαλήμ;</strong></span> <span class='ocrx_word' id='word_1_411' title='bbox 1067 2938 1181 2992; x_wconf 72' lang='grc' dir='ltr'><strong>Καὶ</strong></span> <span class='ocrx_word' id='word_1_412' title='bbox 1240 2938 1431 2993; x_wconf 74' lang='grc' dir='ltr'><strong>λοιπὸν</strong></span> <span class='ocrx_word' id='word_1_413' title='bbox 1492 2940 1589 2993; x_wconf 74' lang='grc' dir='ltr'><strong>ἐὰν</strong></span> <span class='ocrx_word' id='word_1_414' title='bbox 1643 2938 1785 2995; x_wconf 76' lang='grc' dir='ltr'><strong>οὕτω</strong></span> 
     </span>
    </p>
   </div>
   <div class='ocr_carea' id='block_1_57' title="bbox 1897 2932 3488 3013">
    <p class='ocr_par' dir='ltr' id='par_1_57' title="bbox 1897 2939 3488 3013">
     <span class='ocr_line' id='line_1_57' title="bbox 1897 2939 3488 3013; baseline -0.002 -16"><span class='ocrx_word' id='word_1_415' title='bbox 1897 2942 2250 2997; x_wconf 88' lang='lat' dir='ltr'><strong>inveniuntur</strong></span> <span class='ocrx_word' id='word_1_416' title='bbox 2295 2942 2373 2996; x_wconf 87' lang='lat' dir='ltr'><strong>illi</strong></span> <span class='ocrx_word' id='word_1_417' title='bbox 2441 2944 2687 2998; x_wconf 80' lang='lat' dir='ltr'><strong>excusati</strong></span> <span class='ocrx_word' id='word_1_418' title='bbox 2766 2959 2873 2998; x_wconf 89' lang='lat' dir='ltr'><strong>non</strong></span> <span class='ocrx_word' id='word_1_419' title='bbox 2934 2941 3341 3013; x_wconf 70' lang='lat' dir='ltr'><strong>suscipientes?</strong></span> <span class='ocrx_word' id='word_1_420' title='bbox 3392 2939 3488 2995; x_wconf 73' lang='lat' dir='ltr'><strong>Est</strong></span> 
     </span>
    </p>
   </div>
   <div class='ocr_carea' id='block_1_58' title="bbox 201 3026 1792 3103">
    <p class='ocr_par' dir='ltr' id='par_1_58' title="bbox 201 3026 1785 3099">
     <span class='ocr_line' id='line_1_58' title="bbox 201 3026 1785 3099; baseline 0.007 -23"><span class='ocrx_word' id='word_1_421' title='bbox 201 3026 515 3096; x_wconf 82' lang='grc' dir='ltr'><strong>νοήσωμεν,</strong></span> <span class='ocrx_word' id='word_1_422' title='bbox 551 3028 635 3081; x_wconf 82' lang='grc' dir='ltr'><strong>ὅτι</strong></span> <span class='ocrx_word' id='word_1_423' title='bbox 661 3027 750 3082; x_wconf 74' lang='grc' dir='ltr'><strong>διὰ</strong></span> <span class='ocrx_word' id='word_1_424' title='bbox 780 3029 941 3082; x_wconf 83' lang='grc' dir='ltr'><strong>τοῦτο</strong></span> <span class='ocrx_word' id='word_1_425' title='bbox 983 3031 1150 3085; x_wconf 83' lang='grc' dir='ltr'><strong>αὑτὸν</strong></span> <span class='ocrx_word' id='word_1_426' title='bbox 1190 3032 1292 3085; x_wconf 80' lang='grc' dir='ltr'><strong>οὐκ</strong></span> <span class='ocrx_word' id='word_1_427' title='bbox 1347 3032 1622 3099; x_wconf 77' lang='grc' dir='ltr'><strong>ἐδέξαντο,</strong></span> <span class='ocrx_word' id='word_1_428' title='bbox 1649 3034 1785 3089; x_wconf 77' lang='grc' dir='ltr'><strong>διότι</strong></span> 
     </span>
    </p>
   </div>
   <div class='ocr_carea' id='block_1_59' title="bbox 1896 3026 3487 3103">
    <p class='ocr_par' dir='ltr' id='par_1_59' title="bbox 1896 3027 3487 3103">
     <span class='ocr_line' id='line_1_59' title="bbox 1896 3027 3487 3103; baseline -0.003 -17"><span class='ocrx_word' id='word_1_429' title='bbox 1896 3032 2066 3103; x_wconf 74' lang='lat' dir='ltr'><strong>igitur</strong></span> <span class='ocrx_word' id='word_1_430' title='bbox 2096 3032 2413 3093; x_wconf 88' lang='lat' dir='ltr'><strong>dicendum,</strong></span> <span class='ocrx_word' id='word_1_431' title='bbox 2455 3034 2600 3102; x_wconf 92' lang='lat' dir='ltr'><strong>quod</strong></span> <span class='ocrx_word' id='word_1_432' title='bbox 2646 3032 2981 3101; x_wconf 66' lang='lat' dir='ltr'><strong>evangelista</strong></span> <span class='ocrx_word' id='word_1_433' title='bbox 3018 3034 3119 3087; x_wconf 89' lang='lat' dir='ltr'><strong>boe</strong></span> <span class='ocrx_word' id='word_1_434' title='bbox 3150 3032 3306 3095; x_wconf 87' lang='lat' dir='ltr'><strong>dicit,</strong></span> <span class='ocrx_word' id='word_1_435' title='bbox 3344 3027 3487 3097; x_wconf 88' lang='lat' dir='ltr'><strong>quod</strong></span> 
     </span>
    </p>
   </div>
   <div class='ocr_carea' id='block_1_60' title="bbox 200 3116 1791 3215">
    <p class='ocr_par' dir='ltr' id='par_1_60' title="bbox 200 3116 1784 3197">
     <span class='ocr_line' id='line_1_60' title="bbox 200 3116 1784 3197; baseline 0.006 -27"><span class='ocrx_word' id='word_1_436' title='bbox 200 3116 367 3180; x_wconf 67' lang='grc' dir='ltr'><strong>αὐτὸς</strong></span> <span class='ocrx_word' id='word_1_437' title='bbox 394 3117 675 3190; x_wconf 80' lang='grc' dir='ltr'><strong>ἀφώρισεν</strong></span> <span class='ocrx_word' id='word_1_438' title='bbox 700 3120 961 3175; x_wconf 78' lang='grc' dir='ltr'><strong>ἀπελθεῖν</strong></span> <span class='ocrx_word' id='word_1_439' title='bbox 982 3124 1065 3186; x_wconf 72' lang='grc' dir='ltr'><strong>εἰς</strong></span> <span class='ocrx_word' id='word_1_440' title='bbox 1094 3121 1474 3195; x_wconf 82' lang='grc' dir='ltr'><strong>Ἰερουσαλὴμ,</strong></span> <span class='ocrx_word' id='word_1_441' title='bbox 1498 3127 1784 3197; x_wconf 74' lang='grc' dir='ltr'><strong>εὑρίσκον·-</strong></span> 
     </span>
    </p>
   </div>
   <div class='ocr_carea' id='block_1_61' title="bbox 1893 3116 3484 3215">
    <p class='ocr_par' dir='ltr' id='par_1_61' title="bbox 1893 3123 3484 3195">
     <span class='ocr_line' id='line_1_61' title="bbox 1893 3123 3484 3195; baseline -0.001 -15"><span class='ocrx_word' id='word_1_442' title='bbox 1893 3141 1999 3180; x_wconf 85' lang='grc' dir='ltr'><strong>ιιοιι</strong></span> <span class='ocrx_word' id='word_1_443' title='bbox 2028 3132 2395 3195; x_wconf 84' lang='lat' dir='ltr'><strong>susceperunt</strong></span> <span class='ocrx_word' id='word_1_444' title='bbox 2418 3141 2569 3193; x_wconf 88' lang='lat' dir='ltr'><strong>eum,</strong></span> <span class='ocrx_word' id='word_1_445' title='bbox 2600 3140 2779 3194; x_wconf 89' lang='lat' dir='ltr'><strong>neque</strong></span> <span class='ocrx_word' id='word_1_446' title='bbox 2813 3126 3037 3180; x_wconf 84' lang='lat' dir='ltr'><strong>intravit</strong></span> <span class='ocrx_word' id='word_1_447' title='bbox 3061 3128 3113 3180; x_wconf 89' lang='lat' dir='ltr'><strong>iu</strong></span> <span class='ocrx_word' id='word_1_448' title='bbox 3144 3123 3484 3179; x_wconf 82' lang='lat' dir='ltr'><strong>Samariam:</strong></span> 
     </span>
    </p>
   </div>
   <div class='ocr_carea' id='block_1_62' title="bbox 198 3214 1789 3289">
    <p class='ocr_par' dir='ltr' id='par_1_62' title="bbox 198 3214 1788 3288">
     <span class='ocr_line' id='line_1_62' title="bbox 198 3214 1788 3288; baseline 0.006 -24"><span class='ocrx_word' id='word_1_449' title='bbox 198 3229 290 3267; x_wconf 88' lang='grc' dir='ltr'><strong>ται</strong></span> <span class='ocrx_word' id='word_1_450' title='bbox 322 3214 526 3266; x_wconf 77' lang='grc' dir='ltr'><strong>ἐκεῖνοι</strong></span> <span class='ocrx_word' id='word_1_451' title='bbox 557 3214 814 3279; x_wconf 80' lang='grc' dir='ltr'><strong>ἀναίτιοι,</strong></span> <span class='ocrx_word' id='word_1_452' title='bbox 850 3216 901 3268; x_wconf 76' lang='grc' dir='ltr'><strong>οἱ</strong></span> <span class='ocrx_word' id='word_1_453' title='bbox 948 3216 1024 3287; x_wconf 79' lang='grc' dir='ltr'><strong>μὴ</strong></span> <span class='ocrx_word' id='word_1_454' title='bbox 1074 3217 1399 3288; x_wconf 80' lang='grc' dir='ltr'><strong>δεξάμενοι;</strong></span> <span class='ocrx_word' id='word_1_455' title='bbox 1458 3221 1648 3276; x_wconf 84' lang='grc' dir='ltr'><strong>Ἔστιν</strong></span> <span class='ocrx_word' id='word_1_456' title='bbox 1693 3221 1788 3275; x_wconf 77' lang='grc' dir='ltr'><strong>οὖν</strong></span> 
     </span>
    </p>
   </div>
   <div class='ocr_carea' id='block_1_63' title="bbox 1897 3214 3488 3289">
    <p class='ocr_par' dir='ltr' id='par_1_63' title="bbox 1897 3218 3488 3289">
     <span class='ocr_line' id='line_1_63' title="bbox 1897 3218 3488 3289; baseline -0.003 -14"><span class='ocrx_word' id='word_1_457' title='bbox 1897 3220 2093 3276; x_wconf 90' lang='lat' dir='ltr'><strong>deinde</strong></span> <span class='ocrx_word' id='word_1_458' title='bbox 2124 3219 2286 3289; x_wconf 90' lang='lat' dir='ltr'><strong>quasi</strong></span> <span class='ocrx_word' id='word_1_459' title='bbox 2344 3218 2745 3287; x_wconf 72' lang='lat' dir='ltr'><strong>interrogasset</strong></span> <span class='ocrx_word' id='word_1_460' title='bbox 2804 3218 3098 3289; x_wconf 79' lang='lat' dir='ltr'><strong>quispiam,</strong></span> <span class='ocrx_word' id='word_1_461' title='bbox 3154 3232 3328 3286; x_wconf 89' lang='lat' dir='ltr'><strong>quare</strong></span> <span class='ocrx_word' id='word_1_462' title='bbox 3382 3231 3488 3270; x_wconf 86' lang='lat' dir='ltr'><strong>non</strong></span> 
     </span>
    </p>
   </div>
   <div class='ocr_carea' id='block_1_64' title="bbox 161 3304 1752 3382">
    <p class='ocr_par' dir='ltr' id='par_1_64' title="bbox 161 3304 1750 3382">
     <span class='ocr_line' id='line_1_64' title="bbox 161 3304 1750 3382; baseline 0.007 -27"><span class='ocrx_word' id='word_1_463' title='bbox 161 3306 376 3357; x_wconf 75' lang='grc' dir='ltr'><strong>εἰπεῖν</strong></span> <span class='ocrx_word' id='word_1_464' title='bbox 428 3306 510 3358; x_wconf 84' lang='grc' dir='ltr'><strong>ὅτι</strong></span> <span class='ocrx_word' id='word_1_465' title='bbox 548 3304 706 3360; x_wconf 82' lang='grc' dir='ltr'><strong>τοῦτο</strong></span> <span class='ocrx_word' id='word_1_466' title='bbox 769 3307 916 3375; x_wconf 78' lang='grc' dir='ltr'><strong>λέγει</strong></span> <span class='ocrx_word' id='word_1_467' title='bbox 980 3310 1009 3362; x_wconf 84' lang='grc' dir='ltr'><strong>δ</strong></span> <span class='ocrx_word' id='word_1_468' title='bbox 1088 3310 1506 3382; x_wconf 76' lang='grc' dir='ltr'><strong>εύαγγελιστὴς,</strong></span> <span class='ocrx_word' id='word_1_469' title='bbox 1557 3313 1640 3367; x_wconf 86' lang='grc' dir='ltr'><strong>ὅτι</strong></span> <span class='ocrx_word' id='word_1_470' title='bbox 1688 3313 1750 3368; x_wconf 86' lang='grc' dir='ltr'><strong>οὐ</strong></span> 
     </span>
    </p>
   </div>
   <div class='ocr_carea' id='block_1_65' title="bbox 1901 3304 3492 3382">
    <p class='ocr_par' dir='ltr' id='par_1_65' title="bbox 1901 3307 3492 3380">
     <span class='ocr_line' id='line_1_65' title="bbox 1901 3307 3492 3380; baseline -0.003 -13"><span class='ocrx_word' id='word_1_471' title='bbox 1901 3320 2257 3380; x_wconf 81' lang='lat' dir='ltr'><strong>susceperunt</strong></span> <span class='ocrx_word' id='word_1_472' title='bbox 2296 3309 2374 3380; x_wconf 88' lang='lat' dir='ltr'><strong>(a)</strong></span> <span class='ocrx_word' id='word_1_473' title='bbox 2416 3309 2500 3365; x_wconf 85' lang='lat' dir='ltr'><strong>vel</strong></span> <span class='ocrx_word' id='word_1_474' title='bbox 2560 3309 2716 3364; x_wconf 84' lang='lat' dir='ltr'><strong>iuviti</strong></span> <span class='ocrx_word' id='word_1_475' title='bbox 2775 3324 2938 3371; x_wconf 89' lang='lat' dir='ltr'><strong>eum,</strong></span> <span class='ocrx_word' id='word_1_476' title='bbox 2993 3323 3172 3378; x_wconf 87' lang='lat' dir='ltr'><strong>neque</strong></span> <span class='ocrx_word' id='word_1_477' title='bbox 3228 3307 3492 3363; x_wconf 69' lang='lat' dir='ltr'><strong>intravit?</strong></span> 
     </span>
    </p>
   </div>
   <div class='ocr_carea' id='block_1_66' title="bbox 194 3392 1785 3473">
    <p class='ocr_par' dir='ltr' id='par_1_66' title="bbox 194 3392 1785 3473">
     <span class='ocr_line' id='line_1_66' title="bbox 194 3392 1785 3473; baseline 0.008 -27"><span class='ocrx_word' id='word_1_478' title='bbox 194 3392 451 3458; x_wconf 73' lang='grc' dir='ltr'><strong>ὲδέξαντο</strong></span> <span class='ocrx_word' id='word_1_479' title='bbox 478 3394 672 3461; x_wconf 76' lang='grc' dir='ltr'><strong>αὐτὸν,</strong></span> <span class='ocrx_word' id='word_1_480' title='bbox 707 3396 829 3452; x_wconf 79' lang='grc' dir='ltr'><strong>οὐδὲ</strong></span> <span class='ocrx_word' id='word_1_481' title='bbox 874 3399 1131 3469; x_wconf 76' lang='grc' dir='ltr'><strong>εἰσῆλθεν</strong></span> <span class='ocrx_word' id='word_1_482' title='bbox 1163 3404 1244 3465; x_wconf 79' lang='grc' dir='ltr'><strong>εἰς</strong></span> <span class='ocrx_word' id='word_1_483' title='bbox 1280 3402 1620 3473; x_wconf 84' lang='grc' dir='ltr'><strong>Σαμάρειαν.</strong></span> <span class='ocrx_word' id='word_1_484' title='bbox 1654 3400 1785 3458; x_wconf 69' lang='grc' dir='ltr'><strong>Εἶτα</strong></span> 
     </span>
    </p>
   </div>
   <div class='ocr_carea' id='block_1_67' title="bbox 1900 3392 3491 3473">
    <p class='ocr_par' dir='ltr' id='par_1_67' title="bbox 1900 3398 3491 3472">
     <span class='ocr_line' id='line_1_67' title="bbox 1900 3398 3491 3472; baseline -0.002 -15"><span class='ocrx_word' id='word_1_485' title='bbox 1900 3403 2146 3472; x_wconf 88' lang='lat' dir='ltr'><strong>nunquid</strong></span> <span class='ocrx_word' id='word_1_486' title='bbox 2178 3402 2452 3472; x_wconf 87' lang='lat' dir='ltr'><strong>impotens</strong></span> <span class='ocrx_word' id='word_1_487' title='bbox 2498 3400 2657 3456; x_wconf 84' lang='lat' dir='ltr'><strong>erat?</strong></span> <span class='ocrx_word' id='word_1_488' title='bbox 2683 3416 2753 3455; x_wconf 91' lang='lat' dir='ltr'><strong>an</strong></span> <span class='ocrx_word' id='word_1_489' title='bbox 2790 3416 2900 3456; x_wconf 93' lang='lat' dir='ltr'><strong>non</strong></span> <span class='ocrx_word' id='word_1_490' title='bbox 2943 3399 3160 3455; x_wconf 82' lang='lat' dir='ltr'><strong>valebat</strong></span> <span class='ocrx_word' id='word_1_491' title='bbox 3182 3398 3349 3455; x_wconf 86' lang='lat' dir='ltr'><strong>etiam</strong></span> <span class='ocrx_word' id='word_1_492' title='bbox 3380 3398 3491 3454; x_wconf 88' lang='lat' dir='ltr'><strong>illis</strong></span> 
     </span>
    </p>
   </div>
   <div class='ocr_carea' id='block_1_68' title="bbox 193 3483 1784 3566">
    <p class='ocr_par' dir='ltr' id='par_1_68' title="bbox 193 3483 1784 3566">
     <span class='ocr_line' id='line_1_68' title="bbox 193 3483 1784 3566; baseline 0.008 -30"><span class='ocrx_word' id='word_1_493' title='bbox 193 3483 387 3557; x_wconf 81' lang='grc' dir='ltr'><strong>ὥσπερ</strong></span> <span class='ocrx_word' id='word_1_494' title='bbox 417 3488 560 3551; x_wconf 78' lang='grc' dir='ltr'><strong>τινὸς</strong></span> <span class='ocrx_word' id='word_1_495' title='bbox 590 3490 987 3562; x_wconf 76' lang='grc' dir='ltr'><strong>ἐρωτήσαντος,</strong></span> <span class='ocrx_word' id='word_1_496' title='bbox 1030 3493 1127 3546; x_wconf 73' lang='grc' dir='ltr'><strong>καὶ</strong></span> <span class='ocrx_word' id='word_1_497' title='bbox 1156 3493 1299 3546; x_wconf 72' lang='grc' dir='ltr'><strong>διατι</strong></span> <span class='ocrx_word' id='word_1_498' title='bbox 1335 3496 1435 3566; x_wconf 84' lang='grc' dir='ltr'><strong>οὐχ</strong></span> <span class='ocrx_word' id='word_1_499' title='bbox 1458 3496 1784 3563; x_wconf 81' lang='grc' dir='ltr'><strong>ὑπεδέξαντο</strong></span> 
     </span>
    </p>
   </div>
   <div class='ocr_carea' id='block_1_69' title="bbox 1901 3483 3492 3566">
    <p class='ocr_par' dir='ltr' id='par_1_69' title="bbox 1901 3492 3492 3565">
     <span class='ocr_line' id='line_1_69' title="bbox 1901 3492 3492 3565; baseline -0.001 -17"><span class='ocrx_word' id='word_1_500' title='bbox 1901 3495 2206 3550; x_wconf 75' lang='lat' dir='ltr'><strong>uolentibus</strong></span> <span class='ocrx_word' id='word_1_501' title='bbox 2241 3495 2494 3565; x_wconf 78' lang='lat' dir='ltr'><strong>ingredi?</strong></span> <span class='ocrx_word' id='word_1_502' title='bbox 2538 3493 2770 3549; x_wconf 89' lang='lat' dir='ltr'><strong>Solvens</strong></span> <span class='ocrx_word' id='word_1_503' title='bbox 2809 3496 2933 3559; x_wconf 86' lang='lat' dir='ltr'><strong>hoc,</strong></span> <span class='ocrx_word' id='word_1_504' title='bbox 2986 3494 3121 3550; x_wconf 89' lang='lat' dir='ltr'><strong>dicit</strong></span> <span class='ocrx_word' id='word_1_505' title='bbox 3170 3511 3186 3549; x_wconf 90' lang='lat'><strong>:</strong></span> <span class='ocrx_word' id='word_1_506' title='bbox 3228 3507 3337 3549; x_wconf 87' lang='lat' dir='ltr'><strong>nou</strong></span> <span class='ocrx_word' id='word_1_507' title='bbox 3367 3492 3492 3547; x_wconf 86' lang='lat' dir='ltr'><strong>ideo</strong></span> 
     </span>
    </p>
   </div>
   <div class='ocr_carea' id='block_1_70' title="bbox 193 3576 1784 3658">
    <p class='ocr_par' dir='ltr' id='par_1_70' title="bbox 193 3576 1784 3655">
     <span class='ocr_line' id='line_1_70' title="bbox 193 3576 1784 3655; baseline 0.006 -25"><span class='ocrx_word' id='word_1_508' title='bbox 193 3576 362 3630; x_wconf 71' lang='grc' dir='ltr'><strong>αὑτὸν</strong></span> <span class='ocrx_word' id='word_1_509' title='bbox 395 3577 489 3631; x_wconf 74' lang='grc' dir='ltr'><strong>καὶ</strong></span> <span class='ocrx_word' id='word_1_510' title='bbox 514 3578 759 3645; x_wconf 77' lang='grc' dir='ltr'><strong>ἄκοντες,</strong></span> <span class='ocrx_word' id='word_1_511' title='bbox 798 3581 919 3633; x_wconf 76' lang='grc' dir='ltr'><strong>οὐδὲ</strong></span> <span class='ocrx_word' id='word_1_512' title='bbox 959 3582 1231 3653; x_wconf 72' lang='grc' dir='ltr'><strong>εἰσῆλθεν,</strong></span> <span class='ocrx_word' id='word_1_513' title='bbox 1310 3579 1423 3655; x_wconf 80' lang='grc' dir='ltr'><strong>ἀρα</strong></span> <span class='ocrx_word' id='word_1_514' title='bbox 1460 3585 1597 3639; x_wconf 88' lang='grc' dir='ltr'><strong>διότι</strong></span> <span class='ocrx_word' id='word_1_515' title='bbox 1652 3586 1784 3640; x_wconf 84' lang='grc' dir='ltr'><strong>ἀδύ-</strong></span> 
     </span>
    </p>
   </div>
   <div class='ocr_carea' id='block_1_71' title="bbox 1899 3576 3490 3658">
    <p class='ocr_par' dir='ltr' id='par_1_71' title="bbox 1899 3583 3490 3658">
     <span class='ocr_line' id='line_1_71' title="bbox 1899 3583 3490 3658; baseline -0.001 -19"><span class='ocrx_word' id='word_1_516' title='bbox 1899 3589 2023 3657; x_wconf 85' lang='lat' dir='ltr'><strong>quia</strong></span> <span class='ocrx_word' id='word_1_517' title='bbox 2078 3588 2353 3658; x_wconf 88' lang='lat' dir='ltr'><strong>impotens</strong></span> <span class='ocrx_word' id='word_1_518' title='bbox 2386 3585 2511 3653; x_wconf 85' lang='lat' dir='ltr'><strong>fuit,</strong></span> <span class='ocrx_word' id='word_1_519' title='bbox 2543 3588 2641 3641; x_wconf 87' lang='lat' dir='ltr'><strong>sed</strong></span> <span class='ocrx_word' id='word_1_520' title='bbox 2680 3587 2808 3657; x_wconf 87' lang='lat' dir='ltr'><strong>quia</strong></span> <span class='ocrx_word' id='word_1_521' title='bbox 2842 3586 3016 3642; x_wconf 89' lang='lat' dir='ltr'><strong>noluit</strong></span> <span class='ocrx_word' id='word_1_522' title='bbox 3053 3586 3188 3641; x_wconf 92' lang='lat' dir='ltr'><strong>illuc</strong></span> <span class='ocrx_word' id='word_1_523' title='bbox 3238 3585 3344 3651; x_wconf 86' lang='lat' dir='ltr'><strong>ire,</strong></span> <span class='ocrx_word' id='word_1_524' title='bbox 3393 3583 3490 3639; x_wconf 87' lang='lat' dir='ltr'><strong>sed</strong></span> 
     </span>
    </p>
   </div>
   <div class='ocr_carea' id='block_1_72' title="bbox 200 3665 1791 3749">
    <p class='ocr_par' dir='ltr' id='par_1_72' title="bbox 200 3665 1782 3748">
     <span class='ocr_line' id='line_1_72' title="bbox 200 3665 1782 3748; baseline 0.006 -26"><span class='ocrx_word' id='word_1_525' title='bbox 200 3686 365 3731; x_wconf 64' lang='lat' dir='ltr'><strong>vaso;</strong></span> <span class='ocrx_word' id='word_1_526' title='bbox 396 3665 487 3741; x_wconf 78' lang='grc' dir='ltr'><strong>ἦν,</strong></span> <span class='ocrx_word' id='word_1_527' title='bbox 532 3672 696 3742; x_wconf 83' lang='grc' dir='ltr'><strong>ἢούκ</strong></span> <span class='ocrx_word' id='word_1_528' title='bbox 743 3674 897 3743; x_wconf 74' lang='grc' dir='ltr'><strong>ἴσχυε</strong></span> <span class='ocrx_word' id='word_1_529' title='bbox 942 3674 1048 3730; x_wconf 81' lang='grc' dir='ltr'><strong>κᾶν</strong></span> <span class='ocrx_word' id='word_1_530' title='bbox 1097 3677 1299 3730; x_wconf 76' lang='grc' dir='ltr'><strong>ἐκεῖνοι</strong></span> <span class='ocrx_word' id='word_1_531' title='bbox 1347 3678 1423 3748; x_wconf 82' lang='grc' dir='ltr'><strong>μὴ</strong></span> <span class='ocrx_word' id='word_1_532' title='bbox 1475 3678 1782 3747; x_wconf 77' lang='grc' dir='ltr'><strong>ἐϐούλοντο,</strong></span> 
     </span>
    </p>
   </div>
   <div class='ocr_carea' id='block_1_73' title="bbox 1897 3665 3488 3749">
    <p class='ocr_par' dir='ltr' id='par_1_73' title="bbox 1897 3675 3488 3749">
     <span class='ocr_line' id='line_1_73' title="bbox 1897 3675 3488 3749; baseline -0.001 -16"><span class='ocrx_word' id='word_1_533' title='bbox 1897 3680 2380 3749; x_wconf 83' lang='lat' dir='ltr'><strong>Hierosolymam:</strong></span> <span class='ocrx_word' id='word_1_534' title='bbox 2418 3679 2679 3747; x_wconf 84' lang='lat' dir='ltr'><strong>quOniam</strong></span> <span class='ocrx_word' id='word_1_535' title='bbox 2735 3680 2838 3734; x_wconf 88' lang='lat' dir='ltr'><strong>nisi</strong></span> <span class='ocrx_word' id='word_1_536' title='bbox 2890 3680 2990 3733; x_wconf 85' lang='lat' dir='ltr'><strong>hoc</strong></span> <span class='ocrx_word' id='word_1_537' title='bbox 3046 3677 3261 3743; x_wconf 77' lang='lat' dir='ltr'><strong>fuisset,</strong></span> <span class='ocrx_word' id='word_1_538' title='bbox 3320 3675 3488 3732; x_wconf 82' lang='lat' dir='ltr'><strong>etiam</strong></span> 
     </span>
    </p>
   </div>
   <div class='ocr_carea' id='block_1_74' title="bbox 194 3762 1785 3841">
    <p class='ocr_par' dir='ltr' id='par_1_74' title="bbox 194 3762 1783 3839">
     <span class='ocr_line' id='line_1_74' title="bbox 194 3762 1783 3839; baseline 0.007 -26"><span class='ocrx_word' id='word_1_539' title='bbox 194 3762 491 3828; x_wconf 75' lang='grc' dir='ltr'><strong>εἰσελθετνς</strong></span> <span class='ocrx_word' id='word_1_540' title='bbox 517 3763 676 3818; x_wconf 84' lang='grc' dir='ltr'><strong>Λύων</strong></span> <span class='ocrx_word' id='word_1_541' title='bbox 700 3764 881 3831; x_wconf 78' lang='grc' dir='ltr'><strong>τοῦτο,</strong></span> <span class='ocrx_word' id='word_1_542' title='bbox 913 3766 1079 3836; x_wconf 76' lang='grc' dir='ltr'><strong>φησιν</strong></span> <span class='ocrx_word' id='word_1_543' title='bbox 1098 3780 1113 3798; x_wconf 75' lang='grc'><strong>⁸</strong></span> <span class='ocrx_word' id='word_1_544' title='bbox 1152 3768 1282 3839; x_wconf 79' lang='grc' dir='ltr'><strong>οὐχὶ</strong></span> <span class='ocrx_word' id='word_1_545' title='bbox 1311 3768 1399 3822; x_wconf 86' lang='grc' dir='ltr'><strong>διά</strong></span> <span class='ocrx_word' id='word_1_546' title='bbox 1436 3768 1499 3822; x_wconf 77' lang='grc' dir='ltr'><strong>τὸ</strong></span> <span class='ocrx_word' id='word_1_547' title='bbox 1519 3770 1783 3835; x_wconf 86' lang='grc' dir='ltr'><strong>ἀδύνατος</strong></span> 
     </span>
    </p>
   </div>
   <div class='ocr_carea' id='block_1_75' title="bbox 1607 3762 3198 3841">
    <p class='ocr_par' dir='ltr' id='par_1_75' title="bbox 1607 3770 3198 3841">
     <span class='ocr_line' id='line_1_75' title="bbox 1607 3770 3198 3841; baseline 0 -17"><span class='ocrx_word' id='word_1_548' title='bbox 1607 3771 1783 3835; x_wconf 73' lang='grc' dir='ltr'><strong>ἱνατος</strong></span> <span class='ocrx_word' id='word_1_549' title='bbox 1893 3772 2082 3827; x_wconf 84' lang='lat' dir='ltr'><strong>invitis</strong></span> <span class='ocrx_word' id='word_1_550' title='bbox 2111 3772 2220 3826; x_wconf 80' lang='lat' dir='ltr'><strong>illis</strong></span> <span class='ocrx_word' id='word_1_551' title='bbox 2256 3771 2310 3825; x_wconf 87' lang='lat' dir='ltr'><strong>in</strong></span> <span class='ocrx_word' id='word_1_552' title='bbox 2344 3772 2633 3827; x_wconf 76' lang='lat' dir='ltr'><strong>castellum</strong></span> <span class='ocrx_word' id='word_1_553' title='bbox 2666 3772 2947 3841; x_wconf 83' lang='lat' dir='ltr'><strong>ingressus</strong></span> <span class='ocrx_word' id='word_1_554' title='bbox 2982 3770 3198 3825; x_wconf 78' lang='lat' dir='ltr'><strong>fuisset.</strong></span> 
     </span>
    </p>
   </div>
   <div class='ocr_carea' id='block_1_76' title="bbox 191 3851 3487 3938">
    <p class='ocr_par' dir='ltr' id='par_1_76' title="bbox 191 3851 3487 3938">
     <span class='ocr_line' id='line_1_76' title="bbox 191 3851 3487 3938; baseline 0.003 -31"><span class='ocrx_word' id='word_1_555' title='bbox 191 3851 364 3918; x_wconf 78' lang='grc' dir='ltr'><strong>εἶναι,</strong></span> <span class='ocrx_word' id='word_1_556' title='bbox 399 3854 539 3909; x_wconf 88' lang='grc' dir='ltr'><strong>ἀλλά</strong></span> <span class='ocrx_word' id='word_1_557' title='bbox 569 3856 706 3911; x_wconf 77' lang='grc' dir='ltr'><strong>διότι</strong></span> <span class='ocrx_word' id='word_1_558' title='bbox 735 3857 837 3911; x_wconf 86' lang='grc' dir='ltr'><strong>οὐκ</strong></span> <span class='ocrx_word' id='word_1_559' title='bbox 881 3857 1133 3913; x_wconf 75' lang='grc' dir='ltr'><strong>ἐϐούλετο</strong></span> <span class='ocrx_word' id='word_1_560' title='bbox 1177 3863 1296 3915; x_wconf 78' lang='grc' dir='ltr'><strong>ἐκεῖ</strong></span> <span class='ocrx_word' id='word_1_561' title='bbox 1329 3862 1616 3925; x_wconf 70' lang='grc' dir='ltr'><strong>εἰσελθεῖν,</strong></span> <span class='ocrx_word' id='word_1_562' title='bbox 1652 3864 1789 3918; x_wconf 82' lang='grc' dir='ltr'><strong>ἀλλά</strong></span> <span class='ocrx_word' id='word_1_563' title='bbox 1827 3864 2089 3921; x_wconf 75' lang='grc' dir='ltr'><strong>ἀπελθεῖν</strong></span> <span class='ocrx_word' id='word_1_564' title='bbox 2118 3866 2201 3930; x_wconf 73' lang='grc' dir='ltr'><strong>εἰς</strong></span> <span class='ocrx_word' id='word_1_565' title='bbox 2232 3865 2608 3938; x_wconf 83' lang='grc' dir='ltr'><strong>Ἱεροσόλυμα,</strong></span> <span class='ocrx_word' id='word_1_566' title='bbox 2645 3864 2771 3918; x_wconf 75' lang='grc' dir='ltr'><strong>ἐπεὶ</strong></span> <span class='ocrx_word' id='word_1_567' title='bbox 2836 3865 2886 3918; x_wconf 76' lang='grc' dir='ltr'><strong>ει</strong></span> <span class='ocrx_word' id='word_1_568' title='bbox 2956 3864 3034 3936; x_wconf 80' lang='grc' dir='ltr'><strong>μὴ</strong></span> <span class='ocrx_word' id='word_1_569' title='bbox 3081 3862 3241 3917; x_wconf 79' lang='grc' dir='ltr'><strong>τοῦτο</strong></span> <span class='ocrx_word' id='word_1_570' title='bbox 3270 3858 3363 3933; x_wconf 82' lang='grc' dir='ltr'><strong>ἦν,</strong></span> <span class='ocrx_word' id='word_1_571' title='bbox 3392 3860 3487 3916; x_wconf 75' lang='grc' dir='ltr'><strong>καὶ</strong></span> 
     </span>
    </p>
   </div>
   <div class='ocr_carea' id='block_1_77' title="bbox 196 3948 1776 4028">
    <p class='ocr_par' dir='ltr' id='par_1_77' title="bbox 196 3948 1776 4028">
     <span class='ocr_line' id='line_1_77' title="bbox 196 3948 1776 4028; baseline 0.007 -26"><span class='ocrx_word' id='word_1_572' title='bbox 196 3951 274 4023; x_wconf 77' lang='grc' dir='ltr'><strong>μὴ</strong></span> <span class='ocrx_word' id='word_1_573' title='bbox 309 3948 657 4019; x_wconf 81' lang='grc' dir='ltr'><strong>βουλομένων</strong></span> <span class='ocrx_word' id='word_1_574' title='bbox 684 3952 910 4006; x_wconf 72' lang='grc' dir='ltr'><strong>ἐκείνων</strong></span> <span class='ocrx_word' id='word_1_575' title='bbox 942 3954 1017 4006; x_wconf 72' lang='lat' dir='ltr'><strong>sic</strong></span> <span class='ocrx_word' id='word_1_576' title='bbox 1056 3952 1193 4021; x_wconf 73' lang='grc' dir='ltr'><strong>⁵λθεν</strong></span> <span class='ocrx_word' id='word_1_577' title='bbox 1230 3955 1297 4008; x_wconf 80' lang='grc' dir='ltr'><strong>ἀν</strong></span> <span class='ocrx_word' id='word_1_578' title='bbox 1324 3957 1406 4020; x_wconf 69' lang='grc' dir='ltr'><strong>εις</strong></span> <span class='ocrx_word' id='word_1_579' title='bbox 1433 3957 1533 4028; x_wconf 73' lang='grc' dir='ltr'><strong>τὴν</strong></span> <span class='ocrx_word' id='word_1_580' title='bbox 1557 3958 1776 4028; x_wconf 80' lang='grc' dir='ltr'><strong>κώμην.</strong></span> 
     </span>
    </p>
   </div>
   <div class='ocr_carea' id='block_1_78' title="bbox 276 4042 1867 4121">
    <p class='ocr_par' dir='ltr' id='par_1_78' title="bbox 276 4042 1783 4121">
     <span class='ocr_line' id='line_1_78' title="bbox 276 4042 1783 4121; baseline 0.006 -25"><span class='ocrx_word' id='word_1_581' title='bbox 276 4062 297 4096; x_wconf 76' lang='grc' dir='ltr'><strong>ε</strong></span> <span class='ocrx_word' id='word_1_582' title='bbox 370 4044 622 4111; x_wconf 80' lang='grc' dir='ltr'><strong>Ἐγένετο</strong></span> <span class='ocrx_word' id='word_1_583' title='bbox 674 4042 732 4096; x_wconf 79' lang='grc' dir='ltr'><strong>δὲ</strong></span> <span class='ocrx_word' id='word_1_584' title='bbox 784 4048 1170 4116; x_wconf 61' lang='grc' dir='ltr'><strong>πορευομῖνων</strong></span> <span class='ocrx_word' id='word_1_585' title='bbox 1225 4048 1406 4102; x_wconf 80' lang='grc' dir='ltr'><strong>αὐτῶν</strong></span> <span class='ocrx_word' id='word_1_586' title='bbox 1439 4052 1496 4103; x_wconf 79' lang='grc' dir='ltr'><strong>ὲν</strong></span> <span class='ocrx_word' id='word_1_587' title='bbox 1552 4054 1619 4121; x_wconf 76' lang='grc' dir='ltr'><strong>τῇ</strong></span> <span class='ocrx_word' id='word_1_588' title='bbox 1658 4051 1783 4121; x_wconf 72' lang='grc' dir='ltr'><strong>ὁδῷ,</strong></span> 
     </span>
    </p>
   </div>
   <div class='ocr_carea' id='block_1_79' title="bbox 1898 4042 3489 4121">
    <p class='ocr_par' dir='ltr' id='par_1_79' title="bbox 1964 4045 3489 4111">
     <span class='ocr_line' id='line_1_79' title="bbox 1964 4045 3489 4111; baseline 0.001 -12"><span class='ocrx_word' id='word_1_589' title='bbox 1964 4046 2130 4101; x_wconf 68' lang='lat' dir='ltr'><strong>Vens.</strong></span> <span class='ocrx_word' id='word_1_590' title='bbox 2173 4045 2366 4100; x_wconf 72' lang='lat'><strong>57-62.</strong></span> <span class='ocrx_word' id='word_1_591' title='bbox 2400 4065 2417 4097; x_wconf 77' lang='grc' dir='ltr'><strong>ι</strong></span> <span class='ocrx_word' id='word_1_592' title='bbox 2460 4045 2687 4100; x_wconf 82' lang='lat' dir='ltr'><strong>Factum</strong></span> <span class='ocrx_word' id='word_1_593' title='bbox 2718 4053 2801 4100; x_wconf 84' lang='lat' dir='ltr'><strong>est</strong></span> <span class='ocrx_word' id='word_1_594' title='bbox 2841 4055 3047 4111; x_wconf 90' lang='lat' dir='ltr'><strong>autem,</strong></span> <span class='ocrx_word' id='word_1_595' title='bbox 3081 4047 3489 4101; x_wconf 87' lang='lat' dir='ltr'><strong>ambulantibus</strong></span> 
     </span>
    </p>
   </div>
   <div class='ocr_carea' id='block_1_80' title="bbox 197 4134 1788 4208">
    <p class='ocr_par' dir='ltr' id='par_1_80' title="bbox 197 4134 1788 4207">
     <span class='ocr_line' id='line_1_80' title="bbox 197 4134 1788 4207; baseline 0.004 -16"><span class='ocrx_word' id='word_1_596' title='bbox 197 4134 323 4191; x_wconf 78' lang='grc' dir='ltr'><strong>εἶπέ</strong></span> <span class='ocrx_word' id='word_1_597' title='bbox 370 4153 456 4200; x_wconf 87' lang='grc' dir='ltr'><strong>τις</strong></span> <span class='ocrx_word' id='word_1_598' title='bbox 512 4136 649 4205; x_wconf 75' lang='grc' dir='ltr'><strong>πρὸς</strong></span> <span class='ocrx_word' id='word_1_599' title='bbox 704 4138 905 4190; x_wconf 67' lang='grc' dir='ltr'><strong>αὐτόν·</strong></span> <span class='ocrx_word' id='word_1_600' title='bbox 967 4139 999 4191; x_wconf 71' lang='grc' dir='ltr'><strong>’λ</strong></span> <span class='ocrx_word' id='word_1_601' title='bbox 1035 4138 1347 4207; x_wconf 78' lang='grc' dir='ltr'><strong>κολουθήσω</strong></span> <span class='ocrx_word' id='word_1_602' title='bbox 1403 4160 1486 4196; x_wconf 89' lang='grc' dir='ltr'><strong>σοι</strong></span> <span class='ocrx_word' id='word_1_603' title='bbox 1541 4144 1675 4196; x_wconf 81' lang='grc' dir='ltr'><strong>ὅπου</strong></span> <span class='ocrx_word' id='word_1_604' title='bbox 1720 4144 1788 4198; x_wconf 84' lang='grc' dir='ltr'><strong>ἂν</strong></span> 
     </span>
    </p>
   </div>
   <div class='ocr_carea' id='block_1_81' title="bbox 1899 4134 3490 4208">
    <p class='ocr_par' dir='ltr' id='par_1_81' title="bbox 1899 4136 3490 4208">
     <span class='ocr_line' id='line_1_81' title="bbox 1899 4136 3490 4208; baseline -0.001 -15"><span class='ocrx_word' id='word_1_605' title='bbox 1899 4138 2005 4194; x_wconf 86' lang='lat' dir='ltr'><strong>illis</strong></span> <span class='ocrx_word' id='word_1_606' title='bbox 2037 4139 2091 4191; x_wconf 84' lang='lat' dir='ltr'><strong>in</strong></span> <span class='ocrx_word' id='word_1_607' title='bbox 2127 4138 2237 4203; x_wconf 89' lang='lat' dir='ltr'><strong>via,</strong></span> <span class='ocrx_word' id='word_1_608' title='bbox 2270 4138 2407 4192; x_wconf 81' lang='lat' dir='ltr'><strong>dixit</strong></span> <span class='ocrx_word' id='word_1_609' title='bbox 2438 4138 2658 4208; x_wconf 87' lang='lat' dir='ltr'><strong>quidam</strong></span> <span class='ocrx_word' id='word_1_610' title='bbox 2702 4136 2767 4191; x_wconf 91' lang='lat' dir='ltr'><strong>ad</strong></span> <span class='ocrx_word' id='word_1_611' title='bbox 2805 4137 2952 4191; x_wconf 88' lang='lat' dir='ltr'><strong>illum</strong></span> <span class='ocrx_word' id='word_1_612' title='bbox 2994 4155 3008 4191; x_wconf 91' lang='lat'><strong><em>:</em></strong></span> <span class='ocrx_word' id='word_1_613' title='bbox 3038 4137 3251 4208; x_wconf 85' lang='lat' dir='ltr'><strong>Sequar</strong></span> <span class='ocrx_word' id='word_1_614' title='bbox 3275 4148 3346 4205; x_wconf 81' lang='lat' dir='ltr'><strong>te,</strong></span> <span class='ocrx_word' id='word_1_615' title='bbox 3384 4139 3490 4192; x_wconf 81' lang='lat' dir='ltr'><strong>Do-</strong></span> 
     </span>
    </p>
   </div>
   <div class='ocr_carea' id='block_1_82' title="bbox 196 4224 1787 4303">
    <p class='ocr_par' dir='ltr' id='par_1_82' title="bbox 196 4224 1787 4303">
     <span class='ocr_line' id='line_1_82' title="bbox 196 4224 1787 4303; baseline 0.004 -21"><span class='ocrx_word' id='word_1_616' title='bbox 196 4230 448 4301; x_wconf 77' lang='grc' dir='ltr'><strong>ἀπέρχῃ,</strong></span> <span class='ocrx_word' id='word_1_617' title='bbox 489 4226 685 4299; x_wconf 82' lang='grc' dir='ltr'><strong>Κύριε.</strong></span> <span class='ocrx_word' id='word_1_618' title='bbox 714 4229 823 4282; x_wconf 68' lang='grc' dir='ltr'><strong>Καὶ</strong></span> <span class='ocrx_word' id='word_1_619' title='bbox 850 4224 1005 4283; x_wconf 83' lang='grc' dir='ltr'><strong>εἶπεν</strong></span> <span class='ocrx_word' id='word_1_620' title='bbox 1028 4231 1180 4302; x_wconf 86' lang='grc' dir='ltr'><strong>αὐτῷ</strong></span> <span class='ocrx_word' id='word_1_621' title='bbox 1207 4232 1477 4303; x_wconf 73' lang='grc' dir='ltr'>ὁἻησοῦς</span> <span class='ocrx_word' id='word_1_622' title='bbox 1496 4252 1511 4267; x_wconf 78' lang='grc' dir='ltr'><strong>ο</strong></span> <span class='ocrx_word' id='word_1_623' title='bbox 1543 4237 1608 4289; x_wconf 80' lang='lat' dir='ltr'><strong>Al</strong></span> <span class='ocrx_word' id='word_1_624' title='bbox 1643 4236 1787 4290; x_wconf 86' lang='grc' dir='ltr'><strong>ἀλώ-</strong></span> 
     </span>
    </p>
   </div>
   <div class='ocr_carea' id='block_1_83' title="bbox 1900 4224 3491 4303">
    <p class='ocr_par' dir='ltr' id='par_1_83' title="bbox 1900 4228 3491 4302">
     <span class='ocr_line' id='line_1_83' title="bbox 1900 4228 3491 4302; baseline 0.002 -20"><span class='ocrx_word' id='word_1_625' title='bbox 1900 4230 2055 4296; x_wconf 86' lang='lat' dir='ltr'><strong>mine,</strong></span> <span class='ocrx_word' id='word_1_626' title='bbox 2104 4244 2430 4301; x_wconf 87' lang='lat' dir='ltr'><strong>quocunque</strong></span> <span class='ocrx_word' id='word_1_627' title='bbox 2485 4230 2644 4285; x_wconf 89' lang='lat' dir='ltr'><strong>ieris.</strong></span> <span class='ocrx_word' id='word_1_628' title='bbox 2708 4230 2856 4284; x_wconf 72' lang='lat' dir='ltr'><strong>Dixit</strong></span> <span class='ocrx_word' id='word_1_629' title='bbox 2912 4230 2984 4282; x_wconf 93' lang='lat' dir='ltr'><strong>illi</strong></span> <span class='ocrx_word' id='word_1_630' title='bbox 3040 4228 3239 4287; x_wconf 76' lang='lat' dir='ltr'><strong>Jcsus:</strong></span> <span class='ocrx_word' id='word_1_631' title='bbox 3293 4229 3491 4302; x_wconf 84' lang='lat' dir='ltr'><strong>Vulpes</strong></span> 
     </span>
    </p>
   </div>
   <div class='ocr_carea' id='block_1_84' title="bbox 198 4319 1789 4397">
    <p class='ocr_par' dir='ltr' id='par_1_84' title="bbox 198 4319 1788 4397">
     <span class='ocr_line' id='line_1_84' title="bbox 198 4319 1788 4397; baseline 0.004 -23"><span class='ocrx_word' id='word_1_632' title='bbox 198 4337 370 4383; x_wconf 79' lang='grc' dir='ltr'><strong>πεκες</strong></span> <span class='ocrx_word' id='word_1_633' title='bbox 406 4319 650 4388; x_wconf 81' lang='grc' dir='ltr'><strong>φωλεοὺς</strong></span> <span class='ocrx_word' id='word_1_634' title='bbox 677 4319 882 4390; x_wconf 76' lang='grc' dir='ltr'><strong>ἔχουσι,</strong></span> <span class='ocrx_word' id='word_1_635' title='bbox 916 4323 1012 4375; x_wconf 80' lang='grc' dir='ltr'><strong>καὶ</strong></span> <span class='ocrx_word' id='word_1_636' title='bbox 1054 4323 1122 4376; x_wconf 90' lang='grc' dir='ltr'><strong>τά</strong></span> <span class='ocrx_word' id='word_1_637' title='bbox 1162 4325 1387 4378; x_wconf 79' lang='grc' dir='ltr'><strong>πετεινά</strong></span> <span class='ocrx_word' id='word_1_638' title='bbox 1426 4324 1521 4378; x_wconf 80' lang='grc' dir='ltr'><strong>τοῦ</strong></span> <span class='ocrx_word' id='word_1_639' title='bbox 1554 4327 1788 4397; x_wconf 80' lang='grc' dir='ltr'><strong>οὐρανοῦ</strong></span> 
     </span>
    </p>
   </div>
   <div class='ocr_carea' id='block_1_85' title="bbox 1900 4319 3491 4397">
    <p class='ocr_par' dir='ltr' id='par_1_85' title="bbox 1900 4319 3491 4385">
     <span class='ocr_line' id='line_1_85' title="bbox 1900 4319 3491 4385; baseline -0.001 -11"><span class='ocrx_word' id='word_1_640' title='bbox 1900 4320 2077 4376; x_wconf 72' lang='lat' dir='ltr'><strong>foveas</strong></span> <span class='ocrx_word' id='word_1_641' title='bbox 2106 4321 2333 4385; x_wconf 88' lang='lat' dir='ltr'><strong>habent,</strong></span> <span class='ocrx_word' id='word_1_642' title='bbox 2354 4330 2412 4375; x_wconf 87' lang='lat' dir='ltr'><strong>et</strong></span> <span class='ocrx_word' id='word_1_643' title='bbox 2444 4320 2692 4375; x_wconf 84' lang='lat' dir='ltr'><strong>volucres</strong></span> <span class='ocrx_word' id='word_1_644' title='bbox 2714 4320 2839 4375; x_wconf 67' lang='lat' dir='ltr'><strong>caeli</strong></span> <span class='ocrx_word' id='word_1_645' title='bbox 2878 4320 3037 4373; x_wconf 88' lang='lat' dir='ltr'><strong>nidos</strong></span> <span class='ocrx_word' id='word_1_646' title='bbox 3064 4339 3077 4375; x_wconf 96' lang='lat'>:</span> <span class='ocrx_word' id='word_1_647' title='bbox 3112 4319 3285 4375; x_wconf 83' lang='lat' dir='ltr'><strong>Filius</strong></span> <span class='ocrx_word' id='word_1_648' title='bbox 3308 4330 3491 4376; x_wconf 87' lang='lat' dir='ltr'><strong>autem</strong></span> 
     </span>
    </p>
   </div>
   <div class='ocr_carea' id='block_1_86' title="bbox 194 4404 1785 4515">
    <p class='ocr_par' dir='ltr' id='par_1_86' title="bbox 194 4411 1785 4490">
     <span class='ocr_line' id='line_1_86' title="bbox 194 4411 1785 4490; baseline 0.004 -23"><span class='ocrx_word' id='word_1_649' title='bbox 194 4411 645 4481; x_wconf 81' lang='grc' dir='ltr'><strong>κατασκηνώσεις</strong></span> <span class='ocrx_word' id='word_1_650' title='bbox 667 4428 684 4444; x_wconf 76' lang='grc'><strong><em>⁸</em></strong></span> <span class='ocrx_word' id='word_1_651' title='bbox 723 4415 751 4467; x_wconf 79' lang='lat' dir='ltr'><strong>b</strong></span> <span class='ocrx_word' id='word_1_652' title='bbox 819 4414 875 4467; x_wconf 82' lang='grc' dir='ltr'><strong>δὲ</strong></span> <span class='ocrx_word' id='word_1_653' title='bbox 922 4414 1050 4478; x_wconf 74' lang='grc' dir='ltr'><strong>Υἱὸς</strong></span> <span class='ocrx_word' id='word_1_654' title='bbox 1077 4415 1174 4469; x_wconf 82' lang='grc' dir='ltr'><strong>τοῦ</strong></span> <span class='ocrx_word' id='word_1_655' title='bbox 1217 4417 1506 4489; x_wconf 83' lang='grc' dir='ltr'><strong>ἀνθρώπου</strong></span> <span class='ocrx_word' id='word_1_656' title='bbox 1537 4420 1639 4474; x_wconf 79' lang='grc' dir='ltr'><strong>οὐκ</strong></span> <span class='ocrx_word' id='word_1_657' title='bbox 1674 4419 1785 4490; x_wconf 80' lang='grc' dir='ltr'><strong>ἔχει</strong></span> 
     </span>
    </p>
   </div>
   <div class='ocr_carea' id='block_1_87' title="bbox 1901 4404 3492 4515">
    <p class='ocr_par' dir='ltr' id='par_1_87' title="bbox 1901 4404 3492 4481">
     <span class='ocr_line' id='line_1_87' title="bbox 1901 4404 3492 4481; baseline 0 -13"><span class='ocrx_word' id='word_1_658' title='bbox 1901 4413 2134 4469; x_wconf 85' lang='lat' dir='ltr'><strong>hominis</strong></span> <span class='ocrx_word' id='word_1_659' title='bbox 2176 4429 2283 4467; x_wconf 89' lang='lat' dir='ltr'><strong>nou</strong></span> <span class='ocrx_word' id='word_1_660' title='bbox 2316 4414 2477 4468; x_wconf 87' lang='lat' dir='ltr'><strong>habet</strong></span> <span class='ocrx_word' id='word_1_661' title='bbox 2512 4414 2602 4467; x_wconf 87' lang='lat' dir='ltr'><strong>ubi</strong></span> <span class='ocrx_word' id='word_1_662' title='bbox 2662 4426 2826 4481; x_wconf 83' lang='lat' dir='ltr'><strong>caput</strong></span> <span class='ocrx_word' id='word_1_663' title='bbox 2877 4427 3036 4466; x_wconf 82' lang='lat' dir='ltr'><strong>suum</strong></span> <span class='ocrx_word' id='word_1_664' title='bbox 3098 4404 3373 4468; x_wconf 54' lang='lat' dir='ltr'><strong>reclinet.’</strong></span> <span class='ocrx_word' id='word_1_665' title='bbox 3402 4413 3492 4468; x_wconf 85' lang='lat' dir='ltr'><strong>Ait</strong></span> 
     </span>
    </p>
   </div>
   <div class='ocr_carea' id='block_1_88' title="bbox 190 4492 1781 4583">
    <p class='ocr_par' dir='ltr' id='par_1_88' title="bbox 190 4502 1781 4583">
     <span class='ocr_line' id='line_1_88' title="bbox 190 4502 1781 4583; baseline -0.003 -26"><span class='ocrx_word' id='word_1_666' title='bbox 190 4505 299 4558; x_wconf 72' lang='grc' dir='ltr'><strong>ποῦ</strong></span> <span class='ocrx_word' id='word_1_667' title='bbox 326 4504 427 4575; x_wconf 81' lang='grc' dir='ltr'><strong>τὴν</strong></span> <span class='ocrx_word' id='word_1_668' title='bbox 456 4503 697 4575; x_wconf 77' lang='grc' dir='ltr'><strong>κεφαλὴν</strong></span> <span class='ocrx_word' id='word_1_669' title='bbox 730 4505 908 4577; x_wconf 77' lang='grc' dir='ltr'><strong>κλίνῃ.</strong></span> <span class='ocrx_word' id='word_1_670' title='bbox 946 4502 1080 4559; x_wconf 69' lang='lat' dir='ltr'><strong>Eine</strong></span> <span class='ocrx_word' id='word_1_671' title='bbox 1115 4508 1172 4561; x_wconf 83' lang='grc' dir='ltr'><strong>δὲ</strong></span> <span class='ocrx_word' id='word_1_672' title='bbox 1209 4510 1346 4581; x_wconf 76' lang='grc' dir='ltr'><strong>πρὸς</strong></span> <span class='ocrx_word' id='word_1_673' title='bbox 1375 4510 1584 4583; x_wconf 76' lang='grc' dir='ltr'><strong>ἕτερον·</strong></span> <span class='ocrx_word' id='word_1_674' title='bbox 1628 4514 1781 4567; x_wconf 68' lang='grc' dir='ltr'><strong>Ἄκη.</strong></span> 
     </span>
    </p>
   </div>
   <div class='ocr_carea' id='block_1_89' title="bbox 1895 4492 3486 4583">
    <p class='ocr_par' dir='ltr' id='par_1_89' title="bbox 1895 4492 3486 4576">
     <span class='ocr_line' id='line_1_89' title="bbox 1895 4492 3486 4576; baseline 0.001 -17"><span class='ocrx_word' id='word_1_675' title='bbox 1895 4516 2077 4562; x_wconf 87' lang='lat' dir='ltr'><strong>autetu</strong></span> <span class='ocrx_word' id='word_1_676' title='bbox 2107 4508 2175 4561; x_wconf 89' lang='lat' dir='ltr'><strong>ad</strong></span> <span class='ocrx_word' id='word_1_677' title='bbox 2212 4507 2443 4560; x_wconf 86' lang='lat' dir='ltr'><strong>alterum</strong></span> <span class='ocrx_word' id='word_1_678' title='bbox 2488 4492 2777 4576; x_wconf 35' lang='lat' dir='ltr'><strong>:‘Sequere</strong></span> <span class='ocrx_word' id='word_1_679' title='bbox 2806 4521 2911 4558; x_wconf 90' lang='lat' dir='ltr'><strong>me.</strong></span> <span class='ocrx_word' id='word_1_680' title='bbox 2954 4507 3047 4559; x_wconf 90' lang='lat' dir='ltr'><strong>Ille</strong></span> <span class='ocrx_word' id='word_1_681' title='bbox 3081 4514 3263 4559; x_wconf 86' lang='lat' dir='ltr'><strong>autem</strong></span> <span class='ocrx_word' id='word_1_682' title='bbox 3296 4505 3436 4560; x_wconf 84' lang='lat' dir='ltr'><strong>dixit</strong></span> <span class='ocrx_word' id='word_1_683' title='bbox 3473 4524 3486 4560; x_wconf 94' lang='lat'>:</span> 
     </span>
    </p>
   </div>
   <div class='ocr_carea' id='block_1_90' title="bbox 190 4596 1781 4677">
    <p class='ocr_par' dir='ltr' id='par_1_90' title="bbox 190 4596 1781 4677">
     <span class='ocr_line' id='line_1_90' title="bbox 190 4596 1781 4677; baseline 0.006 -27"><span class='ocrx_word' id='word_1_684' title='bbox 190 4597 380 4652; x_wconf 77' lang='grc' dir='ltr'><strong>λούθει</strong></span> <span class='ocrx_word' id='word_1_685' title='bbox 411 4615 521 4665; x_wconf 86' lang='grc' dir='ltr'><strong>μοι.</strong></span> <span class='ocrx_word' id='word_1_686' title='bbox 569 4597 635 4651; x_wconf 87' lang='lat'><strong>&#39;0</strong></span> <span class='ocrx_word' id='word_1_687' title='bbox 670 4598 727 4652; x_wconf 83' lang='grc' dir='ltr'><strong>δὲ</strong></span> <span class='ocrx_word' id='word_1_688' title='bbox 754 4596 874 4652; x_wconf 84' lang='grc' dir='ltr'><strong>εἶπε</strong></span> <span class='ocrx_word' id='word_1_689' title='bbox 898 4614 912 4628; x_wconf 76' lang='grc'><strong>⁸</strong></span> <span class='ocrx_word' id='word_1_690' title='bbox 944 4599 1138 4671; x_wconf 84' lang='grc' dir='ltr'><strong>Κύριε,</strong></span> <span class='ocrx_word' id='word_1_691' title='bbox 1171 4602 1467 4673; x_wconf 68' lang='grc' dir='ltr'><strong>ἐπίτρεψόν</strong></span> <span class='ocrx_word' id='word_1_692' title='bbox 1506 4623 1597 4677; x_wconf 88' lang='grc' dir='ltr'><strong>μοι</strong></span> <span class='ocrx_word' id='word_1_693' title='bbox 1622 4607 1781 4659; x_wconf 81' lang='grc' dir='ltr'><strong>ἀπελ-</strong></span> 
     </span>
    </p>
   </div>
   <div class='ocr_carea' id='block_1_91' title="bbox 1901 4596 3492 4677">
    <p class='ocr_par' dir='ltr' id='par_1_91' title="bbox 1901 4598 3492 4668">
     <span class='ocr_line' id='line_1_91' title="bbox 1901 4598 3492 4668; baseline 0 -15"><span class='ocrx_word' id='word_1_694' title='bbox 1901 4600 2143 4668; x_wconf 85' lang='lat' dir='ltr'><strong>Domine,</strong></span> <span class='ocrx_word' id='word_1_695' title='bbox 2194 4599 2448 4668; x_wconf 86' lang='lat' dir='ltr'><strong>permitte</strong></span> <span class='ocrx_word' id='word_1_696' title='bbox 2492 4598 2624 4653; x_wconf 90' lang='lat' dir='ltr'><strong>mihi</strong></span> <span class='ocrx_word' id='word_1_697' title='bbox 2682 4600 2917 4666; x_wconf 87' lang='lat' dir='ltr'><strong>primum</strong></span> <span class='ocrx_word' id='word_1_698' title='bbox 2953 4598 3128 4659; x_wconf 86' lang='lat' dir='ltr'><strong>abire,</strong></span> <span class='ocrx_word' id='word_1_699' title='bbox 3159 4606 3214 4652; x_wconf 87' lang='lat' dir='ltr'><strong>et</strong></span> <span class='ocrx_word' id='word_1_700' title='bbox 3258 4598 3492 4668; x_wconf 63' lang='lat' dir='ltr'><strong>sepelire</strong></span> 
     </span>
    </p>
   </div>
   <div class='ocr_carea' id='block_1_92' title="bbox 192 4688 1783 4768">
    <p class='ocr_par' dir='ltr' id='par_1_92' title="bbox 192 4691 1783 4768">
     <span class='ocr_line' id='line_1_92' title="bbox 192 4691 1783 4768; baseline 0.003 -23"><span class='ocrx_word' id='word_1_701' title='bbox 192 4694 346 4747; x_wconf 63' lang='lat' dir='ltr'><strong>irim</strong></span> <span class='ocrx_word' id='word_1_702' title='bbox 389 4692 607 4762; x_wconf 80' lang='grc' dir='ltr'><strong>πρῶτον</strong></span> <span class='ocrx_word' id='word_1_703' title='bbox 630 4691 799 4757; x_wconf 68' lang='grc' dir='ltr'><strong>θάψαι</strong></span> <span class='ocrx_word' id='word_1_704' title='bbox 829 4691 923 4745; x_wconf 71' lang='grc' dir='ltr'><strong>τὸν</strong></span> <span class='ocrx_word' id='word_1_705' title='bbox 968 4695 1179 4763; x_wconf 81' lang='grc' dir='ltr'><strong>πατέρα</strong></span> <span class='ocrx_word' id='word_1_706' title='bbox 1207 4712 1331 4760; x_wconf 80' lang='grc' dir='ltr'><strong>μου.</strong></span> <span class='ocrx_word' id='word_1_707' title='bbox 1367 4692 1503 4749; x_wconf 65' lang='lat' dir='ltr'><strong>Eine</strong></span> <span class='ocrx_word' id='word_1_708' title='bbox 1534 4694 1592 4749; x_wconf 79' lang='grc' dir='ltr'><strong>δὲ</strong></span> <span class='ocrx_word' id='word_1_709' title='bbox 1639 4698 1783 4768; x_wconf 70' lang='grc' dir='ltr'><strong>αὐτῷ</strong></span> 
     </span>
    </p>
   </div>
   <div class='ocr_carea' id='block_1_93' title="bbox 1897 4688 3488 4768">
    <p class='ocr_par' dir='ltr' id='par_1_93' title="bbox 1897 4688 3488 4762">
     <span class='ocr_line' id='line_1_93' title="bbox 1897 4688 3488 4762; baseline 0 -17"><span class='ocrx_word' id='word_1_710' title='bbox 1897 4703 2101 4762; x_wconf 86' lang='lat' dir='ltr'><strong>patrem</strong></span> <span class='ocrx_word' id='word_1_711' title='bbox 2129 4708 2329 4747; x_wconf 88' lang='lat' dir='ltr'><strong>meum.</strong></span> <span class='ocrx_word' id='word_1_712' title='bbox 2366 4692 2511 4746; x_wconf 89' lang='lat' dir='ltr'><strong>Dixit</strong></span> <span class='ocrx_word' id='word_1_713' title='bbox 2541 4702 2722 4747; x_wconf 89' lang='lat' dir='ltr'><strong>autem</strong></span> <span class='ocrx_word' id='word_1_714' title='bbox 2750 4690 2799 4745; x_wconf 89' lang='lat' dir='ltr'><strong>ei</strong></span> <span class='ocrx_word' id='word_1_715' title='bbox 2827 4688 2991 4745; x_wconf 81' lang='lat' dir='ltr'><strong>Jesus</strong></span> <span class='ocrx_word' id='word_1_716' title='bbox 3026 4707 3039 4743; x_wconf 91' lang='lat'><strong>:</strong></span> <span class='ocrx_word' id='word_1_717' title='bbox 3081 4690 3213 4745; x_wconf 90' lang='lat' dir='ltr'><strong>Sine</strong></span> <span class='ocrx_word' id='word_1_718' title='bbox 3244 4700 3304 4745; x_wconf 88' lang='lat' dir='ltr'><strong>ut</strong></span> <span class='ocrx_word' id='word_1_719' title='bbox 3335 4706 3488 4746; x_wconf 67' lang='lat' dir='ltr'><strong>moro</strong></span> 
     </span>
    </p>
   </div>
   <div class='ocr_carea' id='block_1_94' title="bbox 190 4784 1781 4857">
    <p class='ocr_par' dir='ltr' id='par_1_94' title="bbox 190 4784 1781 4857">
     <span class='ocr_line' id='line_1_94' title="bbox 190 4784 1781 4857; baseline 0.004 -19"><span class='ocrx_word' id='word_1_720' title='bbox 190 4788 220 4838; x_wconf 78' lang='grc' dir='ltr'>ὁ</span> <span class='ocrx_word' id='word_1_721' title='bbox 246 4784 492 4852; x_wconf 66' lang='grc' dir='ltr'><strong>Ἰησοῦς·</strong></span> <span class='ocrx_word' id='word_1_722' title='bbox 534 4784 708 4850; x_wconf 76' lang='grc' dir='ltr'><strong>’Λφες</strong></span> <span class='ocrx_word' id='word_1_723' title='bbox 733 4786 860 4848; x_wconf 75' lang='grc' dir='ltr'><strong>τοὺς</strong></span> <span class='ocrx_word' id='word_1_724' title='bbox 895 4788 1122 4857; x_wconf 75' lang='grc' dir='ltr'><strong>νεκροὺς</strong></span> <span class='ocrx_word' id='word_1_725' title='bbox 1172 4787 1341 4857; x_wconf 63' lang='grc' dir='ltr'><strong>θάψαι</strong></span> <span class='ocrx_word' id='word_1_726' title='bbox 1391 4790 1518 4852; x_wconf 73' lang='grc' dir='ltr'><strong>τοὺς</strong></span> <span class='ocrx_word' id='word_1_727' title='bbox 1578 4791 1781 4844; x_wconf 63' lang='grc' dir='ltr'><strong>ἑαυτῶν</strong></span> 
     </span>
    </p>
   </div>
   <div class='ocr_carea' id='block_1_95' title="bbox 1898 4784 3489 4857">
    <p class='ocr_par' dir='ltr' id='par_1_95' title="bbox 1898 4785 3489 4854">
     <span class='ocr_line' id='line_1_95' title="bbox 1898 4785 3489 4854; baseline -0.001 -15"><span class='ocrx_word' id='word_1_728' title='bbox 1898 4785 1969 4839; x_wconf 86' lang='grc' dir='ltr'><strong>ιιιὶ</strong></span> <span class='ocrx_word' id='word_1_729' title='bbox 1998 4786 2268 4854; x_wconf 80' lang='lat' dir='ltr'><strong>sepeliant</strong></span> <span class='ocrx_word' id='word_1_730' title='bbox 2296 4796 2540 4837; x_wconf 88' lang='lat' dir='ltr'><strong>mortuos</strong></span> <span class='ocrx_word' id='word_1_731' title='bbox 2573 4799 2703 4839; x_wconf 68' lang='grc' dir='ltr'><strong>θυοδ</strong></span> <span class='ocrx_word' id='word_1_732' title='bbox 2729 4802 2744 4837; x_wconf 89' lang='lat'><strong>:</strong></span> <span class='ocrx_word' id='word_1_733' title='bbox 2781 4792 2836 4836; x_wconf 90' lang='lat' dir='ltr'><strong>tu</strong></span> <span class='ocrx_word' id='word_1_734' title='bbox 2870 4799 2999 4837; x_wconf 85' lang='lat' dir='ltr'><strong>vero</strong></span> <span class='ocrx_word' id='word_1_735' title='bbox 3026 4785 3165 4837; x_wconf 82' lang='lat' dir='ltr'><strong>vade</strong></span> <span class='ocrx_word' id='word_1_736' title='bbox 3190 4793 3245 4837; x_wconf 87' lang='lat' dir='ltr'><strong>et</strong></span> <span class='ocrx_word' id='word_1_737' title='bbox 3276 4799 3489 4837; x_wconf 86' lang='lat' dir='ltr'><strong>annuu-</strong></span> 
     </span>
    </p>
   </div>
   <div class='ocr_carea' id='block_1_96' title="bbox 191 4874 1782 4948">
    <p class='ocr_par' dir='ltr' id='par_1_96' title="bbox 191 4874 1782 4948">
     <span class='ocr_line' id='line_1_96' title="bbox 191 4874 1782 4948; baseline 0.003 -20"><span class='ocrx_word' id='word_1_738' title='bbox 191 4875 447 4946; x_wconf 76' lang='grc' dir='ltr'><strong>νεκροὺς.</strong></span> <span class='ocrx_word' id='word_1_739' title='bbox 500 4874 564 4926; x_wconf 81' lang='grc' dir='ltr'><strong>σὺ</strong></span> <span class='ocrx_word' id='word_1_740' title='bbox 611 4875 669 4927; x_wconf 79' lang='grc' dir='ltr'><strong>δὲ.</strong></span> <span class='ocrx_word' id='word_1_741' title='bbox 718 4874 990 4941; x_wconf 70' lang='grc' dir='ltr'><strong>ἀπελθὼν,</strong></span> <span class='ocrx_word' id='word_1_742' title='bbox 1022 4875 1324 4943; x_wconf 77' lang='grc' dir='ltr'><strong>διάγγελλε</strong></span> <span class='ocrx_word' id='word_1_743' title='bbox 1358 4877 1460 4947; x_wconf 75' lang='grc' dir='ltr'><strong>τὴν</strong></span> <span class='ocrx_word' id='word_1_744' title='bbox 1507 4878 1782 4948; x_wconf 72' lang='grc' dir='ltr'><strong>βασιλείαν</strong></span> 
     </span>
    </p>
   </div>
   <div class='ocr_carea' id='block_1_97' title="bbox 1897 4874 3488 4948">
    <p class='ocr_par' dir='ltr' id='par_1_97' title="bbox 1897 4876 3488 4946">
     <span class='ocr_line' id='line_1_97' title="bbox 1897 4876 3488 4946; baseline -0.001 -16"><span class='ocrx_word' id='word_1_745' title='bbox 1897 4880 1965 4931; x_wconf 84' lang='lat' dir='ltr'><strong>lia</strong></span> <span class='ocrx_word' id='word_1_746' title='bbox 2004 4894 2229 4946; x_wconf 77' lang='lat' dir='ltr'><strong>regnum</strong></span> <span class='ocrx_word' id='word_1_747' title='bbox 2270 4878 2387 4932; x_wconf 87' lang='lat' dir='ltr'><strong>Dei.</strong></span> <span class='ocrx_word' id='word_1_748' title='bbox 2419 4876 2483 4930; x_wconf 82' lang='lat' dir='ltr'><strong>Et</strong></span> <span class='ocrx_word' id='word_1_749' title='bbox 2513 4877 2587 4930; x_wconf 88' lang='lat' dir='ltr'><strong>ait</strong></span> <span class='ocrx_word' id='word_1_750' title='bbox 2620 4877 2759 4931; x_wconf 88' lang='lat' dir='ltr'><strong>alius</strong></span> <span class='ocrx_word' id='word_1_751' title='bbox 2802 4894 2818 4933; x_wconf 87' lang='lat'><strong>:</strong></span> <span class='ocrx_word' id='word_1_752' title='bbox 2856 4876 3067 4945; x_wconf 80' lang='lat' dir='ltr'><strong>Sequar</strong></span> <span class='ocrx_word' id='word_1_753' title='bbox 3115 4886 3190 4940; x_wconf 89' lang='lat' dir='ltr'><strong>te,</strong></span> <span class='ocrx_word' id='word_1_754' title='bbox 3242 4877 3488 4943; x_wconf 85' lang='lat' dir='ltr'><strong>Domine,</strong></span> 
     </span>
    </p>
   </div>
   <div class='ocr_carea' id='block_1_98' title="bbox 188 4964 1779 5043">
    <p class='ocr_par' dir='ltr' id='par_1_98' title="bbox 188 4964 1779 5041">
     <span class='ocr_line' id='line_1_98' title="bbox 188 4964 1779 5041; baseline 0.004 -22"><span class='ocrx_word' id='word_1_755' title='bbox 188 4969 288 5021; x_wconf 74' lang='grc' dir='ltr'><strong>τοῦ</strong></span> <span class='ocrx_word' id='word_1_756' title='bbox 336 4966 496 5021; x_wconf 73' lang='grc' dir='ltr'><strong>Θεοῦ.</strong></span> <span class='ocrx_word' id='word_1_757' title='bbox 548 4964 681 5020; x_wconf 69' lang='lat' dir='ltr'><strong>Eine</strong></span> <span class='ocrx_word' id='word_1_758' title='bbox 727 4967 784 5019; x_wconf 80' lang='grc' dir='ltr'><strong>δὲ</strong></span> <span class='ocrx_word' id='word_1_759' title='bbox 837 4969 933 5020; x_wconf 75' lang='grc' dir='ltr'><strong>καὶ</strong></span> <span class='ocrx_word' id='word_1_760' title='bbox 990 4968 1178 5037; x_wconf 75' lang='grc' dir='ltr'><strong>ἕτερος</strong></span> <span class='ocrx_word' id='word_1_761' title='bbox 1207 4988 1219 5000; x_wconf 88' lang='grc'><strong>·</strong></span> <span class='ocrx_word' id='word_1_762' title='bbox 1255 4971 1637 5041; x_wconf 80' lang='grc' dir='ltr'><strong>’Δκολουθήσω</strong></span> <span class='ocrx_word' id='word_1_763' title='bbox 1678 4990 1779 5037; x_wconf 85' lang='grc' dir='ltr'><strong>σοι,</strong></span> 
     </span>
    </p>
   </div>
   <div class='ocr_carea' id='block_1_99' title="bbox 1898 4964 3489 5043">
    <p class='ocr_par' dir='ltr' id='par_1_99' title="bbox 1898 4968 3489 5043">
     <span class='ocr_line' id='line_1_99' title="bbox 1898 4968 3489 5043; baseline -0.005 -15"><span class='ocrx_word' id='word_1_764' title='bbox 1898 4975 1987 5028; x_wconf 70' lang='lat' dir='ltr'><strong>sccl</strong></span> <span class='ocrx_word' id='word_1_765' title='bbox 2017 4974 2275 5043; x_wconf 84' lang='lat' dir='ltr'><strong>permitte</strong></span> <span class='ocrx_word' id='word_1_766' title='bbox 2307 4972 2437 5025; x_wconf 91' lang='lat' dir='ltr'><strong>mihi</strong></span> <span class='ocrx_word' id='word_1_767' title='bbox 2475 4971 2625 5040; x_wconf 87' lang='lat' dir='ltr'><strong>prius</strong></span> <span class='ocrx_word' id='word_1_768' title='bbox 2660 4978 2717 5023; x_wconf 89' lang='lat' dir='ltr'><strong>ut</strong></span> <span class='ocrx_word' id='word_1_769' title='bbox 2750 4971 2926 5024; x_wconf 89' lang='lat' dir='ltr'><strong>dicam</strong></span> <span class='ocrx_word' id='word_1_770' title='bbox 2965 4970 3083 5022; x_wconf 88' lang='lat' dir='ltr'><strong>vale</strong></span> <span class='ocrx_word' id='word_1_771' title='bbox 3110 4970 3197 5035; x_wconf 84' lang='lat' dir='ltr'><strong>iis,</strong></span> <span class='ocrx_word' id='word_1_772' title='bbox 3227 4968 3323 5039; x_wconf 87' lang='lat' dir='ltr'><strong>qui</strong></span> <span class='ocrx_word' id='word_1_773' title='bbox 3363 4978 3489 5021; x_wconf 74' lang='lat' dir='ltr'><strong>sunt</strong></span> 
     </span>
    </p>
   </div>
   <div class='ocr_carea' id='block_1_100' title="bbox 189 5057 1780 5130">
    <p class='ocr_par' dir='ltr' id='par_1_100' title="bbox 189 5057 1780 5130">
     <span class='ocr_line' id='line_1_100' title="bbox 189 5057 1780 5130; baseline 0.024 -34"><span class='ocrx_word' id='word_1_774' title='bbox 189 5059 394 5130; x_wconf 63' lang='grc' dir='ltr'><strong>Κύριε,</strong></span> <span class='ocrx_word' id='word_1_775' title='bbox 423 5058 638 5124; x_wconf 69' lang='grc' dir='ltr'><strong>πρῶτον</strong></span> <span class='ocrx_word' id='word_1_776' title='bbox 670 5058 727 5110; x_wconf 81' lang='grc' dir='ltr'><strong>δὲ</strong></span> <span class='ocrx_word' id='word_1_777' title='bbox 760 5057 1055 5127; x_wconf 61' lang='grc' dir='ltr'><strong>ἐπίτρεψόν</strong></span> <span class='ocrx_word' id='word_1_778' title='bbox 1112 5077 1201 5127; x_wconf 78' lang='grc' dir='ltr'><strong>μοι</strong></span> <span class='ocrx_word' id='word_1_779' title='bbox 1257 5060 1636 5126; x_wconf 77' lang='grc' dir='ltr'><strong>ἀποτάξασθαι</strong></span> <span class='ocrx_word' id='word_1_780' title='bbox 1671 5063 1780 5125; x_wconf 72' lang='grc' dir='ltr'><strong>τοῖὶ</strong></span> 
     </span>
    </p>
   </div>
   <div class='ocr_carea' id='block_1_101' title="bbox 1895 5057 3486 5130">
    <p class='ocr_par' dir='ltr' id='par_1_101' title="bbox 1895 5057 3486 5126">
     <span class='ocr_line' id='line_1_101' title="bbox 1895 5057 3486 5126; baseline -0.001 -12"><span class='ocrx_word' id='word_1_781' title='bbox 1895 5062 2038 5115; x_wconf 88' lang='lat' dir='ltr'><strong>domi</strong></span> <span class='ocrx_word' id='word_1_782' title='bbox 2089 5077 2244 5115; x_wconf 62' lang='lat' dir='ltr'><strong>meat.</strong></span> <span class='ocrx_word' id='word_1_783' title='bbox 2276 5061 2365 5114; x_wconf 81' lang='lat' dir='ltr'><strong>Ait</strong></span> <span class='ocrx_word' id='word_1_784' title='bbox 2402 5060 2469 5113; x_wconf 88' lang='lat' dir='ltr'><strong>ad</strong></span> <span class='ocrx_word' id='word_1_785' title='bbox 2505 5061 2656 5113; x_wconf 76' lang='lat' dir='ltr'><strong>illum</strong></span> <span class='ocrx_word' id='word_1_786' title='bbox 2696 5058 2854 5114; x_wconf 82' lang='lat' dir='ltr'><strong>Jesus</strong></span> <span class='ocrx_word' id='word_1_787' title='bbox 2888 5077 2900 5112; x_wconf 92' lang='lat'>:</span> <span class='ocrx_word' id='word_1_788' title='bbox 2944 5057 3117 5112; x_wconf 83' lang='lat' dir='ltr'><strong>Nemo</strong></span> <span class='ocrx_word' id='word_1_789' title='bbox 3162 5059 3255 5126; x_wconf 85' lang='lat' dir='ltr'><strong>qui</strong></span> <span class='ocrx_word' id='word_1_790' title='bbox 3323 5073 3486 5112; x_wconf 82' lang='lat' dir='ltr'><strong>manu</strong></span> 
     </span>
    </p>
   </div>
   <div class='ocr_carea' id='block_1_102' title="bbox 188 5147 1779 5223">
    <p class='ocr_par' dir='ltr' id='par_1_102' title="bbox 188 5147 1779 5223">
     <span class='ocr_line' id='line_1_102' title="bbox 188 5147 1779 5223; baseline 0.003 -21"><span class='ocrx_word' id='word_1_791' title='bbox 188 5155 271 5214; x_wconf 68' lang='grc' dir='ltr'><strong>εἶς</strong></span> <span class='ocrx_word' id='word_1_792' title='bbox 298 5153 394 5204; x_wconf 81' lang='grc' dir='ltr'><strong>τὸν</strong></span> <span class='ocrx_word' id='word_1_793' title='bbox 427 5147 577 5202; x_wconf 66' lang='grc' dir='ltr'><strong>οἶκόν</strong></span> <span class='ocrx_word' id='word_1_794' title='bbox 616 5167 737 5217; x_wconf 82' lang='grc' dir='ltr'><strong>μου.</strong></span> <span class='ocrx_word' id='word_1_795' title='bbox 779 5147 914 5204; x_wconf 57' lang='lat' dir='ltr'><strong>Eia:</strong></span> <span class='ocrx_word' id='word_1_796' title='bbox 961 5152 1019 5204; x_wconf 81' lang='grc' dir='ltr'><strong>δὲ</strong></span> <span class='ocrx_word' id='word_1_797' title='bbox 1060 5153 1089 5203; x_wconf 81' lang='grc' dir='ltr'><strong>ὁ</strong></span> <span class='ocrx_word' id='word_1_798' title='bbox 1143 5153 1353 5223; x_wconf 67' lang='grc' dir='ltr'><strong>Ἰησοῦς</strong></span> <span class='ocrx_word' id='word_1_799' title='bbox 1402 5154 1538 5223; x_wconf 65' lang='grc' dir='ltr'><strong>πρὸς</strong></span> <span class='ocrx_word' id='word_1_800' title='bbox 1586 5156 1779 5207; x_wconf 78' lang='grc' dir='ltr'><strong>αὐτόν·</strong></span> 
     </span>
    </p>
   </div>
   <div class='ocr_carea' id='block_1_103' title="bbox 1898 5147 3489 5223">
    <p class='ocr_par' dir='ltr' id='par_1_103' title="bbox 1898 5155 3489 5222">
     <span class='ocr_line' id='line_1_103' title="bbox 1898 5155 3489 5222; baseline -0.002 -18"><span class='ocrx_word' id='word_1_801' title='bbox 1898 5172 1985 5207; x_wconf 63' lang='lat' dir='ltr'><strong>sua</strong></span> <span class='ocrx_word' id='word_1_802' title='bbox 2025 5155 2240 5207; x_wconf 88' lang='lat' dir='ltr'><strong>admota</strong></span> <span class='ocrx_word' id='word_1_803' title='bbox 2292 5162 2498 5213; x_wconf 85' lang='lat' dir='ltr'><strong>aratro.</strong></span> <span class='ocrx_word' id='word_1_804' title='bbox 2565 5155 2808 5222; x_wconf 67' lang='lat' dir='ltr'><strong>respexit</strong></span> <span class='ocrx_word' id='word_1_805' title='bbox 2857 5167 2885 5207; x_wconf 89' lang='lat' dir='ltr'><strong>a</strong></span> <span class='ocrx_word' id='word_1_806' title='bbox 2944 5163 3133 5220; x_wconf 81' lang='lat' dir='ltr'><strong>tergo,</strong></span> <span class='ocrx_word' id='word_1_807' title='bbox 3189 5158 3348 5219; x_wconf 83' lang='lat' dir='ltr'><strong>aptus</strong></span> <span class='ocrx_word' id='word_1_808' title='bbox 3403 5161 3489 5204; x_wconf 76' lang='lat' dir='ltr'><strong>est</strong></span> 
     </span>
    </p>
   </div>
   <div class='ocr_carea' id='block_1_104' title="bbox 190 5238 1781 5315">
    <p class='ocr_par' dir='ltr' id='par_1_104' title="bbox 190 5238 1780 5315">
     <span class='ocr_line' id='line_1_104' title="bbox 190 5238 1780 5315; baseline 0.002 -21"><span class='ocrx_word' id='word_1_809' title='bbox 190 5242 388 5303; x_wconf 67' lang='grc' dir='ltr'><strong>Οὐδεὶς</strong></span> <span class='ocrx_word' id='word_1_810' title='bbox 425 5238 702 5293; x_wconf 70' lang='grc' dir='ltr'><strong>ἐπιϐαλὼν</strong></span> <span class='ocrx_word' id='word_1_811' title='bbox 740 5242 838 5309; x_wconf 84' lang='grc' dir='ltr'><strong>τὴν</strong></span> <span class='ocrx_word' id='word_1_812' title='bbox 884 5244 1043 5312; x_wconf 84' lang='grc' dir='ltr'><strong>χεῖρα</strong></span> <span class='ocrx_word' id='word_1_813' title='bbox 1086 5243 1253 5295; x_wconf 79' lang='grc' dir='ltr'><strong>αὑτοῦ</strong></span> <span class='ocrx_word' id='word_1_814' title='bbox 1287 5245 1373 5295; x_wconf 79' lang='grc' dir='ltr'><strong>ἐπ’</strong></span> <span class='ocrx_word' id='word_1_815' title='bbox 1419 5245 1650 5315; x_wconf 80' lang='grc' dir='ltr'><strong>ἄροτρον</strong></span> <span class='ocrx_word' id='word_1_816' title='bbox 1685 5246 1780 5297; x_wconf 82' lang='grc' dir='ltr'><strong>καὶ</strong></span> 
     </span>
    </p>
   </div>
   <div class='ocr_carea' id='block_1_105' title="bbox 1897 5238 3488 5315">
    <p class='ocr_par' dir='ltr' id='par_1_105' title="bbox 1897 5241 3488 5313">
     <span class='ocr_line' id='line_1_105' title="bbox 1897 5241 3488 5313; baseline -0.003 -15"><span class='ocrx_word' id='word_1_817' title='bbox 1897 5260 2056 5309; x_wconf 65' lang='lat' dir='ltr'><strong>regno</strong></span> <span class='ocrx_word' id='word_1_818' title='bbox 2082 5244 2197 5298; x_wconf 91' lang='lat' dir='ltr'><strong>Dei.</strong></span> <span class='ocrx_word' id='word_1_819' title='bbox 2233 5264 2252 5297; x_wconf 69' lang='grc' dir='ltr'><strong>ι</strong></span> <span class='ocrx_word' id='word_1_820' title='bbox 2290 5243 2387 5299; x_wconf 90' lang='lat' dir='ltr'><strong>llic</strong></span> <span class='ocrx_word' id='word_1_821' title='bbox 2415 5245 2505 5313; x_wconf 89' lang='lat' dir='ltr'><strong>qui</strong></span> <span class='ocrx_word' id='word_1_822' title='bbox 2533 5246 2766 5299; x_wconf 76' lang='lat' dir='ltr'><strong>accessit</strong></span> <span class='ocrx_word' id='word_1_823' title='bbox 2797 5244 2862 5296; x_wconf 89' lang='lat' dir='ltr'><strong>ad</strong></span> <span class='ocrx_word' id='word_1_824' title='bbox 2896 5242 3106 5306; x_wconf 80' lang='lat' dir='ltr'><strong>Jesum,</strong></span> <span class='ocrx_word' id='word_1_825' title='bbox 3140 5252 3194 5296; x_wconf 85' lang='lat' dir='ltr'><strong>et</strong></span> <span class='ocrx_word' id='word_1_826' title='bbox 3241 5241 3399 5311; x_wconf 80' lang='lat' dir='ltr'><strong>petiit</strong></span> <span class='ocrx_word' id='word_1_827' title='bbox 3427 5255 3488 5294; x_wconf 91' lang='lat' dir='ltr'><strong>ut</strong></span> 
     </span>
    </p>
   </div>
   <div class='ocr_carea' id='block_1_106' title="bbox 190 5328 1781 5405">
    <p class='ocr_par' dir='ltr' id='par_1_106' title="bbox 190 5328 1781 5405">
     <span class='ocr_line' id='line_1_106' title="bbox 190 5328 1781 5405; baseline 0.003 -21"><span class='ocrx_word' id='word_1_828' title='bbox 190 5334 414 5403; x_wconf 80' lang='grc' dir='ltr'><strong>βλέπων</strong></span> <span class='ocrx_word' id='word_1_829' title='bbox 437 5332 517 5394; x_wconf 82' lang='grc' dir='ltr'><strong>εἰς</strong></span> <span class='ocrx_word' id='word_1_830' title='bbox 538 5332 603 5384; x_wconf 71' lang='grc' dir='ltr'><strong>τὲ</strong></span> <span class='ocrx_word' id='word_1_831' title='bbox 628 5330 825 5393; x_wconf 74' lang='grc' dir='ltr'><strong>ὀπίσω,</strong></span> <span class='ocrx_word' id='word_1_832' title='bbox 848 5332 1064 5395; x_wconf 71' lang='grc' dir='ltr'><strong>εὔθετός</strong></span> <span class='ocrx_word' id='word_1_833' title='bbox 1086 5328 1233 5387; x_wconf 86' lang='grc' dir='ltr'><strong>ἐστιν</strong></span> <span class='ocrx_word' id='word_1_834' title='bbox 1264 5335 1343 5397; x_wconf 87' lang='grc' dir='ltr'><strong>εἰς</strong></span> <span class='ocrx_word' id='word_1_835' title='bbox 1368 5336 1467 5404; x_wconf 76' lang='grc' dir='ltr'><strong>τὴν</strong></span> <span class='ocrx_word' id='word_1_836' title='bbox 1500 5335 1781 5405; x_wconf 84' lang='grc' dir='ltr'><strong>βασιλείαν</strong></span> 
     </span>
    </p>
   </div>
   <div class='ocr_carea' id='block_1_107' title="bbox 1892 5328 3483 5405">
    <p class='ocr_par' dir='ltr' id='par_1_107' title="bbox 1898 5332 3483 5400">
     <span class='ocr_line' id='line_1_107' title="bbox 1898 5332 3483 5400; baseline -0.002 -12"><span class='ocrx_word' id='word_1_837' title='bbox 1898 5345 2227 5400; x_wconf 82' lang='lat' dir='ltr'><strong>sequeretur</strong></span> <span class='ocrx_word' id='word_1_838' title='bbox 2252 5334 2421 5400; x_wconf 89' lang='lat' dir='ltr'><strong>illum,</strong></span> <span class='ocrx_word' id='word_1_839' title='bbox 2450 5334 2590 5387; x_wconf 88' lang='lat' dir='ltr'><strong>mala</strong></span> <span class='ocrx_word' id='word_1_840' title='bbox 2648 5346 2832 5389; x_wconf 89' lang='lat' dir='ltr'><strong>mente</strong></span> <span class='ocrx_word' id='word_1_841' title='bbox 2886 5335 3137 5387; x_wconf 77' lang='lat' dir='ltr'><strong>accessit.</strong></span> <span class='ocrx_word' id='word_1_842' title='bbox 3168 5332 3305 5399; x_wconf 83' lang='lat' dir='ltr'><strong>Quia</strong></span> <span class='ocrx_word' id='word_1_843' title='bbox 3338 5332 3483 5386; x_wconf 80' lang='lat' dir='ltr'><strong>enim</strong></span> 
     </span>
    </p>
   </div>
   <div class='ocr_carea' id='block_1_108' title="bbox 189 5416 1780 5498">
    <p class='ocr_par' dir='ltr' id='par_1_108' title="bbox 189 5416 1779 5495">
     <span class='ocr_line' id='line_1_108' title="bbox 189 5416 1779 5495; baseline 0.002 -18"><span class='ocrx_word' id='word_1_844' title='bbox 189 5424 288 5477; x_wconf 66' lang='grc' dir='ltr'><strong>τοῦ</strong></span> <span class='ocrx_word' id='word_1_845' title='bbox 343 5422 508 5476; x_wconf 76' lang='grc' dir='ltr'><strong>Θεοῦ.</strong></span> <span class='ocrx_word' id='word_1_846' title='bbox 570 5440 590 5472; x_wconf 74' lang='grc' dir='ltr'><strong>ι</strong></span> <span class='ocrx_word' id='word_1_847' title='bbox 637 5416 803 5485; x_wconf 75' lang='grc' dir='ltr'><strong>Οὗτος</strong></span> <span class='ocrx_word' id='word_1_848' title='bbox 858 5424 886 5474; x_wconf 91' lang='grc' dir='ltr'>ὀ</span> <span class='ocrx_word' id='word_1_849' title='bbox 931 5423 1249 5495; x_wconf 80' lang='grc' dir='ltr'><strong>προσελθὼν</strong></span> <span class='ocrx_word' id='word_1_850' title='bbox 1303 5425 1381 5495; x_wconf 81' lang='grc' dir='ltr'><strong>τῷ</strong></span> <span class='ocrx_word' id='word_1_851' title='bbox 1428 5427 1624 5495; x_wconf 67' lang='grc' dir='ltr'><strong>Ἰησοῦ,</strong></span> <span class='ocrx_word' id='word_1_852' title='bbox 1685 5429 1779 5480; x_wconf 71' lang='grc' dir='ltr'><strong>καὶ</strong></span> 
     </span>
    </p>
   </div>
   <div class='ocr_carea' id='block_1_109' title="bbox 1894 5416 3485 5498">
    <p class='ocr_par' dir='ltr' id='par_1_109' title="bbox 1894 5426 3485 5498">
     <span class='ocr_line' id='line_1_109' title="bbox 1894 5426 3485 5498; baseline 0.002 -21"><span class='ocrx_word' id='word_1_853' title='bbox 1894 5428 2027 5481; x_wconf 78' lang='lat' dir='ltr'><strong>vidit</strong></span> <span class='ocrx_word' id='word_1_854' title='bbox 2059 5443 2313 5497; x_wconf 82' lang='lat' dir='ltr'><strong>magnam</strong></span> <span class='ocrx_word' id='word_1_855' title='bbox 2351 5428 2565 5482; x_wconf 86' lang='lat' dir='ltr'><strong>turbam</strong></span> <span class='ocrx_word' id='word_1_856' title='bbox 2620 5428 2775 5498; x_wconf 85' lang='lat' dir='ltr'><strong>sequi</strong></span> <span class='ocrx_word' id='word_1_857' title='bbox 2812 5427 3126 5492; x_wconf 89' lang='lat' dir='ltr'><strong>Dominum,</strong></span> <span class='ocrx_word' id='word_1_858' title='bbox 3174 5426 3485 5497; x_wconf 80' lang='lat' dir='ltr'><strong>suspicatus</strong></span> 
     </span>
    </p>
   </div>
   <div class='ocr_carea' id='block_1_110' title="bbox 186 5512 1777 5589">
    <p class='ocr_par' dir='ltr' id='par_1_110' title="bbox 186 5512 1777 5588">
     <span class='ocr_line' id='line_1_110' title="bbox 186 5512 1777 5588; baseline 0.001 -19"><span class='ocrx_word' id='word_1_859' title='bbox 186 5513 567 5585; x_wconf 59' lang='grc' dir='ltr'><strong>αἰτησάμενος</strong></span> <span class='ocrx_word' id='word_1_860' title='bbox 618 5514 708 5566; x_wconf 72' lang='grc' dir='ltr'><strong>ἵνα</strong></span> <span class='ocrx_word' id='word_1_861' title='bbox 754 5512 1023 5583; x_wconf 80' lang='grc' dir='ltr'><strong>ἀκολουθῇ</strong></span> <span class='ocrx_word' id='word_1_862' title='bbox 1082 5516 1266 5583; x_wconf 72' lang='grc' dir='ltr'><strong>αὐτῷ,</strong></span> <span class='ocrx_word' id='word_1_863' title='bbox 1342 5517 1481 5584; x_wconf 83' lang='grc' dir='ltr'><strong>μετά</strong></span> <span class='ocrx_word' id='word_1_864' title='bbox 1533 5521 1777 5588; x_wconf 72' lang='grc' dir='ltr'><strong>πονηρὶς</strong></span> 
     </span>
    </p>
   </div>
   <div class='ocr_carea' id='block_1_111' title="bbox 1893 5512 3484 5589">
    <p class='ocr_par' dir='ltr' id='par_1_111' title="bbox 1893 5520 3484 5589">
     <span class='ocr_line' id='line_1_111' title="bbox 1893 5520 3484 5589; baseline 0.001 -18"><span class='ocrx_word' id='word_1_865' title='bbox 1893 5530 2006 5581; x_wconf 75' lang='grc' dir='ltr'><strong>ρει,</strong></span> <span class='ocrx_word' id='word_1_866' title='bbox 2039 5521 2185 5589; x_wconf 84' lang='lat' dir='ltr'><strong>quod</strong></span> <span class='ocrx_word' id='word_1_867' title='bbox 2236 5520 2522 5589; x_wconf 86' lang='lat' dir='ltr'><strong>pecuniam</strong></span> <span class='ocrx_word' id='word_1_868' title='bbox 2557 5524 2623 5574; x_wconf 83' lang='lat' dir='ltr'><strong>ab</strong></span> <span class='ocrx_word' id='word_1_869' title='bbox 2650 5522 2737 5574; x_wconf 80' lang='lat' dir='ltr'><strong>illa</strong></span> <span class='ocrx_word' id='word_1_870' title='bbox 2787 5520 3070 5588; x_wconf 61' lang='lat' dir='ltr'><strong>colligeret</strong></span> <span class='ocrx_word' id='word_1_871' title='bbox 3116 5521 3398 5582; x_wconf 87' lang='lat' dir='ltr'><strong>Dominus,</strong></span> <span class='ocrx_word' id='word_1_872' title='bbox 3428 5527 3484 5573; x_wconf 78' lang='lat' dir='ltr'><strong>ct</strong></span> 
     </span>
    </p>
   </div>
   <div class='ocr_carea' id='block_1_112' title="bbox 184 5602 1775 5685">
    <p class='ocr_par' dir='ltr' id='par_1_112' title="bbox 184 5602 1775 5681">
     <span class='ocr_line' id='line_1_112' title="bbox 184 5602 1775 5681; baseline 0.004 -24"><span class='ocrx_word' id='word_1_873' title='bbox 184 5624 213 5677; x_wconf 52' lang='grc' dir='ltr'>ξ</span> <span class='ocrx_word' id='word_1_874' title='bbox 226 5607 422 5678; x_wconf 66' lang='grc' dir='ltr'><strong>νὼμης</strong></span> <span class='ocrx_word' id='word_1_875' title='bbox 454 5622 559 5675; x_wconf 68' lang='grc' dir='ltr'><strong>προ</strong></span> <span class='ocrx_word' id='word_1_876' title='bbox 572 5604 781 5675; x_wconf 71' lang='grc' dir='ltr'><strong>ςῆλοεν.</strong></span> <span class='ocrx_word' id='word_1_877' title='bbox 823 5606 978 5658; x_wconf 73' lang='grc' dir='ltr'><strong>Ἐπεὶ</strong></span> <span class='ocrx_word' id='word_1_878' title='bbox 1002 5609 1109 5677; x_wconf 69' lang='grc' dir='ltr'><strong>γὰρ</strong></span> <span class='ocrx_word' id='word_1_879' title='bbox 1135 5602 1240 5661; x_wconf 78' lang='grc' dir='ltr'><strong>εἶδε</strong></span> <span class='ocrx_word' id='word_1_880' title='bbox 1268 5609 1355 5661; x_wconf 70' lang='grc' dir='ltr'><strong>τὸν</strong></span> <span class='ocrx_word' id='word_1_881' title='bbox 1384 5610 1586 5681; x_wconf 80' lang='grc' dir='ltr'><strong>Κύριον</strong></span> <span class='ocrx_word' id='word_1_882' title='bbox 1608 5613 1775 5665; x_wconf 70' lang='grc' dir='ltr'><strong>πολὺν</strong></span> 
     </span>
    </p>
   </div>
   <div class='ocr_carea' id='block_1_113' title="bbox 1885 5602 3476 5685">
    <p class='ocr_par' dir='ltr' id='par_1_113' title="bbox 1891 5612 3476 5685">
     <span class='ocr_line' id='line_1_113' title="bbox 1891 5612 3476 5685; baseline 0.007 -29"><span class='ocrx_word' id='word_1_883' title='bbox 1891 5612 2133 5683; x_wconf 43' lang='lat' dir='ltr'><strong>speravit</strong></span> <span class='ocrx_word' id='word_1_884' title='bbox 2158 5613 2321 5668; x_wconf 71' lang='lat' dir='ltr'><strong>etiam</strong></span> <span class='ocrx_word' id='word_1_885' title='bbox 2352 5614 2466 5683; x_wconf 80' lang='lat' dir='ltr'><strong>ipsc</strong></span> <span class='ocrx_word' id='word_1_886' title='bbox 2501 5614 2776 5683; x_wconf 71' lang='lat' dir='ltr'><strong>M‘q&#39;u&#39;tttlu</strong></span> <span class='ocrx_word' id='word_1_887' title='bbox 2808 5614 3068 5683; x_wconf 73' lang='lat' dir='ltr'><strong>peutttids</strong></span> <span class='ocrx_word' id='word_1_888' title='bbox 3100 5629 3157 5669; x_wconf 76' lang='lat' dir='ltr'><strong>se</strong></span> <span class='ocrx_word' id='word_1_889' title='bbox 3181 5626 3476 5685; x_wconf 54' lang='lat' dir='ltr'><strong>congregm</strong></span> 
     </span>
    </p>
   </div>
   <div class='ocr_carea' id='block_1_114' title="bbox 262 5788 1874 5861">
    <p class='ocr_par' dir='ltr' id='par_1_114' title="bbox 262 5788 1874 5861">
     <span class='ocr_line' id='line_1_114' title="bbox 262 5788 1874 5861; baseline -0.009 -7"><span class='ocrx_word' id='word_1_890' title='bbox 262 5790 343 5853; x_wconf 63' lang='grc' dir='ltr'><strong>(η)</strong></span> <span class='ocrx_word' id='word_1_891' title='bbox 391 5788 686 5843; x_wconf 55' lang='grc' dir='ltr'><strong>1·;ς1ὶι.1λι,ιι.</strong></span> <span class='ocrx_word' id='word_1_892' title='bbox 723 5792 955 5857; x_wconf 81' lang='lat' dir='ltr'><strong>Ullllllll,</strong></span> <span class='ocrx_word' id='word_1_893' title='bbox 1005 5809 1165 5861; x_wconf 75' lang='lat' dir='ltr'><strong>qumc</strong></span> <span class='ocrx_word' id='word_1_894' title='bbox 1208 5810 1309 5847; x_wconf 75' lang='lat' dir='ltr'><strong>twn</strong></span> <span class='ocrx_word' id='word_1_895' title='bbox 1352 5804 1729 5859; x_wconf 54' lang='lat' dir='ltr'><strong>susu‘prrtmt,</strong></span> <span class='ocrx_word' id='word_1_896' title='bbox 1777 5804 1874 5843; x_wconf 59' lang='lat' dir='ltr'><strong>(lc.</strong></span> 
     </span>
    </p>
   </div>
  </div>
