4030 6450
188 437 293 500 E31

930 430 1375 496 ENARRATIO
1412 429 1495 493 IN
1524 426 2030 492 EVANGELIUM
2068 427 2307 491 LUCIE.
2339 453 2405 467 -
2442 427 2604 489 CAP.
2639 426 2715 490 Χ.

3379 428 3487 491 838

188 557 284 608 καὶ
312 556 445 609 ὅταν
471 553 610 608 κατά
632 551 813 623 ψυχὴν
834 546 1193 611 ἀσθενοῦντες
1219 543 1626 617 θεραπευθῶσι,
1654 542 1775 595 τότε

1886 541 2026 595 cuitu
2069 541 2229 609 longe
2270 541 2412 595 istud
2456 552 2569 603 est,
2615 540 3058 613 quandoquidem
3102 554 3390 614 peccatum
3426 548 3481 601 in

186 650 425 717 ἧγγικεν
452 648 541 699 ἐπ’
584 644 785 708 αὐτοὺς
812 644 847 713 ἡ
893 641 1148 713 βασιλεία
1174 637 1272 691 τοῦ
1294 635 1458 689 Θεοῦ.
1508 635 1643 687 Ἀπὸ
1669 638 1781 703 γὰρ

186 738 689 799 τοῦ-ἀσθενοῦντος
713 735 935 806 μακράν
976 734 1126 785 ἐστιν
1159 729 1323 801 αῦτη,
1354 725 1779 798 βασιλευομένου

188 831 299 884 ὑπὸ
330 831 435 899 τῆς
464 827 744 898 ἁμαρτίας
778 825 881 880 ἔτι.

266 943 287 973 ι
324 924 417 984 Εἰς
447 922 514 991 ἦν
538 919 584 972 δ’
618 919 687 973 ἂν
725 918 879 971 πόλιν
911 910 1238 985 εἰσέρχησθε
1275 911 1370 964 ἰιαλ⁸
1413 910 1489 980 μὴ
1529 906 1780 979 δέχονται

185 1016 360 1084 ὑμᾶς,
390 1011 704 1077 ἐξελθόντες
730 1011 810 1073 εἰς
836 1009 934 1071 τάς
966 1006 1251 1068 πλατείας.
1303 1005 1492 1064 αὐτοῖς
1531 1000 1726 1055 εἴπατε
1759 1016 1776 1032 ο

185 1108 300 1160 Καὶ
335 1105 426 1157 τὸν
456 1103 735 1174 κονιορτὸν
768 1102 861 1155 τὸν
918 1098 1252 1168 κολληθέντα
1282 1098 1418 1167 ἡμῖν
1457 1098 1521 1147 ὲκ
1548 1094 1649 1162 τῆς
1683 1092 1781 1145 πό-

185 1200 328 1261 λεως
359 1195 540 1266 ὑμῶν,
568 1191 1014 1265 ἀπομασσόμεθα
1042 1191 1195 1259 ὑμῖν,
1232 1188 1375 1258 πλὴν
1413 1186 1574 1241 τοῦτο
1612 1185 1779 1253 γινώ-

186 1308 375 1355 σκετε,
411 1290 493 1343 ὃτι
545 1288 780 1359 ἤγγικεν
811 1287 897 1353 ἐφ’
932 1285 1080 1355 ὑμᾶς
1114 1286 1148 1353 ἡ
1190 1281 1439 1351 βασιλεία
1469 1280 1563 1334 τοῦ
1596 1277 1734 1331 Θεοῦ
1766 1296 1779 1309 -

185 1386 351 1452 Λέγω
386 1383 441 1434 δὲ
474 1383 605 1451 ὑμῖν
634 1381 717 1433 ὁτι
747 1378 1006 1448 Σοδόμοις
1036 1377 1392 1447 ἀνεκτότερον
1431 1373 1586 1427 ἔσται
1627 1374 1687 1425 ὲν
1712 1373 1780 1442 τῇ

184 1477 380 1545 ἡμέρᾳ
418 1474 607 1546 ἐκείνῃ
649 1471 681 1542 ἢ
730 1472 798 1542 τῇ
861 1470 1014 1522 πόλει
1051 1469 1260 1538 ἐκείνῃ.
1306 1487 1324 1521 ι
1377 1468 1572 1527 Ὅταν,
1622 1466 1780 1534 φησὶ,

190 1565 267 1635 μὴ
300 1565 565 1632 δέχωνται
598 1561 765 1630 ὑμᾶς,
822 1558 1135 1623 ἐξελθόντες
1188 1555 1639 1627 διαμαρτύρασθε
1687 1556 1785 1607 αὐ-

185 1659 324 1718 τοῖς,
358 1657 439 1708 ὅτι
471 1653 635 1707 Οὐδὲν
667 1650 845 1704 κοινὸν
896 1652 1027 1721 ἡμῖν
1053 1649 1190 1719 πρὸς
1224 1650 1391 1719 ὑμᾶς,
1430 1647 1550 1701 οὐδὲ
1584 1647 1783 1717 ἔχομέν

186 1766 240 1802 τι
260 1749 373 1802 ἀπὸ
398 1748 497 1816 τῆς
526 1745 801 1816 ὑμετέρας
828 1744 1039 1805 πόλεως
1062 1758 1075 1770 ·
1105 1740 1242 1794 ἀλλά
1275 1740 1480 1795 καὶτὸν
1502 1739 1783 1807 κονιορτὸν

1887 632 1979 686 illo
2012 644 2200 703 regnat
2230 648 2295 688 ac
2330 633 2666 691 dominatur.

1956 899 2123 953 Vens.
2182 899 2340 954 5-12.
2379 918 2398 951 ι
2441 898 2500 954 In
2542 915 2929 970 quamcunque
2972 910 3155 956 autem
3202 903 3480 960 civitatem

1882 989 2235 1051 intravuritis,
2262 998 2313 1043 et
2346 1004 2451 1043 non
2482 992 2823 1058 susceperint
2854 1007 2970 1055 vos,
2996 1002 3260 1049 exeuntes
3286 996 3339 1049 in
3368 996 3484 1067 pla-

1884 1092 1997 1135 tcas
2032 1080 2114 1134 eis
2146 1078 2356 1135 dicite:
2396 1080 2574 1134 Etiam
2617 1081 2891 1150 pulverem
2929 1085 3021 1153 qui
3058 1087 3287 1140 adlta‘sit
3326 1088 3483 1145 nobis

1884 1177 1949 1228 de
1988 1174 2213 1228 civitate
2254 1182 2433 1225 vestra
2457 1214 2471 1237 ,
2508 1174 2845 1239 estergiinns
2884 1173 2937 1228 iu
2974 1190 3115 1231 vos:
3156 1185 3334 1232 tamen
3378 1180 3483 1235 hoc

1884 1267 2078 1321 scitote
2126 1266 2272 1336 quod
2324 1265 2784 1334 appropinquavit
2833 1266 2886 1319 in
2938 1282 3034 1321 vos
3087 1282 3309 1330 regnum
3361 1269 3479 1325 Dei.

1888 1362 2020 1416 Dico
2054 1361 2207 1413 vobis
2233 1360 2375 1429 quod
2412 1358 2667 1414 Sodomis
2710 1359 2762 1411 iu
2799 1360 2886 1411 die
2918 1358 3029 1413 il|0‘,
3052 1361 3335 1415 remissius
3374 1363 3482 1418 crit

1884 1452 2151 1521 quamjlli
2184 1452 2415 1506 civitati.
2455 1470 2475 1502 ι
2512 1450 2778 1518 Quando,
2825 1451 3034 1520 inquit,
3075 1468 3180 1506 non
3218 1468 3480 1523 suscepe-

1886 1546 1995 1598 rint
2031 1559 2147 1609 vos,
2177 1543 2385 1613 egressi
2419 1542 2693 1597 testcmini
2726 1542 2809 1597 eis
2839 1543 2983 1612 quod
3021 1544 3155 1598 nihil
3187 1560 3483 1601 commune

1888 1636 2043 1691 nobis
2069 1635 2350 1691 vobiscum
2376 1672 2392 1699 ,
2425 1650 2601 1704 neque
2633 1636 2896 1690 habenms
2925 1635 3131 1706 aliquid
3164 1637 3231 1691 de
3258 1638 3481 1695 civitate

1888 1742 2068 1785 vestra
2100 1748 2115 1784 :
2148 1731 2246 1786 sed
2274 1731 2438 1784 etiam
2475 1730 2756 1798 pulverem
2787 1728 2879 1799 qui
2909 1730 3141 1785 adhmsit
3176 1731 3353 1795 nobis,
3384 1748 3482 1787 ex-

188 1843 283 1895 τὺν
366 1837 697 1910 κολληθέντα
758 1838 889 1907 ἡμῖν
971 1833 1432 1904 ἀπομασσόμεθα,
1498 1832 1778 1886 τουτέστιν

1889 1821 2171 1890 tergimus,
2203 1821 2307 1875 hoc
2348 1828 2433 1875 est
2473 1822 2802 1886 excutimus,
2838 1821 3067 1891 Spongia
3097 1822 3479 1889 emundamus,

187 1895 669 2000 ἀποτινάσσόμεν,
754 1895 1281 1998 ἀποσπογγίξομεν,
1360 1895 1778 1998 ἀπορῤίπτομεν

1886 1914 2174 1983 abjicimns
2204 1913 2258 1968 in
2292 1927 2408 1970 vos.
2445 1912 2835 1968 Verumtamen
2869 1914 3068 1969 scitote
3096 1916 3241 1985 quod
3281 1930 3482 1984 appro-

188 2027 325 2096 ὑμῖν
372 2044 385 2056 ·
420 2024 559 2089 πλὴν
583 2021 905 2091 γινώσκετε,
941 2021 1021 2074 δτι
1058 2022 1293 2091 ήγγικεν
1322 2020 1409 2088 ἐφ’
1432 2018 1578 2088 ὑμᾶς
1616 2020 1649 2087 ἠ
1686 2017 1783 2088 βα-

188 2118 372 2171 σιλεία
399 2116 493 2170 τοῦ
528 2115 689 2169 Θεοῦ.
744 2112 1013 2167 Ἐνταῦθα
1043 2111 1277 2182 ζητήσει
1311 2126 1417 2175 τις’
1451 2110 1579 2173 Πῶς
1614 2126 1782 2180 φησιν

184 2203 214 2261 δ
259 2210 466 2278 Κύριος
500 2208 593 2260 καὶ
646 2208 760 2267 τοῖς
811 2203 1233 2274 ὑποδεχομένοις
1265 2194 1392 2266 τοὺς
1442 2202 1782 2265 ἀποστόλους

185 2301 411 2367 ἐγγίσαι
450 2300 546 2368 τὴν
580 2297 884 2368 βασιλείαν,
920 2298 1014 2349 καὶ
1052 2298 1166 2358 τοῖς
1209 2295 1285 2365 μὴ
1320 2295 1778 2365 ὑποδεχομένοις;

190 2395 386 2445 Ἔστιν
424 2388 517 2444 οὖν
550 2388 747 2456 εἰπεῖν’,
783 2390 863 2443 ὃτι
898 2389 1051 2442 οὐδὲν
1070 2388 1313 2443 ἐναντίον
1344 2389 1499 2460 φησί.
1531 2389 1640 2443 Καὶ
1673 2389 1782 2458 γὰρ

184 2488 305 2548 τοῖς
343 2485 443 2553 μὲν
476 2485 602 2545 τοὺς
636 2480 975 2543 ἀποστόλους
1023 2479 1359 2549 δεχομένοις,
1410 2479 1650 2546 ἐγγίζειν
1681 2476 1781 2547 τὴν

186 2576 478 2645 βασιλείαν
509 2576 597 2627 ἐπ’
631 2572 950 2644 εὐεργεσίᾳ,
978 2573 1093 2634 τοῖς
1128 2571 1184 2623 δὲ
1219 2569 1295 2639 μὴ
1330 2569 1779 2639 ὑποδεχομένοις,

183 2666 282 2718 ὲπί
337 2664 683 2732 κατακρίσει.
751 2662 985 2715 ’Υπόθου
1020 2661 1131 2731 γάρ
1170 2677 1261 2729 μοι
1302 2662 1361 2712 ὲν
1414 2660 1631 2730 θεάτρῳ
1674 2659 1782 2711 τινὶ

186 2740 567 2823 κατακρίτους
602 2748 741 2805 εἶναι
796 2752 1051 2817 πολλοὺς,
1094 2752 1191 2804 καὶ
1228 2751 1449 2820 ἑτέρους
1477 2749 1781 2819 ἀκατακρί-

181 2864 355 2909 τους·
417 2845 818 2913 συγκλητικούς
872 2844 933 2897 τέ
990 2861 1156 2915 φημι,
1200 2842 1543 2914 στρατηγούς
1578 2861 1636 2896 τε
1687 2843 1783 2897 καὶ

181 2938 451 3008 ἀριστέας
486 2938 669 3007 τυχὸν,
707 2932 826 2990 εἶτα
858 2938 1041 3004 λέγειν
1072 2953 1195 2989 τινα
1230 2938 1451 3007 κήρυκα
1481 2938 1618 3005 πρὸς
1654 2938 1785 2989 πάν-

178 3047 284 3092 τας
310 3029 449 3099 όμοῦ
497 3031 625 3091 τούς
651 3046 710 3081 τε
757 3029 1148 3099 κατακρίτους,
1197 3030 1452 3091 καὶτοὺς
1498 3030 1779 3099 ἐντίμους,

178 3124 265 3174 ὅτι
290 3122 525 3192 ἤγγικεν
554 3123 582 3174 ό
625 3120 883 3191 βασιλεὺς
934 3122 1088 3189 ὑμῖν,
1144 3116 1234 3191 ἆρ’
1264 3121 1326 3173 οὐ
1372 3123 1486 3184 τοῖς
1544 3123 1645 3191 μὲν
1690 3123 1783 3174 ἐπὶ

176 3214 433 3276 κολάσει,
462 3216 576 3276 τοῖς
603 3214 658 3267 δὲ
714 3215 805 3265 ἐπὶ
843 3216 977 3284 τιμῇ
1030 3214 1125 3265 καὶ
1174 3213 1471 3285 εὐεργεσίᾳ
1528 3214 1775 3282 ἐγγίζειν
1804 3241 1845 3297 c

175 3308 276 3360 τὸν
320 3306 549 3376 βασιλέα
588 3306 775 3374 λέγει;
818 3304 1008 3369 Οὕτως
1042 3300 1138 3358 οὖν
1166 3304 1408 3359 ἐνταῦθα
1460 3306 1592 3360 νόει.
1654 3306 1774 3360 Ἀν-

176 3404 479 3469 εκτότερον
511 3399 567 3451 δὲ
601 3398 751 3452 ἔσται
772 3398 1050 3468 Σοδόμοις,
1085 3400 1239 3469 φησὶ,
1272 3398 1303 3467 ἧ
1336 3401 1402 3467 τῇ
1438 3399 1513 3468 μὴ
1541 3402 1777 3467 παραδεο

174 3490 397 3560 ξαμένῃ
440 3490 584 3559 ὑμᾶς
618 3490 792 3544 πόλει.
826 3490 981 3543 Διατί
1016 3507 1030 3553 ;
1076 3490 1221 3541 Διότι
1263 3492 1342 3552 εἰς
1393 3490 1606 3558 Σόδομα
1647 3490 1778 3541 ἁπό-

174 3583 369 3635 στολοι
402 3582 503 3634 οὐκ
527 3582 941 3651 ἀπεστάλησαν·
982 3583 1032 3633 οἱ
1058 3582 1239 3634 τοίνυν
1277 3582 1405 3644 τοὺς
1440 3580 1776 3643 ἀποστόλους

176 3675 260 3744 μὴ
295 3674 612 3742 δεξάμενοι.
646 3674 867 3745 χείρους
908 3672 1216 3743 Σοδομιτῶν
1248 3676 1409 3727 εἰσιν.
1442 3674 1777 3743 Παρατήρηο

172 3783 278 3819 σον
307 3764 391 3828 δὲ,
411 3764 495 3815 ὃτι
516 3766 550 3834 ἡ
587 3764 739 3825 πόλις
770 3766 803 3833 ἡ
834 3763 910 3833 μὴ
940 3762 1365 3833 παραδεχομένη
1386 3765 1515 3829 τοὺς
1539 3766 1777 3818 ἀποστό-

170 3859 335 3921 λους,
398 3854 662 3916 πλατείας
716 3855 852 3924 ἔχει.
894 3855 1137 3908 Πλατεῖα
1189 3854 1298 3926 γάρ
1348 3857 1496 3908 ἐστιν
1528 3858 1559 3926 ἡ
1590 3857 1771 3928 ὁδδςὴ

167 3952 483 4017 ἀπάγουσα
532 3949 613 4011 εἰς
658 3947 757 4017 τὴν
799 3947 1080 4001 ἀπώλειαν
1111 3962 1127 3978 ·
1163 3948 1313 4012 ὅστις
1362 3944 1457 4001 οὖν
1512 3950 1777 4010 πλατείας

169 4044 341 4105 ὁδοὺς
374 4040 487 4111 ἔχει
517 4039 843 4107 ἀπαγούσας
875 4042 955 4103 εἰς
984 4039 1285 4107 ἀπώλειαν,
1313 4042 1519 4104 ἐκεῖνος
1546 4042 1776 4095 ἀποστο-

164 4134 333 4190 λικὸν
367 4134 529 4199 λόγον
569 4132 665 4184 καὶ
699 4132 842 4185 θεῖον
863 4132 924 4185 οὐ
959 4132 1345 4202 παραδέχεται.

253 4251 274 4280 ι
317 4226 458 4281 Οὐαί
501 4242 607 4288 σοι,
634 4225 945 4293 Χωραζεὶν,
982 4224 1106 4278 οὐαί
1136 4241 1240 4288 σοι,
1273 4225 1568 4293 Βηθσαῖδᾶ,
1598 4227 1681 4280 ὅτι
1724 4228 1773 4279 εἰ

164 4322 231 4374 ἐν
271 4316 446 4386 Τύρῳ
487 4316 579 4368 καὶ
618 4315 811 4368 Σιδῶνι
853 4316 1103 4384 ἐγένοντο
1132 4319 1187 4370 at
1218 4317 1498 4387 δυνάμεις,
1532 4320 1587 4370 αἱ
1617 4321 1772 4387 γενό-

167 4424 349 4478 μεναι
409 4407 468 4456 ἐν
509 4404 659 4472 ὑμῖν,
704 4405 875 4460 πάλαι
921 4407 1008 4472 ἂν,
1066 4409 1123 4459 ἐν
1197 4406 1387 4477 σάκκῳ
1445 4408 1539 4460 καὶ
1594 4409 1773 4479 σποδῷ

162 4498 520 4569 καθήμεναι,
585 4498 940 4567 μετενόησαν.
1015 4498 1161 4567 Πλὴν
1216 4496 1379 4567 Τύρῳ
1428 4500 1521 4551 καὶ
1584 4500 1772 4553 Σιδῶνι

1884 2005 2167 2075 pinquavit
2207 2004 2263 2060 in
2287 2018 2387 2059 vos
2428 2018 2655 2074 regnum
2692 2003 2811 2061 Dei.
2856 2003 2969 2060 Hoc
3011 2006 3132 2060 loco
3168 2007 3484 2077 qumsiverit

1883 2096 2156 2166 quispiam
2184 2115 2197 2151 :
2226 2097 2513 2163 Quomodo
2553 2096 2690 2153 dicit
2722 2097 2987 2153 Dominus
3011 2099 3483 2170 appropinquasse

1885 2203 2110 2255 regnum
2136 2188 2229 2243 Dei
2252 2196 2307 2242 et
2337 2188 2423 2241 his
2445 2188 2536 2258 qui
2564 2200 2925 2260 susceperunt
2951 2200 3005 2246 et
3034 2193 3125 2263 qui
3158 2209 3266 2248 non
3292 2208 3481 2249 susce-

1884 2288 2081 2351 perunt
2108 2280 2429 2349 apostolos?
2458 2283 2917 2353 Appropinquare
2938 2284 3073 2338 dicit
3108 2301 3335 2352 regnum
3362 2301 3476 2341 cce-

1884 2372 2059 2427 lorum
2090 2372 2174 2429 his
2201 2374 2292 2441 qni
2317 2376 2593 2443 apostolos
2622 2388 2936 2444 suscepere,
2966 2384 3193 2447 propter
3217 2376 3479 2432 beneﬁcia

1883 2479 2005 2535 quae
2036 2464 2090 2518 in
2123 2479 2219 2520 eos
2248 2464 2610 2532 collocantur,
2638 2467 2725 2522 bis
2752 2478 2934 2523 autem
2967 2470 3058 2537 qui
3089 2485 3194 2525 non
3218 2484 3481 2538 suscepe-

1885 2567 2030 2621 runt,
2066 2567 2287 2627 propter
2314 2558 2851 2615 condemnationem.
2882 2560 3050 2633 Finge
3081 2562 3133 2615 iu
3164 2562 3483 2630 spectaculo

1884 2648 2119 2718 quodam
2153 2652 2354 2703 multos
2380 2651 2799 2712 condemnatos.
2834 2664 2888 2708 et
2914 2652 3052 2708 alios
3083 2668 3189 2709 non
3223 2656 3485 2708 condem-

1888 2754 2082 2798 natos:
2127 2742 2457 2811 Senatores,
2499 2746 2753 2815 inquam,
2794 2762 2860 2802 ac
2903 2748 3181 2803 exercitus
3220 2753 3387 2804 duces
3425 2758 3485 2804 ct

1884 2836 2178 2903 optimates
2208 2852 2220 2887 :
2247 2836 2443 2892 deinde
2474 2836 2661 2892 dicere
2698 2852 3005 2908 prmonem
3040 2840 3108 2894 ad
3135 2854 3333 2895 omnes
3368 2849 3476 2895 tam

1886 2928 2278 2982 condemnatos
2290 2944 2450 2997 quam
2474 2931 2817 2984 venerabiles
2842 2949 2856 2985 :
2878 2930 3354 3002 Appropinquavit
3372 2933 3479 2989 'rex

1888 3028 2067 3075 vester
2093 3040 2107 3077 :
2142 3036 2324 3077 nonne
2355 3022 2441 3077 bis
2469 3023 2688 3093 quidem
2715 3023 2784 3077 ad
2811 3025 3163 3094 supplicium,
3194 3025 3317 3081 aliis
3350 3040 3482 3082 vero

1888 3114 1955 3165 ad
1997 3113 2227 3184 gloriam
2273 3124 2328 3169 et
2379 3114 2803 3170 beneﬁcentiam
2858 3119 3302 3187 appmpinquare
3347 3119 3482 3174 dicit

1891 3219 2069 3273 regem
2096 3203 2120 3256 ?
2146 3204 2237 3257 Sic
2264 3204 2431 3275 igitur
2451 3214 2507 3259 et
2534 3207 2635 3260 hoc
2658 3206 2779 3261 loco
2801 3206 3068 3277 intellige.
3117 3206 3482 3264 Tolerabilius

1887 3299 1993 3349 erit
2013 3284 2287 3363 Sodomis,
2316 3297 2510 3366 inquit,
2536 3312 2697 3366 quam
2723 3300 2931 3353 civitati
2962 3314 3082 3368 qua:
3107 3314 3205 3355 vos
3228 3316 3334 3354 non
3362 3316 3483 3355 sns-

1886 3390 2112 3455 ceperit.
2150 3388 2369 3453 Quare?
2411 3387 2488 3442 Eo
2528 3390 2672 3457 quod
2715 3391 2769 3443 in
2814 3391 3051 3445 Sodoma
3095 3392 3328 3461 apostoli
3372 3408 3480 3446 non

1887 3481 2111 3533 luerunt
2146 3480 2323 3534 missi.
2370 3481 2566 3548 Igitur,
2613 3483 2703 3549 qui
2747 3482 3023 3551 apostolos
3066 3498 3175 3537 non
3218 3497 3480 3553 suscepe-

1889 3581 2037 3635 runt,
2068 3569 2370 3626 deteriores
2402 3580 2531 3626 sunt
2564 3572 2887 3628 Sodontitis.
2922 3573 3167 3631 Observa
3199 3575 3479 3630 civitatem

1886 3679 1992 3716 non
2067 3664 2452 3732 suscipientem
2496 3668 2774 3733 apostolos
2826 3665 3037 3733 plateas
3078 3668 3299 3722 habere.
3346 3668 3477 3722 Lata

1884 3759 2031 3811 enim
2062 3758 2147 3811 via
2172 3769 2255 3812 est
2280 3773 2401 3826 qua:
2427 3760 2575 3813 ducit
2603 3759 2669 3813 ad
2696 3759 2976 3813 interitum
2998 3782 3011 3815 ;
3039 3774 3202 3830 quam
3228 3761 3480 3831 quisquis

1886 3850 2213 3918 ingreditur,
2245 3852 2335 3905 ille
2363 3852 2722 3921 apostolicum
2754 3861 2811 3908 et
2834 3852 3079 3908 divinum
3109 3853 3335 3909 verbum
3370 3870 3477 3909 non

1884 3956 2134 4015 suscipit.

1955 4214 2132 4280 Vens,
2178 4215 2368 4269 15-10.
2415 4234 2433 4266 ι
2466 4215 2555 4269 Va:
2589 4215 2708 4279 tibi,
2738 4213 3031 4282 Corozaiu,
3060 4231 3137 4271 va:
3160 4216 3279 4281 tibi,
3308 4216 3472 4269 Beth-

1882 4312 2031 4364 saida
2066 4330 2079 4363 :
2120 4313 2247 4379 quia
2288 4312 2332 4364 si
2394 4312 2445 4363 in
2500 4309 2647 4379 Tyro
2688 4318 2744 4363 et
2775 4311 2979 4366 Sidone
3058 4310 3217 4363 facta:
3246 4310 3475 4365 inissent

1886 4405 2113 4456 virtutes
2142 4417 2263 4470 qua:
2295 4401 2451 4456 facta:
2478 4412 2607 4456 sunt
2643 4404 2693 4455 in
2728 4403 2914 4467 vobis,
2955 4402 3084 4456 olim
3128 4403 3180 4455 iu
3211 4402 3389 4455 cilicio
3422 4411 3475 4454 vi.

1883 4496 2071 4549 cinere
2130 4497 2388 4549 sedentes
2444 4497 2848 4564 pmnituisscul.
2896 4496 3285 4550 Verumtamen
3332 4493 3476 4564 Tyro

160 4590 543 4658 ἀνεκτότερον
593 4589 747 4643 ἔσται
804 4591 861 4642 ἐν
894 4591 959 4663 τῇ
1006 4590 1206 4660 κρίσει,
1264 4592 1297 4661 ἢ
1338 4594 1486 4661 ὑμῖν.
1546 4594 1656 4647 Καὶ
1688 4595 1775 4662 σὺ,

1886 4600 1937 4644 et
1974 4589 2161 4644 Sidoni
2202 4589 2487 4645 remissius
2514 4591 2619 4644 erit
2647 4591 2699 4643 in
2729 4589 2970 4659 judicio,
3003 4606 3165 4660 quam
3198 4591 3376 4645 vobis.
3412 4590 3476 4643 Et

161 4682 588 4753 Καπερναοὺμ,
640 4683 673 4751 ὴ
730 4680 835 4743 ἕως
885 4680 980 4734 τοῦ
1032 4682 1266 4753 οὐρανοῦ
1308 4684 1608 4753 ὑψωθεῖσα,
1672 4686 1777 4749 ἕως

159 4779 307 4852 ᾅδου
348 4774 831 4847 καταϐιϐασθήσῃ.
872 4776 931 4829 '0
952 4776 1169 4830 ἀκούων
1198 4777 1375 4847 ὑμῶν,
1403 4780 1539 4847 ἐμοῦ
1567 4781 1774 4847 ἀκούει,

157 4870 265 4924 καὶ¹
336 4869 368 4920 ό
398 4866 605 4919 ἀθετῶν
637 4867 803 4936 ὑμᾶς,
845 4867 946 4936 ἐμὲ
996 4868 1214 4921 ἀθετεῖ·
1243 4872 1272 4923 ὁ
1299 4871 1358 4923 δὲ
1401 4870 1501 4939 ἐμὲ
1543 4870 1773 4935 ἀθετῶν,

157 4960 369 5014 ἀθετεῖ
426 4958 520 5009 τὸν
567 4958 969 5013 ἀποστείλαντά
1013 4977 1103 5029 με.
1172 4979 1193 5012 ι
1247 4961 1311 5013 Ἥ
1362 4961 1542 5033 Τύρος
1591 4964 1685 5016 καὶ
1742 4966 1774 5035 ή

155 5052 349 5107 Σιδὼν
380 5050 564 5114 πόλεις
597 5045 738 5121 ἦσαν
770 5050 1102 5120 Ἑλληνίδες,
1129 5055 1163 5123 ἡ
1204 5053 1261 5107 δὲ
1306 5054 1586 5124 Βηθσαϊδὰ
1616 5061 1707 5109 καὶ
1743 5057 1776 5126 ἡ

154 5141 496 5216 Χωραζεὶν,
548 5142 1046 5213 Ἰουδαῖκαί.Λέγει
1071 5147 1272 5210 τοίνυν,
1305 5148 1386 5200 ὅτι
1430 5149 1521 5200 Ἐν
1558 5152 1624 5221 τῇ
1657 5149 1778 5219 κρί-

156 5258 252 5294 σει
287 5239 661 5307 ἀνεκτότερον
707 5236 864 5291 έσται
920 5242 1033 5303 τοῖς
1082 5241 1375 5312 Ἕλλησιν,
1419 5244 1451 5309 ἢ
1480 5243 1608 5311 ὑμῖν
1664 5247 1776 5307 τοῖς

155 5333 353 5389 ἰδοῦσι
394 5328 675 5399 θαύματα,
714 5331 812 5384 καὶ
846 5331 921 5402 μὴ
960 5332 1337 5387 πιστεύσασιν.
1398 5337 1629 5389 Ἐκεῖνοι
1664 5339 1775 5407 γὰρ

151 5428 204 5477 εί
239 5418 425 5482 εἶδον,
450 5420 778 5474 ἐπίστευσαν
808 5421 895 5477 ἄν.
935 5423 1097 5476 Ἀλλὰ
1138 5424 1231 5475 καὶ
1260 5423 1349 5487 σὺ,
1376 5424 1772 5494 Καπερναοὺμ,

149 5513 408 5585 ὐψώθης
449 5509 548 5579 μὲν
579 5510 683 5573 ἕως
713 5511 972 5581 οὐρανοῦ,
1011 5512 1351 5583 δοξαζομένη
1378 5514 1469 5567 διὰ
1507 5517 1576 5567 τὰ
1604 5518 1660 5568 ἐν
1691 5517 1775 5569 σοὶ

148 5606 441 5673 Θαύματα
488 5602 665 5655 πολλὰ
715 5608 1019 5674 γεγονότα,
1056 5607 1513 5680 καταϐιϐασθήσῃ
1554 5608 1610 5661 δὲ
1670 5610 1772 5673 ἕως

150 5699 335 5769 ᾅδου,
366 5696 897 5767 κατακριθησομένη
924 5698 994 5750 δι’
1028 5697 1158 5749 αὐτὸ
1180 5699 1362 5759 τοῦτο,
1387 5698 1469 5750 ὅτι
1507 5700 1601 5751 καὶ
1633 5701 1774 5769 μετὰ

143 5786 416 5843 τοσαῦτα
458 5788 712 5857 θαύματα
768 5791 1037 5852 ἀπιστεῖς.
1083 5786 1217 5843 Εἶτα
1272 5792 1360 5843 ἵνα
1416 5792 1490 5860 μὴ
1541 5793 1773 5857 λέγωσιν

1630 5885 1644 5897 ε

149 5890 197 5938 οἱ
236 5881 607 5952 πεμπόμενοι
638 5884 729 5935 ἐπὶ
761 5884 820 5936 τὸ
865 5885 1152 5955 κήρυγμα,
1178 5884 1260 5937 ὅτι
1294 5885 1396 5937 ποῦ
1421 5885 1771 5947 ἀποστέλλεις

1884 4694 1961 4749 ιιι,
1980 4679 2345 4750 Capernaum,
2374 4697 2493 4749 qua:
2521 4696 2690 4749 usque
2712 4685 2778 4737 ad
2808 4684 3005 4737 cadum
3029 4684 3171 4738 elata
3196 4700 3274 4747 es,
3300 4698 3475 4751 usque

1882 4776 1947 4828 ad
1981 4774 2254 4828 infernum
2287 4775 2635 4844 deprimeris.
2668 4774 2770 4841 Qui
2807 4791 2906 4831 vos
2938 4777 3122 4841 audit,
3162 4792 3245 4831 me
3276 4779 3424 4829 audit
3454 4794 3470 4837 ;

1880 4878 1934 4922 et
1962 4870 2054 4939 qui
2085 4884 2180 4923 vos
2209 4870 2439 4939 spernit,
2472 4884 2557 4923 me
2590 4871 2823 4939 spernit.
2860 4870 2959 4934 Qui
2993 4882 3174 4925 autem
3206 4886 3291 4924 me
3320 4886 3476 4939 sper-

1880 4962 1995 5023 nit,
2038 4963 2245 5030 spernit
2286 4975 2410 5015 eum
2454 4962 2547 5029 qui
2587 4976 2673 5016 me
2708 4963 2875 5017 misit.
2920 4982 2938 5015 ι
2975 4961 3153 5033 Tyrus
3196 4976 3249 5019 et
3303 4963 3474 5019 Sidon

1881 5052 2132 5107 civitates
2186 5053 2406 5108 luerunt
2460 5054 2781 5123 gentilium,
2830 5054 3121 5109 Bethsaida
3177 5065 3359 5110 autem
3419 5067 3507 5111 et’

1878 5144 2147 5200 Corozain
2173 5144 2438 5202 Iudaicae.
2478 5148 2615 5201 Dicit
2652 5149 2814 5216 igitur
2839 5150 2984 5217 quod
3019 5150 3069 5201 iu
3102 5149 3306 5217 judicio
3337 5150 3475 5205 tole-

1882 5238 2105 5293 rabilius
2138 5241 2242 5293 erit
2270 5240 2562 5310 gentilibus
2601 5256 2762 5309 quam
2798 5242 2975 5306 vobis,
3010 5243 3101 5310 qui
3133 5244 3344 5297 vidiSIis
3375 5247 3479 5297 mi-

1882 5328 2102 5391 racula,
2144 5339 2199 5383 et
2239 5345 2343 5383 non
2391 5331 2721 5385 credidistis.
2774 5330 2849 5383 illi
2897 5333 3043 5387 enim
3090 5334 3135 5388 si
3189 5335 3471 5398 vidissent,

1879 5421 2235 5476 credidissent
2258 5424 2463 5491 utique.
2490 5421 2595 5475 Sed
2620 5423 2851 5497 et3ﬁ5
2869 5435 2943 5486 tu,
2968 5425 3335 5492 Capernaum,
3357 5443 3473 5489 «tum

1878 5515 2116 5567 exaltata
2162 5517 2379 5583 quidem
2431 5516 2577 5570 luisti
2612 5530 2783 5585 uSque
2820 5519 2885 5570 ad
2921 5520 3142 5583 coelum,
3173 5530 3225 5573 et
3262 5520 3473 5589 gioriﬁ-

1878 5618 1996 5660 cata
2036 5609 2241 5672 multis,
2270 5624 2391 5676 quae
2424 5610 2474 5661 iu
2511 5618 2560 5662 te
2588 5608 2734 5663 facta
2761 5621 2907 5677 sunt,
2956 5613 3253 5676 miraculis,
3288 5612 3473 5666 detra-

1879 5700 2027 5753 licris
2075 5718 2243 5753 usuue
2291 5704 2358 5756 ad
2418 5702 2727 5769 infernum,
2782 5707 3197 5760 condemnanda
3252 5717 3475 5776 proliti-r

1878 5792 2007 5843 istm
2058 5785 2263 5861 ipsum,
2299 5797 2442 5863 quod
2466 5806 2516 5849 et
2548 5807 2667 5862 post
2708 5806 2854 5849 tanta
2899 5798 3160 5851 miracula
3192 5797 3470 5852 iui-icuula

1880 5900 2087 5937 manes.
2136 5884 2338 5939 Derimle
2366 5896 2426 5939 ut
2460 5904 2523 5941 ne
2561 5888 2744 5943 tliCanl
2782 5888 2873 5955 qui
2912 5890 3203 5943 mittuntur
3242 5892 3304 5942 ad
3337 5904 3473 5957 prac—
