4030 6402
565 341 674 403 839

1485 315 2058 385 THEOPHYLACTI
2098 310 2508 373 BULGARIE
2540 305 2895 368 ARCHIEP.

3721 288 3827 354 Sili

566 449 911 511 dicationem,
946 443 1066 510 Quo
1090 441 1259 496 mittis
1284 453 1405 504 nos,
1428 438 1473 492 si
1503 438 1748 491 civitates
1770 431 2010 501 quaedam
2039 442 2147 482 non

2265 425 2417 494 ἡμᾶς,
2459 422 2616 492 εἰμὴ
2665 422 2954 490 μέλλουσιν
3009 417 3157 486 ἡμᾶς
3201 412 3386 474 πόλεις
3437 410 3587 473 τινὲς
3640 408 3854 479 emas:

567 551 696 597 sunt
723 554 818 592 nos
847 532 1215 604 susceptum?
1245 531 1416 586 dicit:
1453 526 1528 582 Ne
1571 527 1691 581 sitis
1725 525 1908 577 animo
1955 519 2136 574 tristi:

569 631 659 699 qui
691 626 898 696 spernit
934 639 1051 684 vos.
1085 638 1169 677 me
1209 621 1442 689 spernit,
1486 629 1540 671 et
1583 614 1796 668 Patrem
1837 626 2012 665 meum
2042 625 2054 662 :
2089 615 2141 661 et

573 723 644 776 ita
692 717 889 784 injuria
942 731 1050 771 non
1097 723 1274 768 vestra
1326 720 1429 775 est,
1473 708 1563 762 scd
1616 707 1668 759 in
1724 704 1888 757 Deum
1926 701 2138 754 transit.

572 812 879 868 Consolatio
904 811 1064 879 igitur
1083 807 1152 860 sit
1178 804 1349 868 vobis,
1377 801 1516 870 quod
1544 801 1656 852 hmc
1692 796 1782 850 Dei
1809 796 1879 848 sit
1908 791 2132 860 injuria.

573 909 728 960 Sicut
773 912 999 966 contra,
1045 915 1112 953 ne
1158 894 1497 965 glorietnini,
1549 889 1628 943 vel
1678 887 1851 953 sapite
1892 883 2140 944 sublime,

572 996 717 1068 quod
743 996 957 1063 quidam
1006 1004 1100 1044 vos
1149 986 1392 1038 audiant.
1438 979 1553 1035 Non
1595 977 1740 1030 enim
1780 982 2014 1028 vestrum
2061 979 2144 1023 cst

574 1103 730 1159 Opus,
760 1087 852 1140 sed
886 1083 1163 1150 meumﬁet
1195 1076 1404 1145 gratim.
1472 1110 1475 1113 -

646 1263 812 1318 Vsus.
873 1259 1059 1315 17—20.
1094 1275 1112 1327 ι
1155 1253 1376 1309 Bevcrsi
1418 1260 1596 1305 autem
1637 1254 1764 1303 sunt
1805 1240 2144 1312 septuaginta

578 1373 699 1412 eum
750 1353 978 1423 gaudio,
1031 1351 1318 1403 dicentes:
1367 1339 1627 1402 Domine,
1671 1338 1832 1391 etiam
1884 1333 2145 1387 daetnonia

579 1446 944 1513 subjiciuntur
973 1439 1127 1493 nobis
1153 1452 1246 1508 per
1274 1449 1468 1489 nomen
1503 1441 1675 1485 tttttm.
1700 1428 1787 1480 Ait
1811 1437 1987 1479 autem
2020 1424 2144 1477 illis:

588 1534 852 1590 Videbam
887 1533 1141 1587 Satanam
1168 1531 1310 1585 sicut
1347 1528 1522 1595 fulgur
1558 1523 1626 1578 de
1661 1521 1800 1576 cutio
1842 1523 2146 1574 cadentem.

583 1628 720 1681 Ecce
749 1628 816 1679 do
847 1624 998 1678 vobis
1031 1630 1351 1690 potestatem
1393 1615 1638 1672 cale-andi
1670 1627 1830 1680 super
1873 1618 2151 1678 serpentes

582 1730 638 1772 et
676 1718 1029 1784 scorpiones,
1075 1723 1130 1766 et
1176 1725 1337 1778 super
1363 1723 1574 1764 omnem
1627 1705 1880 1757 virtutem
1924 1701 2148 1761 inimici,

2249 515 2480 586 χεσθαι;
2532 513 2666 580 φησί
2689 528 2701 541 ’
2736 510 2828 580 Μὴ
2863 510 3116 563 λυπεῖσθε
3154 524 3168 538 ·
3204 508 3230 558 ὁ
3275 502 3486 556 ἀθετῶν
3537 502 3704 570 ὑμᾶς,
3732 501 3828 586 ἐμὲ

2244 583 2428 658 άθετεῖ
2464 604 2557 657 καλ⁵
2591 604 2681 654 τὸν
2719 603 2941 669 Πατέρα
3009 616 3132 667 μου,
3167 597 3306 649 ὥστε
3341 597 3374 664 ἡ
3425 593 3584 659 ὕϐρις
3618 583 3828 653 aurei;

2245 697 2388 764 ὑμᾶς
2421 695 2653 755 ἵσταται,
2680 691 2794 745 ἀλλ’
2833 693 2911 752 εἰς
2977 691 3109 740 Θεὸν
3133 688 3446 755 ἀνατρέχει.
3482 682 3824 753 Παραμυθία

2245 785 2430 839 τοίνυν
2456 785 2600 836 εστω
2631 783 2780 855 ὑμῖν,
2798 783 2886 832 τὸν
2908 779 3040 831 Θεὸν
3071 777 3392 847 ὑϐρίζεσθαι
3412 794 3426 808 ο
3461 776 3651 842 ὥσπερ
3671 774 3830 828 πάλιν

2251 877 2326 948 μὴ
2357 876 2655 945 καυχᾶσθε.
2703 876 2769 925 "H
2796 871 3243 941 ὑψηλοφρονεῖτε,
3278 869 3359 919 ὅτι
3396 865 3658 920 ἀκούουσί
3687 881 3832 927 τινες

2248 953 2424 1039 ὑμῶν.
2468 969 2542 1020 Οὑ
2587 968 2693 1038 γὰρ
2731 966 2998 1035 ὑμέτερον
3051 962 3112 1015 τὸ
3145 961 3326 1030 ἔργον,
3380 961 3495 1013 ἀλλ’
3547 958 3682 1030 ἐμοῦ
3740 959 3834 1011 καὶ

2247 1062 2345 1130 τῆς
2385 1062 2629 1132 χάριτος.

2329 1256 2346 1287 ι
2405 1235 2792 1306 Ὑπέστρεψαν
2821 1236 2876 1288 δὲ
2932 1235 2984 1287 οἱ
3033 1235 3408 1305 ἐϐδομήκοντα
3462 1235 3600 1302 μετὰ
3635 1232 3832 1302 χαρᾶς,

2251 1329 2504 1394 λέγοντες
2531 1344 2544 1357 ·
2578 1329 2772 1396 Κύριε,
2803 1329 2895 1382 καὶ
2925 1329 2995 1382 τά
3025 1328 3278 1396 δαιμόνια
3313 1327 3680 1379 ὑποτάσσεται
3701 1328 3834 1393 ἡμῖν

2253 1424 2311 1474 ὲν
2337 1422 2415 1492 τῷ
2467 1423 2694 1490 ὀνόματί
2742 1440 2854 1475 σου.
2898 1419 3033 1474 Eine
3053 1422 3107 1475 δὲ
3140 1423 3322 1484 αὑτοῖς
3344 1435 3358 1447 '
3405 1420 3708 1489 Ἐθ;ώρουν
3739 1420 3834 1472 τδιν

2253 1515 2497 1567 Σατανᾶν
2530 1514 2605 1577 ὡς
2628 1515 2917 1586 ἀστραπὴν
2940 1515 3004 1567 ἐκ
3026 1514 3121 1568 τοῦ
3153 1513 3386 1584 οὐρανοῦ
3411 1514 3665 1564 πεσόντα.
3699 1509 3833 1564 Ἰδοὺ

2252 1607 2446 1676 δίδωμι
2493 1607 2622 1676 ὑμῖν
2655 1607 2756 1676 τὴν
2787 1607 3038 1670 ἐξουσίαν
3067 1605 3163 1658 τοῦ
3196 1607 3389 1658 πατεῖν
3426 1606 3612 1659 ὲπάνω
3656 1604 3838 1671 δαρεων

2256 1701 2349 1752 καὶ
2370 1700 2669 1769 σκορπίων,
2697 1699 2793 1752 καὶ
2814 1700 2906 1750 ἐπὶ
2927 1700 3109 1751 πᾶσαν
3128 1697 3225 1769 τὴν
3246 1698 3475 1768 δύναμιν
3493 1695 3588 1750 τοῦ
3614 1695 3837 1765 ἐχθροῦ,

581 1817 634 1862 et
674 1806 807 1861 nihil
854 1805 1004 1858 vobis
1039 1801 1278 1856 nocebit.
1324 1798 1703 1852 Verumtamen
1746 1795 1800 1847 in
1843 1792 1945 1845 hoc
1992 1789 2154 1844 nolite

2265 1793 2352 1846 καὶ
2385 1794 2539 1846 οὐδὲν
2570 1794 2714 1862 ὑμᾶς
2742 1794 2804 1846 οὑ
2842 1793 2916 1862 μὴ
2973 1793 3231 1862 ἀδικήσῃ.
3268 1791 3412 1862 Πλὴν
3460 1793 3517 1843 ὲν
3545 1789 3720 1860 τοᾶτῳ
3758 1789 3836 1858 μὴ

582 1897 818 1970 gaudere
846 1895 990 1965 quod
1024 1895 1252 1963 spiritus
1285 1890 1436 1944 vobis
1471 1889 1865 1958 subjiciuntur,
1898 1885 1989 1938 sed
2023 1897 2155 1951 gau-

584 1996 707 2042 dete
757 1987 937 2056 potius
985 1985 1133 2054 quod
1185 1981 1400 2036 nomina
1458 1991 1636 2033 vestra
1688 1978 1885 2044 scripta
1933 1983 2057 2027 sunt
2100 1972 2154 2025 in

584 2079 762 2135 curiis.
803 2098 821 2130 ι
858 2075 1019 2130 Prius
1049 2076 1184 2130 dixit
1212 2076 1353 2143 quod
1385 2070 1595 2125 miserit
1627 2067 1987 2136 septuaginta,
2017 2079 2157 2119 ιιιιιιο

583 2184 763 2228 autem
803 2171 938 2227 dicit
979 2170 1124 2238 quod
1170 2165 1372 2221 reversi
1415 2165 1524 2217 sint
1558 2163 1852 2232 gaudentes
1879 2161 2017 2227 quod
2052 2173 2157 2212 non

585 2267 756 2321 solum
786 2264 926 2318 alios
957 2261 1172 2316 IIIOJ'DOI
1203 2257 1474 2327 fugarint,
1507 2256 1602 2310 sed
1622 2297 1636 2320 ,
1670 2255 1811 2322 quod
1842 2252 2014 2320 majus
2041 2266 2159 2303 ma-

589 2359 699 2410 lunt
737 2366 883 2421 erat,
937 2352 1224 2422 eifugarint
1273 2350 1433 2404 etiam
1473 2347 1762 2400 dminones.
1815 2343 1942 2397 Vide
1980 2351 2158 2419 autem

585 2445 855 2516 quomodo
899 2459 1006 2499 non
1061 2441 1403 2509 superbiunt.
1458 2439 1657 2492 Dicunt
1709 2437 1852 2490 enim
1911 2433 2055 2504 quod
2103 2432 2155 2486 itt

588 2536 804 2591 nomine
841 2545 932 2589 tuo
972 2525 1338 2600 subjiciuntur
1377 2532 1534 2583 nobis
1565 2526 1874 2586 ~da'monia,
1918 2536 2006 2576 tua
2036 2538 2160 2592 gra-

591 2632 685 2696 tia,
727 2641 831 2684 non
861 2637 1046 2682 nostra
1077 2625 1300 2679 virtute.
1337 2621 1475 2676 Dicit
1510 2631 1688 2674 autem
1725 2618 1828 2671 illis
1866 2615 2156 2669 Dominus:

590 2724 669 2777 Ne
697 2719 965 2774 miremini
1003 2719 1047 2772 si
1081 2718 1355 2770 daemones
1395 2713 1547 2766 vobis
1587 2710 1964 2779 subjiciuntur.
2005 2707 2162 2760 i‘riu-

591 2818 720 2882 ceps
748 2812 891 2864 enim
922 2795 1162 2879 ipsorum
1195 2807 1324 2860 olim
1354 2804 1421 2858 de
1453 2804 1592 2857 cmlo
1627 2802 1847 2868 decidit,
1875 2810 1929 2853 et
1958 2799 2161 2852 nullant

594 2903 961 2957 fortitudinem
1012 2902 1193 2953 habet.
1245 2895 1390 2947 Nam.
1437 2895 1560 2948 licet
1612 2895 1714 2948 hoc
1759 2892 2006 2946 homines
2055 2906 2161 2944 non

590 2995 857 3055 viderint,
906 3005 1006 3059 ego
1072 2999 1249 3043 tamen
1301 2985 1646 3042 invisibilium
1713 2993 1982 3054 spectator
2030 2982 2159 3036 vidi.

593 3085 806 3140 Decidit
842 3096 1019 3138 autem
1065 3083 1211 3137 sicut
1257 3079 1472 3150 fulgur,
1510 3077 1632 3148 quia
1674 3077 1764 3131 lux
1804 3085 1953 3139 erat,
1983 3083 2039 3129 et
2068 3089 2159 3128 ar-

595 3181 891 3247 cbangelus
923 3185 979 3231 et
1007 3175 1219 3240 lucifer,
1250 3173 1461 3228 etiamsi
1489 3171 1541 3225 itt
1575 3172 1825 3225 tenebras
1856 3183 2048 3223 versus
2074 3168 2162 3222 sit.

601 3273 660 3324 Si
699 3271 858 3337 igitur
884 3269 951 3322 de
983 3267 1120 3322 coelo
1161 3266 1252 3321 ille
1278 3265 1502 3330 decidit,
1539 3264 1682 3317 servi
1721 3261 1867 3332 ejus,
1902 3261 2165 3315 daemonia

599 3364 740 3424 dico,
771 3360 898 3428 quid
926 3375 1028 3412 non
1061 3357 1370 3427 patientur?
1396 3355 1625 3424 Quidam
1658 3363 1836 3409 autem
1863 3353 1944 3409 sic
1972 3347 2168 3408 intelli-

601 3461 754 3522 gnnt,
779 3451 842 3506 de
861 3450 1021 3516 caelo,
1048 3451 1148 3503 hoc
1177 3458 1277 3513 est,
1303 3448 1368 3502 de
1390 3446 1579 3517 gloria.
1604 3444 1736 3499 Nam
1764 3445 1887 3515 quia
1919 3445 2169 3499 dixerant

598 3543 649 3597 ei
670 3543 1010 3612 septuaginta
1035 3544 1181 3610 quod
1210 3540 1467 3594 daemonia
1492 3537 1590 3593 sibi
1618 3537 1992 3607 subjiciantnr,
2017 3536 2163 3588 dicit:

604 3629 719 3689 Hoc
741 3642 792 3687 et
813 3648 910 3703 ego
928 3633 1187 3687 sciebant.
1212 3630 1466 3685 Videbam
1488 3630 1627 3683 enim
1650 3631 1902 3682 Satanam
1919 3627 1984 3681 de
2005 3627 2164 3691 caelo,

605 3725 661 3782 id
691 3735 800 3790 est,
837 3726 900 3778 de
936 3722 1106 3792 gloria
1140 3735 1268 3795 sua,
1298 3731 1354 3774 et
1379 3720 1446 3775 de
1481 3720 1686 3775 honore
1719 3734 1878 3788 quem
1915 3719 2166 3780 habebat,

605 3819 907 3873 cadentem.
945 3817 1083 3871 Ante
1109 3813 1383 3867 Christum
1419 3812 1561 3866 enim
1599 3819 1657 3865 ut
1693 3812 1831 3865 Deus
1867 3809 2168 3874 colebatur,

604 3926 746 3964 nunc
775 3919 952 3962 autem
982 3906 1049 3961 de
1079 3907 1217 3961 cmlo
1248 3905 1468 3972 decidit,
1508 3905 1608 3959 hoc
1642 3913 1742 3967 est,
1770 3905 1834 3958 de
1863 3904 2027 3974 gloria
2048 3919 2166 3968 sua,

605 4016 674 4055 ne
710 4001 918 4054 colatur
942 4009 999 4052 ut
1038 3999 1209 4063 Deus,
1245 4013 1419 4066 neque
1461 3997 1723 4051 habeatur
1759 3998 1982 4065 perinde
2022 4010 2086 4049 ac
2125 3997 2172 4050 si

605 4093 658 4147 in
688 4092 827 4148 cmlo
870 4092 1096 4146 habitet.
1147 4089 1285 4146 Ecce
1329 4090 1492 4160 igitur
1542 4090 1608 4144 do
1653 4088 1802 4143 vobis
1849 4098 2170 4158 potestatem

604 4186 955 4242 conculcandi
992 4187 1247 4239 virtutem
1283 4184 1518 4239 illorum.
1548 4180 1835 4253 Serpentes
1867 4193 1921 4236 et
1973 4180 2171 4250 scorpii

606 4281 905 4333 dzemonum
947 4289 1071 4332 sntit
1109 4285 1379 4341 catervae,
1410 4291 1529 4344 qua
1566 4278 1814 4330 deorsum
1865 4275 2168 4329 trahuntur.

606 4367 674 4422 Et
714 4369 806 4437 qui
858 4367 1140 4422 manifeste
1191 4368 1522 4436 percutiunt,
1568 4378 1865 4435 serpentes,
1908 4368 1999 4435 qui
2047 4381 2172 4420 vero

2257 1886 2499 1956 χαίρετε,
2525 1887 2606 1938 ὅτι
2639 1885 2706 1937 τὰ
2732 1884 3014 1952 πνεύματα
3036 1885 3164 1950 ὑμῖν
3191 1885 3576 1939 ὑποτάσσεται.
3599 1882 3854 1952 Χαίρετε,

2255 1975 2311 2028 δὲ
2349 1976 2549 2045 μᾶλλον
2601 1977 2684 2030 ὅτι
2735 1976 2804 2030 τά
2836 1975 3082 2044 ὀνόματα
3142 1976 3296 2043 ὑμῶν
3348 1976 3568 2044 ἐγράφη
3619 1975 3678 2025 ὲν
3725 1975 3840 2033 τοῖς

2257 2069 2544 2139 οὐρανοῖς..
2592 2088 2610 2119 ι
2678 2070 2945 2138 Προεϊπεν
2996 2072 3078 2122 ὅτι
3135 2068 3422 2123 ἀπέστειλε
3455 2068 3579 2128 τοὺς
3615 2066 3845 2134 ἑϐδομή-

2260 2177 2444 2213 κοντα.
2478 2161 2594 2215 Νῦν
2618 2159 2716 2212 οὖν
2733 2160 2881 2227 λέγει
2914 2161 2995 2212 ὅτι
3035 2161 3382 2229 ὑπέστρεψαν
3415 2159 3724 2229 χαίροντες,
3755 2154 3840 2210 ὂτὶ

2259 2253 2318 2305 οὐ
2351 2252 2511 2320 μόνον
2541 2252 2840 2321 sigilla;
2872 2254 3064 2317 νόσους
3100 2253 3348 2316 ἐδίωκον,
3383 2252 3500 2306 ἀλλ’
3532 2253 3614 2305 ὅτι
3645 2252 3741 2304 καὶ
3778 2251 3843 2304 τὸ

2263 2344 2447 2413 μεῖξον
2466 2344 2654 2410 κακὸν,
2688 2345 2811 2408 τοὺς
2833 2345 3092 2413 δαίμονας
3124 2346 3437 2414 ἐξήλαυνον.
3474 2345 3612 2415 Ὅρα
3642 2344 3702 2397 δὲ
3724 2344 3846 2406 πῶς

2259 2438 2357 2506 οὑχ
2389 2436 2844 2507 ὑψηλοφρονοῦσι.
2894 2437 3032 2489 Φασὶ
3076 2437 3206 2506 γὰρ,
3233 2437 3320 2489 ὃτι
3363 2435 3453 2488 Ἐν
3479 2436 3556 2507 τῷ
3613 2434 3842 2504 ὀνόματί

2261 2546 2356 2582 σου
2412 2531 2816 2583 ὑποτάσσονται
2877 2530 3006 2598 ἡμῖν
3059 2529 3108 2580 οἱ
3149 2527 3424 2596 δαίμονες.
3495 2528 3588 2580 Ἐν
3639 2529 3706 2596 τῇ
3770 2529 3842 2594 σῇ

2261 2623 2465 2693 χάριτι,
2488 2623 2546 2675 οὑ
2573 2624 2638 2691 τῇ
2661 2622 2907 2692 ἡμετέρα
2934 2620 3097 2688 ἰσχύϊ.
3117 2617 3252 2673 Eine
3279 2619 3335 2673 δὲ
3352 2620 3533 2681 αὑτοῖς
3561 2620 3589 2670 ὁ
3607 2620 3810 2687 Κύριος
3827 2636 3842 2648 ·

2262 2716 2354 2785 Μὴ
2390 2715 2722 2783 θαυμάζετε,
2776 2718 2825 2766 εἰ
2881 2714 3134 2784 δαίμονες
3167 2714 3294 2781 ὑμῖν
3325 2713 3722 2765 ὑποτάσσονται
3745 2727 3758 2740 ⁸
3817 2713 3848 2764 ὁ

2265 2807 2373 2871 γὰρ
2409 2805 2593 2873 ἄρχων
2637 2803 2836 2865 αὑτῶν,
2873 2803 3037 2856 πάλαι
3093 2804 3395 2856 κατέπεσεν
3429 2800 3523 2854 ἀπ’
3581 2801 3841 2870 οὐρανοῦ.

2269 2897 2380 2949 Καὶ
2409 2897 2664 2965 οὐδεμίαν
2695 2898 2849 2966 ἰσχὺν
2879 2896 3012 2964 ἔχει.
3046 2895 3106 2947 Ei
3137 2896 3246 2964 γὰρ
3272 2895 3364 2947 καὶ
3391 2895 3501 2956 τοῖς
3530 2892 3846 2961 ἀνθρώποις

2264 2992 2365 3059 οὑχ
2391 2990 2602 3060 ἑωρᾶτο
2633 2989 2814 3052 τοῦτο,
2860 2989 2976 3042 ἀλλ’
3005 2983 3098 3042 οὖν
3127 2987 3254 3058 ἐμοὶ
3285 2988 3573 3057 ὲθεωρεῖτο
3609 2986 3690 3055 τῷ
3737 2985 3851 3038 τῶν

2187 3117 2232 3179 C
2266 3075 2516 3179 ἀοράτων
2556 3078 2769 3153 Θεωρῷ.
2836 3081 2924 3143 Ὠς
2957 3081 3215 3152 ἀστραπὴ
3257 3079 3314 3133 δὲ
3357 3079 3687 3141 κατέπεσεν,
3725 3078 3850 3130 ἐπεὶ

2268 3174 2383 3239 φῶς
2412 3168 2507 3243 ἦν,
2528 3175 2623 3227 καὶ
2657 3173 3020 3243 ἀρχάγγελος,
3052 3173 3149 3226 καὶ
3171 3171 3470 3241 ἑωσφόρος,
3498 3171 3548 3223 ει
3587 3170 3685 3224 καὶ
3723 3171 3852 3222 σκό-

2267 3283 2359 3329 τος
2387 3269 2631 3334 γέγονεν.
2664 3266 2725 3319 Ei
2754 3266 2933 3318 τοίνυν
2962 3258 3117 3328 οὗτος
3150 3263 3455 3316 κατέπεσεν
3477 3263 3571 3314 ἀπ’
3589 3259 3849 3330 οὐρανοῦ,

2269 3358 2320 3408 oi
2349 3357 2530 3409 δοῦλοι
2561 3355 2747 3423 αὑτοῦ,
2775 3357 2840 3410 τὰ
2870 3356 3122 3426 δαιμόνια
3147 3356 3312 3423 λέγω,
3342 3355 3395 3407 τί
3423 3355 3484 3407 οὐ
3514 3354 3802 3407 πείσονται
3829 3368 3846 3417 ;

2271 3451 2428 3514 Τινὲς
2453 3451 2510 3502 δὲ
2555 3450 2636 3514 τὸ,
2681 3451 2774 3503 ἀπ’
2809 3449 3239 3521 οὑρανοῦ,οὑτω
3287 3448 3499 3513 νοοῦσι,
3542 3447 3850 3509 τουτέστιν,

2270 3545 2380 3598 ἀπὸ
2412 3546 2590 3615 δόξης.
2632 3546 2786 3599 Ἐπεὶ
2830 3544 2938 3612 γάρ
2985 3541 3136 3598 εἷπον
3165 3543 3316 3612 αὑτῷ
3360 3543 3410 3595 οι
3453 3541 3853 3611 ἑϐδομήκοντα,

2269 3639 2449 3692 ὅτιτὰ
2493 3637 2745 3707 δαιμόνια
2781 3638 3168 3702 ὑποτάσσεται,
3207 3636 3393 3707 φησὶν,
3427 3637 3531 3698 ὅτι,
3572 3635 3686 3686 Καὶ
3740 3632 3853 3700 ἐγὼ

2268 3731 2429 3783 τοῦτο
2464 3731 2780 3798 ἐγίνωσκον.
2854 3729 3122 3781 Ἔϐλεπον
3184 3728 3293 3799 γὰρ
3348 3729 3438 3781 τὸν
3487 3729 3740 3781 Σατανᾶν
3797 3728 3856 3793 ἐξ

2273 3822 2541 3892 οὐρανῶν,
2568 3822 2868 3887 τουτέστιν,
2899 3820 3010 3872 ἀπὸ
3043 3820 3138 3888 τῆς
3171 3817 3330 3889 δόξης
3360 3815 3427 3890 ἦς
3456 3813 3594 3888 εἶχε,
3629 3821 3727 3871 καὶ
3757 3821 3857 3886 τῆς

2274 3912 2441 3984 τιμῆς
2479 3912 2736 3966 πεσόντα.
2772 3912 2883 3980 Πρὸ
2922 3911 3028 3984 γὰρ
3061 3912 3298 3980 Χριστοῦ
3336 3912 3412 3974 ὡς
3441 3911 3572 3973 Θεὸς
3605 3913 3854 3980 ὲτιμᾶῖο.

2273 4005 2388 4058 Νῦν
2416 4005 2474 4057 δὲ
2503 4004 2730 4071 ἐξέπεσε
2757 4003 2850 4057 τοῦ
2873 4004 3124 4073 οὐρανοῦ,
3155 4004 3426 4066 τουτέστι,
3459 4004 3555 4056 τοῦ
3585 4005 3858 4073 τιμᾶσθαι

2273 4099 2348 4160 ὡς
2395 4097 2548 4159 Θεὸς,
2583 4098 2677 4150 καὶ
2709 4097 3026 4165 νομίζεσθαι
3063 4098 3144 4150 δτι
3196 4097 3252 4149 ὲν
3302 4096 3377 4166 τῷ
3417 4097 3635 4166 οὐρανῷ
3680 4098 3857 4150 ἐστιν.

2287 4189 2418 4241 Ἰδοὺ
2460 4183 2553 4241 οὖν
2585 4188 2776 4257 δίδωμι
2808 4188 2935 4256 ὑμῖν
2970 4169 3223 4253 ἐξουσίαν
3266 4189 3602 4240 καταπατεῖν
3627 4187 3731 4250 τὰς
3763 4189 3859 4240 δνς

2273 4278 2469 4347 νάμεις
2519 4278 2710 4332 αὑτοῦ.
2776 4280 2970 4347 Ὀφεις
3020 4278 3131 4346 γὰρ
3185 4282 3282 4332 καὶ
3329 4279 3583 4349 σκορπίοι
3642 4282 3697 4333 αι
3748 4282 3860 4332 τῶν

2275 4370 2547 4441 δαιμόνων
2577 4371 2850 4440 φάλαγγες
2898 4371 3050 4424 κάτω
3075 4371 3374 4442 συρόμεναι
3413 4387 3427 4400 ·
3478 4372 3570 4424 καὶ
3603 4372 3718 4424 ὅσοι
3759 4373 3860 4441 μὲν

604 4462 865 4516 occultius
888 4504 912 4529 ,
950 4462 1176 4530 scorpii,
1212 4471 1268 4515 ut
1301 4461 1507 4514 da'mon
1542 4461 1782 4516 libidinis
1816 4469 1868 4515 et
1898 4461 2059 4513 caedis
2096 4473 2160 4511 εει

2281 4464 2689 4534 ἐμφανέστερον
2743 4458 3283 4532 πλήττουσιν,οὗτοι
3347 4464 3521 4532 ὄφεις.
3581 4464 3742 4517 Ὀσοι
3803 4465 3860 4517 δὲ

605 4569 874 4623 serpens:
917 4554 969 4606 in
1010 4550 1371 4606 tuauifestaria
1411 4553 1554 4606 enim
1600 4553 1734 4603 mala
1776 4550 2048 4619 cetnpellit
2075 4567 2088 4601 :
2119 4565 2150 4603 a

607 4647 697 4717 qui
742 4657 964 4715 propter
1005 4646 1221 4700 morbos
1264 4645 1554 4712 persuadet
1604 4643 1874 4697 hominem
1918 4645 2171 4707 lavacris,

609 4738 931 4806 unguentis,
992 4745 1044 4790 ct
1098 4737 1217 4790 aliis
1269 4736 1704 4791 cﬂeminantibns
1757 4737 1870 4801 uti,
1928 4737 2174 4804 scorpius

608 4839 848 4892 vocatur,
882 4845 983 4882 non
1018 4829 1355 4884 manifestum
1387 4831 1587 4884 habens
1614 4830 1884 4894 aculeum,
1914 4831 2004 4883 sed
2035 4834 2172 4885 clam

607 4935 826 4974 carnem
861 4919 1156 4983 offendens,
1187 4931 1244 4974 ut
1268 4925 1601 4976 obedientem
1636 4923 1688 4976 in
1727 4939 1978 4993 maguum
2011 4923 2174 4995 346

608 5026 793 5064 casum
825 5011 1052 5079 injiciat.
1078 5008 1255 5064 Gratia
1295 5023 1470 5064 autem
1506 5013 1747 5076 Domino,
1780 5015 1869 5082 qui
1903 5015 2048 5066 dedit
2078 5031 2172 5082 po-

542 5107 545 5110 ’
612 5110 857 5154 testatem
899 5102 1140 5156 calcaudi
1179 5119 1338 5170 super
1377 5103 1514 5158 illus.
1552 5103 1813 5157 Caeterum
1849 5105 2048 5160 docens
2080 5121 2174 5160 eos

611 5209 678 5246 ne
708 5195 1038 5261 superbiant,
1071 5195 1198 5249 dicit
1226 5213 1238 5247 :
1279 5194 1652 5250 Verumtamen
1687 5199 1735 5250 in
1769 5199 1871 5252 hoc
1907 5215 2009 5253 non
2043 5215 2174 5267 gau-

611 5284 732 5338 dete
770 5287 909 5354 quod
940 5289 1196 5340 dmmonia
1244 5289 1394 5341 vobis
1429 5289 1790 5356 subjiciuntur
1823 5307 1836 5346 :
1884 5291 1972 5343 alii
2028 5292 2172 5344 enim

611 5376 851 5441 suntqui
884 5389 948 5426 ex
990 5376 1088 5428 hoc
1118 5376 1374 5430 beneficia
1412 5380 1646 5446 capiunt,
1685 5397 1872 5450 nempe
1904 5383 1994 5451 qui
2031 5384 2174 5436 sani-

612 5474 773 5518 tatem
805 5479 1244 5535 consequuntur:
1277 5471 1367 5522 sed
1401 5472 1567 5539 magis
1602 5474 1737 5540 quod
1759 5477 1971 5529 nomina
1999 5489 2170 5528 chtra

610 5558 811 5626 scripta
845 5568 967 5610 sunt
1001 5561 1051 5611 iit
1082 5561 1252 5622 curiis,
1307 5579 1410 5613 non
1448 5575 1768 5630 atramento,
1796 5569 1888 5621 sed
1919 5570 2177 5622 memoria

614 5645 706 5699 Dei
736 5661 786 5701 et
827 5652 1021 5718 gratia.
1057 5651 1118 5703 Et
1156 5651 1400 5705 diabolus
1433 5653 1625 5707 decidit
1663 5672 1692 5708 e
1726 5659 1892 5721 cmlo,
1931 5661 2174 5714 homines

616 5752 791 5795 autem
819 5747 906 5812 qui
944 5742 1077 5798 infra
1111 5757 1252 5811 sunt,
1289 5749 1599 5804 scribuntur
1633 5765 1812 5820 supra.
1844 5751 2037 5808 V'cruai
2071 5755 2167 5808 ita-

2279 4555 2667 4625 ἀφανέστερον,
2689 4547 2834 4607 οὗτοι.
2859 4553 3130 4622 σκορπίοι,
3161 4551 3271 4606 οἷον
3294 4556 3320 4605 ὁ
3347 4554 3445 4623 μὲν
3467 4553 3568 4621 τῆς
3601 4555 3862 4623 πορνείας

2279 4647 2376 4698 καὶ
2405 4644 2498 4697 τοῦ
2528 4645 2693 4712 φόνου
2724 4645 2960 4714 δαίμων,
2990 4644 3135 4711 ὄφις.
3162 4644 3254 4704 Εἰς
3281 4645 3537 4713 προφανῆ
3569 4644 3676 4714 γάρ
3713 4645 3864 4698 traxi

2281 4739 2530 4791 συνωθεῖ.
2568 4737 2627 4788 '0
2651 4736 2707 4787 δὲ
2732 4737 2819 4788 διὰ
2851 4737 3005 4788 νόσον
3037 4734 3199 4804 δῆθεν
3220 4736 3419 4788 πείθων
3443 4735 3534 4787 τον
3569 4735 3865 4802 ἄνθρωπον

2278 4831 2522 4898 λουτροῖς
2572 4830 2809 4899 χρᾶσθαι
2843 4829 2936 4880 καὶ
2993 4827 3299 4897 μυρίσμασι
3358 4828 3450 4879 καὶ
3499 4831 3620 4890 ταῖς
3668 4827 3861 4890 ἄλλαις

2282 4921 2579 4991 βλακείαις,
2608 4924 2634 4973 ὁ
2663 4921 2904 4983 τοιοῦτος
2935 4920 3145 4989 δαίμων
3195 4920 3460 4988 σκορπίος
3507 4921 3572 4971 ἂν
3605 4919 3859 4991 κληθείη.

2277 5013 2370 5080 Μὴ
2402 5013 2638 5081 ἐμφανὲς
2672 5011 2814 5081 ἔχων
2843 5012 2904 5063 τὸ
2944 5008 3191 5079 κέντρον,
3229 5009 3362 5061 ἀλλὰ
3403 5009 3709 5075 λεληθότως
3762 5011 3860 5080 τὴν

2282 5108 2456 5172 σάρκα
2473 5104 2869 5174 περιποιεῖσθαι
2894 5104 3160 5167 σπεύδων,
3181 5103 3266 5154 ἴνα
3287 5102 3414 5172 ῥίψῃ
3432 5101 3522 5153 τὸν
3538 5101 3863 5170 πειθόμενον

2281 5200 2359 5260 εἰς
2399 5199 2599 5268 πτῶμα
2643 5200 2804 5266 μέγα,
2847 5198 3024 5268 Χάρις
3078 5197 3134 5248 δὲ
3181 5197 3258 5265 τῷ
3314 5198 3498 5268 Κυρίῳ
3538 5196 3616 5264 τῷ
3663 5197 3861 5248 διδόντι

2282 5293 2509 5362 δύναμιν
2552 5295 2743 5344 πατεῖν
2787 5293 2970 5345 ἐπάνω
2996 5291 3223 5344 τούτων.
3268 5289 3628 5345 Παιδεύωνδὲ
3662 5290 3861 5349 αὐτοὺς

2285 5386 2358 5457 μὴ
2388 5385 2804 5454 ὑψηλοφρονεῖν,
2842 5383 2972 5452 φησί
3001 5399 3014 5412 '
3040 5383 3186 5452 Πλὴν
3220 5386 3275 5436 ὲν
3302 5384 3476 5450 τούτῳ
3511 5382 3584 5450 μὴ
3616 5382 3859 5450 χαίρετε,

2281 5480 2359 5531 ὅτι
2388 5480 2453 5530 τά
2489 5477 2742 5546 δαιμόνια
2776 5478 2901 5545 ὑμῖν
2935 5478 3324 5529 ὑποτάσσεται.
3368 5475 3551 5527 Ἀλλοι
3583 5477 3689 5544 γάρ
3724 5478 3859 5525 εἰσιν

2282 5575 2326 5623 οἱ
2363 5577 2423 5623 ἐκ
2453 5572 2644 5624 τούτου
2700 5571 3178 5638 εὐεργετούμενοι,
3210 5571 3258 5619 οἱ
3291 5568 3388 5637 τῆς
3447 5571 3640 5629 ἰάσεως
3689 5585 3858 5618 x113.-

2647 5664 2802 5715 Ἀλλὰ

2283 5757 2495 5828 ἐγράφη
2552 5760 2752 5818 ἐντοῖς
2785 5756 3054 5825 οὶρανοῖς,
3108 5753 3166 5804 οὐ
3221 5751 3432 5821 μέλανι»
3484 5751 3616 5806 ἀλλά
3671 5755 3855 5821 μνήίή

2284 5665 2576 5734 ξιούςιενοι.
2647 5664 2802 5715 Ἀλλὰ
2876 5664 3074 5732 μᾶλλον
3136 5663 3214 5713 ὅτι
3272 5663 3337 5714 τᾶ
3403 5661 3642 5727 ὀνόματα
3708 5661 3858 5726 ὑμων
