4030 6454
232 389 334 456 841

983 383 1427 448 ENARRATIO
1468 381 1547 441 IN
1589 376 2093 442 EVANGELIUM
2134 377 2370 440 LUCB.
2408 403 2474 414 ·-
2515 378 2672 440 CAP.
2719 378 2792 439 X.

3427 378 3537 443 842

231 503 401 569 Θεοῦ,
429 504 526 560 καὶ
557 501 760 574 χάριτι.
797 499 908 553 Καὶ
958 501 986 553 6
1019 501 1118 571 μὲν
1147 498 1393 562 διάϐολος
1417 497 1624 552 ἄνωθεν
1655 515 1826 550 κατα-

1938 509 2040 562 qne
2064 494 2319 564 gaudium
2353 493 2573 549 nomina
2614 500 2795 548 vestra
2828 491 2880 546 in
2913 491 3068 548 cmlis
3099 491 3286 558 scribi,
3327 503 3380 547 et
3412 508 3532 550 esse

230 598 449 664 πίπτει,
478 598 528 652 oi
567 596 625 650 δὲ
664 593 945 665 ἄνθρωποι
980 592 1133 646 κάτω
1158 593 1308 654 ὄντες
1349 591 1655 660 γράφονται
1690 591 1822 643 ἄνω.

243 689 311 745 Ἦ
337 689 568 764 ἀληθινὴ
592 683 684 742 οὖν
718 685 886 757 χαρά,
911 684 972 737 τὸ
995 683 1308 755 γράφεσθαι
1326 683 1480 754 ὑμῶν
1499 681 1566 736 τά
1587 681 1825 752 ὀνόματα

227 783 347 841 ἄνω
377 787 472 839 καὶ
508 780 953 854 μνημονεύεσθαι
995 778 1102 832 ὑπὸ
1131 778 1291 834 Θεοῦ.

311 897 330 930 ι
380 879 467 931 Ἐν
499 874 636 946 αὐτῇ
680 877 745 945 τῇ
775 873 896 946 ὥρᾳ
946 869 1315 941 ὴγαλλίασατο
1365 870 1442 941 τῷ
1489 868 1760 940 πνεύματι
1800 871 1828 922 ό

248 968 479 1038 Ἰησοῦς,
532 967 628 1022 καὶ
657 961 854 1019 εἶπεν
892 963 1363 1035 Ἐξομολογοῦμαί
1437 978 1557 1026 σοι,
1619 961 1822 1031 Πάτερ,

236 1063 412 1134 Κύριε
443 1061 538 1114 τοῦ
585 1058 819 1131 ούρανοῦ
871 1059 965 1112 καὶ
1023 1056 1125 1127 τῆς
1163 1057 1295 1126 γῆς,
1361 1056 1444 1109 ὅτι
1496 1048 1829 1125 ἀπέκρυψας

231 1155 410 1208 ταῦτα
465 1153 571 1206 ἀπὸ
604 1151 784 1220 σοφῶν
843 1149 938 1204 καὶ¹
981 1148 1256 1212 συνετῶν,
1317 1146 1413 1200 καὶ
1463 1146 1826 1214 ἀπεκάλυψας

233 1245 376 1298 αὑτά
406 1243 622 1315 νηπίοις
653 1260 666 1271 ·
705 1243 820 1304 ναὶ,
855 1243 883 1295 6
921 1241 1134 1313 Πατὴρ,
1178 1240 1261 1294 ὅτι
1288 1239 1460 1301 οὕτως
1501 1239 1718 1306 ἐγένετο
1739 1239 1827 1290 εὑο

231 1337 388 1390 δοκία
414 1335 727 1408 ἔμπροσθέν
758 1352 873 1388 σου.
912 1353 930 1386 ι
963 1334 1174 1403 ’Ὥσπερ
1194 1331 1378 1406 πατὴρ
1395 1331 1602 1399 ἀγαθὸς
1628 1331 1826 1395 παῖδας

233 1428 360 1482 ἰδὼν
390 1427 855 1500 κατορθώσαντάς
885 1444 961 1491 τι,
996 1426 1139 1479 οὕτω
1169 1425 1264 1478 καὶ
1311 1427 1340 1478 6
1370 1424 1563 1496 Σωτὴρ
1592 1424 1826 1492 ἀγάλλε-

227 1538 342 1585 ται,
372 1521 456 1575 ὃτι
509 1521 769 1574 τοιούτων
797 1518 1020 1588 ἀγαθῶν
1050 1517 1366 1588 ἠξιώθησαν
1409 1519 1459 1570 οἱ
1507 1517 1820 1572 ἀπόστολοι.

228 1613 562 1686 Εὑχαριστεῖ
615 1609 709 1667 οὖν
769 1612 848 1683 τῷ
903 1613 1102 1682 Πατρὶ,
1161 1612 1242 1665 ὅτι
1306 1609 1705 1681 ἀπεκρύόησαν
1757 1610 1825 1663 τά

228 1707 462 1761 τοιαῦτα
517 1705 800 1777 μυστήρια
837 1704 947 1757 ἀπὸ
979 1705 1183 1773 σοφῶν,
1223 1703 1332 1756 τῶν
1361 1703 1676 1773 Φαρισαίων
1725 1702 1822 1772 δη-

225 1797 366 1868 λαδὴ
402 1797 495 1851 καὶ
527 1794 912 1866 Γραμματέων
943 1795 1052 1848 τῶν
1069 1793 1490 1865 ἓρμηνευόντων
1512 1793 1605 1848 τὸν
1636 1795 1820 1864 νόμον,

226 1888 327 1940 καὶ
364 1887 610 1940 συνετῶν
642 1885 753 1939 τῶν
811 1885 1274 1956 μαθητευομένων
1337 1885 1442 1938 ὑπὸ
1496 1884 1703 1938 τούτων
1757 1884 1822 1956 δὴ
1858 1858 1898 1918 Β

225 1980 339 2035 τῶν
370 1978 776 2050 Γραμματέων.
816 1978 989 2047 Σοφὸς
1023 1977 1124 2048 μὲν
1159 1977 1268 2048 γάρ
1294 1978 1442 2030 ἐστιν
1472 1977 1499 2027 6
1528 1975 1820 2042 διδάσκων,

227 2071 454 2134 συνετὸς
489 2071 546 2123 δὲ
595 2071 622 2122 6
659 2069 1045 2141 διδασκόμενος
1076 2069 1170 2123 καὶ
1202 2069 1406 2132 συνιεὶς
1434 2067 1504 2122 τὰ
1533 2067 1824 2139 λεγόμενα.

226 2160 356 2218 Οἷον
392 2162 792 2232 ὑποδείγματος
823 2163 983 2233 χάριν
1007 2203 1021 2226 ,
1077 2163 1238 2230 σοφὸς
1270 2162 1296 2214 6
1331 2162 1637 2233 Γαμαλιὴλ,
1673 2178 1827 2213 συνε-

224 2258 320 2321 τὸς
353 2257 410 2309 δὲ
441 2257 468 2308 6
497 2254 730 2318 Παῦλος.
773 2253 831 2305 '0
860 2255 960 2323 μὲν
1009 2253 1119 2330 γάρ
1167 2251 1512 2318 διδάσκαλος,
1559 2255 1585 2304 6
1614 2251 1670 2304 δὲ
1703 2267 1825 2304 cnv-

231 2351 334 2412 ιεὶς
364 2349 434 2402 τὰ
473 2347 742 2417 λεγόμενα
785 2347 918 2417 παρ’
949 2344 1183 2400 ἐκείνου.
1207 2345 1454 2412 Νηπίους
1484 2343 1539 2395 δὲ
1568 2342 1826 2412 ὀνομάζει

224 2441 356 2504 τοὺς
386 2439 622 2503 οἰκείους
659 2437 910 2509 μαθητὰς
937 2439 966 2490 6
994 2435 1222 2506 Κύριος,
1271 2431 1358 2489 οἷα
1392 2434 1466 2506 μὴ
1495 2434 1826 2504 νομομαθεῖς

225 2532 416 2598 ὄντας,
473 2531 609 2585 ἀλλὰ
663 2531 791 2594 τοὺς
828 2530 1048 2593 πλείους
1107 2530 1170 2581 ὲκ
1219 2527 1315 2581 τοῦ
1368 2528 1528 2596 ὄχλου
1575 2529 1668 2578 καὶ
1716 2525 1827 2578 τῶν

225 2626 433 2680 ἀλιέων
466 2623 996 2696 συνηρανισμένους.
1037 2621 1201 2676 Ἀλλά
1233 2621 1341 2691 μὴν
1374 2621 1467 2674 καὶ
1499 2620 1574 2682 ὡς
1603 2619 1822 2683 ἄκακοι,

227 2718 419 2788 νήπιοι
455 2718 520 2770 ἂν
555 2715 829 2786 κληθεῖεν.
889 2714 1122 2768 Ἐκεῖνοι
1172 2712 1227 2765 δὲ
1280 2713 1568 2773 δοκοῦντες
1615 2711 1826 2762 συνετοὶ

227 2810 330 2862 καὶ
357 2809 538 2876 σοφοὶ,
560 2808 622 2861 οὑ
651 2806 758 2879 μὴν
785 2807 960 2871 δντες.
1005 2804 1324 2875 Ἀπεκρύδη
1348 2799 1442 2856 οὖν
1463 2803 1532 2855 τά
1552 2802 1827 2872 μυστήρια

227 2901 344 2954 ἀπὸ
383 2901 493 2954 τῶν
543 2902 850 2954 δοκούντων
903 2898 1084 2967 σοφῶν
1133 2898 1230 2951 καὶ
1291 2895 1552 2960 συνετῶν,
1608 2895 1668 2947 οὑ
1720 2895 1826 2964 μὴν

227 2993 425 3047 ὅντων.
457 2992 520 3044 El
542 2992 648 3063 γὰρ
683 2987 847 3063 ἦσαν,
882 2989 1250 3058 ἀπεκαλύφθη
1282 2988 1348 3042 ἂν
1380 2989 1584 3050 αὑτοῖς.
1633 2970 1826 3051 Να“ι,’ό

232 3083 453 3155 Πατὴρ,
504 3084 815 3156 εὐχαριστῶ
859 3101 960 3149 σοι,
995 3085 1076 3136 ὅτι
1126 3081 1300 3144 οὕτως
1349 3083 1568 3148 ἐγένετο
1604 3079 1826 3133 εὐδοκία

225 3175 547 3248 ιμπροσθέν
585 3192 707 3242 σου,
738 3175 1041 3240 τουτέστιν,
1072 3176 1154 3228 ὅτι
1197 3175 1422 3244 τοιαύτη
1466 3172 1683 3226 εὐδοκία
1733 3172 1828 3225 καλ¹
1855 3202 1899 3265 C

233 3271 457 3344 θέλησις
495 3271 718 3340 ἐγένετο
773 3268 1096 3340 ἔμπροσθέν
1148 3283 1265 3332 σου,
1299 3267 1393 3320 καὶ
1432 3263 1607 3328 οὕτως
1657 3263 1826 3335 ἤρεσέ

267 3382 341 3420 οι.

229 3382 265 3419 σ
311 3478 330 3508 ι
371 3458 481 3511 Καὶ
510 3454 773 3526 στραφεῖς
808 3453 946 3523 πρὸς
981 3451 1412 3520 τοὺςημαθητὰς,
1454 3444 1576 3503 εἶπε
1603 3467 1616 3481 ·
1646 3449 1830 3502 Πάντα

233 3556 330 3620 μοι
373 3547 652 3618 παρεδόθη
681 3546 787 3599 ὑπὸ
816 3547 911 3598 τοῦ
952 3543 1169 3613 Πατρός
1220 3559 1346 3613 μου.
1381 3543 1491 3594 Καὶ
1535 3541 1710 3604 οὑδεὶς
1743 3559 1830 3608 γι-

227 3641 454 3706 νώσκει,
487 3639 569 3702 τίς
597 3641 748 3692 ἐστιν
778 3640 807 3691 6
849 3638 999 3702 Υἱὸς,
1031 3637 1080 3688 εἰ
1131 3634 1207 3704 μὴ
1262 3636 1291 3686 6
1352 3634 1563 3702 Πατὴρ,
1615 3634 1710 3685 καὶ
1747 3633 1828 3694 τίς

228 3739 386 3791 ἔστιν
417 3738 445 3789 6
476 3735 690 3803 Πατὴρ,
729 3733 777 3784 εί
815 3730 890 3801 μὴ
921 3733 948 3784 6
998 3729 1150 3792 Υἱὸς,
1187 3731 1279 3782 καὶ
1384 3727 1478 3780 ἐὰν
1513 3726 1772 3796 βούληται
1804 3731 1831 3778 6
1887 3739 1890 3742 '

232 3828 365 3891 Υἱὸς
383 3825 759 3896 ἀποκαλύψαι.
791 3825 903 3878 Καὶ
931 3823 1195 3892 στραφεὶς
1230 3821 1366 3891 πρὸς
1397 3821 1522 3883 τοὺς
1558 3819 1827 3890 μαθητὰς,

229 3921 357 3973 κατ’
389 3919 525 3972 [δίαν
553 3914 676 3970 εἷπε
701 3933 714 3947 ·
747 3915 1026 3984 Μακάριοι
1066 3917 1115 3966 οἱ
1144 3913 1431 3982 ὀφθαλμοὶ,
1456 3915 1504 3964 οἱ
1540 3912 1830 3980 βλέποντες

229 4012 269 4066 ἃ.
295 4013 453 4082 ὑμεῖς
482 4009 734 4081 βλέπετε.
767 4009 929 4076 Λέγω
955 4008 1066 4078 γὰρ
1094 4008 1246 4077 ὑμῖν,
1285 4008 1367 4060 ὅτι
1403 4005 1592 4058 πολλοὶ
1616 4006 1830 4076 προφῆ-

231 4121 330 4158 ται
362 4105 459 4157 καὶ
491 4103 734 4173 βασιλεῖς
781 4100 1058 4171 ἠθέλησαν
1115 4100 1242 4153 ἰδεῖν
1279 4099 1315 4153 6.
1357 4099 1515 4169 ὑμεῖς
1577 4096 1828 4167 βλέπετε,

232 4200 336 4251 καὶ
392 4196 495 4249 οὒκ
550 4191 711 4261 εἶδον,
748 4197 844 4248 καὶ
902 4191 1137 4247 ἀκοῦσαι
1173 4192 1209 4246 ἃ
1261 4193 1513 4257 ἀκούετε,
1581 4192 1678 4245 καὶ
1732 4191 1832 4244 οὑκ

1938 588 1987 638 in
2017 587 2280 639 meritoria
2315 583 2432 639 Dei.

2007 866 2172 921 Vens.
2215 865 2307 922 ﬁl.
2366 886 2385 919 ι
2438 866 2492 920 In
2548 871 2736 924 eadem
2779 869 2915 924 'ltora
2992 872 3286 926 exsultavit
3339 873 3533 942 spiritu

1931 961 2087 1015 Jcsus
2110 1004 2124 1025 ,
2156 971 2209 1016 ct
2243 961 2418 1016 dixit:
2452 959 2732 1016 Conﬁteor
2762 962 2893 1026 tibi,
2924 963 3106 1031 Pater,
3149 964 3376 1020 Domine
3410 967 3533 1020 caali

1932 1064 1983 1106 et
2021 1066 2212 1119 terrae,
2266 1053 2411 1122 quod
2458 1053 2799 1110 abscondisti
2861 1055 2976 1110 haec
3020 1072 3048 1109 a
3096 1058 3437 1126 sapientibus
3478 1071 3536 1113 et

1934 1149 2312 1216 prudentibus,
2340 1159 2395 1203 et
2434 1149 2686 1205 revelasti
2719 1166 2780 1204 ea
2809 1151 3090 1220 parvulis:
3122 1157 3309 1218 etiam,
3341 1154 3532 1218 Pater,

1931 1242 2187 1309 quoniam
2242 1242 2322 1296 sic
2373 1240 2759 1310 complacitum
2808 1251 2896 1296 est
2946 1257 3132 1297 coram
3184 1254 3255 1297 te.
3311 1261 3330 1294 ι
3382 1245 3538 1316 δίειμι

1931 1342 2084 1402 pater
2118 1333 2292 1392 bonus
2327 1349 2451 1388 cum
2495 1332 2693 1388 viderit
2737 1332 2878 1389 ﬁlios
2913 1346 3058 1390 reCta
3092 1336 3337 1404 quaedam
3366 1351 3534 1405 opera

1931 1427 2188 1497 gessisse,
2212 1427 2285 1482 ita
2316 1427 2569 1482 Salvator
2594 1427 2853 1494 exsultat,
2891 1429 3018 1499 quia
3053 1429 3176 1483 talia
3203 1429 3343 1485 bona
3380 1434 3535 1484 asse;

1930 1520 2038 1573 cuti
2064 1529 2224 1573 crant
2263 1519 2514 1590 apostoli.
2562 1518 2754 1592 Itaque
2796 1521 2944 1575 Patri
2989 1523 3194 1588 gratias
3235 1524 3344 1592 agit
3388 1525 3534 1593 quod

1929 1610 2286 1665 occultaverit
2329 1612 2548 1681 quidem
2595 1612 2724 1666 talia
2777 1615 3035 1683 mysteria
3089 1630 3117 1666 a
3165 1615 3532 1684 sapientibus,

1931 1702 2222 1758 Pliariswis
2250 1703 2461 1758 scilicet
2501 1713 2556 1758 et
2584 1702 2793 1759 Scribis
2824 1707 2917 1775 qui
2958 1707 3130 1776 legem
3164 1709 3533 1776 interpretan-

1930 1802 2040 1857 tur,
2096 1803 2147 1848 et
2194 1794 2650 1865 intelligentibus,
2717 1797 2819 1851 ltoc
2869 1799 2967 1863 est}
3011 1798 3294 1868 discipulis
3333 1799 3528 1856 horum

1932 1885 2271 1941 Scribarum.
2318 1887 2552 1956 Sapiens
2584 1890 2728 1943 enim
2758 1901 2844 1945 est
2878 1893 2968 1960 qui
3001 1873 3530 1964 domu-intelligens

1934 1988 2112 2034 autem
2149 1979 2241 2047 qui
2277 1979 2503 2036 docetur
2544 1987 2598 2036 et
2643 1981 2897 2052 intelligit
2942 1999 3065 2052 quae
3109 1985 3364 2040 dicuntur
3397 2005 3411 2054 ;
3451 2001 3535 2051 ut,

1931 2070 2165 2138 exempli
2206 2071 2412 2141 gratia,
2449 2073 2666 2142 sapiens
2701 2073 3005 2139 Gamaliel,
3045 2076 3350 2146 intelligens
3386 2077 3531 2132 Pau-

1932 2163 2048 2217 lus:
2095 2163 2186 2218 ille
2225 2163 2370 2218 enim
2402 2165 2653 2227 docebat,
2687 2166 2773 2219 hic
2811 2166 3150 2236 intelligebat
3188 2184 3308 2238 quae
3342 2172 3411 2224 ab
3441 2171 3533 2225 illo

1933 2255 2288 2311 docebantur.
2338 2255 2605 2312 Parvulos
2656 2268 2837 2312 autem
2893 2260 3213 2313 nominabat
3270 2261 3535 2316 Dominus

1933 2360 2065 2401 suos
2115 2346 2452 2415 discipulos,
2501 2358 2686 2416 utpote
2733 2365 2828 2404 eos
2867 2351 2958 2420 qui
3001 2351 3053 2404 in
3094 2352 3210 2422 lege
3247 2339 3393 2408 docti
3427 2371 3533 2408 nui

1931 2449 2123 2503 erant,
2169 2439 2263 2494 sed
2314 2440 2559 2510 plerique
2593 2457 2658 2496 ex
2707 2443 2860 2496 turba
2905 2454 2958 2498 et
2999 2444 3369 2514 piscatoribus
3405 2463 3536 2500 con-

1933 2531 2164 2602 gregati.
2205 2531 2597 2588 Verumtamen
2635 2543 2688 2588 et
2722 2536 2932 2602 parvuli
2973 2537 3102 2590 dicti
3137 2548 3262 2592 sunt
3295 2538 3365 2593 ob
3400 2555 3535 2606 pue-

1935 2623 2090 2678 rilem
2125 2624 2557 2694 simplicitatem.
2591 2625 2672 2680 Illi
2699 2637 2879 2682 autem
2919 2630 3195 2699 sapientes
3223 2633 3378 2697 dicti,
3406 2638 3535 2703 quia

1936 2717 2257 2772 videbantur
2304 2719 2618 2788 sapientes,
2665 2735 2787 2774 cum
2835 2723 3110 2792 sapientes
3161 2741 3268 2779 non
3323 2742 3532 2782 essent.

1932 2811 2234 2866 Abscondit
2281 2812 2447 2880 igitur
2496 2813 2753 2883 mysteria
2809 2813 2876 2868 ab
2927 2815 3013 2870 liis
3063 2817 3154 2887 qui
3206 2819 3535 2876 videbantur

1932 2901 2207 2970 sapientes
2242 2911 2297 2956 et
2327 2902 2724 2974 intelligentes,
2775 2920 2895 2959 cum
2942 2908 3129 2976 utique
3172 2925 3280 2965 non
3325 2923 3531 2967 essent.

1932 2993 2067 3047 Nam
2092 2993 2142 3048 si
2173 2993 2420 3060 fuissent,
2455 2997 2692 3050 revelata
2719 2998 2952 3054 fuissent
2980 3001 3080 3056 eis.
3114 3002 3318 3071 Etiam,
3347 3003 3532 3068 Pater,

1931 3085 2136 3155 gratias
2167 3100 2270 3156 ago
2303 3086 2421 3151 tibi,
2457 3087 2585 3157 quia
2619 3089 2700 3144 sic
2730 3089 3134 3159 beneplacitum
3165 3093 3266 3147 fuit
3295 3106 3421 3150 ante
3455 3106 3531 3158 te.

1934 3179 2041 3234 hoc
2065 3190 2184 3246 est,
2224 3177 2329 3234 fuit
2369 3180 2493 3236 talis
2529 3183 2851 3252 approbatio
2884 3193 2937 3239 et
2982 3186 3168 3241 volitio
3211 3197 3341 3244 ante
3376 3199 3447 3256 te,
3479 3197 3533 3245 et

1935 3272 2016 3328 sic
2043 3271 2252 3344 placuit
2284 3273 2404 3330 tibi.

2015 3449 2286 3514 Vens.23,
2310 3451 2402 3507 26.
2435 3470 2452 3504 ι
2483 3450 2548 3506 Et
2566 3467 2867 3511 conversus
2903 3454 2970 3509 ad
3002 3457 3323 3525 discipulos,
3353 3459 3530 3516 ditit:

1935 3543 2130 3598 Omnia
2165 3544 2296 3597 mihi
2331 3545 2528 3599 tradita
2560 3554 2688 3600 sunt
2718 3563 2746 3600 ει
2778 3545 2940 3601 Patre
2983 3563 3124 3615 meo,
3157 3560 3210 3604 et
3246 3566 3406 3607 nemo
3432 3554 3534 3608 scit

1935 3638 2055 3706 quis
2094 3639 2163 3690 sit
2198 3637 2367 3691 Filius
2423 3638 2526 3692 nisi
2571 3637 2769 3704 Pater,
2811 3648 2866 3694 et
2905 3641 3029 3710 quis
3089 3643 3160 3695 sit
3219 3642 3384 3699 Pater
3429 3649 3530 3700 nisi

1934 3729 2132 3793 Filius,
2164 3739 2215 3783 ct
2245 3729 2330 3783 cui
2364 3730 2597 3785 voluerit
2652 3731 2822 3787 Filius
2848 3735 3080 3801 aperire.
3135 3735 3200 3790 Et
3238 3752 3535 3793 conversus

1935 3824 2000 3877 ad
2025 3824 2320 3892 discipulos
2352 3839 2620 3890 seorsum,
2652 3826 2826 3880 dixit:
2863 3825 3013 3881 Beati
3050 3828 3188 3882 oculi
3226 3831 3319 3899 qui
3347 3832 3533 3885 vident

1934 3930 2054 3983 quae
2086 3930 2181 3968 vos
2223 3915 2438 3970 videtis.
2483 3916 2614 3971 Dico
2643 3919 2792 3971 enim
2825 3916 2979 3973 vobis
3021 3922 3167 3989 quod
3208 3923 3362 3976 mulli
3407 3939 3533 3994 pro-

1935 4009 2113 4075 phetae
2142 4017 2196 4060 et
2243 4021 2398 4076 reges
2429 4009 2721 4062 voluerunt
2742 4009 2929 4065 videre
2961 4026 3082 4078 qure
3113 4027 3209 4067 vos
3237 4014 3452 4079 videtis,
3483 4028 3537 4070 et

1936 4113 2043 4152 non
2078 4098 2374 4152 viderunt:
2409 4107 2462 4154 et
2495 4099 2687 4154 audire
2719 4114 2838 4168 qua)
2866 4103 3086 4167 auditis,
3123 4113 3178 4157 et
3208 4120 3312 4159 non
3346 4092 3534 4161 audie-

1936 4199 2080 4244 runt.
2126 4209 2144 4243 ι
2183 4192 2373 4247 Omnia
2411 4192 2697 4246 traduntur
2724 4183 2910 4248 Filioa
2935 4195 3131 4260 Patre,
3177 4196 3325 4251 sicut
3364 4197 3538 4268 subji-

234 4290 505 4361 ἥκουσαν.
568 4306 586 4338 ι
629 4287 816 4340 Πάντα
853 4286 1242 4356 παραδίδονται
1298 4285 1376 4354 τῷ
1406 4285 1520 4354 Υἰῷ
1583 4286 1686 4336 ὑπὸ
1735 4284 1829 4337 τοῦ

1938 4283 2126 4336 cienda
2172 4280 2393 4336 fuerunt
2431 4281 2570 4336 Filio
2608 4283 2816 4336 omnia.
2866 4284 2979 4338 Duo
3022 4287 3166 4339 enim
3217 4290 3364 4342 modi
3410 4287 3538 4344 sunt

233 4380 476 4451 Πατρός,
535 4377 657 4431 καθ’
694 4376 722 4430 ὃ
770 4376 995 4447 ἔμελλον
1056 4375 1399 4443 ὑποταγῆναι
1456 4374 1535 4444 τῷ
1591 4374 1709 4444 Υἱῷ
1763 4375 1833 4428 τὰ

233 4471 442 4528 πάντα.
479 4468 586 4522 Δύο
617 4469 726 4540 γάρ
759 4468 950 4539 τρόποι
981 4467 1088 4520 εἰσὶ
1128 4466 1252 4520 καθ’
1281 4465 1374 4530 οὒς
1413 4465 1687 4536 βασιλεύει
1722 4465 1831 4520 τῶν

1935 4375 2134 4444 quibus
2177 4385 2368 4444 regnat
2405 4375 2456 4429 in
2505 4375 2660 4430 nobis
2703 4374 2892 4429 Deus:
2936 4393 3078 4432 unus
3115 4394 3222 4448 quo
3257 4394 3445 4452 regnat
3479 4384 3535 4438 in

1936 4468 2022 4523 bis
2051 4469 2140 4538 qui
2173 4468 2396 4534 nolunt;
2427 4468 2584 4532 alius,
2614 4469 2664 4523 in
2699 4469 2783 4523 his
2806 4470 2899 4538 qui
2931 4471 3114 4525 volunt
3142 4489 3155 4525 :
3209 4485 3268 4526 ut
3297 4477 3532 4546 exempli

233 4561 461 4617 πάντων
521 4564 550 4614 6
590 4561 757 4623 Θεός·
799 4560 826 4612 6
864 4559 984 4628 μὲν,
1017 4559 1110 4612 καὶ
1162 4559 1237 4626 μὴ
1287 4557 1649 4626 βουλομένων,
1691 4559 1718 4608 6
1748 4558 1826 4624 δὲ,

1938 4558 2112 4627 gratia
2169 4557 2301 4626 quid
2340 4557 2539 4624 dicam,
2567 4556 2710 4612 Deus
2740 4558 2998 4614 Dominus
3027 4577 3178 4616 meus
3207 4573 3289 4619 est
3319 4565 3533 4620 etiamsi

237 4654 609 4725 βουλομένων.
639 4646 766 4704 Οἷόν
812 4669 864 4703 τι
921 4650 1087 4717 λέγω,
1136 4648 1412 4717 Δεσπότης
1449 4649 1596 4700 ἐστὶν
1626 4651 1652 4700 6
1701 4646 1832 4709 Θεὸς

235 4746 401 4818 ἐμοῦ,
454 4746 562 4799 κᾶν
597 4745 671 4814 μὴ
706 4743 868 4806 θέλω,
907 4743 1042 4795 καθὸ
1094 4742 1441 4811 Δημιουργός
1506 4741 1606 4810 μού
1662 4744 1829 4792 ἐστιν.

241 4840 488 4894 Ἐστιδὲ
537 4837 816 4905 Δεσπότης
863 4835 996 4905 ἐμὸς
1049 4835 1236 4896 πάλιν,
1291 4836 1420 4886 ὅταν
1467 4833 1554 4884 διὰ
1591 4833 1688 4900 τῆς
1723 4832 1834 4884 τῶν

237 4932 471 4988 ἐντολῶν
515 4927 779 5000 ἐργασίας
829 4927 890 4979 τὸ
963 4927 1177 4996 θέλημα
1242 4926 1406 4978 αὑτοῦ
1490 4926 1683 4993 πληρῶ
1759 4925 1835 4987 ὼς

238 5023 427 5086 δοῦλος
458 5021 786 5091 εὐγνώμων.
818 5020 1018 5090 Πρώην
1057 5018 1155 5088 μὲν
1185 5019 1294 5088 γὰρ
1326 5020 1358 5088 ἡ
1393 5018 1501 5068 τῶν
1530 5018 1834 5086 ὰνθρωπων

240 5116 408 5187 φύσις
444 5115 610 5182 δούλη
639 5109 728 5182 ἦν,
767 5113 855 5165 καὶ
912 5112 1223 5180 ὑποχείριος
1275 5110 1350 5179 τῷ
1407 5109 1547 5177 Θεῷ,
1617 5111 1719 5161 xiv
1760 5110 1834 5180 μὴ

241 5206 428 5278 ἤθελε,
465 5204 570 5258 κᾶν
603 5205 680 5274 τῷ
716 5203 934 5273 Σατανᾷ
961 5201 1253 5272 ὑπούργει.
1291 5202 1442 5252 Ἐπεὶ
1474 5201 1526 5252 δὲ
1552 5203 1578 5252 6
1600 5201 1833 5269 Χριστὸς

241 5299 337 5351 τὺν
379 5297 522 5365 ὑπὲρ
563 5295 721 5364 ἡμῶν
755 5295 1045 5360 ἀνεδέξατο
1095 5294 1363 5362 πόλεμον,
1407 5293 1499 5345 καὶ
1552 5293 1835 5352 ἐκστάσεις

243 5393 396 5462 ἡμᾶς
445 5391 552 5442 άπὸ
585 5389 681 5458 τῆς
723 5389 1037 5459 τυραννίδος
1093 5387 1185 5440 τοῦ
1230 5387 1501 5449 διαϐόλου,
1553 5387 1835 5452 ὑπηρέτας

248 5486 398 5555 ἡμᾶς
462 5483 553 5535 καὶ
618 5483 856 5550 ἐργάτας
912 5481 1021 5532 τῶν
1062 5479 1294 5532 ἐντολῶν
1333 5478 1608 5546 ἐποίησεν,
1647 5477 1832 5528 ἔκτοτε

244 5575 427 5629 δοῦλοι
463 5573 772 5643 γεγόναμεν
809 5573 1154 5641 εὐγνώμονες
1181 5573 1274 5624 καὶ
1312 5569 1472 5639 φύσει
1511 5571 1604 5621 καὶ
1640 5586 1835 5637 προαι-

250 5669 421 5742 ρέσει.
474 5669 539 5720 ’Π
572 5667 671 5734 μὲν
702 5668 809 5736 γάρ
873 5670 1003 5736 πρὶν
1053 5665 1268 5718 δουλεία
1323 5665 1484 5732 φύσει
1544 5663 1703 5728 μόνον
1745 5658 1832 5731 ἦν,

249 5763 545 5832 ὴδευτέρα
586 5759 663 5823 δὲ,
725 5763 817 5811 καὶ
877 5760 1219 5826 προαιρέσει.
1258 5758 1437 5809 Τοῦτο
1480 5752 1572 5808 οὖν
1633 5755 1778 5806 ἔστιν
1809 5754 1837 5805 ὃ

251 5854 399 5919 λέγει
436 5853 526 5903 νῦν
561 5854 586 5902 6
622 5851 856 5918 Κύριος.
886 5852 966 5901 ὅτι
1019 5849 1203 5900 Πάντα
1263 5867 1350 5913 μοι
1410 5845 1680 5917 παρεδόθη
1733 5845 1835 5897 ὑπὸ

477 5945 750 6002 Ρειτῐιοι..
793 5943 908 6001 Gn.
975 5944 1267 6004 CXXI”.

1938 4648 2140 4711 nolim,
2171 4647 2294 4717 quia
2333 4645 2596 4700 Conditor
2633 4661 2784 4701 meus
2824 4658 2929 4702 est.
2974 4647 3071 4704 Est
3111 4661 3292 4704 autem
3338 4652 3536 4708 iterum

1941 4739 2201 4793 Dominus
2258 4752 2449 4802 meus,
2513 4739 2732 4807 quando
2780 4741 3048 4795 servando
3091 4743 3345 4797 mandata
3394 4743 3535 4813 ejus,

1943 4833 2276 4887 voluntatem
2306 4831 2424 4900 ejus
2460 4831 2681 4900 impleo,
2715 4843 2905 4901 gratus
2932 4849 3122 4888 servus
3148 4835 3348 4890 factus.
3376 4837 3536 4891 Prius

1943 4924 2158 4990 quidem
2202 4924 2434 4977 humana
2480 4931 2671 4976 natura
2715 4924 3021 4984 serviebat,
3064 4934 3117 4977 et
3161 4927 3377 4980 subdita
3415 4941 3536 4982 erat

1939 5012 2100 5083 347
2129 5012 2239 5066 Deo
2255 5014 2464 5066 etiamsi
2493 5013 2904 5077 nollet,etiamsi
2932 5015 3148 5068 Satanm
3175 5017 3535 5072 ministraret.

1939 5105 2233 5176 Postquam
2258 5117 2441 5160 autem
2467 5107 2724 5163 Christus
2749 5122 2846 5175 pro
2869 5109 3024 5163 nobis
3049 5112 3286 5178 suscepit
3314 5112 3536 5171 bellum.

1939 5208 1992 5253 et
2025 5215 2126 5254 nos
2150 5215 2178 5253 a
2209 5200 2408 5255 diaboli
2436 5201 2722 5270 tyrannide
2750 5211 3052 5266 extractos,
3080 5201 3366 5257 ministros
3410 5219 3539 5259 suos

1941 5306 1994 5348 et
2027 5295 2408 5348 mandatorum
2454 5307 2679 5347 suorum
2727 5295 3010 5362 operarios
3057 5295 3214 5359 fecit,
3251 5303 3381 5350 tunc
3411 5297 3539 5352 facti

1942 5399 2130 5438 sumus
2173 5383 2316 5438 servi
2362 5384 2500 5452 grati
2559 5393 2615 5437 et
2672 5394 2866 5437 natura
2925 5395 2976 5438 et
3030 5387 3326 5440 voluntate.
3385 5387 3542 5443 Prior

1943 5478 2085 5530 enim
2124 5477 2360 5530 servitus
2409 5486 2620 5530 natura:
2670 5485 2876 5530 tantum
2923 5487 3073 5544 erat,
3126 5480 3363 5532 secunda
3411 5494 3543 5533 vero

1942 5568 2106 5620 etiam
2157 5570 2476 5622 voluntatis.
2530 5566 2644 5623 Hoc
2695 5568 2860 5632 igitur
2901 5579 2985 5623 est
3027 5571 3169 5638 quod
3209 5585 3356 5624 nunc
3406 5570 3541 5624 dicit

1944 5661 2205 5716 Dominus
2235 5701 2249 5725 ,
2297 5661 2420 5728 quia
2451 5659 2659 5731 [Omnia
2707 5662 2837 5716 mihi
2882 5662 3075 5716 tradita
3124 5673 3251 5717 sunt
3296 5679 3325 5716 a
3375 5662 3548 5716 Patre-

1946 5767 2089 5816 meo,
2131 5755 2234 5807 hoc
2265 5765 2373 5816 cst,
2409 5757 2592 5808 omnia
2625 5755 2756 5808 mihi
2793 5756 3128 5824 subjicienda
3161 5764 3320 5820 sunt,
3354 5766 3409 5810 et
3439 5759 3540 5810 sul)

1953 5854 2278 5914 potestatem
2317 5863 2491 5901 meam
2528 5849 2842 5915 redigenda.
2879 5847 3068 5902 Simile
3102 5858 3281 5902 autem
3317 5859 3400 5903 est
3438 5849 3541 5904 hoc

3140 5945 3213 6002 27
