4030 6406
567 361 672 424 843

1484 355 2064 419 THEOPHYLACTI
2105 355 2518 418 BULGARIE
2557 354 2923 417 ARCHIEP.

3719 355 3824 419 841

563 475 613 531 ei
644 475 783 545 quod
827 472 1021 529 alicubi
1064 470 1307 543 dictum:
1347 489 1364 521 ι
1409 470 1537 545 Data
1581 478 1664 523 est
1693 466 1820 521 milii
1840 468 2021 522 omnis
2048 482 2130 537 po.

2250 465 2345 520 τοῦ
2401 465 2615 536 ῐΙατρός
2659 482 2784 535 μου,
2816 462 3100 527 τουτέστι,
3145 462 3323 517 πάντα
3365 479 3455 533 μοι
3488 462 3825 535 ὑποταγῆναι

568 577 738 624 testas
775 566 826 620 in
866 564 1004 619 cmlo
1033 573 1085 617 et
1113 563 1165 618 in
1193 571 1336 618 terra
1362 555 1427 616 “.
1460 579 1479 612 ι
1514 551 1648 626 Quia
1668 561 1815 614 enim
1843 558 2144 629 paeiiicarit

566 660 748 715 omnia
780 667 884 711 tam
936 671 1058 727 quae
1102 656 1155 709 in
1200 654 1338 710 cmlo
1369 660 1681 723 quamqua:
1715 652 1766 707 in
1814 661 1979 718 terra,
2014 651 2139 705 talia

566 752 714 804 dicit.
740 750 805 802 Et
843 747 1034 801 aliter:
1060 745 1277 800 «Omnia
1305 742 1597 799 traduntur
1624 744 1759 799 Filio
1799 758 1828 797 a
1864 741 2135 805 Patre“,i

565 840 746 894 omnia
784 852 945 908 opera
981 852 1101 905 qua:
1138 835 1456 889 incarnatus
1492 849 1587 903 pro
1622 833 1779 889 nobis
1814 832 1959 887 fecit.
1999 832 2137 898 Quia

563 935 709 986 enim
748 944 924 1000 neque
954 928 1117 983 Pater
1152 942 1330 998 neque
1357 926 1591 996 Spiritus
1619 940 1716 995 pro
1751 924 1905 979 nobis
1935 923 2017 1003 \tel
2054 923 2138 977 in—

563 1036 819 1081 earnatus
850 1030 961 1087 est,
994 1025 1077 1077 vel
1112 1035 1337 1091 passus,
1363 1014 1446 1074 vel
1477 1018 1809 1083 resurrexit,
1838 1018 1933 1072 sed
1966 1013 2139 1071 Filius

561 1118 676 1173 hmc
718 1116 904 1171 omnia
936 1114 1089 1180 tulit,
1122 1122 1177 1169 et
1209 1112 1317 1168 dux
1352 1111 1542 1167 salutis
1570 1119 1773 1166 nostra:
1812 1108 1985 1164 factus
2022 1116 2137 1175 est:

545 1208 764 1264 idcirco
791 1207 1121 1262 dixitomnia
1151 1205 1347 1259 tradita
1375 1202 1478 1273 ipsi
1517 1216 1637 1257 esse
1662 1218 1677 1256 :
1708 1200 1870 1257 veluti
1899 1199 1942 1255 si
1969 1199 2139 1255 dixis-

562 1310 667 1367 set,
704 1299 862 1355 Pater
886 1313 1038 1353 meus
1066 1295 1198 1351 mibi
1230 1294 1564 1352 concredidit
1594 1294 1799 1360 omnia,
1829 1288 2134 1358 lncarnari,

558 1392 692 1462 pati,
730 1405 1035 1460 resurgere,
1061 1386 1276 1443 salvare
1306 1395 1553 1441 naturam
1590 1383 1884 1454 repulsam.
1916 1382 1983 1437 Et
2011 1382 2136 1436 nul-

559 1488 645 1541 lns
678 1487 779 1541 scit
830 1483 1024 1539 Filium
1070 1483 1173 1538 nisi
1217 1481 1398 1544 Pater,
1430 1490 1479 1535 et
1518 1479 1641 1546 quis
1682 1478 1754 1543 sit
1794 1476 1988 1540 Pater,
2033 1476 2135 1531 nisi

557 1575 747 1633 Filius.
784 1574 1071 1642 Postquam
1104 1581 1283 1626 autem
1311 1570 1479 1627 dicit:
1516 1568 1708 1625 Omnia
1740 1567 1873 1622 mihi
1909 1582 2136 1623 concrc-

558 1662 669 1718 dita
704 1669 860 1728 sunt,
895 1659 1053 1730 quasi
1093 1658 1315 1731 dubium
1358 1659 1629 1727 quoddam
1668 1673 1810 1713 nunc
1848 1656 2027 1714 solvit.
2059 1657 2135 1712 N'e

557 1755 699 1810 enim
741 1754 863 1823 quis
894 1751 1133 1813 dubitet,
1169 1750 1233 1804 Et
1263 1750 1420 1820 cujus
1459 1750 1631 1820 gratia
1659 1750 1751 1805 tibi
1787 1749 1982 1804 tradita
2011 1756 2137 1804 sunt

556 1805 833 1908 cntuia:et
852 1857 958 1896 non
984 1840 1159 1907 alteri,
1192 1838 1443 1895 fortassis
1466 1838 1655 1907 angelo
1676 1838 1755 1893 vel
1775 1836 2139 1908 arcltangelo?
2169 1805 2218 1865 Β

556 1932 858 2002 dieit,qnod
886 1930 1176 2000 Propterea
1203 1930 1333 1984 mibi
1365 1930 1605 1994 tradidit,
1630 1944 1693 1985 eo
1724 1931 1866 2000 quod
1895 1929 2133 1999 eiusdem

556 2034 765 2079 natura:
806 2032 861 2077 et
896 2021 1217 2077 substantiae
1259 2036 1378 2076 sum
1418 2035 1539 2074 cum
1582 2036 1667 2075 eo.
1712 2022 1776 2076 Et
1814 2022 1952 2076 sicut
1983 2021 2133 2075 illum

557 2115 737 2169 nullus
773 2113 912 2183 scit,
944 2114 1020 2168 ita
1058 2124 1233 2181 neque
1292 2127 1379 2167 me
1414 2112 1516 2167 nisi
1544 2110 1707 2167 Pater
1742 2113 1889 2168 solus
1920 2133 1934 2168 :
1970 2125 2025 2169 et
2062 2115 2134 2169 ita

534 2208 753 2261 -merito
789 2206 917 2260 mihi
959 2205 1183 2259 tradidit
1223 2204 1404 2259 omnia
1436 2215 1493 2259 ut
1523 2205 1762 2275 ejusdem
1797 2216 2001 2260 natura:
2043 2220 2132 2261 se-

556 2313 701 2360 cum,
738 2310 1064 2367 omnemque
1104 2297 1468 2368 cognitionem
1515 2297 1948 2369 transcendenti,
1995 2299 2136 2353 sicut

556 2387 722 2439 etiam
757 2387 872 2454 ipse
914 2401 1074 2455 supra
1110 2401 1324 2441 onmem
1357 2388 1688 2454 cognitionis
1728 2388 1834 2440 vim
1869 2399 1970 2442 est.
2003 2387 2131 2442 Ete-

552 2480 664 2532 nim
698 2477 887 2545 Pater,
922 2478 1125 2547 inquit,
1161 2494 1189 2530 a
1226 2478 1341 2533 solo
1375 2478 1511 2533 Filio
1545 2482 1919 2548 cognoscitur,
1952 2490 2005 2535 et
2047 2483 2132 2535 cui

551 2566 724 2624 Filius
752 2568 984 2623 voluerit
1013 2567 1415 2624 rerelare.Vide
1439 2579 1617 2622 autem
1652 2572 1793 2639 quod
1811 2566 1978 2627 Filius
2008 2573 2131 2640 qui-

554 2662 674 2714 dem
712 2674 815 2713 non
856 2674 953 2728 per
984 2660 1365 2716 rei/elationem
1398 2672 1686 2729 cognoscat
1714 2648 1947 2727 Patrem,
1976 2679 2130 2719 crea-

463 2736 469 2741 ’
556 2762 689 2807 ture
723 2761 904 2807 autem
930 2767 1028 2820 per
1053 2752 1433 2809 revelationetn
1466 2773 1478 2808 :
1508 2755 1676 2823 gratia
1696 2756 1837 2809 enim
1862 2759 2132 2826 accipiunt

549 2842 832 2897 scientiam
861 2859 875 2897 :
913 2858 1018 2896 non
1050 2843 1215 2909 igitttr
1241 2855 1457 2900 creatus
1497 2857 1573 2900 est
1607 2846 1795 2901 Filius.
1830 2848 2133 2905 Conversus

549 2947 679 2989 \‘CI'O
722 2932 789 2987 ad
842 2932 1167 3002 discipulos,
1225 2935 1413 2991 beatos
1467 2936 1587 2991 illos
1634 2938 1797 3001 dicit,
1847 2950 1901 2992 et
1942 2956 2130 2995 otnucs

552 3041 764 3097 quoque
811 3026 903 3097 qui
950 3041 1070 3081 cum
1116 3026 1220 3080 [ide
1266 3028 1439 3097 ipsum
1476 3027 1530 3081 itt
1562 3043 1725 3083 carne
1761 3030 2125 3086 ιιιιίΙιιι1.ιιιιοιιι

2251 556 2455 628 μέλλει,
2495 556 2591 610 καὶ
2636 556 2740 609 ὑπὸ
2771 555 2873 627 τὴν
2908 556 3043 626 ιμὴι
3097 554 3422 610 δεσποτείαν
3472 560 3822 625 μεταπεσεῖν.

2246 641 2473 719 Ὅμοιον
2501 648 2558 702 δὲ
2605 650 2765 701 τοῦτο
2792 645 2871 713 τῷ
2914 645 3145 718 ἀλλαχοῦ
3180 647 3422 717 ῥηθέντι,
3451 668 3469 699 ι
3514 647 3704 717 Ἐδόθη
3732 665 3823 717 μοι

2246 743 2398 794 πᾶσα
2432 739 2655 805 ἐξουσία
2685 741 2742 792 ὲν
2775 737 2993 809 ούρανῷ
3028 738 3123 792 καὶ
3160 736 3254 792 ἐπὶ
3299 739 3421 809 γῆς.
3467 759 3485 791 ι
3539 734 3695 794 Ἐπεὶ
3720 741 3826 811 γὰρ

2245 832 2631 902 είρηνοποίησε
2660 831 2730 885 τὰ
2784 833 2963 886 πάντα
2994 832 3061 885 τά
3106 847 3166 884 τε
3217 832 3276 885 έν
3330 832 3547 903 οὐρανῷ
3598 833 3696 886 καὶ
3736 835 3827 885 ἐπὶ

2244 925 2369 993 γῆς,
2407 924 2495 977 διὰ
2533 923 2693 977 τοῦτο
2721 923 2947 976 τοιαῦτα
2978 922 3148 991 λέγει.
3184 924 3295 977 Kal.
3328 922 3505 985 ἄλλως
3534 924 3612 987 δὲ,
3645 924 3826 977 Πάντα

2244 1015 2746 1087 παραδίδονταιτῷ
2796 1014 2911 1084 Υίῴ
2947 1014 3055 1068 ὑπὸ
3108 1014 3201 1067 τοῦ
3247 1016 3477 1085 Πατρὸς,
3532 1014 3717 1068 πάντα
3763 1014 3829 1066 τὰ

2243 1112 2343 1178 τῆς
2373 1108 2514 1179 ὑπὲρ
2539 1107 2700 1179 ἡμῶν
2727 1106 3043 1173 οἰκονομίας
3076 1106 3235 1177 ἔργα.
3279 1105 3498 1176 Ἐπειδὴ
3528 1106 3637 1177 γὰρ
3688 1108 3828 1176 ὑπὲρ

2250 1196 2409 1265 ἡμῶν
2445 1196 2568 1250 οὕτε
2608 1197 2635 1249 6
2667 1196 2882 1267 Πατὴρ,
2918 1196 3044 1249 οὔτε
3085 1196 3147 1249 τὸ
3178 1196 3403 1266 Πνεῦμα
3442 1195 3475 1266 ἢ
3515 1197 3826 1267 ὲσαρκώθη,

2243 1285 2275 1355 ἢ
2314 1284 2535 1351 ἔπαθεν,
2560 1286 2594 1354 ἢ
2627 1287 2854 1356 ἀνέστη,
2890 1283 3005 1339 ἀλλ’
3028 1288 3056 1339 6
3090 1286 3219 1349 Υἱὸς
3251 1286 3424 1341 ταῦτα
3458 1288 3637 1339 πάντα
3672 1288 3828 1357 ἑνήρ-

2220 1362 2409 1447 quae,
2442 1377 2537 1431 καὶ
2570 1377 2813 1448 ἀρχηγὸς
2846 1378 2940 1447 τῆς
2985 1377 3261 1448 σωτηρίας
3290 1376 3446 1446 ἡμῶν
3469 1376 3710 1445 ἐγένετο,
3742 1377 3831 1431 διὰ

2242 1470 2401 1525 τοῦτο
2432 1466 2554 1524 εἶπε
2608 1470 2785 1523 πάντα
2840 1468 3235 1541 παραδεδόσθαι
3270 1469 3439 1539 αὐτῷ,
3468 1468 3659 1539 ὥσπερ
3682 1469 3749 1522 ἀν
3780 1472 3829 1522 εί

2242 1561 2425 1631 ἔλεγεν
2448 1577 2461 1591 ⁸
2504 1561 2566 1616 '0
2603 1562 2793 1634 Πατήρ
2836 1579 2937 1632 μου
2960 1562 3083 1631 ἐμοὶ
3107 1562 3456 1614 ὲνεπίστευσε
3497 1562 3713 1627 πάντα,
3766 1560 3829 1613 τὸ

2244 1650 2623 1723 σαρκωθῆναι,
2655 1649 2717 1703 τὸ
2742 1650 2959 1715 παθεῖν,
2992 1650 3051 1704 τὸ
3072 1652 3393 1721 ἀναστῆναι,
3422 1651 3483 1705 τὸ
3514 1650 3688 1707 σῶσαι
3726 1653 3826 1721 τὴν

2254 1742 2603 1798 ἀπωσθεῖσαν
2630 1743 2812 1813 φύσιν,
2847 1744 2943 1796 καὶ
2972 1743 3147 1806 οὐδεὶς
3188 1742 3448 1811 γινώσκει
3488 1744 3580 1799 τὸν
3612 1743 3744 1798 Υιδν
3776 1746 3826 1798 εί

2253 1834 2329 1907 μὴ
2360 1838 2387 1889 6
2411 1836 2619 1907 Πατὴρ,
2658 1837 2750 1888 καὶ
2782 1836 2864 1899 τίς
2910 1836 3058 1889 ἔστιν
3095 1836 3123 1888 6
3160 1836 3371 1907 Πατὴρ,
3419 1838 3468 1889 εί
3504 1837 3581 1909 μὴ
3607 1839 3635 1890 6
3664 1838 3821 1901 Υἱός·

2241 1927 2429 1998 ἐπειδὴ
2464 1924 2618 1982 εἶπεν
2639 1929 2744 1993 ὅτι,
2775 1928 2959 1983 Πάντα
2993 1946 3082 1999 μοι
3119 1928 3417 1999 παρεδόθη,
3441 1928 3643 1983 ὡσανεὶ
3686 1930 3826 1983 ἀπο-

2242 2025 2367 2091 ρίαν
2396 2022 2520 2073 τινὰ
2544 2020 2663 2073 λύει
2681 2021 2798 2073 νῦν.
2832 2022 2954 2074 Ἵνα
2981 2022 3088 2091 γὰρ
3117 2019 3191 2091 μὴ
3213 2021 3392 2092 ἀπορῇ
3419 2038 3525 2087 τις,
3545 2021 3659 2075 Kal.
3679 2023 3825 2085 τίνος

2238 2109 2404 2169 ἕνεκά
2450 2132 2531 2167 σοι
2571 2114 2856 2185 παρέδωκε
2908 2114 3085 2167 πάντα
3132 2115 3225 2167 καὶ
3262 2114 3359 2183 οὐχ
3406 2114 3605 2185 ἑτέρῳ,
3660 2116 3827 2185 τυχὸν

2238 2204 2476 2274 ἀγγέλῳ,
2525 2206 2557 2275 ἢ
2598 2206 2961 2277 ἀρχαγγέλῳ;
3018 2206 3204 2275 φησιν,
3246 2207 3329 2259 ὅτι
3372 2207 3471 2260 Διά
3531 2206 3693 2261 τοῦτό
3733 2226 3824 2278 μοι

2239 2296 2551 2367 παρέδωκε,
2588 2296 2724 2349 διότι
2767 2298 3014 2368 ὁμοφυὴς
3047 2298 3197 2368 αὑτῷ
3228 2301 3343 2369 είμι
3390 2298 3487 2352 καὶ
3511 2300 3822 2369 ὁμοούσιος.

2236 2384 2347 2442 Kal.
2378 2390 2568 2459 ὥσπερ
2623 2391 2829 2443 ἐκεῖνον
2884 2391 3058 2454 οὐδεὶς
3120 2392 3417 2459 γινώσκει,
3476 2392 3653 2457 οὕτως
3701 2392 3826 2448 οὐδὲ

2236 2483 2358 2552 ἐμὲ,
2392 2485 2438 2535 εί
2471 2484 2546 2553 μὴ
2588 2484 2615 2537 6
2656 2484 2845 2555 Πατὴρ
2873 2485 3055 2554 μόνος,
3078 2485 3220 2539 ὥστε
3244 2488 3471 2549 εἰκότως
3514 2506 3605 2557 μοι
3646 2488 3826 2559 παρέ-

2234 2575 2373 2649 δωκε
2410 2575 2611 2639 πάντα,
2645 2574 2719 2639 ὡς
2744 2579 2979 2645 ὁμοφυεῖ
3006 2578 3179 2645 αὐτῷ,
3216 2580 3311 2631 καὶ
3338 2581 3519 2632 πᾶσαν
3563 2581 3824 2651 ὑπερκειο

2239 2669 2387 2737 μένὶρ
2436 2668 2683 2736 γνῶσιν,
2722 2668 2911 2741 ὥσπερ
2962 2671 3054 2723 καὶ
3101 2671 3263 2735 αὐτὸς
3326 2671 3509 2742 πάσης
3567 2672 3825 2740 γνώσεως

2235 2763 2518 2816 ἐπέκεινα.
2561 2764 2672 2818 Kal.
2718 2763 2827 2835 γὰρ
2860 2764 2955 2817 καὶ
2999 2767 3027 2818 6
3082 2766 3296 2835 Πατὴρ,
3349 2767 3509 2834 φησι,
3565 2764 3673 2818 ὑπὸ
3724 2765 3820 2819 τοῦ

2235 2853 2367 2907 Υἰοῦ
2401 2856 2567 2923 μόνου
2600 2858 2954 2925 γινώσκεται,
2989 2857 3081 2909 καὶ
3107 2851 3150 2923 ᾧ
3177 2857 3243 2909 ἂν
3281 2857 3518 2926 βουληθῇ
3550 2858 3827 2913 ἀποκαλύ-

2233 2946 2333 3014 ψαι
2357 2949 2386 3001 6
2415 2947 2565 3011 Υίός.
2608 2949 2751 3020 Ὅρα
2785 2950 2839 3002 δὲ
2863 2949 2981 3013 πῶς
3008 2951 3034 3001 6
3068 2950 3168 3018 μὲν
3198 2950 3324 3014 Υίὸς
3350 2950 3410 3003 ού
3441 2951 3508 3003 δι’
3539 2952 3821 3006 ἀποκαλύ-

2230 3038 2378 3107 ψεως
2418 3041 2683 3107 γινώσκει
2714 3041 2806 3093 τὸν
2830 3042 3075 3113 Πατέρα,
3119 3044 3167 3094 οἱ
3196 3042 3252 3094 δὲ
3283 3044 3579 3096 κτιστοὶδι⁹
3613 3044 3823 3097 ἀποκα-

552 3118 737 3173 vident
788 3127 841 3173 et
884 3118 1147 3175 miracula
1193 3128 1526 3189 operantem.
1575 3120 1783 3174 Etenim
1856 3128 2129 3191 prOphetae

2235 3130 2445 3199 λύψεως
2479 3149 2491 3162 ·
2543 3132 2728 3203 χάριτι
2780 3132 2889 3203 γὰρ
2926 3132 3264 3203 λαμϐάνουσι
3294 3133 3392 3203 τὴν
3442 3136 3683 3202 γνῶσιν·
3720 3137 3821 3189 οὐκ

552 3210 715 3279 prisci
776 3218 829 3263 et
885 3223 1041 3280 reges
1090 3210 1533 3265 desideraverunt
1585 3210 1802 3280 quidem
1856 3214 1909 3267 in
1964 3230 2127 3270 carne

552 3304 736 3357 videre
772 3300 1059 3356 Dominum
1095 3312 1147 3357 et
1173 3302 1363 3357 audire
1388 3317 1547 3371 eunt;
1580 3309 1673 3358 sed
1710 3321 1817 3359 non
1864 3309 2127 3379 contingit

550 3393 649 3447 eis.
682 3393 745 3447 Et
776 3391 954 3458 aliter,
990 3391 1123 3456 Quia
1180 3406 1339 3460 supra
1374 3394 1507 3447 dixit
1540 3412 1553 3447 :
1583 3395 1679 3448 Cui
1717 3394 1886 3468 Filius
1923 3398 2127 3453 revela-

551 3487 713 3551 vcrit,
749 3483 837 3538 ille
861 3483 963 3537 scit
988 3483 1201 3538 Patrem
1232 3501 1245 3537 :
1275 3482 1460 3538 beatos
1480 3500 1625 3540 nunc
1654 3486 1783 3540 dicit
1807 3488 2120 3557 discipulos,

551 3576 695 3644 quod
734 3591 829 3630 sua
867 3575 1195 3631 revelatione
1231 3576 1332 3630 ista
1360 3577 1442 3632 eis
1480 3579 1814 3648 contingant.
1847 3580 2123 3638 lievelavit

549 3667 694 3722 enim
725 3666 803 3722 eis
832 3666 1048 3721 Patrem
1081 3682 1177 3737 per
1209 3682 1289 3723 se.
1324 3668 1505 3736 lpsutn
1552 3672 1694 3725 enim
1729 3673 1946 3738 videns,
1985 3677 2129 3733 videt

548 3755 767 3815 Patrem
807 3773 821 3811 :
864 3757 1005 3825 quod
1050 3758 1250 3812 bonum
1295 3757 1476 3813 nullus
1519 3773 1583 3812 ex
1621 3764 1825 3819 sanctis
1870 3766 1959 3833 qui
2004 3776 2130 3823 ante

549 3850 978 3903 incarnationem
1013 3848 1130 3917 ejus
1154 3844 1399 3915 fuerunt,
1427 3852 1681 3917 obtinuit,
1702 3856 1826 3923 quia
1854 3872 1958 3911 non
1985 3858 2131 3915 vidc-

548 3947 677 3991 runt
708 3936 995 3992 Dominum
1026 3938 1077 3992 in
1108 3951 1291 4004 carne,
1324 3954 1420 4009 per
1449 3955 1607 4009 quem
1642 3940 1805 3998 Pater
1834 3959 2131 4015 cognosce-

545 4038 728 4096 retur;
763 4030 905 4085 unde
934 4044 1108 4099 neque
1138 4028 1354 4092 Patrem
1391 4032 1469 4087 sic
1505 4032 1755 4089 viderunt
1784 4045 1841 4090 ut
1873 4042 2126 4107 apostoli.

2238 3220 2349 3289 ἄρα
2378 3221 2596 3284 κτιστδς
2613 3223 2640 3274 6
2663 3222 2811 3285 Υἱός.
2845 3224 3115 3293 Στραιρεὶς
3139 3224 3194 3277 δὲ
3227 3226 3361 3295 πρὸς
3384 3227 3511 3290 τοὺς
3545 3227 3818 3297 μαθητὰς,

2238 3308 2529 3383 μακαρίζει
2559 3316 2776 3381 αὐτοὺς,
2824 3316 2917 3368 καὶ
2952 3317 3161 3379 πάντας
3199 3318 3386 3380 ἁπλῶς
3415 3319 3541 3381 τοὺς
3594 3318 3821 3388 βλέπον-

2231 3422 2352 3469 τας,
2385 3406 2526 3475 μετὰ
2549 3407 2788 3469 πίστεως
2821 3407 3088 3477 δηλονότι,
3118 3411 3175 3462 ἐν
3204 3412 3367 3481 σαρκὶ
3410 3412 3819 3479 περιπατοῦντι

2230 3494 2391 3547 αὑτὸν
2443 3498 2535 3549 καὶ
2612 3496 3157 3569 Θαυματουργοῦντα.
3231 3504 3339 3555 Καὶ
3378 3503 3489 3573 γὰρ
3542 3506 3591 3555 οί
3648 3506 3819 3558 «iis:

2234 3588 2511 3658 προφῆται
2567 3589 2664 3643 καὶ
2728 3590 2967 3660 βασιλεῖς
3028 3592 3386 3663 ἐπεθύμησαν
3436 3594 3537 3663 μὲν
3594 3594 3725 3647 [δεῖν
3761 3598 3819 3645 ἐν

2228 3681 2395 3751 σαρκὶ
2442 3680 2533 3733 τὸν
2580 3680 2808 3753 Κύριον,
2850 3684 2945 3737 καὶ
3004 3684 3237 3737 ἀκοῦσαι
3278 3685 3443 3738 αὑτοῦ
3472 3726 3487 3748 ,
3552 3685 3671 3739 ἀλλ’
3718 3686 3818 3739 οὐκ

2227 3776 2415 3844 ἔτυχον
2460 3776 2674 3831 τούτου.
2707 3778 2819 3831 Καὶ
2859 3778 3031 3841 ἄλλως
3058 3779 3134 3843 δὲ,
3194 3776 3348 3832 Ἐπεὶ
3378 3775 3534 3832 εἶπεν
3561 3780 3816 3853 ἄνωηὸτι

2228 3858 2297 3935 Ὦ
2336 3868 2401 3919 ἂν
2440 3869 2467 3920 6
2502 3867 2631 3930 Υίδς
2661 3869 3012 3941 ἀποκαλύψῃ,
3042 3873 3245 3933 ἐκεῖνος
3272 3869 3531 3938 γινώσκει
3570 3866 3662 3923 τὸν
3700 3869 3815 3922 [11-

2226 3957 2383 4027 τέρα,
2420 3960 2719 4030 μακαρίζει
2763 3960 2953 4014 λοιπὸν
2979 3963 3108 4026 τοὺς
3147 3962 3396 4033 μαθητὰς
3425 3962 3501 4025 ὼς
3536 3963 3638 4031 τῆς
3673 3964 3813 4017 ἀπο-

2230 4047 2520 4118 καλύψεως
2544 4050 2749 4121 ταύτης
2773 4054 3055 4123 τυχόντας.
3096 4054 3471 4108 Ἀπεκάλυπτε
3493 4053 3605 4123 γάρ
3632 4055 3815 4117 αὐτοῖς

548 4122 640 4217 τόν
688 4122 909 4217 Πατέρα
953 4122 1019 4175 δι’
1060 4121 1255 4217 αὑτοῦ.Δ
1298 4122 1358 4176 Ὀ
1402 4123 1515 4217 Ϋγάρ
1555 4125 1719 4179 αὑτὸν
1763 4128 1929 4201 δρῶν,
1975 4134 2123 4206 ἑώρα
2163 4140 2256 4194 τὸν
2280 4141 2523 4213 Πατέρα.
2557 4143 2763 4197 Τούτου
2910 4144 3006 4197 τοῦ
3074 4146 3280 4213 ἀγαθοῦ
3314 4146 3488 4210 οὐδεὶς
3554 4121 3667 4199 τῶν
3708 4147 3815 4217 πρὸ

545 4216 646 4311 τῆς
687 4213 955 4311 ἒνξάρκον
1011 4214 1343 4311 οῑξιονθιιξίιπις·⁸
1388 4215 1583 4311 arium!
1611 4219 1911 4311 ἐπέτυχεν
1951 4228 2074 4283 επεὶ
2112 4231 2222 4303 γάρ
2253 4234 2354 4287 οὐκ
2387 4230 2530 4289 εἶδον
2600 4236 2693 4287 τὸν
2735 4235 2942 4304 Κύριον
2972 4238 3030 4291 ιν
3071 4242 3257 4309 σαρκὶ,
3286 4238 3351 4291 δι’
3420 4231 3481 4290 οὒ
3528 4240 3556 4291 ό
3620 4213 3812 4311 natqu

549 4304 901 4374 ἑγνωρίζετο,
932 4304 1118 4357 λοιπὸν
1147 4306 1271 4358 οὐδὲ
1298 4306 1391 4360 τὸν
1440 4306 1660 4381 Πατέρα
1685 4306 1824 4365 εἶδον
1852 4316 2022 4383 οὕτως
2053 4321 2128 4385 ὡς
2162 4324 2212 4377 oi
2246 4324 2553 4380 ἀπόστολοι.

623 4393 788 4451 Vens.
824 4396 1070 4493 9.5-9.8:
1107 4396 1173 4451 Et
1201 4412 1330 4453 ecce
1357 4398 1573 4465 quidam
1613 4402 1957 4475 legisperitus
1992 4426 2109 4467 sur-

2305 4435 2323 4469 ι
2386 4418 2499 4473 Kal.
2564 4418 2673 4473 ίδοὺ
2726 4419 2946 4490 νομικός
3006 4436 3088 4483 τις
3149 4418 3385 4490 ἀνέστη,
3450 4420 3808 4493 ἐκπειράζων

543 4486 685 4541 rexit
738 4492 951 4539 tentans
1007 4484 1189 4550 illum,
1245 4496 1301 4540 et
1355 4486 1581 4547 dicens:
1644 4491 1931 4565 Magister,
1996 4504 2123 4571 quid

544 4576 794 4631 iaciendo
856 4576 1021 4629 vitam
1058 4588 1318 4631 aeternam
1366 4581 1703 4648 possidebo?
1746 4585 1815 4640 At
1854 4588 1945 4643 ille
1986 4593 2124 4649 dixit

544 4666 713 4739 35,8
734 4667 798 4721 ad
829 4682 955 4722 eum
982 4683 997 4721 :
1031 4668 1085 4721 In
1110 4668 1227 4738 lege
1251 4671 1379 4738 quid
1410 4673 1673 4743 scriptum
1706 4679 1826 4733 est?
1853 4686 2123 4750 quomodo

544 4758 734 4827 legis?
785 4757 878 4815 llle
934 4764 1287 4829 respondens-
1324 4762 1507 4821 dixit:
1574 4765 1777 4838 Diliges
1834 4768 2119 4833 Dominum

543 4854 711 4907 Deum
744 4862 891 4907 tuum
920 4868 985 4907 ex
1014 4863 1128 4908 toto
1158 4857 1323 4911 corde
1346 4866 1459 4924 tuo,
1484 4868 1540 4914 et
1564 4875 1630 4915 ex
1665 4871 1773 4917 tota
1800 4866 1977 4922 anima
2004 4878 2121 4937 tua,

546 4958 602 5005 et
639 4962 703 5003 ex
745 4950 872 5005 totis
908 4949 1117 5004 viribus
1150 4952 1289 5015 tuis,
1332 4962 1388 5007 et
1428 4968 1493 5009 ex
1534 4964 1640 5010 tota
1688 4969 1871 5015 mente
1907 4970 2031 5019 tua:
2061 4977 2119 5022 et

543 5041 847 5111 proximum
883 5050 1033 5096 tuum
1064 5042 1203 5098 sicut
1236 5044 1493 5114 teipsutn.
1522 5046 1779 5120 Dixitque
1810 5052 1887 5107 illi
1915 5073 1927 5108 :
1954 5054 2121 5115 Recte

546 5132 893 5198 respondisti,
936 5133 1038 5187 hoc
1082 5133 1192 5200 fac,
1236 5143 1290 5188 et
1325 5136 1495 5192 vives.
1534 5157 1552 5189 ι
1588 5143 1865 5214 Arrogans
1898 5149 2116 5217 quidam

544 5223 891 5313 legisperitus
922 5224 1050 5289 fuit,
1100 5224 1209 5281 imo
1240 5230 1528 5297 superbus,
1583 5243 1641 5287 ut
1662 5249 1725 5289 ex
1762 5237 1846 5294 his
1877 5254 1996 5309 quae
2028 5257 2113 5297 se-

542 5323 783 5385 quuntur
857 5315 1204 5369 manilestum
1266 5330 1386 5385 est,
1462 5322 1681 5393 insuper
1739 5337 1795 5381 et
1871 5330 2107 5387 dolosus.

540 5404 765 5459 Accedit
828 5405 1014 5475 itaque
1076 5416 1291 5463 tentans
1382 5409 1688 5469 Dominum.
1780 5418 2113 5487 Opinabatur

544 5497 688 5551 enim
742 5496 883 5565 quod
958 5512 1025 5552 ex
1085 5504 1360 5568 responsis
1420 5508 1765 5577 supplantare
1825 5512 2111 5574 Dominum

545 5597 743 5657 posset.
785 5588 890 5644 Sed
922 5590 1181 5647 Dominus
1210 5593 1359 5651 illum
1393 5598 1457 5651 ad
1501 5598 1671 5669 legem
1714 5604 1881 5671 ducit,
1920 5609 1970 5663 in
2005 5625 2109 5680 qua

624 5766 669 5797 ⁸⁸
697 5766 880 5823 Matth.
915 5772 1215 5837 xxvtn,18.
1294 5776 1339 5809 δ’
1365 5777 1552 5834 Matth.
1598 5790 1727 5849 xm,‘
1763 5784 1819 5838 δ.

2221 4508 2417 4575 αὐτὸν,
2476 4511 2571 4564 καὶ
2623 4511 2840 4579 λέγων·
2876 4511 3214 4576 Διδάσκαλε,
3268 4511 3321 4563 τί
3374 4513 3609 4580 ποιήσας
3663 4512 3809 4583 ζωὴν

2219 4600 2433 4654 αἰώνιον
2459 4601 2884 4673 κληρονομήσως
2920 4603 2982 4656 '0
3003 4603 3060 4656 δὲ
3086 4597 3209 4656 εἷπε
3239 4602 3373 4674 πρὸς
3398 4604 3583 4657 αὐτόν·
3620 4606 3709 4658 Ἐν
3735 4605 3810 4676 τῷ

2218 4690 2367 4761 νόμῳ
2398 4692 2451 4746 τί
2483 4693 2833 4765 γέγραπταις
2888 4694 3007 4758 πῶς
3036 4694 3471 4762 ἀναγινώσκεις;
3520 4695 3651 4749 Ὀδε
3674 4697 3811 4749 ἀπο-

2220 4782 2430 4853 κριθεὶς
2463 4780 2653 4837 εῐπεν·
2698 4786 3029 4856 Ἀγαπήσεις
3066 4786 3270 4857 Κύριον
3312 4785 3571 4845 τὸνθεόν
3612 4804 3709 4841 σου
3750 4791 3809 4853 ἐξ

2217 4873 2347 4944 ὅλης
2384 4875 2482 4945 τῆς
2508 4876 2734 4946 καρδίας
2766 4894 2859 4930 σου
2880 4919 2896 4944 ,
2928 4880 3023 4931 καὶ
3050 4879 3111 4943 ἐξ
3140 4878 3267 4949 ὅλης
3308 4879 3411 4949 τῆς
3456 4878 3636 4951 ψυχῆς
3674 4898 3767 4934 σου
3788 4922 3805 4948 ,

2218 4966 2314 5019 καὶ
2344 4965 2403 5031 ἐξ
2426 4966 2551 5038 ὅλης
2575 4971 2673 5039 τῆς
2706 4969 2888 5039 ίσχύος
2918 4987 3033 5036 σου,
3068 4972 3164 5024 καὶ
3196 4972 3256 5035 ἐξ
3282 4970 3409 5040 ὅλης
3434 4972 3533 5043 τῆς
3564 4973 3808 5037 διανοίας

2218 5072 2311 5109 σου
2333 5096 2347 5121 ,
2378 5056 2475 5111 καὶ
2506 5057 2596 5113 τὸν
2626 5060 2852 5130 πλησίον
2882 5078 2976 5114 σου
3007 5060 3083 5126 ὡς
3115 5063 3329 5117 ἑαυτὸν.
3355 5058 3493 5116 Eine
3520 5064 3575 5117 δὲ
3612 5066 3765 5136 αὐτῷ
3791 5083 3804 5096 ·

2227 5148 2431 5223 Ὀρθῶς
2462 5154 2769 5225 ἀπεκρίθης
2790 5170 2804 5183 ο
2842 5156 2999 5210 τοῦτο
3025 5157 3205 5222 ποίει,
3241 5158 3336 5211 καὶ
3366 5158 3531 5229 ζήσῃ.
3579 5177 3597 5209 ι
3643 5160 3808 5212 Ἀλα-

2214 5244 2321 5308 ξών
2367 5261 2450 5308 τις
2484 5240 2552 5315 ἦν
2586 5248 2613 5299 6
2645 5247 2866 5316 νομικὸς
2892 5288 2907 5312 ,
2948 5249 3149 5319 μᾶλλον
3191 5250 3247 5302 δὲ
3291 5251 3646 5321 ὑπερήφανος
3669 5292 3680 5313 ,
3732 5253 3806 5315 ὡς

2214 5336 2276 5388 ὲκ
2301 5336 2409 5390 τῶν
2440 5335 2568 5407 ἑξῆς
2590 5336 2888 5403 δείκνυται,
2927 5341 2989 5393 οὐ
3024 5342 3185 5410 μόνον
3209 5341 3287 5405 δὲ,
3315 5340 3452 5394 ἀλλά
3480 5342 3577 5394 καὶ
3607 5343 3800 5406 δόλιος.

2217 5428 2473 5499 Πρόσεισι
2499 5429 2630 5495 γοῦν
2655 5431 3000 5501 ἐκπειράζων
3023 5433 3113 5485 τὸν
3150 5433 3375 5505 Κύριον.
3412 5435 3573 5504 ᾯετο
3598 5434 3706 5504 γὰρ
3732 5436 3802 5497 ὡς

2216 5522 2563 5575 ὑποσκελίσει
2589 5521 2772 5588 αὑτὸν,
2806 5522 2863 5588 ἐξ
2896 5519 2970 5579 ὧν
2995 5524 3061 5579 ἂν
3088 5526 3223 5597 πρὸς
3249 5527 3413 5579 αὑτὸν
3444 5526 3800 5600 ἀποκριθείη.

2230 5613 2367 5665 Ἀλλ’
2397 5616 2425 5667 6
2472 5614 2676 5685 Κύριος
2724 5617 2817 5670 ἐπὶ
2849 5618 2939 5670 τὸν
2972 5618 3136 5689 νόμον
3164 5618 3324 5673 αὑτὸν
3356 5618 3567 5691 ἀπάγει
3593 5660 3609 5689 ,
3647 5622 3732 5688 ἐφ’
3757 5614 3801 5689 ᾧ
