4030 6462
288 402 397 467 845

1031 394 1475 463 ΕΝΛΒΗᾹΤΙΟ
1515 402 1593 461 ΙΝ
1638 396 2139 463 EVANGELIUM
2183 398 2413 461 LUC;E.
2455 424 2524 435 -
2564 399 2726 461 CAP.
2762 397 2837 461 X.

3469 395 3577 461 816

295 515 441 585 μέγα
465 512 808 584 ὲῦρενθύετο.
838 513 979 585 Ὀρα
1004 512 1060 565 δὲ
1096 514 1197 583 τὴν
1234 513 1328 566 τοῦ
1362 514 1529 584 νόμου
1564 513 1871 584 ἀκρίϐειαν,

1988 517 2118 570 mire
2157 516 2516 585 gloriabatur.
2554 514 2687 569 Vide
2720 524 2904 569 autem
2931 521 3139 584 quanto
3169 513 3358 569 studio
3381 514 3570 583 jnbe..t

288 605 410 669 πῶς
442 604 654 659 κελεύει
683 606 903 676 ἀγαπᾷν
935 605 1027 656 τὸν
1058 603 1213 659 Θεόν.
1257 605 1313 657 Ὀ
1349 604 1638 676 ἄνθρωπος
1667 606 1875 658 τελειό-

289 698 447 769 τερόν
484 699 598 751 ἐστι
652 697 871 752 πάντων
919 696 1029 748 τῶν
1073 698 1430 764 κτισμάτων,
1476 697 1730 766 »μετέχων
1775 695 1877 766 μὲν

415 791 596 844 αὐτῶν
644 789 895 857 πάντων,
928 789 1067 859 ἔχων
1100 788 1159 842 δι
1194 806 1246 841 τι
1279 790 1374 842 καὶ
1418 789 1720 859 ἐξαίρετον,
1762 783 1875 843 οἷόν

290 898 344 936 τι
386 882 554 950 λέγω·
593 881 825 950 Μετέχει
867 881 961 934 καὶ
1005 878 1101 933 τοῦ
1129 879 1314 932 λίθου·
1355 878 1471 949 ἔχει
1501 879 1611 950 γὰρ
1644 877 1872 949 τρίχας,

286 976 509 1045 ὂνυχας,
546 973 853 1043 ἀναίσθητα
877 974 1029 1038 ὄντα,
1056 972 1247 1044 ὥσπερ
1273 974 1301 1026 ὁ
1322 972 1489 1035 λίθος.
1514 973 1749 1042 Μετέχει
1781 970 1877 1025 καὶ

287 1066 384 1119 τοῦ
428 1066 620 1135 φυτοῦ,
672 1066 810 1120 καθὸ
848 1064 1094 1130 αὔξεται,
1130 1067 1227 1119 καὶ
1262 1066 1546 1135 τρέφεται,
1582 1064 1677 1118 καὶ
1713 1064 1878 1134 γεννᾷ

286 1156 350 1209 τὸ
402 1156 619 1226 ὅμοιον,
672 1156 860 1229 ὥσπερ
901 1157 994 1211 καὶ
1024 1159 1099 1213 .τά
1142 1157 1306 1227 φυτά.
1341 1157 1579 1227 Μετέχει
1626 1157 1720 1208 καὶ
1768 1154 1876 1208 τῶν

287 1248 524 1313 ἀλόγων,
572 1248 706 1303 καθὸ
731 1248 843 1319 εχει
871 1248 971 1311 τὰς
998 1248 1303 1319 αἰσθήσεις,
1334 1248 1428 1300 καὶ
1462 1245 1753 1315 θυμοῦται,
1782 1248 1877 1300 καὶ

289 1340 571 1409 ἐπιθυμεῖ.
615 1339 850 1410 Μετέχει
873 1339 931 1393 δὲ
958 1340 1053 1393 nati.
1079 1339 1217 1393 Θεοῦ
1246 1340 1401 1409 παρὰ
1428 1341 1610 1395 πάντα
1641 1342 1711 1395 τὰ
1740 1340 1876 1395 ἄλλα

288 1430 428 1493 ζῶα,
471 1430 613 1483 κατὰ
664 1430 763 1500 τὴν
812 1430 1007 1501 νοεράν
1039 1430 1241 1501 ψυχήν.
1285 1431 1467 1485 Θέλων
1511 1431 1603 1485 οὖν
1631 1432 1803 1496 δεῖξαι
1850 1434 1879 1484 ὁ

288 1524 476 1592 νόμος,
524 1524 606 1576 ὅτι
649 1522 729 1574 δεῖ
760 1522 849 1575 τὸν
893 1520 1182 1591 ἄνθρωπον
1215 1522 1337 1575 ὅλον
1368 1522 1437 1575 δι’
1485 1523 1607 1576 ὅλου
1660 1524 1875 1590 ἑαυτὸν,

286 1615 475 1668 δοῦναι
514 1615 665 1686 Θεῷ,
710 1616 801 1668 καὶ
850 1616 1030 1679 πάσας
1077 1617 1175 1678 τὰς
1228 1618 1469 1687 ψυχικάς
1505 1617 1764 1689 δυνάμεις
1800 1619 1881 1680 τίς

283 1708 390 1780 τὴν
432 1708 652 1779 ἀγάπην
680 1708 775 1761 τοῦ
800 1709 935 1762 Θεοῦ
966 1707 1265 1774 ἀναλῶσαι,
1296 1709 1383 1761 διὰ
1418 1710 1519 1780 μὲν
1552 1710 1644 1764 τοῦ
1674 1712 1874 1775 εἰπεῖν,

285 1802 351 1867 ἐξ
380 1802 509 1874 ὅλης
550 1803 651 1873 τῆς
694 1802 938 1874 καρδίας,
978 1801 1078 1873 τὴν
1121 1802 1590 1874 σωματικωτέραν
1641 1804 1736 1858 καὶ⁵
1780 1806 1878 1876 τὴν

285 1899 401 1959 τοῖς
440 1868 624 1966 (ῥυτοῖς
659 1868 867 1949 dixe-(av
913 1868 1149 1966 ἐδήλωσε
1175 1868 1429 1967 δύναμιν.
1468 1868 1568 1949 Ᾰιά
1594 1896 1651 1949 δὲ
1682 1896 1777 1950 τοῦ
1817 1868 1876 1965 ἐξ
1910 1868 1952 1925 Β

282 1988 421 2060 ὅλης
452 1988 553 2056 τῆς
600 1987 810 2058 ψυχῆς,
858 1988 957 2058 τὴν
1020 1987 1193 2057 μέσην
1249 1988 1345 2042 καὶ
1384 1990 1495 2051 τοῖς
1539 1988 1879 2059 αίσθητικοῐς

287 2080 660 2152 ἁρμόζουσαν.
702 2081 800 2135 Διά
829 2080 887 2134 δέ
936 2079 1028 2133 τοῦ
1080 2079 1140 2145 ἐξ
1186 2081 1315 2152 ὅλης
1362 2083 1461 2152 τῆς
1502 2081 1770 2146 διανοίας,
1817 2080 1877 2134 τὸ

289 2175 585 2229 ίδιαίτατον
615 2173 710 2226 τοῦ
744 2174 1035 2245 ἀνθρώπου
1064 2173 1162 2245 τὴν
1196 2174 1388 2246 νοερὰν
1418 2174 1597 2246 ψυχὴν
1628 2192 1759 2229 κατε
1769 2177 1876 2246 μή-

273 2284 438 2322 -νυσε,
470 2268 542 2320 Τὸ
571 2267 628 2320 δὲ
652 2267 710 2331 ἐξ
733 2266 862 2336 ὅλης
894 2267 989 2335 τῆς
1034 2266 1241 2337 ἰσχύος,
1274 2268 1355 2331 είς
1386 2269 1564 2321 πάντα
1593 2268 1772 2323 ταῦτα
1800 2267 1878 2321 δεῖ

284 2360 434 2428 ἡμᾶς
468 2359 668 2412 ἕλκειν.
697 2359 789 2412 Δεῖ
820 2359 929 2428 γὰρ
960 2360 1108 2429 ἡμᾶς
1144 2360 1240 2412 καὶ
1261 2359 1359 2431 τὴν
1388 2360 1623 2431 φυτικὴν
1650 2358 1879 2429 δύναμιν

281 2455 386 2520 τῆς
413 2453 591 2523 ψυχῆς
617 2453 939 2507 ὑποτάττειν
965 2458 1029 2524 τῇ
1058 2455 1245 2528 ἀγάπῃ
1274 2456 1366 2508 τοῦ
1404 2455 1665 2526 Χριστοῦ.
1717 2454 1879 2508 Ἀλλά

284 2544 405 2607 πῶς
431 2556 458 2608 ;‘
516 2544 812 2616 Ἰσχυρῶς,
861 2543 997 2598 ἀλλὰ
1046 2546 1120 2614 μὴ
1168 2545 1566 2616 ἐκλελυμένως.
1626 2547 1735 2599 Καὶ
1780 2545 1878 2616 τὴν

283 2637 614 2707 αἰσθητικὴν
640 2678 654 2701 ,
697 2640 793 2692 καὶ
822 2638 1028 2707 ταύτην
1078 2639 1314 2709 ἰσχυρῶς
1339 2681 1353 2704 ,
1380 2641 1481 2695 καὶ
1516 2640 1614 2709 τὴν
1644 2640 1840 2709 νοεράν
1859 2682 1873 2704 ,

283 2732 385 2783 καὶ
411 2730 615 2799 ταύτην
639 2729 699 2795 ἐξ
729 2729 856 2801 ὅλης
881 2731 978 2798 τῆς
1015 2731 1219 2800 ἰσχύος.
1248 2732 1410 2785 Ὥστε
1448 2732 1603 2795 ὅλους
1651 2733 1879 2794 ἑαυτοὺς

281 2823 580 2890 ὀφείλομεν
634 2822 838 2875 διδόναι
877 2822 1033 2892 Θεῷ,
1074 2825 1168 2876 καὶ
1220 2824 1578 2887 ὑποτάττειν,
1629 2825 1722 2877 καὶ
1781 2824 1877 2893 τὴν

284 2916 634 2987 θρεπτικὴν,
692 2916 786 2971 καὶ
852 2916 952 2986 τὴν
1003 2916 1329 2985 αἰσθητικὴν
1392 2918 1485 2969 καὶ
1529 2917 1879 2986 διανοητικὴν

285 3009 447 3081 ἡμῶν
481 3010 713 3079 δύναμιν
740 3011 804 3081 τῇ
837 3009 1028 3081 ἀγάπῃ
1060 3008 1152 3061 τοῦ
1182 3009 1338 3062 Θεοῦ.
1380 3010 1491 3063 Καὶ
1522 3009 1611 3063 τὶν
1650 3010 1879 3079 πλησίον

289 3121 388 3157 σου
426 3102 502 3165 ὡς
543 3102 786 3157 σεαυτόν.
836 3100 894 3153 Ὀ
932 3103 1093 3170 νόμος
1124 3101 1278 3156 οὔπω
1319 3103 1388 3155 τὰ
1428 3104 1608 3156 τέλεια
1643 3104 1880 3172 δυνάμε-

286 3214 379 3257 νος
412 3194 683 3247 διδάσκειν
719 3193 806 3246 διὰ
853 3195 915 3245 τὸ
957 3194 1227 3264 νηπιῶδες
1261 3196 1371 3247 τῶν
1412 3196 1753 3259 ἀκουόντων,
1787 3195 1879 3247 τὴν
1906 3218 1949 3273 η

287 3287 520 3355 πλησίον
555 3287 774 3355 ἀγαπᾷν
806 3286 1175 3356 προτρέπεται
1202 3287 1277 3349 ὼς
1308 3287 1519 3340 ἑαυτὸν.
1566 3288 1624 3341 Ὀ
1655 3288 1711 3340 δέ
1748 3289 1880 3357 Χρι-

290 3377 417 3440 στος
453 3379 545 3429 καὶ
578 3376 720 3445 ὑπὲρ
751 3377 944 3429 ἑαυτὸν
986 3378 1212 3447 ἀγαπᾷν
1252 3379 1341 3431 τὸν
1376 3378 1606 3449 πλησίον
1632 3378 1839 3442 ἐδίδαξε
1862 3396 1875 3409 ·

290 3468 536 3532 Μείζοια
567 3470 675 3537 γὰρ
725 3468 927 3539 ταύτης
980 3470 1237 3539 ἀγάπην,
1281 3472 1447 3538 φησι,
1492 3473 1592 3523 οὐκ
1641 3470 1756 3541 ἔχει
1795 3486 1910 3533 τις·

287 3562 487 3626 δεῖξαι,
518 3562 551 3633 ἢ
599 3561 805 3626 ἵναντις
832 3563 932 3631 τὴν
960 3561 1139 3633 ψυχὴν
1175 3563 1337 3617 αὑτοῦ
1377 3565 1441 3634 θῇ
1483 3564 1623 3635 ὑπὲρ
1649 3566 1757 3618 τῶν
1788 3568 1878 3633 φί-

288 3655 402 3707 λων
435 3655 622 3707 αύτοῦ.
653 3653 927 3723 Λέθίειοῖον
947 3656 1081 3726 προς
1108 3656 1198 3708 τὸν
1225 3656 1468 3725 νομικόν·
1512 3656 1719 3727 Ὀρθῶς
1752 3661 1881 3710 ἀπε.

289 3745 509 3815 κρίθης.
562 3746 713 3798 Ἐπεὶ
744 3748 874 3817 γὰρ,
906 3748 1091 3814 φησὶν,
1140 3747 1220 3800 ἔτι
1251 3748 1329 3816 τῷ
1364 3750 1513 3818 νόμῳ
1554 3749 1872 3803 ὑπόκεισαιι

289 3838 470 3912 ὀρθῶς
501 3839 770 3911 ἀποκρίνῃ
791 3857 807 3873 ο
841 3842 982 3895 κατά
1013 3839 1103 3894 τὸν
1138 3842 1301 3911 νόμον
1328 3844 1436 3915 γὰρ
1466 3846 1697 3913 φρονεῖς.

378 4043 397 4076 ι
456 4023 516 4076 ’0
552 4023 610 4076 δὲ
667 4023 836 4076 θέλων
887 4023 1132 4076 δικαιοῦν
1168 4025 1401 4086 ἑαυτὸν,
1446 4019 1567 4076 εἷπε
1624 4025 1759 4093 πρὸς
1792 4023 1882 4079 τὸν

306 4118 538 4190 Ἰησοῦν·
572 4118 681 4170 Καὶ
709 4117 790 4178 τίς
826 4119 941 4169 ἐστι
973 4135 1071 4187 μου
1107 4117 1371 4187 πλησίον;
1422 4116 1742 4170 ’Υπολαδὼν
1766 4117 1821 4170 δὲ
1855 4119 1883 4171 ὁ

305 4209 556 4283 Ἰησοῦς,
620 4204 812 4261 εἶπεν·
853 4208 1176 4279 ’Ἄνθρωπός
1234 4226 1319 4272 τις
1392 4208 1714 4263 κατέύαινεν
1776 4209 1884 4262 ἀπὸ

304 4301 672 4375 Ἰερουσαλὴμ
708 4302 787 4364 είς
843 4300 1087 4371 ’1εριχὼ,
1126 4302 1217 4354 καὶ
1252 4300 1481 4371 λῃσταῖς
1517 4301 1881 4371 περιέπεσεν,

290 4397 344 4451 οἳ
389 4395 487 4449 καὶ
522 4393 843 4455 ἐκδύσαντες
882 4393 1044 4445 αὑτὸν
1071 4433 1084 4455 ,
1132 4393 1227 4445 καὶ
1275 4393 1489 4461 πληγὰς
1525 4393 1843 4463 περιθέντες
1867 4434 1881 4460 ,

289 4488 562 4561 ἀπῆλθον,
611 4488 841 4556 ἀφέντες
878 4486 1119 4557 ἡμιθανῆ
1160 4487 1519 4555 τυγχάνοντα.
1564 4487 1718 4540 Κατά
1747 4503 1881 4556 συγ-

1981 608 2063 663 lex
2099 606 2264 660 Deum
2295 622 2506 662 amare.
2563 606 2737 662 llomo
2770 614 3148 684 creaturarum
3188 607 3433 662 omnium
3492 622 3579 663 est

1980 700 2415 768 perfectissimus
2470 709 2523 755 et
2581 698 2856 771 particeps
2915 707 3127 753 naturae
3183 697 3472 761 omnium,
3522 710 3580 751 et

1978 799 2241 859 pmterea
2292 791 2548 859 quiddam
2597 789 2891 846 sublimius
2924 788 3154 845 habens.
3212 787 3285 845 Ut
3336 790 3575 857 exempli

1981 884 2153 952 gratia
2198 884 2327 953 quid
2362 883 2581 939 dicam:
2614 882 2895 951 Particeps
2940 891 3023 936 est
3077 888 3289 936 natura:
3333 881 3576 949 lapidis:

1981 977 2145 1032 habet
2175 977 2323 1032 enim
2356 976 2584 1046 capillos
2620 985 2675 1031 et
2704 986 2937 1045 ungues,
2965 988 3088 1044 qua:
3116 973 3397 1030 insensata
3426 986 3574 1041 sunt,

1982 1070 2442 1139 quemadmodum
2477 1069 2636 1138 lapis.
2668 1068 2952 1138 l’articeps
2982 1077 3066 1124 est
3100 1078 3154 1123 et
3183 1078 3396 1123 naturae
3424 1067 3581 1137 plan-

1983 1172 2182 1226 tarum,
2210 1162 2511 1217 secundum
2539 1161 2683 1229 quod
2711 1162 2912 1215 crescit
2937 1168 2993 1215 et
3024 1159 3287 1227 ntttritttr,
3319 1175 3383 1215 ac
3407 1159 3580 1229 gignit

1982 1253 2084 1309 sibi
2120 1253 2300 1309 simile
2340 1253 2444 1324 (α),
2493 1254 2637 1309 sicut
2696 1261 2752 1307 et
2786 1253 3001 1323 planae.
3054 1252 3341 1322 Particeps
3388 1263 3473 1308 est
3526 1264 3583 1307 et

1983 1357 2195 1401 naturae
2228 1346 2537 1409 brutorum,
2576 1348 2878 1401 secundum
2906 1347 3049 1416 quod
3081 1344 3245 1400 habet
3279 1361 3496 1408 sensus,
3527 1354 3581 1400 et

1985 1442 2265 1508 irascitur,
2323 1456 2379 1495 et
2428 1441 2786 1510 concupiscit.
2844 1440 3125 1510 Particeps
3173 1450 3259 1495 est
3307 1450 3488 1494 autem
3527 1449 3583 1493 et

1988 1531 2078 1587 Dci
2114 1532 2270 1603 juxta
2325 1533 2648 1587 rationalem
2698 1533 2979 1598 animam,
3019 1546 3182 1601 supra
3235 1532 3419 1587 omnia
3472 1532 3577 1585 alia

1986 1626 2312 1681 animantia.
2346 1625 2539 1695 Itaque
2574 1625 2659 1679 lex
2692 1625 2983 1681 ostendere
3025 1624 3210 1681 volens
3241 1626 3382 1693 quod
3414 1624 3581 1680 homo

1985 1717 2180 1772 debeat
2213 1732 2336 1772 sese
2380 1726 2550 1772 totum
2582 1718 2800 1771 tradere
2834 1717 2968 1782 Deo,
3014 1714 3069 1772 et
3098 1731 3287 1771 omnes
3315 1716 3582 1771 animales

1985 1812 2215 1865 virtutes
2247 1810 2523 1863 insumere
2574 1808 2625 1862 in
2676 1807 3023 1864 dilectionem
3081 1807 3198 1871 Dei,
3249 1822 3315 1861 eo
3354 1806 3579 1877 quidem

1985 1902 2128 1972 quod
2162 1903 2323 1969 dixit,
2383 1915 2449 1955 ex
2507 1910 2623 1956 toto
2669 1900 2857 1965 corde,
2913 1899 3246 1955 crassiorem
3292 1909 3345 1953 et
3381 1901 3583 1969 plantis

1986 1998 2263 2069 prepriam
2296 1995 2597 2051 declaravit
2623 1995 2909 2050 virtutem.
2971 1993 3210 2049 Dicendo
3260 2001 3482 2059 autem,
3512 2009 3584 2051 ex

1986 2102 2102 2146 t0ta
2138 2092 2339 2156 anima,
2367 2091 2599 2145 mediam
2631 2090 2895 2153 ostendit,
2931 2096 2985 2144 et
3008 2089 3247 2145 sensatis
3275 2103 3583 2159 congruen-

1985 2193 2115 2239 tem.
2157 2183 2264 2239 Per
2292 2189 2395 2238 hoc
2439 2193 2619 2239 autem
2672 2182 2816 2252 quod
2871 2181 3027 2245 dicit,
3083 2194 3151 2235 ex
3203 2189 3313 2235 tota
3373 2189 3579 2240 mento,

1984 2275 2193 2334 homini
2225 2275 2463 2331 maxime
2491 2275 2770 2345 propriam
2801 2273 2910 2327 vim
2954 2271 3306 2343 signiﬁcavit,
3338 2271 3579 2324 animam

1985 2369 2332 2427 rationalem.
2375 2368 2542 2424 Porro
2578 2366 2723 2437 quod
2756 2366 2920 2430 dicit,
2958 2380 3023 2420 ex
3070 2374 3185 2420 tota
3235 2362 3579 2427 fortitudine,

1983 2465 2051 2519 ad
2104 2463 2286 2518 omnia
2337 2462 2454 2517 haec
2515 2459 2859 2516 trahendum.
2916 2457 3145 2527 Oportet
3200 2456 3345 2512 enim
3398 2471 3497 2510 nos
3527 2464 3583 2509 et.

1986 2554 2288 2609 naturalem
2325 2569 2388 2608 ac
2426 2553 2790 2624 vcgetativam
2820 2552 3076 2605 virtutem
3106 2549 3379 2620 subjicere
3408 2549 3583 2604 dilec-

1986 2648 2118 2702 tioni
2150 2646 2380 2701 Christi.
2419 2645 2528 2701 Sed
2556 2644 2876 2715 quomodo?
2910 2643 3151 2699 Fortiter
3180 2654 3236 2698 ct
3268 2659 3374 2698 non
3411 2642 3584 2697 disso—

1984 2739 2116 2793 lute.
2149 2736 2213 2792 Et
2256 2737 2601 2799 scnsiivam,
2646 2746 2815 2806 atque
2863 2736 3010 2791 illam
3061 2735 3300 2790 fortiter.
3336 2733 3584 2799 Denique

1984 2836 2041 2880 ct
2073 2825 2416 2891 rationalem,
2457 2835 2622 2893 atque
2673 2823 2820 2877 illam
2868 2838 2934 2878 ex
2974 2833 3084 2878 tota
3126 2824 3351 2878 virtute.
3407 2823 3584 2892 Atque

1983 2920 2059 2974 ita
2091 2918 2371 2987 debemus;
2402 2932 2503 2971 nos
2558 2925 2702 2971 totos
2745 2914 2880 2971 dare
2928 2913 3060 2983 Deo,
3108 2913 3488 2983 subjicereque
3528 2924 3587 2967 et

1985 3012 2326 3077 nutritivatn,
2364 3019 2419 3064 et
2450 3010 2795 3075 sensitivam,
2848 3017 2904 3063 et
2956 3007 3280 3064 rationalem
3332 3016 3580 3062 uosuam

1984 3104 2248 3159 virtutem
2281 3101 2559 3158 dilectioni
2596 3100 2714 3155 Dei.
2763 3100 2831 3155 Et
2876 3100 3191 3171 proximum
3246 3109 3397 3154 tuum
3438 3099 3585 3155 sicut

1988 3196 2238 3264 teipsum.
2283 3192 2396 3247 Lex
2446 3194 2685 3247 nondunt
2734 3190 2922 3247 valens
2977 3191 3223 3262 perfecta
3280 3191 3480 3246 docere
3512 3191 3583 3245 ob

1989 3289 2298 3340 auditorum
2325 3284 2715 3355 puerilitatem,
2740 3284 3057 3355 proximum
3080 3283 3310 3355 diligere
3330 3285 3585 3338 hortatur

1990 3391 2043 3435 ut
2091 3380 2350 3450 seipsum.
2406 3376 2662 3432 Christus
2705 3386 2888 3432 autem
2928 3387 2982 3431 et
3017 3376 3306 3447 plusquam
3342 3376 3584 3443 seipsum

1988 3470 2214 3540 diligere
2250 3468 2556 3538 proximum
2592 3466 2794 3523 docuit.
2824 3465 3080 3536 Majorem
3111 3466 3257 3521 enim
3289 3465 3392 3519 hac
3419 3465 3587 3519 dilec-

1988 3564 2213 3628 tionem,
2279 3561 2475 3631 inqttit,
2532 3575 2693 3616 nemo
2723 3561 2984 3617 exhibere
3050 3567 3251 3629 potest,
3311 3576 3475 3631 quam
3526 3572 3587 3617 ut

1988 3656 2226 3709 animam
2276 3670 2428 3708 suam
2478 3662 2643 3723 ponat
2681 3654 2807 3722 quis
2853 3668 2952 3723 pro
3008 3654 3201 3708 amicis
3250 3654 3385 3709 suis.
3444 3655 3586 3708 Dicit

1986 3746 2152 3817 igitur
2174 3746 2239 3801 ad
2267 3746 2662 3816 legisperitutn,
2684 3745 2854 3801 Recte
2881 3745 3229 3815 respondisti.
3251 3742 3386 3809 Quia
3409 3747 3584 3813 enim,

1988 3840 2172 3893 dicere
2203 3838 2340 3904 vult,
2381 3838 2484 3909 legi
2520 3839 2700 3894 adhuc
2731 3838 3011 3906 subjectus
3049 3853 3129 3904 es,
3168 3849 3317 3894 recte
3354 3854 3583 3910 respon-

1989 3930 2113 3985 disti
2140 3947 2153 3997 ;
2182 3931 2339 4000 juxta
2373 3930 2544 3998 legem
2577 3930 2723 3984 enim
2751 3930 2920 3998 sapis.
3463 3927 3469 3931 ’

2061 4021 2229 4075 Vnus.
2254 4022 2445 4079 29-57.
2485 4042 2504 4074 ι
2546 4021 2641 4077 ille
2688 4033 2870 4076 autem
2910 4023 3098 4079 volens
3122 4024 3429 4094 justilicare
3476 4025 3589 4078 se-

1989 4131 2166 4186 psum,
2200 4115 2341 4170 dixit
2375 4116 2441 4170 ad
2471 4114 2656 4171 Jesum
2686 4134 2698 4169 :
2734 4114 2799 4169 Et
2825 4116 2953 4185 quis
2982 4128 3065 4171 cst
3092 4133 3245 4172 meus
3271 4118 3517 4186 proxiutu
3563 4122 3589 4172 ἵ

1989 4209 2343 4277 ιὶθεροιιιΙοιιε
2376 4220 2557 4263 autem
2583 4208 2766 4271 Jesus,
2801 4209 2973 4264 dixit:
3003 4194 3176 4264 llomo
3209 4211 3430 4280 quidam
3462 4214 3586 4266 dcs-

1988 4299 2253 4353 condebat
2304 4300 2373 4353 ab
2419 4299 2812 4371 Hierosolymis
2857 4300 2908 4354 in
2965 4299 3245 4366 Hiericho,
3294 4310 3348 4355 et
3394 4302 3587 4354 incidit

1989 4390 2041 4443 in
2079 4390 2342 4454 latrones,
2368 4391 2456 4461 qui
2488 4391 2650 4445 etiam
2678 4392 3121 4461 despoliaveruut
3163 4408 3287 4446 eum
3317 4394 3583 4457 vestibus,

1991 4498 2055 4538 ac
2086 4483 2403 4539 vulneribus
2452 4481 2671 4538 inﬂictis
2705 4465 2960 4537 abierunt
3008 4485 3369 4539 semimortuo
3419 4484 3587 4556 3&9

288 4582 495 4652 κυρίαν
524 4580 579 4633 δὲ
632 4580 808 4648 ἱερεύς
842 4596 923 4641 τις
968 4578 1288 4631 κατέϐαινεν
1319 4580 1378 4629 ἐν
1410 4581 1475 4649 τῇ
1514 4579 1619 4649 ὁδῷ
1654 4579 1840 4653 ἐκείνῃ
1866 4620 1881 4645 ,

1990 4576 2208 4630 delicto.
2247 4574 2460 4630 Accidit
2496 4585 2675 4628 autem
2724 4584 2783 4629 ut
2818 4577 3079 4631 sacerdos
3105 4576 3325 4646 quidam
3355 4580 3553 4631 desccn
3575 4608 3589 4615 ι

289 4674 389 4728 καὶ
424 4670 549 4724 ἰδὼν
580 4670 742 4723 αὑτὸν
774 4669 1198 4739 ἀντιπαρῆλθεν.
1247 4668 1481 4737 Ὁμοίως
1509 4670 1565 4722 δὲ
1596 4669 1691 4722 καὶ
1721 4670 1886 4723 Λευί-

289 4784 395 4836 της
422 4764 718 4835 γενόμενος
745 4763 888 4817 κατὰ
911 4763 1001 4815 τὸν
1034 4762 1201 4815 τόπον
1226 4761 1415 4825 ἐλθὼν,
1443 4765 1539 4815 καὶ
1575 4762 1698 4816 ἰδὼν
1726 4764 1887 4818 αὑτὸν

289 4858 690 4928 ἀντιπαρῆλθε.
738 4856 1085 4925 Σαμαρείτης
1126 4855 1183 4907 δὲ
1231 4855 1434 4908 ὁδεύων
1467 4851 1600 4926 ἦλθε
1638 4858 1759 4909 κατ’
1789 4857 1887 4909 αύ-

286 4953 409 5015 τδν,
452 4951 548 5004 καὶ
593 4950 716 5003 ἰδὼν
760 4947 1202 5017 ἐσπλαγχνίσθη,
1234 4949 1327 5000 καὶ
1370 4948 1689 5018 προσελθὼν
1727 4949 1889 5003 κατέ-

286 5047 426 5115 δησε
456 5044 525 5097 τὰ
553 5042 845 5113 τραύματα
874 5040 1070 5103 αὑτοῦ,
1105 5040 1343 5109 ἐπιχέων
1374 5039 1553 5093 ἔλαιον
1584 5040 1679 5093 καὶ
1723 5036 1885 5098 οἶνον.

303 5135 613 5197 Ἐπιδάσας
660 5135 717 5188 δὲ
767 5133 929 5186 αὐτὸν
981 5134 1075 5185 ἐπὶ
1118 5134 1179 5185 τὸ
1214 5132 1347 5184 ἴδιον
1396 5132 1630 5202 κτῆνος,
1681 5132 1889 5202 ἤγαγεν

288 5229 462 5286 αὐτὸν
488 5228 568 5288 είς
593 5225 931 5294 πανδοχεῖον,
962 5225 1057 5277 καὶ
1089 5220 1407 5292 ἐπεμελήθη
1434 5223 1625 5275 αὐτοῦ.
1660 5226 1770 5276 Καὶ
1799 5227 1891 5278 ἐπὶ

283 5322 396 5391 τὴν
423 5318 620 5387 αὔριον
656 5316 910 5382 ἐξελθὼν,
944 5314 1189 5369 ἐκϐαλὼν
1219 5316 1311 5367 δύο
1340 5317 1573 5386 δηνάρια
1605 5316 1772 5369 ἔδωκε
1813 5316 1891 5386 τῷ

286 5412 579 5481 πανδοχεῖ,
616 5410 708 5462 καὶ
742 5404 894 5461 εἶπεν
948 5408 1093 5477 αὑτῴ
1119 5425 1131 5437 ·
1173 5408 1567 5478 Ἐπιμελήθητι
1602 5408 1765 5462 αὑτοῦ
1789 5411 1884 5462 καὶ

283 5503 324 5557 ὃ
379 5519 435 5553 τι
466 5501 533 5554 ἂν
579 5501 1072 5571 προσδαπανήσῃς,
1117 5500 1227 5567 ἐγὼ
1266 5502 1325 5551 ἐν
1365 5499 1443 5568 τῷ
1482 5500 1883 5570 ἐπανέρχεσθαί

290 5611 403 5668 με,
438 5592 705 5648 ἀποδώσω
743 5609 846 5646 σοι.
884 5592 980 5653 Τίς
1008 5587 1101 5644 οὖν
1136 5590 1246 5643 τῶν
1281 5591 1449 5661 τριῶν
1478 5591 1708 5661 πλησίον
1741 5593 1888 5645 δοκεῖ

290 5705 381 5740 σοι
430 5686 714 5755 γεγονέναι
754 5683 847 5737 τοῦ
879 5683 1213 5754 ἐμπεσόντος
1255 5685 1332 5745 είς
1360 5683 1486 5745 τοὺς
1529 5683 1776 5755 λῃστάς;
1826 5685 1888 5737 Ὀ

369 5871 445 5939 (ο)
478 5866 622 5922 Edit.
653 5866 774 5922 Lut.
806 5883 909 5923 non
940 5865 1122 5931 habet,
1150 5883 1211 5921 ac
1236 5864 1396 5935 gignit
1428 5864 1528 5920 sibi
1551 5863 1743 5920 simile.

1986 4667 2139 4721 deret
2170 4666 2357 4720 eadem
2390 4666 2500 4728 via,
2554 4667 2782 4735 visoque
2831 4666 2921 4721 illo
2962 4668 3246 4735 praeteriit.
3314 4666 3587 4722 Similiter

1989 4765 2040 4811 et
2078 4756 2266 4813 Levita
2318 4771 2442 4811 cum
2481 4757 2583 4810 iret
2630 4757 2784 4826 juxta
2824 4757 3035 4823 lucunt,
3074 4774 3138 4812 ac
3167 4760 3394 4813 vidisset
3428 4776 3584 4821 eum,

1989 4849 2274 4919 pra'teriit.
2312 4848 2690 4902 Samaritanus
2720 4859 2902 4903 autem
2934 4849 3157 4919 quidam
3207 4850 3312 4904 iter
3354 4850 3583 4911 faciens,

1990 4944 2140 4997 venit
2170 4943 2237 4996 ad
2273 4959 2432 4996 cum:
2470 4952 2525 4996 et
2562 4942 2678 4997 viso
2710 4958 2776 4996 co
2799 4983 2814 5005 ,
2848 4944 3222 4997 misericordia
3258 4954 3441 4999 motus
3479 4958 3585 5011 est,
3668 5002 3669 5005 η

1990 5047 2046 5088 et
2075 5036 2341 5089 accedens
2381 5035 2621 5105 alligavit
2654 5034 2876 5089 vulnera
2910 5036 3057 5104 ejus,
3088 5034 3379 5093 infundens
3404 5039 3583 5093 oleum

1992 5140 2056 5180 ac
2087 5127 2307 5180 vinum:
2341 5137 2395 5179 et
2429 5127 2716 5197 imponens
2769 5128 2919 5181 illum
2970 5128 3024 5181 in
3063 5144 3219 5184 suum
3254 5131 3587 5199 jumentum,

1991 5218 2147 5270 duxit
2175 5217 2227 5269 in
2254 5216 2641 5280 diversorium,
2667 5228 2721 5271 et
2742 5232 2933 5272 curam
2963 5219 3083 5289 ejus
3114 5221 3244 5290 egit.
3270 5220 3337 5273 Et
3367 5232 3590 5291 postero

1993 5309 2081 5363 die
2136 5310 2454 5379 egrediens,
2524 5309 2878 5379 depromptos
2931 5314 3067 5367 duos
3124 5314 3379 5369 denarios
3440 5316 3592 5369 dedit

2000 5403 2219 5471 hospiti,
2243 5410 2298 5455 et
2322 5404 2398 5454 ait
2424 5401 2472 5455 ei
2500 5419 2513 5454 :
2545 5401 2746 5456 Curam
2775 5394 2923 5456 illius
2950 5404 3127 5471 habe;
3154 5420 3207 5459 et
3232 5406 3597 5475 quodcunque

1998 5503 2262 5562 prmterea
2295 5496 2675 5563 insumpseris,
2707 5511 2806 5565 ego
2831 5513 2951 5550 cum
2981 5499 3196 5554 rediero
3220 5500 3444 5554 reddam
3472 5500 3590 5553 tibi.

2000 5586 2134 5653 Quis
2158 5604 2289 5659 ergo
2317 5589 2511 5643 horum
2549 5589 2711 5643 trimn
2740 5590 2953 5645 videtur
2980 5593 3074 5647 tibi
3106 5596 3389 5664 proximus
3431 5592 3597 5646 fuisse

2000 5682 2077 5739 illi
2119 5684 2211 5752 qui
2240 5683 2435 5740 incidit
2463 5685 2514 5739 itt
2550 5684 2796 5741 latrones
2818 5685 2840 5739 ?
2866 5686 2935 5740 At
2968 5686 3056 5743 ille
3090 5687 3222 5743 dixit
3251 5703 3264 5741 :
3301 5687 3403 5754 Qui
3434 5700 3596 5741 excr-
