4030 6402
540 373 640 435 "l7

1449 359 2019 422 'l‘llEOPllYLACTI
2052 351 2459 417 BULGARL‘E
2499 348 2854 411 ARCIIIEP.

543 495 652 544 iuit
685 488 1110 545 misericordiam
1154 485 1204 536 in
1237 483 1403 536 illum.
1453 480 1539 533 Ait
1584 478 1746 547 igitur
1793 476 1868 529 illi
1909 474 2091 529 Jesus

2206 469 2262 522 δὲ
2295 463 2444 520 εἶπεν
2471 483 2482 496 ·
2528 465 2584 518 Ὀ
2607 465 2838 532 ποιήσας
2868 461 2926 513 τὸ
2949 459 3095 522 ἕλεος
3131 460 3245 529 μετ’
3277 458 3460 513 αὑτοῦ.
3497 452 3665 510 Εἶπεν
3693 458 3785 514 οὖν

545 584 712 647 Vade,
748 592 802 636 et
837 591 889 633 tu
925 581 1005 632 fac
1052 575 1322 631 similiter.
1368 592 1384 624 ι
1438 571 1710 624 Laudatus
1755 583 1784 622 a
1823 567 2103 622 Salvatore

543 672 900 742 legisperitns,
928 666 1159 736 prodidit
1184 663 1521 719 insolentiam
1548 662 1735 714 animi.
1761 659 2098 713 Dixitenim:

543 765 606 822 Et
633 763 753 832 quis
783 772 868 815 cst
915 775 1066 815 meus
1104 759 1424 827 proximus?
1471 753 1828 810 Existimabat
1870 751 2013 806 enim
2046 768 2104 808 se

535 854 739 925 justum
799 867 954 914 esse,
1013 851 1324 917 nullumque
1379 847 1578 902 habere
1623 845 1724 899 sibi
1769 844 1999 899 similem
2050 853 2104 899 et

541 945 846 1015 proximum
881 942 1076 995 virtute
1103 959 1114 993 :
1145 948 1343 1006 putans
1369 939 1540 993 solum
1565 936 1772 1006 justum
1805 937 1948 1003 justo
1980 951 2102 1004 pro-

542 1037 744 1090 ximum
769 1049 908 1088 esse.
939 1033 1173 1088 Proinde
1201 1031 1386 1085 volens
1422 1029 1723 1097 justillcare
1759 1031 2017 1095 seipsum,
2049 1035 2101 1080 et

539 1127 723 1182 extolli
769 1139 930 1195 super
975 1139 1164 1178 omnes
1197 1123 1463 1186 homines,
1497 1121 1844 1182 insolesccns,
1878 1119 2054 1186 inquit
2085 1136 2097 1171 :

538 1221 605 1274 Et
635 1219 756 1289 quis
784 1229 867 1273 est
907 1217 1180 1287 proximus
1227 1202 1416 1270 meus?
1443 1213 1693 1267 Salvator
1723 1221 1924 1276 autem,
1967 1225 2101 1279 quo-

538 1313 680 1366 niam
713 1312 966 1366 Conditor
996 1310 1106 1376 ipse
1139 1317 1291 1372 erat,
1345 1306 1525 1361 sciens
1571 1315 1686 1359 nos'
1720 1319 1907 1358 omnes
1938 1319 2098 1358 unam

537 1415 861 1467 creaturam,
912 1419 1013 1457 non
1064 1403 1317 1471 operibus
1349 1415 1520 1470 neque
1567 1398 1954 1467 dignitatibus,
2006 1397 2100 1452 sed

535 1507 725 1553 natura
761 1495 947 1550 delinit
987 1495 1318 1566 proximum.
1366 1491 1446 1549 Ne
1485 1493 1646 1563 igitur
1679 1502 1853 1562 putes,
1902 1491 2098 1562 inquit,

533 1589 658 1660 quia
681 1589 861 1658 justus
891 1602 968 1653 cs,
1018 1587 1159 1655 quod
1200 1584 1378 1641 nullus
1411 1585 1504 1638 tibi
1547 1584 1742 1639 similis
1785 1583 1875 1638 sit.
1902 1584 2100 1638 Omnes

532 1680 674 1734 enim
709 1677 800 1748 qui
836 1676 1080 1747 ejusdem
1131 1685 1338 1731 natura:
1381 1684 1526 1741 sunt,
1577 1675 1808 1745 proximi
1841 1674 1915 1727 tni
1951 1683 2094 1728 sunt.

535 1769 624 1825 Sis
653 1769 817 1840 igitur
848 1769 1083 1823 vicissim
1120 1776 1174 1822 et
1217 1776 1272 1820 tu
1321 1767 1424 1822 illis
1457 1767 1768 1836 proximus:
1817 1781 1922 1820 non
1958 1765 2094 1828 loco,

2208 559 2356 630 αύτῴ
2385 562 2412 612 ὁ
2459 556 2664 628 Ἰησοῦς
2689 572 2703 586 ⁶
2742 553 3021 625 Πορεύου,
3084 553 3177 605 καὶ
3214 554 3276 605 συ
3311 553 3449 605 ποίει
3482 551 3722 630 ¹ὁμοίως.
3761 570 3778 604 ι

2220 628 2556 713 Ἐπαινεθεὶς
2606 649 2711 702 ὑπὸ
2744 646 2836 701 τοῦ
2883 647 3136 716 Σωτῆρος
3164 646 3192 697 ό
3237 628 3485 714 νομικὸς,
3516 643 3614 714 τὴν
3655 645 3784 698 ἀλα-

2206 744 2415 810 ζονείαν
2446 741 2759 813 ἐξέρρηξεν.
2788 735 2925 792 Eine
2959 738 3089 808 γάρ’
3125 735 3234 791 Καὶ
3257 735 3340 799 τίς
3373 736 3484 788 ὲστί
3518 753 3617 804 μου
3651 734 3787 805 πλη-

2208 835 2350 900 σίον;
2381 835 2538 904 ᾯετο
2567 833 2673 902 γὰρ
2708 833 2787 883 ὅτι
2826 829 3032 891 δίκαιος
3063 827 3158 891 ὢν,
3199 826 3386 878 οὐδένα
3424 825 3570 896 ἔχειν
3601 826 3785 895 ὅμοιον

2205 927 2403 998 ἑαυτῷ,
2445 927 2539 980 καὶ
2583 923 2953 994 πλησιάζοντα
2993 920 3134 973 κατά
3163 919 3259 990 τὴν
3294 921 3515 990 ἀρετήν.
3553 920 3786 990 Πλησίον

2203 1021 2314 1092 γὰρ
2368 1019 2529 1090 μόνον
2576 1017 2800 1087 ἤλπιζεν
2852 1011 2995 1068 εἶναι
3043 1013 3134 1068 τὸν
3181 1013 3388 1068 δίκαιον
3439 1013 3518 1078 τῷ
3566 1013 3782 1081 δικαίῳ.

2204 1111 2386 1166 Θέλων
2413 1104 2506 1164 οὖν
2554 1107 2798 1163 δικαιοῦν
2841 1106 3032 1160 ἑαυτὸν
3082 1103 3176 1158 καλ⁹
3211 1103 3532 1173 ὑπεραίρειν
3567 1104 3784 1156 πάντων

2203 1203 2508 1275 ἀνθρώπων
2529 1243 2544 1268 ,
2577 1199 3034 1269 ἀλαζονευόμενός
3066 1212 3230 1266 φησι·
3259 1196 3368 1249 Καὶ
3397 1195 3481 1258 τίς
3527 1196 3644 1249 ὲστί
3683 1212 3784 1264 μου

2203 1294 2465 1365 πλησίον;
2504 1293 2562 1347 '0
2583 1294 2639 1346 δὲ
2669 1291 2879 1362 Σωτὴρ,
2910 1291 3004 1344 ἆτε
3032 1290 3094 1361 δὴ
3125 1289 3360 1358 Ποιητὴς
3385 1286 3481 1353 ὢν,
3513 1289 3607 1340 καὶ
3629 1287 3786 1351 εἰδὼς

2205 1388 2412 1450 πάντας
2465 1385 2523 1440 ἓν
2571 1385 2832 1455 πλάσμα,
2867 1384 2928 1437 ού
2983 1384 3104 1446 ταῖς
3147 1381 3448 1453 πράξεσιν,
3504 1381 3626 1435 οὐδὲ
3671 1383 3786 1444 τοῖς

2203 1480 2529 1551 ἀξιώμασιν,
2561 1477 2696 1535 ἀλλά
2718 1480 2783 1549 τῇ
2811 1477 2972 1546 φύσει
3002 1475 3246 1548 ὁρίζεται
3287 1476 3379 1528 τὸν
3416 1475 3664 1544 πλησίον.
3692 1473 3784 1545 Μὴ

2202 1573 2309 1642 γὰρ
2339 1572 2548 1641 νόμιζε,
2580 1572 2764 1641 φησὶν,
2795 1572 2877 1625 ὅτι
2911 1568 3103 1638 ἐπειδὴ
3128 1568 3335 1631 δίκαιος
3371 1563 3440 1633 εί,
3484 1566 3659 1631 οὐδείς
3700 1566 3784 1620 σοί

2201 1665 2354 1718 ἐστιν
2382 1665 2586 1734 ὅμοιος.
2634 1662 2843 1726 Πάντες
2883 1661 2993 1732 γὰρ
3025 1661 3074 1713 oi
3113 1660 3213 1729 τῆς
3248 1659 3418 1729 αὐτῆς
3445 1657 3661 1728 φύσεως
3694 1675 3789 1710 κε-

2201 1757 2594 1828 κοινωνηκότες
2642 1756 2870 1826 πλησίον
2935 1755 3030 1808 σού
3069 1755 3201 1807 εἱσι.
3251 1753 3416 1806 Γενοῦ
3465 1753 3644 1806 τοίνυν
3690 1754 3788 1809 καὶ

533 1861 626 1916 sed
655 1827 938 1915 avﬂ‘ectione
968 1867 1022 1914 et
1048 1860 1225 1914 studio
1261 1874 1387 1928 erga
1419 1827 1558 1912 illos.
1592 1859 1799 1913 ideirco
1831 1868 1883 1913 et
1908 1858 2091 1912 Sama-

2200 1852 2364 1916 αύτὸς
2397 1827 2627 1922 πλησίον
2657 1852 2869 1915 αὐτοῖς,
2906 1851 2967 1903 ού
3011 1848 3088 1919 τῷ
3137 1848 3307 1919 τόπῳ,
3343 1847 3482 1902 ἀλλά
3512 1849 3578 1918 τῇ
3610 1847 3787 1901 διαθέ·

532 1952 772 2006 ritanum
809 1951 1100 2005 introducit
1154 1951 1206 2004 in
1253 1950 1578 2018 exemplum,
1619 1958 1675 2003 ut
1709 1949 1804 2003 tibi
1836 1958 2094 2003 monstret

531 2043 673 2110 quod
714 2043 838 2096 licet
881 2044 969 2096 hic
996 2043 1102 2095 vita
1138 2043 1489 2110 discreparet,
1528 2041 1807 2109 proximus
1838 2050 2014 2094 tamen
2047 2040 2094 2095 ei

529 2141 643 2187 erat
670 2131 760 2200 qui
800 2132 1148 2186 miseratione
1174 2131 1390 2199 dignus.
1424 2129 1512 2183 Sic
1544 2138 1598 2182 et
1629 2138 1681 2182 tn
1722 2127 2097 2197 eompassionc

529 2224 835 2292 proximum
871 2231 920 2276 te
970 2221 1044 2274 illi
1075 2220 1291 2284 exhibe,
1334 2230 1386 2274 et
1414 2231 1603 2288 sponte
1635 2235 1695 2273 ac
1733 2234 1837 2272 non
1876 2227 2095 2272 voratus

528 2315 580 2368 in
624 2315 770 2368 illius
798 2313 1097 2367 subsidium
1136 2327 1316 2366 curre.
1369 2311 1632 2365 Docemur
1685 2312 1848 2380 igitur
1892 2321 1945 2363 et
1994 2311 2095 2366 hoc

526 2403 647 2457 loco
682 2419 776 2472 per
801 2404 1115 2471 parabolam
1163 2411 1227 2455 ut
1269 2404 1438 2469 parati
1490 2404 1657 2455 simus
1686 2404 1749 2455 ad
1786 2403 2095 2458 misericor-

527 2496 704 2557 diam,
757 2505 811 2546 ct
843 2509 1102 2546 conemur
1149 2507 1269 2546 esse
1314 2493 1544 2561 proximi
1584 2493 1668 2545 his
1707 2493 1794 2560 qui
1853 2492 2094 2560 indigent

524 2595 711 2639 nostro
744 2587 1004 2639 subsidio.
1046 2583 1212 2639 Docet
1238 2594 1415 2637 autem
1445 2594 1497 2638 et
1526 2594 1722 2652 quanta
1757 2584 1847 2639 Dei
1884 2585 2095 2640 bonitas

525 2695 656 2752 erga
691 2680 958 2734 homines.
1001 2679 1370 2734 Descendebat
1409 2680 1550 2733 enini
1585 2680 1814 2733 humana
1846 2690 2036 2734 natura
2065 2695 2094 2732 ιι

528 2769 894 2833 Hierusalem,
927 2771 1026 2824 huc
1054 2780 1156 2835 est,
1189 2785 1218 2824 a
1262 2770 1548 2838 tranquilla
1590 2782 1644 2824 et
1694 2772 1912 2840 paciﬁca
1964 2773 2091 2827 vita.

525 2863 861 2917 Hierusalem
915 2864 1059 2917 enim
1125 2863 1509 2931 interpretatur
1567 2863 1698 2916 visio
1752 2866 1920 2933 pacis.
1978 2864 2094 2931 Quo

525 2966 704 3010 autem
739 2955 1136 3011 descendebat}?
1184 2954 1241 3007 ln
1283 2954 1533 3009 Hiericho
1571 2955 1850 3017 humilem,
1892 2971 2092 3009 conca-

523 3063 668 3113 vam,
703 3058 752 3102 et
777 3058 905 3102 :nstu
929 3047 1302 3110 suﬂ‘ucantcm,
1334 3047 1436 3100 hoc
1468 3056 1570 3112 est,
1604 3049 1766 3100 vitam
1799 3049 2094 3104 ali'cctioiii-

2201 1964 2284 2000 σει
2321 1947 2416 2000 καὶ
2441 1949 2506 2016 τῇ
2542 1948 2622 2008 είς
2652 1945 2850 2008 αὐτοὺς
2882 1943 3193 2014 ἐπιμελείᾳ.
3227 1943 3318 1996 Διὸ
3348 1943 3440 1997 καὶ
3473 1945 3565 1996 τὸν
3598 1944 3784 2013 Σαμα-

2201 2040 2386 2110 ρείτην
2427 2038 2633 2108 εἰσάγω
2670 2055 2752 2091 σοι
2795 2036 2930 2109 πρὸς
2975 2035 3308 2106 ὑπόδειγμα,
3347 2037 3432 2088 ἵνα
3467 2053 3549 2089 σοι
3600 2035 3779 2101 δείξω,

2198 2133 2282 2185 ὅτι
2315 2130 2504 2200 ὥσπερ
2557 2122 2712 2194 οὗτος
2753 2131 3028 2200 διαφέρων
3075 2128 3151 2200 τῷ
3186 2127 3316 2198 βίῳ,
3363 2129 3510 2199 ὅμως
3554 2128 3782 2197 πλησίον

2200 2223 2391 2291 γέγονε
2438 2220 2533 2274 τοῦ
2583 2220 2734 2284 ἀξίου
2794 2220 3122 2290 ἐλεηθῆναι,
3175 2218 3320 2274 οὕτω
3367 2218 3562 2272 καὶσὺ
3590 2219 3783 2288 ⁵δεῖξον

2200 2313 2424 2368 σεαυτὸν
2456 2313 2684 2384 πλησίον
2718 2317 2786 2384 τῇ
2818 2313 3160 2386 συμπαθείᾳ,
3201 2315 3296 2366 καὶ
3325 2312 3659 2382 αὐτόκλητος
3688 2314 3782 2366 ἐπὶ

2197 2403 2294 2475 τὴν
2334 2403 2587 2474 βοήθειαν
2641 2403 2846 2471 βάδιζε.
2898 2401 3278 2473 Διδασκόμεθα
3335 2397 3430 2454 οὖν
3468 2403 3565 2455 καὶ
3609 2400 3782 2454 ταῦτα

2196 2495 2284 2548 διά
2327 2496 2425 2559 τῆς
2455 2495 2772 2566 παραϐολῆς
2809 2497 3037 2565 ταύτης,
3078 2494 3139 2547 τὸ
3192 2494 3442 2566 ἑτοίμους
3474 2489 3614 2547 εἶναι
3644 2493 3782 2564 πρὸς

2198 2586 2345 2640 ἔλεον
2364 2627 2379 2652 ,
2413 2591 2506 2641 καὶ
2552 2587 2808 2640 σπεύδειν
2842 2587 3072 2657 πλησίον
3101 2586 3342 2655 γίνεσθαι
3372 2589 3480 2639 τῶν
3509 2587 3783 2655 δεομένων

2197 2681 2297 2748 τῆς
2334 2682 2465 2752 παρ’
2497 2681 2654 2752 ἡμῶν
2695 2680 2970 2751 βοηθείας.
3026 2681 3404 2749 Διδασκόμεθα
3441 2681 3498 2734 δὲ
3542 2684 3636 2735 καὶ
3681 2682 3781 2752 τὴν

2202 2773 2331 2842 περ)⁸
2355 2773 2447 2824 τὸν
2479 2773 2765 2842 ἄνθρωπον
2796 2771 3111 2842 ἀγαθότητα
3142 2773 3238 2826 τοῦ
3275 2772 3434 2828 Θεοῦ.
3468 2773 3778 2826 Κατέϐαινε

2199 2863 2307 2934 γὰρ
2340 2865 2373 2930 ή
2405 2863 2723 2935 ἀνθρωπίνη
2757 2863 2921 2933 φύσις
2950 2864 3058 2918 ἀπὸ
3100 2864 3471 2934 Ἰερουσαλὴμ,
3530 2863 3780 2918 τουτέστι

2197 2956 2295 3024 τῆς
2332 2957 2696 3008 ἀστασιάστου
2747 2955 2842 3009 καὶ
2881 2955 3164 3027 είρηναίας
3202 2955 3500 3026 διαγωγῆς.
3545 2957 3781 3028 "Opust;

2198 3048 2304 3118 γὰρ
2350 3049 2572 3118 εἰρήνης
2626 3048 2988 3118 ἑρμηνεύεται
3043 3050 3076 3118 ἡ
3131 3048 3506 3119 Ἰερουσαλήμ.
3560 3051 3670 3103 Ποῦ
3725 3051 3778 3103 δὲ

523 3139 624 3194 bus
654 3139 884 3208 plenam.
935 3139 1062 3193 Vide
1098 3148 1277 3192 autem
1307 3139 1448 3208 quod
1482 3154 1584 3193 non
1619 3141 1838 3204 dixerit,
1868 3142 2091 3197 descen-

2201 3139 2553 3207 κατέὸαινενς
2600 3142 2690 3203 El;
2720 3143 2818 3212 τὴν
2865 3140 3111 3212 ’1εριχὼ,
3157 3143 3255 3208 τὴν
3295 3143 3482 3212 κοίλην
3516 3144 3614 3195 καὶ
3648 3143 3781 3214 χθαο

523 3232 624 3295 dit,
658 3235 751 3286 sed
784 3233 1160 3307 descendebat.
1198 3232 1427 3301 Semper
1454 3233 1597 3286 enim
1631 3233 1862 3288 hmnana
1899 3245 2086 3289 natura

523 3327 590 3380 ad
624 3314 1166 3395 infcriora'proclivis
1212 3334 1314 3390 est,
1364 3341 1466 3379 non
1516 3327 1702 3392 semel,
1746 3329 1837 3382 sed
1879 3343 2093 3398 semper

521 3419 643 3472 vita:
670 3415 1041 3472 all‘eetionibus
1087 3417 1280 3472 dedita:
1313 3431 1532 3472 vacans.
1583 3417 1776 3474 Incidit
1824 3431 2000 3475 autem
2035 3423 2087 3475 in

520 3507 776 3573 latrenes,
816 3509 917 3562 hoc
952 3517 1036 3563 est
1077 3508 1367 3564 daemones.
1418 3509 1529 3564 Nisi
1577 3513 1696 3580 quis
1743 3529 1769 3566 a
1807 3515 2089 3582 cogitatio-

524 3601 680 3654 nibus
713 3599 1031 3656 sublimibus
1067 3602 1427 3668 desecnderit,
1461 3618 1564 3657 non
1594 3604 1782 3659 incidit
1815 3607 1865 3659 in
1894 3608 2089 3661 daemo-

521 3708 641 3758 nes,
672 3692 760 3762 qui
793 3703 955 3746 exuto
987 3693 1191 3748 homini
1241 3704 1293 3748 et
1340 3694 1566 3763 spoliato
1628 3697 1865 3751 vestibus
1915 3699 2086 3750 virtu-

523 3794 654 3848 tum,
691 3793 816 3838 tunc
849 3783 1034 3850 plagas
1081 3781 1321 3837 inferunt
1375 3784 1603 3851 peccati.
1659 3785 1897 3838 Primum
1945 3788 2085 3840 cnim

520 3871 794 3924 denudant
823 3886 920 3926 nos
970 3873 1130 3926 omni
1164 3873 1304 3926 bona
1342 3876 1668 3942 cogitatione
1699 3885 1752 3930 et
1781 3877 2088 3932 visitatione

522 3959 616 4013 Dei
644 3975 658 4012 :
689 3960 878 4014 deinde
898 3961 1083 4028 plagas
1108 3965 1314 4029 peccati
1353 3965 1614 4019 inferunt.
1646 3965 1812 4022 Porro
1838 3976 2085 4022 naturam

524 4053 816 4108 htunanam
874 4056 1284 4112 semimortuam
1351 4058 1734 4126 reliquerunt:
1799 4061 1880 4113 vel
1947 4062 2088 4130 quod

522 4145 717 4199 anima
737 4145 1080 4216 immortalis,
1111 4163 1306 4220 corpus
1334 4160 1510 4205 autem
1550 4154 1806 4220 mortale,
1845 4153 2010 4224 350
2035 4166 2088 4210 et

524 4235 594 4288 ita
621 4236 902 4291 dimidium
935 4238 1169 4295 hominis
1194 4242 1354 4296 morti
1388 4242 1660 4298 subditum
1697 4254 1810 4298 est:
1843 4247 1922 4300 vel
1944 4246 2086 4315 quod

525 4343 630 4381 non
686 4330 907 4384 omnino
955 4332 1235 4400 desperata
1287 4343 1403 4386 erat
1466 4335 1699 4390 humana
1753 4347 1964 4392 natura.
2029 4338 2085 4392 ln

521 4419 740 4474 Christo
769 4421 909 4475 enim
943 4423 1168 4476 salutem
1202 4439 1258 4476 se
1299 4425 1601 4478 habituram
1653 4441 1774 4481 esse
1815 4429 2084 4496 sperabat.

2200 3233 2373 3303 μαλὴν
2427 3235 2516 3288 καὶ
2567 3233 2643 3304 τῷ
2695 3235 2936 3303 καύματι
2994 3236 3298 3306 πνιγηρὰν,
3354 3238 3630 3300 τουτέστι,
3680 3241 3779 3306 τὴν

2195 3325 2415 3393 ἐμπαθῆ
2446 3326 2611 3395 ζωήν.
2640 3325 2782 3394 Ὅρα
2811 3326 2888 3388 δὲ,
2912 3325 3012 3378 οὐκ
3044 3321 3198 3378 εἶπεν
3229 3327 3308 3379 ὅτι
3337 3326 3578 3395 Κατέὸη,
3615 3327 3775 3390 ἀλλὰ,

2194 3420 2548 3473 Κατέῦαινεν.
2620 3419 2730 3472 Ἀεὶ
2783 3420 2892 3489 γὰρ
2945 3422 2977 3491 ὴ
3027 3419 3339 3491 ἀνθρωπίνη
3387 3419 3548 3488 φύσις
3583 3421 3676 3473 ἐπὶ
3713 3422 3778 3472 τά

2196 3512 2343 3562 κάτω
2381 3510 2562 3563 ἔνευεν
2588 3552 2601 3577 ,
2635 3512 2732 3580 οὐχ
2781 3511 2950 3577 ἅπαξ,
2993 3512 3126 3565 ἀλλά
3177 3513 3244 3565 δι’
3274 3512 3395 3564 ὅλου
3422 3511 3497 3576 τῷ
3540 3512 3779 3582 ἐμπαθεί

2197 3605 2295 3676 βίῳ
2330 3607 2691 3678 προσέχουσα.
2729 3608 3030 3678 Περιέπεσε
3057 3609 3115 3661 δὲ
3138 3609 3361 3680 λῃσταῖς
3384 3649 3398 3672 ,
3438 3609 3552 3672 τοῖς
3583 3608 3776 3677 δαίμοο

2195 3718 2298 3754 σιν.
2340 3700 2401 3753 Εἰ
2439 3699 2513 3770 μὴ
2555 3699 2665 3770 γὰρ
2700 3700 2914 3772 καταϐῇ
2945 3719 3029 3764 τις
3065 3702 3172 3754 ἀπὸ
3197 3702 3288 3754 τοῦ
3326 3701 3494 3770 ὕψους
3521 3704 3622 3769 τῆς
3656 3701 3775 3754 δια-

2195 3791 2339 3852 νοίας
2366 3832 2380 3856 ,
2411 3792 2472 3844 οὐ
2524 3792 2844 3863 περιπίπτει
2880 3796 2992 3856 τοῖς
3024 3793 3307 3863 δαίμοσιν·
3353 3794 3400 3847 οἳ
3447 3793 3776 3858 ἐκδύσαντες

2195 3882 2283 3935 τὸν
2339 3883 2659 3954 ἄνθρωπον,
2715 3886 2808 3938 καὶ
2861 3887 3226 3956 στερήσαντες
3269 3885 3376 3938 τῶν
3429 3887 3527 3955 τῆς
3573 3887 3775 3954 ἀρετῆς

2197 3975 2424 4045 ἱματίων
2447 4015 2462 4039 ,
2495 3977 2616 4029 τότε
2643 3977 2740 4039 τὰς
2771 3976 2982 4046 πληγάς
3017 3977 3295 4046 ἐπέθηκαν
3327 3978 3426 4046 τῆς
3473 3978 3770 4048 ἁμαρτίας.

2193 4068 2465 4140 Πρότερον
2516 4069 2624 4138 γάρ
2674 4069 3084 4138 ἀπογυμνοῦσιν
3123 4071 3271 4139 ἡμᾶς
3323 4069 3525 4132 παντὸς
3565 4069 3770 4138 ἀγαθοῦ

2190 4161 2482 4231 λογισμοῦ,
2517 4161 2610 4214 καὶ
2638 4161 2738 4230 τῆς
2774 4161 2868 4214 τοῦ
2896 4161 3032 4214 Θεοῦ
3065 4163 3292 4233 σκέπης,
3331 4158 3430 4215 εἷθ’
3455 4162 3633 4226 οὕτως
3674 4163 3770 4224 τὰς

2191 4254 2405 4325 πληγάς
2458 4255 2558 4324 τῆς
2605 4256 2876 4325 ἁμαρτίας
2934 4253 3338 4308 ἐπιϐάλλουσιν.
3403 4254 3677 4324 Ἡμιθανῆ
3717 4256 3770 4308 δὲ

2194 4344 2520 4412 κατέλειψαν
2551 4343 2648 4414 τὴν
2679 4342 3026 4414 ἀνθρωπίνην
3066 4342 3227 4413 φύσιν
3252 4383 3267 4407 ,
3308 4343 3341 4413 ἢ
3378 4343 3512 4396 διότι
3547 4345 3580 4414 ἡ
3624 4344 3769 4414 ψυχή

2193 4434 2493 4500 ἀθάνατος,
2529 4435 2589 4487 τὸ
2625 4435 2682 4488 δὲ
2719 4434 2877 4504 σῶμα
2913 4434 3135 4504 θνητόν·
3171 4434 3311 4488 ὥστε
3345 4435 3406 4488 τὺ
3449 4435 3625 4504 ἥμισυ
3673 4434 3767 4489 τοῦ

524 4513 710 4581 itaque
748 4529 852 4569 non
884 4523 1095 4568 mortua
1127 4525 1245 4568 erat
1277 4517 1532 4569 omnino:
1569 4518 1661 4571 sed
1707 4530 1926 4588 propter
1974 4521 2084 4574 rui-

2197 4527 2478 4596 ἀνθρώπου
2515 4527 2593 4598 τῷ
2638 4527 2853 4597 θανάτῳ
2890 4528 3217 4597 ὑπαχθῆναιο
3251 4527 3283 4598 ἢ
3322 4527 3457 4581 διότι
3489 4529 3550 4582 ού
3591 4531 3765 4600 πάντη

523 4620 646 4657 nam
695 4605 815 4658 fida:
853 4620 997 4659 mors
1051 4606 1104 4659 in
1165 4609 1418 4659 mundum
1466 4608 1752 4664 intravit"
1806 4628 1820 4664 ι
1869 4623 2088 4680 propter

523 4697 723 4750 Christi
761 4707 936 4750 autem
981 4697 1420 4764 justiﬁcationem
1470 4717 1613 4754 mors
1652 4704 1912 4757 abolenda
1947 4718 2082 4760 erat.

523 4786 624 4841 Per
651 4789 983 4842 sacerdotem
1019 4803 1144 4842 vero
1172 4800 1222 4843 et
1256 4788 1518 4854 chitam,
1558 4794 1722 4861 legem
1765 4797 2002 4866 intellige
2033 4807 2085 4852 et

524 4878 768 4946 propiict'
823 4919 835 4932 .
873 4877 946 4931 Illi
978 4880 1121 4933 enim
1156 4882 1406 4936 volebant
1452 4883 1747 4948 jnstiﬁcai‘e
1795 4888 2083 4943 humanam

525 4983 792 5032 naturam,
849 4969 941 5022 sed
1006 4986 1112 5023 non
1162 4982 1472 5038 pomerunt.
1526 4972 1862 5041 lmpossibile
1916 4977 2082 5042 enim,

528 5057 699 5123 inquit
745 5056 963 5120 Paulus,
1014 5060 1330 5125 sanguinem
1392 5070 1661 5115 taurorum
1710 5072 1763 5116 et
1810 5064 2082 5119 hircorum

526 5147 713 5200 tollere
744 5161 1018 5215 peccatum
1049 5152 1113 5203 ³³.
1146 5150 1350 5204 Miscrti
1383 5153 1562 5222 itaque
1595 5167 1717 5208 sunt
1753 5158 2004 5218 hominis,
2033 5169 2084 5212 et

525 5236 588 5286 de
619 5235 736 5302 ejus
789 5242 1016 5292 sanitate
1053 5245 1378 5309 ttigitarurit.
1431 5245 1628 5300 Deinde
1665 5250 1938 5316 plagarum
1973 5267 2088 5301 nia-

524 5329 801 5394 gnitudine
836 5332 979 5394 victi,
1017 5337 1080 5383 ad
1131 5338 1423 5401 posteriora
1457 5338 1646 5393 iterum
1676 5345 1907 5409 regressi
1941 5353 2084 5396 sunt.

527 5418 634 5470 Hoc
690 5421 828 5473 enim
882 5424 1153 5491 signiﬁcat
1205 5430 1638 5497 ἀντιπαρελθείν.
1702 5433 1859 5487 Venit
1915 5437 2083 5496 enim,

524 5509 719 5575 inquit,
756 5511 858 5577 lex,
910 5523 963 5566 et
1015 5516 1182 5569 astitit
1227 5518 1461 5583 jacenti:
1509 5524 1696 5578 deinde
1749 5542 1854 5581 non
1904 5528 2085 5580 νιιίειιδ

521 5601 768 5668 sanare,
799 5619 1012 5662 reversa
1046 5619 1147 5671 est,
1191 5614 1289 5666 hoc
1325 5616 1462 5667 enim
1520 5618 1785 5686 signiﬁcat
1817 5619 2081 5691 ἀντιπαρ-

593 5787 636 5816 "
692 5785 844 5839 Rom.
897 5802 944 5850 v,
978 5788 1065 5839 1&2.
1142 5789 1185 5820 ⁵⁸
1219 5789 1377 5846 Hebr.
1419 5809 1469 5856 ι,
1501 5793 1551 5848 4.

2189 4615 2256 4689 ἧν
2282 4620 2676 4690 ἀπεγνωσμένη
2704 4622 2735 4688 ή
2762 4619 3077 4690 ἀνθρωπίνη
3114 4620 3295 4686 φύσιςο
3323 4621 3378 4672 ὲν
3405 4620 3515 4692 γάρ
3542 4620 3765 4691 Χριστῷ

2191 4710 2286 4779 τὴν
2313 4712 2583 4780 σωτηρίαν
2607 4711 2746 4776 ἕξειν
2775 4711 3052 4778 ἠλπίζετο.
3080 4711 3241 4766 Ὥστε
3269 4713 3370 4765 οὐκ
3394 4714 3768 4766 ὲτεθανάτωτο

2195 4801 2495 4864 παντελῶς,
2536 4801 2648 4854 ἀλλ’
2683 4803 2804 4854 ὅσον
2847 4803 2946 4872 μὲν
2982 4803 3074 4854 ἐπὶ
3108 4803 3184 4872 τῷ
3223 4803 3315 4855 τοῦ
3369 4804 3540 4874 ῗΑδὰμ
3583 4822 3766 4874 παρα-

2193 4893 2446 4961 πτώματι
2477 4893 2702 4956 θάνατος
2740 4899 2815 4956 είς
2848 4896 2937 4946 τὸν
2971 4894 3175 4963 κόσμον
3209 4894 3453 4963 είσῆλθεν
3483 4912 3497 4927 ·
3529 4897 3656 4950 ὅσον
3695 4899 3750 4950 δὲ

2190 4987 2284 5037 ἐπὶ
2330 4985 2406 5055 τῷ
2458 4985 2548 5038 τοῦ
2585 4987 2819 5055 Χριστοῦ
2856 4986 3184 5056 δικαιώματι
3219 4990 3245 5039 ὁ
3291 4988 3520 5051 θάνατος
3573 4990 3768 5058 ἔμελλε

2191 5080 2598 5147 καταργεῖεἾαι.
2643 5079 2813 5149 Ἱερέα
2851 5080 2905 5132 δὲ
2936 5081 3027 5131 καὶ
3064 5079 3317 5149 Λευίτην,
3353 5080 3445 5132 τὸν
3479 5081 3644 5149 νόμον
3676 5099 3766 5150 μοι

2192 5168 2295 5218 νόει
2345 5168 2589 5229 καὶτοὺς
2636 5172 2956 5239 προφήτας.
2997 5166 3154 5225 Οὗτοι
3199 5171 3309 5237 γάρ
3335 5171 3625 5240 ὴόούλοντο
3665 5174 3766 5241 μὲν

2189 5259 2470 5311 δικαιῶσαι
2515 5261 2612 5329 τὴν
2653 5262 2998 5333 ἀνθρωπίνην
3027 5263 3220 5330 φύσιν,
3250 5265 3368 5322 ξοὺκ
3419 5265 3766 5334 ἠδυνήθησαν

2185 5349 2260 5402 δέ.
2319 5351 2601 5404 Ἀδύνατον
2635 5353 2762 5422 γὰρ,
2799 5356 2961 5422 φησιν
3016 5357 3041 5406 ό
3091 5355 3318 5417 Παῦλος,
3360 5349 3500 5424 αἷμα
3547 5357 3765 5426 ταύρων

2187 5444 2276 5494 καὶ
2325 5445 2541 5511 τράγων
2588 5445 2805 5511 ἀφελεῖν
2853 5445 3145 5514 ἁμαρτίας.
3206 5447 3474 5516 Ἠλέησαν
3525 5448 3626 5515 μὲν
3671 5446 3762 5501 οὖν

2184 5534 2272 5586 τὸν
2307 5536 2591 5605 ἄνθρωπον
2621 5582 2632 5594 .
2695 5540 2786 5590 καὶ
2830 5538 3165 5607 θεραπεῦσαι
3213 5541 3590 5610 διενοήθησαν.
3629 5537 3760 5593 Εἶτα

2183 5629 2248 5696 τῇ
2280 5628 2388 5682 τῶν
2419 5629 2642 5700 πληγῶν
2684 5633 3008 5701 ἐπικρατείᾳ
3036 5633 3378 5702 νικηθέντες,
3410 5635 3492 5697 είς
3521 5635 3760 5688 τούπίσω
