4030 6416
288 370 396 436 840

1007 359 1457 426 ENARRATIO
1496 360 1578 422 IN
1619 351 2126 420 EVANGELIUM
2158 349 2396 413 LUCIE.
2425 374 2490 384 —
2531 349 2694 410 CAP.
2737 347 2809 406 X.

3480 330 3590 395 850

291 485 458 541 πάλιν
517 481 904 552 ὑπεχώρησαν.
939 477 1114 532 Τοῦτο
1169 476 1282 549 γὰρ
1340 473 1596 545 σημαίνει
1645 470 1706 524 τὺ
1739 469 1890 522 ἅντι-

2026 463 2179 532 ,λθεν.
2209 463 2443 517 Attende
2473 461 2604 515 item
2633 456 2776 527 quod
2819 452 3069 513 verbum,
3113 444 3336 509 accidit,
3367 453 3589 542 sensum

294 577 608 650 παρελθεῖν.
649 570 824 626 Ἦλθε
862 572 961 643 μὲν
991 574 1100 642 γὰρ
1134 573 1161 624 6
1192 570 1398 640 νόμος,
1433 567 1526 621 καὶ
1574 563 1778 632 ἐπέστη
1808 560 1886 632 τῷ

292 670 556 741 κειμένῳ,
603 662 720 719 εἶτα
754 667 831 737 μὴ
874 666 1076 735 ίσχύων
1119 663 1486 734 θεραπεῦσαι,
1529 657 1884 728 ἀπεστράφη.

295 763 474 832 Ὀπερ
507 759 706 812 ἔστιτὸ
749 756 1178 828 ἀντιπαρῆλθεν.
1219 755 1362 825 Ὅρα
1401 754 1458 805 δὲ
1489 752 1552 805 τὸ
1583 751 1724 804 κατὰ
1760 766 1890 816 συγ-

294 852 526 922 κυρίαν,
586 851 708 903 τίνα
754 848 882 901 νοῦν
934 848 1069 918 ἔχει.
1116 846 1207 916 Τῷ
1245 846 1360 898 ὄντι
1412 845 1520 915 γὰρ
1551 847 1578 898 6
1619 845 1783 914 νόμος
1826 843 1887 895 οὑ

295 943 726 1011 προηγουμένως
781 942 967 1010 ἐδόθη,
1035 940 1172 992 ἀλλὰ
1231 942 1322 993 διὰ
1378 939 1476 1007 τὴν
1538 937 1890 1010 ἀνθρωπίνην

293 1037 603 1099 ἀσθένειαν,
637 1036 708 1106 μὴ
739 1035 1049 1104 δυναμένην
1075 1032 1136 1098 ἐξ
1173 1033 1350 1104 ἀρχῆς
1375 1031 1634 1096 δέξασθαι
1660 1031 1720 1084 16
1749 1031 1889 1084 κατὰ

295 1130 530 1199 Χριςτδν
565 1130 884 1198 μυστήριον.
917 1129 1013 1180 Διὰ
1039 1127 1197 1180 τοῦτό
1243 1143 1428 1196 φησιν,
1467 1125 1549 1178 ὅτι
1587 1126 1647 1177 Ὀ
1686 1125 1888 1194 ἱερεὺς,

295 1221 578 1274 τουτέστιν
631 1224 656 1273 6
695 1221 893 1290 νόμος,
960 1218 1104 1272 κατὰ
1149 1218 1486 1287 συγκυρίαν,
1520 1219 1658 1287 ὅπερ
1694 1215 1889 1268 εἰώθα-

301 1331 400 1381 μεν
433 1315 614 1381 λέγειν
662 1315 807 1367 κατὰ
849 1312 1137 1382 σύμϐαμα,
1173 1311 1290 1365 ἀλλ’
1332 1311 1394 1364 οὑ
1431 1308 1890 1380 προηγουμένως,

294 1402 461 1476 ἦλθεν
514 1409 594 1470 είς
643 1408 704 1459 τὸ
760 1405 1099 1476 θεραπεῦσαι
1149 1405 1241 1457 τὸν
1298 1403 1606 1473 ἄνθρωπον.
1675 1400 1815 1454 Ἀλλ’
1868 1401 1896 1454 6

299 1500 505 1569 Κύριος
539 1502 634 1554 καὶ
674 1500 807 1561 Θεὸς
847 1500 1028 1570 ἡμῶν,
1060 1501 1087 1550 6
1132 1499 1200 1552 δι’
1230 1498 1378 1567 ἡμᾶς
1411 1496 1628 1568 κατάρα
1663 1495 1896 1564 γενόμε·

298 1607 388 1653 νος
412 1633 426 1655 ,
460 1593 552 1643 καὶ
591 1591 940 1660 Σαμαρείτης
979 1589 1221 1650 ἀκούσας
1242 1631 1258 1653 ,
1309 1587 1510 1643 ὁδεύων
1535 1629 1547 1650 .
1581 1587 1896 1653 τουτέστιν,

299 1683 433 1738 αὐτὸ
489 1682 650 1736 τοῦτο
702 1683 980 1752 πρόφασιν
1035 1681 1156 1735 ὁδοῦ
1218 1682 1624 1751 ποιησάμενος,
1669 1683 1764 1735 καὶ
1807 1681 1899 1734 16v

303 1779 506 1828 σκοπὸν
530 1775 779 1844 θέμενος,
816 1776 874 1827 16
906 1774 1054 1844 ἡμᾶς
1083 1773 1442 1844 θεραπεῦσαι,
1483 1773 1597 1826 ἀλλ’
1640 1774 1700 1826 οὑ
1755 1790 1898 1840 παρ-

1991 557 2281 624 quemdam
2317 555 2497 609 habet.
2545 551 2684 607 Nam
2735 559 2926 602 revera
2981 544 3064 598 lex
3113 555 3224 595 non
3274 537 3343 592 ob
3395 549 3484 589 res
3537 531 3592 586 in

1992 649 2186 719 primis
2209 649 2470 710 intentas,
2495 646 2589 700 sed
2617 651 2841 714 propter
2861 640 3158 692 humanam
3186 629 3594 686 inﬁrmitatem.

1992 717 2113 812 qum
2167 757 2270 795 non
2331 740 2506 809 potuit
2561 739 2629 792 ab
2691 734 2852 790 initio
2911 735 3317 785 sacramentum
3381 717 3595 776 Christi

1992 811 2294 903 suscipere,
2346 834 2472 886 data
2525 840 2629 886 est.
2668 830 2963 897 PrOpterea
2998 821 3151 885 dicit,
3195 814 3416 872 Accidit
3447 811 3592 882 quod

1993 927 2273 990 sacerdos,
2309 928 2411 981 hoc
2443 934 2526 980 est
2563 925 2668 987 lex,
2718 923 2789 976 ita
2836 918 2985 974 enim
3021 915 3206 968 dicere
3256 908 3498 964 solemus
3530 905 3596 957 de

1995 1021 2215 1088 hisquae
2239 1018 2471 1072 fortuito
2499 1015 2819 1078 obveniunt,
2845 1020 2899 1066 et
2920 1009 3055 1064 citra
3079 1019 3302 1074 operam
3323 1010 3596 1062 nostram,

1997 1117 2143 1168 venit
2181 1121 2238 1167 ut
2281 1120 2505 1169 sanaret
2553 1109 2867 1174 hominem,
2923 1104 3017 1159 sed
3070 1100 3335 1154 Dominus
3365 1103 3418 1148 et
3456 1091 3599 1145 Deus

1999 1217 2208 1273 mster,
2240 1207 2330 1277 qui
2367 1212 2592 1275 propter
2643 1217 2742 1256 nos
2792 1201 2970 1254 factus
3005 1205 3092 1251 est
3137 1190 3518 1250 maledictum,
3545 1193 3601 1237 et

2000 1314 2225 1355 voratus
2275 1299 2686 1360 Samaritanus,
2741 1295 2844 1348 iter
2897 1291 3128 1353 faciens,
3167 1288 3267 1340 hoc
3316 1290 3420 1342 est,
3461 1280 3604 1332 hanc

2005 1393 2351 1463 potissimum
2385 1392 2465 1445 sui
2496 1391 2708 1443 itineris
2735 1401 2954 1441 causam
2986 1395 3106 1438 esse
3134 1380 3343 1436 volens.
3375 1382 3431 1427 et
3459 1373 3604 1424 hunc

2003 1505 2226 1557 scopum
2257 1489 2581 1549 observans,
2620 1492 2676 1536 ut
2719 1497 2817 1535 nos
2843 1486 3103 1540 sanaret,
3135 1489 3241 1526 non
3279 1464 3605 1536 praeteriens

2004 1595 2055 1636 ct
2090 1583 2270 1637 obiter
2305 1595 2401 1634 nos
2425 1579 2655 1633 visitans
2681 1575 2828 1629 venit
2859 1574 2923 1626 all
2960 1585 3080 1633 nos,
3115 1566 3208 1622 sed
3243 1565 3608 1618 conversatus

2007 1673 2319 1736 nobiscum,
2373 1681 2426 1726 et
2483 1672 2696 1724 locutus
2749 1683 2855 1721 non
2907 1669 3257 1734 apparenter,
3312 1653 3407 1709 sed
3457 1665 3604 1705 vere.

2010 1767 2249 1821 Proinde
2276 1765 2458 1817 statim
2492 1762 2676 1830 alligat
2709 1758 2956 1819 vulnera,
2997 1766 3170 1820 neque
3196 1744 3465 1817 permittit
3494 1754 3611 1794 ma-

301 1868 543 1931 οδεύων,
595 1831 688 1918 καὶ
871 1831 1158 1937 παρέργου
1216 1831 1662 1935 ἐπισκεψάμενος
1711 1831 1895 1935 ἡμᾶς,

2033 1860 2178 1910 itiam
2235 1857 2471 1925 amplius
2527 1852 2721 1917 laxari,
2780 1853 2873 1904 sed
2936 1847 3122 1912 alligat
3178 1856 3320 1896 eam.
3368 1833 3613 1891 Infundit

300 1956 469 2032 ἦλθεν
504 1963 582 2024 είς
628 1961 776 2029 ἡμᾶς
802 2002 816 2024 ,
846 1959 1323 2029 συναναστραφείς
1363 1961 1530 2029 ἡμῖν,
1572 1959 1666 2011 καὶ
1705 1959 1900 2027 ὁμιλή-

304 2071 404 2116 σας
428 2053 807 2120 ἁφαντάστως.
840 2052 1153 2120 Κατέδησεν
1182 2047 1276 2104 οῦν
1303 2053 1465 2114 εὐθὺς
1489 2051 1557 2103 τὰ
1581 2050 1896 2122 τραύματα,

309 2147 385 2216 μὴ
419 2147 586 2207 ἐάσας
627 2144 725 2213 τὴν
753 2144 950 2196 κακίαν
984 2143 1077 2196 ἐπὶ
1111 2144 1270 2195 πλέον
1302 2144 1491 2197 ἄνετον
1531 2137 1672 2195 εἶναι
1699 2184 1714 2208 ,
1763 2141 1900 2194 ἀλλὰ

308 2239 621 2310 καταδήσας
673 2238 879 2306 αὑτὴν,
935 2235 1165 2304 ἐπέχεεν
1216 2236 1272 2288 δὲ
1335 2236 1514 2288 ἔλαιον
1584 2237 1678 2288 καὶ
1734 2231 1899 2287 οἶνον·

307 2333 491 2385 ἔλαιον
535 2331 634 2401 μὲν
668 2332 759 2383 τὸν
817 2331 974 2397 λόγον
1007 2329 1106 2398 τῆς
1146 2329 1518 2391 διδασκαλίας,
1553 2328 1642 2380 τὸν
1677 2327 1763 2380 διὰ
1795 2327 1902 2378 τῶν

309 2420 535 2486 ἀγαθῶν
566 2419 1012 2490 προτρεπόμενον
1039 2436 1052 2450 ο
1086 2414 1231 2470 οἶνον
1262 2419 1338 2481 δὲ,
1371 2419 1462 2470 τὸν
1489 2419 1576 2470 διὶι
1603 2417 1710 2469 τῶν
1743 2417 1903 2486 (9065-

314 2514 570 2584 ρωτέρων
606 2513 871 2580 ἐνάγοντα
917 2514 1050 2584 πρδς
1094 2513 1315 2580 ἀρετήν.
1363 2507 1489 2564 Οῗον
1523 2511 1652 2565 ὅταν
1698 2512 1904 2583 ἀκούῃς

309 2605 406 2658 τοῦ
459 2605 666 2675 Κυρίου
705 2607 988 2672 λέγοντος·
1046 2605 1210 2656 Δεῦτε
1256 2604 1388 2674 πρὸς
1431 2604 1532 2672 μὲ,
1578 2603 1734 2669 κάγὼ
1776 2605 1906 2656 ἁνα-

315 2699 516 2751 παύσω
555 2699 732 2766 ὑμᾶς,
767 2698 924 2750 τοῦτο
972 2698 1030 2750 16
1083 2697 1292 2750 ἔλαιον·
1329 2697 1621 2767 ἱλαρότητα
1667 2697 1775 2765 γὰρ
1817 2699 1906 2750 καὶ

315 2790 626 2842 ἀνάπαυσιν
655 2787 1021 2842 ὑποδείκνυσι.
1049 2788 1161 2841 Καὶ
1194 2787 1384 2839 πάλιν·
1427 2787 1614 2852 Δεῦτε,
1642 2788 1906 2856 κληρονο·

321 2883 534 2950 μήσατε
577 2881 676 2950 τὴν
722 2880 1140 2950 ἡτοιμασμένην
1197 2881 1326 2947 ὑμῖν
1385 2880 1684 2950 βασιλείαν.
1742 2881 1908 2932 "012v

314 2972 375 3025 δέ
400 2973 556 3045 λέγῃ,
589 2974 670 3026 ὅτι
705 2972 1008 3043 Πορεύεσθε
1041 2975 1120 3034 είς
1155 2973 1213 3023 16
1246 2973 1465 3037 σκότος,
1508 2971 1665 3024 τοῦτο
1693 2973 1720 3022 6
1746 2969 1907 3036 οἶνος,

318 3065 355 3133 ἡ
399 3063 672 3133 στυπτικὴ
715 3063 1060 3118 διδασκαλία.
1109 3064 1344 3134 Νοήσεις
1393 3065 1437 3116 δ’
1477 3065 1543 3116 ἂν
1575 3065 1670 3117 καὶ
1713 3063 1905 3124 ἄλλως·

318 3155 503 3208 ἔλαιον
548 3155 647 3225 τὴν
725 3156 867 3206 κατά
921 3155 1210 3223 ἄνθριιιπον
1263 3157 1580 3224 διαγωγὴν,
1628 3151 1770 3208 οἶνον
1812 3155 1912 3224 τὴν

321 3247 465 3300 κατὰ
504 3247 656 3309 θεὸν,
689 3240 800 3298 οἷόν
828 3263 877 3298 τι
906 3246 1068 3313 λέγω⁶
1119 3246 1179 3297 Ὀ
1225 3245 1425 3312 Κύριος
1461 3247 1527 3298 τὰ
1560 3244 1659 3313 μὲν
1705 3245 1916 3312 ἀνθρω-

323 3342 493 3406 πίνως
545 3342 788 3409 ἐνήργει,
825 3339 892 3391 τὰ
936 3339 1011 3401 δὲ,
1066 3337 1288 3400 θεῖχῶς.
1321 3339 1392 3390 T6
1443 3338 1540 3406 μὲν
1575 3337 1684 3405 γὰρ
1716 3337 1918 3389 ἐσθίειν

323 3434 424 3488 καὶ
454 3434 632 3486 πίνειν
655 3473 670 3497 ,
705 3433 798 3484 καὶ
847 3431 939 3484 16v
969 3432 1163 3484 ἄνετον
1205 3432 1318 3499 βίον
1367 3431 1766 3500 μεταδιώκειν,
1803 3430 1918 3484 ἀλλ’

324 3527 450 3596 ιὺχὶ
472 3525 895 3596 σκληραγωγίαν
917 3524 1313 3589 ἐνδείκνυσθαι,
1347 3524 1538 3593 ὥσπερ
1567 3526 1594 3577 6
1641 3525 1916 3594 Ἰωάννης,

326 3618 491 3672 τοῦτό
535 3619 653 3670 ἐστι
700 3618 760 3670 16
804 3617 1000 3671 ἔλαιον.
1048 3617 1115 3670 Ἠ
1146 3617 1201 3668 δὲ
1247 3617 1375 3686 ξένη
1404 3618 1628 3681 νηστεία
1670 3619 1764 3670 καὶ
1795 3619 1822 3670 6
1864 3620 1922 3670 ἐν

327 3709 577 3781 θαλάσσῃ
613 3709 950 3778 περίπατος,
996 3708 1091 3761 καὶ
1129 3709 1230 3760 ὅσα
1272 3708 1407 3761 ἄλλα
1446 3709 1548 3777 τῆς
1579 3709 1730 3772 θείας
1767 3710 1924 3764 δυνά-

337 3817 487 3870 μεως
511 3839 526 3862 ,
562 3799 735 3852 ταῦτά
785 3802 933 3850 ἐστιν
965 3800 992 3851 ὁ
1029 3793 1191 3862 οἶνος.
1234 3799 1379 3868 Οίνῳ
1409 3797 1517 3869 γὰρ
1558 3799 1926 3853 ἀπεικαστέον

327 3893 431 3962 τὴν
473 3892 724 3960 θεότητα,
751 3891 818 3959 ἢν
845 3889 1085 3960 ἄκρατον
1116 3891 1442 3958 ὑπενεγκεῖν
1474 3892 1651 3957 οὐδεὶς
1694 3893 1760 3946 ἂν
1795 3894 1925 3962 ἠδυ-

329 3986 493 4056 νήθη,
526 3987 573 4037 εί
609 3984 682 4052 μὴ
716 3983 894 4036 καὶτὸ
921 3982 1104 4036 ἔλαιον
1132 3976 1220 4052 ἦν,
1252 3984 1534 4036 τουτέστιν
1594 3985 1628 4054 ἡ
1661 3984 1802 4037 κατὰ
1834 3986 1928 4039 ἄν·

333 4080 556 4148 υτ.-ωπον
593 4077 865 4145 διαγωγή.
932 4073 1091 4130 Ἐπεὶ
1145 4070 1238 4128 οὖν
1289 4075 1357 4127 δι’
1411 4076 1742 4148 ἀμφοτέρων
1782 4078 1932 4147 ἡμᾶς

335 4173 535 4237 ἔσωσε,
573 4170 826 4238 θεότητος
861 4183 1003 4238 φημι
1049 4167 1142 4220 καὶ
1177 4168 1624 4237 ἀνθρωπότητος,
1654 4169 1742 4221 διὰ
1776 4170 1935 4222 τοῦτο

339 4266 558 4331 λέγεται
589 4258 729 4315 οἶνον
761 4265 855 4313 καὶ
894 4262 1074 4315 ἔλαιον
1105 4261 1347 4330 ἐπιχέαι.
1383 4263 1494 4314 Καὶ
1526 4261 1651 4314 καθ’
1692 4262 1936 4333 ἑκάστην

337 4359 400 4411 δὲ
459 4359 507 4408 οί
562 4354 988 4424 βαπτιζόμενοι,
1047 4353 1156 4406 τῶν
1213 4353 1548 4423 τραυμάτων
1604 4355 1702 4425 τῆς
1752 4355 1936 4425 ψυχῆς

338 4447 813 4510 ἀπαλλάττονται,
867 4446 1033 4515 ἐλαίῳ
1081 4445 1180 4516 μὲν
1232 4447 1326 4498 τοῦ
1383 4446 1558 4516 μύρου
1610 4448 1935 4518 χριόμενοι,

2012 1951 2187 2000 oleum
2220 1963 2282 2000 ae
2320 1949 2538 1998 vinum:
2572 1945 2789 2006 oleum,
2845 1941 2946 1992 hoc
2990 1947 3073 1991 est
3133 1944 3446 1988 sermonem
3479 1927 3613 1981 doc-

2013 2043 2190 2100 trium,
2232 2040 2319 2108 qui
2349 2055 2445 2106 per
2474 2037 2660 2092 suavia
2697 2051 2795 2089 nos
2830 2034 3194 2087 adhortatur:
3232 2027 3421 2080 viuum
3461 2035 3612 2082 vero,

2013 2149 2320 2191 sermonem
2355 2133 2462 2202 qui
2491 2145 2587 2200 per
2622 2129 2927 2180 austeriora
2975 2122 3186 2176 inducit
3230 2119 3296 2172 ad
3330 2117 3613 2170 virtutem.

2017 2227 2255 2296 Exempli
2289 2225 2484 2294 gratia,
2529 2223 2749 2292 quando
2787 2221 2941 2273 audis
2976 2215 3264 2271 Domitium
3300 2210 3572 2264 dicentem
3601 2220 3612 2257 :

2017 2321 2210 2374 Venite
2243 2321 2308 2372 ad
2358 2336 2462 2382 ιιιε,
2497 2328 2550 2373 et
2599 2333 2698 2386 ego
2745 2313 3060 2368 reincillabo
3099 2322 3236 2364 vos:
3274 2308 3378 2360 hoc
3410 2305 3614 2360 oleum,

2017 2416 2350 2468 li-laritatem
2395 2415 2538 2467 enim
2573 2422 2624 2467 et
2663 2413 2904 2480 quietem
2954 2404 3217 2462 ostendit.
3255 2401 3319 2454 Et
3372 2400 3568 2454 iterum
3601 2413 3612 2448 :

2021 2509 2232 2571 Venite,
2258 2507 2536 2578 possidete
2568 2513 2932 2573 prmparatum
2965 2500 3120 2553 vobis
3153 2510 3404 2566 regnum.
3436 2493 3620 2557 Quatt-

2018 2602 2085 2655 do
2115 2612 2292 2652 autem
2327 2598 2499 2651 dicit:
2557 2594 2633 2648 lte
2686 2596 2736 2648 in
2791 2595 3082 2647 tenebras:
3140 2590 3330 2643 vinum
3385 2595 3491 2647 est,
3521 2584 3621 2635 hoc

2016 2705 2099 2746 est
2139 2691 2410 2746 austerior
2459 2689 2707 2743 doctrina
2749 2703 2766 2744 ι
2810 2686 3117 2754 intelligere
3168 2691 3325 2752 potes
3357 2691 3410 2734 et
3440 2677 3615 2732 aliter.

2019 2789 2209 2842 Oleum
2245 2788 2542 2840 humanam
2579 2782 2856 2853 significat
2894 2779 3402 2839 conversationem,
3431 2773 3614 2826 vlnum

2021 2883 2285 2941 divinam,
2312 2888 2368 2932 ut
2405 2877 2510 2931 tale
2542 2876 2669 2946 quid
2700 2875 2876 2929 dicam
2905 2894 2916 2928 :
2948 2873 3218 2928 Dominus
3249 2869 3351 2923 alia
3381 2867 3616 2922 humanr

2024 2988 2171 3024 more
2204 2972 2557 3040 operabatur,
2590 2966 2693 3021 alia
2719 2977 2901 3020 autem
2933 2965 3141 3019 divino.
3168 2961 3477 3015 llumanum
3507 2966 3624 3010 erat

2024 3067 2309 3121 eomedere
2353 3077 2403 3119 et
2443 3065 2650 3124 bibere,
2687 3072 2742 3116 et
2775 3064 2941 3113 vitam
2990 3060 3254 3113 laxiorem
3301 3051 3534 3114 sectari,
3569 3059 3619 3105 et

2028 3177 2130 3214 non
2164 3161 2535 3212 austeritatem
2570 3173 2682 3226 pia:
2718 3173 2775 3210 se
2811 3155 2974 3218 ferre,
3026 3163 3083 3206 ut
3135 3151 3413 3206 Joannes:
3464 3156 3628 3215 atque

2025 3254 2128 3308 hoc
2153 3253 2317 3306 fuerit
2348 3251 2551 3304 oleum.
2583 3248 2855 3318 Jejunium
2884 3261 3013 3299 vero
3043 3244 3313 3306 mirabile,
3349 3249 3406 3295 et
3428 3239 3626 3294 ambu-

2026 3350 2158 3402 latio
2195 3347 2245 3401 iu
2282 3344 2445 3408 mari,
2482 3353 2536 3398 et
2575 3343 2694 3396 alia:
2731 3341 2930 3394 divina:
2966 3340 3218 3401 virtutes,
3253 3336 3438 3390 vinum
3478 3340 3625 3387 sunt.

2029 3443 2167 3494 V‘ino
2208 3440 2351 3494 enim
2403 3435 2700 3490 assimilata
2755 3434 2845 3488 est
2887 3433 3085 3497 deitas,
3138 3444 3300 3495 quam
3353 3441 3626 3481 meracam

2029 3533 2306 3588 sustinere
2361 3545 2424 3584 ac
2482 3528 2626 3584 terre
2665 3527 2843 3582 nullus
2891 3534 3100 3597 posset,
3167 3523 3272 3577 nisi
3333 3528 3387 3575 et
3448 3520 3627 3575 oleum

2031 3629 2265 3688 adesset,
2299 3623 2403 3678 hoc
2452 3627 2539 3678 est
2577 3621 2867 3674 humanior
2896 3615 3263 3672 conversatio.
3301 3614 3368 3667 Et
3399 3613 3632 3682 proinde

2032 3720 2158 3789 quia
2194 3733 2289 3788 per
2314 3727 2548 3784 utraque
2589 3730 2688 3770 nos
2720 3714 2996 3775 servavit,
3031 3710 3374 3765 divinitatem
3405 3708 3628 3776 inquam

2032 3825 2084 3866 et
2123 3811 2562 3865 humanitatem:
2619 3818 2910 3878 propterea
2945 3806 3072 3860 dicit
3114 3806 3300 3858 vinum
3353 3811 3410 3857 et
3449 3801 3634 3857 oleum

2033 3905 2191 3975 3‘51
2244 3901 2532 3958 infudisse.
2577 3900 2644 3954 Et
2680 3900 2924 3969 quotidie
2971 3897 3063 3967 qui
3108 3896 3462 3961 baptizantur
3504 3895 3638 3949 libe-

2038 4012 2228 4055 ιςιιιιιιι·
2256 4015 2284 4052 a
2315 3999 2634 4052 vulneribus
2670 3996 2899 4059 animm,
2949 3993 3068 4046 oleo
3119 3991 3336 4059 quidem
3369 3987 3632 4058 unguenti

2038 4094 2181 4146 ιιιιειὶ
2211 4111 2222 4145 :
2253 4091 2440 4146 statim
2479 4098 2661 4144 autem
2713 4085 3182 4142 communicantes
3213 4091 3264 4137 et
3300 4081 3472 4136 divini
3507 4097 3636 4135 san.

2043 4186 2220 4256 guinis
2278 4182 2572 4252 participes
2624 4182 2779 4234 ﬁunt.
2839 4178 3010 4232 Porro
3050 4175 3315 4230 Dominus
3378 4173 3643 4244 imposuit

2041 4277 2282 4329 sauciam
2319 4283 2564 4340 nostram
2599 4285 2848 4326 naturam
2893 4286 3058 4338 super
3107 4267 3388 4338 proprium
3422 4264 3642 4334 jumen-

2045 4377 2181 4432 tum,
2223 4370 2322 4421 hoc
2367 4375 2473 4431 est,
2530 4381 2693 4434 super
2740 4379 2940 4432 corpus
2971 4377 3152 4416 suum.
3199 4359 3440 4416 Membra
3494 4360 3640 4415 enim

2045 4477 2140 4513 sua
2195 4475 2293 4514 nos
2341 4458 2471 4514 fecit
2527 4468 2582 4512 et
2630 4456 2922 4526 participes
2979 4455 3061 4509 sui
3090 4454 3392 4521 corporis:
3433 4469 3646 4522 nosque

340 4542 508 4604 εὐθὺς
537 4540 592 4593 δὲ
624 4538 1032 4603 κοινωνοῦντες,
1067 4539 1162 4591 καὶ
1201 4540 1294 4591 τοῦ
1324 4540 1470 4592 θείου
1505 4540 1738 4611 αἵματος
1771 4559 1917 4610 μετα

2049 4547 2236 4600 intimo
2288 4547 2404 4601 loco
2437 4547 2571 4602 sitos
2598 4546 2779 4614 posuit
2812 4546 2862 4598 in
2907 4545 3230 4615 dignitatem
3291 4546 3463 4610 illam,
3501 4557 3557 4598 ut
3593 4555 3647 4597 et

341 4635 737 4705 λαμϐάνοντες.
785 4633 1105 4686 Ἀνεὸίόασε
1147 4633 1204 4686 δὲ
1242 4635 1269 4685 6
1313 4634 1518 4703 Κύριος
1551 4635 1650 4706 τὴν
1697 4653 1944 4705 τραυμα-

341 4729 628 4782 τισθεῑσαν
668 4727 828 4797 ἡμῶν
861 4726 1024 4794 φύσιν
1062 4725 1158 4778 ἐπὶ
1193 4726 1255 4779 16
1289 4726 1420 4779 ίδιον
1459 4728 1786 4795 ὑποζύγιον,
1820 4746 1946 4781 του-

344 4828 554 4891 τέστιν,
598 4823 692 4876 ἐπὶ
721 4823 781 4877 16
825 4823 988 4890 σῶμα
1032 4823 1235 4876 αὑτοῦ·
1283 4824 1419 4892 μέλη
1451 4824 1559 4893 γὰρ
1583 4825 1748 4877 αὑτοῦ
1793 4825 1944 4894 ἡμᾶς

345 4918 602 4987 ἐποίησε,
638 4916 730 4969 καὶ
757 4915 1048 4977 κοινωνοὺς
1075 4913 1171 4968 τοῦ
1203 4914 1455 4985 σώματος
1485 4916 1676 4977 αὑτοῦ,
1710 4916 1862 4969 κάτω
1887 4934 1945 4969 τε

347 5011 640 5082 κειμένους
675 5008 996 5064 ἀνεϐίϐασεν
1043 5008 1135 5061 ἐπὶ
1164 5009 1266 5078 τὴν
1313 5007 1471 5074 ἀξίαν
1516 5009 1733 5078 ἐκείνην
1758 5051 1771 5073 ,
1806 5009 1947 5063 ὥστε

350 5104 682 5172 συσσώμους
718 5101 870 5171 αὑτῷ
901 5095 1062 5154 εἶναι.
1096 5101 1422 5170 Πανδοχετον
1454 5102 1510 5153 δὲ
1542 5104 1574 5171 ή
1626 5104 1946 5173 Ἐκκλησία,

351 5199 388 5266 ἠ
430 5197 607 5248 πάντα
636 5193 1010 5264 ὑποδεχομένη
1033 5209 1048 5222 ⁸
1079 5197 1107 5247 6
1146 5194 1246 5264 μὲν
1281 5193 1390 5264 γὰρ
1434 5196 1620 5265 νόμος,
1650 5197 1710 5248 οὑ
1741 5197 1948 5261 πάντας

349 5287 591 5358 ἐδέχετο.
627 5287 929 5356 Μωαὸίτης
971 5287 1101 5356 γὰρ.
1141 5288 1296 5355 φησὶ,
1338 5289 1432 5340 καὶ
1477 5289 1822 5360 Ἀμμανίτης
1850 5291 1950 5343 οὐκ

351 5379 729 5438 εἰσελεύσεται
762 5381 840 5442 είς
890 5379 1222 5448 Ἐκκλησίαν
1253 5380 1412 5435 Θεοῦ.
1458 5381 1571 5434 Νῦν
1607 5381 1664 5435 δὲ
1702 5385 1760 5435 ἐν
1789 5384 1952 5436 παντὶ

353 5477 504 5530 ἔθνει
536 5476 564 5527 6
602 5471 937 5542 φοὸούμενος
967 5473 1058 5525 16v
1089 5471 1223 5524 Θεὸν
1256 5472 1444 5537 δεκτὸς
1483 5474 1636 5544 αὑτῴ
1670 5477 1811 5539 ἐστι,
1856 5475 1949 5528 θέ-

352 5569 466 5622 λων
501 5568 822 5628 πιστεῦσαι,
853 5569 948 5618 καὶ
982 5567 1146 5637 μέρος
1174 5567 1432 5634 γενέσθαι
1461 5567 1562 5635 τῆς
1598 5566 1951 5639 Ἐκκλησίας.

358 5661 579 5719 Πάντας
608 5658 717 5728 γὰρ
759 5658 1106 5727 ὑποδέχεται,
1138 5658 1236 5711 καὶ
1266 5657 1628 5728 ἁμαρτωλοὺς
1658 5660 1754 5712 καὶ
1784 5659 1946 5711 τελώ-

356 5770 481 5816 νας.
511 5751 654 5820 Ὅρα
687 5751 743 5804 δὲ
799 5751 897 5820 τὴν
943 5751 1255 5821 ἀκρίϐειαν,
1293 5752 1411 5815 πῶς
1453 5769 1639 5822 φησιν,
1681 5754 1765 5806 ὃτι
1806 5754 1950 5807 ἀπαο

357 5841 554 5917 ταγὼν
594 5845 671 5906 είς
721 5843 783 5896 16
836 5843 1186 5914 πανδοχεῖον,
1222 5845 1541 5917 ἐπεμελήθη
1575 5845 1739 5900 αὑτοῦ
1764 5863 1776 5876 ·
1822 5846 1954 5918 πρὶν

2046 4641 2291 4709 ejusdem
2334 4641 2583 4709 corporis
2613 4639 2805 4692 simus.
2848 4638 3220 4692 Diversorinm
3251 4649 3432 4692 autem
3464 4637 3650 4691 Eccle-

2047 4734 2124 4786 sia
2155 4741 2257 4794 est,
2289 4747 2409 4801 qua:
2439 4746 2630 4786 omnes
2679 4731 2944 4800 suscipit;
3000 4718 3085 4783 lett
3135 4730 3282 4784 enim
3317 4745 3422 4784 non
3455 4743 3646 4782 OtlttHS

2048 4825 2406 4894 suscipiebat.
2439 4823 2674 4877 Moabita
2704 4822 2872 4884 enim,
2905 4821 3060 4884 dicit,
3100 4833 3156 4875 et
3191 4821 3508 4875 Ammouita
3539 4835 3648 4873 non

2055 4917 2337 4970 intrabunt
2373 4917 2426 4969 in
2453 4915 2754 4969 Ecclesiam
2787 4914 2907 4969 Dei.
2964 4912 3115 4967 Nunc
3161 4923 3340 4967 autem
3397 4913 3449 4966 in
3499 4913 3650 4967 omni

2051 5019 2212 5078 gente
2236 5010 2328 5076 qui
2357 5010 2512 5063 timet
2545 5007 2713 5062 Deum
2737 5051 2752 5073 ,
2793 5015 3055 5076 acceptus
3096 5015 3181 5061 est
3215 5007 3285 5067 ei,
3331 5009 3493 5061 modo
3524 5007 3658 5061 velit

2052 5102 2278 5158 credere
2302 5115 2354 5157 et
2378 5117 2503 5172 pars
2529 5101 2644 5156 ﬁeri
2677 5101 2953 5166 Ecclesiae,
2979 5115 3101 5168 qum
3122 5114 3314 5153 omnes
3337 5107 3658 5168 peccatores

2052 5205 2107 5249 et
2151 5197 2476 5266 publicanos
2525 5196 2778 5265 suscipit.
2818 5195 2950 5249 Vide
3001 5195 3129 5247 item
3185 5203 3239 5247 et
3289 5193 3653 5259 diligentiam.

2054 5292 2329 5358 quomodo
2379 5291 2609 5357 ducens,
2661 5288 2857 5358 inquit,
2915 5288 2967 5341 iu
3019 5287 3407 5352 diversorium,
3467 5303 3655 5342 curam

2053 5386 2172 5454 ejus
2199 5385 2392 5453 egerit.
2421 5382 2555 5436 Nam
2583 5384 2736 5452 prius
2761 5397 2923 5452 quam
2958 5381 3010 5434 iu
3054 5381 3158 5434 hoc
3191 5380 3441 5445 duceret,
3475 5380 3654 5434 solum

2057 5477 2300 5545 alligavit
2331 5478 2580 5532 vulnera.
2618 5477 2756 5542 Quid
2803 5475 2967 5545 igitur
2999 5484 3085 5529 est
3134 5473 3277 5542 quod
3318 5472 3486 5526 dico?
3521 5474 3657 5540 Quia

2057 5583 2180 5623 cum
2224 5570 2521 5624 constituta
2557 5578 2641 5624 est
2669 5567 2937 5627 Ecclesia,
2975 5576 3030 5621 et
3067 5567 3268 5621 factum
3303 5574 3385 5620 est
3413 5565 3657 5619 diverso-

2060 5662 2224 5727 rium,
2251 5662 2354 5718 hoc
2376 5671 2483 5728 est,
2506 5677 2570 5715 ex
2590 5661 2843 5714 omnibus
2865 5659 3038 5715 ferme
3064 5659 3319 5730 gentibus
3344 5657 3449 5713 ﬁde
3472 5663 3653 5718 aucta,

2064 5766 2191 5810 tunc
2220 5755 2442 5811 fuerunt
2468 5764 2521 5808 et
2544 5755 2782 5824 Spiritus
2812 5754 2986 5809 sancti
3021 5755 3158 5808 dona
3182 5794 3196 5814 ,
3228 5760 3284 5806 et
3321 5751 3542 5804 dilatata
3578 5757 3662 5804 est

2061 5849 2235 5919 gratia
2276 5849 2407 5905 Dei:
2449 5848 2500 5902 iu
2547 5848 2689 5918 quod
2727 5861 2791 5902 ex
2824 5847 2975 5902 Actis
3035 5845 3401 5915 apostolorum
3456 5844 3661 5902 disces.
