4030 6398
510 305 611 370 851

1391 292 1966 357 THEOPHYLACTI
2005 291 2416 352 BULGARl/E
2456 290 2814 351 ARCHIEP.

3638 289 3744 353 85?.

506 415 679 469 Tenet
734 422 907 468 autem
944 412 1165 480 ﬁguram
1196 408 1423 476 hospitis
1476 406 1649 461 omnis
1695 403 1971 473 apostolus
2015 412 2060 458 et

2170 403 2277 471 γάρ
2304 402 2335 472 ἢ
2366 402 2675 469 ἀπαγαγεῖν
2698 404 2777 465 είς
2805 402 2982 465 τοῦτο,
3012 402 3171 469 μόνον
3198 402 3458 473 κατέδησε
3484 401 3552 455 τά
3584 402 3744 474 τραύ-

508 510 693 561 doctor
719 514 772 558 et
794 513 1008 573 pastor:
1037 502 1232 570 quibus
1271 501 1414 553 dedit
1454 497 1710 550 Dominus
1736 498 1871 548 duos
1897 497 2065 550 dena-

507 599 639 657 rios,
667 598 770 649 duo
802 592 1170 657 Testamenta,
1203 592 1362 645 Vetus
1393 600 1445 644 et
1473 588 1699 643 Novum.
1730 588 1900 644 Unius
1924 586 2065 640 enim

506 703 596 755 reg
622 703 647 740 s
677 684 966 755 imaginem
992 696 1216 751 utraque
1238 691 1439 747 tenent,
1471 696 1663 749 nempe
1686 681 1831 749 quod
1856 679 2065 750 eloquia

508 779 599 829 Dei
649 778 779 829 sint.
812 775 997 843 Itaque
1027 775 1274 827 denarios
1308 773 1428 825 illos
1458 771 1717 824 Dominus
1768 770 1819 823 in
1871 770 2065 823 calum

508 868 809 920 ascendens
862 866 1075 932 reliquit
1141 863 1443 928 apostolis,
1512 871 1565 913 et
1617 860 1882 928 episcopis
1950 859 2067 911 aliis

504 967 666 1021 atque
697 956 1025 1009 doctoribus.
1080 954 1224 1006 Dixit
1273 962 1451 1005 autem
1505 953 1807 1020 :Qnidquid
1855 967 1921 1005 ex
1976 960 2068 1003 tuo

502 1046 879 1112 insnmpseris,
925 1060 1027 1115 ego
1076 1046 1213 1099 dabo
1267 1046 1379 1097 tibi.
1428 1043 1632 1097 Revera
1688 1044 1829 1098 enim
1864 1043 1930 1096 de
1968 1055 2067 1096 suo

504 1137 735 1203 apostoli
775 1137 935 1189 multa
972 1138 1407 1202 insumpserunt,
1457 1135 1679 1187 multum
1735 1134 2062 1194 laborantes,

504 1238 553 1277 et
587 1227 786 1293 ubique
841 1226 1139 1279 doctrinam
1189 1224 1541 1278 smninantes.
1590 1224 1694 1276 Sed
1732 1234 1784 1275 et
1817 1223 2065 1276 doctores

504 1320 592 1385 qui
622 1318 912 1383 explanant
937 1316 1100 1371 Vetus
1120 1324 1173 1368 ct
1201 1316 1403 1368 Novum
1434 1316 1869 1374 Testamentum.
1898 1315 2062 1368 multa

502 1425 531 1461 e
563 1423 657 1459 suo
707 1409 1016 1470 insumunt,
1068 1420 1165 1473 pro
1216 1407 1407 1473 quibus
1446 1409 1744 1459 mercedem
1800 1405 2065 1473 accipient

504 1502 730 1554 Domino
765 1501 1007 1553 redituro
1053 1499 1104 1552 in
1156 1498 1395 1552 secundo
1424 1498 1678 1551 adventu.
1720 1496 1871 1550 Tunc
1920 1496 2061 1549 enim

500 1592 693 1661 singuli
751 1591 932 1645 dicent
974 1591 1061 1645 ei:
1109 1588 1354 1650 Domine,
1404 1590 1537 1642 duos
1585 1586 1836 1640 denarios
1868 1585 2060 1639 dedisti

504 1685 658 1749 mihi,
692 1699 820 1739 ecce
846 1685 985 1737 alios
1029 1682 1163 1736 duos
1203 1690 1461 1748 praeterea
1498 1676 1758 1746 impendi.
1798 1674 1893 1730 Cui
1922 1674 2061 1729 dicet

500 1786 551 1828 et
581 1776 727 1843 ipse:
759 1774 929 1845 Euge,
954 1787 1107 1828 serve
1132 1773 1288 1835 bone,
1320 1781 1425 1824 etc.

502 1870 551 1923 οἱ
571 1867 889 1930 ἀπόστολοι,
923 1864 1090 1919 πολλά
1122 1865 1482 1925 κοπιάσαντες
1502 1904 1515 1924 ,
1544 1860 1638 1913 καί
1661 1859 1934 1929 πανταχοῦ
1963 1859 2062 1929 τὴν
2100 1859 2451 1913 διδασκαλίαν
2484 1862 2819 1931 σπείροντες.

2176 508 2339 560 ματα.
2396 490 2458 543 Τί
2498 491 2591 544 οῦν
2625 494 2771 544 ἐστιν
2811 493 2838 544 ὃ
2872 510 3048 563 cantat;
3098 494 3219 547 Ὅτι
3273 496 3369 563 τῆς
3412 496 3743 565 Ἐκκλησίας

2172 584 2468 653 συστάσης,
2502 586 2594 637 καὶ
2620 585 2912 653 γενομένου
2946 584 3038 637 τοῦ
3067 586 3407 655 πανδοχείου,
3441 589 3743 654 τουτέστιν,

2169 678 2232 728 ὲκ
2276 677 2491 729 πάντων
2521 677 2707 747 σχεδὸν
2738 678 2844 729 τῶν
2890 677 3060 730 ἐθνῶν
3091 679 3189 747 τῆς
3223 678 3459 742 πίστεως
3495 678 3748 749 αὐξηθεί-

2172 783 2290 835 σης,
2326 766 2447 818 τότε
2490 767 2705 831 ἐγένετο
2736 768 2831 818 καὶ
2867 766 3189 835 ΙΙνεύματος
3225 768 3381 834 ἁγίου
3420 767 3617 837 δωρεά,
3651 767 3747 819 και

2172 857 2203 925 ἡ
2252 857 2408 926 χάρις
2450 856 2541 909 τοῦ
2583 857 2720 907 Θεοῦ
2770 857 3119 909 ἐπλατύνετο.
3159 858 3265 909 Καὶ
3317 859 3478 910 τοῦτο
3527 857 3749 931 μαθήσῃ

2168 946 2276 998 άπὸ
2304 948 2408 997 τῶν
2433 946 2695 1016 Ιῐράξεων
2724 947 2831 998 τῶν
2858 947 3195 999 ἀποστόλων.
3244 946 3461 1016 Ἐπέχει
3492 948 3549 1001 δὲ
3578 946 3749 999 τύπον

2169 1038 2478 1105 πανδοχέως
2508 1041 2614 1100 πᾶς
2648 1039 2966 1103 ἀπόστολος,
3001 1041 3096 1091 καὶ
3123 1039 3464 1104 διδάσκαλος,
3499 1042 3591 1093 καὶ
3622 1024 3757 1101 ποι-ἶ

2173 1127 2313 1196 μὴν,
2366 1123 2445 1190 οἷς
2479 1127 2711 1179 δέδωκεν
2756 1130 2782 1178 ὁ
2819 1129 3022 1197 Κύριος
3074 1128 3168 1182 δύο
3215 1129 3483 1200 δηνάρια,
3524 1130 3621 1191 τὰς
3651 1126 3745 1181 δύο

2169 1218 2475 1285 Διαθήκας,
2523 1219 2622 1289 τὴν
2674 1221 2914 1273 Παλαιὰν
2956 1222 3047 1273 καὶ
3084 1221 3183 1291 τὴν
3228 1222 3395 1274 Νέαν.
3452 1222 3601 1284 Ἐνδς
3636 1224 3744 1291 γὰρ

2169 1314 2352 1366 είκόνα
2406 1312 2667 1381 βασιλέως
2720 1314 2978 1384 φέρουσιν
3031 1316 3377 1385 ἀμσότεραι,
3435 1315 3525 1368 τοῦ
3580 1314 3743 1367 αὐτοῦ

2167 1404 2302 1457 Θεοῦ
2333 1404 2488 1472 λόγια
2524 1406 2697 1459 οὖσαι.
2738 1406 2922 1458 Ταῦτα
2954 1407 3083 1473 γοῦν
3110 1407 3175 1459 τά
3204 1409 3435 1478 δηνάρια
3467 1410 3541 1470 εἰς
3576 1409 3743 1477 ούρα-

2167 1496 2290 1558 νοὺς
2327 1496 2689 1566 ἀνερχόμενος
2734 1500 2761 1550 ὁ
2793 1497 2995 1567 Κύριος
3047 1499 3307 1553 κατέλιπε
3349 1504 3459 1561 τοῖς
3508 1498 3742 1552 ἀποστό-

2166 1568 2301 1647 λοδί,
2340 1584 2432 1633 καὶ
2476 1586 2587 1645 τοῖς
2630 1585 2768 1637 κατὰ
2814 1588 3039 1656 καιροὺς
3087 1589 3429 1651 ἐπισκόποις,
3465 1589 3556 1640 καὶ
3595 1587 3740 1640 διδα-

2167 1674 2403 1736 σκάλοις.
2444 1670 2575 1728 [εἶπε
2604 1677 2677 1737 δὲ,
2716 1678 2795 1729 ὅτι
2833 1681 2897 1731 Ὃ
2932 1679 2999 1731 ἂν
3032 1680 3485 1752 προσδαπανήσῃς
3512 1679 3743 1738 οἴκοθεν,

2087 1756 2135 1815 Β
2164 1766 2275 1834 ἐγὼ
2298 1766 2453 1819 δώσω
2486 1785 2589 1821 σοι.
2616 1769 2706 1839 Τῷ
2728 1770 2842 1821 ὄντι
2872 1770 2980 1843 γάρ
3023 1773 3511 1844 προσεδαπάνησαν
3536 1775 3744 1827 οἴκοθεν

2872 1864 3033 1917 Ἀλλά
3072 1867 3161 1917 καί
3195 1868 3242 1917 οἱ
3316 1869 3455 1919 κατά
3519 1866 3745 1935 καιροὺς

498 1958 805 2011 διδάσκαλοι
845 1955 1197 2025 ἐξηγούμενοι
1233 1953 1329 2024 τὴν
1356 1953 1598 2007 Παλαιὰν
1630 1954 1722 2005 καὶ
1755 1953 1853 2021 τὴν
1892 1951 2057 2015 Νέαν,
2099 1952 2267 2004 πολλά
2328 1954 2809 2025 προσεδαπάνησαν
2886 1956 3094 2009 οἴκοθεν
3118 1998 3132 2021 ,
3193 1958 3333 2027 ὑπὲρ
3402 1954 3476 2009 ὧν
3515 1962 3604 2011 τὸν
3650 1979 3740 2025 με-

502 2050 628 2103 σθὸν
657 2049 1029 2120 ἀπολήψονται
1067 2050 1125 2101 ὲν
1158 2046 1236 2117 τῷ
1272 2045 1669 2114 ἐπανέρχεσθαι
1740 2044 1828 2096 τὸν
1870 2044 2098 2114 Κύριον,
2159 2045 2433 2100 τουτέστιν
2490 2051 2548 2101 ἐν
2618 2052 2683 2117 τῇ
2722 2049 2952 2120 δευτέρᾳ
2997 2054 3289 2118 παρουσίᾳ.
3345 2050 3479 2102 Τότε
3519 2052 3624 2121 γάρ
3678 2052 3744 2104 ἂν

501 2146 643 2198 εἴποι
695 2142 926 2228 Excute?
960 2139 1137 2193 αὐτῶν
1188 2138 1368 2207 αὐτῷ*
1436 2136 1645 2206 Κύριε,
1701 2135 1797 2189 δύο
1841 2136 2069 2206 δηνάρια
2140 2136 2376 2201 δέδωκάς
2422 2156 2546 2208 μοι,
2603 2140 2711 2192 ίδοὺ
2746 2140 2879 2194 ἄλλα
2931 2140 3023 2193 δύο
3067 2141 3543 2213 προσεδαπάνησα.
3601 2144 3743 2213 Πρ)ς

499 2235 559 2287 δν
590 2237 707 2305 ἐρεῖ
732 2236 826 2288 καὶ
855 2235 1016 2297 αὐτός
1041 2250 1053 2263 ⁸
1089 2232 1191 2294 Eii,
1227 2232 1379 2285 δοῦλε
1416 2231 1610 2300 ἀγαθέ.

576 2327 739 2383 Vsus.
774 2325 959 2379 58-4‘2.
1002 2343 1018 2374 ι
1055 2323 1273 2378 Factum
1298 2332 1379 2377 est
1414 2332 1589 2376 autem
1638 2323 1762 2375 dum
1818 2322 1976 2386 irent,
2009 2331 2060 2375 ut

2245 2337 2259 2369 ι
2304 2318 2551 2386 Ἐγένετο
2580 2318 2635 2370 δὲ
2662 2320 2719 2371 ὲν
2750 2317 2831 2387 τῷ
2863 2318 3193 2388 πορεύεσθαι
3220 2320 3433 2383 αὐτοὺς,
3468 2322 3558 2375 καὶ
3578 2322 3740 2387 αὐτὸς

497 2422 614 2491 ipse
662 2419 887 2474 intraret
950 2419 1000 2470 in
1042 2416 1309 2485 quoddam
1374 2414 1705 2484 oppidulum,
1760 2429 1821 2467 ac
1879 2416 2060 2469 mulier

2165 2411 2411 2481 εἰσῆλθεν
2443 2412 2521 2473 είς
2544 2410 2737 2480 κώμην
2757 2412 2898 2477 τινὰ,
2917 2412 3053 2482 γυνὴ
3072 2413 3125 2466 δέ
3150 2431 3253 2477 τις,
3274 2415 3494 2484 ὀνόματι
3512 2416 3737 2487 Μάρθα,

502 2515 745 2583 (ιιιιιξιίιι-ιιι
796 2511 1001 2564 Martha
1036 2511 1248 2562 nomine
1292 2506 1503 2575 excepit
1528 2507 1677 2561 illum
1737 2508 1787 2559 in
1851 2508 2065 2559 domum

501 2621 653 2659 suam
682 2621 696 2657 :
732 2614 784 2656 et
813 2603 935 2657 huic
960 2610 1074 2654 erat
1106 2616 1258 2654 soror
1291 2600 1507 2653 nomine
1530 2597 1720 2662 Maria,
1762 2612 1883 2667 quae
1906 2598 2067 2651 etiam

499 2695 747 2748 assidens
774 2694 837 2746 ad
868 2696 1032 2761 pedes
1077 2688 1204 2745 Jesu
1245 2690 1495 2745 audiebat
1532 2704 1835 2743 sermonem
1898 2689 2064 2742 illius.

498 2786 708 2841 Martha
734 2792 910 2838 autem
946 2783 1345 2838 distrahebatur
1370 2782 1512 2835 circa
1544 2780 1799 2850 frequens
1825 2782 2068 2835 ministe—

496 2880 670 2941 rium;
743 2892 862 2946 qua:
907 2876 1187 2940 assistens,
1217 2874 1292 2927 ait
1333 2889 1347 2925 :
1400 2872 1659 2939 Domine,
1697 2888 1799 2927 non
1834 2882 1916 2926 est
1972 2873 2063 2926 tibi

499 2986 642 3027 curae
689 2969 832 3038 quod
888 2982 1043 3021 soror
1094 2981 1210 3021 mea
1267 2964 1485 3034 reliquit
1536 2979 1621 3018 me
1654 2974 1710 3017 ιιι
1748 2965 1858 3018 sola
1900 2964 2065 3017 mini-

498 3064 707 3120 strem?
744 3061 839 3115 Dic
866 3075 991 3129 ergo
1014 3058 1088 3113 illi
1128 3066 1185 3110 ut
1215 3072 1301 3111 me
1350 3056 1580 3123 adjuvet.
1619 3054 1685 3109 Et
1735 3058 2062 3125 respondens

498 3153 634 3208 dixit
664 3152 737 3205 illi
769 3150 961 3204 Jesns:
996 3146 1230 3210 Martha,
1260 3144 1497 3209 Martha,
1531 3143 1759 3199 sollicita
1788 3158 1868 3209 es,
1901 3154 1955 3195 et
1977 3150 2060 3194 tu-

496 3240 784 3299 mnltuaris
800 3242 945 3295 circa
968 3237 1168 3292 multa:
1194 3235 1340 3305 atqui
1372 3250 1535 3289 untrm
1560 3242 1643 3289 est
1669 3238 2061 3288 necessarium.

496 3335 664 3389 Maria
699 3342 876 3387 autem
923 3332 1113 3385 bonam
1169 3338 1374 3398 partem
1428 3326 1643 3395 delegit,
1675 3340 1793 3395 quae
1828 3340 1933 3378 non
1966 3340 2065 3378 au-

498 3429 705 3482 feretur
732 3426 797 3479 ab
822 3440 909 3479 ea.
938 3442 955 3473 ι
994 3422 1185 3493 Magna
1214 3421 1428 3490 quidem
1464 3418 1851 3487 hospitalitatis
1889 3418 2063 3471 virtus

497 3528 603 3579 est,
638 3518 686 3570 id
717 3516 857 3583 quod
901 3512 1108 3567 Martha
1141 3511 1400 3575 ostendit,
1435 3518 1487 3563 et
1538 3523 1643 3562 non
1704 3508 1995 3577 rejicienda
2045 3523 2058 3560 :

497 3608 671 3671 major
700 3615 878 3659 autem
914 3604 1195 3658 attendere
1222 3601 1403 3657 verbis
1438 3600 1611 3669 magis
1644 3600 2016 3667 spiritualibus
2046 3615 2059 3651 :

495 3716 593 3772 per
616 3699 776 3769 352
812 3698 955 3754 illam
976 3696 1117 3751 enim
1146 3709 1339 3763 corpus
1365 3694 1623 3761 pascitur,
1641 3707 1736 3761 per
1754 3694 1853 3747 hoc
1884 3692 2063 3745 anima

494 3794 820 3846 vivificatur.
850 3789 963 3843 Non
992 3790 1133 3851 enin)
1170 3797 1390 3857 propter
1418 3787 1521 3840 hoc
1558 3799 1832 3851 assumus,
1865 3784 2061 3854 inquit,

495 3900 529 3936 ο
563 3884 796 3946 Martha,
830 3890 888 3935 ut
923 3882 1164 3935 verﬂrem
1200 3878 1518 3948 impleamus
1564 3877 1731 3931 variis
1764 3876 1919 3941 cibis,
1969 3875 2061 3929 sed

495 3984 556 4028 ιιι
584 3973 865 4025 animabus
889 3970 1047 4025 utiles
1080 3970 1269 4023 simus.
1296 3967 1431 4021 Vide
1462 3968 1587 4021 item
1612 3976 1667 4021 et
1701 3967 1910 4020 Domini
1938 3981 2062 4020 sen-

498 4067 743 4119 tentiam.
796 4062 937 4116 Nihil
973 4062 1122 4128 prius
1173 4061 1309 4113 dixit
1361 4059 1603 4123 Marthae,
1659 4075 1821 4129 quam
1866 4061 1933 4113 ab
1970 4058 2057 4112 illa

494 4153 890 4223 perstringendi
922 4160 1158 4205 smneret
1184 4150 1547 4204 occasionem.
1581 4150 1873 4217 POStquam
1915 4148 2058 4200 enim

494 4249 584 4301 illa
616 4245 843 4298 avellere
879 4242 1101 4297 tentavit
1127 4255 1367 4295 sororem
1402 4242 1469 4294 ab
1498 4240 1711 4307 audjtu,
1754 4248 1864 4291 tum
1904 4238 2059 4293 deni-

494 4354 596 4407 que
620 4336 897 4399 Dominus,
926 4343 1138 4402 arrepta
1167 4332 1470 4397 occasione,
1497 4330 1641 4384 illam
1663 4329 2056 4398 verberat.‘,Ea-

2169 2500 2464 2564 ὑπεδέξατο
2498 2500 2659 2554 αὐτὸν
2687 2504 2767 2563 είς
2799 2502 2890 2553 τὸν
2942 2497 3091 2554 οἷκον
3120 2504 3309 2572 αὐτῆς.
3365 2505 3473 2557 Καὶ
3515 2507 3641 2576 τῇδε
3670 2502 3740 2577 ἧν

2170 2592 2376 2663 ἀδελφὴ
2434 2594 2743 2664 καλουμένη
2814 2595 3019 2664 Μαρία,
3081 2598 3114 2664 ἢ
3171 2598 3266 2649 καὶ
3318 2598 3743 2667 παρακαθίσασα

2172 2684 2322 2753 παρὰ
2350 2685 2475 2747 τοὺς
2510 2685 2677 2747 πόδας
2711 2684 2803 2737 τοῦ
2852 2686 3049 2753 Ἰησοῦ,
3092 2688 3256 2757 ἤκουε
3285 2688 3393 2740 τῶν
3440 2689 3615 2756 λόγων
3641 2693 3741 2744 αὖ·

2170 2775 2289 2828 τοῦ.
2347 2776 2407 2828 Ἠ
2432 2776 2486 2828 δὲ
2521 2776 2721 2844 Μάρθα
2775 2778 3115 2846 περιεσπᾶτο
3172 2781 3299 2850 περὶ
3329 2780 3530 2850 πολλὴν
3562 2782 3741 2835 διακο‹

2173 2868 2314 2922 νίαν.
2368 2866 2665 2921 Ἐπιστᾶσα
2697 2868 2753 2921 δὲ
2796 2865 2952 2923 εἷπε·
2994 2869 3187 2942 Κύριε,
3227 2871 3287 2923 ού
3325 2872 3475 2943 μέλει
3512 2892 3614 2936 σοι,
3656 2878 3739 2930 ὅτι

2172 2963 2205 3030 ἡ
2254 2960 2453 3031 ἀδελφή
2500 2979 2601 3031 μου
2649 2962 2782 3033 μόνη
2838 2981 2904 3033 με
2943 2964 3205 3017 κατέλιπε
3246 2968 3553 3031 διακονεῖνς
3605 2969 3739 3022 Είπὲ

2171 3048 2264 3104 οὖν
2288 3054 2446 3122 αὐτῇ,
2480 3053 2569 3105 ἵνα
2612 3069 2700 3121 μοι
2764 3054 3243 3124 συναντιλάϐηται.
3294 3058 3637 3128 ’Δποκριθεὶς
3682 3060 3740 3113 δὲ

2169 3142 2321 3198 εἶπεν
2346 3146 2482 3216 αὐτῇ
2518 3147 2546 3196 ὁ
2590 3147 2833 3215 Ἰησοῦς’
2888 3148 3108 3217 Μάρθα,
3160 3149 3382 3220 Μάρθα,
3445 3152 3735 3220 μεριμνᾷς,

2168 3238 2261 3291 καὶ
2291 3235 2535 3307 τυρϐάζῃ
2573 3240 2702 3307 περὶ
2741 3237 2928 3291 πολλά.
2978 3238 3127 3301 Ἐνὸς
3159 3239 3215 3291 δέ
3255 3242 3368 3293 ἐστι
3401 3242 3577 3309 χρεία.
3614 3242 3738 3294 Μα-

2169 3331 2260 3399 pia
2294 3328 2347 3382 δὲ
2375 3329 2471 3397 τὴν
2498 3328 2710 3397 ἀγαθὴν
2738 3330 2931 3399 μερίδα
2972 3324 3417 3401 ἐξελέξατο,”ἧτις
3446 3334 3545 3385 οὐκ
3572 3334 3739 3401 ἀφαι-

2172 3420 2461 3491 ρεθήσεται
2493 3420 2586 3472 ἀπ’
2619 3422 2810 3489 αὐτῆς.
2855 3441 2872 3471 ι
2906 3424 3065 3488 Μέγα
3098 3424 3198 3493 μὲν
3223 3424 3279 3476 τὸ
3304 3424 3401 3492 τῆς
3429 3424 3737 3492 φιλοξενίας

2165 3512 2397 3581 ἀγαθὸν,
2434 3513 2848 3583 δπερήΜάρθα
2892 3514 3259 3580 ἐπεδείκνυτο,
3301 3516 3397 3569 καὶ
3446 3517 3548 3569 ούκ
3596 3518 3736 3570 ἀπό-

2166 3604 2381 3674 ϐλητον·
2424 3604 2605 3674 μεῖζον
2653 3606 2709 3657 δὲ
2740 3606 2800 3658 τὸ
2832 3609 3117 3676 προσέχειν
3144 3610 3255 3669 τοῖς
3285 3611 3736 3677 πνευματικωτέ-

2170 3714 2284 3767 ροις
2312 3696 2513 3765 λόγοις.
2548 3697 2625 3749 Δι’
2652 3698 2863 3749 ἐκείνου
2896 3698 2991 3767 μὲν
3022 3699 3130 3769 γάρ
3159 3699 3219 3750 τὸ
3260 3699 3417 3767 σῶμα
3448 3701 3731 3771 τρέφεται,

2165 3788 2251 3841 διὰ
2283 3788 2339 3839 δὲ
2371 3786 2564 3839 τούτου
2597 3788 2630 3855 η
2660 3785 2804 3857 ψυχὴ
2836 3786 3090 3849 ζωοῦται.
3148 3788 3222 3841 Οὐ
3258 3790 3367 3859 γὰρ
3419 3791 3505 3844 διά
3552 3793 3732 3857 τοῦτο,

2166 3880 2323 3947 φησι,
2376 3884 2681 3949 πάρεσμεν,
2740 3872 2785 3931 ὦ
2831 3880 3050 3950 Μάρθα,
3089 3880 3173 3933 ἵνα
3212 3881 3307 3951 τὴν
3360 3884 3603 3951 γαστέρα
3637 3886 3736 3954 ty.-

2162 3971 2453 4038 πλήσωμειν
2482 3970 2741 4023 ποικίλων
2772 3970 3099 4042 βρωμάτων,
3122 3973 3237 4026 ἀλλ’
3271 3973 3357 4027 ἵνα
3382 3974 3557 4046 ψυχὰς
3581 3976 3729 4046 ὠφε-

2160 4062 2438 4132 λήσωμεν.
2470 4062 2614 4132 Ὅρα
2644 4061 2701 4115 δὲ
2730 4062 2827 4133 τὴν
2857 4062 2953 4115 τοῦ
2978 4064 3187 4134 Κυρίου
3220 4063 3469 4135 γνώμην.
3501 4068 3575 4119 Ut)
3601 4068 3730 4136 πρό-

2157 4171 2313 4225 τερον
2342 4150 2463 4207 εῐπέ
2505 4171 2556 4205 τι
2584 4154 2722 4224 πρὸς
2745 4152 2846 4224 τὴν
2875 4154 3131 4225 Μάρθαν,
3182 4158 3312 4225 πρὶν
3343 4158 3375 4226 ἦ
3415 4159 3546 4229 παρ’
3580 4160 3731 4211 ἐκεί-

2160 4262 2255 4311 νης
2286 4244 2469 4297 λαδεῖν
2496 4244 2595 4305 τάς
2626 4244 2876 4313 ἀφορμὰς
2900 4246 2999 4314 τῆς
3027 4248 3391 4317 ὲπιπλήξεως.
3442 4243 3594 4302 Ἐπεὶ
3621 4251 3730 4321 γάρ

2161 4337 2344 4407 εκείνη
2375 4335 2805 4390 ἀποσπάσασθαι
2847 4338 3110 4409 ἐπειρᾶτο
3148 4340 3247 4409 τὴν
3278 4340 3515 4413 ἀδελφὴν
3560 4345 3731 4413 αὐτῆς

499 4443 655 4486 terms
692 4430 834 4483 enim
859 4424 1198 4493 hospitalitas
1225 4424 1571 4478 veneratione
1597 4424 1757 4493 digna
1789 4431 1895 4485 est,
1923 4436 2056 4491 qua-

2165 4428 2272 4481 άπὺ
2319 4430 2418 4499 τῆς
2472 4428 2810 4498 ἀκροάσεως,
2855 4430 2975 4482 τότε
3034 4431 3063 4484 ὀ
3131 4431 3334 4501 Κύριος
3395 4433 3730 4504 δραξάμενος

497 4536 653 4577 tenus
689 4536 795 4576 non
826 4518 1093 4573 abstrahit
1120 4526 1175 4570 et
1210 4517 1426 4571 abducit
1456 4530 1556 4570 nos
1601 4530 1631 4568 a
1663 4515 1834 4586 magis
1865 4530 2058 4571 neces-

508 4632 567 4670 sa
578 4616 691 4666 riis.
715 4611 816 4666 Sed
836 4612 878 4665 si
905 4609 1128 4679 coeperit
1150 4622 1246 4663 nos
1263 4621 1452 4662 arcere
1468 4623 1497 4662 a
1518 4608 1683 4663 rebus
1696 4608 2053 4679 gravioribus,

497 4719 624 4760 tunc
652 4705 723 4757 illi
778 4701 1144 4771 praeferendus
1190 4700 1495 4756 divinorum
1541 4702 1756 4757 auditus
1793 4720 1808 4756 :
1861 4703 1971 4757 imo
2010 4702 2055 4757 si

496 4794 804 4849 accuratius
838 4792 1149 4855 dicendum,
1200 4806 1304 4844 non
1353 4790 1772 4860 hospitalitatem
1807 4792 2059 4860 prohibet

498 4888 779 4951 Dominus,
814 4884 907 4939 sed
969 4883 1285 4937 varietatem
1318 4896 1381 4937 ac
1434 4882 1679 4951 turbam,
1731 4884 1834 4939 hoc
1871 4894 1954 4940 est
1983 4886 2061 4940 di-

498 4979 847 5029 stractionem
889 4983 942 5029 et
983 4974 1360 5028 turbationem.
1413 4971 1625 5028 Laudat
1665 4973 1807 5029 enim
1849 4974 2058 5045 frugale

499 5067 810 5135 hospitium.
834 5065 1025 5131 lQuare
1056 5065 1223 5128 enim,
1250 5063 1439 5132 inquit,
1465 5064 1696 5132 Martha,
1719 5066 1949 5122 sollicita
1975 5082 2055 5131 es,

498 5171 554 5213 et
590 5157 826 5211 turbaris
854 5159 995 5209 circa
1032 5154 1191 5207 multa
1234 5154 1339 5208 hoc
1366 5163 1471 5218 est,
1500 5155 1844 5222 distraheris,
1873 5157 2055 5212 turba-

499 5250 612 5302 ris?
644 5249 763 5302 Uno
802 5247 957 5307 nobis
1018 5260 1151 5313 opus
1203 5252 1307 5309 est,
1372 5258 1563 5317 nempe
1607 5257 1663 5302 ut
1712 5250 2056 5304 comedamus

502 5341 967 5408 qttalitercunque,
1002 5352 1106 5391 non
1149 5338 1332 5392 variis.
1379 5338 1604 5405 Quidam
1658 5350 1837 5395 autem
1890 5355 2056 5410 expo-

500 5439 654 5495 nunt,
683 5446 787 5482 uno
812 5440 895 5484 est
917 5445 1069 5497 opus,
1100 5444 1205 5482 non
1237 5430 1302 5483 de
1326 5443 1442 5489 esu,
1493 5432 1585 5485 sed
1630 5431 1925 5489 attentione
1955 5433 2053 5486 do-

497 5524 706 5578 etrinae.
742 5521 906 5576 Porro
927 5522 1084 5576 dictis
1114 5520 1220 5573 illis
1271 5520 1429 5574 docet
1462 5520 1713 5577 Dominus
1760 5521 2049 5591 apostolos,

502 5623 556 5666 ut
586 5629 708 5667 οινιι
749 5612 991 5666 venerint
1033 5612 1084 5665 in
1129 5609 1343 5664 domum
1405 5610 1701 5680 cujusdam,
1758 5631 1863 5670 non
1902 5618 2048 5671 varia

502 5701 800 5771 inquirant,
841 5702 933 5757 sed
973 5700 1206 5755 contenti
1257 5699 1367 5755 sint
1420 5698 1615 5769 frugali
1661 5702 2045 5773 hospitalitate,

2161 4521 2439 4593 ἀφορμῆς,
2476 4520 2798 4591 ἐπιπλήττει
2825 4522 3023 4591 αὑτήν.
3066 4521 3246 4591 Μέχρι
3279 4524 3388 4593 γὰρ
3411 4524 3533 4577 τότε
3567 4528 3598 4595 ὴ
3644 4544 3729 4595 φι-

2157 4612 2367 4677 λοξενία
2398 4612 2652 4683 τιμητέα,
2692 4611 2885 4683 μέχρις
2922 4612 3046 4666 ὅτου
3072 4613 3134 4666 οὐ
3163 4616 3405 4686 περισπᾷ
3429 4618 3597 4686 ἡμᾶς,
3636 4620 3728 4671 καὶ

2158 4705 2592 4775 άπαγάγειητῶν
2640 4705 3107 4776 ἀναγκαιοτέρων.
3155 4705 3325 4760 Ἐπάν
3382 4708 3439 4760 δὲ
3495 4711 3726 4781 ἄρξηται

2158 4794 2392 4848 κωλύειν
2426 4794 2575 4865 ἡμᾶς
2602 4794 2711 4847 ἀπὸ
2754 4794 2864 4847 τῶν
2914 4795 3371 4869 σπουδαιοτέρων,
3418 4802 3723 4870 τηνικαῦτα

2158 4885 2365 4955 ταύτης
2400 4888 2769 4957 προτιμητέον
2794 4886 2892 4956 τὴν
2916 4887 3026 4941 τῶν
3061 4887 3223 4942 θείων
3265 4891 3551 4961 ἀκρόασιν,
3580 4896 3722 4964 μᾶλ-

2166 4976 2257 5030 λον
2274 4975 2333 5030 5t
2354 4976 2403 5029 εί
2426 4977 2511 5031 δεῖ
2543 4976 2604 5029 τὸ
2630 4976 3021 5049 ἀκριϐέστερον
3045 4980 3241 5046 εἰπεῖν,
3276 4982 3336 5035 οὐ
3380 4982 3479 5054 τὴν
3503 4986 3722 5054 φιλοξε-

2155 5066 2275 5119 νίαν
2303 5066 2501 5121 κωλύει
2536 5068 2566 5121 ὀ
2598 5066 2824 5138 Κύριος,
2861 5070 2997 5122 ἀλλά
3018 5070 3118 5142 τὴν
3141 5072 3416 5126 ποικιλίαν
3448 5077 3542 5128 καὶ
3580 5078 3681 5149 τύρ

2156 5160 2277 5227 δην,
2307 5157 2554 5211 τουτέστι
2588 5160 2680 5214 τὸν
2709 5162 3117 5231 περισπασμὺν,
3175 5164 3269 5215 καὶ
3300 5164 3399 5235 τὴν
3428 5170 3680 5241 ταραχήν
3704 5186 3718 5199 ·

2154 5248 2276 5301 ἐπεὶ
2305 5248 2401 5317 τὴν
2442 5248 2595 5317 λιτὴν
2625 5251 2895 5323 ὑποδοχὴν
2929 5255 3161 5306 ἐπαινεῖ.
3190 5254 3304 5307 Ἵνα
3331 5256 3382 5309 τί
3408 5258 3535 5329 γὰρ,
3565 5262 3718 5333 φησὶ,

2153 5338 2353 5409 Μάρθα
2389 5342 2679 5411 μεριμνᾷς,
2712 5343 2806 5395 καὶ
2832 5343 3078 5416 τυρὸἀζῃ
3104 5346 3293 5413 πολλὰ,
3328 5350 3600 5418 τουτέστι,
3630 5372 3721 5406 πε-

2158 5432 2344 5502 ρισπᾷ,
2366 5432 2646 5505 ταράττῃ;
2685 5435 2835 5500 Ἐνδς
2872 5436 3070 5507 ἔχομεν
3118 5440 3308 5509 χρείαν
3339 5441 3433 5495 τοῦ
3472 5449 3670 5513 φαγεῖν
3693 5448 3720 5500 δ

2152 5539 2203 5575 τι
2236 5523 2296 5593 δή
2328 5534 2483 5589 ποτε,
2514 5526 2635 5594 οὐχὶ
2665 5527 2959 5591 ποικιλίας.
2998 5529 3155 5592 Τινὲς
3192 5531 3248 5583 δὲ
3274 5532 3353 5596 τὸ,
3398 5533 3550 5597 Ἐνός
3599 5538 3713 5590 ἐστι

2152 5620 2327 5688 χρεία,
2357 5622 2417 5673 οὐ
2455 5623 2582 5692 περὶ
2612 5621 2702 5675 τοῦ
2731 5625 2925 5690 φαγεῖν
2949 5626 3197 5693 ἐνόησαν,
3224 5626 3368 5680 ἀλλὰ
3390 5628 3485 5681 τοῦ
3519 5633 3717 5700 προσέ-

2150 5727 2265 5779 χειν
2293 5715 2355 5783 τῇ
2396 5713 2731 5783 διδασκαλίᾳ.
2762 5715 2838 5766 Δι’
2866 5710 2938 5769 ὧν
2975 5716 3027 5769 δὲ
3060 5717 3245 5786 λέγει,
3308 5720 3549 5776 διδάσκει
3588 5726 3709 5787 τοὺς
