4030 6424
269 351 374 412 853

942 349 1385 409 EN‘ARRATIO
1426 349 1506 410 1N
1546 348 2048 412 EVANGELIUM
2084 350 2319 413 LUC/E.
2359 376 2427 388 -
2465 352 2623 417 CAP.
2667 352 2775 413 XI.

3440 350 3551 417 854

268 466 604 527 ἀποστόλους
643 466 670 517 ὁ
690 464 914 535 Κύριος,
950 464 1037 517 ἴνα
1064 465 1193 517 ὅταν
1222 464 1534 517 είσὲ).θωσιν
1567 466 1648 528 είς
1673 463 1851 518 οίκίαν

1962 463 2095 517 nihil
2127 463 2245 532 plus
2276 472 2580 533 qumrcntcs
2612 478 2777 533 quam
2817 472 2872 519 ut
2918 463 3206 519 attendant
3266 462 3545 518 doctrinae.

265 556 437 619 τινὸς,
480 555 648 625 μηδὲν
691 553 937 606 ποικίλον
990 553 1255 624 ζητῶσιν,
1299 554 1414 607 ἀλλ’
1449 554 1727 623 ἀρκῶνται
1778 558 1852 625 τῇ

270 648 393 719 λιτῇ
434 648 694 716 ὑποδοχῇ,
746 645 912 716 μηδὲν
938 646 1099 698 πλέον
1127 644 1440 717 ζητοῦντες,
1477 646 1510 717 ἢ
1550 647 1612 699 τὸ
1648 646 1849 718 προσέ-

271 758 389 809 χειν
418 743 482 809 τῇ
533 738 850 809 διδασκαλίᾳ
878 754 891 768 ⁸
931 737 1037 791 νὸει
1071 736 1128 791 δέ
1165 755 1278 807 μοι,
1332 737 1563 807 Μάρθαν
1618 738 1716 808 μὲν
1751 737 1850 807 τὴν

271 832 584 903 πρακτικὴν
612 830 835 901 ἀρετὴν,
884 830 1106 900 Μαρίαν
1152 830 1209 883 δὲ
1235 829 1335 900 τὴν
1378 830 1635 900 θεωρίαν.
1658 829 1720 882 Ἦ
1749 831 1847 900 μὲν

270 922 363 977 οὖν
394 924 674 993 πρακτικὴ
714 922 1134 994 περισπασμοὺς
1186 921 1296 991 ἔχει
1358 923 1453 975 καὶ
1495 923 1768 994 ὀχλήσεις,
1816 924 1849 991 ἡ

270 1014 328 1068 δὲ
367 1013 590 1083 θεωρία,
617 1015 783 1085 κυρία
802 1015 1070 1083 γενομένη
1096 1013 1205 1067 τῶν
1244 1014 1453 1068 παθῶν·
1490 1016 1682 1085 Μαρία
1716 1015 1846 1085 γὰρ,

272 1104 439 1172 κυρία
461 1146 474 1164 ,
523 1104 909 1176 ἑρμηνεύεται·
942 1106 1022 1167 είς
1052 1105 1150 1174 τὴν
1200 1105 1309 1157 τῶν
1358 1105 1516 1159 θείων
1549 1104 1724 1173 λόγων
1758 1108 1850 1159 καὶ

268 1198 377 1248 τῶν
406 1196 691 1265 κριμάτων
715 1194 946 1263 ιποψίαν
970 1196 1342 1265 ἐνασχολεῖται
1373 1198 1564 1266 μόνην.
1602 1198 1847 1267 Πρόσχες

267 1288 326 1341 δὲ
358 1289 450 1341 καὶ
491 1289 568 1351 to,
616 1288 1049 1357 Παρακαθίσασα
1103 1290 1255 1359 παρά
1282 1290 1408 1351 τοὺς
1465 1289 1631 1351 πόδας
1657 1288 1846 1354 αὐτοῦ,

268 1382 434 1448 ἤκουε
464 1380 571 1433 τῶν
594 1379 769 1446 λόγων
809 1380 993 1434 αὐτοῦ.
1039 1381 1103 1433 Οί
1160 1382 1257 1451 μὲν
1292 1382 1402 1452 γάρ
1445 1382 1603 1445 πόδες
1646 1385 1849 1436 νοοῖντο

266 1472 335 1523 ἂν
366 1472 447 1535 είς
486 1470 585 1541 τὴν
640 1470 951 1541 πρακτικὴν
998 1473 1222 1541 ἀρετήν.
1270 1473 1561 1542 Κινήσεως
1606 1473 1716 1542 γάρ
1755 1475 1848 1528 καὶ

267 1562 497 1631 πορείας
524 1561 661 1613 είσὶν
690 1561 1032 1613 ὲνδεικτικοί.
1070 1561 1143 1613 Τὸ
1172 1562 1227 1615 δὲ
1253 1563 1500 1625 καθίσαι,
1538 1565 1635 1633 τῆς
1662 1566 1844 1635 ἑδραι-

267 1653 459 1719 ότητος
483 1651 773 1720 σύμδολον.
808 1654 998 1715 Ὅστις
1024 1652 1117 1705 οὖν
1144 1653 1359 1707 καθίσει
1390 1656 1545 1725 παρὰ
1580 1657 1709 1720 τοὺς
1751 1658 1849 1711 πό-

266 1742 365 1805 δας
394 1739 488 1793 τοῦ
552 1742 749 1810 Ἰησοῦ,
802 1744 1105 1809 τουτέστιν,
1155 1744 1304 1809 ὅστις
1369 1745 1638 1817 έδραιωθῇ
1698 1749 1846 1818 ὲντῇ

1958 558 2202 629 lntellige
2230 574 2445 630 quoque
2478 576 2573 630 per
2602 559 2873 614 Martham
2914 555 3167 615 virtutem
3203 562 3499 628 practicam
3528 596 3549 626 ,

1955 666 2052 720 per
2080 650 2329 718 Mariam,
2381 652 2919 720 contemplationem.
2960 650 3209 707 Practice
3241 652 3386 707 enim
3437 650 3551 707 dis-

1956 743 2255 797 tractioues
2306 753 2360 798 et
2414 740 2754 799 turbationes
2793 743 2945 799 fert:
2997 743 3386 815 contemplatio
3420 758 3548 799 vero

1954 833 2172 887 domina
2226 833 2285 888 [ιι
2342 833 2710 890 οσεειίοηυιη.
2745 834 2914 888 Maria
2954 834 3098 888 enim
3131 833 3347 888 domina
3374 833 3550 889 inter-

1952 933 2221 995 pretatur,
2257 939 2321 981 ac
2351 926 2405 981 in
2440 926 2554 983 sola
2599 928 2914 983 divinorum
2943 928 3289 997 eloquiorum
3322 938 3379 982 et
3403 928 3548 995 judi-

1954 1018 2160 1073 ciurum
2195 1020 2661 1089 contemplatione
2705 1031 2972 1090 occupata
3011 1029 3116 1077 est.
3164 1021 3551 1077 Animadverte

1955 1118 2134 1164 autem
2175 1119 2229 1165 et
2261 1108 2388 1173 hoc,
2421 1110 2564 1177 quod
2626 1110 2833 1165 assidet
2871 1109 3028 1177 juxta
3072 1111 3237 1180 pedes
3290 1109 3443 1175 Jesu,
3492 1118 3550 1167 et

1954 1199 2103 1253 audit
2130 1214 2415 1255 sermones
2441 1200 2578 1269 ejus.
2622 1199 2839 1255 Etenim
2885 1214 2983 1267 per
3035 1198 3202 1269 pedes
3237 1198 3551 1268 intelligunt

1957 1290 2206 1345 virtutem
2228 1291 2554 1359 practicam;
2589 1300 2794 1345 motum
2820 1291 2964 1345 enim
2989 1301 3040 1345 et
3066 1291 3339 1347 incessum
3362 1301 3551 1345 osten-

1954 1377 2109 1432 dunt.
2145 1377 2319 1432 Porro
2353 1378 2555 1443 sessio,
2579 1377 2859 1432 firmitatis
2904 1378 3213 1449 symbolum
3250 1385 3358 1434 est.
3391 1378 3552 1444 Quis~

1955 1470 2075 1538 quis
2111 1470 2277 1539 igitur
2306 1469 2515 1525 sederit
2547 1469 2699 1539 juxta
2734 1470 2899 1537 pedes
2926 1468 3082 1531 Jesn,
3111 1478 3165 1523 et
3191 1471 3551 1524 confirmatus
3651 1529 3660 1542 _

1954 1559 2125 1614 fuerit
2153 1560 2203 1614 in
2226 1560 2491 1629 practica,
2516 1575 2581 1614 ac
2612 1560 2859 1614 imitatur
2890 1559 3053 1614 vitam
3089 1570 3142 1614 et
3178 1561 3554 1616 conversatio-

1954 1668 2077 1707 nem
2119 1651 2269 1721 Jesn,
2310 1654 2401 1711 ille
2439 1664 2625 1723 postea
2670 1654 2819 1706 venit
2849 1653 2915 1707 ad
2956 1652 3200 1706 auditum
3242 1654 3549 1707 divinorum

1956 1755 2293 1808 sermonum,
2358 1742 2611 1797 videlicet
2668 1740 3193 1811 contemplationem
3254 1756 3269 1794 :
3324 1741 3451 1811 quia
3497 1752 3553 1794 et

266 1832 573 1901 πρακτικῇ,
616 1833 709 1884 καὶ
743 1832 841 1899 τὴν
871 1833 965 1884 τοῦ
1019 1833 1194 1902 Ἰησοῦ
1239 1835 1466 1903 πορείαν
1508 1837 1601 1889 καὶ
1648 1837 1851 1904 διαγω-

1962 1833 2127 1888 Maria
2161 1836 2391 1903 primum
2454 1834 2631 1899 sedet,
2676 1834 2875 1889 deinde
2909 1834 3063 1888 audit
3118 1850 3423 1889 sermones.
3473 1833 3553 1889 Tn

266 1923 372 1991 γῆν
400 1924 783 1993 μιμησάμενος
818 1925 875 1977 ὲν
915 1923 1089 1997 ταύτῃ
1121 1927 1423 1996 στερεωθῇ,
1465 1930 1675 1990 ἐκεῖνος
1709 1929 1849 1997 μετὰ

266 2012 443 2067 ταῦτα
468 2013 659 2082 φθάνει
686 2016 763 2077 είς
789 2015 888 2086 τὴν
920 2015 1089 2087 ἀκοὴν
1117 2017 1223 2068 τῶν
1252 2016 1411 2070 θείων
1435 2018 1655 2087 λογίων,
1682 2021 1853 2091 ήγουν

264 2106 368 2174 τὴν
407 2105 662 2175 θεωρίαν.
704 2108 858 2161 Ἐπεὶ
895 2110 991 2161 καὶ
1026 2112 1058 2178 ἡ
1082 2111 1272 2180 Μαρία
1303 2111 1521 2180 πρῶτον
1553 2113 1849 2180 καθίσασα,

265 2188 369 2252 εἶτ’
396 2191 569 2264 οἶῖῑετς
599 2195 770 2271 lycaei
788 2196 898 2254 τῶν
925 2197 1118 2264 λόγων.
1150 2199 1220 2251 Σὺ
1249 2200 1450 2267 τοίνυν,
1480 2203 1541 2255 ἐξ
1566 2204 1664 2272 μὲν
1690 2202 1853 2257 δύνα-

267 2310 382 2357 σαι,
409 2297 487 2356 είς
514 2296 612 2364 τὴν
640 2296 737 2362 τῆς
761 2296 979 2363 Μαρίας
1009 2296 1163 2361 τάξιν
1196 2295 1452 2363 ἀνάϐηθι,
1484 2296 1650 2367 κυρία
1701 2313 1855 2365 γενο-

268 2386 411 2455 μένη
447 2386 553 2437 τῶν
595 2386 807 2450 παθῶν,
864 2390 958 2440 καὶ
988 2388 1068 2449 είς
1116 2386 1353 2457 θεωρίαν
1387 2388 1663 2455 φθάσασα.
1705 2389 1765 2441 Εί
1797 2389 1854 2442 δὲ

270 2476 348 2546 μὴ
377 2476 534 2528 τοῦτό
585 2493 666 2528 σοι
700 2476 946 2542 δυνατὸν,
998 2478 1200 2549 Μάρθα
1243 2478 1423 2545 γενοῦ,
1450 2478 1525 2548 τῷ
1565 2478 1855 2548 πρακτικῷ

270 2569 431 2637 μέρει
463 2569 869 2637 προσκειμένη,
908 2571 1002 2622 καὶ
1032 2570 1120 2623 διά
1153 2570 1346 2622 τούτου
1381 2572 1620 2641 Χριστὸν
1654 2574 1851 2625 ὑποδε-

266 2662 499 2729 χομένη.
536 2661 750 2730 Ὅραδὲ
778 2661 971 2725 καὶτὸ,
1008 2681 1025 2713 ι
1074 2662 1195 2731 ἥτις
1260 2664 1359 2715 οὐκ
1415 2664 1853 2733 ἀφαιρεθήσεται

271 2756 369 2806 ἀπ’
402 2753 594 2823 αὐτῆς.
646 2774 664 2805 ι
706 2755 763 2807 '0
797 2756 899 2823 μὲν
925 2755 1030 2824 γάρ
1080 2756 1385 2823 πρακτικὸς
1412 2755 1523 2823 ἔχει
1558 2757 1585 2808 ὃ
1620 2757 1853 2825 ἀφαιρε-

270 2850 501 2917 θήσεται
525 2849 619 2900 ἀπ⁹
659 2848 848 2911 αὐτοῦ,
878 2848 1179 2910 τουτέστιν,
1207 2849 1339 2899 αὐτό
1366 2847 1526 2899 τοῦτο
1558 2848 1656 2916 τὴν
1688 2849 1855 2917 ἀσχο-

266 2940 411 3002 λίαν,
473 2941 566 2991 καὶ
618 2942 709 2993 τὸν
760 2941 1143 3009 περισπασμόν
1181 2956 1194 2973 ο
1231 2940 1561 3010 προκόπτων
1612 2940 1719 3009 γάρ
1760 2944 1854 2992 καὶ

268 3033 491 3100 φθάνων
518 3034 596 3094 εἰς
626 3032 878 3103 θεωρίαν,
912 3034 1004 3085 τοῦ
1042 3034 1435 3103 περισπασμοῦ
1465 3035 1559 3085 καὶ
1588 3035 1682 3099 τῆς
1720 3034 1854 3101 τύρ-

268 3127 373 3188 ϐης
423 3124 832 3194 ἐλευθεροῦται·
867 3125 1009 3177 ὥστε
1058 3126 1373 3196 ἀφαιρεῖταί
1416 3143 1464 3177 τι
1508 3127 1601 3177 ἀπ’
1658 3126 1847 3177 αὐτοῦ.

280 3216 339 3267 'U
366 3214 421 3268 δὲ
479 3215 811 3285 θεωρητικὸς
860 3217 921 3268 οὐ
975 3218 1249 3286 στερεῖταί
1303 3234 1431 3269 ποτε
1484 3218 1584 3286 τῆς
1636 3218 1845 3287 ἀγαθῆς

1960 1929 2124 1998 igitur
2151 1928 2194 1981 si
2231 1926 2453 1997 quidem
2484 1936 2659 1995 potes,
2699 1927 2750 1980 in
2794 1925 3043 1980 ordinem
3073 1926 3257 1979 Maria:
3296 1927 3552 1989 ascende,

1957 2030 2010 2071 ct
2043 2020 2139 2074 llas
2170 2018 2388 2073 domina
2426 2018 2799 2083 affectionum,
2830 2026 2883 2071 et
2926 2019 2993 2073 ad
3034 2018 3551 2088 contemplationem

1960 2111 2202 2164 veniens.
2239 2112 2304 2164 At
2336 2112 2378 2164 si
2418 2111 2521 2164 hoc
2552 2111 2646 2164 tibi
2682 2126 2789 2163 non
2828 2109 2994 2165 fuerit
3017 2111 3295 2181 possibile,
3337 2111 3551 2165 Martha

1959 2213 2096 2265 esto,
2130 2202 2387 2271 practicze
2423 2203 2564 2272 parti
2598 2200 2874 2265 addictus,
2908 2212 2961 2254 et
2984 2217 3081 2269 per
3130 2201 3233 2256 hoc
3273 2203 3553 2257 Christum

1959 2295 2283 2363 suscipiens.
2324 2292 2458 2347 Vide
2484 2302 2662 2347 autem
2697 2294 2799 2347 hoc
2834 2312 2845 2346 :
2886 2313 2903 2344 ι
2945 2292 3077 2359 Quin
3110 2309 3215 2347 non
3271 2292 3553 2349 auferetur

1959 2392 2025 2442 ab
2058 2404 2142 2442 ea.
2191 2407 2208 2439 ι
2249 2386 2534 2441 Practieus
2567 2388 2711 2439 enim
2747 2386 2913 2441 habet
2954 2386 3099 2455 quod
3142 2402 3169 2439 a
3222 2400 3281 2441 se
3337 2387 3556 2440 aufera-

1962 2490 2069 2545 tur,
2105 2480 2208 2534 ltoc
2236 2488 2339 2544 est,
2375 2478 2787 2531 distractionem
2813 2487 2865 2530 et
2889 2478 3301 2544 occupationem
3334 2494 3348 2532 :
3379 2478 3545 2547 protl-

1962 2573 2154 2627 riendo
2180 2572 2323 2626 enim
2354 2571 2502 2624 venit
2526 2572 2591 2623 ad
2622 2572 3158 2640 contemplationem,
3182 2571 3557 2639 liberaturque

1962 2684 1988 2718 a
2028 2666 2334 2721 turbatione
2367 2674 2419 2718 et
2462 2664 2840 2727 distractione,
2867 2673 2917 2716 et
2943 2664 3012 2716 ita
3044 2663 3324 2717 auferetur
3347 2664 3555 2732 aliquid

1962 2759 2027 2811 ab
2057 2774 2139 2811 eo.
2175 2756 2591 2823 Contemplator
2647 2770 2776 2809 vero
2832 2770 2938 2809 non
2993 2756 3237 2824 privatur
3271 2757 3375 2810 hac
3417 2756 3559 2810 bona

1963 2859 2136 2916 parte,
2169 2847 2631 2918 contemplatione
2659 2847 2894 2903 scilicet.
2937 2846 2991 2901 lu
3026 2844 3169 2917 quod
3201 2848 3350 2903 enim
3377 2849 3556 2918 majus

1962 2943 2107 2995 aliud
2150 2940 2457 3010 proliceret,
2499 2942 2591 2995 ubi
2626 2943 2681 2995 in
2727 2942 2827 2995 hoc
2874 2942 3085 2995 venerit
3126 2941 3431 3010 fastigium,
3474 2941 3557 2995 di-

1963 3034 2139 3086 \illallt
2178 3035 2298 3088 dico
2359 3033 2649 3095 visionem,
2689 3034 2737 3085 id
2773 3033 2917 3100 quod
2982 3042 3065 3086 est
3114 3032 3403 3087 deiﬁcari?
3449 3031 3555 3099 Qui

1963 3125 2103 3177 enim
2135 3125 2225 3177 Dei
2248 3125 2515 3178 visionem
2554 3122 2718 3194 353
2777 3125 3112 3192 assequitur,
3168 3125 3311 3179 Deus
3356 3124 3437 3178 ﬁt.
3474 3123 3562 3179 Si-

1960 3218 2085 3271 mile
2112 3218 2254 3271 enim
2283 3216 2445 3271 simili
2485 3216 2986 3285 comprehenditur.

264 3293 473 3379 τέύτης
501 3310 737 3380 μερίδος,
771 3311 917 3379 λέγω
937 3311 999 3381 δὴ
1024 3309 1122 3381 τῆς
1148 3311 1403 3382 θεωρίας.
1440 3310 1531 3373 Ei;
1562 3312 1669 3380 γάρ
1704 3313 1855 3362 ποῖον
1897 3310 2027 3365 ἄλλο
2070 3310 2255 3395 μεῖζον
2290 3310 2582 3379 προκόψει,
2654 3309 2869 3377 φθάσας
2941 3310 3020 3371 είς
3065 3309 3200 3362 αὐτὸ
3228 3311 3290 3363 τὸ
3310 3311 3555 3382 ἀκρότα-

266 3422 383 3469 τον,
417 3404 560 3471 λέγω
582 3405 646 3475 δὴ
674 3406 732 3457 τὸ
772 3406 903 3458 Θεὸν
933 3406 1172 3474 βλέπειν,
1206 3407 1343 3475 ὅπερ
1387 3406 1505 3456 ἔστι
1575 3403 1991 3473 θεουργεῖσθαι;
2034 3402 2094 3457 '0
2129 3403 2238 3471 γάρ
2310 3403 2443 3455 Θεὸν
2516 3402 2739 3471 βλέπειν
2800 3400 3053 3466 ἀξιωθεὶς
3080 3442 3095 3468 ,
3152 3404 3273 3468 θεὸς
3313 3405 3552 3472 γίνεταν

266 3499 361 3569 Τῷ
392 3502 562 3570 ὁμοίῳ
587 3501 697 3570 γάρ
721 3501 781 3553 τὸ
813 3502 995 3571 ὅμοιον
1023 3501 1527 3569 καταλαμϐάνεται.

872 3644 1124 3697 ΚΕΦΑΛ.
1152 3643 1252 3698 lA'.

271 3754 415 3819 Περὶ
466 3753 841 3827 πιεροσέευχῆςζ
890 3756 1025 3827 Περὶ
1084 3755 1207 3827 τοῦ,
1246 3757 1497 3821 ἔχοντος
1547 3757 1860 3827 δαιμόνιον

345 3827 567 3898 κωφόν.
596 3826 732 3898 Περὶ
753 3824 879 3898 *τῆς
903 3826 1012 3898 ex,
1032 3826 1138 3878 τοῦ
1176 3826 1364 3893 ὄχλου
1390 3824 1711 3898 ἐπηράσὴς
1740 3847 1857 3898 φω-

342 3894 481 3961 νήν.
514 3896 653 3960 Περὶ
704 3894 823 3967 τῶν
851 3896 1179 3967 αἰτούντων
1220 3897 1495 3965 σημεῖον.
1556 3900 1696 3967 Περὶ
1742 3894 1857 3952 ’τοῦ

341 3967 671 4038 φαρισαίου
702 3965 808 4017 τοῦ
831 3964 1373 4038 *χαζέσαντοςλτὸν
1408 3964 1679 4036 Ἰησοῦκ.
1713 3966 1857 4038 Περῖ

341 4033 449 4087 τοῦ
480 4035 858 4103 taxat-mpm?
892 4033 1011 4089 τῶν
1039 4035 1324 4105 νομικῶν.

345 4166 365 4197 ι
402 4148 513 4201 Καὶ
568 4148 805 4215 ἐγένετο,
854 4150 912 4201 ὲν
955 4148 1033 4219 τῷ
1079 4145 1218 4201 εἶναι
1263 4150 1429 4203 αὐτὸν
1469 4153 1527 4203 ὲν
1566 4151 1716 4221 τόπῳ
1749 4152 1859 4205 τιν)⁸

268 4241 707 4311 προσευχόμενον
734 4279 749 4303 ,
778 4240 852 4301 ὡς
882 4240 1195 4305 ἐπαύσατο,
1237 4235 1359 4293 εἶπέ
1404 4259 1487 4304 τις
1536 4242 1646 4295 τῶν
1679 4244 1860 4315 μαθη-

265 4333 377 4387 τῶν
408 4331 573 4386 αὐτοῦ
596 4332 731 4401 πρὸς
764 4332 927 4385 αὐτόν
952 4347 967 4361 ⁸
993 4331 1192 4402 Κύριε,
1214 4332 1425 4397 δίδαξον
1449 4335 1598 4403 ἡμᾶς
1625 4336 1861 4405 προσεύ-

266 4425 482 4496 χεσθαι,
520 4424 699 4487 καθὼς
741 4424 837 4477 καὶ
892 4425 1149 4495 Ἰωάννης
1181 4424 1389 4489 ἐδίδαξε
1446 4426 1570 4487 τοὺς
1608 4426 1857 4496 μαθητάς

2580 3642 2813 3699 CAPUT
2861 3642 2954 3697 XI.

1963 3752 2037 3806 De
2074 3755 2332 3807 oratione.
2364 3754 2438 3805 De
2465 3769 2525 3806 eo
2562 3754 2650 3821 qui
2676 3754 2899 3807 habebat
2953 3754 3276 3808 dwmoninm
3308 3753 3558 3809 surdum.

2035 3824 2108 3877 De
2136 3825 2353 3877 muliere
2382 3840 2498 3890 qua:
2530 3840 2701 3877 vorent
2736 3825 2799 3877 de
2828 3829 2981 3877 turba
3028 3824 3238 3878 extulit.
3275 3821 3350 3875 De
3382 3834 3558 3886 peten-

2034 3895 2173 3948 tibus
2203 3897 2433 3963 signum.
2478 3893 2551 3947 De
2602 3893 2880 3947 Plurist
2929 3894 3307 3963 interpellante
3347 3892 3556 3947 Jesum.

2034 3964 2110 4019 De
2146 3966 2363 4019 miseria
2390 3964 2836 4033 legisperilornm.

2037 4151 2198 4207 Vens.
2230 4152 2347 4205 1-4.
2388 4169 2406 4202 ι
2441 4149 2507 4204 Ει
2540 4149 2741 4204 factum
2773 4157 2857 4203 est
2909 4163 3032 4201 cum
3080 4159 3267 4202 oraret
3307 4147 3544 4215 quodam

1961 4244 2014 4299 in
2047 4246 2183 4311 loco,
2242 4255 2301 4298 ut
2326 4243 2587 4305 cessavit,
2620 4241 2755 4295 dixit
2783 4240 3004 4309 quidam
3035 4254 3099 4293 ex
3133 4238 3418 4307 discipulis
3442 4238 3559 4307 ejus

1960 4337 2027 4390 ad
2058 4350 2182 4389 eum
2221 4353 2232 4388 :
2266 4334 2521 4397 Domine,
2549 4334 2685 4387 doce
2726 4346 2824 4385 nos
2878 4346 3069 4395 orare,
3128 4332 3273 4384 sicut
3318 4328 3558 4384 Joannes

1960 4428 2146 4482 docuit
2176 4426 2476 4495 discipulus
2508 4439 2657 4480 suos.
2693 4423 2753 4477 Et
2783 4424 2859 4477 ait
2888 4423 2994 4476 illis
3030 4440 3042 4476 :
3082 4423 3217 4476 Cum
3252 4422 3445 4487 oratis,
3476 4419 3559 4476 di-

265 4517 459 4571 αὐτοῦ.
486 4514 621 4578 Eine
652 4517 708 4569 δὲ
732 4517 913 4577 αὐτοῖς
940 4534 951 4545 ·
985 4515 1155 4567 Ὀταν
1183 4514 1584 4584 προσεύχησθε,
1620 4516 1810 4583 λέγετε
1836 4529 1849 4545 ⁸

1962 4519 2066 4574 cite
2104 4538 2117 4573 :
2151 4516 2313 4572 Pater
2346 4527 2552 4583 uoster,
2601 4516 2693 4585 qui
2743 4529 2802 4570 es
2852 4514 2904 4567 in
2950 4512 3138 4577 ccelis,
3180 4511 3559 4565 sanetilieetur

266 4610 454 4678 Πάτερ
474 4610 506 4679 ἡ
517 4607 655 4674 μῶν,
682 4609 710 4660 ὁ
736 4609 793 4661 ἐν
818 4611 932 4671 τοῖς
953 4606 1226 4676 οὐρανοῖς,
1248 4606 1572 4677 ἁγιασθήτω
1600 4606 1661 4659 τὸ
1686 4606 1857 4677 ὄνομά

269 4720 390 4766 σον,
429 4701 634 4754 ἐλθέτω
672 4702 705 4771 ὴ
752 4698 1002 4771 βασιλεία
1035 4716 1151 4766 σου,
1182 4700 1475 4770 γενηθήτω
1526 4699 1587 4751 τὸ
1640 4700 1855 4769 θέλημά

269 4814 386 4858 σου,
423 4796 501 4859 ὡς
554 4797 612 4847 ἐν
659 4794 896 4865 οὐρανῷ,
955 4794 1050 4847 καὶ¹
1104 4795 1197 4847 ἐπὶ
1232 4794 1329 4862 τῆς
1389 4795 1511 4862 γῆς,
1564 4793 1655 4847 τὸν
1688 4794 1853 4862 ἄρτον

268 4887 428 4957 ἡμῶν
456 4887 549 4939 τὸν
576 4887 856 4939 ἐπιούσιον
887 4884 1028 4938 δίδου
1060 4886 1192 4954 ἡμῖν
1226 4885 1286 4937 τὸ
1318 4885 1440 4937 καθ’
1481 4885 1719 4954 ἡμέραν,
1754 4884 1852 4937 καὶ

265 4977 403 5046 ἄφες
427 4978 560 5047 ἡμῖν
583 4977 679 5040 τὰς
697 4979 970 5047 ἁμαρτίας
992 4978 1176 5046 ἡμῶν,
1201 4978 1295 5029 καὶ
1314 4976 1422 5046 γάρ
1442 4977 1595 5028 αὐτοὶ
1620 4977 1853 5045 ἀφίεμεν

266 5071 435 5122 παντὶ
479 5068 931 5139 ὀφείλοντιὴμῖν,
978 5072 1073 5122 καὶ
1121 5069 1197 5139 μὴ
1228 5068 1550 5140 εἰσενέγκῃς
1578 5069 1727 5138 ἡμᾶς
1772 5068 1852 5129 εἰς

265 5164 599 5234 πειρασμὸν,
656 5163 794 5216 ἀλλά
841 5163 1003 5235 ῥῦσαι
1052 5164 1200 5232 ἡμᾶς
1238 5162 1346 5215 ἀπὸ
1384 5163 1479 5215 τοῦ
1513 5160 1773 5230 πονηροῦ.
1831 5180 1847 5211 ι

266 5257 485 5326 Ζηλοῖό
514 5256 763 5327 μαθητὴς
798 5257 1035 5327 Χριστοῦ
1094 5256 1221 5317 τοὺς
1282 5255 1530 5324 μαθητὰς
1578 5252 1851 5319 Ἰωάννου,

264 5349 346 5401 διδ
380 5351 476 5402 καὶ
514 5349 669 5416 ζητεί
696 5348 1013 5419 διδαχθῆναι
1038 5349 1239 5416 τρόπον
1265 5351 1598 5418 προσευχῆς.
1643 5346 1700 5399 Ὀ
1722 5346 1853 5413 γοῦν

267 5441 473 5510 Σωτὴρ
513 5440 775 5506 διδάσκει,
814 5442 887 5511 μὴ
923 5442 1323 5511 παρωσάμενος
1372 5440 1471 5509 τὴν
1496 5439 1722 5503 ἀξίωσιν
1756 5438 1851 5491 τοῦ

268 5533 544 5605 μαθητοῦ.
586 5535 771 5604 Πάτερ
810 5534 992 5606 ἡμῶν,
1026 5535 1215 5604 φησιν,
1252 5537 1279 5586 ὁ
1310 5534 1369 5586 ὲν
1408 5536 1522 5596 τοῖς
1574 5534 1849 5604 οὐρανοῖς.

266 5626 414 5695 ’Ὅρα
435 5626 535 5693 τὴν
574 5627 674 5692 τῆς
701 5626 868 5695 εὐχῆς
895 5623 1152 5695 δύναμιν.
1186 5624 1366 5688 Εὐθὺς
1400 5625 1513 5679 ἀνω
1538 5643 1598 5678 σε
1625 5625 1845 5693 ἀνάγει,

268 5720 363 5771 καὶ
396 5718 573 5770 πείθει
603 5736 685 5785 σε,
717 5719 903 5787 ἐπειδὴ
960 5720 1249 5789 ὀνομάζεις
1305 5720 1515 5786 πατέρα
1558 5718 1649 5769 τδν
1696 5718 1847 5782 Θεὸν,

269 5812 344 5880 μὴ
378 5812 549 5872 πάντη
576 5812 670 5873 τῆς
699 5810 1012 5872 ὁτιοιὸτητος
1049 5810 1439 5864 άτὯέεἶῖτἈἽΤ.
1468 5850 1479 5869 ,
1511 5809 1642 5861 ἀλλὰ
1681 5825 1848 5860 σῖτον-

1962 4624 2162 4665 nomen
2222 4620 2406 4674 tuum;
2440 4609 2624 4662 veniat
2671 4621 2899 4676 regnum
2957 4614 3139 4670 tuum;
3178 4603 3272 4657 flat
3305 4601 3559 4658 voluntas

1964 4711 2073 4765 tua,
2109 4700 2566 4770 quemadmodum
2602 4699 2658 4752 in
2710 4697 2873 4760 caelo,
2935 4699 3015 4752 sic
3049 4697 3213 4749 etiam
3258 4696 3311 4749 in
3366 4703 3556 4763 terra;

1961 4809 2157 4862 panem
2194 4802 2439 4846 nostrqu
2471 4788 2854 4858 quotidianum
2879 4788 2944 4841 da
2980 4788 3137 4841 nobis
3166 4786 3411 4856 quotidie
3444 4802 3457 4851 ;
3502 4796 3560 4839 et

1964 4887 2183 4940 remitte
2225 4885 2383 4939 nobis
2416 4894 2643 4951 peccata
2681 4890 2888 4945 nostra,
2939 4881 3213 4949 siquidem
3257 4889 3311 4933 et
3342 4893 3442 4933 nos
3471 4894 3559 4932 re-

1963 4977 2232 5031 mittimus
2275 4976 2423 5029 omni
2474 4975 2692 5030 debenti
2740 4974 2917 5028 nobis.
2961 4972 3024 5025 Et
3068 4987 3136 5027 ne
3197 4986 3294 5025 nos
3332 4971 3558 5025 inducas

1965 5072 2020 5125 in
2053 5069 2433 5131 tentationem,
2460 5068 2553 5122 sed
2589 5066 2761 5121 lihera
2798 5080 2897 5119 nos
2956 5082 2985 5119 a
3029 5065 3192 5118 malo.
3228 5083 3248 5115 ι
3307 5063 3557 5117 Imitatur

1959 5162 2261 5229 discipulus
2292 5161 2496 5215 Christi
2548 5159 2847 5229 discipulos
2886 5158 3115 5212 Joannis
3176 5174 3190 5210 :
3253 5156 3457 5212 idcirco
3496 5165 3553 5213 et

1964 5256 2160 5325 qurerit
2186 5267 2238 5306 ut
2274 5256 2533 5307 doceatur
2567 5254 2789 5306 modum
2842 5250 3125 5306 orationis.
3172 5249 3429 5304 Salvator
3458 5264 3554 5302 an-

1967 5356 2098 5408 tem,
2135 5360 2241 5398 non
2282 5344 2491 5413 repulsa
2520 5341 2988 5411 discipuliprcce,
3030 5342 3187 5394 docet
3221 5358 3233 5393 :
3266 5339 3428 5393 Pater
3457 5356 3551 5393 nu-

1958 5446 2094 5498 ster,
2130 5435 2329 5504 inquit,
2368 5434 2459 5503 qui
2506 5448 2565 5487 es
2598 5432 2651 5486 in
2679 5431 2852 5485 caelis.
2896 5430 3028 5485 Vide
3088 5430 3355 5484 orationis
3419 5429 3549 5481 vim.

1963 5526 2157 5581 Statim
2183 5543 2398 5582 sursum
2423 5538 2473 5580 te
2499 5526 2648 5579 ducit
2673 5566 2687 5590 ,
2713 5525 2920 5594 tibique
2951 5523 3264 5595 persuadet,
3293 5521 3550 5589 quoniam

1959 5623 2214 5676 nominas
2259 5620 2429 5675 Deum
2484 5631 2737 5689 patrem,
2792 5632 2862 5671 ne
2912 5619 3140 5671 omnino
3191 5614 3551 5671 similitudine

1958 5715 2077 5783 ejus
2110 5729 2346 5779 careas;
2399 5712 2492 5767 sed
2548 5711 2779 5766 euitaris
2821 5706 2939 5762 fieri
2984 5706 3181 5762 similis
3217 5704 3387 5759 Patri.
3435 5702 3553 5757 Non

1960 5809 2095 5860 dixit
2126 5816 2329 5867 autem,
2390 5805 2546 5859 Pater
2591 5817 2765 5866 meus,
2827 5800 2947 5865 sed,
3006 5799 3167 5853 Pater
3224 5807 3431 5860 noster,
3482 5795 3548 5847 ad
