4030 6398
513 347 635 410 855

1399 330 1977 394 THEOPHYLACTI
2020 324 2427 389 BULGABIzE
2465 317 2822 381 ARCHIEP.

3658 301 3774 368 856

534 454 893 513 ft'att‘rttilalis
953 463 1190 518 amorem
1224 455 1276 502 te
1320 447 1634 510 cohortaris,
1673 453 1728 499 et
1771 441 2100 507 compellens

2215 436 2386 500 Ξάξειν
2404 432 2542 504 πρὸς
2571 429 2660 482 τὸν
2692 423 2912 494 Πατέρα
2935 417 3332 490 ἐξομοιοῦσθαι.
3380 415 3498 470 Οὐκ
3536 405 3663 467 εἶπε
3698 414 3776 478 δὲ,

533 555 722 593 omnes
759 537 980 604 diligere
1029 545 1283 601 tanquam
1324 544 1642 586 communes
1667 529 1885 581 fratres.
1931 525 2098 581 Porro

535 648 655 684 cum
689 629 841 689 dixit,
882 627 932 679 in
964 623 1136 688 cadis,
1186 639 1292 678 non
1336 623 1498 677 Deum
1533 621 1641 676 illic
1674 618 2097 683 circumscribit,

536 724 626 773 sed
665 719 962 772 auditorem
992 711 1068 769 in
1098 712 1260 770 caelos
1287 712 1558 776 subvehit,
1589 719 1644 765 et
1678 726 1709 765 a
1740 709 1974 792 terrenis
2002 709 2098 763 ab-

536 799 701 868 ducit.
736 809 1117 864 Sanctiﬂcetur
1143 822 1270 862 vero
1297 819 1492 864 nomen
1526 812 1702 869 tuum,
1740 818 1838 874 pro
1867 817 1931 857 eo
1960 800 2101 870 quod

535 911 641 962 est,
674 897 1025 970 gloriﬁcetur,
1057 897 1160 952 hoc
1187 904 1290 960 est,
1318 896 1400 949 fac
1421 895 1586 948 vitam
1614 904 1852 949 nostram
1879 895 1931 946 in
1957 900 2099 946 tuam

537 1006 664 1047 esse
696 989 942 1061 gloriam.
973 987 1111 1056 Nam
1143 989 1286 1042 sicut
1309 1001 1503 1042 nomen
1542 985 1634 1040 Dei
1674 995 1892 1055 propter
1928 984 2100 1039 malos

538 1081 963 1150 blasphematur,
1014 1079 1086 1133 ita
1126 1089 1349 1149 prepter
1417 1093 1512 1133 eos
1567 1078 1656 1147 qui
1693 1079 1888 1132 bonam
1938 1085 2103 1146 agunt

537 1173 704 1226 vitam
737 1171 1090 1241 glorificatur.
1124 1169 1314 1223 Veniat
1343 1184 1564 1240 regnum
1603 1177 1774 1222 tuum.
1805 1166 1974 1221 Malus
2008 1169 2101 1221 de-

537 1273 794 1333 precatur
827 1277 1048 1330 reguum
1095 1259 1209 1325 Dei,
1259 1259 1450 1316 nolens
1482 1261 1610 1316 illud
1659 1261 1842 1314 venire
1883 1272 2103 1330 propter

539 1353 739 1424 judicia
793 1367 912 1422 qua:
967 1353 1076 1407 illic
1115 1359 1276 1406 erunt
1321 1371 1335 1406 :
1372 1351 1553 1420 justus
1581 1365 1708 1404 vero
1732 1360 1853 1405 orat
1885 1361 1940 1404 ut
1996 1352 2103 1406 cito

541 1443 742 1507 veniat,
780 1458 886 1513 quo
913 1459 942 1497 a
978 1443 1364 1498 teutationibus
1392 1459 1512 1511 quae
1552 1444 1640 1498 hic
1674 1453 1822 1508 sunt,
1846 1444 2102 1498 liberetur

539 1545 592 1587 et
621 1535 884 1602 quiescat.
916 1534 1039 1590 Fiat
1071 1545 1246 1589 autem
1299 1534 1546 1589 voluntas
1602 1543 1714 1598 tua,
1745 1535 2104 1605 quemadmo-

543 1627 666 1678 dum
701 1626 756 1679 in
791 1626 930 1681 etelo
965 1626 1031 1679 ab
1065 1625 1289 1696 angelis,
1330 1627 1402 1680 ita
1445 1634 1499 1680 et
1525 1640 1553 1679 a
1591 1626 1746 1681 nobis
1794 1625 2104 1679 hominibus

542 1731 707 1786 super
738 1716 1167 1788 terram.Angeli
1197 1716 1338 1770 enim
1391 1718 1612 1770 omnino
1661 1715 1816 1784 juxta
1855 1717 2102 1771 volunta-

546 1817 649 1859 tem
681 1807 770 1860 Dei
806 1817 1118 1877 operantur.
1150 1805 1312 1862 Docet
1338 1822 1552 1878 quoque
1599 1808 1974 1876 quotidianum
2009 1824 2102 1876 pa-

543 1912 664 1950 nem
700 1897 871 1950 solum
903 1899 1275 1966 quaerendum,
1316 1896 1420 1952 hoc
1450 1907 1554 1961 est,
1577 1911 1698 1952 eum
1733 1899 1822 1968 qui
1856 1900 2104 1954 substan-

542 1990 628 2042 the
659 1997 856 2043 nostra:
878 1999 932 2043 et
957 1991 1077 2044 vita:
1108 1990 1491 2045 conservandae
1516 1991 1770 2046 conducit
1810 2007 1824 2044 :
1869 2005 1976 2045 non
2015 2006 2104 2046 su-

542 2080 826 2149 perﬂuum,
861 2084 953 2136 sed
990 2086 1376 2137 necessarium.
1430 2081 1599 2137 Porro
1640 2097 1746 2138 non
1791 2082 1997 2137 intrare
2049 2083 2105 2136 in

542 2176 888 2239 tentatioues,
922 2173 1187 2243 signiﬁcat
1213 2189 1320 2228 non
1373 2184 1578 2229 temere
1638 2174 2022 2243 prosiliendum
2053 2175 2104 2227 in

542 2267 887 2322 tentationes.
927 2266 1110 2335 Neque
1141 2266 1281 2321 enim
1314 2281 1472 2320 orare
1513 2265 1769 2321 debemus
1811 2265 2000 2328 Deum,
2052 2273 2109 2318 ut

544 2358 799 2410 immittat
833 2361 883 2410 in
910 2373 1006 2411 nos
1036 2359 1422 2420 tentationem,
1453 2359 1547 2411 sed
1586 2357 1936 2424 deprecanda:
1958 2365 2104 2418 sunt,

540 2457 595 2501 ct
623 2448 669 2502 si
702 2447 856 2503 nobis
888 2448 1206 2512 acciderint,
1247 2447 1482 2502 ferendae
1512 2448 1748 2501 fortiter.
1783 2447 1973 2500 Dicere
2005 2461 2104 2499 au-

546 2555 649 2594 tem
681 2555 988 2610 possumus,
1016 2541 1156 2608 quod
1202 2541 1308 2594 duo
1363 2541 1474 2594 sint
1505 2539 1668 2612 354
1695 2554 1892 2609 genera
1935 2549 2108 2593 tenta-

541 2632 772 2687 tionum.
816 2632 949 2687 Alia:
984 2633 1127 2686 enim
1182 2641 1306 2686 sunt
1355 2632 1694 2697 voluntariae,
1748 2642 1806 2686 ut
1851 2632 2108 2694 ebrietas,

543 2723 914 2788 homicidimn,
943 2724 1287 2788 adulterium,
1319 2725 1544 2793 aliaeque
1570 2723 1883 2778 affectiones
1917 2742 1929 2777 :
1964 2724 2111 2778 hisce

545 2817 689 2871 enim
726 2817 1110 2872 tentationibus
1157 2825 1346 2887 sponte
1379 2832 1475 2872 nos
1529 2818 1917 2873 submittimus.
1961 2818 2112 2872 Invo-

545 2909 976 2965 lunlarizn'vero
1025 2919 1172 2975 sunt,
1211 2910 1404 2976 quibus
1461 2911 1671 2978 tyranni
1714 2920 1768 2964 et
1819 2911 2108 2965 validiores

545 3015 643 3052 nos
670 2998 989 3065 subjiciunt.
1034 3001 1200 3068 Igitur
1241 3015 1269 3052 a
1329 3000 1648 3054 voluntariis
1695 3001 2106 3062 teutationibus,

2207 525 2387 592 Πάτερ
2418 539 2548 591 μου,
2597 517 2734 572 ἀλλὰ
2770 514 2953 581 Πάτερ
2990 509 3172 578 ἡμῶν,
3197 511 3280 571 εἰς
3330 505 3683 578 φιλαδελφίαν
3721 521 3779 559 σε

2201 615 2504 684 διεγείρων,
2558 612 2653 664 καὶ
2691 601 3125 672 καταναγκάζων
3163 601 3375 664 πάντας
3412 598 3659 669 ἀγαπᾷν,
3702 597 3778 660 ὡς

2204 707 2415 767 κοινῶς
2445 700 2731 770 ἀδελφούς.
2793 699 2879 751 Ἐν
2925 698 3045 761 τοῖς
3096 695 3350 765 οὐρανοῖς
3396 692 3454 745 δέ
3494 689 3686 754 εἰπὼν,
3717 687 3778 740 οὐ

2202 796 2537 868 περιγράφει
2564 795 2683 846 ἐκεῖ
2713 791 2802 844 τὸν
2836 788 2993 852 Θεὸν,
3037 787 3170 841 ἀλλὰ
3208 785 3300 837 τὺν
3332 781 3614 854 ἀκροατὴν
3646 779 3780 835 ἀνά-

2203 907 2286 957 γει
2316 891 2396 951 είς
2435 885 2728 958 οὐρανοὺς,
2761 882 2854 936 καὶ
2903 883 3109 948 ἀπάγει
3171 878 3278 930 τῶν
3326 876 3553 946 γηΐνων.
3597 874 3781 940 Ἀγια-

2205 983 2384 1050 σθήτω
2408 981 2467 1032 τὸ
2496 977 2668 1048 ὄνομά
2690 993 2802 1038 σου,
2835 975 2955 1027 ἀντὶ
2997 973 3111 1038 τοῦ,
3142 967 3478 1038 δοξασθήτω,
3513 965 3780 1028 τουτέστι,

2205 1072 2427 1141 ποίησον
2456 1069 2614 1140 ἡμῶν
2643 1068 2733 1121 τὸν
2766 1065 2879 1135 βίον
2912 1066 2992 1126 είς
3034 1063 3193 1126 δόξαν
3235 1058 3375 1113 εἶναι
3410 1060 3534 1129 σήν.
3573 1058 3782 1125 Ὠσπερ

2204 1163 2314 1232 γὰρ
2342 1163 2400 1214 τὸ
2435 1161 2606 1231 ὄνομα
2634 1159 2728 1212 τοῦ
2764 1156 2900 1210 Θεοῦ
2931 1155 3336 1226 βλασφημεῖται
3383 1151 3473 1204 διὰ
3523 1150 3652 1212 τοὺς
3688 1165 3786 1201 κα-

2206 1256 2355 1318 κοὺς,
2387 1252 2530 1306 οὕτω
2559 1251 2841 1315 δοξάζεται
2871 1249 2959 1302 διὰ
2988 1249 3110 1310 τοὺς
3142 1245 3346 1314 ἀγαθὸν
3388 1245 3505 1314 βίον
3535 1243 3782 1312 ἔχονευας.

2219 1346 2454 1399 Ἐλθέτω
2485 1347 2516 1413 ἡ
2557 1343 2806 1413 βασιλεία
2843 1359 2960 1394 σου.
3023 1341 3080 1393 ’0
3112 1341 3214 1409 μὲν
3249 1337 3579 1408 ἁμαρτωλὸς
3610 1333 3786 1388 ἀπεύ-

2206 1457 2358 1510 χεται
2386 1440 2484 1507 τὴν
2513 1437 2790 1508 βασιλείαν
2816 1434 2910 1488 τοῦ
2937 1433 3098 1498 Θεοῦ,
3131 1432 3204 1503 μὴ
3227 1431 3555 1502 βουλόμενος
3580 1427 3789 1498 ταύτην

2204 1528 2398 1591 ἐλθεῖν,
2426 1528 2512 1580 διὰ
2539 1528 2606 1580 τὰ
2631 1528 2747 1579 ἐκεῖ
2765 1525 3144 1593 δικαιωτήρια.
3184 1523 3242 1575 '0
3261 1522 3316 1574 δὲ
3334 1521 3536 1582 δίκαιος
3560 1519 3788 1571 τούναν-

2203 1620 2316 1672 τίον
2345 1620 2530 1689 τάχιον
2551 1617 2721 1687 αὐτὴν
2751 1617 2924 1670 ἐλθεῖν
2951 1615 3195 1686 εὔχεται,
3246 1615 3320 1677 ὡς
3356 1615 3422 1668 ἂν
3445 1611 3789 1679 ἀπαλλαγεὶς

2203 1712 2312 1764 τῶν
2335 1709 2568 1763 ἐνταῦθα
2605 1708 2996 1777 πειρατηρίων,
3028 1705 3429 1775 ἀναπαύσηται.
3457 1702 3709 1756 Γενέσθω
3732 1702 3787 1755 δέ

2205 1807 2296 1858 καὶ
2313 1805 2371 1856 τὸ
2389 1802 2599 1872 θέλημά
2614 1819 2729 1863 σου,
2746 1801 2935 1870 ὥσπερ
2955 1803 3008 1852 ἐν
3031 1798 3246 1868 οὐρανῷ
3269 1799 3370 1850 ὐπὸ
3388 1797 3494 1850 τῶν
3512 1797 3786 1864 ἀγγέλων,

2205 1897 2347 1950 οὕτω
2372 1895 2594 1963 καιύφ⁹
2619 1894 2776 1963 ἡμῶν
2798 1893 2907 1944 τῶν
2941 1890 3248 1960 ἀνθρώπων
3288 1889 3382 1942 ἐπὶ
3421 1890 3521 1958 τῆς
3559 1889 3686 1957 γῆς.
3711 1887 3777 1938 0i

2206 1985 2314 2052 γὰρ
2341 1984 2566 2051 ἄγγελοι
2598 1985 2799 2044 πάντες
2825 1983 2963 2034 κατὰ
2995 1981 3054 2033 τὺ
3086 1978 3343 2042 τοῦηθεοῦ
3366 1978 3580 2048 θέλημα
3607 1977 3788 2030 πάντα

2207 2075 2511 2145 ἐνεργοῦσι.
2547 2075 2800 2128 Διδάσκει
2848 2074 2904 2126 δὲ
2941 2074 3032 2125 τὸν
3077 2071 3350 2123 ἐπιούσιον
3383 2071 3549 2141 ἄρτον
3602 2069 3788 2140 ζητεῖν

2212 2169 2392 2238 μόνον,
2439 2169 2710 2228 τουτέστι,
2766 2166 2859 2220 τὸν
2912 2166 3004 2217 ἐπὶ
3049 2167 3112 2234 τῇ
3166 2164 3327 2234 οὐσίᾳ
3357 2163 3538 2234 ἡμῶν,
3585 2162 3682 2215 καὶ
3715 2164 3784 2233 τῇ

2211 2258 2469 2311 συστάσει
2499 2259 2597 2326 τῆς
2624 2257 2770 2324 ζωῆς
2798 2256 3240 2326 συμϐαλλόμενον
3264 2272 3275 2284 ·
3319 2256 3379 2306 οὐ
3411 2253 3502 2307 τὸν
3533 2253 3790 2324 περιττὸν

2207 2352 2448 2413 πάντως,
2485 2349 2620 2401 ἀλλὰ
2651 2349 2738 2401 τὸν
2763 2349 3077 2414 ἀναγκαῖον.
3110 2347 3182 2398 Τὸ
3211 2347 3288 2406 δὲ.
3320 2345 3394 2415 μὴ
3417 2345 3682 2397 εἰσελθεῖν
3707 2347 3789 2408 εἰς

2209 2442 2537 2512 πειρασμὸν,
2570 2445 2630 2494 τὸ
2671 2443 2745 2512 μὴ
2777 2441 3051 2511 ἐπιπηδᾷν
3081 2443 3194 2502 τοῖς
3220 2443 3551 2509 πειρασμοῖς
3582 2440 3786 2510 σημαί-

2209 2553 2309 2589 νει.
2353 2535 2428 2587 Οὐ
2482 2535 2590 2604 γὰρ
2634 2537 2715 2586 δεῖ
2757 2535 2903 2604 ἡμᾶς
2952 2534 3295 2602 παρακαλεῖν
3355 2533 3447 2585 τὸν
3498 2533 3659 2593 Θεὸν,
3699 2533 3789 2585 ῖνα

2211 2632 2357 2700 ἡμᾶς
2383 2632 2463 2692 εἰς
2496 2631 2800 2699 πειρασμὸν
2849 2629 3098 2700 ἐμϐάλῃ,
3137 2629 3250 2681 ἀλλ’
3302 2627 3642 2698 ἀπεύχεσθαι
3689 2628 3789 2697 μὲν

2210 2724 2367 2776 τοῦτο
2401 2739 2416 2755 ⁸
2464 2723 2602 2776 ἐπὶν
2648 2722 2703 2774 δὲ
2756 2721 2906 2793 ἔλθῃ,
2955 2721 3217 2788 γενναίως
3272 2721 3481 2791 φέρειν.
3543 2722 3698 2772 Ἐστι
3729 2720 3788 2773 δὲ

2212 2819 2411 2884 εἰπεῖν,
2445 2819 2525 2870 ὅτι
2557 2817 2736 2873 διττὸν
2765 2817 2826 2868 τὸ
2857 2812 2996 2878 εἶδος
3029 2816 3140 2867 τῶν
3177 2815 3522 2886 πειρασμῶν.
3588 2817 3653 2868 Οί
3689 2815 3790 2884 μὲν

2212 2912 2319 2980 γὰρ
2349 2912 2584 2964 ἑκούσιοι
2611 2927 2624 2941 σ
2659 2907 2770 2963 οἷον
2815 2911 2977 2979 μέθη,
3015 2914 3192 2977 φόνος,
3232 2911 3468 2980 μοιχεία,
3497 2911 3592 2964 καὶ
3621 2911 3790 2965 τᾶλλα

2215 3004 2361 3070 πάθη
2384 3021 2398 3035 ·
2435 3003 2646 3064 τούτοις
2675 3002 2784 3071 γὰρ
2815 3005 2926 3064 τοῖς
2957 3005 3282 3073 πειρασμοῖς
3317 3004 3538 3064 ἑκόντες
3560 3005 3792 3067 ἑαυτοὺς

545 3092 650 3145 huc
699 3091 1211 3179 cstaﬂ’ectiouibus,
1263 3091 1452 3161 fugere
1508 3107 1606 3146 nos
1660 3103 1893 3162 oportet,
1940 3107 1991 3149 et
2018 3111 2109 3148 eas

2215 3096 2660 3165 ὐπεμὸἁλλομεν.
2703 3094 2971 3148 Ἀκούσιοι
3010 3094 3064 3147 δὲ
3118 3095 3438 3166 πειρασμοὶ,
3486 3091 3567 3158 οἷς
3599 3098 3649 3149 οῖ
3694 3097 3792 3151 τύ-

549 3183 857 3250 deprecari,
889 3191 944 3236 et
979 3183 1180 3249 dicere,
1217 3180 1295 3236 Ne
1350 3183 1572 3238 inducas
1615 3197 1732 3248 nos,
1771 3185 1871 3237 hoc
1915 3191 2015 3247 est,
2050 3200 2116 3239 ue

547 3275 827 3343 permittas
854 3289 952 3329 nos
987 3274 1227 3329 incidere
1258 3275 1309 3327 in
1341 3274 1713 3340 tentationem,
1745 3275 1847 3329 hoc
1885 3285 1968 3328 est
2020 3291 2119 3328 vo-

545 3364 835 3418 luntariam
862 3366 1236 3421 tentationem.
1274 3365 1378 3420 Sed
1414 3366 1581 3419 libera
1617 3381 1714 3420 nos
1763 3381 1791 3418 a
1831 3367 1992 3420 malo.
2020 3367 2119 3420 Hic

548 3461 688 3514 enim
723 3469 808 3514 est
847 3459 937 3527 qui
966 3468 1019 3514 et
1065 3459 1398 3514 voluntarias
1430 3467 1484 3513 et
1529 3459 1921 3513 involuutarias
1957 3459 2116 3513 infert

548 3554 898 3607 teutationes.
953 3551 1074 3607 Ideo
1131 3552 1219 3620 qui
1271 3552 1496 3606 tentaris
1534 3551 1600 3604 ab
1655 3553 1870 3606 homine
1925 3553 2108 3606 etiim

546 3645 778 3711 pateris;
805 3660 869 3697 ne
902 3655 1060 3712 putes
1084 3643 1355 3695 hominem
1387 3656 1509 3696 esse
1541 3643 1634 3695 tibi
1665 3652 1942 3696 auctorem
1985 3651 2107 3694 tcu-

547 3735 912 3795 tatiouis,'sed
944 3725 1256 3803 malignum.
1287 3733 1375 3785 |lle
1399 3733 1543 3787 enim
1573 3741 1652 3787 est
1683 3734 1772 3801 qui
1800 3732 1955 3786 fratri
1991 3749 2111 3802 per-

547 3826 740 3880 suadet
765 3835 822 3878 ut
856 3826 905 3878 in
941 3835 991 3880 te
1013 3816 1196 3880 smvia‘t
1220 3834 1274 3879 et
1307 3825 1563 3878 insaniat.

2219 3201 2402 3253 ραννοι
2448 3185 2541 3237 καὶ
2576 3183 2740 3252 βίαιοι
2793 3184 2942 3253 ἡμᾶς
2975 3183 3390 3239 ὑποϐάλλουσιν.
3443 3186 3577 3239 Ἀπὸ
3612 3188 3792 3240 τοίνυν

2217 3277 2324 3329 τῶν
2371 3276 2634 3329 ἑκουσίων
2691 3276 3035 3346 πειρασμῶν,
3086 3278 3330 3329 τουτέστι
3394 3276 3505 3330 τῶν
3575 3279 3790 3344 παθῶν,

2217 3370 2439 3437 φεύγειν
2475 3368 2557 3421 δεῖ
2590 3370 2756 3438 ἡμᾶς,
2790 3370 2885 3420 καὶ
2913 3368 3138 3427 τούτους
3176 3367 3536 3437 ἀπεύχεσθαι,
3579 3371 3675 3423 καὶ
3704 3371 3789 3424 λέ·-

2217 3479 2354 3529 γειν,
2381 3463 2482 3530 Μὴ
2510 3463 2827 3530 εἰσενέγκῃς
2859 3461 3028 3530 ἡμᾶς,
3079 3461 3349 3525 τουτέστι,
3390 3461 3464 3531 μὴ
3498 3465 3792 3532 συγχωρή-

2220 3569 2318 3621 σῃς
2355 3553 2497 3619 ἡμᾶς
2523 3554 2786 3618 ἐμπεσεῖν
2828 3553 2907 3614 είς
2936 3551 3266 3619 πειρασμὸν,
3307 3552 3477 3621 ἡγουν
3505 3554 3586 3615 εἰς
3619 3555 3795 3617 πάθος

2223 3644 2492 3708 ἑκούσιον,
2517 3644 2650 3696 ἀλλὰ
2694 3645 2854 3712 ῥῦσαι
2906 3645 3054 3713 ἡμᾶς
3084 3645 3187 3697 ἀπὸ
3216 3644 3309 3696 τοῦ
3339 3663 3472 3716 πονη
3485 3645 3598 3714 ροῦ.
3627 3640 3794 3709 Οὗτος

2219 3737 2327 3805 γάρ
2372 3737 2488 3788 ἐστι
2531 3736 2622 3787 καὶ
2669 3738 2794 3798 τοὺς
2831 3735 3118 3798 ἀκουσίους
3169 3739 3264 3788 καὶ
3325 3737 3451 3799 τούς
3509 3737 3795 3802 έκουσῖους

2219 3825 2560 3894 πειρασμούς
2589 3826 2831 3893 ἐπάγων.
2874 3827 2964 3878 Διὸ
2999 3827 3072 3895 μὴ
3103 3827 3370 3886 ἀκουσίως
3395 3827 3794 3898 πειραζόμενος

546 3917 652 3969 ὑπὸ
677 3915 983 3986 ἀνθρώπου,
1012 3915 1196 3984 νόμιζε
1221 3914 1310 3967 τὸν
1337 3915 1624 3984 ἄνθρωπον
1653 3911 1793 3971 εἷναί
1833 3932 1914 3969 σοι
1977 3919 2152 3969 αἴτιον
2189 3915 2284 3967 τοῦ
2364 3916 2693 3986 πειρασμοῦ,
2731 3915 2866 3970 ἀλλὰ
2923 3916 3013 3968 τὸν
3073 3917 3326 3987 πονηρόν.
3391 3919 3632 3982 Ἐκεῖνος
3687 3921 3795 3991 γάρ

548 4007 965 4064 ἐστινὸπείθων
991 4009 1077 4060 τὸν
1111 4007 1395 4079 ἄνθρωπον
1435 4008 1575 4060 κατὰ
1626 4009 1720 4061 σοῦ
1764 4009 1963 4080 λυττᾷν
2013 4015 2106 4063 καὶ
2152 4011 2461 4080 μαίνεσθαι,

622 4101 781 4156 Vsus.
812 4101 934 4156 5-8.
976 4119 993 4150 ι
1030 4101 1094 4155 Et
1118 4105 1191 4154 ait
1227 4103 1375 4154 illisi:
1439 4100 1570 4165 Quis
1615 4112 1854 4157 vestrum
1892 4105 2109 4158 habebit

549 4195 809 4256 aruit-um,
846 4203 898 4247 et
922 4194 1018 4246 ibit
1050 4195 1114 4246 ad
1144 4193 1289 4244 illum
1327 4196 1496 4246 media
1534 4203 1710 4258 nocte,
1737 4205 1791 4248 et
1823 4196 1962 4250 dicet
1991 4197 2063 4248 illi
2098 4217 2108 4248 :

549 4291 592 4342 A
620 4291 758 4351 uice,
791 4287 855 4340 da
887 4287 1016 4340 mihi
1050 4297 1231 4339 mutuo
1258 4295 1368 4339 tres
1403 4301 1590 4355 panes,
1619 4289 1874 4356 quoniam
1911 4289 2118 4344 amicus

551 4393 705 4432 meus
734 4379 876 4431 venit
900 4377 964 4431 de
990 4378 1069 4429 via
1107 4378 1173 4430 ad
1211 4391 1317 4440 me,
1359 4389 1412 4431 et
1453 4392 1556 4431 non
1583 4379 1754 4434 habeo
1780 4379 1923 4448 quod
1951 4396 2117 4448 appu-

2288 4123 2307 4155 ι
2350 4107 2458 4157 Καὶ
2488 4099 2610 4156 εἷπε
2651 4105 2782 4174 πρὸς
2813 4106 3031 4168 αὐτούς·
3070 4107 3161 4168 Τίς
3195 4107 3255 4171 ἐξ
3287 4107 3439 4176 ὑμῶν
3467 4108 3579 4173 ’ἐξει
3618 4111 3792 4179 φίλον,

2218 4200 2309 4248 καὶ
2342 4198 2672 4265 πορεύσεται
2712 4197 2848 4264 πρὸς
2902 4196 3064 4249 αὐτὸν
3107 4200 3487 4266 μεσονυκτίου,
3524 4205 3617 4254 καὶ
3661 4205 3789 4274 εἴπῃ

2218 4287 2365 4355 αὐτῷ
2389 4304 2400 4316 ·
2447 4287 2591 4349 Φίλε,
2617 4287 2820 4356 χρῆσόν
2861 4304 2949 4354 μοι
2987 4291 3134 4356 τρεῖς
3166 4287 3386 4357 ἄρτους,
3415 4291 3606 4360 ἐπειδὴ
3639 4293 3791 4360 φίλος

2229 4378 2563 4447 παρεγένετο
2592 4378 2651 4441 ἐξ
2671 4377 2787 4430 ὁδοῦ
2808 4378 2942 4447 πρὸς
2967 4379 3055 4449 μὲ,
3085 4380 3178 4432 καὶ
3195 4381 3294 4432 οὐκ
3310 4381 3416 4450 ἔχω
3438 4381 3467 4433 ὃ
3494 4383 3797 4454 παραθήσω

550 4488 672 4525 nam
709 4471 804 4530 illi.
835 4471 899 4523 Et
928 4469 1017 4524 ille
1047 4470 1189 4524 intus
1241 4471 1575 4540 reSpoudens
1599 4473 1745 4528 dicat
1782 4491 1796 4526 :
1825 4472 1942 4528 Noli
1981 4476 2110 4528 mihi

2220 4470 2390 4540 αὐτῷ.
2423 4470 2684 4532 Κάκεῖνος
2728 4469 2930 4521 ἔσωθεν
2969 4470 3288 4541 ἀποκριθεὶς
3320 4470 3488 4543 εῐπῃ·
3560 4473 3652 4543 Μή
3705 4491 3794 4540 μοι

553 4565 814 4616 molestus
843 4576 987 4625 esse,
1040 4561 1150 4630 jam
1192 4563 1388 4615 ostium
1432 4561 1674 4618 cl'ausum
1725 4578 1834 4630 εει,
1884 4575 1937 4621 ει
1964 4570 2115 4636 pueri

554 4655 658 4706 tuei
685 4667 893 4706 mecum
918 4663 1043 4705 sunt
1078 4653 1128 4703 in
1161 4654 1322 4706 cubili
1350 4671 1361 4706 :
1395 4670 1495 4706 nou
1533 4669 1752 4721 possunt
1779 4673 2026 4727 surgere,
2063 4669 2116 4713 et

555 4746 684 4796 dare
731 4743 847 4796 tibi.
882 4740 1010 4795 Dico
1047 4743 1214 4807 vobis,
1244 4745 1406 4796 etiam
1436 4745 1479 4795 si
1531 4761 1634 4798 nou
1685 4746 1912 4802 daturus
1947 4749 2016 4803 sit
2045 4750 2116 4803 illi

556 4849 782 4902 surgens
805 4849 868 4887 eo
898 4835 1039 4902 quod
1071 4835 1272 4886 amicus
1303 4833 1416 4902 ejus
1445 4837 1536 4898 sit,
1568 4848 1785 4906 propter
1809 4840 2122 4908 improbita-

557 4934 661 4976 tem
701 4932 877 4976 tamen
901 4924 1016 4992 ejus
1050 4937 1258 4994 surget,
1284 4942 1346 4980 ac
1379 4927 1530 4981 dabit
1576 4929 1650 4983 iiii
1703 4941 1968 5000 quotquot
2023 4934 2120 4988 ha-

557 5011 822 5078 ltetOpus.
865 5031 881 5061 ι
914 5011 1230 5066 Parabolam
1269 5017 1407 5071 hanc
1432 5029 1482 5070 et
1517 5021 1820 5088 exemplum
1863 5022 1997 5076 dicit
2021 5024 2121 5078 Do-

557 5102 757 5162 minus,
803 5105 1054 5157 erudiens
1126 5121 1221 5157 uos
1275 5123 1338 5161 ne
1402 5112 1639 5176 segniter
1685 5127 1924 5168 oremus.
1984 5114 2123 5180 Quid

560 5195 722 5257 igitur
753 5196 861 5246 vult
898 5198 1201 5264 parabole?
1233 5199 1456 5253 Mediam
1509 5215 1719 5257 noctem
1780 5207 1997 5273 quidem
2037 5210 2123 5261 in-

557 5288 673 5351 quit
728 5303 846 5340 esse
901 5301 1198 5343 extremum
1250 5293 1390 5357 vitae,
1430 5297 1493 5347 ad
1543 5298 1682 5366 quod
1715 5314 1836 5352 cum
1876 5300 2123 5356 homines

559 5383 900 5446 pervenerint
929 5397 1150 5436 sensum
1179 5384 1300 5438 boui
1350 5388 1638 5456 accipiunt,
1662 5401 1715 5444 et
1747 5391 1810 5442 ad
1848 5391 2014 5445 Deum
2043 5392 2121 5446 fe-

559 5471 758 5525 stinant
786 5489 797 5522 :
829 5476 916 5541 qui
945 5477 1149 5530 amicus
1195 5489 1296 5542 est,
1340 5493 1529 5534 omnes
1571 5481 1818 5549 diligens,
1851 5494 1901 5536 et
1935 5499 2125 5538 oumes

558 5563 748 5617 volens
772 5567 950 5619 salvos
971 5567 1104 5620 fieri.
1151 5569 1317 5638 Igitur
1350 5573 1501 5624 multi
1541 5574 1805 5626 accedunt
1854 5575 1905 5627 in
1945 5575 2122 5629 media

560 5667 736 5718 nocte,
775 5656 873 5711 hoc
919 5667 1020 5719 cst,
1057 5660 1103 5711 iu
1171 5670 1412 5715 extrema
1468 5662 1594 5728 vita,
1633 5666 1697 5717 ad
1734 5665 1918 5728 Deum,
1968 5675 2023 5718 ut
2056 5667 2120 5721 ad

565 5746 819 5815 amicum,
848 5759 900 5803 et
931 5750 1114 5805 dicunt
1136 5750 1183 5806 ei
1226 5773 1235 5804 :
1273 5752 1345 5807 Da
1377 5753 1505 5809 mihi
1535 5764 1642 5808 tres
1666 5771 1848 5825 panes,
1888 5758 1986 5813 hoc
2018 5768 2121 5823 est,

2221 4564 2425 4625 κόπους
2457 4564 2686 4632 πάρεχε,
2727 4561 2828 4631 ἤδη
2857 4564 2887 4630 ἡ
2925 4562 3065 4631 θύρα
3086 4562 3428 4627 κέκλεισται,
3455 4565 3552 4618 καὶ
3577 4566 3644 4619 τὰ
3675 4582 3799 4618 παι-

2221 4658 2310 4709 δία
2353 4675 2454 4727 μου
2494 4657 2610 4726 μετ’
2645 4656 2779 4724 ἐμοῦ
2817 4659 2895 4718 είς
2919 4657 3019 4725 τὴν
3055 4657 3242 4727 κοίτην
3276 4658 3436 4721 εἰσὶν,
3465 4662 3526 4711 ού
3561 4660 3797 4729 δύναμαι

2223 4752 2459 4812 ἀναστὰς
2491 4749 2671 4802 δοῦναί
2717 4766 2818 4802 σοι.
2878 4747 3038 4815 Λέγω
3068 4749 3219 4817 ὑμῖν,
3264 4752 3311 4801 εί
3359 4753 3454 4804 καὶ
3515 4755 3575 4805 οὐ
3638 4754 3793 4806 δώσει

2223 4843 2370 4911 αὐτῷ
2394 4843 2630 4904 ἀναστὰς
2657 4841 2743 4893 διὰ
2773 4841 2832 4892 τὸ
2871 4835 3012 4892 εἶναι
3052 4840 3218 4892 αὐτοῦ
3263 4841 3439 4908 φίλον,
3466 4843 3554 4894 δια
3593 4860 3656 4910 γε
3697 4847 3792 4914 τὴν

2224 4936 2498 4989 ἀναίδειαν
2524 4933 2688 4988 αὐτοῦ
2710 4933 2953 5004 ἐγερθεὶς
2977 4932 3139 4986 δώσει
3167 4934 3316 5002 αὑτῷ
3353 4935 3493 4989 δσων
3521 4937 3732 5007 χρῄζει.
3772 4959 3788 4989 ι

2224 5029 2552 5098 Παραδολήν
2603 5045 2723 5080 τινα
2774 5027 2868 5078 καὶ
2928 5026 3238 5096 ὑπόδειγμα
3286 5027 3434 5095 λέγει
3495 5029 3524 5080 ὁ
3570 5032 3792 5099 Κύριος,

2226 5121 2497 5174 παιδεύων
2550 5121 2697 5189 ἡμᾶς
2728 5119 2975 5184 ἀόκνως*
3002 5121 3425 5192 προσεύχεσθαι.
3464 5123 3528 5176 Τί
3572 5120 3664 5174 οὖν
3709 5141 3795 5192 ση-

2231 5211 2469 5280 μαίνειή
2507 5208 2791 5279 παραϐολή
2813 5228 2828 5275 ;
2851 5211 3221 5265 Μεσονύκτιον
3254 5212 3353 5280 μέν
3378 5231 3542 5280 φασιν
3574 5209 3796 5264 εἶναιτὰ

2225 5305 2425 5374 ἔσχατα
2459 5302 2551 5354 τοῦ
2573 5303 2710 5373 βίου,
2737 5304 2793 5355 ἐν
2823 5299 2902 5366 οἷς
2938 5307 2986 5356 οἱ
3027 5304 3304 5375 ἄνθρωποι
3339 5306 3620 5374 γενόμενοι
3666 5307 3796 5374 πρὸς

2229 5396 2583 5464 συναίσθησιν
2619 5396 2868 5464 ἔρχονται
2912 5397 3005 5448 τοῦ
3039 5398 3226 5463 καλοῦ,
3262 5400 3354 5450 καὶ
3406 5400 3797 5468 προστρέχουσι

2228 5489 2364 5556 Θεῷ.
2411 5482 2578 5549 Οὗτος
2616 5489 2724 5558 γάρ
2756 5492 2904 5541 ἐστιν
2943 5491 2969 5540 ὁ
2998 5490 3174 5557 φίλος,
3204 5493 3230 5542 ὁ
3255 5492 3460 5554 πάντας
3490 5491 3684 5559 φιλῶν,
3707 5492 3796 5543 καὶ

2231 5580 2397 5632 θέλων
2437 5580 2696 5648 σωθῆναι.
2746 5580 3143 5649 Προσέρχονται
3177 5582 3357 5634 τοίνυν
3402 5582 3592 5635 πολλοὶ
3633 5584 3689 5634 ἐν
3721 5582 3793 5650 τῷ

2237 5672 2597 5740 μεσονυκτίῳ,
2633 5672 2906 5724 τουτέστιν
2936 5674 2991 5723 ἐν
3026 5674 3101 5742 τῷ
3133 5674 3344 5744 ἐσχάτῳ
3379 5675 3498 5744 βίῳ,
3547 5674 3624 5744 τῷ
3655 5674 3791 5743 Θεῷ,

2233 5763 2303 5823 ὡς
2338 5762 2493 5831 φίλῳ,
2541 5765 2631 5817 καὶ
2687 5764 2902 5832 λέγουσι
2935 5782 2944 5794 ·
2989 5767 3084 5830 Δλις
3119 5772 3263 5837 τρεῖς
3328 5769 3550 5838 ἄρτους,
3590 5768 3686 5838 τὴν
3716 5769 3791 5830 είς
