4030 6422
247 370 355 435 857

869 374 1316 439 ENARRATIO
1362 380 1438 439 lN
1478 375 2261 451 EVANGELIUMIUCE.
2293 414 2362 425 -·-
2403 390 2565 455 CAP.
2603 392 2709 455 XI.

3435 396 3541 461 858

245 484 454 554 Τριάεα
482 482 679 539 πίστιν.
724 485 881 549 Φίλος
911 487 1019 556 γὰρ
1068 489 1404 559 παρεγένετο
1474 494 1781 557 τουτέστιν,
1811 496 1828 547 ἰ

1951 498 2108 553 fidem
2159 501 2214 555 in
2255 500 2602 562 Trinitatem.
2657 507 2882 564 Amicus
2920 504 3065 563 enim
3105 520 3263 562 meus
3296 507 3537 579 advenit,

247 577 487 645 ἄγγελος
512 578 543 630 6
579 578 679 647 τὴν
716 577 897 649 ψυχὴν
930 581 1403 652 παραλαμϐάνων.
1440 586 1599 650 Φίλος
1644 587 1706 640 δὲ
1744 589 1838 642 καὶ

247 671 359 734 πᾶς
386 670 640 738 ἄγγελος,
668 669 814 723 καθὰ
844 672 910 744 δὴ
942 674 1034 727 καὶ
1061 675 1089 726 6
1119 673 1323 744 Κύριός
1352 693 1520 747 φησι·
1565 678 1726 747 Χαρὰ
1756 681 1840 748 γί-

245 777 398 814 νεται
447 763 505 813 ἐν
564 761 782 833 ούρανῷ
831 766 925 817 ἐπὶ
979 766 1228 837 σωτηρίᾳ
1268 766 1587 834 ἀνθρώπου.
1649 769 1732 824 Τὰ
1780 772 1840 825 δέ

246 849 439 902 τ-..αιδία
488 850 558 903 τὰ
598 852 691 905 ἐπὶ
736 854 838 926 τῆς
882 854 1072 925 κλίνης
1120 858 1540 929 ἀναπαυόμενα,
1601 863 1739 915 εἰσὶν
1790 867 1838 919 οἰ

247 939 600 1008 στραφέντες,
630 942 724 995 καὶ
751 947 1040 1011 γεγονότες
1077 947 1154 1011 ὡς
1184 948 1251 1001 τὰ
1284 950 1499 1017 παιδία,
1534 954 1629 1005 καὶ
1658 953 1832 1023 ἠξιωο

248 1029 402 1099 μένοι
431 1029 509 1101 τῶ
541 1032 733 1103 Κυρίῳ
758 1038 1268 1094 συναναπαύεσθαι.
1324 1042 1631 1099 Ἀναίδειαν
1662 1047 1720 1099 δὲ
1753 1048 1839 1101 λέ-

244 1136 333 1186 γει
372 1121 471 1192 τὴν
530 1123 977 1198 μεθ”ὑπομονῆς
1033 1133 1442 1204 ἐπιτεταμένην
1492 1138 1835 1210 προσευχήν.

244 1211 379 1265 Ντόει
417 1213 476 1266 δὲ
512 1216 607 1269 καὶ
642 1217 839 1285 ἄλλως,
887 1223 1247 1285 μεσονύκτιον
1305 1225 1429 1296 μὲν,
1486 1230 1589 1297 τὴν
1630 1231 1836 1301 ἀκμὴν,

244 1303 431 1356 καὶτὸ
484 1308 816 1376 μεσαίτατον
866 1312 977 1365 τῶν
1019 1317 1372 1387 πειρασμῶν.
1422 1320 1539 1384 Νὺξ
1576 1322 1679 1389 μὲν
1726 1323 1839 1393 γὰρ

244 1396 357 1457 πᾶς
393 1399 720 1468 πειρασμὸς,
776 1402 1133 1469 μεσονύκτιον
1167 1406 1224 1460 δὲ
1275 1409 1496 1474 πάντως
1553 1412 1614 1465 τὸ
1668 1416 1837 1485 μέσον

242 1485 353 1538 τῶν
392 1490 731 1559 πειρασμῶν.
766 1493 936 1548 Ὅταν
965 1496 1062 1551 οὖν
1094 1516 1177 1563 τις
1234 1504 1293 1559 ἐν
1337 1504 1524 1571 μέσοις
1555 1508 1668 1571 τοῖς
1719 1525 1839 1560 πειο

244 1584 483 1648 ρασμοῖς
538 1584 788 1653 γένηται,
841 1590 1210 1661 προσέρχεται
1263 1593 1342 1664 τῷ
1387 1596 1633 1665 φιλοῦντι
1689 1601 1837 1669 ἡμᾶς

241 1670 286 1720 Θ
323 1671 389 1738 ᾧ,
428 1675 520 1726 καὶ
546 1674 690 1743 λέγει
714 1695 727 1707 ·
767 1679 987 1751 Χρῆσόν
1029 1700 1123 1752 μοι
1149 1688 1298 1756 τρεῖς
1328 1688 1547 1759 ἄρτους,
1582 1690 1682 1762 τὴν
1730 1710 1837 1745 σω-

238 1766 447 1834 τηρίαν
489 1767 579 1820 τοῦ
611 1770 883 1841 σώματος,
918 1775 1012 1828 καὶ
1033 1777 1131 1846 τῆς
1160 1771 1361 1849 ψυχῆς,
1398 1781 1493 1835 καὶ
1534 1784 1630 1836 τοῦ
1672 1785 1837 1837 πνεύ-

1945 589 2048 647 hoc
2073 598 2178 655 est,
2218 596 2445 664 angelus
2483 598 2578 667 qui
2607 600 2845 654 animam
2884 598 3135 657 assumit.
3177 597 3405 653 Amicus
3435 615 3537 653 au-

1944 691 2052 738 tem
2082 693 2168 739 est
2194 688 2370 742 omnis
2393 690 2643 760 angelus,
2676 691 2821 747 sicut
2852 702 2906 747 et
2940 691 3203 747 Dominus
3231 690 3373 745 dixit
3396 690 3541 760 quod

1943 776 2200 843 gaudium
2270 779 2476 835 factum
2528 792 2611 837 est
2663 784 2714 838 in
2751 785 2895 853 ccelo
2944 786 3012 839 de
3054 783 3230 838 salute
3278 782 3520 838 hominis

1942 866 2104 922 Pueri
2160 878 2346 925 autem
2386 874 2477 941 qui
2520 874 2574 929 in
2634 874 2775 930 lecto
2830 875 3146 945 quiescunt,
3178 884 3306 929 sunt
3347 875 3401 928 hi
3447 873 3541 944 qui

1943 962 2189 1017 conversi
2224 973 2371 1026 sunt,
2396 972 2450 1018 et
2475 963 2603 1020 facti
2637 974 2764 1020 sunt
2805 977 2865 1021 ut
2890 966 3069 1038 pueri,
3103 974 3159 1021 et
3187 966 3335 1035 digni
3365 964 3538 1019 habili

1943 1056 2193 1126 suntqui
2239 1058 2587 1126 quiescerent
2639 1075 2763 1115 cum
2826 1060 3081 1116 Domino.
3135 1058 3537 1129 impudentiam

1944 1156 2125 1201 autem
2172 1158 2228 1203 et
2273 1149 2678 1217 improbitatem
2734 1152 2865 1206 dicit
2920 1150 3229 1205 orationem
3270 1158 3538 1205 attentam

1942 1254 2065 1292 cum
2098 1242 2450 1297 sustinentia.
2477 1242 2722 1312 lntellige
2745 1251 2805 1298 et
2833 1242 3014 1307 aliter,
3044 1256 3144 1311 per
3162 1240 3401 1296 mediam
3436 1255 3542 1294 no-

1942 1340 2105 1398 clem,
2149 1333 2421 1403 ingentem
2454 1336 2838 1391 tentationem.
2872 1332 2989 1389 Nox
3020 1335 3164 1388 enim
3212 1333 3391 1388 omnis
3419 1342 3542 1387 ten-

1945 1423 2078 1477 tatio
2114 1441 2127 1477 :
2163 1424 2343 1479 media
2369 1435 2555 1480 autem
2598 1442 2730 1491 nos,
2761 1427 2944 1481 omnis
2975 1427 3295 1481 tentationis
3332 1425 3540 1480 fervor.

1944 1514 2111 1584 igitur
2141 1529 2263 1570 cum
2305 1518 2429 1586 quis
2481 1520 2533 1571 in
2574 1519 2782 1573 medias
2836 1519 3169 1574 tentationes
3208 1518 3539 1587 pervenerit,

1942 1608 2155 1662 accedit
2196 1610 2261 1662 ad
2291 1609 2455 1663 Deum
2491 1626 2591 1664 nos
2614 1610 2931 1681 diligentem
2964 1619 3019 1664 et
3046 1610 3179 1665 dicit
3202 1630 3214 1665 :
3236 1609 3541 1664 Commoda

1943 1699 2072 1773 mihi
2109 1709 2219 1755 tres
2241 1716 2427 1769 panes,
2448 1702 2682 1756 salutem
2707 1704 2956 1772 corporis
2982 1702 3217 1768 scilicet,
3246 1711 3299 1757 et
3319 1703 3542 1767 animm,

1945 1804 2001 1845 et
2030 1792 2278 1861 spiritus.
2309 1794 2557 1848 Timetur
2592 1795 2740 1849 enim
2796 1810 2863 1849 ne
2919 1795 3022 1848 tria
3062 1795 3177 1849 haec
3226 1808 3325 1864 per
3358 1802 3539 1848 tenta-

244 1874 444 1924 ματος.
488 1860 617 1913 Ἀπὸ
647 1864 756 1935 γὰρ
799 1872 909 1919 τῶν
954 1845 1307 1940 πειρασμῶν*
1337 1872 1479 1938 δέος,
1513 1876 1589 1946 μὴ
1646 1879 1828 1931 κινδυ-

1950 1886 2125 1939 tiones
2155 1884 2557 1953 periclitentur.
2585 1885 2721 1953 Quis
2755 1896 2938 1940 autem
2969 1886 3183 1941 amicus
3212 1894 3295 1940 est
3326 1886 3417 1954 qui
3443 1899 3542 1941 ve-

245 1951 419 2022 νεύσῃ
457 1952 629 2007 ταῦτα
660 1956 729 2010 τὰ
752 1959 903 2026 τρία.
947 1960 1044 2024 Τίς
1070 1961 1126 2014 δέ
1157 1964 1184 2014 6
1234 1963 1393 2031 φίλος
1432 1967 1460 2018 6
1516 1972 1832 2038 παραγενό-

240 2060 412 2108 μενος
459 2043 519 2109 ἐξ
550 2045 704 2113 όδοῦς
742 2042 818 2101 Ἦ
874 2050 1094 2117 πάντως
1128 2056 1154 2106 6
1200 2055 1410 2125 Κύριος
1452 2060 1479 2111 6
1523 2058 1839 2128 δοκιμάζων

238 2135 392 2203 ἡμᾶς
420 2137 478 2187 ἐν
502 2139 612 2201 τοῖς
635 2144 985 2210 πειρασμοῖς,
1014 2146 1107 2197 καὶ
1134 2145 1307 2200 θέλων
1339 2152 1539 2216 φαγεῖν
1575 2152 1673 2221 τὴν
1706 2154 1839 2221 ήμε-

236 2224 409 2294 τέραν
445 2228 755 2297 σωτηρίαν;
790 2231 906 2284 Οὑκ
947 2232 1061 2303 ἔχει
1100 2234 1157 2287 δὲ
1195 2237 1249 2289 τί
1309 2241 1623 2311 παραθήσει
1657 2242 1838 2314 τούτῳ

235 2320 264 2369 6
294 2318 357 2371 ιν
394 2320 507 2381 τοῖς
570 2326 902 2393 πειρασμοῖς
951 2326 1238 2394 ἐμπεσὼν,
1295 2331 1393 2385 καὶ
1432 2333 1679 2387 ἀσθενῶν
1739 2337 1835 2405 ἀφ’

236 2409 434 2463 ἑαυτοῦ
482 2413 801 2481 ἀντιστῆναι
853 2417 1090 2483 τούτοις,
1138 2422 1232 2476 καὶ
1267 2422 1615 2491 θεραπεῦσαι
1668 2427 1826 2481 Θεόν.

234 2496 313 2552 Τὸ
350 2502 406 2555 δὲ
447 2503 769 2574 κλεισθῆναι
813 2510 913 2579 τὴν
951 2510 1147 2580 θύραν,
1209 2515 1369 2568 τοῦτο
1416 2520 1699 2587 σημαίνει,
1751 2520 1835 2573 ὅτι

232 2594 319 2645 δεῖ
354 2595 461 2663 πρὸ
494 2595 604 2647 τῶν
634 2602 965 2671 πειρασμῶν
992 2605 1142 2673 ἡμᾶς
1172 2602 1312 2660 εἶναι
1357 2611 1827 2680 ἡτοιμασμένους,

233 2681 377 2735 ἐπὰν
412 2684 467 2737 δὲ
523 2686 884 2758 ἐμπέσωμεν,
919 2693 1233 2748 κέκλεισται
1271 2697 1302 2767 ή
1356 2700 1453 2766 τῆς
1510 2701 1832 2771 ἐτοιμασίας

234 2775 401 2844 θύρα,
464 2777 560 2829 καὶ
606 2779 888 2850 ὰνὲτοιμοι
950 2784 1360 2854 εὑρισκόμενοι,
1416 2790 1465 2841 εἰ
1518 2791 1595 2860 μὴ
1636 2794 1664 2843 ὁ
1700 2792 1832 2855 Θεὸς

232 2866 520 2938 βοηθήσει,
562 2873 1025 2943 κινδυνεύσωμεν.
1060 2879 1257 2931 Παιδία
1289 2879 1367 2945 δὲ,
1412 2880 1559 2935 καθὰ
1612 2901 1831 2953 προαπ-

232 2960 519 3031 εδόθησαν,
550 2962 660 3017 εἰεν
687 2966 752 3019 ἂν
774 2969 823 3019 οἰ
855 2969 1141 3038 γενόμενοι
1172 2972 1279 3025 υἱοὶ
1314 2973 1410 3026 τοῦ
1437 2974 1574 3028 Θεοῦ
1601 2977 1670 3029 δι’
1702 2979 1834 3047 ἀρε-

224 3053 352 3125 τῆς,
380 3055 476 3108 καὶ
512 3058 955 3129 ἀνακλινόμενοι,
1004 3064 1100 3115 καὶ
1131 3064 1547 3135 ἀναπαυόμενοι
1585 3070 1643 3121 ἐν
1684 3069 1826 3139 Θεῷ.

313 3166 331 3197 ι
369 3148 541 3215 Κάγὼ
573 3150 701 3219 ὑμῖν
737 3151 883 3218 λέγω
908 3166 922 3182 ⁸
958 3154 1193 3217 Αἰτεῖτε,
1226 3157 1320 3209 καὶ
1355 3158 1643 3229 δοθήσεται
1677 3162 1824 3230 ὑμῖν,
1857 3193 1897 3253 C

229 3240 468 3308 ζητεῖτε,
506 3241 600 3293 καὶ
659 3243 954 3314 εὑρήσετε,
1018 3247 1269 3317 κρούετε,
1331 3252 1425 3303 καὶ
1476 3254 1827 3322 ἀνοιγήσεται

226 3332 381 3400 ὑμῖν.
409 3334 524 3397 Πᾶς
556 3336 665 3405 γὰρ
698 3337 725 3389 6
756 3338 924 3391 αἰτῶν
954 3340 1250 3408 λαμϐάνει,
1282 3344 1377 3395 καὶ
1416 3346 1443 3397 6
1473 3344 1655 3415 ζητῶν
1682 3346 1830 3418 εὑρί-

226 3440 373 3488 σκει,
416 3426 509 3477 καὶ
549 3426 627 3497 τῷ
663 3428 912 3498 κρούοντι
946 3431 1319 3501 ἀνοιγήσεται.
1372 3436 1507 3489 Τίνα
1563 3437 1620 3490 δὲ
1674 3437 1829 3508 ὑμῶν

222 3516 319 3566 τὸν
350 3516 565 3586 πατέρα
596 3519 813 3589 αἰτήσει
844 3520 872 3571 6
914 3521 1028 3584 υίὸς
1063 3524 1250 3594 ἄρτον,
1289 3528 1364 3595 μὴ
1396 3526 1544 3579 λίθον
1572 3528 1829 3583 ἐπιδώσει

223 3606 412 3676 αὑτῷ;
455 3610 525 3660 ’Π
560 3611 654 3663 καὶ
683 3610 857 3680 ἰχθὺν,
894 3612 969 3683 μὴ
1012 3615 1133 3667 ἀντὶ
1180 3616 1360 3687 ἰχθύος
1387 3617 1513 3686 ὅφιν
1562 3619 1821 3675 ἐπιδώσει

222 3696 413 3765 αὑτῴ;
456 3700 524 3750 Ἢ
564 3702 657 3751 καὶ
704 3702 798 3753 ἐὰν
844 3703 1046 3775 αἰτήσῃ
1094 3706 1222 3773 ὠὸν,
1256 3708 1332 3778 μὴ
1366 3710 1625 3765 ἐπιδώσει
1676 3713 1829 3787 αὑτῷ

222 3790 523 3857 σκορπίον;
557 3791 618 3843 Εἰ
655 3787 750 3845 οὖν
788 3793 949 3863 ὑμεῖς
990 3800 1223 3869 πονηροὶ
1267 3800 1613 3871 ὑπάρχοντες
1644 3805 1823 3859 οἴδατε

219 3881 438 3950 δόματα
468 3884 649 3951 ἀγαθὰ
674 3885 873 3940 διδόναι
904 3890 1016 3951 τοῖς
1048 3890 1260 3955 τέκνοις
1287 3893 1468 3964 ὑμῶν,
1495 3896 1650 3967 πόσῳ
1687 3896 1826 3968 μᾶλ-

219 3971 316 4024 λον
347 3973 375 4023 6
410 3974 599 4043 Πατήρ
635 3978 661 4028 6
695 3975 755 4039 ἐξ
796 3977 1033 4048 οὐρανοῦ
1062 3980 1224 4035 δώσει
1270 3984 1497 4055 Πνεῦμα
1523 3988 1681 4055 ἅγιον
1712 3992 1827 4055 τοῖς

218 4061 471 4116 αἰτοῦσιν
505 4066 699 4118 αὑτόνι
730 4085 747 4117 ι
787 4067 932 4137 Ὅρα
959 4069 1017 4121 τὸ
1054 4071 1284 4143 ἀκριϐὲς
1319 4075 1417 4144 τῆς
1455 4076 1674 4142 λέξεως.
1709 4082 1824 4135 Οὑκ

217 4153 403 4220 εἶπεν,
444 4158 525 4209 ὅτι
552 4160 880 4228 Αίτήσασθε,
923 4162 1016 4215 καὶ
1055 4164 1362 4234 δοθήσεται,
1407 4170 1553 4237 ἀλλ’,
1584 4173 1820 4237 Αἰτεῖτε,

217 4250 346 4302 ἀντὶ
372 4249 492 4311 τοῦ,
520 4250 784 4320 διηνεκῶς
817 4252 1056 4322 ζητεῖτε.
1098 4258 1214 4321 Πᾶς
1233 4258 1340 4330 γὰρ
1362 4260 1389 4312 6
1413 4262 1581 4316 αἰτῶν
1611 4262 1823 4334 λαμϐά-

216 4358 325 4393 νει.
364 4338 509 4411 Ἀρα
545 4339 639 4395 οὖν
682 4345 711 4396 6
760 4345 1060 4416 ἀσύμφορα
1104 4350 1270 4404 αἰτῶν
1310 4353 1617 4423 λαμϐάνει;
1658 4358 1813 4429 Οὐχί·

219 4433 443 4505 πρῶτον
474 4435 574 4505 μὲν
613 4436 721 4507 γὰρ
746 4439 778 4508 ή
802 4439 911 4490 τῶν
942 4442 1282 4513 ἀσυμφόρων
1329 4446 1547 4516 αἴτησις
1577 4450 1701 4502 οὑδέ
1732 4452 1821 4504 αῖ·-

1944 1980 2023 2034 nit
2088 1981 2153 2031 de
2218 1980 2340 2034 via?
2391 1978 2624 2035 Omnino
2690 1981 2973 2041 Dominus,
3026 1978 3119 2047 qui
3144 1979 3341 2047 probat
3368 1993 3466 2033 nos
3490 1979 3543 2032 in

1945 2069 2363 2135 tentationibus,
2402 2081 2455 2124 et
2490 2070 2683 2123 avidus
2726 2079 2812 2124 est
2864 2070 3059 2124 edendi
3121 2070 3190 2124 de
3226 2068 3405 2123 salute
3446 2083 3546 2125 no-

1941 2160 2091 2212 stra?
2120 2158 2283 2230 355
2316 2160 2433 2213 Non
2469 2162 2632 2214 habet
2668 2171 2850 2214 autem
2900 2160 3043 2230 quod
3080 2160 3542 2230 apponatamico,

1942 2251 1988 2305 is
2016 2254 2107 2320 qui
2143 2254 2196 2305 in
2235 2254 2562 2307 tentationcs
2603 2252 2893 2317 inciderat,
2947 2262 3001 2305 et
3050 2252 3307 2307 infirmus
3357 2266 3453 2320 per
3484 2264 3544 2307 se

1942 2351 2001 2396 ut
2030 2342 2259 2398 obsistat
2284 2343 2412 2406 illis,
2445 2353 2495 2398 et
2533 2352 2689 2399 curet
2726 2358 2789 2398 ea
2836 2358 2961 2414 quae
2998 2352 3127 2396 sunt
3152 2342 3270 2397 Dei.
3342 2340 3537 2397 Claudi

1934 2434 2158 2503 januam
2218 2435 2397 2503 signat
2426 2436 2568 2502 quod
2600 2443 2857 2506 oporteat
2906 2446 3031 2490 ante
3080 2436 3410 2492 tentationes
3442 2449 3543 2492 nos

1938 2540 2057 2580 esse
2092 2540 2447 2596 praeparatos.
2482 2527 2621 2583 Cum
2682 2538 2867 2582 autem
2924 2530 3307 2591 inciderimus,
3348 2528 3537 2583 clausa

1938 2631 2021 2672 ρει
2056 2620 2481 2686 ρεπιρτηοτιιίοηίε
2502 2618 2697 2685 jauua,
2730 2630 2783 2675 et
2814 2620 2903 2689 qui
2930 2620 3293 2675 inveniuntur
3324 2619 3538 2688 imprac-

1936 2711 2136 2781 parati,
2162 2711 2265 2763 nisi
2304 2709 2443 2763 Deus
2500 2712 2796 2779 adjuverit,
2851 2712 3333 2781 periclitabuntur.
3376 2709 3537 2764 Pueri

1934 2816 2140 2865 autem,
2169 2805 2308 2857 sicut
2330 2804 2479 2871 prius
2506 2806 2729 2869 dictum,
2768 2806 2822 2859 hi
2849 2816 2998 2870 sunt,
3034 2806 3124 2872 qni
3154 2817 3249 2873 per
3282 2803 3538 2858 virtutem

1936 2894 2062 2949 farti
2089 2906 2218 2949 sunt
2252 2895 2343 2949 lilii
2382 2895 2496 2958 Dei,
2531 2907 2586 2950 et
2614 2900 2943 2953 recumbunt
2982 2912 3047 2953 ac
3079 2896 3373 2967 quiescunt
3414 2910 3538 2951 cum

1936 2985 2070 3043 Deo.

2014 3164 2175 3221 Vens.
2224 3166 2380 3221 9-15.
2412 3184 2431 3217 ι
2478 3166 2543 3221 Ει
2589 3182 2689 3238 ego
2720 3168 2840 3222 dico
2874 3168 3027 3222 vobis
3069 3186 3083 3221 :
3112 3166 3311 3233 Petite,
3344 3177 3400 3224 et
3431 3167 3533 3224 da-

1934 3257 2081 3313 bitur
2138 3258 2327 3322 vobis;
2378 3258 2625 3326 quaerite,
2690 3265 2746 3311 et
2792 3257 3127 3324 invenietis;
3181 3258 3411 3330 pulsate,
3481 3268 3538 3313 et

1934 3349 2208 3418 aperietur
2236 3350 2408 3404 vobis.
2443 3348 2636 3403 Omnis
2667 3349 2812 3403 enim
2848 3352 2939 3418 qui
2978 3352 3136 3421 petit,
3184 3352 3387 3421 accipit
3428 3368 3441 3405 :
3482 3361 3534 3406 et

1932 3440 2022 3507 qui
2075 3440 2288 3506 qumrit,
2337 3439 2594 3493 invenit:
2651 3446 2706 3494 et
2746 3438 2983 3508 pulsanti
3040 3442 3338 3511 aperietur.
3400 3442 3535 3509 Quis

1932 3541 2115 3586 autem
2152 3546 2220 3586 ex
2262 3530 2414 3587 vobis
2456 3540 2629 3601 pater,
2670 3547 2696 3583 a
2750 3548 2860 3600 quo
2904 3532 2949 3587 si
3000 3532 3141 3589 ﬁlius
3171 3535 3393 3602 petierit
3432 3551 3528 3605 pa-

1932 3640 2074 3687 nem,
2103 3623 2486 3691 num_lapidem
2510 3623 2660 3677 dabit
2686 3622 2801 3676 illi?
2827 3626 2933 3677 Aut
2956 3625 2997 3679 si
3025 3626 3253 3693 piscem,
3276 3642 3406 3681 num
3436 3642 3536 3696 pro

1931 3717 2078 3786 pisce
2109 3726 2417 3784 serpentem
2442 3716 2589 3769 dabit
2622 3715 2927 3770 illi?Autsi
2958 3718 3383 3784 petieritovum,
3404 3734 3533 3773 num

1929 3808 2171 3875 porriget
2213 3806 2286 3860 illi
2320 3807 2636 3876 scorpium?
2674 3804 2728 3860 Si
2754 3821 2890 3874 ergo
2926 3822 3042 3873 vos,
3069 3823 3193 3863 cum
3226 3808 3346 3864 sitis
3382 3810 3533 3875 mali,

1930 3898 2102 3952 nostis
2135 3897 2258 3951 data
2298 3897 2440 3951 bona
2486 3898 2616 3952 dare
2667 3898 2794 3953 ﬁliis
2819 3898 3018 3953 vestris
3061 3917 3074 3953 :
3112 3908 3321 3969 quanto
3361 3900 3535 3971 magis

1926 3987 2087 4045 Pater
2118 3998 2300 4045 vester
2337 3989 2435 4059 qui
2488 3989 2542 4043 in
2578 3990 2729 4045 cwlis
2760 4000 2866 4055 est,
2912 3990 3066 4046 dabit
3103 3990 3368 4061 Spiritum
3407 4009 3535 4048 san-

1926 4094 2071 4138 ctum
2115 4082 2467 4153 poscentibus
2516 4084 2612 4136 se!
2661 4101 2679 4133 ο
2724 4082 2913 4137 Videte
2960 4084 3250 4139 verborum
3296 4086 3532 4156 diligen-

1930 4178 2080 4230 tiam.
2122 4176 2240 4231 Non
2266 4175 2430 4238 dixit,
2462 4176 2681 4245 petetis,
2716 4186 2770 4230 et
2803 4175 3041 4245 dabitur,
3066 4177 3184 4243 sed,
3209 4179 3399 4249 petite,
3431 4181 3532 4235 hoc

1926 4279 2033 4336 est,
2068 4270 2333 4324 continuo
2374 4270 2624 4338 quaerite.
2652 4268 2845 4325 Omnis
2884 4271 3030 4324 enim
3064 4272 3154 4340 qui
3192 4273 3348 4340 petit,
3384 4274 3530 4327 acci-

1927 4362 2025 4430 pit.
2054 4360 2311 4429 Nunquid
2344 4376 2476 4431 ergo
2506 4370 2562 4414 et
2596 4360 2686 4430 qui
2735 4361 2869 4429 petit
2913 4376 3033 4430 quae
3067 4376 3176 4416 non
3213 4364 3530 4431 expediunt,

1925 4454 2323 4525 accipitiNon.
2348 4453 2535 4508 Primo
2572 4454 2744 4523 igitur
2774 4469 2955 4508 rerum
2993 4454 3279 4508 noxiarum
3340 4456 3532 4525 petitio

212 4544 380 4597 τησις
430 4528 496 4579 ἂν
546 4529 772 4601 κληθείη
826 4533 961 4602 πρὸς
999 4535 1090 4586 τὸν
1134 4536 1289 4592 Θεόν.
1351 4540 1408 4593 'U
1450 4541 1558 4612 γάρ
1590 4544 1667 4613 τῷ
1703 4544 1823 4617 Θεῷ

1934 4561 2038 4601 non
2076 4555 2299 4602 vocatur
2334 4550 2525 4617 petitio
2571 4548 2713 4618 apud
2773 4547 2966 4603 Deum.
3023 4547 3160 4603 Nam
3210 4549 3301 4619 qui
3361 4549 3529 4605 Deum

216 4623 685 4693 προσευχόμενος,
711 4627 921 4693 ὀφείλει
960 4629 1249 4699 αἰτεῖσθαι,
1273 4632 1309 4686 ἃ
1342 4635 1549 4699 ἐκεῖνος
1578 4636 1812 4695 δίδωσιν.

211 4718 389 4768 ’Ὅταν
420 4716 476 4767 δέ
532 4735 614 4781 τις
662 4719 733 4771 τὰ
783 4721 1084 4791 ἀσύμφορα
1135 4726 1396 4793 αἰτεῖται,
1442 4730 1503 4783 οὑ
1546 4731 1683 4799 πρὸς
1723 4733 1816 4787 τὸν

207 4809 348 4861 Θεὸν
379 4810 614 4863 ποιεῖται
646 4811 747 4881 τὴν
784 4813 1023 4883 αἴτησιν
1058 4808 1215 4880 οὗτος
1250 4820 1358 4890 γὰρ
1402 4819 1702 4893 ἀσύμφορα
1751 4824 1812 4877 οὑ

208 4901 451 4955 δίδωσιν.
497 4902 731 4957 Ἔπειτα
768 4904 933 4959 ἄκουε
966 4909 1060 4960 καὶ
1102 4910 1269 4963 αὑτοῦ
1302 4912 1397 4965 τοῦ
1425 4914 1655 4983 Κυρίου,
1695 4916 1812 4981 πῶς

206 4993 456 5046 διδάσκει
492 4996 640 5064 ἡμᾶς
664 4997 934 5051 αἰτεῖσθαι
968 4999 1002 5052 ἂ
1036 5001 1135 5056 δεῖ.
1175 5003 1373 5072 Ἀρτον
1404 5005 1535 5074 γὰρ,
1562 4997 1753 5078 φήσιν,
1782 5010 1812 5063 6

208 5081 329 5142 υίὸς
366 5082 457 5135 καὶ
503 5083 656 5152 ἰχθὺν
697 5086 788 5138 καὶ
837 5087 943 5140 ὠὸν
990 5091 1245 5147 αἰτεῖται.
1276 5095 1489 5166 Ὠσπερ
1520 5093 1612 5152 οὖν
1633 5100 1810 5155 ταῦτα

207 5171 507 5239 ἀνθρώπου
538 5176 656 5262 ἐστὶ
690 5177 919 5247 βρῶσις,
952 5180 1097 5235 οὕτω
1120 5184 1215 5238 καὶ
1242 5187 1310 5240 τὰ
1341 5189 1623 5258 αἰτήματα
1655 5194 1814 5262 ήμῶν

205 5262 521 5329 ὀφείλουσιν
550 5261 688 5325 εἶναι
716 5272 1065 5342 συμφέροντα
1086 5276 1180 5328 καὶ
1204 5294 1265 5330 συ
1275 5279 1629 5353 μϐαλλόμενα
1654 5261 1808 5355 ήμῖν.

205 5357 344 5409 Nisi
375 5356 430 5410 δέ
476 5376 588 5428 μοι,
636 5361 717 5415 ὅτι
748 5363 913 5434 άρτον
953 5367 1053 5437 μὲν
1086 5372 1320 5425 αἰτεῖται
1378 5376 1487 5438 πᾶς
1534 5376 1562 5428 6
1596 5376 1696 5448 τὴν
1731 5379 1814 5443 εἰς

208 5447 425 5515 Τριάδα
448 5451 632 5505 πίστιν
648 5454 1107 5529 ἀποκαλυφθῆναι
1129 5462 1300 5533 αὑτῷ,
1319 5467 1413 5519 καὶ
1430 5467 1527 5539 τὴν
1538 5447 1809 5541 ὀρθότητα

204 5541 318 5592 τῶν
354 5543 643 5612 δογμάτων
700 5549 869 5605 αἰτῶν
897 5568 910 5582 '
950 5552 1114 5623 ἄρτος
1166 5558 1274 5629 γὰρ
1314 5560 1489 5616 ταῦτά
1536 5564 1676 5617 εἰσιν
1729 5565 1809 5630 ὡς

206 5635 541 5704 στηρίζοντα
586 5642 835 5711 καρδίαν.
883 5644 1058 5717 ’ἰχθὺν
1094 5649 1152 5703 δὲ
1200 5652 1343 5707 αἰτεῖ
1372 5655 1399 5706 6
1434 5657 1491 5710 ἐν
1520 5655 1601 5727 τῷ
1632 5658 1802 5713 πελά-

285 5823 329 5853 δ²
375 5822 515 5878 Psal.
560 5839 677 5888 cm,
726 5825 815 5883 14.

1927 4651 2070 4703 orat.
2113 4640 2274 4696 debet
2304 4651 2492 4713 petere
2518 4657 2640 4712 quas
2668 4642 2757 4697 ille
2788 4644 2901 4697 dat.
2937 4641 3167 4708 Quando
3204 4652 3385 4698 autem
3410 4643 3533 4713 quis

1928 4734 2091 4789 noxia
2138 4734 2296 4804 petit,
2341 4750 2451 4789 non
2489 4736 2555 4790 ad
2616 4734 2785 4789 Deum
2836 4734 3159 4805 petitionem
3196 4734 3371 4791 facit:
3418 4735 3533 4804 ipse

1925 4826 2067 4880 enim
2126 4828 2284 4881 noxia
2340 4842 2445 4881 non
2498 4827 2611 4883 dat.
2678 4828 2906 4898 Insuper
2962 4827 3089 4882 audi
3130 4830 3298 4882 etiam
3351 4828 3529 4896 ipsum

1924 4916 2215 4971 Dominum
2256 4919 2531 4989 quomodo
2560 4919 2757 4975 doceat
2792 4934 2892 4974 nos
2925 4928 3117 4990 petere
3144 4934 3265 4991 qua
3290 4929 3529 4990 oportet.

1922 5008 2145 5074 Panem,
2183 5011 2379 5079 inquit,
2411 5019 2467 5065 et
2508 5012 2710 5081 piscem
2737 5021 2795 5067 et
2816 5026 2980 5067 ovum
3016 5013 3159 5070 ﬁlius
3184 5014 3341 5084 petit.
3374 5012 3532 5070 Sicut

1918 5102 2080 5172 igitur
2123 5102 2237 5157 haec
2278 5102 2515 5158 hominis
2542 5114 2674 5159 sunt
2714 5103 2869 5160 cibus
2900 5103 2971 5171 δ’,
3014 5106 3087 5160 ita
3118 5114 3174 5161 et
3231 5106 3525 5175 petitiones

1918 5204 2117 5250 nostra:
2160 5195 2322 5250 utiles
2357 5197 2516 5252 nobis
2553 5210 2678 5253 esse
2706 5197 2930 5253 debent.
2977 5197 3227 5269 luteilige
3260 5200 3348 5254 hic
3378 5199 3524 5269 quod

1914 5301 2110 5356 panem
2146 5296 2291 5358 petat
2320 5292 2501 5344 omnis
2542 5292 2634 5359 qui
2669 5289 2829 5344 tidem
2879 5292 2931 5344 in
2965 5291 3295 5346 Trinitatem
3347 5302 3401 5347 et
3438 5306 3525 5345 re-

1913 5382 2237 5437 ctitudinem
2271 5384 2585 5453 dogmatum
2620 5382 2849 5439 revelari
2878 5383 2985 5439 sibi
3027 5385 3183 5455 petit.
3219 5382 3345 5439 Haec
3374 5384 3521 5440 enim

1912 5486 2010 5529 cor
2042 5474 2185 5528 sicut
2215 5475 2372 5543 panis
2405 5474 2755 5531 conﬁrmant.
2792 5476 2861 5529 At
2892 5478 3096 5547 piscem
3128 5477 3284 5547 petit,
3326 5476 3420 5545 qui
3462 5476 3518 5531 in

1910 5565 2051 5621 mari
2074 5568 2199 5622 vitae
2222 5569 2385 5639 hujus
2428 5577 2535 5634 est,
2567 5578 2622 5625 et
2649 5570 2849 5641 qumril
2876 5586 2904 5624 a
2938 5569 3048 5625 Deo
3074 5571 3427 5641 adjutorium,
3461 5579 3522 5625 ut

1906 5660 1961 5716 in
1986 5662 2178 5718 mediis
2200 5664 2591 5720 tentationibus
2610 5678 2717 5720 non
2736 5661 3143 5735 submergatur,
3163 5665 3256 5721 sed
3278 5664 3445 5731 vivat,
3466 5672 3522 5724 ct
