  <div class='ocr_page' id='page_1' title='image "/cluster/home/n/w/nwhite01/storage/ocr_20150623/123/ien.35556001659978/435.png"; bbox 0 0 4030 6404; ppageno 0'>
   <div class='ocr_carea' id='block_1_1' title="bbox 567 311 674 374">
    <p class='ocr_par' dir='ltr' id='par_1_1' title="bbox 567 311 674 374">
     <span class='ocr_line' id='line_1_1' title="bbox 567 311 674 374; baseline 0 -1"><span class='ocrx_word' id='word_1_1' title='bbox 567 311 674 374; x_wconf 78' lang='lat'><strong>859</strong></span> 
     </span>
    </p>
   </div>
   <div class='ocr_carea' id='block_1_2' title="bbox 1431 302 2845 367">
    <p class='ocr_par' dir='ltr' id='par_1_2' title="bbox 1431 302 2845 367">
     <span class='ocr_line' id='line_1_2' title="bbox 1431 302 2845 367; baseline 0.001 -1"><span class='ocrx_word' id='word_1_2' title='bbox 1431 302 2006 366; x_wconf 71' lang='lat' dir='ltr'><strong>THEUPHYLACTI</strong></span> <span class='ocrx_word' id='word_1_3' title='bbox 2045 304 2845 367; x_wconf 62' lang='lat' dir='ltr'><strong>BULGARIEARCHIEP.</strong></span> 
     </span>
    </p>
   </div>
   <div class='ocr_carea' id='block_1_3' title="bbox 3701 294 3806 358">
    <p class='ocr_par' dir='ltr' id='par_1_3' title="bbox 3701 294 3806 358">
     <span class='ocr_line' id='line_1_3' title="bbox 3701 294 3806 358; baseline 0.019 -2"><span class='ocrx_word' id='word_1_4' title='bbox 3701 294 3806 358; x_wconf 69' lang='grc' dir='ltr'><strong>εδο</strong></span> 
     </span>
    </p>
   </div>
   <div class='ocr_carea' id='block_1_4' title="bbox 568 400 2137 484">
    <p class='ocr_par' dir='ltr' id='par_1_4' title="bbox 568 412 2123 484">
     <span class='ocr_line' id='line_1_4' title="bbox 568 412 2123 484; baseline -0.003 -12"><span class='ocrx_word' id='word_1_5' title='bbox 568 420 704 472; x_wconf 85' lang='lat' dir='ltr'><strong>sicut</strong></span> <span class='ocrx_word' id='word_1_6' title='bbox 737 417 899 484; x_wconf 78' lang='lat' dir='ltr'><strong>piscis</strong></span> <span class='ocrx_word' id='word_1_7' title='bbox 919 415 1268 470; x_wconf 75' lang='lat' dir='ltr'><strong>custodiatur.</strong></span> <span class='ocrx_word' id='word_1_8' title='bbox 1295 413 1465 468; x_wconf 84' lang='lat' dir='ltr'><strong>Ovum</strong></span> <span class='ocrx_word' id='word_1_9' title='bbox 1496 423 1672 467; x_wconf 88' lang='lat' dir='ltr'><strong>autem</strong></span> <span class='ocrx_word' id='word_1_10' title='bbox 1707 413 1860 482; x_wconf 85' lang='lat' dir='ltr'><strong>petit,</strong></span> <span class='ocrx_word' id='word_1_11' title='bbox 1896 413 1988 481; x_wconf 97' lang='lat' dir='ltr'><strong>qui</strong></span> <span class='ocrx_word' id='word_1_12' title='bbox 2019 412 2123 468; x_wconf 85' lang='lat' dir='ltr'><strong>si‘bi</strong></span> 
     </span>
    </p>
   </div>
   <div class='ocr_carea' id='block_1_5' title="bbox 2238 400 3809 484">
    <p class='ocr_par' dir='ltr' id='par_1_5' title="bbox 2238 400 3809 484">
     <span class='ocr_line' id='line_1_5' title="bbox 2238 400 3809 484; baseline -0.004 -18"><span class='ocrx_word' id='word_1_13' title='bbox 2238 430 2318 483; x_wconf 85' lang='grc' dir='ltr'><strong>γει</strong></span> <span class='ocrx_word' id='word_1_14' title='bbox 2361 414 2459 483; x_wconf 69' lang='grc' dir='ltr'>μὲν</span> <span class='ocrx_word' id='word_1_15' title='bbox 2487 414 2582 468; x_wconf 83' lang='grc' dir='ltr'><strong>τοῦ</strong></span> <span class='ocrx_word' id='word_1_16' title='bbox 2619 415 2736 484; x_wconf 85' lang='grc' dir='ltr'>βίου</span> <span class='ocrx_word' id='word_1_17' title='bbox 2783 413 2880 477; x_wconf 85' lang='grc' dir='ltr'>ὢν,</span> <span class='ocrx_word' id='word_1_18' title='bbox 2918 411 3101 484; x_wconf 71' lang='grc' dir='ltr'>ζητῶν</span> <span class='ocrx_word' id='word_1_19' title='bbox 3145 410 3202 463; x_wconf 82' lang='grc' dir='ltr'><strong>δὲ</strong></span> <span class='ocrx_word' id='word_1_20' title='bbox 3230 400 3328 480; x_wconf 72' lang='grc' dir='ltr'>τῆν</span> <span class='ocrx_word' id='word_1_21' title='bbox 3366 409 3514 478; x_wconf 77' lang='grc' dir='ltr'>παρὰ</span> <span class='ocrx_word' id='word_1_22' title='bbox 3542 404 3637 459; x_wconf 81' lang='grc' dir='ltr'><strong>τοῦ</strong></span> <span class='ocrx_word' id='word_1_23' title='bbox 3679 407 3809 460; x_wconf 83' lang='grc' dir='ltr'>Θεοῦ</span> 
     </span>
    </p>
   </div>
   <div class='ocr_carea' id='block_1_6' title="bbox 570 499 2130 574">
    <p class='ocr_par' dir='ltr' id='par_1_6' title="bbox 570 499 2130 574">
     <span class='ocr_line' id='line_1_6' title="bbox 570 499 2130 574; baseline -0.003 -14"><span class='ocrx_word' id='word_1_24' title='bbox 570 512 926 562; x_wconf 69' lang='grc' dir='ltr'>νινιιιοειιι-υιη</span> <span class='ocrx_word' id='word_1_25' title='bbox 962 499 1259 560; x_wconf 84' lang='lat' dir='ltr'><strong>animarum</strong></span> <span class='ocrx_word' id='word_1_26' title='bbox 1288 505 1491 559; x_wconf 70' lang='lat' dir='ltr'><strong>fructus</strong></span> <span class='ocrx_word' id='word_1_27' title='bbox 1512 506 1624 558; x_wconf 86' lang='lat' dir='ltr'><strong>dari</strong></span> <span class='ocrx_word' id='word_1_28' title='bbox 1664 505 1818 574; x_wconf 89' lang='lat' dir='ltr'><strong>petit.</strong></span> <span class='ocrx_word' id='word_1_29' title='bbox 1850 503 1980 568; x_wconf 65' lang='lat' dir='ltr'><strong>Quae</strong></span> <span class='ocrx_word' id='word_1_30' title='bbox 1999 518 2130 559; x_wconf 88' lang='lat' dir='ltr'><strong>sane</strong></span> 
     </span>
    </p>
   </div>
   <div class='ocr_carea' id='block_1_7' title="bbox 571 595 2125 664">
    <p class='ocr_par' dir='ltr' id='par_1_7' title="bbox 571 595 2125 664">
     <span class='ocr_line' id='line_1_7' title="bbox 571 595 2125 664; baseline -0.002 -13"><span class='ocrx_word' id='word_1_31' title='bbox 571 601 761 652; x_wconf 74' lang='lat' dir='ltr'><strong>anima:</strong></span> <span class='ocrx_word' id='word_1_32' title='bbox 808 597 994 650; x_wconf 78' lang='lat' dir='ltr'><strong>avibus</strong></span> <span class='ocrx_word' id='word_1_33' title='bbox 1021 596 1389 655; x_wconf 85' lang='lat' dir='ltr'><strong>conferuntur,</strong></span> <span class='ocrx_word' id='word_1_34' title='bbox 1423 609 1541 663; x_wconf 69' lang='lat' dir='ltr'><strong>qua:</strong></span> <span class='ocrx_word' id='word_1_35' title='bbox 1592 595 1704 647; x_wconf 87' lang='lat' dir='ltr'><strong>alas</strong></span> <span class='ocrx_word' id='word_1_36' title='bbox 1755 603 2125 664; x_wconf 78' lang='lat' dir='ltr'><strong>sumpserunt,</strong></span> 
     </span>
    </p>
   </div>
   <div class='ocr_carea' id='block_1_8' title="bbox 582 683 2085 753">
    <p class='ocr_par' dir='ltr' id='par_1_8' title="bbox 582 683 2085 753">
     <span class='ocr_line' id='line_1_8' title="bbox 582 683 2085 753; baseline -0.002 -14"><span class='ocrx_word' id='word_1_37' title='bbox 582 695 634 739; x_wconf 84' lang='lat' dir='ltr'><strong>et</strong></span> <span class='ocrx_word' id='word_1_38' title='bbox 664 687 848 753; x_wconf 84' lang='lat' dir='ltr'><strong>spiritu</strong></span> <span class='ocrx_word' id='word_1_39' title='bbox 885 686 1148 740; x_wconf 73' lang='lat' dir='ltr'><strong>alleviatze</strong></span> <span class='ocrx_word' id='word_1_40' title='bbox 1171 699 1327 753; x_wconf 83' lang='lat' dir='ltr'><strong>super</strong></span> <span class='ocrx_word' id='word_1_41' title='bbox 1358 695 1565 737; x_wconf 87' lang='lat' dir='ltr'><strong>terrena</strong></span> <span class='ocrx_word' id='word_1_42' title='bbox 1603 699 1720 738; x_wconf 85' lang='lat' dir='ltr'><strong>sese</strong></span> <span class='ocrx_word' id='word_1_43' title='bbox 1759 683 2085 738; x_wconf 84' lang='lat' dir='ltr'><strong>extulerunt.</strong></span> 
     </span>
    </p>
   </div>
   <div class='ocr_carea' id='block_1_9' title="bbox 2244 497 3812 574">
    <p class='ocr_par' dir='ltr' id='par_1_9' title="bbox 2244 497 3812 574">
     <span class='ocr_line' id='line_1_9' title="bbox 2244 497 3812 574; baseline -0.003 -18"><span class='ocrx_word' id='word_1_44' title='bbox 2244 503 2582 574; x_wconf 73' lang='grc' dir='ltr'>συνεργειαν,</span> <span class='ocrx_word' id='word_1_45' title='bbox 2618 506 2706 558; x_wconf 84' lang='grc' dir='ltr'>ἵνα</span> <span class='ocrx_word' id='word_1_46' title='bbox 2751 508 2811 558; x_wconf 81' lang='grc' dir='ltr'>ὲν</span> <span class='ocrx_word' id='word_1_47' title='bbox 2859 505 3008 573; x_wconf 83' lang='grc' dir='ltr'><strong>μέσῳ</strong></span> <span class='ocrx_word' id='word_1_48' title='bbox 3041 502 3147 555; x_wconf 83' lang='grc' dir='ltr'>τῶν</span> <span class='ocrx_word' id='word_1_49' title='bbox 3176 500 3499 572; x_wconf 78' lang='grc' dir='ltr'><strong>πειρασμῶν</strong></span> <span class='ocrx_word' id='word_1_50' title='bbox 3535 497 3812 552; x_wconf 84' lang='grc' dir='ltr'>ἁκαταϐἁ-</span> 
     </span>
    </p>
   </div>
   <div class='ocr_carea' id='block_1_10' title="bbox 2244 587 3813 665">
    <p class='ocr_par' dir='ltr' id='par_1_10' title="bbox 2244 587 3813 665">
     <span class='ocr_line' id='line_1_10' title="bbox 2244 587 3813 665; baseline -0.004 -20"><span class='ocrx_word' id='word_1_51' title='bbox 2244 610 2482 660; x_wconf 79' lang='grc' dir='ltr'>πτιστος,</span> <span class='ocrx_word' id='word_1_52' title='bbox 2511 600 2606 648; x_wconf 74' lang='grc' dir='ltr'>καὶ</span> <span class='ocrx_word' id='word_1_53' title='bbox 2636 594 2746 659; x_wconf 81' lang='grc' dir='ltr'><strong>ζῶν</strong></span> <span class='ocrx_word' id='word_1_54' title='bbox 2775 594 2963 665; x_wconf 74' lang='grc' dir='ltr'>ὥσπερ</span> <span class='ocrx_word' id='word_1_55' title='bbox 2995 592 3148 665; x_wconf 84' lang='grc' dir='ltr'>ίχοὺς</span> <span class='ocrx_word' id='word_1_56' title='bbox 3205 588 3566 659; x_wconf 79' lang='grc' dir='ltr'>διαφυλαχθῇ.</span> <span class='ocrx_word' id='word_1_57' title='bbox 3615 587 3731 640; x_wconf 57' lang='grc' dir='ltr'><strong>Ὠον</strong></span> <span class='ocrx_word' id='word_1_58' title='bbox 3759 587 3813 640; x_wconf 68' lang='grc' dir='ltr'><strong>δὲ</strong></span> 
     </span>
    </p>
   </div>
   <div class='ocr_carea' id='block_1_11' title="bbox 2241 679 3812 756">
    <p class='ocr_par' dir='ltr' id='par_1_11' title="bbox 2241 679 3812 756">
     <span class='ocr_line' id='line_1_11' title="bbox 2241 679 3812 756; baseline -0.004 -20"><span class='ocrx_word' id='word_1_59' title='bbox 2241 685 2378 737; x_wconf 68' lang='lat' dir='ltr'><strong>alte!</strong></span> <span class='ocrx_word' id='word_1_60' title='bbox 2420 688 2448 738; x_wconf 85' lang='lat'><em>6</em></span> <span class='ocrx_word' id='word_1_61' title='bbox 2490 687 2558 740; x_wconf 84' lang='grc' dir='ltr'><strong>τὰ</strong></span> <span class='ocrx_word' id='word_1_62' title='bbox 2590 689 2904 756; x_wconf 83' lang='grc' dir='ltr'><strong>γεννήματα</strong></span> <span class='ocrx_word' id='word_1_63' title='bbox 2935 686 3046 738; x_wconf 86' lang='grc' dir='ltr'><strong>τῶν</strong></span> <span class='ocrx_word' id='word_1_64' title='bbox 3075 684 3349 753; x_wconf 78' lang='grc' dir='ltr'>ὲναρὲτων</span> <span class='ocrx_word' id='word_1_65' title='bbox 3377 682 3566 751; x_wconf 79' lang='grc' dir='ltr'>ψυχῶν</span> <span class='ocrx_word' id='word_1_66' title='bbox 3595 679 3812 749; x_wconf 84' lang='grc' dir='ltr'>δοθῆναι</span> 
     </span>
    </p>
   </div>
   <div class='ocr_carea' id='block_1_12' title="bbox 570 774 3814 852">
    <p class='ocr_par' dir='ltr' id='par_1_12' title="bbox 570 774 3814 852">
     <span class='ocr_line' id='line_1_12' title="bbox 570 774 3814 852; baseline 0 -25"><span class='ocrx_word' id='word_1_67' title='bbox 570 779 716 847; x_wconf 74' lang='grc' dir='ltr'>αὐτῷ</span> <span class='ocrx_word' id='word_1_68' title='bbox 755 778 953 846; x_wconf 78' lang='grc' dir='ltr'>ζητῶν,</span> <span class='ocrx_word' id='word_1_69' title='bbox 996 779 1196 841; x_wconf 77' lang='grc' dir='ltr'>αἵτινες</span> <span class='ocrx_word' id='word_1_70' title='bbox 1267 776 1466 847; x_wconf 80' lang='grc' dir='ltr'>δηλαδὴ</span> <span class='ocrx_word' id='word_1_71' title='bbox 1504 776 1674 846; x_wconf 77' lang='grc' dir='ltr'>ψυχαὶ</span> <span class='ocrx_word' id='word_1_72' title='bbox 1706 777 1914 847; x_wconf 78' lang='grc' dir='ltr'>ὄρνισιν</span> <span class='ocrx_word' id='word_1_73' title='bbox 1962 778 2027 831; x_wconf 78' lang='grc' dir='ltr'>ἂν</span> <span class='ocrx_word' id='word_1_74' title='bbox 2095 776 2317 843; x_wconf 71' lang='grc' dir='ltr'>εἰκότως</span> <span class='ocrx_word' id='word_1_75' title='bbox 2355 781 2787 851; x_wconf 81' lang='grc' dir='ltr'>παραϐάλλοιντο</span> <span class='ocrx_word' id='word_1_76' title='bbox 2843 781 3119 852; x_wconf 81' lang='grc' dir='ltr'>πτέρυγας</span> <span class='ocrx_word' id='word_1_77' title='bbox 3179 777 3466 841; x_wconf 84' lang='grc' dir='ltr'>λαϐοῦσαι,</span> <span class='ocrx_word' id='word_1_78' title='bbox 3521 775 3614 828; x_wconf 75' lang='grc' dir='ltr'>καὶ</span> <span class='ocrx_word' id='word_1_79' title='bbox 3651 774 3814 828; x_wconf 82' lang='grc' dir='ltr'>πνεύ-</span> 
     </span>
    </p>
   </div>
   <div class='ocr_carea' id='block_1_13' title="bbox 573 868 2004 940">
    <p class='ocr_par' dir='ltr' id='par_1_13' title="bbox 573 868 2004 940">
     <span class='ocr_line' id='line_1_13' title="bbox 573 868 2004 940; baseline 0.001 -20"><span class='ocrx_word' id='word_1_80' title='bbox 573 887 700 936; x_wconf 81' lang='grc' dir='ltr'>ματι</span> <span class='ocrx_word' id='word_1_81' title='bbox 727 868 1116 936; x_wconf 61' lang='grc' dir='ltr'>κουφισθεῖσαι,</span> <span class='ocrx_word' id='word_1_82' title='bbox 1147 868 1243 921; x_wconf 80' lang='grc' dir='ltr'>καὶ</span> <span class='ocrx_word' id='word_1_83' title='bbox 1271 869 1726 936; x_wconf 78' lang='grc' dir='ltr'>ὑπεραναπτᾶσαι</span> <span class='ocrx_word' id='word_1_84' title='bbox 1759 869 1854 940; x_wconf 79' lang='grc' dir='ltr'>τὴν</span> <span class='ocrx_word' id='word_1_85' title='bbox 1880 870 2004 938; x_wconf 78' lang='grc' dir='ltr'><strong>γῆν.</strong></span> 
     </span>
    </p>
   </div>
   <div class='ocr_carea' id='block_1_14' title="bbox 643 958 2136 1028">
    <p class='ocr_par' dir='ltr' id='par_1_14' title="bbox 643 958 2136 1028">
     <span class='ocr_line' id='line_1_14' title="bbox 643 958 2136 1028; baseline 0.001 -16"><span class='ocrx_word' id='word_1_86' title='bbox 643 961 805 1013; x_wconf 71' lang='lat' dir='ltr'><strong>Vsus.</strong></span> <span class='ocrx_word' id='word_1_87' title='bbox 843 958 1026 1013; x_wconf 70' lang='grc'><strong>14-20.</strong></span> <span class='ocrx_word' id='word_1_88' title='bbox 1071 979 1088 1009; x_wconf 91' lang='grc' dir='ltr'>ι</span> <span class='ocrx_word' id='word_1_89' title='bbox 1149 961 1211 1013; x_wconf 86' lang='lat' dir='ltr'><strong>Et</strong></span> <span class='ocrx_word' id='word_1_90' title='bbox 1262 969 1380 1014; x_wconf 84' lang='lat' dir='ltr'><strong>erat</strong></span> <span class='ocrx_word' id='word_1_91' title='bbox 1420 961 1641 1028; x_wconf 68' lang='lat' dir='ltr'><strong>eiiciens</strong></span> <span class='ocrx_word' id='word_1_92' title='bbox 1693 961 2036 1027; x_wconf 59' lang='lat' dir='ltr'><strong>daemonium,</strong></span> <span class='ocrx_word' id='word_1_93' title='bbox 2082 970 2136 1014; x_wconf 81' lang='lat' dir='ltr'><strong>et</strong></span> 
     </span>
    </p>
   </div>
   <div class='ocr_carea' id='block_1_15' title="bbox 573 1051 2134 1120">
    <p class='ocr_par' dir='ltr' id='par_1_15' title="bbox 573 1051 2134 1120">
     <span class='ocr_line' id='line_1_15' title="bbox 573 1051 2134 1120; baseline -0.001 -15"><span class='ocrx_word' id='word_1_94' title='bbox 573 1053 717 1106; x_wconf 88' lang='lat' dir='ltr'><strong>istud</strong></span> <span class='ocrx_word' id='word_1_95' title='bbox 770 1061 888 1106; x_wconf 86' lang='lat' dir='ltr'><strong>erat</strong></span> <span class='ocrx_word' id='word_1_96' title='bbox 941 1059 1146 1104; x_wconf 89' lang='lat' dir='ltr'><strong>mutum</strong></span> <span class='ocrx_word' id='word_1_97' title='bbox 1180 1069 1193 1104; x_wconf 92' lang='lat'><strong>:</strong></span> <span class='ocrx_word' id='word_1_98' title='bbox 1227 1066 1460 1120; x_wconf 81' lang='lat' dir='ltr'><strong>cumque</strong></span> <span class='ocrx_word' id='word_1_99' title='bbox 1495 1051 1743 1115; x_wconf 74' lang='lat' dir='ltr'><strong>eiecisset</strong></span> <span class='ocrx_word' id='word_1_100' title='bbox 1791 1053 2134 1118; x_wconf 74' lang='lat' dir='ltr'><strong>dzemonium,</strong></span> 
     </span>
    </p>
   </div>
   <div class='ocr_carea' id='block_1_16' title="bbox 571 1141 2137 1210">
    <p class='ocr_par' dir='ltr' id='par_1_16' title="bbox 571 1141 2137 1210">
     <span class='ocr_line' id='line_1_16' title="bbox 571 1141 2137 1210; baseline 0.002 -17"><span class='ocrx_word' id='word_1_101' title='bbox 571 1141 783 1196; x_wconf 89' lang='lat' dir='ltr'><strong>locutus</strong></span> <span class='ocrx_word' id='word_1_102' title='bbox 810 1150 892 1196; x_wconf 91' lang='lat' dir='ltr'><strong>est</strong></span> <span class='ocrx_word' id='word_1_103' title='bbox 933 1152 1109 1196; x_wconf 86' lang='lat' dir='ltr'><strong>mutus</strong></span> <span class='ocrx_word' id='word_1_104' title='bbox 1149 1160 1177 1195; x_wconf 75' lang='grc' dir='ltr'><strong>ι.</strong></span> <span class='ocrx_word' id='word_1_105' title='bbox 1205 1151 1258 1196; x_wconf 91' lang='lat' dir='ltr'><strong>et</strong></span> <span class='ocrx_word' id='word_1_106' title='bbox 1287 1142 1563 1195; x_wconf 69' lang='lat' dir='ltr'><strong>admirata:</strong></span> <span class='ocrx_word' id='word_1_107' title='bbox 1594 1151 1717 1196; x_wconf 89' lang='lat' dir='ltr'><strong>sunt</strong></span> <span class='ocrx_word' id='word_1_108' title='bbox 1771 1144 1958 1197; x_wconf 67' lang='lat' dir='ltr'><strong>turbae.</strong></span> <span class='ocrx_word' id='word_1_109' title='bbox 2004 1143 2137 1210; x_wconf 85' lang='lat' dir='ltr'><strong>Qui-</strong></span> 
     </span>
    </p>
   </div>
   <div class='ocr_carea' id='block_1_17' title="bbox 569 1231 2136 1304">
    <p class='ocr_par' dir='ltr' id='par_1_17' title="bbox 569 1231 2136 1304">
     <span class='ocr_line' id='line_1_17' title="bbox 569 1231 2136 1304; baseline 0.004 -21"><span class='ocrx_word' id='word_1_110' title='bbox 569 1233 691 1284; x_wconf 81' lang='lat' dir='ltr'><strong>dam</strong></span> <span class='ocrx_word' id='word_1_111' title='bbox 741 1243 915 1284; x_wconf 91' lang='lat' dir='ltr'><strong>autem</strong></span> <span class='ocrx_word' id='word_1_112' title='bbox 947 1248 1010 1285; x_wconf 88' lang='lat' dir='ltr'><strong>ex</strong></span> <span class='ocrx_word' id='word_1_113' title='bbox 1037 1232 1113 1286; x_wconf 90' lang='lat' dir='ltr'><strong>eis</strong></span> <span class='ocrx_word' id='word_1_114' title='bbox 1153 1234 1405 1286; x_wconf 72' lang='lat' dir='ltr'><strong>dixerunt</strong></span> <span class='ocrx_word' id='word_1_115' title='bbox 1438 1251 1452 1286; x_wconf 91' lang='lat'><strong>:</strong></span> <span class='ocrx_word' id='word_1_116' title='bbox 1479 1231 1581 1286; x_wconf 88' lang='lat' dir='ltr'><strong>Per</strong></span> <span class='ocrx_word' id='word_1_117' title='bbox 1614 1232 1894 1288; x_wconf 85' lang='lat' dir='ltr'><strong>Beelzebul</strong></span> <span class='ocrx_word' id='word_1_118' title='bbox 1936 1236 2136 1304; x_wconf 82' lang='lat' dir='ltr'><strong>princi-</strong></span> 
     </span>
    </p>
   </div>
   <div class='ocr_carea' id='block_1_18' title="bbox 570 1323 2132 1395">
    <p class='ocr_par' dir='ltr' id='par_1_18' title="bbox 570 1323 2132 1395">
     <span class='ocr_line' id='line_1_18' title="bbox 570 1323 2132 1395; baseline 0.003 -21"><span class='ocrx_word' id='word_1_119' title='bbox 570 1336 686 1388; x_wconf 88' lang='lat' dir='ltr'><strong>pem</strong></span> <span class='ocrx_word' id='word_1_120' title='bbox 733 1323 1114 1376; x_wconf 65' lang='lat' dir='ltr'><strong>daemoniorum</strong></span> <span class='ocrx_word' id='word_1_121' title='bbox 1150 1324 1296 1395; x_wconf 81' lang='lat' dir='ltr'><strong>ejieit</strong></span> <span class='ocrx_word' id='word_1_122' title='bbox 1325 1325 1607 1378; x_wconf 66' lang='lat' dir='ltr'><strong>daemonia.</strong></span> <span class='ocrx_word' id='word_1_123' title='bbox 1641 1323 1704 1377; x_wconf 87' lang='lat' dir='ltr'><strong>Et</strong></span> <span class='ocrx_word' id='word_1_124' title='bbox 1728 1324 1812 1378; x_wconf 89' lang='lat' dir='ltr'><strong>alii</strong></span> <span class='ocrx_word' id='word_1_125' title='bbox 1844 1334 2132 1388; x_wconf 85' lang='lat' dir='ltr'><strong>tentantes,</strong></span> 
     </span>
    </p>
   </div>
   <div class='ocr_carea' id='block_1_19' title="bbox 565 1412 2133 1483">
    <p class='ocr_par' dir='ltr' id='par_1_19' title="bbox 565 1412 2133 1483">
     <span class='ocr_line' id='line_1_19' title="bbox 565 1412 2133 1483; baseline -0.001 -16"><span class='ocrx_word' id='word_1_126' title='bbox 565 1412 773 1482; x_wconf 69' lang='lat' dir='ltr'><strong>signo-at</strong></span> <span class='ocrx_word' id='word_1_127' title='bbox 817 1413 881 1465; x_wconf 84' lang='lat' dir='ltr'><strong>tle</strong></span> <span class='ocrx_word' id='word_1_128' title='bbox 915 1413 1051 1468; x_wconf 70' lang='lat' dir='ltr'><strong>cmlo</strong></span> <span class='ocrx_word' id='word_1_129' title='bbox 1080 1416 1394 1483; x_wconf 67' lang='lat' dir='ltr'><strong>quaerebant</strong></span> <span class='ocrx_word' id='word_1_130' title='bbox 1416 1419 1484 1468; x_wconf 84' lang='lat' dir='ltr'><strong>ab</strong></span> <span class='ocrx_word' id='word_1_131' title='bbox 1527 1429 1611 1467; x_wconf 90' lang='lat' dir='ltr'><strong>eo.</strong></span> <span class='ocrx_word' id='word_1_132' title='bbox 1649 1415 1768 1483; x_wconf 80' lang='lat' dir='ltr'><strong>ipse</strong></span> <span class='ocrx_word' id='word_1_133' title='bbox 1794 1426 1972 1470; x_wconf 90' lang='lat' dir='ltr'><strong>autem</strong></span> <span class='ocrx_word' id='word_1_134' title='bbox 2013 1430 2133 1468; x_wconf 91' lang='lat' dir='ltr'><strong>cum</strong></span> 
     </span>
    </p>
   </div>
   <div class='ocr_carea' id='block_1_20' title="bbox 567 1505 2135 1576">
    <p class='ocr_par' dir='ltr' id='par_1_20' title="bbox 567 1505 2135 1576">
     <span class='ocr_line' id='line_1_20' title="bbox 567 1505 2135 1576; baseline 0.001 -20"><span class='ocrx_word' id='word_1_135' title='bbox 567 1505 731 1558; x_wconf 82' lang='lat' dir='ltr'><strong>sciret</strong></span> <span class='ocrx_word' id='word_1_136' title='bbox 760 1506 1112 1576; x_wconf 72' lang='lat' dir='ltr'><strong>cogitationes</strong></span> <span class='ocrx_word' id='word_1_137' title='bbox 1143 1520 1355 1570; x_wconf 91' lang='lat' dir='ltr'><strong>eorum,</strong></span> <span class='ocrx_word' id='word_1_138' title='bbox 1384 1505 1523 1558; x_wconf 85' lang='lat' dir='ltr'><strong>dixit</strong></span> <span class='ocrx_word' id='word_1_139' title='bbox 1549 1507 1629 1560; x_wconf 86' lang='lat' dir='ltr'><strong>eis</strong></span> <span class='ocrx_word' id='word_1_140' title='bbox 1661 1522 1675 1559; x_wconf 89' lang='lat'><strong>:</strong></span> <span class='ocrx_word' id='word_1_141' title='bbox 1709 1507 1878 1559; x_wconf 85' lang='lat' dir='ltr'><strong>Omne</strong></span> <span class='ocrx_word' id='word_1_142' title='bbox 1914 1520 2135 1575; x_wconf 84' lang='lat' dir='ltr'><strong>regnum</strong></span> 
     </span>
    </p>
   </div>
   <div class='ocr_carea' id='block_1_21' title="bbox 568 1595 2138 1664">
    <p class='ocr_par' dir='ltr' id='par_1_21' title="bbox 568 1595 2138 1664">
     <span class='ocr_line' id='line_1_21' title="bbox 568 1595 2138 1664; baseline 0.004 -19"><span class='ocrx_word' id='word_1_143' title='bbox 568 1595 824 1649; x_wconf 85' lang='lat' dir='ltr'><strong>adversus</strong></span> <span class='ocrx_word' id='word_1_144' title='bbox 858 1595 1092 1664; x_wconf 88' lang='lat' dir='ltr'><strong>scipsum</strong></span> <span class='ocrx_word' id='word_1_145' title='bbox 1125 1595 1353 1650; x_wconf 88' lang='lat' dir='ltr'><strong>divisum</strong></span> <span class='ocrx_word' id='word_1_146' title='bbox 1420 1597 1710 1662; x_wconf 87' lang='lat' dir='ltr'><strong>desolatur,</strong></span> <span class='ocrx_word' id='word_1_147' title='bbox 1747 1607 1800 1651; x_wconf 92' lang='lat' dir='ltr'><strong>et</strong></span> <span class='ocrx_word' id='word_1_148' title='bbox 1826 1596 2016 1649; x_wconf 89' lang='lat' dir='ltr'><strong>domus</strong></span> <span class='ocrx_word' id='word_1_149' title='bbox 2048 1612 2138 1651; x_wconf 87' lang='lat' dir='ltr'><strong>su-</strong></span> 
     </span>
    </p>
   </div>
   <div class='ocr_carea' id='block_1_22' title="bbox 570 1687 2138 1757">
    <p class='ocr_par' dir='ltr' id='par_1_22' title="bbox 570 1687 2138 1757">
     <span class='ocr_line' id='line_1_22' title="bbox 570 1687 2138 1757; baseline 0.003 -20"><span class='ocrx_word' id='word_1_150' title='bbox 570 1699 668 1753; x_wconf 85' lang='lat' dir='ltr'><strong>per</strong></span> <span class='ocrx_word' id='word_1_151' title='bbox 691 1688 906 1739; x_wconf 89' lang='lat' dir='ltr'><strong>domum</strong></span> <span class='ocrx_word' id='word_1_152' title='bbox 941 1687 1103 1739; x_wconf 89' lang='lat' dir='ltr'><strong>cadit.</strong></span> <span class='ocrx_word' id='word_1_153' title='bbox 1129 1687 1278 1752; x_wconf 86' lang='lat' dir='ltr'><strong>Quod</strong></span> <span class='ocrx_word' id='word_1_154' title='bbox 1302 1687 1345 1741; x_wconf 88' lang='lat' dir='ltr'><strong>si</strong></span> <span class='ocrx_word' id='word_1_155' title='bbox 1381 1687 1608 1742; x_wconf 80' lang='lat' dir='ltr'><strong>Satanas</strong></span> <span class='ocrx_word' id='word_1_156' title='bbox 1634 1704 1772 1757; x_wconf 90' lang='lat' dir='ltr'><strong>quoq</strong></span> <span class='ocrx_word' id='word_1_157' title='bbox 1786 1704 1852 1742; x_wconf 88' lang='lat' dir='ltr'><strong>ue</strong></span> <span class='ocrx_word' id='word_1_158' title='bbox 1882 1690 2138 1742; x_wconf 82' lang='lat' dir='ltr'><strong>adversus</strong></span> 
     </span>
    </p>
   </div>
   <div class='ocr_carea' id='block_1_23' title="bbox 2315 953 3813 1031">
    <p class='ocr_par' dir='ltr' id='par_1_23' title="bbox 2315 953 3813 1031">
     <span class='ocr_line' id='line_1_23' title="bbox 2315 953 3813 1031; baseline 0 -20"><span class='ocrx_word' id='word_1_159' title='bbox 2315 980 2331 1011; x_wconf 90' lang='grc' dir='ltr'>ι</span> <span class='ocrx_word' id='word_1_160' title='bbox 2381 962 2494 1014; x_wconf 65' lang='grc' dir='ltr'><strong>Καὶ</strong></span> <span class='ocrx_word' id='word_1_161' title='bbox 2524 957 2592 1031; x_wconf 83' lang='grc' dir='ltr'><strong>ἦν</strong></span> <span class='ocrx_word' id='word_1_162' title='bbox 2623 960 2902 1015; x_wconf 75' lang='grc' dir='ltr'>ἐκϐάλλων</span> <span class='ocrx_word' id='word_1_163' title='bbox 2936 961 3235 1031; x_wconf 86' lang='grc' dir='ltr'>δαιμόνιον,</span> <span class='ocrx_word' id='word_1_164' title='bbox 3285 960 3378 1012; x_wconf 71' lang='grc' dir='ltr'><strong>καὶ</strong></span> <span class='ocrx_word' id='word_1_165' title='bbox 3423 957 3558 1010; x_wconf 73' lang='grc' dir='ltr'>αὐτὸ</span> <span class='ocrx_word' id='word_1_166' title='bbox 3603 953 3676 1028; x_wconf 87' lang='grc' dir='ltr'><strong>ἦν</strong></span> <span class='ocrx_word' id='word_1_167' title='bbox 3707 975 3813 1011; x_wconf 82' lang='grc' dir='ltr'>κω-</span> 
     </span>
    </p>
   </div>
   <div class='ocr_carea' id='block_1_24' title="bbox 2239 1048 3815 1119">
    <p class='ocr_par' dir='ltr' id='par_1_24' title="bbox 2239 1048 3815 1119">
     <span class='ocr_line' id='line_1_24' title="bbox 2239 1048 3815 1119; baseline -0.003 -15"><span class='ocrx_word' id='word_1_168' title='bbox 2239 1052 2359 1119; x_wconf 80' lang='grc' dir='ltr'>φόν.</span> <span class='ocrx_word' id='word_1_169' title='bbox 2395 1051 2639 1118; x_wconf 78' lang='grc' dir='ltr'><strong>Ἐγένετο</strong></span> <span class='ocrx_word' id='word_1_170' title='bbox 2664 1051 2741 1116; x_wconf 77' lang='grc' dir='ltr'><strong>δὲ,</strong></span> <span class='ocrx_word' id='word_1_171' title='bbox 2769 1052 2861 1105; x_wconf 91' lang='grc' dir='ltr'><strong>τοῦ</strong></span> <span class='ocrx_word' id='word_1_172' title='bbox 2891 1051 3168 1119; x_wconf 76' lang='grc' dir='ltr'><strong>δαιμονίου</strong></span> <span class='ocrx_word' id='word_1_173' title='bbox 3197 1050 3526 1116; x_wconf 77' lang='grc' dir='ltr'><strong>ἐξελθόντος,</strong></span> <span class='ocrx_word' id='word_1_174' title='bbox 3554 1048 3815 1118; x_wconf 78' lang='grc' dir='ltr'>ἐλάλησεν</span> 
     </span>
    </p>
   </div>
   <div class='ocr_carea' id='block_1_25' title="bbox 2242 1138 3814 1212">
    <p class='ocr_par' dir='ltr' id='par_1_25' title="bbox 2242 1138 3814 1212">
     <span class='ocr_line' id='line_1_25' title="bbox 2242 1138 3814 1212; baseline -0.003 -16"><span class='ocrx_word' id='word_1_175' title='bbox 2242 1147 2270 1196; x_wconf 85' lang='grc' dir='ltr'>ὁ</span> <span class='ocrx_word' id='word_1_176' title='bbox 2302 1145 2501 1212; x_wconf 73' lang='grc' dir='ltr'>κωφὸς,</span> <span class='ocrx_word' id='word_1_177' title='bbox 2529 1146 2623 1196; x_wconf 72' lang='grc' dir='ltr'>καὶ</span> <span class='ocrx_word' id='word_1_178' title='bbox 2651 1143 2972 1212; x_wconf 83' lang='grc' dir='ltr'>ἐθαύμασαν</span> <span class='ocrx_word' id='word_1_179' title='bbox 2991 1146 3038 1196; x_wconf 86' lang='lat' dir='ltr'><strong>ot</strong></span> <span class='ocrx_word' id='word_1_180' title='bbox 3072 1142 3239 1212; x_wconf 75' lang='grc' dir='ltr'>ὄχλοι.</span> <span class='ocrx_word' id='word_1_181' title='bbox 3273 1142 3427 1202; x_wconf 72' lang='grc' dir='ltr'>Τινὲς</span> <span class='ocrx_word' id='word_1_182' title='bbox 3463 1139 3518 1192; x_wconf 77' lang='grc' dir='ltr'><strong>δὲ</strong></span> <span class='ocrx_word' id='word_1_183' title='bbox 3552 1138 3612 1202; x_wconf 76' lang='grc' dir='ltr'>ἐξ</span> <span class='ocrx_word' id='word_1_184' title='bbox 3637 1139 3814 1191; x_wconf 79' lang='grc' dir='ltr'>αὐτῶν</span> 
     </span>
    </p>
   </div>
   <div class='ocr_carea' id='block_1_26' title="bbox 2235 1231 3816 1306">
    <p class='ocr_par' dir='ltr' id='par_1_26' title="bbox 2235 1231 3816 1306">
     <span class='ocr_line' id='line_1_26' title="bbox 2235 1231 3816 1306; baseline -0.003 -19"><span class='ocrx_word' id='word_1_185' title='bbox 2235 1232 2387 1290; x_wconf 77' lang='grc' dir='ltr'>εἷπον</span> <span class='ocrx_word' id='word_1_186' title='bbox 2407 1253 2419 1267; x_wconf 91' lang='grc'><strong>·</strong></span> <span class='ocrx_word' id='word_1_187' title='bbox 2457 1237 2546 1289; x_wconf 85' lang='grc' dir='ltr'>Ἐν</span> <span class='ocrx_word' id='word_1_188' title='bbox 2577 1235 2901 1297; x_wconf 80' lang='grc' dir='ltr'>Βεελζεϐοὺλ</span> <span class='ocrx_word' id='word_1_189' title='bbox 2917 1237 3138 1306; x_wconf 79' lang='grc' dir='ltr'>ἄρχοντι</span> <span class='ocrx_word' id='word_1_190' title='bbox 3163 1235 3272 1287; x_wconf 86' lang='grc' dir='ltr'>τῶν</span> <span class='ocrx_word' id='word_1_191' title='bbox 3303 1234 3596 1302; x_wconf 74' lang='grc' dir='ltr'><strong>δαιμονίων</strong></span> <span class='ocrx_word' id='word_1_192' title='bbox 3625 1231 3816 1289; x_wconf 64' lang='grc' dir='ltr'>ἐκϐάλ-</span> 
     </span>
    </p>
   </div>
   <div class='ocr_carea' id='block_1_27' title="bbox 2234 1321 3818 1394">
    <p class='ocr_par' dir='ltr' id='par_1_27' title="bbox 2234 1321 3818 1394">
     <span class='ocr_line' id='line_1_27' title="bbox 2234 1321 3818 1394; baseline 0.001 -22"><span class='ocrx_word' id='word_1_193' title='bbox 2234 1321 2313 1372; x_wconf 88' lang='grc' dir='ltr'>λει</span> <span class='ocrx_word' id='word_1_194' title='bbox 2343 1322 2411 1374; x_wconf 81' lang='grc' dir='ltr'><strong>τὰ</strong></span> <span class='ocrx_word' id='word_1_195' title='bbox 2454 1322 2724 1392; x_wconf 85' lang='grc' dir='ltr'>δαιμόνια.</span> <span class='ocrx_word' id='word_1_196' title='bbox 2779 1324 2998 1394; x_wconf 84' lang='grc' dir='ltr'>Ἕτεροι</span> <span class='ocrx_word' id='word_1_197' title='bbox 3047 1323 3102 1377; x_wconf 69' lang='grc' dir='ltr'><strong>δὲ</strong></span> <span class='ocrx_word' id='word_1_198' title='bbox 3164 1321 3534 1394; x_wconf 78' lang='grc' dir='ltr'><strong>πειράζοντες,</strong></span> <span class='ocrx_word' id='word_1_199' title='bbox 3592 1325 3818 1390; x_wconf 85' lang='grc' dir='ltr'>σημεῖον</span> 
     </span>
    </p>
   </div>
   <div class='ocr_carea' id='block_1_28' title="bbox 2235 1412 3817 1486">
    <p class='ocr_par' dir='ltr' id='par_1_28' title="bbox 2235 1412 3817 1486">
     <span class='ocr_line' id='line_1_28' title="bbox 2235 1412 3817 1486; baseline 0.001 -23"><span class='ocrx_word' id='word_1_200' title='bbox 2235 1413 2362 1478; x_wconf 85' lang='grc' dir='ltr'>παρ’</span> <span class='ocrx_word' id='word_1_201' title='bbox 2399 1413 2560 1465; x_wconf 85' lang='grc' dir='ltr'>αὐτοῦ</span> <span class='ocrx_word' id='word_1_202' title='bbox 2597 1414 2822 1484; x_wconf 69' lang='grc' dir='ltr'>ἐζήτουν</span> <span class='ocrx_word' id='word_1_203' title='bbox 2867 1415 2926 1479; x_wconf 73' lang='grc' dir='ltr'>ἐξ</span> <span class='ocrx_word' id='word_1_204' title='bbox 2954 1413 3210 1486; x_wconf 85' lang='grc' dir='ltr'>οὐρανοῦ.</span> <span class='ocrx_word' id='word_1_205' title='bbox 3259 1414 3431 1476; x_wconf 76' lang='grc' dir='ltr'>Αὐτὸς</span> <span class='ocrx_word' id='word_1_206' title='bbox 3469 1413 3526 1466; x_wconf 70' lang='grc' dir='ltr'><strong>δὲ</strong></span> <span class='ocrx_word' id='word_1_207' title='bbox 3562 1412 3720 1474; x_wconf 83' lang='grc' dir='ltr'>εἰδὼς</span> <span class='ocrx_word' id='word_1_208' title='bbox 3748 1415 3817 1466; x_wconf 72' lang='grc' dir='ltr'><strong>τά</strong></span> 
     </span>
    </p>
   </div>
   <div class='ocr_carea' id='block_1_29' title="bbox 2233 1502 3816 1574">
    <p class='ocr_par' dir='ltr' id='par_1_29' title="bbox 2233 1502 3816 1574">
     <span class='ocr_line' id='line_1_29' title="bbox 2233 1502 3816 1574; baseline 0 -18"><span class='ocrx_word' id='word_1_209' title='bbox 2233 1504 2572 1574; x_wconf 77' lang='grc' dir='ltr'>διανοήματα</span> <span class='ocrx_word' id='word_1_210' title='bbox 2625 1507 2828 1567; x_wconf 84' lang='grc' dir='ltr'>αὐτῶν,</span> <span class='ocrx_word' id='word_1_211' title='bbox 2878 1502 3029 1560; x_wconf 79' lang='grc' dir='ltr'>εἶπεν</span> <span class='ocrx_word' id='word_1_212' title='bbox 3079 1507 3283 1570; x_wconf 82' lang='grc' dir='ltr'>αὐτοῖς·</span> <span class='ocrx_word' id='word_1_213' title='bbox 3352 1507 3506 1559; x_wconf 79' lang='grc' dir='ltr'>Πᾶσα</span> <span class='ocrx_word' id='word_1_214' title='bbox 3573 1505 3816 1574; x_wconf 85' lang='grc' dir='ltr'>βασιλεία</span> 
     </span>
    </p>
   </div>
   <div class='ocr_carea' id='block_1_30' title="bbox 2236 1591 3818 1668">
    <p class='ocr_par' dir='ltr' id='par_1_30' title="bbox 2236 1591 3818 1668">
     <span class='ocr_line' id='line_1_30' title="bbox 2236 1591 3818 1668; baseline 0.003 -24"><span class='ocrx_word' id='word_1_215' title='bbox 2236 1593 2318 1662; x_wconf 74' lang='grc' dir='ltr'><strong>ἐφ’</strong></span> <span class='ocrx_word' id='word_1_216' title='bbox 2349 1594 2546 1662; x_wconf 79' lang='grc' dir='ltr'>ἑαυτὴν</span> <span class='ocrx_word' id='word_1_217' title='bbox 2580 1595 2992 1667; x_wconf 70' lang='grc' dir='ltr'><strong>διαμερισθεῖσα</strong></span> <span class='ocrx_word' id='word_1_218' title='bbox 3031 1597 3357 1668; x_wconf 75' lang='grc' dir='ltr'><strong>ἐρημοῦται,</strong></span> <span class='ocrx_word' id='word_1_219' title='bbox 3407 1597 3499 1650; x_wconf 81' lang='grc' dir='ltr'>καὶ</span> <span class='ocrx_word' id='word_1_220' title='bbox 3545 1591 3694 1658; x_wconf 77' lang='grc' dir='ltr'>οἶκος</span> <span class='ocrx_word' id='word_1_221' title='bbox 3726 1597 3818 1649; x_wconf 74' lang='grc' dir='ltr'>ἐπὶ</span> 
     </span>
    </p>
   </div>
   <div class='ocr_carea' id='block_1_31' title="bbox 2237 1679 3818 1766">
    <p class='ocr_par' dir='ltr' id='par_1_31' title="bbox 2237 1679 3818 1766">
     <span class='ocr_line' id='line_1_31' title="bbox 2237 1679 3818 1766; baseline -0.003 -30"><span class='ocrx_word' id='word_1_222' title='bbox 2237 1679 2383 1736; x_wconf 81' lang='grc' dir='ltr'>οἶκον</span> <span class='ocrx_word' id='word_1_223' title='bbox 2413 1686 2621 1740; x_wconf 76' lang='grc' dir='ltr'>πίπτει.</span> <span class='ocrx_word' id='word_1_224' title='bbox 2674 1689 2734 1739; x_wconf 82' lang='grc' dir='ltr'>Εἰ</span> <span class='ocrx_word' id='word_1_225' title='bbox 2763 1687 2822 1739; x_wconf 69' lang='grc' dir='ltr'><strong>δὲ</strong></span> <span class='ocrx_word' id='word_1_226' title='bbox 2876 1689 2970 1740; x_wconf 75' lang='grc' dir='ltr'><strong>καὶ</strong></span> <span class='ocrx_word' id='word_1_227' title='bbox 3001 1689 3244 1751; x_wconf 81' lang='grc' dir='ltr'>Σατανᾶς</span> <span class='ocrx_word' id='word_1_228' title='bbox 3276 1688 3360 1757; x_wconf 78' lang='grc' dir='ltr'><strong>ἐφ’</strong></span> <span class='ocrx_word' id='word_1_229' title='bbox 3396 1687 3590 1766; x_wconf 71' lang='grc' dir='ltr'>ἑαυτὸν</span> <span class='ocrx_word' id='word_1_230' title='bbox 3633 1687 3818 1756; x_wconf 77' lang='grc' dir='ltr'>διεμε.</span> 
     </span>
    </p>
   </div>
   <div class='ocr_carea' id='block_1_32' title="bbox 568 1760 2137 1849">
    <p class='ocr_par' dir='ltr' id='par_1_32' title="bbox 568 1775 2136 1848">
     <span class='ocr_line' id='line_1_32' title="bbox 568 1775 2136 1848; baseline 0.004 -22"><span class='ocrx_word' id='word_1_231' title='bbox 568 1775 801 1841; x_wconf 84' lang='lat' dir='ltr'><strong>seipsum</strong></span> <span class='ocrx_word' id='word_1_232' title='bbox 834 1775 1034 1830; x_wconf 85' lang='lat' dir='ltr'><strong>divisus</strong></span> <span class='ocrx_word' id='word_1_233' title='bbox 1082 1786 1187 1838; x_wconf 88' lang='lat' dir='ltr'><strong>est,</strong></span> <span class='ocrx_word' id='word_1_234' title='bbox 1221 1777 1486 1844; x_wconf 89' lang='lat' dir='ltr'><strong>quomodo</strong></span> <span class='ocrx_word' id='word_1_235' title='bbox 1521 1779 1686 1832; x_wconf 86' lang='lat' dir='ltr'><strong>stabit</strong></span> <span class='ocrx_word' id='word_1_236' title='bbox 1723 1794 1944 1848; x_wconf 81' lang='lat' dir='ltr'><strong>regnum</strong></span> <span class='ocrx_word' id='word_1_237' title='bbox 1995 1779 2136 1846; x_wconf 82' lang='lat' dir='ltr'><strong>ejus,</strong></span> 
     </span>
    </p>
   </div>
   <div class='ocr_carea' id='block_1_33' title="bbox 2238 1760 3818 1849">
    <p class='ocr_par' dir='ltr' id='par_1_33' title="bbox 2246 1763 3818 1849">
     <span class='ocr_line' id='line_1_33' title="bbox 2246 1763 3818 1849; baseline 0.001 -21"><span class='ocrx_word' id='word_1_238' title='bbox 2246 1775 2420 1846; x_wconf 82' lang='grc' dir='ltr'>ρίσοη,</span> <span class='ocrx_word' id='word_1_239' title='bbox 2455 1779 2568 1840; x_wconf 79' lang='grc' dir='ltr'><strong>πῶς</strong></span> <span class='ocrx_word' id='word_1_240' title='bbox 2594 1778 2918 1849; x_wconf 79' lang='grc' dir='ltr'>σταθήσεται</span> <span class='ocrx_word' id='word_1_241' title='bbox 2950 1781 2982 1849; x_wconf 89' lang='grc' dir='ltr'>ή</span> <span class='ocrx_word' id='word_1_242' title='bbox 3032 1780 3273 1848; x_wconf 87' lang='grc' dir='ltr'>βασιλεία</span> <span class='ocrx_word' id='word_1_243' title='bbox 3310 1779 3494 1843; x_wconf 76' lang='grc' dir='ltr'>αὐτοῦ,</span> <span class='ocrx_word' id='word_1_244' title='bbox 3520 1763 3602 1832; x_wconf 77' lang='grc' dir='ltr'>ὅτι</span> <span class='ocrx_word' id='word_1_245' title='bbox 3629 1779 3818 1846; x_wconf 78' lang='grc' dir='ltr'>λέγετε</span> 
     </span>
    </p>
   </div>
   <div class='ocr_carea' id='block_1_34' title="bbox 568 1864 2138 1935">
    <p class='ocr_par' dir='ltr' id='par_1_34' title="bbox 568 1864 2138 1935">
     <span class='ocr_line' id='line_1_34' title="bbox 568 1864 2138 1935; baseline 0.006 -21"><span class='ocrx_word' id='word_1_246' title='bbox 568 1865 691 1932; x_wconf 75' lang='lat' dir='ltr'><strong>quia</strong></span> <span class='ocrx_word' id='word_1_247' title='bbox 717 1864 893 1918; x_wconf 77' lang='lat' dir='ltr'><strong>dicitis</strong></span> <span class='ocrx_word' id='word_1_248' title='bbox 915 1882 996 1917; x_wconf 88' lang='lat' dir='ltr'><strong>me</strong></span> <span class='ocrx_word' id='word_1_249' title='bbox 1019 1883 1112 1935; x_wconf 87' lang='lat' dir='ltr'><strong>per</strong></span> <span class='ocrx_word' id='word_1_250' title='bbox 1139 1866 1414 1921; x_wconf 86' lang='lat' dir='ltr'><strong>Bcelzebul</strong></span> <span class='ocrx_word' id='word_1_251' title='bbox 1443 1868 1638 1934; x_wconf 81' lang='lat' dir='ltr'><strong>ejicere</strong></span> <span class='ocrx_word' id='word_1_252' title='bbox 1658 1870 1960 1921; x_wconf 74' lang='lat' dir='ltr'><strong>thcnmnia?</strong></span> <span class='ocrx_word' id='word_1_253' title='bbox 1987 1869 2138 1934; x_wconf 87' lang='lat' dir='ltr'><strong>Quod</strong></span> 
     </span>
    </p>
   </div>
   <div class='ocr_carea' id='block_1_35' title="bbox 565 1957 2140 2031">
    <p class='ocr_par' dir='ltr' id='par_1_35' title="bbox 565 1957 2140 2031">
     <span class='ocr_line' id='line_1_35' title="bbox 565 1957 2140 2031; baseline 0.005 -25"><span class='ocrx_word' id='word_1_254' title='bbox 565 1957 610 2006; x_wconf 86' lang='lat' dir='ltr'><strong>si</strong></span> <span class='ocrx_word' id='word_1_255' title='bbox 645 1970 744 2023; x_wconf 87' lang='lat' dir='ltr'><strong>ego</strong></span> <span class='ocrx_word' id='word_1_256' title='bbox 770 1957 1045 2010; x_wconf 80' lang='lat' dir='ltr'><strong>Beelzebul</strong></span> <span class='ocrx_word' id='word_1_257' title='bbox 1073 1959 1318 2025; x_wconf 69' lang='lat' dir='ltr'><strong>prtesidio</strong></span> <span class='ocrx_word' id='word_1_258' title='bbox 1351 1959 1613 2014; x_wconf 66' lang='lat' dir='ltr'><strong>daemonia</strong></span> <span class='ocrx_word' id='word_1_259' title='bbox 1641 1961 1815 2028; x_wconf 79' lang='lat' dir='ltr'><strong>cjicio,</strong></span> <span class='ocrx_word' id='word_1_260' title='bbox 1856 1957 1944 2013; x_wconf 75' lang='lat' dir='ltr'><strong>lilii</strong></span> <span class='ocrx_word' id='word_1_261' title='bbox 1977 1961 2140 2031; x_wconf 77' lang='lat'><strong>356</strong></span> 
     </span>
    </p>
   </div>
   <div class='ocr_carea' id='block_1_36' title="bbox 567 2049 2137 2123">
    <p class='ocr_par' dir='ltr' id='par_1_36' title="bbox 567 2049 2137 2123">
     <span class='ocr_line' id='line_1_36' title="bbox 567 2049 2137 2123; baseline 0.009 -27"><span class='ocrx_word' id='word_1_262' title='bbox 567 2049 732 2099; x_wconf 79' lang='lat' dir='ltr'><strong>vestri</strong></span> <span class='ocrx_word' id='word_1_263' title='bbox 784 2049 934 2115; x_wconf 81' lang='lat' dir='ltr'><strong>cujus</strong></span> <span class='ocrx_word' id='word_1_264' title='bbox 987 2050 1234 2116; x_wconf 70' lang='lat' dir='ltr'><strong>prmsidio</strong></span> <span class='ocrx_word' id='word_1_265' title='bbox 1291 2053 1558 2120; x_wconf 86' lang='lat' dir='ltr'><strong>ejiciunt?</strong></span> <span class='ocrx_word' id='word_1_266' title='bbox 1611 2055 1734 2108; x_wconf 80' lang='lat' dir='ltr'><strong>Ideo</strong></span> <span class='ocrx_word' id='word_1_267' title='bbox 1785 2056 1882 2122; x_wconf 84' lang='lat' dir='ltr'><strong>ipsi</strong></span> <span class='ocrx_word' id='word_1_268' title='bbox 1931 2056 2137 2123; x_wconf 68' lang='lat' dir='ltr'><strong>judices</strong></span> 
     </span>
    </p>
   </div>
   <div class='ocr_carea' id='block_1_37' title="bbox 564 2137 2134 2212">
    <p class='ocr_par' dir='ltr' id='par_1_37' title="bbox 564 2137 2134 2212">
     <span class='ocr_line' id='line_1_37' title="bbox 564 2137 2134 2212; baseline 0.008 -28"><span class='ocrx_word' id='word_1_269' title='bbox 564 2137 731 2189; x_wconf 70' lang='lat' dir='ltr'><strong>\&#39;t:$ll&#39;i</strong></span> <span class='ocrx_word' id='word_1_270' title='bbox 774 2149 949 2192; x_wconf 82' lang='lat' dir='ltr'><strong>erunt.</strong></span> <span class='ocrx_word' id='word_1_271' title='bbox 987 2140 1154 2196; x_wconf 82' lang='lat' dir='ltr'><strong>Porro</strong></span> <span class='ocrx_word' id='word_1_272' title='bbox 1196 2143 1240 2194; x_wconf 89' lang='lat' dir='ltr'><strong>si</strong></span> <span class='ocrx_word' id='word_1_273' title='bbox 1300 2144 1464 2210; x_wconf 82' lang='lat' dir='ltr'><strong>digito</strong></span> <span class='ocrx_word' id='word_1_274' title='bbox 1510 2143 1598 2198; x_wconf 85' lang='lat' dir='ltr'><strong>Dei</strong></span> <span class='ocrx_word' id='word_1_275' title='bbox 1644 2146 1802 2212; x_wconf 85' lang='lat' dir='ltr'><strong>ejicio</strong></span> <span class='ocrx_word' id='word_1_276' title='bbox 1847 2146 2134 2208; x_wconf 69' lang='lat' dir='ltr'><strong>tltmnouia,</strong></span> 
     </span>
    </p>
   </div>
   <div class='ocr_carea' id='block_1_38' title="bbox 568 2224 2134 2302">
    <p class='ocr_par' dir='ltr' id='par_1_38' title="bbox 568 2224 2134 2302">
     <span class='ocr_line' id='line_1_38' title="bbox 568 2224 2134 2302; baseline 0.016 -28"><span class='ocrx_word' id='word_1_277' title='bbox 568 2224 808 2290; x_wconf 71' lang='lat' dir='ltr'><strong>profecto</strong></span> <span class='ocrx_word' id='word_1_278' title='bbox 860 2231 1103 2297; x_wconf 80' lang='lat' dir='ltr'><strong>pervenit</strong></span> <span class='ocrx_word' id='word_1_279' title='bbox 1152 2232 1216 2283; x_wconf 81' lang='lat' dir='ltr'><strong>ad</strong></span> <span class='ocrx_word' id='word_1_280' title='bbox 1276 2248 1638 2302; x_wconf 66' lang='lat' dir='ltr'><strong>vos.reguunt</strong></span> <span class='ocrx_word' id='word_1_281' title='bbox 1698 2235 1807 2288; x_wconf 82' lang='lat' dir='ltr'><strong>Dei.</strong></span> <span class='ocrx_word' id='word_1_282' title='bbox 1854 2254 1872 2284; x_wconf 70' lang='grc' dir='ltr'><strong><em>ι</em></strong></span> <span class='ocrx_word' id='word_1_283' title='bbox 1921 2235 2134 2302; x_wconf 63' lang='grc' dir='ltr'><strong>Κωφδς,</strong></span> 
     </span>
    </p>
   </div>
   <div class='ocr_carea' id='block_1_39' title="bbox 566 2321 2134 2396">
    <p class='ocr_par' dir='ltr' id='par_1_39' title="bbox 566 2321 2134 2396">
     <span class='ocr_line' id='line_1_39' title="bbox 566 2321 2134 2396; baseline 0.005 -26"><span class='ocrx_word' id='word_1_284' title='bbox 566 2326 767 2382; x_wconf 81' lang='lat' dir='ltr'><strong>mutus,</strong></span> <span class='ocrx_word' id='word_1_285' title='bbox 801 2321 1107 2386; x_wconf 81' lang='lat' dir='ltr'><strong>frequenter</strong></span> <span class='ocrx_word' id='word_1_286' title='bbox 1137 2325 1333 2377; x_wconf 83' lang='lat' dir='ltr'><strong>dicitur</strong></span> <span class='ocrx_word' id='word_1_287' title='bbox 1364 2327 1452 2393; x_wconf 90' lang='lat' dir='ltr'><strong>qui</strong></span> <span class='ocrx_word' id='word_1_288' title='bbox 1484 2343 1584 2378; x_wconf 84' lang='lat' dir='ltr'><strong>non</strong></span> <span class='ocrx_word' id='word_1_289' title='bbox 1611 2328 1844 2394; x_wconf 75' lang='lat' dir='ltr'><strong>loquitur</strong></span> <span class='ocrx_word' id='word_1_290' title='bbox 1874 2330 1970 2396; x_wconf 83' lang='lat' dir='ltr'><strong>(a);</strong></span> <span class='ocrx_word' id='word_1_291' title='bbox 1997 2331 2134 2381; x_wconf 64' lang='grc' dir='ltr'><strong>ἀλοί-</strong></span> 
     </span>
    </p>
   </div>
   <div class='ocr_carea' id='block_1_40' title="bbox 527 2411 2135 2484">
    <p class='ocr_par' dir='ltr' id='par_1_40' title="bbox 527 2411 2135 2484">
     <span class='ocr_line' id='line_1_40' title="bbox 527 2411 2135 2484; baseline 0.007 -25"><span class='ocrx_word' id='word_1_292' title='bbox 527 2412 533 2418; x_wconf 85' lang='grc'><strong>’</strong></span> <span class='ocrx_word' id='word_1_293' title='bbox 566 2416 651 2460; x_wconf 83' lang='lat' dir='ltr'><strong>tur</strong></span> <span class='ocrx_word' id='word_1_294' title='bbox 682 2416 859 2462; x_wconf 76' lang='lat' dir='ltr'><strong>atttetn</strong></span> <span class='ocrx_word' id='word_1_295' title='bbox 884 2420 932 2464; x_wconf 90' lang='lat' dir='ltr'><strong>et</strong></span> <span class='ocrx_word' id='word_1_296' title='bbox 958 2411 1046 2479; x_wconf 90' lang='lat' dir='ltr'><strong>qui</strong></span> <span class='ocrx_word' id='word_1_297' title='bbox 1078 2427 1184 2464; x_wconf 89' lang='lat' dir='ltr'><strong>non</strong></span> <span class='ocrx_word' id='word_1_298' title='bbox 1210 2415 1359 2465; x_wconf 84' lang='lat' dir='ltr'><strong>atulit</strong></span> <span class='ocrx_word' id='word_1_299' title='bbox 1383 2432 1394 2465; x_wconf 93' lang='lat'><strong>:</strong></span> <span class='ocrx_word' id='word_1_300' title='bbox 1422 2420 1634 2483; x_wconf 78' lang='lat' dir='ltr'><strong>proprie</strong></span> <span class='ocrx_word' id='word_1_301' title='bbox 1661 2432 1807 2478; x_wconf 78' lang='lat' dir='ltr'><strong>vero,</strong></span> <span class='ocrx_word' id='word_1_302' title='bbox 1844 2418 1930 2481; x_wconf 93' lang='lat' dir='ltr'><strong>qui</strong></span> <span class='ocrx_word' id='word_1_303' title='bbox 1963 2433 2135 2484; x_wconf 64' lang='lat' dir='ltr'><strong>neque</strong></span> 
     </span>
    </p>
   </div>
   <div class='ocr_carea' id='block_1_41' title="bbox 567 2499 2133 2571">
    <p class='ocr_par' dir='ltr' id='par_1_41' title="bbox 567 2499 2133 2571">
     <span class='ocr_line' id='line_1_41' title="bbox 567 2499 2133 2571; baseline 0.01 -26"><span class='ocrx_word' id='word_1_304' title='bbox 567 2499 733 2558; x_wconf 80' lang='lat' dir='ltr'><strong>ntulit,</strong></span> <span class='ocrx_word' id='word_1_305' title='bbox 763 2513 932 2566; x_wconf 84' lang='lat' dir='ltr'><strong>neque</strong></span> <span class='ocrx_word' id='word_1_306' title='bbox 964 2501 1221 2566; x_wconf 89' lang='lat' dir='ltr'><strong>loquitur.</strong></span> <span class='ocrx_word' id='word_1_307' title='bbox 1258 2503 1318 2554; x_wconf 83' lang='lat' dir='ltr'><strong>Et</strong></span> <span class='ocrx_word' id='word_1_308' title='bbox 1351 2519 1479 2556; x_wconf 81' lang='lat' dir='ltr'><strong>sane</strong></span> <span class='ocrx_word' id='word_1_309' title='bbox 1521 2507 1609 2571; x_wconf 89' lang='lat' dir='ltr'><strong>qui</strong></span> <span class='ocrx_word' id='word_1_310' title='bbox 1642 2522 1668 2556; x_wconf 74' lang='grc' dir='ltr'>ει</span> <span class='ocrx_word' id='word_1_311' title='bbox 1717 2508 1994 2559; x_wconf 79' lang='lat' dir='ltr'><strong>nativitatc</strong></span> <span class='ocrx_word' id='word_1_312' title='bbox 2033 2524 2133 2560; x_wconf 80' lang='lat' dir='ltr'><strong>non</strong></span> 
     </span>
    </p>
   </div>
   <div class='ocr_carea' id='block_1_42' title="bbox 567 2586 2130 2661">
    <p class='ocr_par' dir='ltr' id='par_1_42' title="bbox 567 2586 2130 2661">
     <span class='ocr_line' id='line_1_42' title="bbox 567 2586 2130 2661; baseline 0.007 -26"><span class='ocrx_word' id='word_1_313' title='bbox 567 2586 815 2646; x_wconf 77' lang='lat' dir='ltr'><strong>audiunt,</strong></span> <span class='ocrx_word' id='word_1_314' title='bbox 850 2588 1007 2640; x_wconf 84' lang='lat' dir='ltr'><strong>iidem</strong></span> <span class='ocrx_word' id='word_1_315' title='bbox 1037 2592 1199 2642; x_wconf 81' lang='lat' dir='ltr'><strong>etiam</strong></span> <span class='ocrx_word' id='word_1_316' title='bbox 1228 2593 1530 2644; x_wconf 75' lang='lat' dir='ltr'><strong>necessario</strong></span> <span class='ocrx_word' id='word_1_317' title='bbox 1560 2609 1661 2645; x_wconf 76' lang='lat' dir='ltr'><strong>non</strong></span> <span class='ocrx_word' id='word_1_318' title='bbox 1695 2595 2004 2661; x_wconf 84' lang='lat' dir='ltr'><strong>loquuntur.</strong></span> <span class='ocrx_word' id='word_1_319' title='bbox 2043 2597 2130 2647; x_wconf 82' lang='lat' dir='ltr'><strong>llla</strong></span> 
     </span>
    </p>
   </div>
   <div class='ocr_carea' id='block_1_43' title="bbox 567 2680 2132 2751">
    <p class='ocr_par' dir='ltr' id='par_1_43' title="bbox 567 2680 2132 2751">
     <span class='ocr_line' id='line_1_43' title="bbox 567 2680 2132 2751; baseline 0.007 -22"><span class='ocrx_word' id='word_1_320' title='bbox 567 2680 707 2730; x_wconf 76' lang='lat' dir='ltr'><strong>enim</strong></span> <span class='ocrx_word' id='word_1_321' title='bbox 745 2680 1034 2746; x_wconf 74' lang='lat' dir='ltr'><strong>loquimur,</strong></span> <span class='ocrx_word' id='word_1_322' title='bbox 1078 2697 1195 2748; x_wconf 65' lang='lat' dir='ltr'><strong>qum</strong></span> <span class='ocrx_word' id='word_1_323' title='bbox 1248 2698 1340 2748; x_wconf 86' lang='lat' dir='ltr'><strong>per</strong></span> <span class='ocrx_word' id='word_1_324' title='bbox 1384 2685 1621 2736; x_wconf 82' lang='lat' dir='ltr'><strong>auditum</strong></span> <span class='ocrx_word' id='word_1_325' title='bbox 1655 2684 1794 2751; x_wconf 93' lang='lat' dir='ltr'><strong>loqui</strong></span> <span class='ocrx_word' id='word_1_326' title='bbox 1827 2687 2132 2739; x_wconf 74' lang='lat' dir='ltr'><strong>didicimus.</strong></span> 
     </span>
    </p>
   </div>
   <div class='ocr_carea' id='block_1_44' title="bbox 573 2768 2136 2846">
    <p class='ocr_par' dir='ltr' id='par_1_44' title="bbox 573 2768 2136 2846">
     <span class='ocr_line' id='line_1_44' title="bbox 573 2768 2136 2846; baseline 0.01 -30"><span class='ocrx_word' id='word_1_327' title='bbox 573 2768 798 2831; x_wconf 80' lang='lat' dir='ltr'><strong>Quando</strong></span> <span class='ocrx_word' id='word_1_328' title='bbox 826 2779 999 2823; x_wconf 82' lang='lat' dir='ltr'><strong>autem</strong></span> <span class='ocrx_word' id='word_1_329' title='bbox 1029 2771 1150 2838; x_wconf 90' lang='lat' dir='ltr'><strong>quis</strong></span> <span class='ocrx_word' id='word_1_330' title='bbox 1183 2787 1286 2823; x_wconf 89' lang='lat' dir='ltr'><strong>non</strong></span> <span class='ocrx_word' id='word_1_331' title='bbox 1312 2772 1481 2833; x_wconf 86' lang='lat' dir='ltr'><strong>audit,</strong></span> <span class='ocrx_word' id='word_1_332' title='bbox 1516 2789 1620 2826; x_wconf 89' lang='lat' dir='ltr'><strong>non</strong></span> <span class='ocrx_word' id='word_1_333' title='bbox 1661 2777 1853 2827; x_wconf 90' lang='lat' dir='ltr'><strong>mirum</strong></span> <span class='ocrx_word' id='word_1_334' title='bbox 1889 2778 1929 2830; x_wconf 88' lang='lat' dir='ltr'><strong>si</strong></span> <span class='ocrx_word' id='word_1_335' title='bbox 1967 2794 2136 2846; x_wconf 74' lang='lat' dir='ltr'><strong>neque</strong></span> 
     </span>
    </p>
   </div>
   <div class='ocr_carea' id='block_1_45' title="bbox 566 2858 2135 2931">
    <p class='ocr_par' dir='ltr' id='par_1_45' title="bbox 566 2858 2135 2931">
     <span class='ocr_line' id='line_1_45' title="bbox 566 2858 2135 2931; baseline 0.007 -22"><span class='ocrx_word' id='word_1_336' title='bbox 566 2859 836 2924; x_wconf 76' lang='lat' dir='ltr'><strong>loquatur.</strong></span> <span class='ocrx_word' id='word_1_337' title='bbox 869 2858 1061 2911; x_wconf 87' lang='lat' dir='ltr'><strong>Verum</strong></span> <span class='ocrx_word' id='word_1_338' title='bbox 1089 2876 1244 2915; x_wconf 87' lang='lat' dir='ltr'><strong>secus</strong></span> <span class='ocrx_word' id='word_1_339' title='bbox 1268 2874 1344 2914; x_wconf 89' lang='lat' dir='ltr'><strong>est</strong></span> <span class='ocrx_word' id='word_1_340' title='bbox 1369 2864 1410 2915; x_wconf 89' lang='lat' dir='ltr'><strong>si</strong></span> <span class='ocrx_word' id='word_1_341' title='bbox 1441 2879 1566 2916; x_wconf 80' lang='lat' dir='ltr'><strong>casu</strong></span> <span class='ocrx_word' id='word_1_342' title='bbox 1596 2866 1895 2931; x_wconf 84' lang='lat' dir='ltr'><strong>cujuspiam</strong></span> <span class='ocrx_word' id='word_1_343' title='bbox 1923 2869 2135 2921; x_wconf 84' lang='lat' dir='ltr'><strong>auditus</strong></span> 
     </span>
    </p>
   </div>
   <div class='ocr_carea' id='block_1_46' title="bbox 565 2949 2132 3023">
    <p class='ocr_par' dir='ltr' id='par_1_46' title="bbox 565 2949 2132 3023">
     <span class='ocr_line' id='line_1_46' title="bbox 565 2949 2132 3023; baseline 0.006 -22"><span class='ocrx_word' id='word_1_344' title='bbox 565 2949 887 3002; x_wconf 83' lang='lat' dir='ltr'><strong>ollendatttr.</strong></span> <span class='ocrx_word' id='word_1_345' title='bbox 914 2949 1047 3003; x_wconf 86' lang='lat' dir='ltr'><strong>Nam</strong></span> <span class='ocrx_word' id='word_1_346' title='bbox 1094 2965 1213 3004; x_wconf 87' lang='lat' dir='ltr'><strong>eum</strong></span> <span class='ocrx_word' id='word_1_347' title='bbox 1245 2953 1333 3019; x_wconf 88' lang='lat' dir='ltr'><strong>qui</strong></span> <span class='ocrx_word' id='word_1_348' title='bbox 1377 2953 1498 3006; x_wconf 87' lang='lat' dir='ltr'><strong>talis</strong></span> <span class='ocrx_word' id='word_1_349' title='bbox 1531 2965 1632 3017; x_wconf 87' lang='lat' dir='ltr'><strong>est,</strong></span> <span class='ocrx_word' id='word_1_350' title='bbox 1669 2957 1810 3023; x_wconf 87' lang='lat' dir='ltr'><strong>loqui</strong></span> <span class='ocrx_word' id='word_1_351' title='bbox 1844 2957 1970 3009; x_wconf 84' lang='lat' dir='ltr'><strong>nihil</strong></span> <span class='ocrx_word' id='word_1_352' title='bbox 2009 2975 2132 3022; x_wconf 81' lang='lat' dir='ltr'><strong>pro-</strong></span> 
     </span>
    </p>
   </div>
   <div class='ocr_carea' id='block_1_47' title="bbox 566 3037 2128 3109">
    <p class='ocr_par' dir='ltr' id='par_1_47' title="bbox 566 3037 2128 3109">
     <span class='ocr_line' id='line_1_47' title="bbox 566 3037 2128 3109; baseline 0.006 -18"><span class='ocrx_word' id='word_1_353' title='bbox 566 3039 734 3092; x_wconf 83' lang='lat' dir='ltr'><strong>hibet.</strong></span> <span class='ocrx_word' id='word_1_354' title='bbox 774 3037 921 3092; x_wconf 89' lang='lat' dir='ltr'><strong>Unde</strong></span> <span class='ocrx_word' id='word_1_355' title='bbox 950 3041 1038 3107; x_wconf 88' lang='lat' dir='ltr'><strong>qtti</strong></span> <span class='ocrx_word' id='word_1_356' title='bbox 1073 3039 1137 3092; x_wconf 85' lang='lat' dir='ltr'><strong>ad</strong></span> <span class='ocrx_word' id='word_1_357' title='bbox 1174 3039 1454 3094; x_wconf 87' lang='lat' dir='ltr'><strong>Dominum</strong></span> <span class='ocrx_word' id='word_1_358' title='bbox 1491 3045 1749 3097; x_wconf 77' lang='lat' dir='ltr'><strong>adductus</strong></span> <span class='ocrx_word' id='word_1_359' title='bbox 1795 3059 1899 3109; x_wconf 72' lang='lat' dir='ltr'><strong>est,</strong></span> <span class='ocrx_word' id='word_1_360' title='bbox 1942 3058 1988 3099; x_wconf 84' lang='lat' dir='ltr'><strong>ct</strong></span> <span class='ocrx_word' id='word_1_361' title='bbox 2025 3050 2128 3100; x_wconf 82' lang='lat' dir='ltr'><strong>liu-</strong></span> 
     </span>
    </p>
   </div>
   <div class='ocr_carea' id='block_1_48' title="bbox 567 3101 2204 3202">
    <p class='ocr_par' dir='ltr' id='par_1_48' title="bbox 567 3101 2204 3202">
     <span class='ocr_line' id='line_1_48' title="bbox 567 3101 2204 3202; baseline 0.012 -27"><span class='ocrx_word' id='word_1_362' title='bbox 567 3143 666 3195; x_wconf 67' lang='lat' dir='ltr'><strong>gfla</strong></span> <span class='ocrx_word' id='word_1_363' title='bbox 692 3140 745 3180; x_wconf 90' lang='lat' dir='ltr'><strong>et</strong></span> <span class='ocrx_word' id='word_1_364' title='bbox 773 3129 994 3183; x_wconf 86' lang='lat' dir='ltr'><strong>auribus</strong></span> <span class='ocrx_word' id='word_1_365' title='bbox 1019 3130 1308 3198; x_wconf 85' lang='lat' dir='ltr'><strong>impeditus</strong></span> <span class='ocrx_word' id='word_1_366' title='bbox 1335 3142 1470 3184; x_wconf 86' lang='lat' dir='ltr'><strong>erat.</strong></span> <span class='ocrx_word' id='word_1_367' title='bbox 1505 3133 1697 3202; x_wconf 78' lang='lat' dir='ltr'><strong>Figura</strong></span> <span class='ocrx_word' id='word_1_368' title='bbox 1731 3147 1906 3189; x_wconf 83' lang='lat' dir='ltr'><strong>autem</strong></span> <span class='ocrx_word' id='word_1_369' title='bbox 1943 3139 2027 3189; x_wconf 71' lang='grc' dir='ltr'><strong>Ιιὲιτ</strong></span> <span class='ocrx_word' id='word_1_370' title='bbox 2053 3153 2136 3193; x_wconf 84' lang='lat' dir='ltr'><strong>cst</strong></span> <span class='ocrx_word' id='word_1_371' title='bbox 2162 3101 2204 3158; x_wconf 74' lang='lat' dir='ltr'><strong><em>C</em></strong></span> 
     </span>
    </p>
   </div>
   <div class='ocr_carea' id='block_1_49' title="bbox 567 3221 2137 3291">
    <p class='ocr_par' dir='ltr' id='par_1_49' title="bbox 567 3221 2137 3291">
     <span class='ocr_line' id='line_1_49' title="bbox 567 3221 2137 3291; baseline 0.008 -22"><span class='ocrx_word' id='word_1_372' title='bbox 567 3221 810 3272; x_wconf 67' lang='lat' dir='ltr'><strong>humanm</strong></span> <span class='ocrx_word' id='word_1_373' title='bbox 835 3230 1061 3284; x_wconf 68' lang='lat' dir='ltr'><strong>naturae,</strong></span> <span class='ocrx_word' id='word_1_374' title='bbox 1093 3236 1227 3287; x_wconf 70' lang='lat' dir='ltr'><strong>qum,</strong></span> <span class='ocrx_word' id='word_1_375' title='bbox 1263 3238 1290 3274; x_wconf 91' lang='lat' dir='ltr'><strong>a</strong></span> <span class='ocrx_word' id='word_1_376' title='bbox 1329 3223 1658 3276; x_wconf 71' lang='lat' dir='ltr'><strong>dmmunibus</strong></span> <span class='ocrx_word' id='word_1_377' title='bbox 1689 3228 1921 3291; x_wconf 75' lang='lat' dir='ltr'><strong>detenta,</strong></span> <span class='ocrx_word' id='word_1_378' title='bbox 1952 3231 2137 3282; x_wconf 78' lang='lat' dir='ltr'><strong>audire</strong></span> 
     </span>
    </p>
   </div>
   <div class='ocr_carea' id='block_1_50' title="bbox 569 3314 2132 3388">
    <p class='ocr_par' dir='ltr' id='par_1_50' title="bbox 569 3314 2132 3388">
     <span class='ocr_line' id='line_1_50' title="bbox 569 3314 2132 3388; baseline 0.008 -28"><span class='ocrx_word' id='word_1_379' title='bbox 569 3325 672 3362; x_wconf 84' lang='lat' dir='ltr'><strong>non</strong></span> <span class='ocrx_word' id='word_1_380' title='bbox 709 3319 885 3377; x_wconf 87' lang='lat' dir='ltr'><strong>potest</strong></span> <span class='ocrx_word' id='word_1_381' title='bbox 933 3327 1232 3366; x_wconf 82' lang='lat' dir='ltr'><strong>sermonem</strong></span> <span class='ocrx_word' id='word_1_382' title='bbox 1270 3314 1385 3378; x_wconf 87' lang='lat' dir='ltr'><strong>Dei,</strong></span> <span class='ocrx_word' id='word_1_383' title='bbox 1421 3316 1691 3385; x_wconf 82' lang='lat' dir='ltr'><strong>multoque</strong></span> <span class='ocrx_word' id='word_1_384' title='bbox 1741 3320 1915 3371; x_wconf 87' lang='lat' dir='ltr'><strong>minus</strong></span> <span class='ocrx_word' id='word_1_385' title='bbox 1956 3321 2132 3388; x_wconf 78' lang='lat' dir='ltr'><strong>eloqui</strong></span> 
     </span>
    </p>
   </div>
   <div class='ocr_carea' id='block_1_51' title="bbox 577 3401 2134 3480">
    <p class='ocr_par' dir='ltr' id='par_1_51' title="bbox 577 3401 2134 3480">
     <span class='ocr_line' id='line_1_51' title="bbox 577 3401 2134 3480; baseline 0.011 -32"><span class='ocrx_word' id='word_1_386' title='bbox 577 3401 737 3452; x_wconf 76' lang='lat' dir='ltr'><strong>valet.</strong></span> <span class='ocrx_word' id='word_1_387' title='bbox 771 3401 838 3453; x_wconf 83' lang='lat' dir='ltr'><strong>At</strong></span> <span class='ocrx_word' id='word_1_388' title='bbox 876 3401 1129 3455; x_wconf 87' lang='lat' dir='ltr'><strong>Dominus</strong></span> <span class='ocrx_word' id='word_1_389' title='bbox 1156 3414 1436 3472; x_wconf 77' lang='lat' dir='ltr'><strong>postquam</strong></span> <span class='ocrx_word' id='word_1_390' title='bbox 1483 3409 1710 3467; x_wconf 70' lang='lat' dir='ltr'><strong>venerit,</strong></span> <span class='ocrx_word' id='word_1_391' title='bbox 1756 3410 2134 3480; x_wconf 66' lang='lat' dir='ltr'><strong>(iiDlllOllCSilllC</strong></span> 
     </span>
    </p>
   </div>
   <div class='ocr_carea' id='block_1_52' title="bbox 566 3491 2131 3569">
    <p class='ocr_par' dir='ltr' id='par_1_52' title="bbox 566 3491 2131 3569">
     <span class='ocr_line' id='line_1_52' title="bbox 566 3491 2131 3569; baseline 0.008 -26"><span class='ocrx_word' id='word_1_392' title='bbox 566 3491 830 3559; x_wconf 75' lang='lat' dir='ltr'><strong>ell‘ugarit,</strong></span> <span class='ocrx_word' id='word_1_393' title='bbox 858 3494 1212 3546; x_wconf 68' lang='lat' dir='ltr'><strong>(ltetuoniacas</strong></span> <span class='ocrx_word' id='word_1_394' title='bbox 1276 3495 1494 3564; x_wconf 87' lang='lat' dir='ltr'><strong>inquam</strong></span> <span class='ocrx_word' id='word_1_395' title='bbox 1523 3496 1831 3552; x_wconf 81' lang='lat' dir='ltr'><strong>all‘cctioucs</strong></span> <span class='ocrx_word' id='word_1_396' title='bbox 1861 3510 1914 3553; x_wconf 86' lang='lat' dir='ltr'><strong>ct</strong></span> <span class='ocrx_word' id='word_1_397' title='bbox 1951 3518 2131 3569; x_wconf 80' lang='lat' dir='ltr'><strong>opera,</strong></span> 
     </span>
    </p>
   </div>
   <div class='ocr_carea' id='block_1_53' title="bbox 567 3581 2133 3654">
    <p class='ocr_par' dir='ltr' id='par_1_53' title="bbox 567 3581 2133 3654">
     <span class='ocr_line' id='line_1_53' title="bbox 567 3581 2133 3654; baseline 0.007 -20"><span class='ocrx_word' id='word_1_398' title='bbox 567 3581 694 3635; x_wconf 78' lang='lat' dir='ltr'><strong>fecit</strong></span> <span class='ocrx_word' id='word_1_399' title='bbox 715 3596 812 3650; x_wconf 80' lang='lat' dir='ltr'><strong>nos</strong></span> <span class='ocrx_word' id='word_1_400' title='bbox 841 3582 1024 3638; x_wconf 79' lang='lat' dir='ltr'><strong>audire</strong></span> <span class='ocrx_word' id='word_1_401' title='bbox 1046 3595 1097 3638; x_wconf 88' lang='lat' dir='ltr'><strong>et</strong></span> <span class='ocrx_word' id='word_1_402' title='bbox 1121 3585 1295 3654; x_wconf 83' lang='lat' dir='ltr'><strong>eloqui</strong></span> <span class='ocrx_word' id='word_1_403' title='bbox 1327 3587 1637 3651; x_wconf 79' lang='lat' dir='ltr'><strong>veritatem;</strong></span> <span class='ocrx_word' id='word_1_404' title='bbox 1672 3606 1774 3642; x_wconf 88' lang='lat' dir='ltr'><strong>non</strong></span> <span class='ocrx_word' id='word_1_405' title='bbox 1800 3592 1968 3646; x_wconf 89' lang='lat' dir='ltr'><strong>solum</strong></span> <span class='ocrx_word' id='word_1_406' title='bbox 1995 3595 2133 3645; x_wconf 86' lang='lat' dir='ltr'><strong>cnim</strong></span> 
     </span>
    </p>
   </div>
   <div class='ocr_carea' id='block_1_54' title="bbox 566 3672 2135 3755">
    <p class='ocr_par' dir='ltr' id='par_1_54' title="bbox 566 3672 2135 3755">
     <span class='ocr_line' id='line_1_54' title="bbox 566 3672 2135 3755; baseline 0.008 -28"><span class='ocrx_word' id='word_1_407' title='bbox 566 3684 841 3727; x_wconf 80' lang='lat' dir='ltr'><strong>sermones</strong></span> <span class='ocrx_word' id='word_1_408' title='bbox 876 3672 968 3728; x_wconf 85' lang='lat' dir='ltr'><strong>Dei</strong></span> <span class='ocrx_word' id='word_1_409' title='bbox 998 3676 1182 3728; x_wconf 86' lang='lat' dir='ltr'><strong>audire</strong></span> <span class='ocrx_word' id='word_1_410' title='bbox 1230 3688 1466 3744; x_wconf 83' lang='lat' dir='ltr'><strong>oportet,</strong></span> <span class='ocrx_word' id='word_1_411' title='bbox 1496 3681 1587 3734; x_wconf 87' lang='lat' dir='ltr'><strong>sed</strong></span> <span class='ocrx_word' id='word_1_412' title='bbox 1623 3683 1785 3735; x_wconf 88' lang='lat' dir='ltr'><strong>etiam</strong></span> <span class='ocrx_word' id='word_1_413' title='bbox 1818 3685 1937 3738; x_wconf 86' lang='lat' dir='ltr'><strong>aliis</strong></span> <span class='ocrx_word' id='word_1_414' title='bbox 1969 3687 2135 3755; x_wconf 74' lang='lat' dir='ltr'><strong>loqui.</strong></span> 
     </span>
    </p>
   </div>
   <div class='ocr_carea' id='block_1_55' title="bbox 568 3765 2136 3836">
    <p class='ocr_par' dir='ltr' id='par_1_55' title="bbox 568 3765 2136 3836">
     <span class='ocr_line' id='line_1_55' title="bbox 568 3765 2136 3836; baseline 0.01 -19"><span class='ocrx_word' id='word_1_415' title='bbox 568 3765 861 3819; x_wconf 80' lang='lat' dir='ltr'><strong>Audiamus</strong></span> <span class='ocrx_word' id='word_1_416' title='bbox 913 3767 1074 3836; x_wconf 79' lang='lat' dir='ltr'><strong>igitur</strong></span> <span class='ocrx_word' id='word_1_417' title='bbox 1120 3768 1211 3833; x_wconf 85' lang='lat' dir='ltr'><strong>qui</strong></span> <span class='ocrx_word' id='word_1_418' title='bbox 1257 3769 1515 3823; x_wconf 81' lang='lat' dir='ltr'><strong>habemus</strong></span> <span class='ocrx_word' id='word_1_419' title='bbox 1568 3773 1618 3824; x_wconf 89' lang='lat' dir='ltr'><strong>in</strong></span> <span class='ocrx_word' id='word_1_420' title='bbox 1669 3774 1828 3830; x_wconf 90' lang='lat' dir='ltr'><strong>nobis</strong></span> <span class='ocrx_word' id='word_1_421' title='bbox 1873 3777 2136 3832; x_wconf 81' lang='lat' dir='ltr'><strong>diabolica</strong></span> 
     </span>
    </p>
   </div>
   <div class='ocr_carea' id='block_1_56' title="bbox 568 3848 2138 3935">
    <p class='ocr_par' dir='ltr' id='par_1_56' title="bbox 568 3848 2138 3935">
     <span class='ocr_line' id='line_1_56' title="bbox 568 3848 2138 3935; baseline 0.011 -28"><span class='ocrx_word' id='word_1_422' title='bbox 568 3871 752 3924; x_wconf 86' lang='lat' dir='ltr'><strong>opera,</strong></span> <span class='ocrx_word' id='word_1_423' title='bbox 784 3865 836 3909; x_wconf 84' lang='lat' dir='ltr'><strong>et</strong></span> <span class='ocrx_word' id='word_1_424' title='bbox 883 3867 1131 3927; x_wconf 86' lang='lat' dir='ltr'><strong>putamus</strong></span> <span class='ocrx_word' id='word_1_425' title='bbox 1162 3874 1259 3913; x_wconf 91' lang='lat' dir='ltr'><strong>nos</strong></span> <span class='ocrx_word' id='word_1_426' title='bbox 1301 3862 1497 3915; x_wconf 86' lang='lat' dir='ltr'><strong>docere</strong></span> <span class='ocrx_word' id='word_1_427' title='bbox 1529 3863 1666 3918; x_wconf 89' lang='lat' dir='ltr'><strong>alios</strong></span> <span class='ocrx_word' id='word_1_428' title='bbox 1697 3874 1754 3918; x_wconf 89' lang='lat' dir='ltr'><strong>et</strong></span> <span class='ocrx_word' id='word_1_429' title='bbox 1796 3848 2052 3935; x_wconf 74' lang='lat' dir='ltr'><strong>cupimus</strong></span> <span class='ocrx_word' id='word_1_430' title='bbox 2072 3871 2138 3924; x_wconf 88' lang='lat' dir='ltr'><strong>ab</strong></span> 
     </span>
    </p>
   </div>
   <div class='ocr_carea' id='block_1_57' title="bbox 569 3947 2133 4023">
    <p class='ocr_par' dir='ltr' id='par_1_57' title="bbox 569 3947 2133 4023">
     <span class='ocr_line' id='line_1_57' title="bbox 569 3947 2133 4023; baseline 0.008 -23"><span class='ocrx_word' id='word_1_431' title='bbox 569 3947 877 4002; x_wconf 88' lang='lat' dir='ltr'><strong>hominibus</strong></span> <span class='ocrx_word' id='word_1_432' title='bbox 908 3949 1129 4003; x_wconf 90' lang='lat' dir='ltr'><strong>salutari</strong></span> <span class='ocrx_word' id='word_1_433' title='bbox 1164 3950 1358 4005; x_wconf 82' lang='lat' dir='ltr'><strong>Rabhi.</strong></span> <span class='ocrx_word' id='word_1_434' title='bbox 1411 3952 1638 4022; x_wconf 76' lang='lat' dir='ltr'><strong>Egresso</strong></span> <span class='ocrx_word' id='word_1_435' title='bbox 1680 3956 1821 4008; x_wconf 90' lang='lat' dir='ltr'><strong>enim</strong></span> <span class='ocrx_word' id='word_1_436' title='bbox 1850 3957 2133 4023; x_wconf 76' lang='lat' dir='ltr'><strong>daemonio,</strong></span> 
     </span>
    </p>
   </div>
   <div class='ocr_carea' id='block_1_58' title="bbox 568 4041 2135 4110">
    <p class='ocr_par' dir='ltr' id='par_1_58' title="bbox 568 4041 2135 4110">
     <span class='ocr_line' id='line_1_58' title="bbox 568 4041 2135 4110; baseline 0.01 -21"><span class='ocrx_word' id='word_1_437' title='bbox 568 4053 729 4092; x_wconf 84' lang='lat' dir='ltr'><strong>verus</strong></span> <span class='ocrx_word' id='word_1_438' title='bbox 759 4053 935 4092; x_wconf 87' lang='lat' dir='ltr'><strong>sermo</strong></span> <span class='ocrx_word' id='word_1_439' title='bbox 987 4049 1041 4093; x_wconf 87' lang='lat' dir='ltr'><strong>et</strong></span> <span class='ocrx_word' id='word_1_440' title='bbox 1077 4041 1318 4096; x_wconf 86' lang='lat' dir='ltr'><strong>doctrina</strong></span> <span class='ocrx_word' id='word_1_441' title='bbox 1373 4045 1451 4098; x_wconf 87' lang='lat' dir='ltr'><strong>lit.</strong></span> <span class='ocrx_word' id='word_1_442' title='bbox 1497 4044 1743 4110; x_wconf 84' lang='lat' dir='ltr'><strong>Quamliu</strong></span> <span class='ocrx_word' id='word_1_443' title='bbox 1787 4059 1964 4104; x_wconf 88' lang='lat' dir='ltr'><strong>autem</strong></span> <span class='ocrx_word' id='word_1_444' title='bbox 1998 4052 2135 4104; x_wconf 85' lang='lat' dir='ltr'><strong>intra</strong></span> 
     </span>
    </p>
   </div>
   <div class='ocr_carea' id='block_1_59' title="bbox 569 4131 2134 4202">
    <p class='ocr_par' dir='ltr' id='par_1_59' title="bbox 569 4131 2134 4202">
     <span class='ocr_line' id='line_1_59' title="bbox 569 4131 2134 4202; baseline 0.006 -18"><span class='ocrx_word' id='word_1_445' title='bbox 569 4146 669 4184; x_wconf 82' lang='lat' dir='ltr'><strong>nos</strong></span> <span class='ocrx_word' id='word_1_446' title='bbox 701 4131 859 4185; x_wconf 86' lang='lat' dir='ltr'><strong>luerit</strong></span> <span class='ocrx_word' id='word_1_447' title='bbox 888 4131 1147 4184; x_wconf 67' lang='lat' dir='ltr'><strong>daemonis</strong></span> <span class='ocrx_word' id='word_1_448' title='bbox 1191 4134 1455 4202; x_wconf 86' lang='lat' dir='ltr'><strong>operatio,</strong></span> <span class='ocrx_word' id='word_1_449' title='bbox 1483 4136 1694 4190; x_wconf 90' lang='lat' dir='ltr'><strong>etiamsi</strong></span> <span class='ocrx_word' id='word_1_450' title='bbox 1730 4137 2004 4193; x_wconf 85' lang='lat' dir='ltr'><strong>videamur</strong></span> <span class='ocrx_word' id='word_1_451' title='bbox 2053 4143 2134 4193; x_wconf 91' lang='lat' dir='ltr'><strong>lo-</strong></span> 
     </span>
    </p>
   </div>
   <div class='ocr_carea' id='block_1_60' title="bbox 569 4221 2136 4290">
    <p class='ocr_par' dir='ltr' id='par_1_60' title="bbox 569 4221 2136 4290">
     <span class='ocr_line' id='line_1_60' title="bbox 569 4221 2136 4290; baseline 0.007 -16"><span class='ocrx_word' id='word_1_452' title='bbox 569 4222 684 4288; x_wconf 75' lang='lat' dir='ltr'><strong>qui,</strong></span> <span class='ocrx_word' id='word_1_453' title='bbox 729 4237 834 4274; x_wconf 88' lang='lat' dir='ltr'><strong>non</strong></span> <span class='ocrx_word' id='word_1_454' title='bbox 869 4221 1156 4290; x_wconf 89' lang='lat' dir='ltr'><strong>loquimur.</strong></span> <span class='ocrx_word' id='word_1_455' title='bbox 1213 4223 1469 4278; x_wconf 68' lang='lat' dir='ltr'><strong>Pharisaei</strong></span> <span class='ocrx_word' id='word_1_456' title='bbox 1517 4242 1647 4281; x_wconf 85' lang='lat' dir='ltr'><strong>sane</strong></span> <span class='ocrx_word' id='word_1_457' title='bbox 1690 4229 2011 4284; x_wconf 87' lang='lat' dir='ltr'><strong>miraculum</strong></span> <span class='ocrx_word' id='word_1_458' title='bbox 2053 4248 2136 4284; x_wconf 80' lang='lat' dir='ltr'><strong>ar-</strong></span> 
     </span>
    </p>
   </div>
   <div class='ocr_carea' id='block_1_61' title="bbox 570 4311 2134 4381">
    <p class='ocr_par' dir='ltr' id='par_1_61' title="bbox 570 4311 2134 4381">
     <span class='ocr_line' id='line_1_61' title="bbox 570 4311 2134 4381; baseline 0.007 -18"><span class='ocrx_word' id='word_1_459' title='bbox 570 4319 757 4379; x_wconf 79' lang='lat' dir='ltr'><strong>guunt,</strong></span> <span class='ocrx_word' id='word_1_460' title='bbox 803 4319 855 4365; x_wconf 92' lang='lat' dir='ltr'><strong>et</strong></span> <span class='ocrx_word' id='word_1_461' title='bbox 888 4311 1167 4366; x_wconf 88' lang='lat' dir='ltr'><strong>Dominum</strong></span> <span class='ocrx_word' id='word_1_462' title='bbox 1193 4322 1250 4365; x_wconf 93' lang='lat' dir='ltr'><strong>ut</strong></span> <span class='ocrx_word' id='word_1_463' title='bbox 1274 4329 1487 4381; x_wconf 76' lang='lat' dir='ltr'><strong>magum</strong></span> <span class='ocrx_word' id='word_1_464' title='bbox 1521 4319 1841 4372; x_wconf 86' lang='lat' dir='ltr'><strong>contumelia</strong></span> <span class='ocrx_word' id='word_1_465' title='bbox 1877 4320 2134 4376; x_wconf 82' lang='lat' dir='ltr'><strong>alliciunt.</strong></span> 
     </span>
    </p>
   </div>
   <div class='ocr_carea' id='block_1_62' title="bbox 2240 1869 3821 1940">
    <p class='ocr_par' dir='ltr' id='par_1_62' title="bbox 2240 1869 3821 1940">
     <span class='ocr_line' id='line_1_62' title="bbox 2240 1869 3821 1940; baseline 0.002 -21"><span class='ocrx_word' id='word_1_466' title='bbox 2240 1870 2298 1920; x_wconf 76' lang='grc' dir='ltr'>ὲν</span> <span class='ocrx_word' id='word_1_467' title='bbox 2347 1869 2665 1934; x_wconf 74' lang='grc' dir='ltr'>Βεελζεϐοὺλ</span> <span class='ocrx_word' id='word_1_468' title='bbox 2715 1871 2994 1923; x_wconf 78' lang='grc' dir='ltr'>ἐκϐάλλειν</span> <span class='ocrx_word' id='word_1_469' title='bbox 3056 1889 3121 1940; x_wconf 86' lang='grc' dir='ltr'><strong>με</strong></span> <span class='ocrx_word' id='word_1_470' title='bbox 3172 1873 3238 1923; x_wconf 78' lang='grc' dir='ltr'><strong>τὰ</strong></span> <span class='ocrx_word' id='word_1_471' title='bbox 3301 1871 3592 1939; x_wconf 81' lang='grc' dir='ltr'>δαιμόνια;</span> <span class='ocrx_word' id='word_1_472' title='bbox 3642 1871 3705 1923; x_wconf 75' lang='lat' dir='ltr'><strong>Et</strong></span> <span class='ocrx_word' id='word_1_473' title='bbox 3764 1871 3821 1922; x_wconf 72' lang='lat' dir='ltr'><strong>es</strong></span> 
     </span>
    </p>
   </div>
   <div class='ocr_carea' id='block_1_63' title="bbox 2239 1961 3821 2034">
    <p class='ocr_par' dir='ltr' id='par_1_63' title="bbox 2239 1961 3821 2034">
     <span class='ocr_line' id='line_1_63' title="bbox 2239 1961 3821 2034; baseline 0.004 -23"><span class='ocrx_word' id='word_1_474' title='bbox 2239 1961 2348 2026; x_wconf 78' lang='grc' dir='ltr'><strong>ἐγὼ</strong></span> <span class='ocrx_word' id='word_1_475' title='bbox 2396 1963 2453 2013; x_wconf 77' lang='grc' dir='ltr'><strong>ἐν</strong></span> <span class='ocrx_word' id='word_1_476' title='bbox 2498 1962 2826 2025; x_wconf 76' lang='grc' dir='ltr'>Βεελζεϐοὺλ</span> <span class='ocrx_word' id='word_1_477' title='bbox 2878 1963 3126 2015; x_wconf 80' lang='grc' dir='ltr'>ἐκϐάλλω</span> <span class='ocrx_word' id='word_1_478' title='bbox 3180 1964 3246 2015; x_wconf 76' lang='grc' dir='ltr'><strong>τὰ</strong></span> <span class='ocrx_word' id='word_1_479' title='bbox 3292 1964 3566 2034; x_wconf 79' lang='grc' dir='ltr'>δαιμόνια,</span> <span class='ocrx_word' id='word_1_480' title='bbox 3607 1964 3656 2015; x_wconf 80' lang='grc' dir='ltr'><strong>οἱ</strong></span> <span class='ocrx_word' id='word_1_481' title='bbox 3712 1966 3821 2018; x_wconf 69' lang='grc' dir='ltr'>υἱοὶ</span> 
     </span>
    </p>
   </div>
   <div class='ocr_carea' id='block_1_64' title="bbox 2237 2053 3821 2124">
    <p class='ocr_par' dir='ltr' id='par_1_64' title="bbox 2237 2053 3821 2124">
     <span class='ocr_line' id='line_1_64' title="bbox 2237 2053 3821 2124; baseline 0.002 -22"><span class='ocrx_word' id='word_1_482' title='bbox 2237 2053 2389 2120; x_wconf 83' lang='grc' dir='ltr'>ὑμῶν</span> <span class='ocrx_word' id='word_1_483' title='bbox 2437 2055 2494 2104; x_wconf 81' lang='grc' dir='ltr'>ὲν</span> <span class='ocrx_word' id='word_1_484' title='bbox 2533 2053 2638 2104; x_wconf 87' lang='grc' dir='ltr'>τίνι</span> <span class='ocrx_word' id='word_1_485' title='bbox 2686 2055 3042 2116; x_wconf 82' lang='grc' dir='ltr'>ἑκϐάλλουσι;</span> <span class='ocrx_word' id='word_1_486' title='bbox 3078 2053 3174 2106; x_wconf 81' lang='grc' dir='ltr'><strong>Διὰ</strong></span> <span class='ocrx_word' id='word_1_487' title='bbox 3223 2054 3381 2106; x_wconf 84' lang='grc' dir='ltr'>τοῦτο</span> <span class='ocrx_word' id='word_1_488' title='bbox 3432 2054 3617 2124; x_wconf 73' lang='grc' dir='ltr'>κριταὶ</span> <span class='ocrx_word' id='word_1_489' title='bbox 3667 2055 3821 2123; x_wconf 82' lang='grc' dir='ltr'>ὑμῶν</span> 
     </span>
    </p>
   </div>
   <div class='ocr_carea' id='block_1_65' title="bbox 2243 2143 3821 2212">
    <p class='ocr_par' dir='ltr' id='par_1_65' title="bbox 2243 2143 3821 2212">
     <span class='ocr_line' id='line_1_65' title="bbox 2243 2143 3821 2212; baseline 0.001 -17"><span class='ocrx_word' id='word_1_490' title='bbox 2243 2143 2395 2195; x_wconf 73' lang='grc' dir='ltr'>αὐτοὶ</span> <span class='ocrx_word' id='word_1_491' title='bbox 2433 2143 2670 2196; x_wconf 76' lang='grc' dir='ltr'>ἔσονται.</span> <span class='ocrx_word' id='word_1_492' title='bbox 2708 2145 2766 2196; x_wconf 84' lang='grc' dir='ltr'><strong>Εἰ</strong></span> <span class='ocrx_word' id='word_1_493' title='bbox 2805 2143 2863 2196; x_wconf 86' lang='grc' dir='ltr'><strong>δὲ</strong></span> <span class='ocrx_word' id='word_1_494' title='bbox 2907 2146 2963 2196; x_wconf 86' lang='grc' dir='ltr'>ἐν</span> <span class='ocrx_word' id='word_1_495' title='bbox 3005 2143 3252 2212; x_wconf 70' lang='grc' dir='ltr'>δακτύλῳ</span> <span class='ocrx_word' id='word_1_496' title='bbox 3291 2144 3424 2197; x_wconf 78' lang='grc' dir='ltr'>θεοῦ</span> <span class='ocrx_word' id='word_1_497' title='bbox 3459 2144 3708 2197; x_wconf 74' lang='grc' dir='ltr'>ἐκϐάλλω</span> <span class='ocrx_word' id='word_1_498' title='bbox 3751 2147 3821 2197; x_wconf 77' lang='grc' dir='ltr'>τὰ</span> 
     </span>
    </p>
   </div>
   <div class='ocr_carea' id='block_1_66' title="bbox 2236 2231 3819 2303">
    <p class='ocr_par' dir='ltr' id='par_1_66' title="bbox 2236 2231 3819 2303">
     <span class='ocr_line' id='line_1_66' title="bbox 2236 2231 3819 2303; baseline 0.001 -21"><span class='ocrx_word' id='word_1_499' title='bbox 2236 2231 2504 2300; x_wconf 76' lang='grc' dir='ltr'>δαιμόνια,</span> <span class='ocrx_word' id='word_1_500' title='bbox 2565 2234 2670 2301; x_wconf 79' lang='grc' dir='ltr'>ἄρα</span> <span class='ocrx_word' id='word_1_501' title='bbox 2724 2233 2956 2302; x_wconf 62' lang='grc' dir='ltr'>ἔφθασεν</span> <span class='ocrx_word' id='word_1_502' title='bbox 3015 2233 3099 2300; x_wconf 66' lang='grc' dir='ltr'><strong>ἐφ’</strong></span> <span class='ocrx_word' id='word_1_503' title='bbox 3149 2236 3290 2302; x_wconf 77' lang='grc' dir='ltr'>ὑμᾶς</span> <span class='ocrx_word' id='word_1_504' title='bbox 3338 2236 3368 2303; x_wconf 80' lang='grc' dir='ltr'>ὴ</span> <span class='ocrx_word' id='word_1_505' title='bbox 3422 2233 3667 2302; x_wconf 82' lang='grc' dir='ltr'>βασιλεία</span> <span class='ocrx_word' id='word_1_506' title='bbox 3725 2234 3819 2286; x_wconf 83' lang='grc' dir='ltr'><strong>τοῦ</strong></span> 
     </span>
    </p>
   </div>
   <div class='ocr_carea' id='block_1_67' title="bbox 2237 2322 3821 2395">
    <p class='ocr_par' dir='ltr' id='par_1_67' title="bbox 2237 2322 3821 2395">
     <span class='ocr_line' id='line_1_67' title="bbox 2237 2322 3821 2395; baseline 0.004 -23"><span class='ocrx_word' id='word_1_507' title='bbox 2237 2322 2391 2375; x_wconf 85' lang='grc' dir='ltr'>Θεοῦ.</span> <span class='ocrx_word' id='word_1_508' title='bbox 2431 2343 2448 2372; x_wconf 74' lang='grc' dir='ltr'>ι</span> <span class='ocrx_word' id='word_1_509' title='bbox 2507 2323 2698 2390; x_wconf 73' lang='grc' dir='ltr'>Κωφὸς</span> <span class='ocrx_word' id='word_1_510' title='bbox 2748 2325 2963 2390; x_wconf 76' lang='grc' dir='ltr'>λέγεται</span> <span class='ocrx_word' id='word_1_511' title='bbox 3001 2327 3096 2393; x_wconf 81' lang='grc' dir='ltr'>μὲν</span> <span class='ocrx_word' id='word_1_512' title='bbox 3131 2325 3203 2388; x_wconf 80' lang='grc' dir='ltr'><strong>ὡς</strong></span> <span class='ocrx_word' id='word_1_513' title='bbox 3255 2326 3345 2376; x_wconf 75' lang='grc' dir='ltr'><strong>ἐπὶ</strong></span> <span class='ocrx_word' id='word_1_514' title='bbox 3393 2325 3450 2376; x_wconf 84' lang='grc' dir='ltr'>τὸ</span> <span class='ocrx_word' id='word_1_515' title='bbox 3491 2325 3625 2378; x_wconf 76' lang='grc' dir='ltr'>πολὺ</span> <span class='ocrx_word' id='word_1_516' title='bbox 3671 2329 3698 2378; x_wconf 78' lang='grc' dir='ltr'>ὁ</span> <span class='ocrx_word' id='word_1_517' title='bbox 3743 2329 3821 2395; x_wconf 79' lang='grc' dir='ltr'>μὴ</span> 
     </span>
    </p>
   </div>
   <div class='ocr_carea' id='block_1_68' title="bbox 2235 2411 3822 2487">
    <p class='ocr_par' dir='ltr' id='par_1_68' title="bbox 2235 2411 3822 2487">
     <span class='ocr_line' id='line_1_68' title="bbox 2235 2411 3822 2487; baseline 0.005 -26"><span class='ocrx_word' id='word_1_518' title='bbox 2235 2411 2431 2474; x_wconf 76' lang='grc' dir='ltr'>λαλῶν,</span> <span class='ocrx_word' id='word_1_519' title='bbox 2478 2414 2685 2480; x_wconf 78' lang='grc' dir='ltr'>λέγοιτο</span> <span class='ocrx_word' id='word_1_520' title='bbox 2719 2415 2763 2466; x_wconf 83' lang='grc' dir='ltr'><strong>δ’</strong></span> <span class='ocrx_word' id='word_1_521' title='bbox 2791 2416 2854 2466; x_wconf 80' lang='grc' dir='ltr'>ἂν</span> <span class='ocrx_word' id='word_1_522' title='bbox 2894 2417 2984 2468; x_wconf 71' lang='grc' dir='ltr'><strong>καὶ</strong></span> <span class='ocrx_word' id='word_1_523' title='bbox 3027 2419 3053 2468; x_wconf 87' lang='grc' dir='ltr'>ὁ</span> <span class='ocrx_word' id='word_1_524' title='bbox 3108 2418 3182 2486; x_wconf 80' lang='grc' dir='ltr'>μὴ</span> <span class='ocrx_word' id='word_1_525' title='bbox 3209 2416 3444 2481; x_wconf 75' lang='grc' dir='ltr'>ἁκούων,</span> <span class='ocrx_word' id='word_1_526' title='bbox 3486 2417 3822 2487; x_wconf 73' lang='grc' dir='ltr'>κυριώτερον</span> 
     </span>
    </p>
   </div>
   <div class='ocr_carea' id='block_1_69' title="bbox 2235 2504 3822 2577">
    <p class='ocr_par' dir='ltr' id='par_1_69' title="bbox 2235 2504 3822 2577">
     <span class='ocr_line' id='line_1_69' title="bbox 2235 2504 3822 2577; baseline 0.003 -23"><span class='ocrx_word' id='word_1_527' title='bbox 2235 2504 2290 2554; x_wconf 78' lang='grc' dir='ltr'><strong>δὲ</strong></span> <span class='ocrx_word' id='word_1_528' title='bbox 2327 2507 2353 2555; x_wconf 84' lang='grc' dir='ltr'>ὀ</span> <span class='ocrx_word' id='word_1_529' title='bbox 2386 2506 2521 2574; x_wconf 72' lang='grc' dir='ltr'>μήτε</span> <span class='ocrx_word' id='word_1_530' title='bbox 2560 2505 2794 2570; x_wconf 69' lang='grc' dir='ltr'>ἀκούων,</span> <span class='ocrx_word' id='word_1_531' title='bbox 2826 2508 2961 2574; x_wconf 81' lang='grc' dir='ltr'>μήτε</span> <span class='ocrx_word' id='word_1_532' title='bbox 2994 2509 3188 2559; x_wconf 81' lang='grc' dir='ltr'>λαλῶν.</span> <span class='ocrx_word' id='word_1_533' title='bbox 3222 2510 3328 2561; x_wconf 73' lang='grc' dir='ltr'><strong>Καὶ</strong></span> <span class='ocrx_word' id='word_1_534' title='bbox 3352 2510 3465 2574; x_wconf 73' lang='grc' dir='ltr'>οἵγε</span> <span class='ocrx_word' id='word_1_535' title='bbox 3499 2511 3562 2560; x_wconf 83' lang='grc' dir='ltr'>ἐκ</span> <span class='ocrx_word' id='word_1_536' title='bbox 3594 2509 3822 2577; x_wconf 64' lang='grc' dir='ltr'>γενετῆς</span> 
     </span>
    </p>
   </div>
   <div class='ocr_carea' id='block_1_70' title="bbox 2242 2597 3821 2668">
    <p class='ocr_par' dir='ltr' id='par_1_70' title="bbox 2242 2597 3821 2668">
     <span class='ocr_line' id='line_1_70' title="bbox 2242 2597 3821 2668; baseline 0.003 -21"><span class='ocrx_word' id='word_1_537' title='bbox 2242 2597 2314 2666; x_wconf 73' lang='grc' dir='ltr'>μὴ</span> <span class='ocrx_word' id='word_1_538' title='bbox 2351 2597 2659 2657; x_wconf 70' lang='grc' dir='ltr'>ἀκούοντες,</span> <span class='ocrx_word' id='word_1_539' title='bbox 2693 2597 2814 2648; x_wconf 78' lang='grc' dir='ltr'>οὐδὲ</span> <span class='ocrx_word' id='word_1_540' title='bbox 2857 2597 3123 2649; x_wconf 77' lang='grc' dir='ltr'>λαλοῦσιν·</span> <span class='ocrx_word' id='word_1_541' title='bbox 3165 2598 3222 2660; x_wconf 78' lang='grc' dir='ltr'>ἐξ</span> <span class='ocrx_word' id='word_1_542' title='bbox 3250 2599 3495 2667; x_wconf 70' lang='grc' dir='ltr'>ἀνάγκης</span> <span class='ocrx_word' id='word_1_543' title='bbox 3520 2599 3627 2668; x_wconf 70' lang='grc' dir='ltr'><strong>γὰρ</strong></span> <span class='ocrx_word' id='word_1_544' title='bbox 3661 2599 3821 2651; x_wconf 74' lang='grc' dir='ltr'>τοῦτο</span> 
     </span>
    </p>
   </div>
   <div class='ocr_carea' id='block_1_71' title="bbox 2241 2687 3820 2760">
    <p class='ocr_par' dir='ltr' id='par_1_71' title="bbox 2241 2687 3820 2760">
     <span class='ocr_line' id='line_1_71' title="bbox 2241 2687 3820 2760; baseline 0.003 -22"><span class='ocrx_word' id='word_1_545' title='bbox 2241 2687 2528 2754; x_wconf 78' lang='grc' dir='ltr'>συμϐαίνει</span> <span class='ocrx_word' id='word_1_546' title='bbox 2581 2688 2780 2748; x_wconf 73' lang='grc' dir='ltr'>αὐτοῖς.</span> <span class='ocrx_word' id='word_1_547' title='bbox 2830 2689 3042 2740; x_wconf 77' lang='grc' dir='ltr'>Ἐκεῖνα</span> <span class='ocrx_word' id='word_1_548' title='bbox 3101 2691 3207 2760; x_wconf 65' lang='grc' dir='ltr'>γὲρ</span> <span class='ocrx_word' id='word_1_549' title='bbox 3252 2690 3539 2756; x_wconf 68' lang='grc' dir='ltr'>λαλοῦμεν,</span> <span class='ocrx_word' id='word_1_550' title='bbox 3583 2691 3684 2742; x_wconf 71' lang='grc' dir='ltr'><strong>ὅσα</strong></span> <span class='ocrx_word' id='word_1_551' title='bbox 3733 2691 3820 2742; x_wconf 65' lang='grc' dir='ltr'>διὰ</span> 
     </span>
    </p>
   </div>
   <div class='ocr_carea' id='block_1_72' title="bbox 2241 2777 3822 2847">
    <p class='ocr_par' dir='ltr' id='par_1_72' title="bbox 2241 2777 3822 2847">
     <span class='ocr_line' id='line_1_72' title="bbox 2241 2777 3822 2847; baseline 0.003 -20"><span class='ocrx_word' id='word_1_552' title='bbox 2241 2779 2330 2828; x_wconf 88' lang='grc' dir='ltr'><strong>τοῦ</strong></span> <span class='ocrx_word' id='word_1_553' title='bbox 2376 2777 2594 2830; x_wconf 80' lang='grc' dir='ltr'>ἀκούειν</span> <span class='ocrx_word' id='word_1_554' title='bbox 2638 2779 2980 2847; x_wconf 78' lang='grc' dir='ltr'>μανθάνομεν</span> <span class='ocrx_word' id='word_1_555' title='bbox 3010 2779 3229 2845; x_wconf 78' lang='grc' dir='ltr'>δηλαδή.</span> <span class='ocrx_word' id='word_1_556' title='bbox 3288 2780 3456 2832; x_wconf 81' lang='grc' dir='ltr'>Ὀταν</span> <span class='ocrx_word' id='word_1_557' title='bbox 3506 2780 3561 2831; x_wconf 80' lang='grc' dir='ltr'><strong>δέ</strong></span> <span class='ocrx_word' id='word_1_558' title='bbox 3612 2798 3694 2843; x_wconf 82' lang='grc' dir='ltr'><strong>τις</strong></span> <span class='ocrx_word' id='word_1_559' title='bbox 3721 2783 3822 2832; x_wconf 73' lang='grc' dir='ltr'>οὐκ</span> 
     </span>
    </p>
   </div>
   <div class='ocr_carea' id='block_1_73' title="bbox 2239 2869 3822 2941">
    <p class='ocr_par' dir='ltr' id='par_1_73' title="bbox 2239 2869 3822 2941">
     <span class='ocr_line' id='line_1_73' title="bbox 2239 2869 3822 2941; baseline 0.004 -23"><span class='ocrx_word' id='word_1_560' title='bbox 2239 2869 2434 2936; x_wconf 78' lang='grc' dir='ltr'><strong>ἀκούῃ,</strong></span> <span class='ocrx_word' id='word_1_561' title='bbox 2461 2869 2684 2930; x_wconf 74' lang='grc' dir='ltr'>είκότως</span> <span class='ocrx_word' id='word_1_562' title='bbox 2705 2869 2826 2920; x_wconf 73' lang='grc' dir='ltr'><strong>οὐδὲ</strong></span> <span class='ocrx_word' id='word_1_563' title='bbox 2857 2870 3032 2934; x_wconf 82' lang='grc' dir='ltr'>λαλεῖ,</span> <span class='ocrx_word' id='word_1_564' title='bbox 3067 2870 3205 2941; x_wconf 72' lang='grc' dir='ltr'>πλὴν</span> <span class='ocrx_word' id='word_1_565' title='bbox 3238 2875 3284 2922; x_wconf 86' lang='grc' dir='ltr'><strong>εί</strong></span> <span class='ocrx_word' id='word_1_566' title='bbox 3321 2872 3396 2940; x_wconf 79' lang='grc' dir='ltr'>μὴ</span> <span class='ocrx_word' id='word_1_567' title='bbox 3418 2872 3680 2933; x_wconf 73' lang='grc' dir='ltr'>πολλάκις</span> <span class='ocrx_word' id='word_1_568' title='bbox 3717 2873 3822 2924; x_wconf 75' lang='grc' dir='ltr'><strong>ὑπὸ</strong></span> 
     </span>
    </p>
   </div>
   <div class='ocr_carea' id='block_1_74' title="bbox 2238 2957 3822 3028">
    <p class='ocr_par' dir='ltr' id='par_1_74' title="bbox 2238 2957 3822 3028">
     <span class='ocr_line' id='line_1_74' title="bbox 2238 2957 3822 3028; baseline 0.003 -19"><span class='ocrx_word' id='word_1_569' title='bbox 2238 2957 2440 3019; x_wconf 72' lang='grc' dir='ltr'>πάθους</span> <span class='ocrx_word' id='word_1_570' title='bbox 2494 2958 2720 3028; x_wconf 73' lang='grc' dir='ltr'>ὕστερον</span> <span class='ocrx_word' id='word_1_571' title='bbox 2777 2959 2979 3025; x_wconf 82' lang='grc' dir='ltr'>ἐϐλάϐη</span> <span class='ocrx_word' id='word_1_572' title='bbox 3039 2961 3136 3022; x_wconf 70' lang='grc' dir='ltr'><strong>τὰς</strong></span> <span class='ocrx_word' id='word_1_573' title='bbox 3181 2962 3375 3023; x_wconf 70' lang='grc' dir='ltr'>ἀκοάς·</span> <span class='ocrx_word' id='word_1_574' title='bbox 3431 2963 3524 3013; x_wconf 69' lang='grc' dir='ltr'>τὸν</span> <span class='ocrx_word' id='word_1_575' title='bbox 3578 2963 3822 3014; x_wconf 72' lang='grc' dir='ltr'>τοιοῦτον</span> 
     </span>
    </p>
   </div>
   <div class='ocr_carea' id='block_1_75' title="bbox 2238 3051 3822 3124">
    <p class='ocr_par' dir='ltr' id='par_1_75' title="bbox 2238 3051 3822 3124">
     <span class='ocr_line' id='line_1_75' title="bbox 2238 3051 3822 3124; baseline 0.003 -23"><span class='ocrx_word' id='word_1_576' title='bbox 2238 3053 2346 3119; x_wconf 71' lang='grc' dir='ltr'>γὰρ</span> <span class='ocrx_word' id='word_1_577' title='bbox 2401 3052 2553 3102; x_wconf 75' lang='grc' dir='ltr'>οὐδὲν</span> <span class='ocrx_word' id='word_1_578' title='bbox 2606 3051 2800 3103; x_wconf 81' lang='grc' dir='ltr'>κωλύει</span> <span class='ocrx_word' id='word_1_579' title='bbox 2871 3052 3070 3104; x_wconf 78' lang='grc' dir='ltr'><strong>λαλεῖν.</strong></span> <span class='ocrx_word' id='word_1_580' title='bbox 3140 3055 3196 3103; x_wconf 84' lang='grc'><strong>’0</strong></span> <span class='ocrx_word' id='word_1_581' title='bbox 3257 3054 3434 3104; x_wconf 80' lang='grc' dir='ltr'>τοίνυν</span> <span class='ocrx_word' id='word_1_582' title='bbox 3491 3053 3570 3122; x_wconf 78' lang='grc' dir='ltr'>τῷ</span> <span class='ocrx_word' id='word_1_583' title='bbox 3633 3055 3822 3124; x_wconf 77' lang='grc' dir='ltr'>Κυρίῳ</span> 
     </span>
    </p>
   </div>
   <div class='ocr_carea' id='block_1_76' title="bbox 2241 3139 3823 3214">
    <p class='ocr_par' dir='ltr' id='par_1_76' title="bbox 2241 3139 3823 3214">
     <span class='ocr_line' id='line_1_76' title="bbox 2241 3139 3823 3214; baseline 0.003 -20"><span class='ocrx_word' id='word_1_584' title='bbox 2241 3142 2570 3211; x_wconf 68' lang='grc' dir='ltr'>προσαχθεὶς</span> <span class='ocrx_word' id='word_1_585' title='bbox 2616 3143 2901 3211; x_wconf 75' lang='grc' dir='ltr'>ἀμφότερα</span> <span class='ocrx_word' id='word_1_586' title='bbox 2935 3139 3022 3212; x_wconf 77' lang='grc' dir='ltr'>ἦν,</span> <span class='ocrx_word' id='word_1_587' title='bbox 3059 3143 3154 3195; x_wconf 73' lang='grc' dir='ltr'><strong>καὶ</strong></span> <span class='ocrx_word' id='word_1_588' title='bbox 3212 3145 3308 3214; x_wconf 78' lang='grc' dir='ltr'>τὴν</span> <span class='ocrx_word' id='word_1_589' title='bbox 3338 3145 3584 3211; x_wconf 72' lang='grc' dir='ltr'>γλῶτταν</span> <span class='ocrx_word' id='word_1_590' title='bbox 3628 3148 3721 3198; x_wconf 76' lang='grc' dir='ltr'><strong>καὶ</strong></span> <span class='ocrx_word' id='word_1_591' title='bbox 3754 3149 3823 3200; x_wconf 67' lang='grc' dir='ltr'><strong>τὰ</strong></span> 
     </span>
    </p>
   </div>
   <div class='ocr_carea' id='block_1_77' title="bbox 2239 3226 3808 3308">
    <p class='ocr_par' dir='ltr' id='par_1_77' title="bbox 2239 3226 3808 3308">
     <span class='ocr_line' id='line_1_77' title="bbox 2239 3226 3808 3308; baseline 0.004 -24"><span class='ocrx_word' id='word_1_592' title='bbox 2239 3226 2352 3286; x_wconf 77' lang='grc' dir='ltr'>ὦτα.</span> <span class='ocrx_word' id='word_1_593' title='bbox 2389 3235 2586 3302; x_wconf 74' lang='grc' dir='ltr'>κωφός.</span> <span class='ocrx_word' id='word_1_594' title='bbox 2623 3234 2894 3303; x_wconf 77' lang='grc' dir='ltr'>Σύμϐολον</span> <span class='ocrx_word' id='word_1_595' title='bbox 2921 3236 2976 3287; x_wconf 82' lang='grc' dir='ltr'><strong>δὲ</strong></span> <span class='ocrx_word' id='word_1_596' title='bbox 3016 3229 3170 3298; x_wconf 68' lang='grc' dir='ltr'>οὗτος</span> <span class='ocrx_word' id='word_1_597' title='bbox 3205 3237 3304 3302; x_wconf 74' lang='grc' dir='ltr'>τῆς</span> <span class='ocrx_word' id='word_1_598' title='bbox 3333 3237 3682 3308; x_wconf 72' lang='grc' dir='ltr'><strong>ἀνθρωπίνης</strong></span> <span class='ocrx_word' id='word_1_599' title='bbox 3710 3239 3808 3306; x_wconf 70' lang='grc' dir='ltr'><strong>φύ-</strong></span> 
     </span>
    </p>
   </div>
   <div class='ocr_carea' id='block_1_78' title="bbox 2241 3325 3820 3396">
    <p class='ocr_par' dir='ltr' id='par_1_78' title="bbox 2241 3325 3820 3396">
     <span class='ocr_line' id='line_1_78' title="bbox 2241 3325 3820 3396; baseline 0.005 -22"><span class='ocrx_word' id='word_1_600' title='bbox 2241 3341 2398 3388; x_wconf 75' lang='grc' dir='ltr'>σεως,</span> <span class='ocrx_word' id='word_1_601' title='bbox 2432 3326 2552 3393; x_wconf 78' lang='grc' dir='ltr'>ἣτις</span> <span class='ocrx_word' id='word_1_602' title='bbox 2589 3326 2691 3377; x_wconf 83' lang='grc' dir='ltr'>ὑπὸ</span> <span class='ocrx_word' id='word_1_603' title='bbox 2726 3325 2994 3394; x_wconf 71' lang='grc' dir='ltr'>δαιμόνων</span> <span class='ocrx_word' id='word_1_604' title='bbox 3038 3329 3399 3396; x_wconf 71' lang='grc' dir='ltr'><strong>κατεχομένη,</strong></span> <span class='ocrx_word' id='word_1_605' title='bbox 3431 3327 3554 3379; x_wconf 73' lang='grc' dir='ltr'>οὔτε</span> <span class='ocrx_word' id='word_1_606' title='bbox 3597 3330 3820 3383; x_wconf 77' lang='grc' dir='ltr'>ἀκούειν</span> 
     </span>
    </p>
   </div>
   <div class='ocr_carea' id='block_1_79' title="bbox 2237 3414 3821 3488">
    <p class='ocr_par' dir='ltr' id='par_1_79' title="bbox 2237 3414 3821 3488">
     <span class='ocr_line' id='line_1_79' title="bbox 2237 3414 3821 3488; baseline 0.006 -24"><span class='ocrx_word' id='word_1_607' title='bbox 2237 3414 2478 3484; x_wconf 71' lang='grc' dir='ltr'>ἠνείχετο</span> <span class='ocrx_word' id='word_1_608' title='bbox 2501 3416 2673 3481; x_wconf 78' lang='grc' dir='ltr'>λόγων</span> <span class='ocrx_word' id='word_1_609' title='bbox 2715 3416 2872 3479; x_wconf 82' lang='grc' dir='ltr'>Θεοῦ,</span> <span class='ocrx_word' id='word_1_610' title='bbox 2933 3415 3053 3468; x_wconf 82' lang='grc' dir='ltr'>οὕτε</span> <span class='ocrx_word' id='word_1_611' title='bbox 3097 3417 3272 3486; x_wconf 77' lang='grc' dir='ltr'>πολλῷ</span> <span class='ocrx_word' id='word_1_612' title='bbox 3313 3419 3514 3488; x_wconf 80' lang='grc' dir='ltr'>μᾶλλον</span> <span class='ocrx_word' id='word_1_613' title='bbox 3565 3421 3821 3472; x_wconf 83' lang='grc' dir='ltr'>ὲκλαλεῖν</span> 
     </span>
    </p>
   </div>
   <div class='ocr_carea' id='block_1_80' title="bbox 2238 3506 3821 3580">
    <p class='ocr_par' dir='ltr' id='par_1_80' title="bbox 2238 3506 3821 3580">
     <span class='ocr_line' id='line_1_80' title="bbox 2238 3506 3821 3580; baseline 0.006 -26"><span class='ocrx_word' id='word_1_614' title='bbox 2238 3506 2488 3572; x_wconf 72' lang='grc' dir='ltr'><strong>ἡξύνατο.</strong></span> <span class='ocrx_word' id='word_1_615' title='bbox 2560 3507 2696 3559; x_wconf 71' lang='grc' dir='ltr'>Ἀλλ’</span> <span class='ocrx_word' id='word_1_616' title='bbox 2735 3511 2762 3558; x_wconf 85' lang='grc' dir='ltr'>ὁ</span> <span class='ocrx_word' id='word_1_617' title='bbox 2809 3508 3006 3578; x_wconf 73' lang='grc' dir='ltr'>Κύριος</span> <span class='ocrx_word' id='word_1_618' title='bbox 3057 3509 3246 3573; x_wconf 71' lang='grc' dir='ltr'>ἐλθὼν,</span> <span class='ocrx_word' id='word_1_619' title='bbox 3292 3511 3386 3561; x_wconf 58' lang='grc' dir='ltr'><strong>καὶΙ</strong></span> <span class='ocrx_word' id='word_1_620' title='bbox 3437 3509 3507 3561; x_wconf 76' lang='grc' dir='ltr'><strong>τὰ</strong></span> <span class='ocrx_word' id='word_1_621' title='bbox 3553 3511 3821 3580; x_wconf 75' lang='grc' dir='ltr'>δαιμόνια</span> 
     </span>
    </p>
   </div>
   <div class='ocr_carea' id='block_1_81' title="bbox 2241 3687 3819 3761">
    <p class='ocr_par' dir='ltr' id='par_1_81' title="bbox 2241 3687 3819 3761">
     <span class='ocr_line' id='line_1_81' title="bbox 2241 3687 3819 3761; baseline 0.004 -25"><span class='ocrx_word' id='word_1_622' title='bbox 2241 3687 2492 3757; x_wconf 80' lang='grc' dir='ltr'>ἐποίησεν</span> <span class='ocrx_word' id='word_1_623' title='bbox 2527 3689 2670 3757; x_wconf 76' lang='grc' dir='ltr'>ἡμᾶς</span> <span class='ocrx_word' id='word_1_624' title='bbox 2705 3688 2907 3753; x_wconf 85' lang='grc' dir='ltr'>λαλεῖν,</span> <span class='ocrx_word' id='word_1_625' title='bbox 2942 3690 3034 3741; x_wconf 83' lang='grc' dir='ltr'><strong>καὶ</strong></span> <span class='ocrx_word' id='word_1_626' title='bbox 3069 3691 3360 3759; x_wconf 82' lang='grc' dir='ltr'>κηρύττειν</span> <span class='ocrx_word' id='word_1_627' title='bbox 3387 3692 3484 3761; x_wconf 77' lang='grc' dir='ltr'>τὴν</span> <span class='ocrx_word' id='word_1_628' title='bbox 3532 3692 3819 3760; x_wconf 62' lang='grc' dir='ltr'><strong>ἀλήθειαν⁸</strong></span> 
     </span>
    </p>
   </div>
   <div class='ocr_carea' id='block_1_82' title="bbox 2240 3778 3826 3850">
    <p class='ocr_par' dir='ltr' id='par_1_82' title="bbox 2240 3778 3826 3850">
     <span class='ocr_line' id='line_1_82' title="bbox 2240 3778 3826 3850; baseline 0.004 -20"><span class='ocrx_word' id='word_1_629' title='bbox 2240 3779 2319 3831; x_wconf 84' lang='grc' dir='ltr'><strong>δεῖ</strong></span> <span class='ocrx_word' id='word_1_630' title='bbox 2341 3778 2448 3849; x_wconf 83' lang='grc' dir='ltr'>γὰρ</span> <span class='ocrx_word' id='word_1_631' title='bbox 2479 3781 2537 3831; x_wconf 78' lang='grc' dir='ltr'>οὐ</span> <span class='ocrx_word' id='word_1_632' title='bbox 2577 3781 2734 3849; x_wconf 83' lang='grc' dir='ltr'>μόνον</span> <span class='ocrx_word' id='word_1_633' title='bbox 2767 3782 2987 3834; x_wconf 77' lang='grc' dir='ltr'>ἀκούειν</span> <span class='ocrx_word' id='word_1_634' title='bbox 3010 3781 3142 3834; x_wconf 83' lang='grc' dir='ltr'>Θεοῦ</span> <span class='ocrx_word' id='word_1_635' title='bbox 3172 3782 3385 3850; x_wconf 74' lang='grc' dir='ltr'>λόγους,</span> <span class='ocrx_word' id='word_1_636' title='bbox 3417 3783 3552 3836; x_wconf 73' lang='grc' dir='ltr'>ἀλλὰ</span> <span class='ocrx_word' id='word_1_637' title='bbox 3583 3786 3679 3837; x_wconf 67' lang='grc' dir='ltr'><strong>καὶ</strong></span> <span class='ocrx_word' id='word_1_638' title='bbox 3707 3785 3826 3836; x_wconf 78' lang='grc' dir='ltr'><strong>ἐτέ-</strong></span> 
     </span>
    </p>
   </div>
   <div class='ocr_carea' id='block_1_83' title="bbox 2243 3871 3824 3944">
    <p class='ocr_par' dir='ltr' id='par_1_83' title="bbox 2243 3871 3824 3944">
     <span class='ocr_line' id='line_1_83' title="bbox 2243 3871 3824 3944; baseline 0.005 -24"><span class='ocrx_word' id='word_1_639' title='bbox 2243 3886 2356 3940; x_wconf 89' lang='grc' dir='ltr'>ροις</span> <span class='ocrx_word' id='word_1_640' title='bbox 2399 3871 2968 3941; x_wconf 79' lang='grc' dir='ltr'>λαλεῖν.Ἀκούσωμεν</span> <span class='ocrx_word' id='word_1_641' title='bbox 3004 3872 3096 3925; x_wconf 84' lang='grc' dir='ltr'><strong>οῦν</strong></span> <span class='ocrx_word' id='word_1_642' title='bbox 3126 3875 3176 3924; x_wconf 80' lang='grc' dir='ltr'><strong>οἱ</strong></span> <span class='ocrx_word' id='word_1_643' title='bbox 3210 3875 3423 3944; x_wconf 81' lang='grc' dir='ltr'>ἔχοντες</span> <span class='ocrx_word' id='word_1_644' title='bbox 3466 3877 3563 3944; x_wconf 80' lang='grc' dir='ltr'>μὲν</span> <span class='ocrx_word' id='word_1_645' title='bbox 3597 3878 3655 3927; x_wconf 83' lang='grc' dir='ltr'>ὲν</span> <span class='ocrx_word' id='word_1_646' title='bbox 3693 3878 3824 3928; x_wconf 81' lang='grc' dir='ltr'>ἑαυ-</span> 
     </span>
    </p>
   </div>
   <div class='ocr_carea' id='block_1_84' title="bbox 2239 3962 3823 4036">
    <p class='ocr_par' dir='ltr' id='par_1_84' title="bbox 2239 3962 3823 4036">
     <span class='ocr_line' id='line_1_84' title="bbox 2239 3962 3823 4036; baseline 0.004 -23"><span class='ocrx_word' id='word_1_647' title='bbox 2239 3965 2352 4023; x_wconf 83' lang='grc' dir='ltr'>τοῖς</span> <span class='ocrx_word' id='word_1_648' title='bbox 2375 3962 2474 4026; x_wconf 76' lang='grc' dir='ltr'>τὰς</span> <span class='ocrx_word' id='word_1_649' title='bbox 2503 3963 2879 4032; x_wconf 82' lang='grc' dir='ltr'>δαιμονιώδεις</span> <span class='ocrx_word' id='word_1_650' title='bbox 2913 3965 3160 4034; x_wconf 77' lang='grc' dir='ltr'>πράξεις,</span> <span class='ocrx_word' id='word_1_651' title='bbox 3195 3969 3432 4036; x_wconf 85' lang='grc' dir='ltr'>οἰόμενοι</span> <span class='ocrx_word' id='word_1_652' title='bbox 3467 3967 3524 4018; x_wconf 82' lang='grc' dir='ltr'>δὲ</span> <span class='ocrx_word' id='word_1_653' title='bbox 3561 3970 3657 4019; x_wconf 63' lang='grc' dir='ltr'><strong>καὶ</strong></span> <span class='ocrx_word' id='word_1_654' title='bbox 3703 3968 3823 4019; x_wconf 84' lang='grc' dir='ltr'><strong>ἐτέ·</strong></span> 
     </span>
    </p>
   </div>
   <div class='ocr_carea' id='block_1_85' title="bbox 2241 4053 3826 4129">
    <p class='ocr_par' dir='ltr' id='par_1_85' title="bbox 2241 4053 3826 4129">
     <span class='ocr_line' id='line_1_85' title="bbox 2241 4053 3826 4129; baseline 0.007 -26"><span class='ocrx_word' id='word_1_655' title='bbox 2241 4069 2367 4121; x_wconf 82' lang='grc' dir='ltr'>ρους</span> <span class='ocrx_word' id='word_1_656' title='bbox 2402 4053 2692 4117; x_wconf 79' lang='grc' dir='ltr'>διδάσκειν,</span> <span class='ocrx_word' id='word_1_657' title='bbox 2742 4056 2836 4107; x_wconf 68' lang='grc' dir='ltr'>καὶ</span> <span class='ocrx_word' id='word_1_658' title='bbox 2890 4056 3170 4126; x_wconf 78' lang='grc' dir='ltr'>ἐφιέμενοι</span> <span class='ocrx_word' id='word_1_659' title='bbox 3218 4060 3322 4111; x_wconf 76' lang='grc' dir='ltr'><strong>ὑπὸ</strong></span> <span class='ocrx_word' id='word_1_660' title='bbox 3368 4061 3475 4112; x_wconf 87' lang='grc' dir='ltr'><strong>τῶν</strong></span> <span class='ocrx_word' id='word_1_661' title='bbox 3512 4062 3826 4129; x_wconf 73' lang='grc' dir='ltr'>ἀνθρώπων</span> 
     </span>
    </p>
   </div>
   <div class='ocr_carea' id='block_1_86' title="bbox 2239 4144 3821 4220">
    <p class='ocr_par' dir='ltr' id='par_1_86' title="bbox 2239 4144 3821 4220">
     <span class='ocr_line' id='line_1_86' title="bbox 2239 4144 3821 4220; baseline 0.007 -26"><span class='ocrx_word' id='word_1_662' title='bbox 2239 4144 2524 4196; x_wconf 79' lang='grc' dir='ltr'>καλεῖσθαι</span> <span class='ocrx_word' id='word_1_663' title='bbox 2568 4145 2778 4198; x_wconf 84' lang='grc' dir='ltr'>Ῥαϐϐί.</span> <span class='ocrx_word' id='word_1_664' title='bbox 2832 4145 3168 4209; x_wconf 81' lang='grc' dir='ltr'>Ἐξελθόντος</span> <span class='ocrx_word' id='word_1_665' title='bbox 3209 4149 3317 4218; x_wconf 79' lang='grc' dir='ltr'><strong>γὰρ</strong></span> <span class='ocrx_word' id='word_1_666' title='bbox 3370 4150 3465 4202; x_wconf 87' lang='grc' dir='ltr'><strong>τοῦ</strong></span> <span class='ocrx_word' id='word_1_667' title='bbox 3511 4151 3821 4220; x_wconf 80' lang='grc' dir='ltr'>δαιμονίου,</span> 
     </span>
    </p>
   </div>
   <div class='ocr_carea' id='block_1_87' title="bbox 2238 4231 3830 4306">
    <p class='ocr_par' dir='ltr' id='par_1_87' title="bbox 2238 4231 3830 4306">
     <span class='ocr_line' id='line_1_87' title="bbox 2238 4231 3830 4306; baseline 0.009 -25"><span class='ocrx_word' id='word_1_668' title='bbox 2238 4231 2357 4282; x_wconf 82' lang='grc' dir='ltr'>τότε</span> <span class='ocrx_word' id='word_1_669' title='bbox 2392 4233 2423 4300; x_wconf 84' lang='grc' dir='ltr'><strong>ή</strong></span> <span class='ocrx_word' id='word_1_670' title='bbox 2453 4232 2658 4302; x_wconf 77' lang='grc' dir='ltr'>ἀληθὴς</span> <span class='ocrx_word' id='word_1_671' title='bbox 2691 4232 2848 4286; x_wconf 81' lang='grc' dir='ltr'>λαλιὰ</span> <span class='ocrx_word' id='word_1_672' title='bbox 2877 4237 2995 4304; x_wconf 73' lang='grc' dir='ltr'>ἢτοι</span> <span class='ocrx_word' id='word_1_673' title='bbox 3025 4237 3341 4291; x_wconf 81' lang='grc' dir='ltr'>διδασκαλία</span> <span class='ocrx_word' id='word_1_674' title='bbox 3370 4241 3603 4301; x_wconf 87' lang='grc' dir='ltr'>γίνεται·</span> <span class='ocrx_word' id='word_1_675' title='bbox 3640 4243 3748 4306; x_wconf 75' lang='grc' dir='ltr'>ἕως</span> <span class='ocrx_word' id='word_1_676' title='bbox 3779 4243 3830 4295; x_wconf 77' lang='grc' dir='ltr'><strong>δ”</strong></span> 
     </span>
    </p>
   </div>
   <div class='ocr_carea' id='block_1_88' title="bbox 2240 4320 3820 4400">
    <p class='ocr_par' dir='ltr' id='par_1_88' title="bbox 2240 4320 3820 4400">
     <span class='ocr_line' id='line_1_88' title="bbox 2240 4320 3820 4400; baseline 0.008 -26"><span class='ocrx_word' id='word_1_677' title='bbox 2240 4320 2305 4374; x_wconf 85' lang='grc' dir='ltr'>ἂν</span> <span class='ocrx_word' id='word_1_678' title='bbox 2347 4323 2451 4374; x_wconf 78' lang='grc' dir='ltr'>ἔσω</span> <span class='ocrx_word' id='word_1_679' title='bbox 2480 4324 2637 4393; x_wconf 80' lang='grc' dir='ltr'>ἡμῶν</span> <span class='ocrx_word' id='word_1_680' title='bbox 2668 4325 2752 4393; x_wconf 75' lang='grc' dir='ltr'>εἴη</span> <span class='ocrx_word' id='word_1_681' title='bbox 2787 4327 2818 4395; x_wconf 85' lang='grc' dir='ltr'><strong>ή</strong></span> <span class='ocrx_word' id='word_1_682' title='bbox 2865 4326 2958 4378; x_wconf 84' lang='grc' dir='ltr'><strong>τοῦ</strong></span> <span class='ocrx_word' id='word_1_683' title='bbox 2988 4328 3241 4394; x_wconf 81' lang='grc' dir='ltr'>δαίμονος</span> <span class='ocrx_word' id='word_1_684' title='bbox 3269 4333 3488 4400; x_wconf 71' lang='grc' dir='ltr'>πρᾶξις,</span> <span class='ocrx_word' id='word_1_685' title='bbox 3520 4333 3624 4385; x_wconf 73' lang='grc' dir='ltr'>κᾶν</span> <span class='ocrx_word' id='word_1_686' title='bbox 3647 4332 3820 4387; x_wconf 80' lang='grc' dir='ltr'><strong>δοκῶ-</strong></span> 
     </span>
    </p>
   </div>
   <div class='ocr_carea' id='block_1_89' title="bbox 571 4402 2137 4490">
    <p class='ocr_par' dir='ltr' id='par_1_89' title="bbox 571 4402 2133 4479">
     <span class='ocr_line' id='line_1_89' title="bbox 571 4402 2133 4479; baseline 0.008 -24"><span class='ocrx_word' id='word_1_687' title='bbox 571 4405 763 4456; x_wconf 75' lang='lat' dir='ltr'><strong>lticunt</strong></span> <span class='ocrx_word' id='word_1_688' title='bbox 787 4402 930 4456; x_wconf 82' lang='lat' dir='ltr'><strong>enim</strong></span> <span class='ocrx_word' id='word_1_689' title='bbox 961 4403 1158 4457; x_wconf 87' lang='lat' dir='ltr'><strong>habere</strong></span> <span class='ocrx_word' id='word_1_690' title='bbox 1189 4419 1312 4457; x_wconf 87' lang='lat' dir='ltr'><strong>eum</strong></span> <span class='ocrx_word' id='word_1_691' title='bbox 1344 4407 1576 4459; x_wconf 89' lang='lat' dir='ltr'><strong>amicum</strong></span> <span class='ocrx_word' id='word_1_692' title='bbox 1606 4410 1900 4479; x_wconf 82' lang='lat' dir='ltr'><strong>principem</strong></span> <span class='ocrx_word' id='word_1_693' title='bbox 1931 4412 2133 4468; x_wconf 62' lang='lat' dir='ltr'><strong>daemo-</strong></span> 
     </span>
    </p>
   </div>
   <div class='ocr_carea' id='block_1_90' title="bbox 2238 4402 3822 4490">
    <p class='ocr_par' dir='ltr' id='par_1_90' title="bbox 2243 4414 3822 4490">
     <span class='ocr_line' id='line_1_90' title="bbox 2243 4414 3822 4490; baseline 0.01 -27"><span class='ocrx_word' id='word_1_694' title='bbox 2243 4431 2344 4482; x_wconf 86' lang='grc' dir='ltr'>μεν</span> <span class='ocrx_word' id='word_1_695' title='bbox 2367 4414 2568 4480; x_wconf 80' lang='grc' dir='ltr'>λαλεῖν,</span> <span class='ocrx_word' id='word_1_696' title='bbox 2607 4417 2666 4468; x_wconf 75' lang='grc' dir='ltr'>οὐ</span> <span class='ocrx_word' id='word_1_697' title='bbox 2697 4417 2984 4486; x_wconf 79' lang='grc' dir='ltr'>λαλοῦμεν.</span> <span class='ocrx_word' id='word_1_698' title='bbox 3043 4421 3107 4474; x_wconf 84' lang='lat' dir='ltr'><strong>Ol.</strong></span> <span class='ocrx_word' id='word_1_699' title='bbox 3142 4423 3426 4490; x_wconf 78' lang='grc' dir='ltr'>Φαρισαῖοι</span> <span class='ocrx_word' id='word_1_700' title='bbox 3478 4425 3536 4477; x_wconf 79' lang='grc' dir='ltr'><strong>δὲ</strong></span> <span class='ocrx_word' id='word_1_701' title='bbox 3593 4425 3822 4479; x_wconf 79' lang='grc' dir='ltr'>διαϐάλ-</span> 
     </span>
    </p>
   </div>
   <div class='ocr_carea' id='block_1_91' title="bbox 572 4494 2129 4566">
    <p class='ocr_par' dir='ltr' id='par_1_91' title="bbox 572 4494 2129 4566">
     <span class='ocr_line' id='line_1_91' title="bbox 572 4494 2129 4566; baseline 0.009 -21"><span class='ocrx_word' id='word_1_702' title='bbox 572 4495 803 4558; x_wconf 86' lang='lat' dir='ltr'><strong>niorum,</strong></span> <span class='ocrx_word' id='word_1_703' title='bbox 831 4503 991 4562; x_wconf 86' lang='lat' dir='ltr'><strong>atque</strong></span> <span class='ocrx_word' id='word_1_704' title='bbox 1032 4494 1173 4548; x_wconf 91' lang='lat' dir='ltr'><strong>illius</strong></span> <span class='ocrx_word' id='word_1_705' title='bbox 1203 4497 1578 4564; x_wconf 88' lang='lat' dir='ltr'><strong>cooperatione</strong></span> <span class='ocrx_word' id='word_1_706' title='bbox 1622 4499 1817 4566; x_wconf 88' lang='lat' dir='ltr'><strong>ejicere</strong></span> <span class='ocrx_word' id='word_1_707' title='bbox 1849 4503 2129 4559; x_wconf 70' lang='lat' dir='ltr'><strong>daemoaiia.</strong></span> 
     </span>
    </p>
   </div>
   <div class='ocr_carea' id='block_1_92' title="bbox 568 4580 2133 4654">
    <p class='ocr_par' dir='ltr' id='par_1_92' title="bbox 568 4580 2133 4654">
     <span class='ocr_line' id='line_1_92' title="bbox 568 4580 2133 4654; baseline 0.01 -21"><span class='ocrx_word' id='word_1_708' title='bbox 568 4583 646 4634; x_wconf 78' lang='lat' dir='ltr'><strong>Ad</strong></span> <span class='ocrx_word' id='word_1_709' title='bbox 682 4596 816 4650; x_wconf 87' lang='lat' dir='ltr'><strong>quos</strong></span> <span class='ocrx_word' id='word_1_710' title='bbox 852 4580 1130 4645; x_wconf 84' lang='lat' dir='ltr'><strong>Dominus,</strong></span> <span class='ocrx_word' id='word_1_711' title='bbox 1174 4583 1472 4650; x_wconf 82' lang='lat' dir='ltr'><strong>Quomodo,</strong></span> <span class='ocrx_word' id='word_1_712' title='bbox 1509 4587 1700 4654; x_wconf 88' lang='lat' dir='ltr'><strong>inquit,</strong></span> <span class='ocrx_word' id='word_1_713' title='bbox 1733 4601 1906 4654; x_wconf 86' lang='lat' dir='ltr'><strong>potest</strong></span> <span class='ocrx_word' id='word_1_714' title='bbox 1928 4597 2133 4648; x_wconf 60' lang='lat' dir='ltr'><strong>damon</strong></span> 
     </span>
    </p>
   </div>
   <div class='ocr_carea' id='block_1_93' title="bbox 570 4671 2139 4740">
    <p class='ocr_par' dir='ltr' id='par_1_93' title="bbox 570 4671 2139 4740">
     <span class='ocr_line' id='line_1_93' title="bbox 570 4671 2139 4740; baseline 0.01 -16"><span class='ocrx_word' id='word_1_715' title='bbox 570 4671 767 4740; x_wconf 86' lang='lat' dir='ltr'><strong>cjicere</strong></span> <span class='ocrx_word' id='word_1_716' title='bbox 786 4671 944 4724; x_wconf 86' lang='lat' dir='ltr'><strong>alium</strong></span> <span class='ocrx_word' id='word_1_717' title='bbox 989 4672 1282 4727; x_wconf 66' lang='lat' dir='ltr'><strong>daemonem</strong></span> <span class='ocrx_word' id='word_1_718' title='bbox 1302 4675 1325 4726; x_wconf 73' lang='grc' dir='ltr'><strong><em>τ</em></strong></span> <span class='ocrx_word' id='word_1_719' title='bbox 1349 4674 1460 4729; x_wconf 88' lang='lat' dir='ltr'><strong>lloc</strong></span> <span class='ocrx_word' id='word_1_720' title='bbox 1491 4678 1634 4730; x_wconf 91' lang='lat' dir='ltr'><strong>enim</strong></span> <span class='ocrx_word' id='word_1_721' title='bbox 1665 4690 1811 4733; x_wconf 85' lang='lat' dir='ltr'><strong>esset</strong></span> <span class='ocrx_word' id='word_1_722' title='bbox 1840 4683 2139 4740; x_wconf 86' lang='lat' dir='ltr'><strong>destructio</strong></span> 
     </span>
    </p>
   </div>
   <div class='ocr_carea' id='block_1_94' title="bbox 573 4763 2140 4843">
    <p class='ocr_par' dir='ltr' id='par_1_94' title="bbox 573 4763 2140 4843">
     <span class='ocr_line' id='line_1_94' title="bbox 573 4763 2140 4843; baseline 0.008 -27"><span class='ocrx_word' id='word_1_723' title='bbox 573 4765 719 4830; x_wconf 79' lang='lat' dir='ltr'><strong>regni</strong></span> <span class='ocrx_word' id='word_1_724' title='bbox 754 4765 895 4832; x_wconf 82' lang='lat' dir='ltr'><strong>ejus.</strong></span> <span class='ocrx_word' id='word_1_725' title='bbox 928 4763 1203 4832; x_wconf 82' lang='lat' dir='ltr'><strong>Siquidem</strong></span> <span class='ocrx_word' id='word_1_726' title='bbox 1231 4779 1454 4834; x_wconf 82' lang='lat' dir='ltr'><strong>regnum</strong></span> <span class='ocrx_word' id='word_1_727' title='bbox 1498 4769 1568 4822; x_wconf 92' lang='lat' dir='ltr'><strong>illi</strong></span> <span class='ocrx_word' id='word_1_728' title='bbox 1597 4778 1862 4838; x_wconf 82' lang='lat' dir='ltr'><strong>putantet</strong></span> <span class='ocrx_word' id='word_1_729' title='bbox 1885 4777 2140 4843; x_wconf 88' lang='lat' dir='ltr'><strong>quietem,</strong></span> 
     </span>
    </p>
   </div>
   <div class='ocr_carea' id='block_1_95' title="bbox 575 4854 2142 4937">
    <p class='ocr_par' dir='ltr' id='par_1_95' title="bbox 575 4854 2142 4937">
     <span class='ocr_line' id='line_1_95' title="bbox 575 4854 2142 4937; baseline 0.01 -31"><span class='ocrx_word' id='word_1_730' title='bbox 575 4854 818 4908; x_wconf 86' lang='lat' dir='ltr'><strong>habitare</strong></span> <span class='ocrx_word' id='word_1_731' title='bbox 865 4854 917 4907; x_wconf 90' lang='lat' dir='ltr'><strong>in</strong></span> <span class='ocrx_word' id='word_1_732' title='bbox 973 4854 1280 4910; x_wconf 89' lang='lat' dir='ltr'><strong>hominibus</strong></span> <span class='ocrx_word' id='word_1_733' title='bbox 1319 4875 1332 4911; x_wconf 93' lang='lat'><strong>:</strong></span> <span class='ocrx_word' id='word_1_734' title='bbox 1369 4867 1421 4912; x_wconf 93' lang='lat' dir='ltr'><strong>et</strong></span> <span class='ocrx_word' id='word_1_735' title='bbox 1457 4860 1506 4914; x_wconf 90' lang='lat' dir='ltr'><strong>si</strong></span> <span class='ocrx_word' id='word_1_736' title='bbox 1546 4860 1695 4928; x_wconf 86' lang='lat' dir='ltr'><strong>ejicit</strong></span> <span class='ocrx_word' id='word_1_737' title='bbox 1743 4878 1837 4919; x_wconf 91' lang='lat' dir='ltr'><strong>eos</strong></span> <span class='ocrx_word' id='word_1_738' title='bbox 1891 4866 2142 4937; x_wconf 85' lang='lat' dir='ltr'><strong>princeps</strong></span> 
     </span>
    </p>
   </div>
   <div class='ocr_carea' id='block_1_96' title="bbox 574 4948 2140 5024">
    <p class='ocr_par' dir='ltr' id='par_1_96' title="bbox 574 4948 2140 5024">
     <span class='ocr_line' id='line_1_96' title="bbox 574 4948 2140 5024; baseline 0.011 -23"><span class='ocrx_word' id='word_1_739' title='bbox 574 4949 835 5016; x_wconf 88' lang='lat' dir='ltr'><strong>ipsorum,</strong></span> <span class='ocrx_word' id='word_1_740' title='bbox 877 4948 1219 5004; x_wconf 79' lang='lat' dir='ltr'><strong>manifestum</strong></span> <span class='ocrx_word' id='word_1_741' title='bbox 1263 4954 1404 5021; x_wconf 92' lang='lat' dir='ltr'><strong>quod</strong></span> <span class='ocrx_word' id='word_1_742' title='bbox 1446 4955 1682 5024; x_wconf 90' lang='lat' dir='ltr'><strong>seipsum</strong></span> <span class='ocrx_word' id='word_1_743' title='bbox 1720 4959 1966 5016; x_wconf 85' lang='lat' dir='ltr'><strong>destruit.</strong></span> <span class='ocrx_word' id='word_1_744' title='bbox 2021 4963 2140 5018; x_wconf 89' lang='lat' dir='ltr'><strong>Ete-</strong></span> 
     </span>
    </p>
   </div>
   <div class='ocr_carea' id='block_1_97' title="bbox 577 5040 2133 5122">
    <p class='ocr_par' dir='ltr' id='par_1_97' title="bbox 577 5040 2133 5122">
     <span class='ocr_line' id='line_1_97' title="bbox 577 5040 2133 5122; baseline 0.01 -30"><span class='ocrx_word' id='word_1_745' title='bbox 577 5040 684 5092; x_wconf 88' lang='lat' dir='ltr'><strong>nim</strong></span> <span class='ocrx_word' id='word_1_746' title='bbox 715 5053 873 5092; x_wconf 91' lang='lat' dir='ltr'><strong>omne</strong></span> <span class='ocrx_word' id='word_1_747' title='bbox 895 5055 1114 5108; x_wconf 85' lang='lat' dir='ltr'><strong>regnum</strong></span> <span class='ocrx_word' id='word_1_748' title='bbox 1140 5040 1371 5096; x_wconf 88' lang='lat' dir='ltr'><strong>divisum</strong></span> <span class='ocrx_word' id='word_1_749' title='bbox 1393 5055 1447 5099; x_wconf 91' lang='lat' dir='ltr'><strong>et</strong></span> <span class='ocrx_word' id='word_1_750' title='bbox 1472 5047 1786 5102; x_wconf 89' lang='lat' dir='ltr'><strong>seditiosum</strong></span> <span class='ocrx_word' id='word_1_751' title='bbox 1811 5052 2133 5122; x_wconf 88' lang='lat' dir='ltr'><strong>destruitur,</strong></span> 
     </span>
    </p>
   </div>
   <div class='ocr_carea' id='block_1_98' title="bbox 574 5129 2137 5197">
    <p class='ocr_par' dir='ltr' id='par_1_98' title="bbox 574 5129 2137 5197">
     <span class='ocr_line' id='line_1_98' title="bbox 574 5129 2137 5197; baseline 0.01 -15"><span class='ocrx_word' id='word_1_752' title='bbox 574 5137 622 5182; x_wconf 89' lang='lat' dir='ltr'><strong>et</strong></span> <span class='ocrx_word' id='word_1_753' title='bbox 674 5129 862 5182; x_wconf 76' lang='lat' dir='ltr'><strong>domus</strong></span> <span class='ocrx_word' id='word_1_754' title='bbox 909 5129 1080 5184; x_wconf 86' lang='lat' dir='ltr'><strong>divisa</strong></span> <span class='ocrx_word' id='word_1_755' title='bbox 1120 5131 1287 5187; x_wconf 87' lang='lat' dir='ltr'><strong>cadit.</strong></span> <span class='ocrx_word' id='word_1_756' title='bbox 1329 5132 1556 5190; x_wconf 84' lang='lat' dir='ltr'><strong>Domum</strong></span> <span class='ocrx_word' id='word_1_757' title='bbox 1602 5150 1780 5193; x_wconf 89' lang='lat' dir='ltr'><strong>autem</strong></span> <span class='ocrx_word' id='word_1_758' title='bbox 1821 5141 1934 5196; x_wconf 87' lang='lat' dir='ltr'><strong>sive</strong></span> <span class='ocrx_word' id='word_1_759' title='bbox 1965 5142 2137 5197; x_wconf 66' lang='grc' dir='ltr'><strong>εει]ὶῆ-</strong></span> 
     </span>
    </p>
   </div>
   <div class='ocr_carea' id='block_1_99' title="bbox 575 5219 2145 5302">
    <p class='ocr_par' dir='ltr' id='par_1_99' title="bbox 575 5219 2145 5302">
     <span class='ocr_line' id='line_1_99' title="bbox 575 5219 2145 5302; baseline 0.01 -29"><span class='ocrx_word' id='word_1_760' title='bbox 575 5221 717 5273; x_wconf 87' lang='lat' dir='ltr'><strong>cium</strong></span> <span class='ocrx_word' id='word_1_761' title='bbox 762 5219 1090 5278; x_wconf 84' lang='lat' dir='ltr'><strong>intellexeris</strong></span> <span class='ocrx_word' id='word_1_762' title='bbox 1114 5224 1252 5280; x_wconf 88' lang='lat' dir='ltr'><strong>bene</strong></span> <span class='ocrx_word' id='word_1_763' title='bbox 1276 5243 1290 5281; x_wconf 92' lang='lat'><strong>:</strong></span> <span class='ocrx_word' id='word_1_764' title='bbox 1322 5241 1446 5281; x_wconf 88' lang='lat' dir='ltr'><strong>nam</strong></span> <span class='ocrx_word' id='word_1_765' title='bbox 1473 5230 1756 5286; x_wconf 64' lang='lat' dir='ltr'><strong>aedilicium</strong></span> <span class='ocrx_word' id='word_1_766' title='bbox 1782 5236 2018 5302; x_wconf 89' lang='lat' dir='ltr'><strong>quandiu</strong></span> <span class='ocrx_word' id='word_1_767' title='bbox 2050 5250 2145 5289; x_wconf 84' lang='lat' dir='ltr'><strong>co-</strong></span> 
     </span>
    </p>
   </div>
   <div class='ocr_carea' id='block_1_100' title="bbox 579 5309 2144 5394">
    <p class='ocr_par' dir='ltr' id='par_1_100' title="bbox 579 5309 2144 5394">
     <span class='ocr_line' id='line_1_100' title="bbox 579 5309 2144 5394; baseline 0.012 -32"><span class='ocrx_word' id='word_1_768' title='bbox 579 5309 725 5362; x_wconf 85' lang='lat' dir='ltr'><strong>hibet</strong></span> <span class='ocrx_word' id='word_1_769' title='bbox 765 5324 845 5374; x_wconf 80' lang='lat' dir='ltr'><strong>se,</strong></span> <span class='ocrx_word' id='word_1_770' title='bbox 883 5319 936 5364; x_wconf 94' lang='lat' dir='ltr'><strong>et</strong></span> <span class='ocrx_word' id='word_1_771' title='bbox 971 5321 1150 5366; x_wconf 80' lang='lat' dir='ltr'><strong>servat</strong></span> <span class='ocrx_word' id='word_1_772' title='bbox 1197 5317 1632 5384; x_wconf 88' lang='lat' dir='ltr'><strong>continuitatem,</strong></span> <span class='ocrx_word' id='word_1_773' title='bbox 1666 5323 1952 5378; x_wconf 88' lang='lat' dir='ltr'><strong>consistit:</strong></span> <span class='ocrx_word' id='word_1_774' title='bbox 1992 5335 2144 5394; x_wconf 91' lang='lat' dir='ltr'><strong>post-</strong></span> 
     </span>
    </p>
   </div>
   <div class='ocr_carea' id='block_1_101' title="bbox 580 5403 2145 5481">
    <p class='ocr_par' dir='ltr' id='par_1_101' title="bbox 580 5403 2145 5481">
     <span class='ocr_line' id='line_1_101' title="bbox 580 5403 2145 5481; baseline 0.013 -28"><span class='ocrx_word' id='word_1_775' title='bbox 580 5415 735 5465; x_wconf 82' lang='lat' dir='ltr'><strong>quam</strong></span> <span class='ocrx_word' id='word_1_776' title='bbox 766 5411 943 5456; x_wconf 88' lang='lat' dir='ltr'><strong>autem</strong></span> <span class='ocrx_word' id='word_1_777' title='bbox 978 5403 1138 5458; x_wconf 86' lang='lat' dir='ltr'><strong>etiam</strong></span> <span class='ocrx_word' id='word_1_778' title='bbox 1169 5409 1304 5462; x_wconf 88' lang='lat' dir='ltr'><strong>muri</strong></span> <span class='ocrx_word' id='word_1_779' title='bbox 1331 5410 1666 5481; x_wconf 88' lang='lat' dir='ltr'><strong>dispescunt,</strong></span> <span class='ocrx_word' id='word_1_780' title='bbox 1705 5417 1884 5472; x_wconf 87' lang='lat' dir='ltr'><strong>cadit:</strong></span> <span class='ocrx_word' id='word_1_781' title='bbox 1911 5419 2023 5473; x_wconf 86' lang='lat' dir='ltr'><strong>sive</strong></span> <span class='ocrx_word' id='word_1_782' title='bbox 2052 5434 2145 5473; x_wconf 84' lang='lat' dir='ltr'><strong>eos</strong></span> 
     </span>
    </p>
   </div>
   <div class='ocr_carea' id='block_1_102' title="bbox 584 5492 2140 5581">
    <p class='ocr_par' dir='ltr' id='par_1_102' title="bbox 584 5492 2140 5581">
     <span class='ocr_line' id='line_1_102' title="bbox 584 5492 2140 5581; baseline 0.015 -38"><span class='ocrx_word' id='word_1_783' title='bbox 584 5492 670 5558; x_wconf 79' lang='lat' dir='ltr'><strong>qui</strong></span> <span class='ocrx_word' id='word_1_784' title='bbox 704 5493 914 5548; x_wconf 74' lang='lat' dir='ltr'><strong>domum</strong></span> <span class='ocrx_word' id='word_1_785' title='bbox 945 5496 1249 5554; x_wconf 86' lang='lat' dir='ltr'><strong>inhabitant</strong></span> <span class='ocrx_word' id='word_1_786' title='bbox 1275 5502 1625 5563; x_wconf 81' lang='lat' dir='ltr'><strong>intellexeris.</strong></span> <span class='ocrx_word' id='word_1_787' title='bbox 1650 5506 1783 5564; x_wconf 84' lang='lat' dir='ltr'><strong>Nam</strong></span> <span class='ocrx_word' id='word_1_788' title='bbox 1816 5511 1866 5565; x_wconf 91' lang='lat' dir='ltr'><strong>hi</strong></span> <span class='ocrx_word' id='word_1_789' title='bbox 1903 5513 2140 5581; x_wconf 86' lang='lat' dir='ltr'><strong>quandiu</strong></span> 
     </span>
    </p>
   </div>
   <div class='ocr_carea' id='block_1_103' title="bbox 655 5671 2185 5766">
    <p class='ocr_par' dir='ltr' id='par_1_103' title="bbox 655 5671 2185 5766">
     <span class='ocr_line' id='line_1_103' title="bbox 655 5671 2185 5766; baseline 0.017 -44"><span class='ocrx_word' id='word_1_790' title='bbox 655 5671 728 5743; x_wconf 81' lang='grc' dir='ltr'>(η)</span> <span class='ocrx_word' id='word_1_791' title='bbox 766 5675 820 5729; x_wconf 85' lang='grc' dir='ltr'><strong>1η</strong></span> <span class='ocrx_word' id='word_1_792' title='bbox 853 5680 978 5734; x_wconf 86' lang='lat' dir='ltr'><strong>edit.</strong></span> <span class='ocrx_word' id='word_1_793' title='bbox 1039 5678 1158 5736; x_wconf 89' lang='lat' dir='ltr'><strong>Lut.</strong></span> <span class='ocrx_word' id='word_1_794' title='bbox 1207 5683 1395 5739; x_wconf 84' lang='lat' dir='ltr'><strong>desunt</strong></span> <span class='ocrx_word' id='word_1_795' title='bbox 1449 5690 1627 5754; x_wconf 76' lang='lat' dir='ltr'><strong>verba,</strong></span> <span class='ocrx_word' id='word_1_796' title='bbox 1671 5692 1761 5760; x_wconf 80' lang='lat' dir='ltr'><strong>qui</strong></span> <span class='ocrx_word' id='word_1_797' title='bbox 1807 5709 1904 5746; x_wconf 87' lang='lat' dir='ltr'><strong>non</strong></span> <span class='ocrx_word' id='word_1_798' title='bbox 1953 5693 2185 5766; x_wconf 82' lang='lat' dir='ltr'><strong>loquitur</strong></span> 
     </span>
    </p>
   </div>
   <div class='ocr_carea' id='block_1_104' title="bbox 2240 4504 3818 4586">
    <p class='ocr_par' dir='ltr' id='par_1_104' title="bbox 2240 4504 3818 4586">
     <span class='ocr_line' id='line_1_104' title="bbox 2240 4504 3818 4586; baseline 0.01 -31"><span class='ocrx_word' id='word_1_799' title='bbox 2240 4504 2388 4556; x_wconf 89' lang='grc' dir='ltr'>λουσι</span> <span class='ocrx_word' id='word_1_800' title='bbox 2419 4505 2480 4558; x_wconf 83' lang='grc' dir='ltr'>τὸ</span> <span class='ocrx_word' id='word_1_801' title='bbox 2510 4505 2716 4576; x_wconf 83' lang='grc' dir='ltr'>Οαῦμα,</span> <span class='ocrx_word' id='word_1_802' title='bbox 2750 4509 2842 4561; x_wconf 70' lang='grc' dir='ltr'><strong>καὶ</strong></span> <span class='ocrx_word' id='word_1_803' title='bbox 2869 4509 2938 4572; x_wconf 77' lang='grc' dir='ltr'><strong>’ὒς</strong></span> <span class='ocrx_word' id='word_1_804' title='bbox 2969 4510 3140 4580; x_wconf 82' lang='grc' dir='ltr'>γόητα</span> <span class='ocrx_word' id='word_1_805' title='bbox 3162 4514 3250 4565; x_wconf 76' lang='grc' dir='ltr'>τὸν</span> <span class='ocrx_word' id='word_1_806' title='bbox 3277 4516 3479 4584; x_wconf 80' lang='grc' dir='ltr'>Κύριον</span> <span class='ocrx_word' id='word_1_807' title='bbox 3505 4515 3818 4586; x_wconf 74' lang='grc' dir='ltr'>ὑϐρίζουσι.</span> 
     </span>
    </p>
   </div>
   <div class='ocr_carea' id='block_1_105' title="bbox 2239 4593 3821 4678">
    <p class='ocr_par' dir='ltr' id='par_1_105' title="bbox 2239 4593 3821 4678">
     <span class='ocr_line' id='line_1_105' title="bbox 2239 4593 3821 4678; baseline 0.012 -34"><span class='ocrx_word' id='word_1_808' title='bbox 2239 4593 2341 4644; x_wconf 85' lang='grc' dir='ltr'><strong>Τὸν</strong></span> <span class='ocrx_word' id='word_1_809' title='bbox 2367 4593 2474 4664; x_wconf 73' lang='grc' dir='ltr'>γὰρ</span> <span class='ocrx_word' id='word_1_810' title='bbox 2507 4595 2762 4666; x_wconf 80' lang='grc' dir='ltr'>ἄρχοντα,</span> <span class='ocrx_word' id='word_1_811' title='bbox 2799 4601 2952 4665; x_wconf 73' lang='grc' dir='ltr'>φασὶ,</span> <span class='ocrx_word' id='word_1_812' title='bbox 2988 4601 3095 4652; x_wconf 82' lang='grc' dir='ltr'>τῶν</span> <span class='ocrx_word' id='word_1_813' title='bbox 3142 4604 3434 4673; x_wconf 83' lang='grc' dir='ltr'>δαιμονίων</span> <span class='ocrx_word' id='word_1_814' title='bbox 3471 4607 3614 4677; x_wconf 71' lang='grc' dir='ltr'>ἔχων</span> <span class='ocrx_word' id='word_1_815' title='bbox 3645 4611 3821 4678; x_wconf 75' lang='grc' dir='ltr'>φίλον,</span> 
     </span>
    </p>
   </div>
   <div class='ocr_carea' id='block_1_106' title="bbox 2234 4689 3823 4775">
    <p class='ocr_par' dir='ltr' id='par_1_106' title="bbox 2234 4689 3823 4775">
     <span class='ocr_line' id='line_1_106' title="bbox 2234 4689 3823 4775; baseline 0.013 -38"><span class='ocrx_word' id='word_1_816' title='bbox 2234 4690 2301 4757; x_wconf 80' lang='grc' dir='ltr'><strong>τῇ</strong></span> <span class='ocrx_word' id='word_1_817' title='bbox 2354 4689 2613 4760; x_wconf 81' lang='grc' dir='ltr'>συνεργίᾳ</span> <span class='ocrx_word' id='word_1_818' title='bbox 2669 4691 2878 4744; x_wconf 80' lang='grc' dir='ltr'>ἐκείνου</span> <span class='ocrx_word' id='word_1_819' title='bbox 2932 4694 3182 4749; x_wconf 81' lang='grc' dir='ltr'>ἐκϐάλλει</span> <span class='ocrx_word' id='word_1_820' title='bbox 3235 4699 3302 4750; x_wconf 76' lang='grc' dir='ltr'>τὰ</span> <span class='ocrx_word' id='word_1_821' title='bbox 3350 4699 3625 4769; x_wconf 86' lang='grc' dir='ltr'>δαιμόνια.</span> <span class='ocrx_word' id='word_1_822' title='bbox 3680 4706 3823 4775; x_wconf 70' lang='grc' dir='ltr'>Πρδς</span> 
     </span>
    </p>
   </div>
   <div class='ocr_carea' id='block_1_107' title="bbox 2235 4779 3823 4861">
    <p class='ocr_par' dir='ltr' id='par_1_107' title="bbox 2235 4779 3823 4861">
     <span class='ocr_line' id='line_1_107' title="bbox 2235 4779 3823 4861; baseline 0.012 -32"><span class='ocrx_word' id='word_1_823' title='bbox 2235 4779 2327 4841; x_wconf 83' lang='grc' dir='ltr'>οὓς</span> <span class='ocrx_word' id='word_1_824' title='bbox 2373 4780 2400 4829; x_wconf 86' lang='grc' dir='ltr'>ὁ</span> <span class='ocrx_word' id='word_1_825' title='bbox 2435 4781 2660 4850; x_wconf 81' lang='grc' dir='ltr'>Κύριος,</span> <span class='ocrx_word' id='word_1_826' title='bbox 2715 4784 2858 4848; x_wconf 77' lang='grc' dir='ltr'>Πῶς,</span> <span class='ocrx_word' id='word_1_827' title='bbox 2913 4788 3066 4854; x_wconf 77' lang='grc' dir='ltr'>φησὶ,</span> <span class='ocrx_word' id='word_1_828' title='bbox 3101 4787 3324 4842; x_wconf 79' lang='grc' dir='ltr'>δυνατὸν</span> <span class='ocrx_word' id='word_1_829' title='bbox 3351 4789 3579 4861; x_wconf 83' lang='grc' dir='ltr'>δαίμονα</span> <span class='ocrx_word' id='word_1_830' title='bbox 3628 4796 3823 4848; x_wconf 73' lang='grc' dir='ltr'>ἐκϐάλ-</span> 
     </span>
    </p>
   </div>
   <div class='ocr_carea' id='block_1_108' title="bbox 2237 4868 3816 4956">
    <p class='ocr_par' dir='ltr' id='par_1_108' title="bbox 2237 4868 3816 4956">
     <span class='ocr_line' id='line_1_108' title="bbox 2237 4868 3816 4956; baseline 0.012 -36"><span class='ocrx_word' id='word_1_831' title='bbox 2237 4868 2351 4921; x_wconf 89' lang='grc' dir='ltr'>λειν</span> <span class='ocrx_word' id='word_1_832' title='bbox 2384 4869 2539 4923; x_wconf 78' lang='grc' dir='ltr'>ἄλλον</span> <span class='ocrx_word' id='word_1_833' title='bbox 2591 4873 2821 4943; x_wconf 88' lang='grc' dir='ltr'>δαίμονα</span> <span class='ocrx_word' id='word_1_834' title='bbox 2851 4891 2878 4939; x_wconf 59' lang='grc' dir='ltr'>;ι</span> <span class='ocrx_word' id='word_1_835' title='bbox 2903 4876 3072 4929; x_wconf 86' lang='grc' dir='ltr'>Τοῦτο</span> <span class='ocrx_word' id='word_1_836' title='bbox 3111 4878 3218 4948; x_wconf 82' lang='grc' dir='ltr'><strong>γὰρ</strong></span> <span class='ocrx_word' id='word_1_837' title='bbox 3267 4882 3561 4946; x_wconf 78' lang='grc' dir='ltr'>κατάλυσις</span> <span class='ocrx_word' id='word_1_838' title='bbox 3613 4885 3681 4937; x_wconf 81' lang='grc' dir='ltr'>ἂν</span> <span class='ocrx_word' id='word_1_839' title='bbox 3731 4890 3816 4956; x_wconf 76' lang='grc' dir='ltr'>εἴη</span> 
     </span>
    </p>
   </div>
   <div class='ocr_carea' id='block_1_109' title="bbox 2235 4962 3821 5044">
    <p class='ocr_par' dir='ltr' id='par_1_109' title="bbox 2235 4962 3821 5044">
     <span class='ocr_line' id='line_1_109' title="bbox 2235 4962 3821 5044; baseline 0.011 -30"><span class='ocrx_word' id='word_1_840' title='bbox 2235 4962 2339 5031; x_wconf 82' lang='grc' dir='ltr'>τῆς</span> <span class='ocrx_word' id='word_1_841' title='bbox 2391 4962 2667 5032; x_wconf 84' lang='grc' dir='ltr'>βασιλείας</span> <span class='ocrx_word' id='word_1_842' title='bbox 2721 4967 2906 5023; x_wconf 83' lang='grc' dir='ltr'>αὑτοῦ.</span> <span class='ocrx_word' id='word_1_843' title='bbox 2941 4969 3000 5021; x_wconf 85' lang='grc' dir='ltr'>Εἰ</span> <span class='ocrx_word' id='word_1_844' title='bbox 3051 4971 3159 5042; x_wconf 74' lang='grc' dir='ltr'><strong>γὰρ</strong></span> <span class='ocrx_word' id='word_1_845' title='bbox 3193 4972 3469 5041; x_wconf 84' lang='grc' dir='ltr'>βασιλείαν</span> <span class='ocrx_word' id='word_1_846' title='bbox 3524 4978 3624 5044; x_wconf 78' lang='grc' dir='ltr'><strong>μὲν</strong></span> <span class='ocrx_word' id='word_1_847' title='bbox 3667 4981 3821 5031; x_wconf 75' lang='grc' dir='ltr'>αὐτοὶ</span> 
     </span>
    </p>
   </div>
   <div class='ocr_carea' id='block_1_110' title="bbox 2242 5054 3818 5138">
    <p class='ocr_par' dir='ltr' id='par_1_110' title="bbox 2242 5054 3818 5138">
     <span class='ocr_line' id='line_1_110' title="bbox 2242 5054 3818 5138; baseline 0.01 -33"><span class='ocrx_word' id='word_1_848' title='bbox 2242 5054 2498 5122; x_wconf 78' lang='grc' dir='ltr'>ἡγοῦνται</span> <span class='ocrx_word' id='word_1_849' title='bbox 2529 5058 2622 5110; x_wconf 76' lang='grc' dir='ltr'>καὶ</span> <span class='ocrx_word' id='word_1_850' title='bbox 2657 5058 2966 5113; x_wconf 83' lang='grc' dir='ltr'>ἀνάπαυσιν</span> <span class='ocrx_word' id='word_1_851' title='bbox 2997 5062 3065 5124; x_wconf 57' lang='grc' dir='ltr'><strong>⁵τὸ</strong></span> <span class='ocrx_word' id='word_1_852' title='bbox 3091 5068 3364 5117; x_wconf 82' lang='grc' dir='ltr'>κατοικεῖν</span> <span class='ocrx_word' id='word_1_853' title='bbox 3392 5069 3451 5119; x_wconf 79' lang='grc' dir='ltr'>ὲν</span> <span class='ocrx_word' id='word_1_854' title='bbox 3482 5069 3818 5138; x_wconf 77' lang='grc' dir='ltr'>ἀνθρώποις,</span> 
     </span>
    </p>
   </div>
   <div class='ocr_carea' id='block_1_111' title="bbox 2237 5145 3820 5229">
    <p class='ocr_par' dir='ltr' id='par_1_111' title="bbox 2237 5145 3820 5229">
     <span class='ocr_line' id='line_1_111' title="bbox 2237 5145 3820 5229; baseline 0.011 -33"><span class='ocrx_word' id='word_1_855' title='bbox 2237 5145 2486 5201; x_wconf 80' lang='grc' dir='ltr'>ἐκϐάλλει</span> <span class='ocrx_word' id='word_1_856' title='bbox 2528 5149 2583 5202; x_wconf 84' lang='grc' dir='ltr'>δὲ</span> <span class='ocrx_word' id='word_1_857' title='bbox 2627 5151 2823 5214; x_wconf 78' lang='grc' dir='ltr'>αὐτοὺς</span> <span class='ocrx_word' id='word_1_858' title='bbox 2864 5153 2893 5205; x_wconf 84' lang='grc' dir='ltr'>ὁ</span> <span class='ocrx_word' id='word_1_859' title='bbox 2944 5153 3128 5222; x_wconf 79' lang='grc' dir='ltr'>ἄρχων</span> <span class='ocrx_word' id='word_1_860' title='bbox 3181 5157 3382 5225; x_wconf 83' lang='grc' dir='ltr'>αὐτῶν,</span> <span class='ocrx_word' id='word_1_861' title='bbox 3423 5161 3692 5229; x_wconf 73' lang='grc' dir='ltr'>πρόδηλον</span> <span class='ocrx_word' id='word_1_862' title='bbox 3740 5163 3820 5214; x_wconf 80' lang='grc' dir='ltr'>ὅτι</span> 
     </span>
    </p>
   </div>
   <div class='ocr_carea' id='block_1_112' title="bbox 2238 5239 3822 5323">
    <p class='ocr_par' dir='ltr' id='par_1_112' title="bbox 2238 5239 3822 5323">
     <span class='ocr_line' id='line_1_112' title="bbox 2238 5239 3822 5323; baseline 0.011 -33"><span class='ocrx_word' id='word_1_863' title='bbox 2238 5239 2430 5295; x_wconf 76' lang='grc' dir='ltr'>ἑαυτὸν</span> <span class='ocrx_word' id='word_1_864' title='bbox 2451 5241 2728 5296; x_wconf 82' lang='grc' dir='ltr'>καταλύει.</span> <span class='ocrx_word' id='word_1_865' title='bbox 2758 5245 2864 5297; x_wconf 78' lang='grc' dir='ltr'><strong>Καὶ</strong></span> <span class='ocrx_word' id='word_1_866' title='bbox 2894 5245 3002 5315; x_wconf 79' lang='grc' dir='ltr'><strong>γὰρ</strong></span> <span class='ocrx_word' id='word_1_867' title='bbox 3037 5248 3184 5300; x_wconf 74' lang='grc' dir='ltr'>πᾶσα</span> <span class='ocrx_word' id='word_1_868' title='bbox 3219 5248 3465 5319; x_wconf 82' lang='grc' dir='ltr'>βασιλεία</span> <span class='ocrx_word' id='word_1_869' title='bbox 3497 5255 3822 5323; x_wconf 73' lang='grc' dir='ltr'>μερισθεῖσα</span> 
     </span>
    </p>
   </div>
   <div class='ocr_carea' id='block_1_113' title="bbox 2242 5333 3822 5414">
    <p class='ocr_par' dir='ltr' id='par_1_113' title="bbox 2242 5333 3822 5414">
     <span class='ocr_line' id='line_1_113' title="bbox 2242 5333 3822 5414; baseline 0.008 -29"><span class='ocrx_word' id='word_1_870' title='bbox 2242 5333 2338 5386; x_wconf 80' lang='grc' dir='ltr'>καὶ</span> <span class='ocrx_word' id='word_1_871' title='bbox 2387 5333 2753 5398; x_wconf 79' lang='grc' dir='ltr'>στασιάζουσα</span> <span class='ocrx_word' id='word_1_872' title='bbox 2807 5338 3155 5401; x_wconf 83' lang='grc' dir='ltr'>καταλύεται,</span> <span class='ocrx_word' id='word_1_873' title='bbox 3204 5341 3297 5393; x_wconf 71' lang='grc' dir='ltr'>καὶ</span> <span class='ocrx_word' id='word_1_874' title='bbox 3337 5339 3483 5406; x_wconf 76' lang='grc' dir='ltr'>οἶκος</span> <span class='ocrx_word' id='word_1_875' title='bbox 3541 5345 3822 5414; x_wconf 79' lang='grc' dir='ltr'>μερισθεὶς</span> 
     </span>
    </p>
   </div>
   <div class='ocr_carea' id='block_1_114' title="bbox 2238 5421 3818 5506">
    <p class='ocr_par' dir='ltr' id='par_1_114' title="bbox 2238 5421 3818 5506">
     <span class='ocr_line' id='line_1_114' title="bbox 2238 5421 3818 5506; baseline 0.01 -30"><span class='ocrx_word' id='word_1_876' title='bbox 2238 5426 2446 5481; x_wconf 86' lang='grc' dir='ltr'>πίπτει.</span> <span class='ocrx_word' id='word_1_877' title='bbox 2492 5421 2653 5481; x_wconf 76' lang='grc' dir='ltr'>Οἷκον</span> <span class='ocrx_word' id='word_1_878' title='bbox 2698 5430 2754 5482; x_wconf 75' lang='grc' dir='ltr'><strong>δὲ</strong></span> <span class='ocrx_word' id='word_1_879' title='bbox 2806 5432 2914 5483; x_wconf 72' lang='grc' dir='ltr'>εἴτε</span> <span class='ocrx_word' id='word_1_880' title='bbox 2957 5432 3017 5484; x_wconf 79' lang='grc' dir='ltr'><strong>τὸ</strong></span> <span class='ocrx_word' id='word_1_881' title='bbox 3068 5433 3408 5505; x_wconf 84' lang='grc' dir='ltr'>οίκοδόμημα</span> <span class='ocrx_word' id='word_1_882' title='bbox 3447 5437 3666 5506; x_wconf 78' lang='grc' dir='ltr'>νοήσεις</span> <span class='ocrx_word' id='word_1_883' title='bbox 3721 5457 3818 5491; x_wconf 84' lang='grc' dir='ltr'>κα·</span> 
     </span>
    </p>
   </div>
   <div class='ocr_carea' id='block_1_115' title="bbox 2241 5517 3822 5602">
    <p class='ocr_par' dir='ltr' id='par_1_115' title="bbox 2241 5517 3822 5602">
     <span class='ocr_line' id='line_1_115' title="bbox 2241 5517 3822 5602; baseline 0.011 -33"><span class='ocrx_word' id='word_1_884' title='bbox 2241 5517 2366 5581; x_wconf 78' lang='grc' dir='ltr'><strong>λῶς.</strong></span> <span class='ocrx_word' id='word_1_885' title='bbox 2413 5520 2522 5574; x_wconf 71' lang='grc' dir='ltr'><strong>Καὶ</strong></span> <span class='ocrx_word' id='word_1_886' title='bbox 2567 5521 2676 5593; x_wconf 72' lang='grc' dir='ltr'><strong>γὰρ</strong></span> <span class='ocrx_word' id='word_1_887' title='bbox 2728 5524 2761 5593; x_wconf 78' lang='grc' dir='ltr'>ἡ</span> <span class='ocrx_word' id='word_1_888' title='bbox 2807 5523 3066 5597; x_wconf 79' lang='grc' dir='ltr'><strong>οἰκοδομὴ</strong></span> <span class='ocrx_word' id='word_1_889' title='bbox 3115 5526 3219 5591; x_wconf 83' lang='grc' dir='ltr'>ἓως</span> <span class='ocrx_word' id='word_1_890' title='bbox 3275 5529 3374 5600; x_wconf 81' lang='grc' dir='ltr'><strong>μὲν</strong></span> <span class='ocrx_word' id='word_1_891' title='bbox 3427 5530 3687 5598; x_wconf 79' lang='grc' dir='ltr'>φυλάττει</span> <span class='ocrx_word' id='word_1_892' title='bbox 3723 5534 3822 5602; x_wconf 77' lang='grc' dir='ltr'>τὴν</span> 
     </span>
    </p>
   </div>
  </div>
