4030 6446
155 366 273 438 861

852 355 1301 421 ENARRATIO
1338 356 1421 418 ΙΝ
1455 356 1755 418 EVANGE

1862 354 1959 417 'JM
1995 354 2233 416 LUC/E.
2281 380 2352 392 —
2388 354 2550 417 CAP.
2594 353 2702 414 XI.

3359 351 3465 417 862

160 484 479 557 συνέχειαν,
510 484 745 541 ἵσταται,
800 476 940 531 επάν
972 477 1029 530 δὲ
1061 461 1353 529 διαστῶσιν
1379 476 1474 527 ἀπ’
1510 475 1755 545 ἀλλήλων

1866 474 2075 545 pacifici
2110 482 2259 535 sunt,
2312 480 2759 531 conservantur:
2796 482 2923 525 cum
2972 478 3155 524 autem
3202 469 3347 527 inter
3404 488 3467 529 se

154 580 208 633 οἱ
241 583 435 651 τοῖχοι,
463 578 674 637 πίπτει,
720 571 831 625 εἴτε
896 565 1044 623 οἶκον
1082 570 1301 639 νοήσεις
1340 570 1465 631 τοὺς
1491 570 1548 619 ὲν
1582 572 1645 636 τῇ
1680 570 1759 621 οἰ-

154 660 274 745 κίᾳ,
330 673 426 727 καὶ
471 661 617 721 οὗτοι
648 666 753 729 ἕως
795 663 896 735 μὲν
943 662 1308 733 εἰρηνεύουσι,
1360 663 1754 728 συνεστήκασι,

153 768 300 822 ἐπάν
332 764 388 817 δὲ
419 760 680 814 διαστῶσι
732 758 855 811 κατ’
902 755 1174 823 ἀλλήλων,
1221 753 1537 807 πίπτουσιν.
1579 753 1760 804 Ἔστω

155 862 236 923 δὲ,
277 861 358 912 δτι
394 855 644 909 ἐκϐάλλω
667 850 779 920 ἐγὼ
810 852 877 903 τά
908 850 1166 919 δαιμόνια
1195 849 1254 899 ὲν
1293 846 1374 916 τῷ
1407 842 1755 909 Βεελζεὸοὺλ,

155 954 206 1003 οἱ
230 950 338 1002 υίοὶ
364 947 541 1017 ὑμῶν,
577 945 858 998 τουτέστιν
893 943 941 992 oi
992 940 1305 1002 ἀπόστολοι,
1345 940 1400 989 ἐν
1430 938 1537 989 τίνι
1564 935 1759 988 ἐκϐάλο

154 1043 377 1105 λουσιν;
421 1034 500 1092 ἾΙ
541 1035 715 1104 δῆλον,
749 1034 831 1085 δτι
858 1034 913 1083 ἐν
939 1030 1015 1100 τῷ
1048 1030 1165 1099 ἐμῷ
1205 1030 1465 1096 όνόματι;
1503 1027 1627 1088 Πῶς
1662 1022 1756 1077 οὖν

152 1133 258 1201 cpe
290 1131 507 1199 λέγετε,
553 1130 633 1182 ὅτι
671 1128 727 1179 ἐν
767 1124 845 1193 τῷ
883 1122 1211 1184 Βεε).ζε6οῦλ
1245 1119 1494 1174 ἐκϐάλλω
1526 1117 1655 1186 ἐγὼ,
1683 1118 1759 1181 ὡς

152 1223 349 1293 χρείαν
404 1223 543 1291 ἔχων
593 1220 693 1286 τῆς
754 1217 967 1270 ἐκείνου
1034 1214 1341 1282 δυνάμεως,
1401 1213 1543 1265 ὅπου
1589 1227 1651 1277 γε
1705 1212 1754 1263 oi

154 1316 417 1384 ὑμέτεροι
492 1313 618 1375 υἱοὶ,
654 1312 823 1380 ἤγουν
875 1310 923 1361 οἱ
980 1307 1288 1371 ἀπόστολοι,
1322 1307 1379 1357 ἐν
1419 1304 1497 1372 τῷ
1531 1305 1756 1374 ὀνόματί

157 1424 262 1473 μου
294 1404 692 1468 ὲκὸάλλουσιν;
726 1404 867 1470 Ἀρα
917 1401 1073 1453 αὐτοὶ
1119 1397 1549 1468 κατακρινοῦσιν
1584 1397 1752 1466 ὑμᾶς.

153 1498 441 1568 Πρόδηλον
464 1497 573 1566 γὰρ
604 1497 679 1556 ὡς
714 1494 808 1545 ἐὰν
840 1494 1038 1545 ἐκεῖνοι
1070 1491 1410 1543 ὲκὸάλλωσιν
1452 1492 1508 1541 ἐν
1536 1489 1614 1558 τῷ
1642 1489 1757 1543 ὀνό-

163 1590 300 1659 ματί
330 1606 458 1659 μου,
493 1588 600 1653 ἐγὼ
628 1586 727 1653 τῆς
778 1587 969 1651 ἐτέρου
995 1583 1279 1652 δυνάμεως
1317 1583 1375 1633 ού
1412 1581 1621 1652 χρῄζω.
1665 1580 1755 1631 Ἐν

148 1682 406 1752 δακτύλῳ
451 1680 579 1747 γοῦν
632 1677 790 1741 Θεοῦ,
836 1679 1115 1730 τουτέστιν
1147 1677 1205 1726 ὲν
1249 1675 1531 1744 Πνεύματι
1584 1676 1749 1744 ἁγίῳ,

1866 568 2153 632 dissident,
2208 565 2432 620 eadunt.
2486 563 2614 619 Esto
2669 572 2850 617 autem
2907 562 3051 633 quod
3096 578 3198 635 ego
3247 564 3462 632 ejiciam

1865 661 2129 716 dmmonia
2158 660 2209 713 in
2242 657 2553 723 Deelzehul,
2586 655 2679 711 filii
2724 655 2916 720 vestri,
2949 656 3054 710 hoc
3084 667 3168 710 est
3205 656 3462 726 apostoli.

1863 753 1916 806 in
1970 768 2078 821 quo
2112 750 2376 819 ejiciunt?
2415 748 2610 803 Nonne
2635 747 2989 802 manifestum
3042 747 3187 817 quod
3230 748 3283 801 in
3342 763 3466 804 meo

1863 845 2120 899 nomine?
2143 842 2428 910 Quomodo
2453 842 2618 911 igitur
2649 840 2831 895 dicitis
2861 841 3006 910 quod
3030 855 3130 909 ego
3164 839 3378 907 ejiciam
3406 841 3459 895 in

1861 935 2167 998 Beelzebul,
2221 936 2379 1004 quasi
2424 949 2559 1004 opus
2602 934 2831 989 habeam
2883 933 3032 987 illius
3071 932 3297 996 virtute,
3336 946 3459 986 cum

1862 1028 1955 1082 filii
2001 1027 2192 1092 vestri,
2239 1027 2409 1081 sancti
2447 1026 2656 1080 scilicet
2692 1024 2948 1094 apostoli,
2994 1023 3046 1077 in
3086 1038 3207 1077 meo
3236 1022 3459 1078 nomine

1860 1120 2126 1174 daemonia
2160 1118 2424 1187 ejiciant‘l
2472 1118 2640 1187 Igitur
2690 1117 2789 1186 ipsi
2842 1117 3288 1171 condemnabunt
3338 1131 3461 1173 vos.

1860 1212 2205 1279 blattifestum
2227 1212 2372 1265 enim
2400 1210 2545 1281 quod
2574 1210 2617 1264 si
2652 1209 2724 1262 illi
2756 1209 2808 1262 in
2842 1223 2967 1262 meo
2990 1209 3207 1262 nomine
3235 1207 3465 1275 ejiciunt

1860 1306 2147 1371 dmmonia,
2174 1305 2305 1358 mihi
2343 1320 2450 1359 non
2484 1318 2624 1372 opus
2652 1303 2721 1357 sit
2748 1302 2951 1356 virtute
2993 1301 3239 1356 alterius.
3282 1302 3341 1355 in
3375 1301 3462 1356 di-

1858 1401 1971 1466 gito
2001 1414 2128 1468 ergo
2177 1398 2295 1459 Dei,
2327 1382 2449 1451 hoc
2477 1404 2584 1458 est,
2637 1395 2691 1448 in
2720 1393 2929 1462 Spiritu
2965 1404 3157 1448 sancto
3199 1392 3379 1463 ejieio,
3406 1402 3462 1448 et

1857 1490 2023 1561 357
2065 1505 2168 1543 non
2203 1490 2255 1541 in
2292 1488 2434 1541 malo
2459 1486 2676 1556 spiritu.
2713 1484 2950 1555 Digitum
2980 1494 3162 1540 autem
3195 1484 3459 1554 Spiritum

1859 1585 2011 1647 dicit,
2048 1592 2107 1635 ut
2129 1584 2274 1635 scias
2298 1581 2441 1650 quod
2473 1580 2615 1633 sicut
2641 1578 2841 1649 digitus
2864 1577 3111 1646 ejusdem
3144 1577 3464 1633 substantia!

1858 1688 1941 1730 est
1972 1692 2093 1728 cum
2141 1683 2253 1727 toto
2302 1688 2553 1741 corpore,
2582 1672 2657 1725 ita
2690 1683 2745 1726 et
2777 1671 3018 1741 Spiritus
3041 1670 3286 1740 ejusdem
3323 1672 3459 1726 sub.

152 1773 430 1836 ἐκϐάλλω,
476 1771 571 1824 καί
601 1771 701 1823 οὐκ
732 1772 789 1821 ὲν
817 1770 1089 1838 πνεύματι
1125 1766 1367 1837 πονηρῷ.
1402 1766 1675 1820 Δάκτυλον
1700 1766 1755 1819 δὲ

1862 1769 2073 1821 stamen
2113 1775 2195 1819 est
2224 1783 2344 1818 eum
2380 1764 2542 1819 Patre
2588 1775 2642 1819 et
2686 1764 2848 1819 Filio.
2886 1762 3157 1817 Fortassis
3190 1772 3370 1818 autem
3405 1771 3461 1818 et

151 1866 217 1919 τὺ
261 1862 491 1931 Πνεῦμα
523 1861 689 1928 λέγει,
724 1861 812 1913 ἵνα
859 1860 1036 1931 μάθῃς
1080 1862 1164 1913 ὃτι
1201 1860 1393 1929 ὥσπερ
1435 1862 1463 1913 6
1492 1859 1755 1923 δάκτυλος

149 1954 445 2023 ὀμοούσιός
477 1956 593 2005 ἐστι
618 1954 693 2023 τῷ
720 1954 827 2022 ὅλῳ
864 1952 1100 2021 σώματι,
1129 1952 1274 2003 οὓτω
1314 1952 1406 2003 καὶ
1433 1952 1491 2004 τὸ
1530 1950 1755 2020 Πνεῦμα

148 2044 445 2116 ὀμοούσιον
487 2044 560 2113 τῷ
587 2044 763 2114 flath
793 2045 885 2096 καὶ
909 2042 987 2111 τῷ
1033 2042 1163 2112 Υίῷ.
1213 2044 1438 2111 Μήποτε
1478 2044 1533 2095 δὲ
1566 2042 1754 2112 ἐπειδὴ

149 2139 280 2209 χεὶρ
320 2136 460 2189 Θεοῦ
494 2136 713 2204 λέγεται
744 2137 771 2189 6
804 2137 943 2200 Υἱὸς,
974 2134 1426 2188 ὲπανεπαύσαντο
1451 2136 1505 2189 δὲ
1537 2136 1623 2187 ἐπ’
1659 2136 1753 2188 αύ-

148 2229 247 2280 τὸν
288 2228 345 2278 αἱ
378 2225 471 2277 τοῦ
503 2224 816 2294 Πνιύματος
856 2226 995 2278 ἑπτα
1042 2227 1317 2294 ἐνέργειαι
1361 2226 1457 2294 οὐχ
1494 2225 1568 2288 ὡς
1602 2227 1755 2297 ἐνερ-

149 2317 253 2387 γού
263 2334 451 2387 μενον,
471 2317 591 2371 ἀλλ’
612 2317 687 2380 ὡς
709 2318 992 2387 ὁμοούσιον
1017 2318 1091 2387 τῷ
1112 2317 1412 2387 Πνεύματι.
1446 2319 1540 2371 Ἓν
1566 2319 1621 2370 δὲ
1646 2321 1755 2371 τῶν

149 2410 250 2463 τοῦ
293 2410 611 2480 Πνεύματος
653 2411 1025 2479 ἷχαρισμάτων
1070 2413 1164 2463 καὶ
1204 2411 1497 2479 ἐνεργειῶν
1542 2414 1657 2463 ἐστι
1695 2414 1755 2463 τὸ

155 2488 381 2556 ιᾱοθαὶο
421 2502 510 2555 διὰ
540 2502 702 2555 τοῦτο
744 2502 964 2571 λέγεται
1009 2505 1065 2556 ἐν
1096 2503 1349 2572 δακτύλῳ
1389 2504 1524 2555 Θεοῦ
1554 2503 1753 2556 ἐκϐαλ-

150 2595 271 2647 λειν
324 2595 391 2647 τὰ
436 2594 711 2661 δαιμόνια,
792 2594 1041 2647 τουτέστι
1102 2593 1179 2661 τῷ
1232 2593 1595 2661 πνευματικῷ
1655 2611 1753 2661 χα-

155 2685 415 2756 ρίσματι.
451 2686 663 2755 Ὠσπερ
696 2685 806 2755 γὰρ
838 2685 1149 2748 ὁδάκτυλος
1190 2686 1353 2755 μέρος
1401 2686 1498 2755 τῆς
1540 2688 1749 2756 χειρθις,

151 2778 301 2830 οὕτω
348 2778 441 2830 καὶ
471 2779 528 2831 τὸ
567 2780 784 2847 πνεῦμα
823 2778 933 2830 τῶν
974 2778 1175 2830 ίάσεων
1206 2776 1372 2846 μέρος
1405 2771 1474 2846 ἦν
1506 2770 1579 2831 ὧν
1612 2773 1757 2845 εἶχεν

149 2872 180 2923 ὀ
220 2870 433 2937 Ἰησοῦς
467 2872 817 2937 πνευμάτων,
846 2871 965 2939 ἦτοι
1001 2870 1109 2921 τῶν
1138 2870 1231 2922 τοῦ
1260 2868 1574 2938 πνεύματος
1603 2872 1759 2939 ὲνερ-

151 2962 347 3031 γειῶν.
387 2963 516 3016 Ἐὰν
541 2960 633 3015 οῦν
685 2962 957 3025 ὲκὸάλλω,
1007 2964 1159 3032 φησι,
1212 2962 1281 3015 τὰ
1328 2963 1586 3031 δαιμόνια
1638 2963 1759 3034 θείᾳ

1863 1861 2003 1923 ideo,
2035 1861 2162 1930 quia
2196 1857 2367 1913 Filius
2397 1858 2599 1913 dicitur
2621 1873 2817 1911 manus
2850 1856 2967 1919 Dei,
2994 1866 3048 1910 et
3080 1856 3466 1925 requieverunt

1862 1968 2027 2022 super
2056 1968 2179 2006 eum
2220 1963 2425 2020 septem
2463 1949 2716 2005 efﬁcaciae
2755 1949 3018 2020 Spiritus,
3049 1965 3155 2003 non
3190 1949 3333 2018 quod
3365 1963 3463 2014 per

1861 2043 2125 2111 Spiritum
2169 2052 2382 2112 agatur,
2417 2042 2511 2096 sed
2544 2042 2669 2110 quia
2697 2041 3185 2095 consubstantialis
3220 2049 3305 2093 est
3336 2037 3461 2107 Spi-

1863 2138 2012 2191 ritui.
2062 2135 2240 2191 Unum
2295 2146 2477 2189 autem
2515 2150 2579 2188 ex
2633 2134 2792 2187 donis
2829 2144 2882 2186 et
2934 2132 3187 2187 eﬂicaciis
3227 2132 3463 2201 Spiritus

1860 2231 2037 2285 sancti
2081 2239 2163 2283 est
2209 2243 2407 2283 sanare
2445 2246 2458 2280 :
2496 2238 2785 2295 propterea
2825 2228 3024 2281 dicitur
3055 2228 3109 2280 in
3141 2225 3305 2297 digito
3342 2224 3462 2293 Dei,

1855 2324 1959 2378 hoc
1984 2334 2089 2387 est,
2135 2324 2192 2378 in
2241 2321 2515 2393 spirituali
2555 2322 2696 2376 dono
2745 2320 2949 2387 ejicere
2998 2320 3286 2374 daemonia.
3324 2316 3459 2371 Nam

1854 2417 1995 2468 sicut
2021 2396 2372 2483 digitus/pars
2402 2423 2485 2467 est
2516 2427 2728 2475 manus,
2760 2413 2832 2464 ita
2864 2411 3088 2479 spiritus
3114 2410 3459 2463 sanationum

1850 2524 1978 2576 pars
2000 2508 2097 2561 fuit
2118 2509 2409 2576 spirituum
2430 2522 2567 2576 quos
2592 2504 3067 2566 ltabuitChristus,
3100 2505 3199 2557 hoc
3216 2512 3297 2557 est
3327 2517 3459 2571 ope-

1853 2600 2127 2653 rutionum
2176 2599 2427 2665 spiritus.
2457 2598 2753 2667 Propterea
2800 2597 2843 2651 si
2890 2596 3073 2663 ejicio,
3120 2594 3313 2663 inquit,
3350 2594 3459 2647 dte—

1859 2692 2038 2743 monia
2078 2692 2318 2742 ρίῖῑιιηρίιι
2372 2691 2570 2743 divinre
2608 2691 2852 2749 virtutis,
2892 2688 3142 2757 pervenit
3177 2686 3371 2755 utique
3402 2684 3458 2739 in

1861 2799 1954 2837 vos
1994 2800 2218 2851 regnum
2254 2782 2371 2835 Dei.
2420 2782 2572 2847 Quod
2613 2782 2775 2835 talem
2826 2782 2989 2835 habet
3038 2794 3306 2834 sensum:
3360 2776 3461 2831 De-

1860 2882 2129 2926 structum
2164 2888 2303 2927 nunc
2328 2882 2409 2925 est
2446 2888 2673 2939 regnum
2722 2870 2946 2934 diaboli,
2983 2879 3280 2937 regnatqne
3314 2866 3459 2920 Deus

1861 2965 1953 3032 qui
1980 2965 2256 3017 dzcmones
2275 2963 2497 3032 ell‘ngat.
2525 2962 2663 3015 Audi
2690 2962 2833 3014 enim
2859 2962 2985 3029 quid
3011 2962 3268 3026 deinceps
3289 2958 3458 3015 dicat.

151 3056 440 3126 δνεργείᾳ,
474 3054 712 3121 ἑφθάσεν
738 3054 845 3123 ἄρα
874 3054 963 3121 ἐφ’
990 3055 1132 3121 ὑμᾶς
1160 3054 1192 3123 ἡ
1237 3054 1487 3122 βασιλεία
1515 3054 1609 3106 τοῦ
1639 3054 1799 3107 Θεοῦ.
1846 3054 2025 3122 Ὅπερ
2055 3054 2297 3108 τοιοῦτον
2354 3054 2467 3123 ἔχει
2501 3054 2592 3106 τὸν
2624 3053 2769 3117 νοιῖν,
2801 3053 2881 3105 ὅτι
2917 3052 3249 3106 καταλύεται
3276 3049 3462 3103 λοιπὸν

150 3150 188 3215 ἡ
222 3145 474 3214 βασιλεία
517 3145 609 3197 τοῦ
658 3144 930 3212 διαϐόλου,
966 3147 1059 3198 καὶ
1102 3144 1377 3214 βασιλεύει
1423 3150 1451 3198 6
1496 3147 1628 3210 Θεὸς
1680 3148 1707 3199 ὀ
1748 3147 1874 3209 τοὺς
1937 3148 2199 3215 δαίμονας
2264 3147 2568 3200 ἐκδιώκων.
2599 3148 2800 3199 ’Λκουε
2829 3145 2938 3216 γὰρ
2992 3144 3044 3196 τί
3078 3145 3165 3196 διὰ
3194 3142 3302 3196 τῶν
3332 3142 3463 3212 ἑξῆς

150 3242 332 3310 λέγει.

235 3356 253 3388 ι
290 3337 461 3389 Ὅταν
509 3337 537 3389 6
581 3335 798 3406 ίσχυρδς
834 3335 1287 3405 καθωπλισμένος
1343 3338 1591 3407 φυλάσσῃ
1646 3338 1745 3408 τὴν
1774 3345 1818 3402 C

153 3426 359 3481 ἑαυτοῦ
400 3426 589 3496 αὐλὴν,
634 3428 691 3478 ὲν
728 3428 920 3497 εἰρήνῃ
962 3428 1076 3480 ἐστὶ
1109 3428 1175 3479 τὰ
1224 3429 1539 3497 ὑπάρχοντα
1579 3430 1749 3500 αὐτῷ.

169 3519 346 3572 Ἐπάν
366 3519 421 3571 δὲ
448 3521 474 3571 6
510 3520 856 3590 ἰσχυρότερος
880 3518 1046 3575 αὑτοῦ
1073 3518 1315 3571 ἐπελθὼν
1344 3524 1541 3591 νικήσῃ
1568 3522 1751 3589 αὐτὸν,

157 3610 263 3680 τὴν
292 3609 595 3662 πανοπλίαν
634 3609 800 3662 αὑτοῦ
830 3610 995 3678 αῐρει,
1027 3610 1111 3677 ἐφ’
1216 3612 1518 3675 ἐπεποίθει,
1554 3616 1648 3665 καὶ
1684 3614 1753 3667 τὰ

159 3700 340 3754 σκύλα
381 3699 545 3752 αὑτοῦ
589 3700 912 3752 διαδίδωσιν.
955 3700 1013 3752 Ὀ
1055 3702 1129 3768 μὴ
1174 3699 1249 3753 ὢν
1285 3701 1403 3771 μετ’
1436 3702 1594 3773 ἐμοῦ,
1632 3704 1752 3757 κατ’

156 3791 299 3861 ἐμοῦ
346 3792 481 3853 ἐστι,
514 3792 609 3843 καὶ
637 3790 664 3842 6
697 3790 771 3860 μὴ
808 3789 1059 3856 συνάγων
1090 3792 1207 3859 μετ’
1242 3794 1397 3860 ἐμοῦ,
1434 3795 1748 3863 σκορπίζει.

156 3884 337 3937 Ὅταν
376 3884 438 3935 τὸ
468 3883 779 3952 ἀκάθαρτον
812 3881 1032 3951 πνεῦμα
1064 3883 1254 3955 ἐξέλθῃ
1285 3886 1394 3937 ἀπὸ
1422 3885 1514 3937 τοῦ
1546 3887 1753 3955 ἀνθρώ-

158 3992 291 4036 που,
323 3974 593 4041 διέρχεται
622 3971 689 4025 δι’
718 3971 964 4041 ἀνύδρων
990 3974 1169 4025 τόπων
1193 3974 1390 4043 ζητοῦν
1423 3976 1751 4042 ἀνάπαυσιν,

157 4070 257 4120 xxi
297 4068 375 4137 μὴ
424 4066 695 4132 εὑρίσκων
723 4066 903 4133 λέγει’
963 4068 1333 4139 ’Υποστρέψω
1360 4071 1435 4132 εἰς
1470 4071 1560 4121 τὸν
1608 4069 1755 4123 οἶκόν

162 4176 270 4227 μου
303 4158 428 4209 ὅθεν
472 4155 715 4224 ἐξῆλθον.
747 4156 855 4209 Καὶ
894 4156 1064 4209 ἐλθὼν
1097 4158 1341 4228 εὑρίσκει
1374 4162 1755 4230 σεσαρωμένον

158 4249 259 4301 καὶ
288 4246 732 4315 κεκοσμημένον,
765 4245 887 4298 τότε
919 4246 1235 4317 πορεύεται,
1264 4249 1755 4319 καὶνπαραλαμϐά-

161 4356 243 4391 νει
285 4338 429 4392 ἑπτὰ
477 4338 640 4409 ἕτερα
683 4338 969 4409 πνεύματα
1016 4340 1361 4410 πονηρότερα
1405 4341 1623 4404 ἑαυτοῦ,
1663 4341 1755 4393 καὶ

159 4432 479 4486 είσελθόντα
518 4436 762 4487 κατοικεῖ
794 4434 929 4496 ἐκεῖ,
962 4436 1055 4486 καὶ
1090 4434 1296 4501 γίνεται
1338 4433 1405 4487 τὰ
1433 4434 1637 4503 ἔσχατα
1664 4434 1753 4487 τοῦ

160 4526 462 4599 ἀνθρώπου
491 4526 705 4580 ἐκείνου
741 4528 963 4597 χείρονα
996 4526 1103 4581 τῶν
1135 4526 1388 4598 πρώτων.
1432 4547 1448 4577 ι
1490 4523 1597 4579 Tliv
1632 4530 1751 4597 μὲν,

159 4623 321 4692 φησι,
362 4622 468 4692 πρὸ
505 4622 599 4691 τῆς
629 4621 771 4691 ἐμῆς
815 4622 1125 4693 παρουσίας
1173 4624 1395 4693 ἰσχυρὸς
1425 4626 1452 4675 6
1480 4624 1750 4687 Σατανᾶς,

1926 3335 2087 3389 Vsus.
2115 3336 2298 3389 21-26.
2332 3355 2349 3385 ι
2381 3333 2514 3388 Cum
2545 3332 2702 3386 fortis
2726 3344 2973 3385 armatus
3000 3332 3235 3385 custodit
3259 3334 3458 3386 atrium

1863 3444 2043 3489 Slllllll,
2074 3426 2125 3478 in
2157 3440 2288 3495 pace
2318 3435 2445 3478 Sunt
2473 3440 2531 3476 ea
2571 3438 2691 3492 quae
2740 3425 3001 3493 possidet.
3046 3422 3148 3478 Ubi
3185 3440 3313 3479 vero
3344 3423 3462 3478 foro

1865 3521 1969 3573 tior
2015 3534 2081 3571 eo
2116 3518 2513 3586 superveniens
2554 3516 2745 3570 vicerit
2798 3532 2945 3579 eum,
2998 3517 3253 3570 universa
3308 3532 3458 3570 arma

1862 3611 1985 3679 ejus
2025 3609 2222 3673 aufert,
2264 3611 2314 3662 in
2347 3610 2546 3677 quibus
2574 3608 2905 3671 confidebat,
2937 3619 2992 3661 et
3029 3608 3199 3675 spolia
3230 3609 3349 3676 ejus
3380 3610 3463 3663 di-

1862 3703 2100 3757 stribuit.
2132 3700 2231 3767 Qui
2260 3716 2367 3755 non
2402 3710 2484 3753 est
2512 3714 2749 3762 mecum,
2782 3711 2973 3753 contra
3007 3715 3091 3753 me
3116 3710 3196 3754 est
3228 3720 3240 3753 :
3272 3709 3327 3755 et
3366 3702 3460 3770 qui

1864 3804 1972 3849 nOu
2011 3792 2213 3860 colligit
2250 3807 2483 3855 meeum,
2516 3790 2797 3858 dispergit.
2828 3788 2962 3843 Cum
2992 3790 3309 3846 immundus
3344 3794 3461 3860 spi-

1865 3890 2003 3939 ritus
2042 3885 2240 3939 exierit
2272 3884 2341 3935 ah
2371 3884 2615 3943 homine,
2660 3881 2905 3935 ambulat
2934 3897 3028 3948 per
3060 3881 3175 3935 loca
3223 3884 3457 3947 arentia,

1864 3994 2115 4048 quaerens
2149 3978 2413 4046 requiem,
2466 3985 2651 4028 etnon
2685 3974 2990 4040 inveniens,
3028 3976 3158 4028 tiit'il.
3202 3992 3215 4028 :
3257 3976 3456 4030 [in-ver-

1868 4082 1950 4124 tar
2005 4072 2057 4124 in
2108 4071 2328 4124 domum
2376 4084 2552 4121 meam
2587 4068 2729 4121 unde
2765 4068 2930 4122 exivi.
2967 4067 3029 4121 Et
3058 4084 3178 4122 cum
3232 4070 3460 4141 venerit,

1868 4164 2071 4217 invenit
2108 4177 2227 4217 eam
2254 4162 2431 4231 scopis
2462 4162 2775 4214 mandatam
2800 4168 2965 4230 atque
2995 4172 3242 4215 ornatam
3269 4177 3281 4213 :
3332 4172 3460 4215 tunc

1866 4255 2036 4321 vadit,
2083 4264 2137 4308 et
2174 4254 2408 4308 assumit
2461 4262 2671 4324 septem
2708 4254 2845 4309 alios
2895 4254 3119 4321 spiritus
3171 4255 3461 4315 nequiores

1866 4346 2005 4415 ipso,
2036 4358 2091 4400 et
2122 4346 2350 4414 ingressi
2386 4346 2635 4399 habitant
2677 4346 2769 4411 ibi,
2816 4355 2868 4398 et
2914 4345 3049 4398 fiunt
3078 4356 3323 4400 extrema
3361 4346 3461 4398 ho-

1867 4438 2026 4490 minis
2074 4435 2217 4490 illius
2273 4436 2458 4506 pejora
2498 4438 2708 4503 primis.
2744 4456 2768 4488 ν»
2806 4435 2930 4490 Fuit
2968 4437 3210 4507 quidem,
3260 4436 3455 4504 inquit,

1865 4542 1987 4583 ante
2013 4531 2302 4583 adventum
2341 4546 2517 4582 meum
2553 4529 2709 4583 fortis
2741 4530 2995 4590 Satanas,
3030 4542 3084 4583 et
3112 4529 3460 4587 custodiebat

1865 4624 2062 4677 atrium
2095 4638 2273 4685 suum,
2310 4623 2411 4675 hoc
2442 4630 2545 4686 est,
2578 4620 2904 4688 praevalebat
2932 4629 2981 4673 et
3024 4620 3322 4689 imperabat
3352 4620 3456 4672 ltu-
3487 4692 3490 4697 t

160 4718 260 4769 καὶ
293 4713 569 4783 ἐφύλασσε
604 4714 703 4784 τὴν
730 4714 926 4771 ἑαύτοῦ
957 4714 1150 4784 αὐλὴν,
1177 4717 1450 4780 τουτέστι,
1478 4716 1753 4785 κατεκράο

1866 4730 2038 4769 mante
2079 4722 2286 4769 naturae
2336 4713 2550 4768 fortiter
2580 4722 2634 4767 et
2672 4728 2885 4768 secure.
2929 4710 3221 4780 Postquam
3272 4722 3453 4765 autem

159 4826 250 4863 τει
296 4808 397 4878 τῆς
428 4807 781 4879 ἀνθρωπίνης
830 4810 1045 4877 φύσεως
1084 4809 1319 4879 βεόαίως
1360 4812 1452 4862 καί
1484 4810 1747 4879 ἀσφαλῶς

161 4900 307 4954 ἐπὰν
329 4900 387 4955 δὶ
404 4895 569 4970 ἦλθον
592 4898 703 4967 ἐγὼ
792 4901 1141 4971 ἰσχυρότερος
1164 4902 1353 4961 αὑτοῦ,
1379 4902 1471 4953 καὶ
1493 4904 1754 4973 νενίκηκα

160 4995 259 5049 τὸν
276 4997 506 5063 κόσμον,
527 4992 625 5046 καὶ
644 4992 740 5063 τὴν
756 4993 1065 5047 πανοπλίαν
1078 4992 1270 5063 αὐτοῦ,
1288 4994 1373 5063 ἐφ’
1395 4990 1429 5067 ᾖ
1448 4995 1751 5060 ἐπεποίθει,

158 5090 306 5159 ὅπερ
334 5086 453 5140 εστι
497 5086 677 5140 πάντα
719 5089 788 5139 τὰ
820 5086 939 5157 είόη
978 5088 1077 5158 τῆς
1122 5088 1421 5157 ἁμαρτίαςο
1472 5089 1610 5157 αῦτη
1644 5088 1758 5156 γάρ

157 5179 309 5235 ὅπλα
336 5177 436 5233 τοῦ
475 5178 747 5243 διαϐόλου,
784 5178 879 5231 καὶ
913 5177 1088 5250 ταύτῃ
1118 5178 1341 5251 θαρρῶν
1367 5179 1582 5248 ὲνίσχυε
1618 5180 1759 5232 κατὰ

157 5271 275 5326 τῶν
322 5268 630 5341 ἀνθρώπων
657 5283 670 5297 ·
712 5268 921 5339 ταύτην
966 5264 1059 5321 οῦν
1097 5268 1195 5339 τὴν
1247 5268 1550 5321 πανοπλίαν
1593 5266 1758 5320 αὐτοῦ

156 5363 431 5437 adpensa
469 5361 851 5433 ἀναμάρτητος
887 5360 1154 5431 εὑρεθεὶς,
1208 5364 1304 5415 καὶ
1349 5362 1536 5415 εκτοτε
1587 5362 1749 5432 ἠσθέ-

157 5474 318 5529 νησε.
352 5455 464 5511 Καὶ
486 5455 557 5507 τὰ
583 5453 759 5508 σκύλα
788 5452 978 5519 αὑτοῦ,
1004 5455 1133 5525 ἦτοι,
1150 5455 1275 5519 τοὺς
1304 5453 1644 5525 ἀνθρῴπους,
1669 5456 1761 5519 οὒς

154 5548 311 5623 εἶχεν
331 5550 408 5612 ὡς
432 5546 672 5618 λάφυρα,
697 5547 995 5601 ἁπέσπασα
1018 5548 1116 5600 ἀπ’
1134 5547 1322 5612 αὑτοῦ,
1348 5548 1443 5601 καὶ
1470 5549 1757 5617 διαδίδωμι

155 5644 322 5701 ἄλλον
355 5641 501 5711 ἄλλῳ
530 5638 751 5709 ἀγγέλῳ
781 5640 957 5710 πιστῷ
986 5639 1207 5708 φύλακι,
1240 5640 1328 5694 ἵνα
1358 5642 1480 5693 ἀντὶ
1516 5642 1609 5694 τοῦ
1643 5642 1757 5694 δαί-

159 5752 352 5809 μονος,
382 5726 427 5802 ᾧ
454 5733 823 5804 ἐτυραννεῖτο,
861 5732 959 5803 ἔχῃ
992 5731 1156 5785 αὐτὸν
1185 5735 1211 5787 ό
1236 5733 1491 5802 ἄγγελος.
1526 5735 1636 5788 Καὶ
1664 5734 1756 5788 ἄλ-

157 5828 271 5894 λως
298 5826 383 5881 δέ·
411 5825 549 5882 Τίνα
580 5824 864 5880 κοινωνίαν
900 5826 1010 5896 ἔχω
1059 5826 1169 5893 ἐγὼ
1220 5827 1353 5899 πρὸς
1385 5827 1475 5881 τὸν
1523 5826 1751 5891 Βεελξε-

1865 4823 1966 4879 ego
1997 4808 2116 4861 veni
2155 4806 2246 4861 illo
2275 4806 2490 4873 fortior,
2517 4816 2572 4860 et
2606 4806 2708 4860 vici
2743 4805 3005 4858 mundum
3041 4804 3336 4874 omniaque
3364 4817 3455 4857 οτ-

1866 4919 1949 4955 tua
1987 4901 2103 4970 ejus
2150 4901 2204 4955 in
2236 4902 2435 4971 quibus
2468 4900 2687 4965 fidebat,
2724 4900 2907 4953 omnia
2959 4898 3170 4954 scilicet
3201 4907 3457 4967 peccatov-

1865 5010 1983 5047 rum
2026 5008 2224 5063 genera
2260 5012 2271 5046 :
2308 4992 2397 5045 illa
2434 4992 2580 5046 enim
2604 5004 2758 5046 arma
2785 5001 2913 5047 sunt
2939 4990 3135 5045 diaboli
3173 4991 3225 5043 in
3258 4989 3458 5059 quibus

1863 5089 2061 5143 fidebat
2091 5098 2144 5142 et
2179 5086 2507 5156 praevalebat
2534 5086 2795 5141 adversus
2828 5086 3077 5139 homines
3115 5100 3129 5136 ε
3161 5075 3311 5137 arma
3356 5084 3461 5155 igi-

1860 5190 1969 5247 tur,
1996 5180 2239 5249 inquam,
2266 5179 2355 5233 illa
2374 5180 2491 5249 ejus
2510 5179 2705 5249 diripui
2731 5194 2853 5247 ego,
2875 5179 2965 5247 qui
2987 5179 3104 5233 sine
3123 5189 3347 5247 peccato
3372 5182 3457 5231 in-

1870 5281 2084 5337 ventus,
2108 5280 2161 5326 et
2186 5287 2251 5326 ex
2288 5287 2352 5326 eo
2379 5282 2622 5341 tempore
2644 5270 2836 5327 debilis
2862 5270 3037 5326 factus
3075 5279 3181 5330 est.
3212 5278 3264 5323 et
3282 5270 3457 5341 spolia

1861 5364 2002 5431 ejus,
2038 5364 2140 5418 hoc
2191 5372 2273 5418 est
2320 5362 2567 5418 homines
2598 5376 2735 5433 quos
2769 5362 3006 5417 habebat
3056 5362 3208 5432 quasi
3256 5362 3454 5431 spolia,

1863 5457 1932 5511 ab
1957 5470 2023 5509 eo
2050 5454 2230 5525 rapui,
2262 5465 2317 5509 et
2344 5454 2501 5509 trado
2539 5468 2625 5519 ea,
2661 5454 2804 5509 aliud
2838 5454 2927 5507 alii
2959 5452 3150 5524 angelo
3185 5451 3292 5505 fido
3353 5467 3453 5506 cu-

1859 5549 2109 5612 stodi,ut
2161 5562 2259 5617 pro
2302 5548 2566 5611 darmone,
2616 5530 2773 5615 cujus
2827 5548 3172 5617 tyrannidem
3230 5544 3451 5607 tulerat,

1858 5642 2055 5697 habent
2091 5643 2363 5712 angelum.
2407 5641 2498 5696 Vel
2527 5640 2684 5695 aliter
2719 5660 2732 5695 :
2770 5640 2956 5709 Egone
3005 5637 3445 5694 communionem

1857 5749 1977 5790 cum
2006 5733 2294 5790 Beclzebul
2343 5734 2560 5790 habeo?
2600 5731 2775 5788 Meum
2812 5746 2947 5800 Opus
2986 5739 3070 5784 est
3112 5741 3446 5799 emigregare

1853 5827 1994 5884 filios
2026 5828 2117 5884 Dei
2150 5828 2447 5899 dispersos,
2495 5827 2638 5883 illius
2681 5841 2809 5883 vero
2842 5834 3199 5893 congregatos
3228 5824 3436 5891 disper-
