4030 6400
584 341 688 406 863

1501 331 2076 397 THEOPHYLACTI
2115 332 2528 398 BULGARI/E
2565 327 2924 392 ARCHIEP.

3733 323 3842 386 θοι

586 469 732 523 gere.
762 452 1042 520 Quomodo
1071 449 1231 518 igitur
1258 449 1321 502 de
1349 465 1433 503 me
1466 449 1719 518 cogitatis
1750 449 1892 518 quod
1915 464 2160 504 commu-

2272 446 2436 510 ϐούλ;
2485 442 2646 513 Ἐμὸν
2677 441 2737 512 ἐρ
2753 457 2837 510 γον
2861 435 3002 503 ἐστὶ,
3042 434 3102 490 τδ
3150 434 3404 503 συνάγειν
3434 433 3502 486 τὰ
3544 432 3712 486 τέκνα
3755 434 3850 487 τοῦ

585 549 804 602 nionem
849 544 1072 598 habeam
1117 555 1241 594 cum
1278 539 1522 593 Satana?
1556 541 1622 594 Et
1657 539 1900 608 profecto
1932 541 2044 594 ltazc
2072 555 2161 595 co-

586 634 776 706 gitatio
809 633 933 706 hinc
963 632 1160 696 oritur,
1196 632 1338 700 quod
1368 631 1640 685 daemones
1690 632 1858 701 magis
1896 647 2037 685 nunc
2067 647 2164 687 vos

586 701 743 792 quam
781 701 912 778 olim
946 731 1214 792 premant.
1266 721 1474 772 Etenim
1520 721 1782 776 habuistis
1829 723 2006 809 ειιῑιιπιχ
2035 725 2161 778 olim

587 816 926 868 immundum
961 815 1232 882 spiritum,
1259 814 1350 882 qui
1385 813 1662 868 habitabat
1688 815 1738 867 itt
1771 815 1923 872 vobis
1950 817 2163 886 quando

587 905 724 959 idola
757 906 1040 968 colebatis,
1073 914 1127 958 et
1167 906 1457 974 prophetas
1489 904 1863 973 occidebatis;
1914 920 1966 963 et
2017 909 2163 963 visus

586 1006 666 1050 est
693 1005 873 1064 postea
905 989 1073 1066 358
1095 996 1241 1051 exire
1272 1011 1303 1049 a
1328 997 1477 1052 vobis
1508 1012 1523 1050 :
1553 1005 1607 1050 at
1633 1012 1775 1053 nunc
1805 999 1960 1054 rediit
1989 1000 2043 1054 in
2072 1000 2166 1054 do-

589 1103 731 1141 mum
779 1101 954 1151 suam,
999 1090 1101 1142 hoc
1139 1098 1222 1142 est
1260 1089 1466 1142 animas
1505 1099 1738 1154 vestras,
1786 1105 1908 1145 cum
1955 1100 2160 1160 septem

585 1179 882 1247 spiritibus,
909 1180 1011 1234 hoc
1031 1180 1346 1234 estmultis:
1379 1179 1662 1251 Scriptura
1675 1184 1818 1236 enim
1838 1191 2040 1251 septem
2068 1198 2164 1252 pro

586 1269 768 1327 multis
801 1278 1017 1336 usurpat
1047 1286 1062 1322 :
1103 1268 1338 1339 fecitque
1379 1273 1532 1327 vobis
1559 1283 1799 1326 extrema
1831 1274 2013 1342 pejora
2048 1275 2163 1342 pti-

589 1359 710 1411 ntis.
741 1359 876 1413 Cum
921 1361 1068 1415 enim
1113 1362 1249 1416 idola
1295 1362 1567 1424 coleretis,
1609 1366 1900 1433 prophetas
1949 1367 2163 1420 occide-

586 1447 747 1512 batis,
769 1451 1011 1505 nondum
1042 1463 1229 1522 aperte
1253 1452 1445 1521 injuria
1478 1452 1794 1511 alliciebatis
1825 1455 2016 1510 Filium
2048 1456 2162 1522 Dei,

587 1540 676 1606 qui
709 1555 854 1595 nunc
879 1553 1098 1610 prepter
1120 1558 1214 1597 vos
1243 1543 1296 1598 in
1329 1559 1492 1599 carne
1514 1547 1779 1615 apparuit.
1809 1544 1963 1599 Nunc
1988 1554 2162 1599 autent

587 1645 705 1697 Quae
732 1645 854 1698 spes
881 1632 1070 1687 salutis
1109 1635 1324 1703 quando
1354 1643 1408 1688 et
1440 1635 1722 1692 incarnato
1747 1636 1885 1691 Filio
1922 1637 2041 1699 Dei,
2072 1637 2162 1705 qui

546 1761 548 1764 -
587 1731 641 1775 et
671 1733 889 1790 propter
921 1740 1013 1779 vos
1042 1726 1299 1781 miracula
1338 1737 1594 1797 operatus
1621 1736 1727 1794 est,
1768 1728 1817 1791 in
1846 1737 2046 1783 tantam
2080 1728 2162 1782 itt-

588 1815 975 1882 gratitudinem
1030 1823 1085 1870 et
1150 1795 1530 1874 contumeliam
1583 1820 1946 1889 prorupistis?
1993 1795 2236 1875 PorroB

589 1903 700 1957 loca
729 1919 1012 1973 tuaquosa,
1038 1897 1231 1962 animae
1252 1919 1379 1962 sunt
1402 1925 1588 1964 eorum
1613 1911 1707 1978 qui
1737 1911 1872 1965 nihil
1899 1926 2161 1980 aquosum

586 2005 642 2048 et
681 1997 993 2052 dissolutum
1045 1999 1268 2063 habent,
1306 2005 1398 2056 sed
1448 2001 1611 2056 arida:
1645 2011 1700 2057 et
1743 2003 1985 2058 sollicita:
2017 2013 2161 2071 sunt,

588 2085 640 2138 itt
678 2087 872 2153 quibus
915 2089 1112 2143 nullam
1147 2091 1381 2160 quietem
1427 2093 1629 2148 invenit
1666 2095 1886 2163 spiritus
1934 2096 2166 2149 immun-

588 2175 754 2231 dititc.
808 2179 871 2232 Et
909 2180 1161 2246 quoniam
1219 2183 1268 2235 in
1319 2183 1514 2237 talibus
1559 2185 1846 2240 animabus
1901 2186 2166 2255 malignus

591 2269 797 2323 nullum
827 2271 1082 2326 domicilii
1116 2273 1292 2328 locum
1333 2275 1557 2340 invenit,
1597 2278 1662 2328 ad
1696 2275 1907 2331 Judasos
1936 2281 2166 2334 reverti-

592 2369 700 2419 tur.
719 2370 772 2413 et
802 2359 932 2414 liunt
958 2362 1089 2431 ipsis
1115 2365 1412 2432 posteriora
1438 2365 1707 2421 deteriora
1735 2369 1922 2437 primis
1951 2386 1963 2421 :
1989 2385 2166 2439 neque

586 2448 1329 2524 adhuchabentprophetas;
1365 2458 1678 2511 occiderunt
1703 2460 1845 2513 enim
1884 2459 2158 2516 Verbum:

589 2553 766 2609 neque
817 2545 1166 2599 unctionem:
1204 2548 1482 2602 Christum
1542 2552 1686 2604 enim
1753 2554 2160 2608 crucilixerunt.

591 2630 715 2686 llaec
747 2634 890 2688 enim
930 2636 980 2689 itt
1016 2638 1121 2692 illis
1164 2640 1289 2692 olim
1338 2642 1687 2710 apparebant,
1725 2646 1977 2711 quamvis
2027 2646 2163 2699 idola

590 2722 866 2778 tolerent:
898 2743 1038 2781 nunc
1071 2740 1247 2784 autem
1267 2733 1390 2801 quia
1424 2735 1474 2786 in
1505 2733 1698 2788 Filium
1730 2736 1817 2790 Dei
1842 2745 2166 2805 peccarunt,

590 2816 841 2870 omnibus
872 2819 946 2871 illi
974 2823 1165 2886 privati
1198 2835 1340 2878 sunt.

2272 536 2406 591 Θεοῦ
2433 536 2500 588 τὰ
2529 530 3009 602 διεσκορπισμένα,
3038 526 3248 580 ἐκείνου
3307 526 3488 596 ἔργον,
3528 525 3589 577 τὸ
3617 524 3685 577 τά
3724 541 3853 578 συν-

2269 629 2483 701 ηγμένα
2519 625 2856 695 σκορπίζειν.
2887 621 3011 684 Πῶς
3034 615 3126 672 οὖν
3143 618 3370 671 τοιαῦτα
3419 618 3548 687 περὶ
3592 615 3727 685 ἐμοῦ
3768 617 3856 669 λο-

2267 721 2510 789 γίζεσθε,
2539 722 2620 774 ὅτι
2653 717 2939 772 κοινωνίαν
2963 715 3071 786 ἔχω
3094 713 3232 786 πρὸς
3263 713 3355 766 τὸν
3387 713 3665 778 Σατανᾶνς
3712 710 3853 766 Ἀλλ’

2266 816 2435 878 ὅντως
2483 816 2511 868 ὁ
2559 813 2802 875 τοιοῦτος
2851 809 3116 879 λογισμὸς
3163 808 3292 878 ὑμῖν
3345 807 3544 877 συνέϐη
3592 807 3701 860 ἀπὸ
3756 805 3851 860 τοῦ

2271 907 2473 978 μᾶλλον
2525 907 2669 976 ὑμᾶς
2722 905 3004 974 δαιμονᾷν.
3059 901 3168 956 Καὶ
3207 902 3314 970 γὰρ
3363 901 3539 969 εἴχετε
3603 900 3702 969 μὲν
3757 899 3854 954 καὶ

2269 998 2460 1068 πρώην
2500 997 2559 1050 τὸ
2594 995 2900 1068 ἀκάθαρτον
2945 993 3163 1062 πνεῦμα
3195 989 3440 1044 ἐνοικοῦν
3475 993 3534 1042 ὲν
3563 990 3714 1060 ὑμῖν,
3763 993 3855 1044 ὅτε

2268 1090 2730 1158 είδωλολατρεῐτε,
2780 1086 2876 1139 καὶ
2906 1087 3033 1148 τοὺς
3066 1084 3349 1157 προφήτας
3378 1081 3686 1151 ὲφονεύετεο
3735 1078 3856 1135 εἶτα

2268 1182 2444 1246 ἔδοξεν
2471 1180 2707 1247 ἐξελθεῖν
2738 1179 2982 1250 ἑξὺμῶν,
3007 1173 3127 1231 εἷτα
3148 1173 3243 1230 νῦν
3274 1173 3624 1244 ὑποστρέψαι)
3656 1175 3738 1238 είς
3762 1174 3857 1227 τὸν

2267 1272 2460 1327 ἑαυτοῦ
2505 1269 2674 1334 οἷκον,
2710 1271 2960 1325 τουτέστι
3001 1270 3098 1334 τὰς
3127 1267 3399 1340 ὑμετέρας
3446 1266 3648 1337 ψυχὰς,
3710 1267 3856 1337 μετὰ

2269 1363 2596 1435 πνευμάτων
2628 1363 2790 1430 ἑπτά,
2825 1363 2991 1434 ἤγουν
3024 1361 3256 1415 πολλῶν·
3302 1361 3363 1412 τὸ
3389 1359 3498 1430 γὰρ
3528 1357 3690 1424 ἑπτὰ,
3734 1359 3857 1410 ἀντὶ

2266 1455 2382 1521 τοῦ,
2411 1454 2600 1520 πολλὰ,
2633 1458 2835 1508 νοεῖται
2875 1453 3026 1524 παρὰ
3060 1456 3123 1522 τῇ
3168 1454 3380 1524 Γραφῇ·
3427 1451 3687 1520 ἐποίησεν
3722 1450 3856 1518 ὑμῖν

2266 1548 2335 1599 τὰ
2361 1547 2563 1617 ἔσχατα
2598 1547 2820 1618 χείρονα
2841 1547 2949 1600 τῶν
2981 1545 3233 1617 πρώτων.
3264 1546 3412 1615 Ὅσῳ
3435 1544 3558 1597 τότε
3590 1544 3691 1614 μὲν
3724 1545 3857 1597 ὅταν

2270 1638 2511 1701 εἰδώλοις
2551 1638 2897 1707 ελατρεύετε,
2943 1636 3068 1700 τοὺς
3113 1638 3397 1708 προφήτας
3437 1634 3855 1698 ἁπεκτιννύετε,

2270 1732 2368 1786 καὶ
2401 1731 2554 1784 οῦπω
2582 1732 2736 1784 οὐδὲν
2769 1732 2848 1794 είς
2880 1730 2968 1783 τὸν
2995 1729 3092 1783 τοῦ
3133 1728 3268 1782 Θεοῦ
3311 1730 3438 1782 Υίὸν
3469 1729 3753 1800 προδήλως
3785 1727 3857 1782 δι’

2265 1824 2410 1891 ὑμᾶς
2441 1823 2496 1876 ὲν
2522 1823 2688 1893 σαρκὶ
2717 1823 2956 1891 φανέντα
2995 1820 3271 1891 ὑϐρίζετε.
3307 1820 3421 1874 Νῦν
3457 1821 3513 1873 δὲ
3539 1821 3669 1874 ποία
3700 1821 3856 1883 ἐλπὶς

2273 1915 2573 1986 σωτηρίας,
2623 1916 2711 1967 ὅτε
2755 1917 2849 1968 καὶ
2903 1913 3278 1983 σαρκωθέντος
3319 1911 3410 1965 τοῦ
3461 1911 3616 1976 Υίοῦ,
3653 1913 3748 1964 καὶ
3786 1912 3856 1964 δι’

2265 2006 2410 2077 ὑμᾶς
2435 2005 3002 2074 θαυματουργοῦντος,
3028 2006 3118 2057 ἐπὶ
3142 2005 3240 2072 τῆς
3264 2006 3433 2075 αὐτῆς
3455 2005 3854 2073 ἀγνωμοσύνης

2264 2099 2363 2151 καὶ
2405 2097 2614 2167 θόρεως
2661 2098 2962 2166 ἑστήκατες
3015 2097 3266 2167 Ἀνυδροι
3315 2096 3372 2149 δὲ
3420 2097 3599 2160 τόποι,
3641 2097 3695 2148 αἱ
3748 2095 3858 2148 τῶν

2270 2188 2434 2260 μηδὲν
2493 2190 2686 2259 ὑδαρὲς
2741 2189 2972 2258 ἐχόντων
3011 2189 3181 2260 ψυχαὶ
3253 2190 3384 2259 μηδὲ
3429 2188 3676 2253 ἔκλυτον,
3721 2188 3857 2242 ἀλλά

2266 2283 2363 2333 καὶ
2408 2281 2590 2352 ξηραὶ,
2646 2281 2742 2334 xci.
2793 2282 3294 2351 μεμεριμνημέναι,
3353 2283 3407 2333 ἐν
3454 2276 3541 2345 αἷς
3596 2281 3861 2352 οὐδεμίαν

2266 2373 2512 2442 εὑρίσκει
2571 2373 2630 2425 τὸ
2689 2372 2908 2442 πνεῦμα
2960 2373 3057 2440 τῆς
3126 2371 3467 2442 ἀκαθαρσίας
3524 2373 3854 2429 ἀνάπαυσιν.

2281 2465 2437 2518 Ἐπεὶ
2483 2465 2661 2517 τοίνυν
2716 2465 2772 2515 ἐν
2828 2467 2948 2528 ταῖς
2999 2464 3276 2528 τοιαύταις
3325 2464 3529 2534 ψυχαῖς
3592 2464 3858 2530 οὐδεμίαν

2271 2557 2597 2626 ἐνοικήσεως
2625 2554 2808 2626 χώραν
2827 2556 2935 2624 ἔχει
2955 2558 2985 2608 ὁ
3009 2557 3263 2627 πονηρὸς,
3291 2556 3382 2608 ἐπὶ
3403 2556 3532 2618 τοὺς
3569 2555 3858 2618 Ἰουδαίους

2271 2649 2554 2716 τρέπεται,
2590 2651 2682 2702 καὶ
2712 2651 2923 2717 γίνεται
2946 2650 3124 2703 αὐτῶν
3152 2651 3221 2702 τὰ
3252 2650 3454 2718 ἔσχατα
3495 2650 3722 2718 χείρονα
3751 2648 3858 2702 τῶν

2269 2739 2522 2808 πρώτωνθ
2550 2740 2735 2792 οὐκέτι
2765 2741 2869 2810 γὰρ
2901 2741 3029 2810 παρ’
3060 2744 3242 2804 αὐτοῖς
3267 2741 3568 2810 προφῆταιο
3594 2740 3858 2793 ἀπέκτει-

2269 2852 2367 2887 ναν
2400 2835 2507 2904 γὰρ
2534 2837 2624 2887 τὸν
2653 2835 2832 2902 λόγον’
2867 2836 3052 2888 οὐκέτι
3089 2835 3320 2904 χρίσμα’
3352 2833 3441 2885 τὸν
3474 2833 3585 2902 γὰρ
3619 2831 3859 2903 Χριστὸν

588 2906 963 2976 ἐσταύρωσαν.
1002 2910 1185 2966 Ταῦτα
1211 2915 1266 2968 δὲ
1301 2917 1359 2968 ἐν
1397 2916 1579 2980 αὐτοῖς
1615 2917 1838 2987 ὡρῶντο
1906 2919 2117 2992 πρώην,
2155 2925 2203 2977 εί
2245 2927 2337 2978 καὶ
2389 2926 2827 2997 είδωλολάτρουν,
2888 2926 2980 2978 νῦν
3025 2926 3078 2978 δὲ
3127 2927 3250 2978 ἐπεὶ
3318 2926 3395 2988 είς
3443 2924 3534 2975 τὸν
3585 2925 3718 2978 Υἱὸν
3763 2925 3858 2979 τοῦ

588 2997 724 3050 Θεοῦ
755 3000 1022 3069 ἥμαρτον,
1058 3005 1271 3060 πάντων
1307 3008 1649 3077 ἐστέρηνται.

667 3089 1036 3147 Vt:tts.27-52.
1068 3115 1084 3144 ι
1115 3096 1336 3151 Factum
1363 3111 1443 3153 est
1463 3113 1664 3165 autem,
1686 3119 1806 3157 cum
1828 3107 1940 3160 ltazc
1961 3107 2164 3162 diceret
2194 3113 2239 3174 (ξ

591 3181 853 3236 extollens
879 3198 1060 3239 vocem
1085 3191 1327 3255 qumdam
1359 3194 1549 3246 tnulier
1570 3194 1635 3247 de
1666 3198 1841 3262 turba,
1867 3198 2003 3251 dixit
2047 3200 2121 3253 illi
2155 3218 2167 3254 :

593 3271 786 3327 Beatus
813 3284 997 3330 venter
1032 3279 1120 3344 qui
1151 3287 1198 3334 te
1232 3284 1485 3350 portavit,
1529 3294 1582 3337 et
1613 3285 1774 3340 ubera
1805 3304 1924 3356 qua:
1951 3291 2166 3346 suxisti.

596 3371 665 3418 At
692 3364 781 3419 ille
812 3367 984 3421 dixit:
1013 3369 1286 3437 Quiuitno,
1318 3375 1461 3428 beati
1495 3375 1578 3443 qui
1612 3378 1837 3432 audiunt
1864 3394 2168 3437 sermonem

599 3459 712 3524 Dei,
747 3471 796 3516 ct
841 3467 1149 3520 custodiunt
1185 3467 1352 3521 illum.
1385 3469 1582 3524 Turbis
1619 3483 1795 3526 autem
1835 3475 2171 3531 condensati-

598 3551 739 3605 tibus
765 3567 822 3605 se
846 3556 1005 3620 cmpit
1037 3556 1220 3611 dicere
1250 3575 1261 3611 :
1299 3557 1455 3613 Natio
1485 3561 1596 3616 hinc
1633 3563 1770 3616 mala
1798 3576 1882 3619 est
1909 3584 1921 3620 :
1957 3567 2169 3634 signum

594 3645 811 3710 «μίξει-11,
841 3655 895 3699 et
922 3647 1135 3715 signum
1171 3666 1271 3703 non
1299 3651 1517 3705 dabitur
1540 3656 1610 3720 ei,
1642 3655 1742 3708 nisi
1783 3657 1991 3724 signum
2024 3656 2173 3713 Joua:

595 3736 894 3804 prophetat.
938 3736 1070 3792 Nam
1104 3741 1241 3816 sicut
1285 3741 1454 3798 Jonas
1492 3747 1703 3815 signum
1757 3747 1852 3800 fuit
1899 3747 2169 3815 Ninivitis,

598 3825 671 3878 ita
727 3828 886 3881 etiam
922 3827 1091 3883 Filius
1139 3832 1372 3887 ltumiuis
1411 3835 1516 3888 erit
1568 3837 1770 3890 nationi
1815 3839 1923 3892 isti.
1969 3840 2172 3910 Regina

598 3919 768 3972 austri
797 3931 979 3987 surget
1025 3921 1076 3974 in
1105 3921 1306 3990 judicio
1337 3939 1458 3978 cum
1485 3927 1615 3979 viris
1644 3929 1876 3983 nationis
1909 3931 2088 4000 hujus,
2121 3942 2174 3986 et

600 4012 980 4066 condemnabit
1003 4012 1121 4067 illos
1150 4031 1162 4066 :
1199 4015 1320 4083 quia
1358 4017 1505 4068 venit
1531 4031 1558 4068 a
1585 4017 1781 4072 littibus
1815 4029 1970 4074 terra:
1996 4033 2052 4074 ιιι
2080 4039 2175 4075 att-

600 4100 740 4154 diret
775 4103 1095 4169 sapientiam
1126 4105 1453 4172 Solomonis,
1485 4118 1539 4163 et
1566 4125 1690 4164 ecce
1719 4111 1836 4179 plus
1874 4129 2033 4181 quam
2075 4115 2174 4170 Sa-

596 4190 774 4245 lomon
815 4192 915 4245 hoc
950 4193 1000 4246 itt
1031 4193 1170 4249 loco.
1206 4195 1314 4249 Viri
1343 4195 1592 4251 Ninivita:
1632 4211 1852 4270 surgent
1894 4204 1945 4256 in
1974 4205 2173 4270 judicio

597 4298 718 4336 cum
753 4285 970 4339 natione
1000 4286 1122 4350 hac,
1156 4297 1209 4341 et
1257 4291 1695 4346 condemnabunt
1736 4295 1905 4361 illatn,
1955 4299 2079 4363 quia
2108 4299 2174 4352 ad

593 4376 964 4442 paenitentiam
1009 4379 1225 4434 adducti
1278 4392 1405 4434 sunt
1451 4384 1836 4451 praedicatione
1881 4387 2031 4444 Jonte
2073 4409 2086 4446 :
2121 4401 2176 4444 et

595 4479 723 4518 ecce
773 4466 892 4534 plus
923 4483 1083 4537 quam
1128 4469 1259 4524 Jona
1297 4472 1399 4526 hoc
1440 4475 1492 4527 in
1545 4476 1685 4530 loco.
1727 4496 1744 4529 ι
1790 4477 2078 4536 Phariszeis
2116 4493 2170 4537 et

601 4554 807 4611 Scribis
831 4559 1088 4613 miracula
1113 4564 1446 4630 laxantibus,
1474 4567 1665 4620 mulier
1687 4568 1914 4639 simplex
1936 4574 2168 4644 doloque

597 4667 789 4706 carens
828 4653 915 4707 illa
956 4655 1216 4710 celebrat.
1281 4657 1380 4712 Ubi
1435 4669 1614 4714 autem
1665 4673 1792 4717 sunt
1843 4666 1933 4732 qui
1983 4667 2170 4721 dicunt

597 4744 882 4799 Dominum
910 4757 1230 4816 apparenter
1255 4759 1459 4805 tantum
1486 4756 1835 4822 apparuisse?
1863 4755 1986 4813 Haec
2010 4760 2170 4827 igitur

599 4840 752 4894 testis
775 4840 846 4894 sit
877 4840 1016 4908 quod
1045 4848 1097 4892 et
1125 4841 1290 4895 ubera
1319 4845 1546 4898 suxerit.
1572 4845 1688 4914 Ipse
1715 4863 1844 4902 vero
1875 4849 2062 4904 beatos
2086 4851 2171 4904 di-

601 4932 674 4984 cit
713 4931 837 4986 illos
883 4932 973 5000 qui
1003 4933 1317 4987 custodiunt
1353 4949 1656 4992 sermonem
1705 4937 1822 5004 Dei,
1867 4954 1971 4993 non
2005 4941 2170 4995 desti-

603 5033 758 5078 tttens
784 5024 1122 5083 beatitudine
1149 5029 1374 5084 Matrem
1401 5045 1575 5095 suam,
1601 5031 1741 5086 absit
1773 5051 1785 5085 :
1817 5033 1912 5087 sed
1936 5038 2174 5090 ostendit

601 5117 741 5181 quod
779 5118 940 5170 ctiam
975 5119 1051 5172 illi
1096 5122 1241 5175 nulla
1275 5122 1481 5176 utilitas
1512 5122 1688 5176 futura
1736 5125 1804 5178 sit
1836 5140 1900 5179 ex
1929 5142 1992 5180 eo
2028 5128 2171 5196 quod

603 5207 806 5271 peperit
831 5220 882 5262 et
913 5210 1190 5265 lactaverit
1214 5212 1412 5281 ipsum,
1442 5214 1542 5269 nisi
1567 5215 1795 5271 virtutes
1821 5217 1954 5272 alias
1980 5233 2171 5276 omnes

605 5296 818 5351 habeat.
854 5299 1078 5369 Insuper
1109 5311 1162 5357 et
1197 5305 1310 5358 haec
1335 5308 1648 5373 tempestive
1679 5309 1828 5362 dicit.
1862 5309 1996 5375 Quia
2028 5312 2170 5366 enim

605 5388 769 5443 invidi
805 5401 854 5444 et
901 5393 1270 5449 inobctlientes
1320 5399 1617 5466 arguebant
1660 5402 1795 5455 alios
1820 5401 1931 5471 [qui
1963 5419 2172 5459 sermo-

609 5494 705 5533 nes
773 5480 888 5547 ejus
943 5487 1248 5548 audiebant.
1289 5489 1406 5542 ideo
1455 5490 1701 5546 Christus
1750 5504 1937 5548 contra
1986 5495 2175 5550 beatos

610 5588 704 5628 eos
742 5574 875 5628 dicit
930 5576 1021 5644 qui
1085 5578 1325 5632 audiunt.
1380 5579 1648 5637 Fortassis
1707 5594 1886 5640 autem
1947 5596 2001 5640 et
2046 5602 2174 5656 pro-

612 5675 733 5736 pter
787 5677 1034 5722 sanatum
1083 5671 1301 5725 surdum
1353 5673 1465 5729 haec
1498 5676 1629 5732 dicit
1664 5694 1679 5732 :
1714 5686 1772 5732 ut
1814 5686 1865 5732 et
1899 5678 2013 5749 ipse
2051 5696 2174 5736 cum

613 5758 867 5824 audierit,
929 5758 1093 5814 faciat
1162 5776 1486 5831 sermonem,
1553 5775 1604 5822 et
1675 5784 1780 5824 non
1849 5768 1944 5822 liat
2009 5770 2058 5825 ei
2125 5770 2176 5824 in

2354 3105 2601 3173 Ἐγένετο
2632 3104 2688 3156 δὲ
2729 3105 2785 3155 ἐν
2829 3103 2906 3172 τῷ
2955 3103 3132 3170 λέγειν
3163 3103 3324 3155 αὑτὸν
3365 3102 3557 3172 ταῦτα,
3600 3104 3862 3175 ἐπάρασά

2275 3216 2356 3259 τις
2386 3197 2522 3266 γυνὴ
2551 3195 2731 3266 φωνὴν
2758 3199 2820 3248 ἐκ
2850 3195 2939 3246 τοῦ
2977 3195 3155 3264 ὄχλου,
3182 3189 3334 3247 εἶπεν
3355 3194 3503 3262 αὐτῷ
3532 3211 3545 3224 ·
3591 3197 3862 3266 Μακαρία

2276 3292 2309 3357 ἠ
2339 3291 2515 3342 κοιλία
2549 3292 2580 3359 ή
2610 3288 2925 3357 βαστάσασά
2955 3305 3034 3350 σε,
3066 3290 3159 3341 καὶ
3193 3289 3411 3356 μαστοὶ,
3438 3289 3532 3351 οὓς
3562 3290 3858 3359 ἐθήλασας.

2271 3383 2443 3442 Αὐτὸς
2489 3381 2544 3432 δὲ
2604 3377 2755 3432 sine:
2798 3379 3098 3446 Μενοῦνγε,
3151 3381 3410 3449 μακάριοι
3461 3381 3511 3433 οἱ
3562 3383 3860 3447 ἀκούοντες

2272 3472 2361 3525 τὸν
2414 3471 2569 3538 λόγον
2610 3471 2700 3522 τοῦ
2738 3469 2903 3530 Θεοῦ,
2943 3471 3037 3521 καί¹
3084 3470 3453 3538 φυλάσσοντες
3496 3471 3684 3527 αὐτόν.
3735 3473 3861 3527 Τῶν

2272 3565 2326 3616 δὲ
2357 3565 2524 3632 ὄχλων
2559 3561 3055 3632 ἐπαθροιζομένων,
3093 3563 3295 3631 ἤρξατο
3335 3563 3544 3631 λέγειν’
3589 3564 3653 3618 ’Π
3699 3568 3861 3633 γενεὰ

2275 3653 2412 3720 αῦτη
2437 3651 2648 3719 πονηρά
2679 3652 2822 3714 ἐστι,
2851 3654 3076 3720 σημεῖον
3103 3652 3372 3720 ἐπιζητεῖ,
3401 3656 3494 3706 καὶ
3534 3659 3764 3725 σημεῖον
3797 3660 3859 3712 οὑ

2277 3741 2560 3810 δοθήσεται
2593 3741 2754 3810 αὐτῇ,
2793 3740 2840 3790 εί
2876 3741 2950 3809 μὴ
2975 3741 3034 3791 τὸ
3070 3743 3296 3810 σημεῖον
3331 3741 3484 3795 Ἰωνᾶ.
3515 3744 3611 3796 τοῦ
3640 3748 3862 3817 προφή-

2275 3851 2388 3888 του.
2449 3830 2642 3896 Καθὼς
2673 3832 2782 3901 γάρ
2833 3831 3049 3899 ἐγένετο
3096 3833 3276 3895 Ἰωνᾶς
3311 3837 3541 3904 σημεῖον
3588 3837 3705 3900 τοῖς
3757 3838 3861 3891 Νι-

2275 3926 2536 3988 νευίταις,
2567 3925 2738 3988 οὕτως
2775 3924 2928 3977 ἔσται
2967 3925 3110 3979 καὶό
3140 3926 3266 3988 Υἱὸς
3319 3927 3413 3980 τοῦ
3461 3927 3750 3998 ἀνθρώπου
3793 3935 3859 4002 τῇ

2275 4021 2437 4088 γενεᾷ
2472 4019 2662 4088 ταύτῃ.
2707 4018 3006 4072 Βασίλισσα
3060 4019 3214 4071 νότου
3277 4021 3641 4092 ἐγερθήσεται
3701 4025 3758 4076 ἐν
3791 4027 3859 4095 τῇ

2276 4113 2454 4181 κρίσει
2489 4113 2625 4180 μετὰ
2653 4111 2760 4163 τῶν
2790 4111 3000 4179 ἀνδρῶν
3028 4111 3126 4179 τῆς
3157 4114 3348 4179 γενεᾶς
3373 4113 3600 4182 ταύτης,
3632 4116 3727 4168 καὶ
3755 4132 3860 4167 κα-

2276 4208 2517 4273 τακρινεῖ
2549 4205 2763 4265 αὐτοὺς,
2797 4204 2876 4255 ὅτι
2904 4199 3070 4273 ἦλθεν
3102 4204 3164 4254 ὲκ
3192 4204 3300 4256 τῶν
3333 4206 3588 4275 περάτων
3627 4208 3729 4277 τῆς
3759 4211 3863 4278 γῆς

2277 4296 2507 4348 ἀκοῦσαι
2550 4296 2646 4365 τὴν
2702 4297 2893 4363 σοφίαν
2942 4295 3309 4364 Σολομῶντος,
3358 4299 3454 4351 καὶ
3508 4298 3618 4351 ίδοὺ
3679 4300 3863 4354 πλεῖον

2279 4389 2622 4458 Σολομῶντος
2653 4383 2774 4442 ὧδε.
2811 4389 3038 4459 Ἄνδρες
3069 4390 3116 4443 Ν
3126 4392 3351 4442 ινευῖται
3383 4391 3782 4462 ἀναστήσονται
3807 4397 3863 4448 ὲν

2205 4465 2243 4519 θ
2274 4483 2337 4548 τῇ
2363 4481 2539 4548 κρίσει
2571 4481 2706 4548 μετὰ
2729 4481 2825 4548 τῆς
2848 4481 3041 4546 γενεᾶς
3055 4482 3280 4548 ταύτης,
3309 4481 3403 4533 καὶ
3429 4484 3859 4552 κατακρινοῦσιν

2278 4571 2468 4639 αὐτὴν,
2498 4573 2577 4623 ὅτι
2601 4572 2936 4640 μετενόησαν
2959 4573 3037 4633 εἰς
3054 4571 3115 4623 τὸ
3143 4573 3409 4640 κήρυγμα
3437 4572 3612 4636 Ἰωνᾶ,
3637 4577 3728 4627 καὶ
3755 4577 3861 4630 ίδοὺ

2278 4663 2463 4715 πλεῖον
2500 4661 2653 4715 Ἰωνᾶ
2674 4657 2796 4714 ὧδε.
2834 4682 2852 4714 ι
2881 4663 2999 4716 Τῶν
3023 4663 3332 4733 Φαρισαίων
3357 4666 3453 4717 καὶ
3481 4664 3863 4734 Γραμματέων

2277 4755 2670 4808 διαϐαλλόντων
2702 4756 2769 4807 τὰ
2813 4755 3088 4826 θαύματα,
3124 4758 3157 4826 ἡ
3196 4756 3333 4826 γυνὴ
3363 4757 3424 4809 τὸ
3452 4755 3639 4810 ἄδολον
3674 4763 3863 4829 χρῆμα

2279 4849 2371 4900 καὶ
2412 4847 2614 4900 ἁπλοῦν
2654 4847 2910 4917 εὐφημεῖ.
2947 4847 3057 4900 Ποῦ
3084 4847 3140 4900 δέ
3175 4849 3314 4900 εἰσιν
3360 4850 3409 4900 οἱ
3448 4848 3703 4916 λέγοντες
3731 4870 3864 4918 φαν-

2278 4939 2439 5009 τασία
2474 4940 2706 5009 φανῆναι
2750 4941 2840 4992 τὸν
2870 4939 3104 5008 Κύριον;
3166 4940 3298 4993 Ἰδοὺ
3341 4941 3449 5011 γὰρ
3485 4942 3578 4994 καὶ
3617 4947 3862 5011 μαστοὺς

2280 5032 2507 5102 θηλάσαι
2531 5036 2910 5103 μαρτυρεῖται.
2929 5033 3100 5096 Αὐτὸς
3120 5034 3177 5086 δὲ
3196 5034 3490 5103 μακαρίζει
3518 5036 3644 5089 τοὺς
3670 5038 3864 5106 φυλάσο

2283 5142 2470 5187 σοντας
2496 5126 2587 5178 τὸν
2616 5124 2771 5193 λόγον
2806 5125 2897 5178 τοῦ
2938 5118 3095 5192 Θεόῦ,
3123 5128 3223 5179 οὐκ
3255 5127 3533 5181 ἐκϐάλλων
3559 5131 3656 5182 τοῦ
3690 5149 3863 5200 μακα-

2284 5217 2480 5286 ρισμοῦ
2520 5219 2618 5288 τὴν
2656 5220 2887 5287 Μητέρα
2923 5219 3112 5286 αὑτοῦ,
3158 5220 3359 5290 ἄπαγε,
3403 5223 3544 5275 ἀλλὰ
3576 5224 3858 5287 δεικνύων,

2280 5308 2360 5361 ὃτι
2405 5309 2557 5362 οὐδὲν
2587 5311 2707 5363 οὐδὲ
2754 5310 2935 5380 ἐκείνη
2965 5311 3381 5382 ὠφεληθήσεται
3411 5314 3520 5367 ἀπὸ
3552 5315 3646 5369 τοῦ
3687 5319 3860 5370 τεκεῖν

2283 5403 2445 5455 αὑτὸν
2496 5405 2588 5457 καὶ
2649 5405 2905 5475 θηλὰσαι,
2956 5407 3004 5457 εἰ
3059 5408 3132 5475 μὴ
3175 5409 3269 5460 καὶ
3298 5408 3396 5478 τὴν
3442 5408 3614 5478 ἄλλην
3645 5409 3860 5462 ἃπασαν

2286 5495 2485 5564 ἀρετὴν
2533 5495 2668 5564 ἔχοι.
2702 5497 2852 5566 ’Ἅμα
2901 5497 2957 5550 δὲ
2991 5499 3082 5550 καὶ
3142 5498 3278 5567 πρὸς
3325 5500 3414 5552 τὸν
3452 5502 3649 5570 καιρὸν
3694 5500 3860 5555 ταῦτά

2288 5603 2472 5654 φησιν.
2511 5585 2662 5638 Ἐπεὶ
2689 5587 2796 5657 γὰρ
2822 5592 2868 5640 οι
2897 5587 3157 5656 βάσκανοι
3182 5589 3273 5642 καὶ
3303 5591 3526 5661 ἀνήκοοι
3555 5591 3664 5643 τῶν
3695 5592 3856 5657 λόγων

2288 5679 2453 5731 αὑτοῦ
2493 5679 2770 5733 διέϐαλλον
2809 5681 2934 5744 τοὺς
2976 5682 3296 5748 ἀκούοντας,
3327 5684 3489 5746 αὐτὸς
3526 5685 3586 5736 τὸ
3622 5686 3856 5737 ἐναντίον

2293 5771 2477 5838 ποιῶν,
2517 5772 2714 5843 μᾶλλον
2757 5775 3048 5846 μακαρίζει
3105 5779 3226 5842 τοὺς
3272 5778 3591 5842 ἀκούοντας.
3625 5780 3774 5850 Τάχα
3803 5778 3852 5830 δὲ
