4030 6424
231 376 348 440 865

980 366 1437 431 ENARRATIO
1478 366 1563 429 ΙΝ
1604 364 2118 428 EVANGELIUM
2158 361 2397 425 LUC/E.
2437 389 2506 401 --
2540 366 2703 427 CAP.
2747 367 2856 427 X1.

3445 375 3553 438 866

235 490 336 549 καὶ
365 488 454 542 διὰ
483 489 575 541 τὸν
602 486 820 543 ίαθέντα
854 484 1036 553 κωφὸν
1063 482 1241 539 ταῦτά
1272 500 1461 556 φησιν,
1508 483 1594 535 ἵνα
1622 481 1719 535 καὶ
1743 482 1825 533 αὑ·

1950 479 2468 534 condcmnationem
2540 472 2759 550 recepta
2828 480 3087 537 audiendi
3143 484 3312 556 359
3360 486 3551 546 virtus.

233 588 329 653 τὸς
362 585 609 648 ἀκούσας
641 580 852 653 φυλάξῃ
885 580 977 634 τὸν
1005 580 1187 649 λόγον,
1222 580 1315 633 καὶ
1345 578 1421 648 μὴ
1448 578 1667 647 γίνηται
1695 574 1844 644 αὑτῷ

233 682 270 753 ἡ
309 681 447 751 πρὸς
478 678 539 730 τὸ
586 676 808 731 ἀκούειν
838 673 1070 742 δύναμις
1118 675 1199 736 είς
1243 671 1593 742 κατάκρισιν.
1634 670 1756 724 Τῶν
1787 670 1843 722 δὲ

233 774 413 847 ὕχλων
452 770 954 842 ἐπαθροιζομένων,
995 767 1203 839 ἧρξατο
1254 769 1282 819 6
1344 768 1552 837 Κύριος
1594 765 1842 837 ἐλέγχειν

231 867 730 937 τοὺςηάγνώμονας.
764 864 986 934 Ἐπειδὴ
1016 862 1125 933 γὰρ
1146 858 1289 933 ἦσάν
1315 876 1463 924 τινες
1493 860 1626 930 παρ’
1655 859 1843 922 αὐτοῖς

232 964 286 1016 οἱ
322 958 614 1031 ζητοῦντες
648 961 874 1029 σημεῖον
906 956 966 1023 ἐξ
995 956 1231 1026 οὐρανοῦ
1263 954 1522 1025 γενέσθαι
1563 954 1715 1023 παρὰ
1744 951 1840 1007 τοῦ

247 1052 451 1119 Ἰησοῦ*
486 1052 671 1121 ελεγον
699 1052 831 1120 γὰρ,
867 1050 948 1103 ὅτι
986 1049 1129 1103 Ὅσα
1164 1050 1314 1100 ποιεῖ
1344 1048 1574 1116 σημεῖα,
1604 1046 1713 1099 ἀπο
1737 1046 1842 1115 γῆς

230 1148 364 1211 είσι,
403 1146 498 1200 καὶ
542 1147 599 1199 ὲν
629 1143 961 1207 Βεελζεϐοὺλ
1000 1143 1177 1195 ταῦτα
1220 1142 1365 1194 ποιεῖ
1412 1140 1492 1210 τῷ
1526 1138 1842 1211 κοσμοκρά-

227 1255 375 1309 τορι,
406 1238 484 1301 ὼς
526 1236 704 1306 ἔχοντι
752 1235 849 1304 τῆς
890 1237 995 1302 γῆς
1030 1232 1303 1297 ἐξουσίαν,
1335 1232 1394 1298 ἐξ
1428 1231 1659 1300 οὐρανοῦ
1695 1230 1751 1282 δὲ
1776 1230 1838 1283 οὐ

226 1332 460 1387 δύναται
489 1334 732 1398 ποιῆσαι,
774 1325 864 1382 οἶα
914 1329 989 1399 μὴ
1031 1326 1126 1381 τοῦ
1157 1326 1415 1396 οὐρανίου
1447 1323 1662 1395 Πατρὸς
1711 1324 1839 1390 Υἱὸς

225 1427 329 1481 ὢν.
368 1428 524 1480 Ἐπεὶ
570 1424 661 1477 οὖν
697 1419 838 1493 ἦσάν
862 1440 1006 1485 τινες
1044 1424 1092 1474 oi
1124 1420 1299 1474 ταῦτα
1334 1420 1607 1488 λέγοντες,
1644 1418 1837 1472 τούτου

225 1518 419 1571 ῑνεκεν
457 1517 670 1585 ἐλέγχει
698 1515 900 1577 αὐτοὺς
934 1514 961 1565 ὁ
998 1512 1226 1583 Κύριος,
1276 1512 1372 1564 καί
1408 1528 1595 1580 φησιν,
1626 1512 1709 1563 ὅτι
1739 1512 1838 1563 Δο-

226 1612 460 1681 θήσεται
500 1610 631 1679 ὑμῖν
656 1610 904 1679 σημεῖον,
932 1609 1070 1676 ὅπερ
1100 1605 1266 1671 δείξει
1317 1622 1384 1675 με
1418 1604 1673 1675 ἀληθινὸν
1708 1604 1838 1657 Υἱὸν

225 1704 326 1758 τοῦ
376 1702 630 1773 οὐρανίου
685 1702 921 1772 Πατρός.
974 1703 1133 1755 Ποῖον
1179 1700 1369 1765 τοῦτο;
1406 1700 1479 1752 Τὸ
1513 1698 1605 1751 τοῦ
1660 1696 1833 1763 Ἰωνᾶ,

224 1799 399 1868 ἤγουν
424 1796 485 1848 τὸ
520 1798 618 1865 τῆς
658 1795 1030 1855 ἀναστάσεως.
1062 1792 1273 1863 Ὥσπερ
1301 1792 1410 1861 γάρ
1447 1791 1656 1854 ἐκεῖνος
1688 1792 1835 1860 τρεῖς

1949 570 2427 641 Congregantibus
2462 582 2640 627 autem
2695 588 2756 629 se
2793 576 2988 642 turbis,
3031 580 3195 647 cmpit
3256 578 3418 637 Jesns
3466 598 3551 636 re-

1946 666 2289 735 prehendere
2336 666 2597 737 ingratos.
2647 667 2785 721 Nam
2816 670 3077 739 quoniam
3132 682 3288 729 erant
3332 676 3553 744 quidam

1947 757 2090 828 apud
2144 774 2241 815 eos
2301 760 2396 830 qui
2455 763 2778 831 quaerebant
2836 763 3052 835 signum
3118 768 3184 822 de
3233 767 3375 824 cmlo
3429 768 3549 824 lieri

1947 868 1978 907 a
2017 850 2174 918 Jesu,
2220 854 2479 908 dicebam.
2542 858 2691 917 enim
2728 871 2741 908 :
2781 857 2947 926 Sig-na
2984 873 3106 928 qum
3153 858 3280 915 fecit
3313 862 3377 917 de
3409 872 3556 917 terra

1944 952 2095 1011 sunt,
2156 954 2211 1000 et
2272 945 2403 1000 facit
2454 963 2514 1001 ea
2581 949 2635 1001 in
2694 947 2983 1003 Beclzebul
3044 953 3229 1007 mundi
3287 955 3555 1025 principe,

1945 1037 2040 1105 qui
2091 1047 2422 1105 potestatem
2460 1038 2621 1092 habet
2671 1050 2831 1093 terra:
2875 1056 2888 1092 :
2930 1043 2998 1095 de
3041 1042 3183 1096 coelo
3219 1053 3399 1096 autem
3447 1059 3557 1099 non

1945 1131 2167 1202 poterit,
2195 1145 2259 1184 eo
2286 1131 2430 1201 quod
2458 1146 2562 1184 nou
2588 1132 2662 1186 sit
2686 1130 3066 1188 Filius‘Patris
3097 1134 3378 1191 caelestis:
3406 1138 3553 1206 quia,

1944 1224 2195 1294 inquam,
2234 1223 2460 1278 fuerunt
2510 1223 2731 1294 quidam
2768 1226 2883 1281 lirec
2922 1228 3189 1295 dicentes,
3225 1229 3342 1297 ejus
3375 1235 3551 1299 gratia

1945 1318 2132 1389 arguit
2158 1332 2253 1372 eos
2276 1316 2560 1383 Dominus,
2584 1328 2638 1373 et
2664 1320 2796 1375 dicit
2830 1338 2842 1375 :
2873 1318 3103 1376 Dabitur
3131 1324 3285 1377 vobis
3310 1324 3553 1394 signum,

1949 1412 2095 1481 quod
2144 1413 2400 1469 OSIendet
2449 1428 2534 1468 me
2576 1427 2766 1467 verum
2817 1413 3019 1468 Filium
3069 1416 3312 1471 caelestis
3351 1414 3555 1475 Patris.

1944 1504 2118 1573 Quale
2152 1504 2297 1559 hoc?
2329 1502 2483 1560 Iona:
2518 1506 2761 1575 signum,
2805 1505 2909 1559 hoc
2974 1515 3059 1561 est
3105 1510 3552 1564 resurrectionis.
3630 1558 3631 1561 η

1943 1598 2104 1655 Sicut
2154 1600 2299 1654 enim
2348 1598 2443 1655 ille
2476 1601 2665 1655 tribus
2710 1600 2905 1655 diebus
2950 1600 3053 1655 fuit
3090 1600 3142 1655 in
3192 1612 3385 1658 ventre
3419 1606 3553 1669 ceti,

1942 1693 2019 1748 ita
2070 1700 2128 1749 et
2179 1707 2282 1763 ego
2322 1703 2433 1749 tres
2466 1694 2581 1749 dies
2618 1693 2818 1750 faciam
2863 1695 2917 1749 in
2958 1704 3151 1750 ventre
3201 1695 3381 1767 magni
3421 1698 3553 1764 ceti,

1942 1786 2049 1841 hoc
2100 1797 2185 1843 est
2256 1785 2481 1855 inferni,
2535 1798 2590 1843 et
2637 1802 2945 1859 resurgam.
2997 1788 3070 1844 At
3099 1787 3253 1845 Jonaa
3300 1790 3548 1859 quidem,

223 1888 443 1960 ἡμέρας
492 1888 748 1957 ἐποίησεν
803 1890 861 1939 ἐν
916 1890 981 1957 τῇ
1033 1886 1213 1956 κοιλίᾳ
1258 1885 1354 1937 τοῦ
1406 1886 1626 1956 κήτους,
1686 1883 1825 1936 οὕτω

1937 1890 2231 1951 postquam
2281 1881 2431 1937 velut
2476 1882 2680 1937 revixit
2707 1896 2775 1936 ex
2821 1892 3015 1937 ventre
3051 1884 3185 1949 ceti,
3231 1885 3555 1953 praedicanti

224 1982 387 2051 κάγὼ
415 1986 564 2053 τρεῖς
594 1981 810 2052 ἡμέρας
836 1981 1076 2051 ποιήσας
1098 1981 1156 2031 ὲν
1177 1982 1245 2050 τῇ
1272 1978 1453 2049 κοιλίᾳ
1482 1977 1577 2032 τοῦ
1602 1980 1825 2051 κήτους,

221 2076 322 2129 τοῦ
367 2076 604 2146 μεγάλου
658 2074 848 2145 θηρὸς,
901 2073 994 2126 τοῦ
1038 2073 1191 2145 ᾅδου,
1228 2073 1629 2143 ἀναστήσομαι.
1687 2072 1828 2125 Ἀλλ’

234 2169 397 2223 Ἰωνᾶ
446 2168 543 2237 μὲν
586 2170 726 2239 μετὰ
759 2167 857 2238 τὴν
888 2168 951 2219 ὲκ
994 2166 1090 2220 τοῦ
1128 2169 1329 2238 κήτους
1377 2160 1488 2219 οἷον
1526 2166 1829 2219 ἀναϐίωσιν

222 2260 558 2332 κηρύσσοντι
616 2259 954 2327 ἐπείσθησαν
1008 2260 1057 2311 οἱ
1111 2259 1413 2324 Νινευῖται,
1458 2258 1581 2327 ἐμοὶ
1634 2257 1690 2310 δὲ
1736 2260 1828 2311 καὶ

218 2357 521 2409 ἀναστάντι
551 2355 613 2407 οὐ
644 2353 930 2407 πιστεύσει
960 2354 993 2423 ἡ
1020 2354 1182 2422 γενεά
1212 2352 1383 2423 αὖτη’
1418 2342 1828 2421 ὅθενκατακρι-

219 2447 508 2518 θήσονται,
550 2450 630 2500 ὅτι
667 2447 958 2510 Νινευίτας
988 2448 1089 2500 οὐκ
1124 2448 1495 2517 ἐμιμήσαντο,
1543 2446 1720 2497 καίτοι
1765 2460 1827 2511 γε

220 2543 415 2595 πλεῖον
462 2543 615 2595 Ἰωνᾶ
645 2534 769 2595 ὧδε.
804 2540 877 2593 Τό
907 2558 964 2594 τε
992 2541 1102 2610 γάρ
1132 2537 1355 2610 ἀξίωμα
1384 2540 1443 2591 τὸ
1468 2540 1598 2609 ὲμὺν
1634 2538 1728 2591 καὶ
1768 2537 1828 2589 τὸ

216 2635 319 2688 τοῦ
362 2636 720 2706 κηρύγματος
749 2631 888 2698 εἶδος
934 2635 1137 2705 πολλὴν
1171 2635 1437 2704 διαφορὰν
1469 2633 1824 2686 ἐνδείκνυται.

235 2726 384 2797 Ἐγὼ
414 2728 719 2797 Δεσπότης,
750 2730 958 2790 ἐκεῖνος
982 2726 1187 2790 δοῦλος.
1232 2725 1376 2794 Ἐγὼ
1418 2725 1699 2794 βασιλείαν
1738 2725 1827 2777 οὑ-

218 2822 406 2892 ρανῶν
456 2820 741 2890 κηρύσσω,
797 2821 1003 2882 ἐκεῖνος
1071 2819 1349 2889 σωτηρίαν
1401 2816 1501 2887 τὴν
1562 2818 1671 2869 ἀπὸ
1726 2818 1828 2885 τῆς

217 2913 634 2985 καταστροφῆς.
687 2910 831 2978 Ἐγὼ
875 2910 1013 2982 μετὰ
1056 2910 1375 2981 θαυμάτων,
1427 2912 1637 2973 ἐκεῖνος
1670 2909 1827 2963 οὐδὲν

217 3006 459 3075 ποιήσας
491 3004 700 3075 θαῦμα.
750 3004 986 3074 Ὁμοίως
1024 3005 1120 3057 καὶ
1154 3005 1196 3074 ἡ
1223 3002 1513 3073 βασίλισσα
1545 3004 1640 3056 τοῦ
1669 3004 1824 3059 νότου

217 3100 551 3169 κατακρινεῖ
591 3098 689 3168 τὴν
720 3097 915 3165 γενεὰν
950 3096 1177 3165 ταύτην,
1217 3097 1297 3149 ὅτι
1330 3096 1393 3148 ἐκ
1426 3095 1683 3164 περάτων
1722 3096 1826 3163 γῆς

213 3186 388 3263 ἢλθεν
423 3191 659 3245 ἀκοῦσαι
700 3190 798 3261 τὴν
838 3190 1030 3259 σοφίαν
1063 3190 1431 3259 Σολομῶντος.
1469 3190 1600 3243 Νόει
1640 3190 1697 3241 δέ
1733 3206 1824 3259 μοι

1941 1973 2302 2029 crediderunt
2342 1971 2601 2029 Ninivitae
2640 1992 2652 2029 :
2692 1976 2825 2031 milii
2859 1984 3045 2031 autem
3093 1977 3257 2031 etiam
3305 1992 3429 2031 cum
3470 1993 3544 2032 re

1941 2068 2255 2132 surrexero,
2293 2082 2399 2122 non
2450 2069 2638 2123 credet
2676 2068 2958 2138 generatio
3010 2070 3111 2124 ista
3164 2070 3360 2125 :unde
3421 2086 3556 2125 con-

1940 2160 2374 2225 demnabunlur,
2414 2162 2558 2231 quod
2614 2177 2792 2233 neque
2844 2161 3119 2218 Ninivitas
3164 2163 3281 2217 sint
3337 2164 3553 2231 imitati,

1940 2255 2192 2321 quamvis
2235 2255 2409 2323 major
2476 2270 2621 2311 nunc
2680 2258 2767 2312 liic
2814 2258 2954 2312 adsit
3002 2272 3167 2326 quam
3207 2256 3365 2313 Jona.
3417 2256 3553 2312 Nam

1939 2348 2010 2401 ob
2036 2362 2213 2401 meam
2241 2339 2561 2418 dignitaten.
2613 2359 2667 2404 et
2696 2350 3109 2419 praedicationis
3144 2366 3340 2422 genus,
3382 2352 3550 2420 major

1941 2453 2281 2496 monstratur
2309 2443 2661 2499 excellentia.
2708 2446 2821 2514 Ego
2856 2445 3143 2513 Dominus,
3181 2445 3271 2501 ille
3313 2460 3504 2501 servus
3538 2461 3552 2497 :

1941 2548 2041 2601 ego
2070 2550 2296 2604 regnum
2338 2536 2605 2592 caelorum
2642 2538 2901 2607 praedico,
2930 2538 3023 2593 ille
3051 2539 3282 2593 salutem
3320 2554 3385 2592 ne
3421 2553 3549 2607 per-

1946 2629 2090 2683 irent
2127 2648 2140 2684 :
2192 2640 2293 2700 ego
2335 2646 2459 2685 cum
2508 2631 2811 2697 miraculis,
2854 2631 2945 2686 ille
2982 2636 3190 2702 absque
3242 2631 3551 2687 miraculis.

1940 2725 2207 2781 Similiter
2260 2735 2315 2780 et
2367 2727 2559 2793 regina
2610 2728 2784 2781 austri
2828 2727 3221 2781 condemnabit
3268 2726 3550 2780 nationem

1940 2817 2101 2883 lianc,
2140 2820 2264 2886 quia
2313 2833 2381 2872 ex
2438 2818 2639 2873 ﬁnibus
2692 2831 2853 2873 terrae
2885 2820 3043 2873 venit
3090 2826 3149 2873 ut
3196 2817 3413 2872 audiret
3465 2833 3523 2870 sa

1936 2913 2199 2981 pientiam
2226 2913 2561 2969 Solomonis.
2604 2913 2882 2984 lntclligas
2912 2929 3150 2985 quoque,
3184 2916 3435 2981 obsecro,
3457 2927 3556 2985 per

1940 3007 2184 3075 reginam
2239 3008 2439 3071 austri,
2472 3023 2694 3063 omnem
2733 3008 2972 3061 animam
3008 3023 3129 3075 quae
3177 3007 3229 3061 in
3275 3006 3422 3062 boao
3458 3023 3552 3060 va-

1937 3098 2044 3152 lida
2098 3106 2183 3153 est
2214 3108 2267 3153 et
2290 3110 2631 3169 perseverat.
2666 3100 2733 3153 Et
2757 3108 2814 3153 ut
2847 3101 2953 3154 tale
2973 3101 3105 3169 quid
3134 3100 3338 3162 dicam,
3366 3100 3550 3169 aquilo

1938 3191 1993 3244 in
2032 3188 2319 3260 Scriptura
2362 3190 2662 3245 infamatur
2718 3200 2979 3260 tanquam
3029 3193 3332 3247 adversarii
3376 3193 3547 3263 regio.

218 3284 322 3339 καὶ
352 3285 538 3337 πᾶσαν
566 3284 746 3354 ψυχὴν
777 3286 834 3336 ὲν
873 3284 949 3354 τῷ
1003 3282 1155 3354 καλῷ
1204 3282 1517 3353 κρατοῦσαν
1552 3286 1645 3337 καὶ
1680 3285 1825 3335 ἱστα-

1936 3283 2128 3339 Gelida
2166 3284 2314 3339 enim
2349 3294 2434 3339 est
2487 3295 2541 3338 et
2576 3284 2772 3353 rigida,
2806 3302 2870 3339 ac
2905 3296 3116 3340 mortua
3162 3285 3309 3340 facit.
3349 3287 3549 3359 Auster

222 3376 398 3447 μένην
431 3376 752 3446 βασίλισσαν
782 3376 877 3429 τοῦ
907 3376 1085 3429 νότου.
1118 3373 1241 3429 Οἴόν
1274 3378 1325 3427 τί
1360 3394 1526 3447 φημι,
1567 3378 1594 3429 6
1622 3376 1827 3447 βορρᾶς

217 3470 379 3540 παρὰ
432 3474 499 3542 τῇ
548 3472 740 3541 Γραφῇ
780 3452 1153 3534 διαῦάλλεται,
1196 3470 1270 3532 ὼς
1307 3470 1398 3522 τοῦ
1446 3471 1827 3538 ἀντικειμένου

214 3562 407 3624 τόπος·
432 3562 638 3632 ψυχρὸς
670 3562 777 3631 γὰρ
802 3561 898 3613 καὶ
929 3558 1249 3631 νεκροποιὸς
1281 3562 1376 3611 καὶ
1445 3560 1732 3629 ναρκώδης
1754 3576 1765 3588 ⁶
1804 3561 1831 3612 6

212 3655 275 3708 re
304 3657 453 3717 νότος
486 3657 792 3706 ἐπαινεῖται
820 3653 894 3713 ὡς
929 3651 1149 3719 πνεῦμα
1175 3651 1383 3720 θερμὸν
1414 3651 1510 3703 καὶ
1536 3650 1826 3718 ζωογὸνον,

214 3746 321 3801 καὶ
362 3746 468 3798 τῶν
512 3746 931 3815 νεναρκηκότων
964 3744 1143 3813 μελῶν
1180 3744 1498 3797 θαλπτικόν.
1544 3744 1633 3795 Διὸ
1666 3743 1759 3794 καὶ

215 3841 285 3894 ιν
325 3838 403 3908 τῷ
439 3840 677 3907 ’ᾼσματι
712 3836 901 3907 νύμφη
934 3837 1028 3887 τὸν
1068 3836 1274 3907 βορρᾶν
1314 3836 1625 3902 διώκουσα,
1672 3833 1819 3898 Ἑξερ

212 3930 477 4000 γέρθητι,
506 3931 667 3999 φησὶ,
698 3928 891 4000 βορρᾶ,
931 3927 1025 3981 καὶ
1055 3928 1241 3997 ἔρχου,
1291 3928 1432 3982 νότε.
1464 3930 1573 3980 Καὶ
1602 3928 1765 3980 πάλιν
1796 3930 1823 3979 6

216 4024 513 4096 προφήτης
558 4021 724 4092 φησι·
784 4022 895 4075 Καὶ
946 4021 1038 4074 τὸν
1089 4021 1197 4075 ἀπὸ
1247 4021 1421 4092 βορῤἆ
1467 4020 1825 4095 ἐξολοορεὺσιι

210 4117 447 4188 Κύριος,
498 4115 741 4185 δηλονότι
784 4116 878 4169 τὸν
931 4116 1202 4169 Σατανᾶν.
1251 4116 1317 4167 Ἠ
1358 4115 1537 4168 τοίνυν
1585 4115 1733 4186 ψυχὴ
1785 4118 1819 4186 ἡ

214 4207 593 4279 βασιλεύουσα
640 4207 699 4260 ὲν
739 4204 816 4275 τῷ
846 4206 1003 4274 νότῳ,
1056 4208 1122 4275 τῇ
1159 4206 1339 4275 ἀγαθῇ
1379 4205 1560 4274 μερίδι
1597 4203 1694 4257 καὶ
1739 4204 1818 4274 τῷ

213 4300 581 4370 πνευματικῷ
620 4299 743 4370 βίῳ,
776 4302 875 4353 καὶ
918 4298 1007 4351 διὰ
1040 4298 1137 4366 τῆς
1170 4298 1486 4367 πρακτικῆς
1519 4297 1581 4349 το
1618 4298 1821 4367 κράτος

211 4393 441 4463 ἔχουσα,
478 4394 697 4463 ἔρχεται
756 4394 837 4455 εἰς
888 4390 948 4443 τὸ
986 4390 1219 4443 ἑκοῦσαι
1269 4392 1371 4461 τὴν
1421 4392 1637 4461 σοφίαν,
1684 4390 1821 4460 ὅπερ

1932 3393 2067 3433 vero
2120 3377 2374 3431 laudatur
2420 3385 2478 3430 ut
2527 3386 2725 3431 ventus
2772 3377 2982 3432 calidus
3034 3390 3089 3431 et
3136 3378 3442 3445 viviﬁcans,
3491 3391 3548 3435 et

1931 3466 2147 3536 stupida
2204 3465 2449 3519 membra
2510 3465 2829 3520 confovcns.
2889 3466 3014 3521 Ideo
3063 3476 3118 3521 ct
3176 3467 3229 3521 in
3297 3467 3550 3525 Canticis

1930 3574 2129 3626 sponsa
2170 3559 2479 3627 aquilonem
2535 3558 2729 3627 fugatis
2776 3560 2907 3613 dicit
2944 3577 2956 3613 :
2996 3560 3197 3629 Surge,
3242 3562 3459 3631 aquilo;
3492 3572 3549 3617 et

1930 3654 2075 3716 Veni,
2109 3665 2317 3704 auster.
2360 3651 2423 3703 Et
2462 3651 2657 3705 iterum
2703 3654 2966 3721 propheta
2996 3652 3127 3707 dicit
3163 3672 3176 3707 :
3208 3652 3274 3708 Et
3304 3668 3426 3709 eum
3452 3653 3548 3725 qui

1930 3744 2000 3797 ab
2046 3744 2303 3811 aquilone
2352 3752 2456 3808 est,
2503 3745 2898 3799 exterminabit
2938 3745 3224 3814 Dominus,
3280 3748 3543 3802 Satanam

1934 3836 2166 3890 scilicet.
2198 3834 2369 3903 Igitur
2403 3835 2589 3890 anima
2612 3852 2733 3905 qua:
2764 3846 2957 3905 regnat
2992 3840 3045 3892 in
3071 3849 3284 3903 austro,
3312 3841 3363 3893 in
3403 3840 3545 3895 bona

1934 3938 2090 3999 parte
2120 3929 2426 3998 Spiritualis
2457 3930 2604 3997 vitae,
2641 3941 2697 3984 et
2732 3932 3019 4001 imperium
3064 3933 3227 3988 habet
3269 3933 3324 3987 in
3354 3935 3545 4002 operi-

1932 4024 2055 4088 bus,
2109 4024 2261 4075 venit
2300 4033 2357 4076 ut
2391 4023 2579 4077 audiat
2628 4026 2981 4093 sapientiam,
3020 4026 3122 4080 hoc
3153 4035 3257 4090 est,
3307 4026 3374 4081 ad
3406 4034 3542 4083 con-

1890 4114 2341 4185 'templationem
2389 4116 2655 4170 ascendit.
2706 4118 2988 4188 Sapientia
3039 4119 3183 4172 enim
3234 4119 3545 4175 Solomonis

1933 4209 2148 4276 paciﬁci
2203 4210 2371 4276 regis,
2426 4208 2641 4263 Domini
2698 4221 2753 4265 et
2806 4209 2900 4265 Dei
2942 4213 3118 4267 nostri
3154 4214 3543 4283 centetnplalio

1933 4310 2019 4355 est
2050 4318 2063 4355 :
2096 4302 2161 4355 ad
2204 4317 2370 4371 quam
2406 4319 2511 4356 non
2552 4304 2737 4357 veniet
2768 4306 2893 4373 quis
2922 4306 3107 4374 aliter,
3142 4307 3246 4360 nisi
3278 4322 3542 4377 regnave-

1937 4392 2010 4445 rit
2041 4392 2096 4445 in
2132 4393 2272 4448 bona
2306 4394 2442 4459 vita,
2472 4403 2526 4448 et
2550 4410 2648 4463 per
2692 4397 2929 4451 activam
2958 4398 3332 4469 imperaverit.

209 4489 389 4552 ἔστιν,
420 4490 499 4551 είς
540 4487 777 4557 Θεωρίαν
814 4488 977 4541 ἀναός
1008 4488 1123 4540 ἷνει.
1168 4486 1233 4538 'H
1266 4486 1376 4556 γάρ
1412 4486 1573 4555 σοφία
1604 4485 1699 4537 τοῦ
1751 4485 2105 4555 Σολομῶντος
2170 4488 2265 4541 τοῦ
2308 4489 2592 4560 είρηνικοῦ
2674 4491 2974 4561 βασιλέως,
3041 4494 3136 4547 τοῦ
3186 4496 3400 4567 Κυρίου
3445 4497 3543 4551 καὶ

207 4581 356 4637 Θεοῦ
384 4581 542 4652 ἡμῶν
588 4582 621 4651 ή
660 4581 865 4652 θεωρία
916 4582 1088 4645 ἐστὶν,
1126 4582 1207 4643 εἰς
1255 4582 1320 4651 ἣν
1377 4580 1556 4643 ἄλλως
1600 4582 1701 4633 οὐκ
1752 4579 1817 4633 ἂν
1858 4581 2078 4653 εἰσέλθῃ
2110 4600 2216 4645 τις,
2249 4584 2297 4636 εί
2374 4584 2451 4654 μὴ
2490 4584 2580 4638 διὰ
2611 4584 2705 4638 τοῦ
2771 4584 3095 4655 βασιλεῦσαι
3136 4590 3196 4645 ὲν
3234 4589 3314 4661 τῷ
3344 4589 3540 4660 ἀγαθῷ

211 4678 341 4749 βίῳ,
376 4676 472 4728 καὶ
502 4675 779 4745 κρατῆσαι
813 4674 904 4726 διὰ
933 4674 1033 4743 τῆς
1066 4675 1404 4744 πρακτικῆς.

300 4788 320 4822 ‹
351 4769 541 4833 Οὐδεὶς
585 4768 642 4820 δὲ
684 4767 878 4840 λύχνον
919 4768 1085 4838 ἅψας,
1136 4773 1213 4831 είς
1267 4770 1517 4839 κρυπτὴν
1571 4771 1812 4840 τίθησιν,

1996 4768 2161 4823 Vsus.
2200 4771 2397 4824 55.36.
2441 4790 2457 4821 ι
2520 4770 2691 4826 Nemo
2738 4772 3020 4827 lucernam
3076 4774 3350 4838 accendit,
3387 4786 3441 4830 et
3487 4776 3542 4830 in

206 4863 335 4917 οὐδὲ
391 4862 495 4915 ὑπὸ
534 4860 627 4914 τὸν
670 4861 875 4932 μόδιον,
910 4862 1025 4915 ἀλλ’
1076 4864 1173 4915 ἐπὶ
1200 4864 1298 4933 τήν
1334 4863 1579 4932 λυχνίαν,
1621 4866 1707 4917 ἵνα
1765 4870 1813 4919 οί

208 4957 664 5027 εἰσπορευόμενοι
688 4957 747 5009 τὸ
778 4956 893 5025 φῶς
922 4956 1219 5027 βλέπωσιν.
1257 4958 1313 5009 '0
1348 4958 1541 5029 λύχνος
1575 4959 1667 5011 τοῦ
1708 4962 1815 5011 σώ-

210 5049 388 5121 ματός
420 5050 567 5101 ἐστιν
610 5050 637 5101 6
671 5048 971 5119 ὀφθαλμός.
1013 5050 1182 5102 Ὀταν
1217 5045 1309 5101 οὖν
1336 5052 1362 5101 6
1408 5050 1686 5120 όυθαλμός
1722 5070 1814 5104 σου

207 5141 422 5203 ἁπλοῦς
447 5136 504 5213 ᾖ,
539 5140 632 5193 καὶ
683 5140 803 5193 ὅλον
853 5141 911 5192 τὸ
965 5142 1125 5209 σῶμά
1178 5159 1270 5193 σου
1314 5143 1581 5210 φωτεινόν
1639 5146 1810 5197 ἐστιν.

218 5231 396 5286 Ἐπάν
444 5233 501 5286 δὲ
552 5232 787 5302 πονηρὸς
822 5230 877 5302 ᾗ,
930 5233 1116 5284 καὶτὸ
1162 5234 1324 5304 σῶμά
1367 5252 1462 5285 σου
1528 5236 1813 5289 σκοτεινόν

206 5329 348 5380 ἔστι.
382 5324 588 5378 Σκόπει
624 5324 739 5390 οὖν,
777 5328 851 5395 μὴ
874 5326 933 5377 τὺ
963 5326 1076 5393 φῶς
1100 5326 1158 5378 τὸ
1189 5327 1245 5379 ὲν
1280 5328 1364 5379 σοὶ
1418 5327 1609 5390 σκότος
1639 5330 1808 5383 ἐστίν.

204 5417 273 5471 Ei
297 5413 392 5469 οὖν
426 5418 489 5471 τὸ
517 5417 678 5485 σῶμά
700 5434 795 5469 σου
836 5417 955 5470 ὅλον
980 5418 1267 5485 φωτεινὴν,
1302 5420 1376 5487 μὴ
1405 5419 1525 5487 ἕχον
1551 5438 1603 5471 τι
1643 5422 1812 5491 μέρος

205 5507 515 5572 σκοτεινὸν,
551 5507 703 5560 ἔσται
729 5508 994 5577 φωτεινὸν
1021 5507 1163 5572 ὅλον,
1194 5509 1268 5570 ὡς
1299 5509 1428 5560 ὅταν
1467 5511 1493 5559 6
1518 5508 1709 5579 λύχνος
1741 5514 1806 5579 τῇ

203 5604 469 5672 ἀστραπῇ
504 5602 714 5673 φωτίζῃ
742 5619 822 5655 σε.
862 5622 879 5654 ι
924 5602 1259 5672 Ἐπειδήπερ
1288 5604 1335 5654 οί
1376 5602 1636 5671 βάσκανοι
1672 5604 1805 5655 Ἰου-

202 5696 350 5748 δαῖοι
406 5695 474 5747 τά
524 5692 783 5763 θαύματα
836 5694 1127 5763 βλέποντες
1183 5696 1589 5762 ἐσυκοφάντουν
1634 5695 1813 5749 ταῦτα

203 5788 331 5848 νὸὸς
356 5787 551 5857 κακία,
586 5787 775 5840 τούτου
799 5788 985 5840 ἕνεκεν
1019 5789 1045 5839 ὁ
1082 5787 1285 5857 Κύριος
1309 5787 1484 5839 ταῦτά
1506 5804 1660 5856 φησι·
1691 5787 1813 5841 Ὅτι

203 5879 409 5948 λύχνον
460 5879 720 5942 λαϐόντες
774 5881 823 5933 οἱ
858 5880 1157 5954 ⁵ἀνθρωττοι
1194 5879 1346 5950 παρὰ
1379 5879 1470 5934 τοῦ
1517 5880 1675 5948 Θεοῦ,
1714 5881 1815 5951 τὴν

1929 4862 2250 4915 abscondito
2284 4862 2453 4931 ponit,
2506 4878 2679 4933 neque
2708 4865 2903 4918 subter
2951 4866 3217 4930 modium,
3254 4866 3347 4921 sed
3374 4880 3542 4937 super

1930 4954 2342 5021 candelabrum,
2379 4967 2436 5007 ut
2490 4957 2579 5023 qui
2633 4957 3039 5027 ingrediuntur,
3088 4961 3268 5015 lumen
3299 4961 3538 5015 videant.

1928 5047 2173 5101 Lucerna
2204 5050 2457 5114 corporis
2486 5058 2566 5103 est
2590 5051 2802 5103 oculus.
2830 5051 2965 5103 (lum
3001 5053 3165 5120 igitur
3192 5053 3383 5108 oculus
3411 5063 3535 5108 tuus

1928 5138 2094 5191 fuerit
2125 5138 2385 5206 simplex,
2428 5148 2597 5193 totmn
2627 5156 2846 5209 quoque
2875 5158 3077 5210 corpus
3116 5154 3265 5197 tuum
3298 5144 3537 5199 lucidum

1926 5231 2030 5284 erit
2054 5248 2066 5297 ;
2093 5232 2234 5301 quod
2264 5233 2307 5285 si
2340 5232 2515 5285 malus
2546 5232 2734 5297 fuerit,
2762 5234 2927 5287 etiam
2966 5250 3163 5304 corpus
3202 5248 3352 5292 tuum
3388 5248 3540 5293 tene-

1926 5326 2149 5380 brosum
2206 5328 2335 5381 erit.
2363 5326 2497 5381 Vide
2535 5342 2665 5396 ergo
2702 5344 2777 5383 ne
2833 5330 3018 5384 lumen
3073 5336 3218 5401 quod
3249 5334 3299 5388 in
3348 5344 3399 5387 te
3433 5344 3537 5396 est,

1928 5423 2165 5474 tenebra:
2212 5422 2341 5475 sint.
2395 5420 2451 5475 Si
2486 5437 2619 5492 ergo
2652 5428 2851 5493 Corpus
2886 5435 3038 5479 tuum
3093 5436 3264 5482 totum
3299 5428 3537 5485 lucidum

1924 5513 2111 5579 fuerit,
2168 5529 2273 5568 non
2356 5515 2564 5570 habens
2608 5517 2847 5587 aliquam
2907 5530 3119 5589 partem
3166 5523 3537 5591 tenebrosam,

1922 5606 2001 5659 sic
2024 5606 2129 5659 erit
2153 5606 2394 5661 lucidum
2418 5608 2584 5679 360
2608 5620 2801 5673 tutum,
2836 5620 2896 5664 ut
2922 5628 3043 5666 cum
3076 5613 3298 5669 lucerna
3331 5614 3537 5687 fulgore

1920 5699 2193 5754 illuminat
2234 5711 2304 5756 te.
2348 5722 2365 5753 ι
2416 5702 2685 5769 Quoniam
2723 5706 2889 5761 invidi
2942 5707 3115 5762 Judaei
3152 5708 3413 5763 miracula
3458 5713 3537 5762 vi-

1917 5792 2133 5857 dentes,
2161 5809 2223 5848 ea
2252 5795 2732 5851 calunmiabantur
2760 5800 2828 5851 ob
2860 5801 3059 5854 mentis
3094 5802 3379 5864 malitiam,
3415 5804 3533 5871 ejus

1918 5887 2097 5955 gratia
2132 5889 2397 5946 Dominus
2423 5890 2541 5947 haec
2571 5894 2702 5948 dicit
2744 5912 2755 5949 :
2786 5895 2931 5963 quod
2972 5894 3255 5950 lucernam
3287 5899 3463 5955 adt‘Dil
3502 5912 3527 5949 ε
