4030 6468
262 414 377 479 869
1008 409 1459 502 ENARRATIO
1495 409 1583 474 IN
1622 405 2131 472 EVANGELIUM
2180 407 2396 471 LUC/Ii
2448 432 2519 443 -
2552 406 2716 470 CAP.
2757 406 2865 469 X1.
3478 406 3587 475 870

268 528 517 584 διδάσκει
548 524 769 591 αὐτοὺς,
807 522 927 589 πῶς
973 524 1338 597 καθαρίζεται
1382 523 1445 578 τὸ
1476 522 1606 578 ἔσω.
1647 521 1747 576 Διά
1776 520 1868 591 τῆς

1981 521 2141 577 docet
2167 537 2266 577 eos
2310 520 2582 593 quomodo
2608 520 2955 592 purgandum
2998 519 3071 597 sit
3115 520 3261 591 quod
3310 521 3583 580 interius:

271 621 666 692 ιλεημοσύνης,
695 619 882 690 φησίν.
916 619 1060 689 Ὀρα
1087 618 1145 672 δέ
1193 634 1288 688 μοι
1320 615 1438 681 πῶς
1480 616 1550 669 τά
1587 616 1684 670 δύο
1723 613 1868 684 πάθη

1980 609 2090 668 Per
2111 612 2544 683 eleemosynam,
2574 612 2768 683 inquit.
2794 612 2932 669 Vide
2956 622 3141 668 autem
3162 617 3436 684 quomodo
3450 614 3589 672 duas
3658 687 3664 693 φ

271 714 458 771 αὐτῶν
486 711 802 784 θεραπεύει,
837 712 931 765 τὸν
966 709 1163 780 φθόνον
1200 709 1368 778 λέγω,
1420 708 1523 763 καὶ
1548 707 1653 778 τήν
1690 708 1873 777 ἁρπα-

269 804 399 877 γὴν,
446 805 535 859 διά
582 801 675 857 τοῦ
710 800 1015 857 ὑπόθεσθαι
1060 805 1164 873 τήν
1210 800 1609 873 ἐλεημοσύνην.
1656 798 1717 873 Ὀ
1763 798 1873 870 γὰρ

273 897 442 951 ὶλεῶν
488 894 727 965 ἀληθῶς,
754 894 856 967 οὐχ
884 894 1128 966 ἁρπάσει
1162 893 1235 947 τά
1264 892 1359 947 τοῦ
1405 890 1732 962 δλεουμένου
1768 890 1870 961 (4),

273 991 335 1043 οὐ
371 989 628 1059 φθονήσει
655 986 734 1058 τῷ
765 986 1096 1058 ὲλεουμένῳ.
1146 985 1304 1039 Ἐπεὶ
1330 984 1515 1039 τοίνυν
1538 983 1633 1038 δύο
1659 983 1874 1048 τούτοις

270 1075 423 1145 πάθη
456 1074 723 1141 ὠνείδισε,
756 1075 825 1129 δι’
853 1076 973 1140 ἑνὸς
998 1076 1299 1146 φαρμάκου
1324 1074 1500 1128 ταῦτα
1522 1074 1872 1146 ὲκμοχλεύει,

271 1166 816 1239 τῆς-ἑλεημοσύνης,
850 1156 1214 1238 ἡτιςπρώτη
1268 1165 1412 1238 θύρα
1464 1166 1566 1236 τῆς
1614 1164 1868 1219 θεοποιοῦ

270 1260 496 1331 ἀγάπης
521 1275 535 1290 °
587 1259 811 1329 ἀγάπης
860 1260 918 1313 δὲ
978 1260 1262 1330 παρούσης
1310 1258 1414 1313 ποῦ
1446 1259 1734 1324 πλεονεξία
1777 1260 1874 1314 καὶ

272 1352 501 1421 φθόνος;
522 1352 604 1406 Τά
625 1354 817 1409 ἐνόντα
838 1353 953 1416 οῦν,
977 1353 1249 1421 τουτέστι,
1269 1353 1339 1406 τά
1368 1354 1684 1423 ὑπάρχοντα
1708 1353 1839 1423 ὑμῖν
1856 1369 1871 1382 ·

274 1445 458 1509 καλῶς
488 1443 545 1501 δὲ
571 1442 693 1500 εἶπε
723 1446 794 1499 τά
828 1448 1039 1512 ὲνόντα,
1082 1448 1175 1500 καὶ
1210 1447 1311 1501 οὐκ
1342 1444 1523 1515 εἶπεν,
1552 1446 1706 1513 ὅντα,
1737 1447 1872 1501 διότι

266 1539 340 1592 τά
369 1538 631 1609 χρήματα
658 1535 855 1613 ἔνεισιν
888 1539 945 1590 ὲν
981 1539 1047 1608 τῇ
1075 1536 1276 1608 καρδίᾳ.
1306 1536 1401 1590 τοῦ
1426 1536 1871 1607 φιλοχρημάτου,

269 1629 371 1684 καὶ
389 1628 728 1700 ἑγκάθηνται
750 1630 914 1699 αὐτῇ,
944 1629 1025 1682 διὸ
1054 1628 1149 1683 καὶ
1183 1627 1531 1698 Δαυῖδ,φησι,
1598 1629 1673 1701 μὴ
1701 1646 1873 1699 προσ-

267 1719 521 1775 τίθεσθαι
579 1718 681 1793 τήν
740 1721 971 1793 καρδίαν
1027 1720 1107 1790 τῷ
1162 1720 1401 1791 πλούτῳ,
1464 1719 1738 1785 τουτέστι,
1795 1719 1871 1790 μή

269 1815 580 1886 προσηλοῦν
614 1815 786 1888 αὐτὴν
820 1817 919 1868 καὶ
950 1813 1293 1884 συνδεσμεῖν.

1980 704 2200 761 illorum
2228 702 2549 761 alIectiones
2578 716 2757 771 sanet,
2779 704 3044 761 invidiam
3075 704 3202 761 dico
3222 716 3278 761 et
3308 708 3584 776 rapinam,

1977 809 2076 866 per
2100 794 2204 851 hoc
2236 796 2381 866 quod
2425 796 2647 866 subjicit
2678 796 3111 867 eleemosynam.
3141 794 3282 851 Nam
3321 798 3415 868 qui
3456 814 3588 855 vere

1976 887 2291 953 miseretur,
2345 902 2456 941 non
2497 885 2671 958 rapiet
2716 886 2835 958 ejus
2871 887 3011 943 bona
3061 886 3221 957 cujus
3268 888 3586 954 miseretur,

1976 992 2154 1048 neque
2180 976 2255 1041 illi
2286 976 2570 1046 invidebit.
2597 977 2663 1032 Et
2690 978 2816 1047 quia
2849 978 2990 1034 duos
3026 978 3249 1033 morbos
3278 980 3361 1035 eis
3390 994 3588 1049 expro-

1974 1070 2177 1135 bravit,
2215 1084 2325 1124 uno
2373 1069 2616 1124 remedio
2658 1069 3045 1150 eleemosynae
3071 1081 3368 1141 utrumque
3400 1081 3582 1138 sanat,
3648 1140 3652 1146 _

1977 1176 2097 1231 qua:
2129 1156 2304 1230 prima
2338 1169 2424 1215 est
2447 1159 2618 1231 janua
2671 1158 2982 1239 deiﬂcantis
3013 1159 3325 1214 cbaritatis.
3351 1158 3408 1213 Si
3432 1161 3585 1213 ettlm

1977 1257 2191 1313 ail‘uerit
2219 1257 2464 1323 dilectio,
2499 1256 2591 1312 ubi
2626 1256 2867 1311 manebit
2890 1255 3123 1310 avaritia
3157 1263 3213 1309 et
3241 1253 3484 1308 invidia?
3513 1252 3587 1307 Ea

1974 1348 2143 1420 igitur
2169 1362 2292 1416 quae
2320 1348 2527 1412 insunt,
2556 1347 2660 1401 hoc
2708 1356 2813 1415 est.
2848 1344 3144 1400 facultates
3171 1354 3391 1408 vesti-ar.
3441 1343 3587 1398 Bene

1976 1439 2135 1506 dixit,
2164 1454 2227 1494 ea
2254 1454 2377 1509 quae
2404 1439 2619 1508 insunt,
2642 1448 2698 1494 et
2734 1425 2841 1495 non
2872 1438 3035 1503 dixit,
3082 1452 3145 1492 ea
3174 1452 3297 1509 quae
3324 1446 3481 1499 sunt,
3522 1451 3588 1492 eo

1974 1532 2118 1601 quod
2147 1532 2352 1587 divitia:
2378 1531 2564 1586 insunt
2591 1522 2647 1587 in
2673 1533 2839 1588 corde
2882 1532 3034 1586 avari
3084 1540 3141 1585 et
3162 1531 3382 1597 sedent
3412 1530 3465 1583 in
3496 1544 3583 1586 eo.

1973 1627 2101 1683 Ideo
2137 1636 2191 1681 et
2240 1626 2412 1680 David
2461 1624 2595 1681 dicit
2640 1640 2751 1680 non
2799 1625 3183 1694 apponendum
3224 1637 3321 1678 cor
3355 1622 3584 1688 divitiis,

1976 1719 2081 1775 hoc
2111 1727 2218 1785 est,
2254 1733 2323 1774 ne
2348 1717 2718 1789 agglutinetur
2750 1731 2849 1773 nec
2876 1717 3188 1788 colligetur.

350 1925 370 1958 ι
412 1907 551 1960 Ἀλλ’
590 1908 715 1968 ρῦαὶ
759 1908 889 1978 ὑμῖν
915 1909 1029 1970 τοῖς
1073 1906 1417 1977 Φαρισαίοις,
1466 1906 1551 1960 ὅτι
1584 1905 1865 1959 ἀποδεκα-

2047 1897 2215 1954 Vsus.
2253 1898 2447 1954 42-5l.
2482 1917 2499 1949 ι
2542 1898 2649 1951 Sed
2685 1910 2767 1951 vae
2794 1895 2952 1951 vobis
2982 1892 3462 1978 Pharisaais,lquia
3492 1892 3587 1948 de-

269 1997 431 2052 τοῦτε
456 1997 519 2050 τὺ
548 1999 840 2070 ἡδύοσμον,
892 1998 987 2052 καὶ
1017 1998 1079 2053 τὸ
1107 2000 1374 2070 πήγανον,
1420 1999 1517 2054 καὶ
1542 1999 1651 2052 πᾶν
1696 1996 1868 2066 λάχα-

278 2102 386 2155 νον,
412 2089 505 2143 καὶ
536 2088 880 2161 παρέρχεσθε
911 2088 1012 2161 τὴν
1038 2091 1243 2161 κρίσιν,
1268 2090 1365 2143 καὶ
1391 2090 1491 2161 τήν
1519 2087 1743 2158 ἀγάπην
1768 2086 1866 2141 τοῦ

267 2180 432 2235 Θεοῦ-
465 2182 642 2236 ταῦτα
666 2183 773 2236 ἔδει
806 2180 1051 2249 ποιῆσαι,
1086 2182 1316 2235 κάκεῖνα
1353 2180 1430 2252 μὴ
1461 2181 1704 2250 ἀφιέναι.
1729 2179 1868 2233 Οὐαὶ

271 2272 408 2341 ὖμῖν
435 2276 549 2338 τοῖς
584 2275 925 2345 Φαρισαίοις,
959 2274 1042 2328 ὅτι
1073 2274 1329 2343 ἀγαπᾶτε
1371 2274 1471 2343 τὴν
1514 2273 1869 2344 πρωτοκαθε-

272 2363 435 2435 δρίαν
471 2367 529 2418 ἐν
567 2369 687 2430 ταῖς
722 2367 1092 2450 συναγωγαῖς,
1135 2366 1230 2419 καὶ
1271 2368 1398 2429 τοὺς
1435 2367 1763 2435 ἀσπασμοὺς
1809 2367 1867 2419 ἐν

266 2460 391 2519 ταῖς
426 2460 676 2529 ἀγοραῖς.
707 2460 842 2514 Οὐαὶ
870 2461 1023 2529 ὑμῖν,
1074 2459 1431 2529 Γραμματεῖς
1464 2459 1557 2512 καὶ
1579 2461 1867 2530 Φαρισαῖοι

266 2547 587 2619 ὑποκριταὶ,
623 2550 704 2603 ὅτι
737 2553 859 2604 tne
896 2550 971 2615 ὡς
1000 2550 1070 2604 τὰ
1095 2552 1338 2621 μνημεῖα
1370 2551 1440 2604 τὰ
1464 2551 1659 2621 ἄδηλα,
1697 2551 1793 2604 καλ.
1817 2552 1866 2604 οἱ

266 2638 551 2709 ἄνθρωποι
590 2641 1023 2711 περιπατοῦντες
1056 2640 1246 2695 ἐπάνω
1272 2642 1373 2695 οὐκ
1426 2643 1653 2696 οἴδασιν.
1704 2642 1866 2695 Ἀπο-

264 2728 485 2799 κριθεὶς
513 2729 569 2782 δέ
602 2746 683 2792 τις
712 2728 819 2782 τῶν
845 2730 1111 2799 νομικῶν,
1146 2730 1296 2799 λέγει
1325 2731 1474 2803 αὐτῷ
1495 2751 1509 2763 ·
1541 2732 1866 2801 Διδάσκαλε,

264 2818 442 2873 ταῦτα
501 2820 675 2888 λέγων
729 2822 825 2875 καὶ
881 2822 1029 2892 ἡμᾶς
1063 2822 1325 2893 ὑϐρίζεις.
1371 2824 1430 2877 'U
1461 2824 1518 2877 δὲ
1543 2820 1703 2879 εἷπε*
1752 2827 1867 2880 Καὶ

267 2911 403 2981 ὑμῖν
441 2914 553 2974 τοῖς
586 2915 831 2982 νομικοῖς
864 2915 1007 2993 οὐαὶ,
1050 2915 1133 2968 ὅτι
1164 2916 1452 2987 φορτίζετε
1478 2920 1608 2982 τοὺς
1656 2919 1870 2989 ἀνθρώ-

268 3018 409 3065 πους
453 3004 650 3073 φορτία
680 3003 1084 3068 δυσϐάστακτα,
1122 3008 1214 3058 καὶ
1240 3007 1395 3059 αὐτοὶ
1422 3008 1502 3061 ὲν).
1532 3008 1639 3060 τῶν
1663 3009 1866 3063 δακτύ-

266 3092 381 3146 λων
412 3093 568 3164 ὑμῶν
609 3096 672 3149 οὐ
703 3096 1048 3167 προσψαύετε
1087 3101 1199 3162 τοῖς
1231 3099 1495 3169 φορτίοις.
1543 3101 1682 3155 Οὐαί
1714 3103 1864 3173 ὑμῖν,

267 3186 357 3240 δτι
384 3187 743 3259 εοίκοδομεῖτε
777 3191 846 3244 τά
892 3194 1134 3261 μνημεῖα
1185 3193 1295 3245 τῶν
1348 3193 1670 3265 προφητῶν,
1716 3196 1767 3248 οἱ
1811 3196 1867 3249 δὲ

270 3280 513 3350 πατέρες
536 3282 694 3351 ὑμῶν
738 3284 1065 3339 ἀπέκτειναν
1097 3286 1318 3350 αὐτούςξ
1348 3288 1471 3359 ἀρα
1510 3291 1865 3359 μαρτυρεῖτε,

264 3373 365 3427 καὶ
392 3374 764 3429 συνευδοκεῖτε
791 3378 904 3440 τοῖς
931 3377 1115 3447 ἔργοις
1140 3378 1250 3433 τῶν
1275 3381 1531 3451 πατέρων
1566 3381 1594 3433 ὑ
1604 3382 1744 3452 μῶν,
1780 3383 1864 3436 ὅτι

267 3464 429 3517 αὐτοὶ
465 3465 568 3536 μὲν
600 3467 935 3522 ἀπέκτειναν
981 3470 1205 3535 αὐτοὺς,
1252 3472 1410 3541 ὑμεῖς
1444 3460 1501 3525 δὲ
1532 3473 1865 3543 οἰκοδομεῖτε

264 3556 451 3610 αὐτῶν
481 3558 547 3611 τὰ
590 3562 851 3630 μνημεῖα.
886 3560 983 3613 Διά
1015 3560 1176 3615 τοῦτο
1203 3564 1349 3632 καὶή
1386 3564 1550 3633 σοφία
1593 3565 1687 3618 τοῦ
1728 3566 1864 3619 Θεοῦ

266 3641 452 3700 εἶπεψ
496 3648 810 3703 Ἀποστελῶ
845 3654 923 3715 εἰς
950 3652 1147 3716 αὐτοὺς
1176 3656 1459 3725 προφήτας
1503 3652 1597 3709 καὶ
1628 3657 1867 3711 ἀποστό-

264 3742 416 3809 λους,
452 3742 551 3796 καὶ
594 3743 652 3809 ἐξ
685 3739 865 3798 αὐτῶν
902 3745 1269 3798 ἀποκτενοῦσι
1306 3747 1400 3800 καὶ
1430 3746 1737 3815 διώξουσιν,
1776 3750 1865 3803 ἵνα

262 3832 548 3903 ἐκζητηθῇ
578 3832 639 3885 τὸ
673 3826 812 3905 αἷμα
847 3836 1068 3889 πάντων
1091 3835 1199 3889 τῶν
1230 3839 1554 3908 προφητῶν,
1600 3840 1661 3893 τὸ
1703 3843 1868 3911 ἐκχυ-

260 3926 497 3994 -ιόμενον
526 3924 635 3978 ἀπὸ
667 3928 976 3995 καταϐολῆς
1006 3928 1215 3998 κόσμου
1247 3929 1355 3981 ἀπὸ
1379 3930 1479 4000 τῆς
1507 3934 1705 3998 γενεᾶς
1734 3933 1867 3986 ταύ-

262 4031 390 4082 της,
419 4014 528 4068 ἀπὸ
551 4016 646 4069 τοῦ
681 4015 915 4087 αἵματος
943 4017 1109 4072 Ἀϐελ
1138 4020 1244 4083 ἕως
1280 4020 1374 4073 τοῦ
1423 4022 1658 4092 αἳματος
1686 4027 1871 4095 Ζαχα-

263 4106 414 4179 ρίου,
444 4106 539 4161 τοῦ
589 4109 933 4179 ἀπολομένου
984 4111 1188 4180 μεταξὺ
1226 4113 1321 4166 τοῦ
1354 4113 1743 4188 θυσιαστηρίου
1774 4122 1868 4173 καὶ

260 4198 368 4254 τοῦ
404 4197 579 4255 οἴκου.
611 4200 721 4255 Ναὶ
760 4203 907 4271 λέγω
955 4204 1105 4274 ὑμῖν,
1143 4206 1583 4279 ἐκζητηθήσεται
1631 4212 1739 4265 ἀπὸ
1770 4214 1867 4283 τῆς

262 4293 464 4363 γενεᾶς
495 4293 721 4366 ταύτης.
763 4314 780 4347 ι
823 4297 885 4348 Ol
912 4296 1197 4368 Φαρισαῖοι
1227 4300 1313 4352 ἵνα
1341 4300 1416 4370 μὴ
1446 4303 1739 4371 παραδῶσι
1770 4304 1862 4375 δῆ·

261 4385 365 4439 θεν
400 4386 493 4440 τὸν
520 4387 709 4458 νόμον,
753 4388 1126 4443 ἀπεδεκάτουν
1172 4393 1266 4445 καὶ
1301 4393 1369 4445 τά
1416 4394 1698 4464 ἐλάχιστα,
1732 4398 1779 4448 εί
1809 4396 1867 4450 δέ

257 4494 356 4541 τις
398 4478 583 4542 αὐτοῖς
631 4479 924 4551 ἐμέμψατο
974 4481 1139 4551 τυχὸν
1194 4481 1271 4545 ὡς
1321 4486 1865 4556 μικρολογουμένοις,

1972 1991 2189 2048 cimatis
2226 2000 2468 2045 mentam
2505 1998 2561 2046 et
2590 2001 2795 2052 rutam,
2826 1998 2883 2043 et
2915 1987 3149 2057 quodvis
3187 1968 3331 2046 olus:
3363 1993 3419 2041 et
3446 2000 3589 2057 prte-

1971 2082 2150 2137 teritis
2168 2079 2433 2150 judicium
2477 2080 2874 2136 etcharitatem
2904 2077 3036 2133 Dei:
3063 2078 3171 2133 imo
3195 2078 3311 2132 haec
3343 2078 3587 2147 oportuit

1972 2173 2178 2241 facere,
2230 2182 2285 2228 et
2318 2172 2410 2227 illa
2460 2187 2567 2228 non
2608 2173 2886 2227 omittere.
2938 2170 3033 2226 Vae
3072 2170 3227 2226 vobis
3262 2170 3583 2238 Pharisaeis,

1971 2267 2098 2337 quia
2132 2266 2360 2337 diligitis
2388 2265 2595 2336 primas
2633 2264 2927 2320 cathedras
2961 2262 3016 2318 in
3054 2264 3372 2335 synagogis,
3400 2274 3456 2321 et
3489 2278 3585 2321 sa-

1980 2359 2278 2415 lutationes
2316 2359 2367 2411 in
2414 2356 2557 2413 foro.
2592 2356 2686 2412 Va:
2736 2355 2910 2419 vobis,
2958 2354 3168 2430 Scriba:
3215 2367 3273 2411 et
3319 2356 3584 2412 Pharisaei

1972 2451 2293 2522 hypocrita,
2330 2450 2458 2520 quia
2486 2450 2621 2506 estis
2643 2458 2701 2502 ut
2736 2456 3088 2502 monumenta
3122 2462 3242 2516 qua:
3273 2462 3380 2502 non
3412 2462 3581 2518 appa-

1974 2556 2126 2613 rent,
2177 2556 2229 2601 ct
2277 2546 2526 2601 homines
2556 2544 2901 2600 ambulantes
2974 2556 3141 2611 super
3171 2541 3445 2597 nesciunt.
3476 2539 3586 2597 Re-

1977 2640 2251 2707 spondcus
2303 2648 2481 2693 autem
2532 2636 2755 2707 quidam
2815 2650 2881 2690 ex
2916 2634 3278 2706 lcgispcritis,
3312 2636 3387 2688 ait
3441 2634 3517 2689 illi
3566 2651 3582 2691 :

1974 2731 2254 2801 Magister,
2302 2730 2416 2785 haec
2449 2730 2639 2785 dicens
2682 2730 2847 2783 etiam
2886 2743 2988 2783 nos
3018 2727 3191 2783 aﬂicis
3221 2726 3581 2782 contumelia.

1973 2822 2041 2876 At
2077 2822 2165 2875 llle
2199 2823 2316 2876 ait:
2356 2820 2422 2875 Et
2468 2822 2622 2877 vobis
2668 2820 3001 2889 legisperitis
3037 2834 3139 2885 vae,
3175 2818 3303 2888 quia
3339 2819 3587 2874 onerat’s

1978 2917 2225 2971 homines
2257 2917 2519 2993 oneribus
2553 2932 2673 2986 qua:
2711 2925 2932 2985 portare
2970 2930 3077 2970 non
3108 2923 3362 2984 possunt,
3394 2923 3449 2967 ct
3479 2911 3583 2982 ipsi

1979 3022 2086 3061 uno
2116 3008 2283 3079 digito
2316 3020 2500 3065 vestro
2529 3024 2634 3064 non
2668 3008 2939 3080 attingitis
2969 3009 3240 3065 sarcinas.
3272 3006 3366 3063 Vae
3406 3007 3581 3071 vobis.

1976 3102 2102 3170 quia
2158 3100 2441 3157 mdiﬁcatis
2489 3111 2844 3156 monumenta
2911 3102 3302 3172 pr0phetarum
3343 3118 3358 3156 :
3400 3110 3585 3170 patr.s

1977 3206 2156 3250 autem
2210 3195 2373 3249 vestri
2431 3195 2752 3250 occiderunt
2804 3195 2948 3250 illos.
3014 3193 3269 3249 Profecto
3305 3193 3584 3251 testamini

1973 3288 2118 3356 quod
2144 3288 2510 3358 comprobatis
2546 3286 2690 3343 facta
2724 3298 2939 3357 patrum
2969 3299 3299 3355 vestrorum,
3319 3289 3581 3358 quoniam

1970 3381 2047 3444 illi
2084 3380 2303 3450 quidem
2351 3395 2446 3435 eos
2493 3380 2854 3445 occiderunt;
2910 3396 3006 3436 vos
3062 3390 3243 3436 autem
3298 3375 3583 3443 mdiﬂcatis

1972 3488 2160 3527 eorum
2203 3473 2474 3541 sepulcra.
2515 3472 2812 3541 Propterea
2855 3481 2910 3528 ct
2948 3475 3217 3544 sapientia
3265 3474 3357 3529 Dei
3392 3476 3578 3531 dixit:

1973 3564 2181 3619 Mittam
2217 3565 2285 3619 ad
2335 3565 2453 3621 illos
2500 3567 2795 3635 prophetas
2825 3573 2883 3620 et
2914 3567 3215 3634 apostolos,
3244 3576 3299 3621 et
3363 3583 3429 3621 ex
3476 3566 3584 3624 illis

1970 3654 2219 3709 occident
2246 3664 2299 3708 et
2322 3664 2741 3724 persequentur,
2772 3664 2831 3709 ut
2863 3656 3180 3725 requiratur
3205 3656 3430 3725 sanguis
3459 3672 3579 3711 om-

1972 3746 2118 3800 nium
2162 3746 2546 3816 prophetarum
2606 3749 2696 3815 qui
2756 3746 3056 3802 effunditur
3104 3763 3133 3801 a
3187 3749 3579 3804 constitutimie

1970 3840 2157 3893 mundi
2203 3854 2232 3892 a
2274 3841 2497 3893 natione
2558 3840 2688 3903 ista,
2732 3855 2763 3894 a
2812 3841 3083 3909 sanguine
3121 3840 3257 3895 Abel
3306 3842 3579 3911 usquead

1970 3932 2288 3999 sanguinem
2350 3930 2665 3997 Zachariae,
2733 3932 2826 4001 qui
2884 3932 3050 4001 periit
3109 3931 3253 3988 inter
3303 3932 3477 3986 altare
3526 3942 3581 3986 et

1970 4026 2178 4092 tndem;
2216 4025 2463 4092 profecto
2498 4025 2620 4079 dico
2657 4024 2832 4089 vobis,
2887 4022 3199 4092 requirctur
3234 4023 3302 4077 ab
3350 4023 3453 4077 hac
3483 4038 3579 4076 ιιτι-

1971 4121 2140 4172 tione.
2181 4134 2200 4167 ι
2234 4115 2520 4183 Pharisaei,
2554 4131 2621 4171 ne
2643 4116 3160 4186 transgrederentur
3186 4114 3357 4186 legem
3387 4115 3583 4171 videli-

1970 4218 2076 4273 cet,
2126 4210 2370 4263 decimas
2409 4208 2576 4263 etiam
2612 4224 2677 4263 ex
2711 4208 2955 4263 minimis
2994 4210 3200 4263 dabant
3233 4226 3247 4262 :
3295 4218 3350 4263 et
3380 4209 3424 4263 si
3458 4210 3583 4279 quis

1974 4301 2092 4355 illos
2123 4301 2554 4371 reprehendebat
2602 4312 2708 4354 tam
2762 4316 3055 4369 parvarum
3084 4315 3269 4355 rerum
3310 4301 3579 4355 rationem

1973 4393 2257 4455 habentes,
2306 4393 2480 4463 legem
2511 4391 2890 4461 proferebant,
2934 4407 3056 4462 quae
3084 4392 3153 4447 de
3200 4393 3460 4448 omnibus
3488 4393 3583 4447 de-

1971 4487 2143 4541 cimas
2172 4484 2357 4539 oll'erri
2388 4485 2773 4540 sacerdotibus
2826 4484 3203 4554 praecipiebat.
3246 4483 3439 4555 itaque
3472 4484 3585 4538 Du-

256 4569 361 4625 τδν
393 4571 557 4640 νόμον
582 4570 915 4642 προῦφερον,
951 4572 1011 4635 ὃς
1036 4574 1146 4627 ἀπὸ
1182 4577 1403 4627 πάντων
1436 4576 1667 4653 δεκάτας
1694 4596 1867 4650 προσ-

1978 4578 2155 4631 minus
2185 4575 2319 4631 dicit
2354 4595 2367 4631 ε
2417 4576 2570 4631 Sicut
2611 4574 2698 4629 illa
2750 4591 2860 4630 non
2906 4575 3203 4644 negligitis,
3258 4574 3331 4629 ita
3368 4585 3586 4645 oportet

261 4660 537 4734 φέρεσθαι
592 4665 707 4727 τοῖς
742 4664 983 4737 ίερεῦσιν
1040 4665 1313 4721 ἐκέλευεν.
1377 4668 1436 4721 '0
1476 4670 1608 4737 γοῦν
1664 4672 1871 4743 Κύριός

259 4772 459 4829 φησιν,
524 4757 609 4813 ὅτι
645 4758 861 4830 Ὥσπερ
890 4758 1100 4813 τούτων
1141 4759 1244 4813 οὒκ
1269 4760 1543 4830 ἀμελείτε,
1587 4761 1695 4815 ἔδει
1728 4767 1873 4834 ὑμᾶς

259 4851 369 4903 καὶ
390 4850 491 4921 τὴν
523 4851 711 4922 κρίσιν
745 4852 842 4905 καὶ
865 4851 967 4922 τὴν
998 4852 1225 4923 ἀγάπην
1255 4851 1348 4905 τοῦ
1388 4852 1527 4907 Θεοῦ
1562 4860 1867 4926 περιποιεί-

263 4938 420 4995 σθαι.
481 4939 701 5011 Ἐπειδὴ
750 4940 860 5011 γάρ
920 4941 1097 5010 ἄδικοι
1174 4936 1341 5012 ἦσαν,
1403 4942 1500 4995 καὶ
1538 4945 1718 5015 χήραν
1771 4949 1868 5000 καὶ

261 5025 508 5099 ὀρφανὸν
534 5028 917 5096 ἀπεκτίννυον,
964 5034 1155 5101 φησὶν,
1191 5034 1277 5085 ὅτι
1303 5036 1395 5085 Δεῖ
1422 5034 1567 5103 ὑμᾶς
1596 5034 1741 5105 ἔχειν
1767 5038 1866 5109 τήν

259 5118 472 5197 κρίσιν,
503 5119 673 5190 ἦγουν
700 5119 800 5192 τὴν
829 5120 1252 5193 δικαιοκρισίαν.
1296 5124 1451 5177 Ἐπεὶ
1480 5124 1537 5179 δὲ
1564 5128 1661 5179 καὶ
1690 5146 1865 5181 κατα·

261 5212 542 5281 φρονηταὶ
599 5207 740 5281 ἦσαν
785 5210 881 5264 τοῦ
936 5211 1095 5279 Θεοῦ,
1154 5212 1467 5286 ἀδιαφόρως
1529 5218 1643 5281 τοῖς
1699 5220 1866 5289 ἱεροῖς

263 5301 457 5373 ἔργοις
488 5302 918 5373 ἐπιχειροῦντες,
947 5304 1037 5358 διά
1075 5305 1235 5359 τοῦτο
1267 5307 1450 5372 αὐτοῖς
1476 5309 1575 5379 τὴν
1598 5310 1692 5363 τοῦ
1727 5311 1864 5365 Θεοῦ

266 5391 494 5461 ἀγάπην
520 5392 667 5461 ἔχειν
693 5393 1021 5448 ἐντέλλεται.
1064 5394 1125 5448 'U
1169 5397 1280 5465 γὰρ
1311 5396 1548 5465 ἀγαπῶν
1592 5400 1684 5453 τὸν
1710 5399 1866 5465 Θεὸν,

267 5484 334 5538 οὐ
377 5487 866 5557 καταφρονητικῶς
918 5488 1133 5558 μέτεισι
1184 5488 1254 5541 τὰ
1289 5488 1429 5559 ἔργα
1477 5490 1663 5546 αὑτοῦ.
1713 5494 1870 5563 Τάχα

266 5575 331 5631 δέ
354 5594 450 5648 μοι
467 5578 632 5645 δοκεῖ,
650 5580 844 5652 ’ἐπειδὴ
871 5580 965 5633 δύο
994 5579 1112 5651 εἴδη
1140 5581 1243 5650 τῆς
1266 5582 1516 5653 ἀγάπης,
1545 5587 1606 5638 τό
1639 5603 1699 5639 τε
1731 5589 1868 5659 πρὸς

1974 4684 2075 4723 vos
2120 4679 2173 4722 et
2220 4668 2485 4739 judicium
2520 4667 2687 4739 362
2727 4676 2783 4722 et
2844 4667 3191 4723 dileCtionem
3243 4666 3337 4721 Dei
3378 4665 3581 4730 facere,

1974 4762 2244 4829 Quoniam
2280 4759 2467 4829 injusti
2501 4770 2680 4825 erant,
2727 4760 3033 4830 viduasque
3061 4769 3117 4814 et
3145 4759 3423 4830 orphauos
3452 4776 3584 4831 pes-

1976 4854 2324 4921 sumdabant,
2349 4852 2482 4907 dicit
2508 4852 2653 4921 quod
2672 4862 2923 4922 oporteat
2951 4867 3045 4907 eos
3065 4852 3267 4907 habere
3282 4851 3578 4921 judicium,

1977 4945 2083 5000 hoc
2108 4955 2213 5010 est,
2233 4944 2442 5012 justum
2466 4943 2759 5014 judicium.
2798 4943 2865 4998 Et
2889 4945 3015 5014 quia
3045 4953 3460 5016 contemptores
3486 4947 3583 5001 Dei

1978 5049 2155 5101 erant,
2195 5047 2400 5093 temere
2439 5052 2597 5093 sacra
2624 5052 2792 5109 opera
2845 5046 3173 5105 tractantes,
3208 5039 3413 5095 ideirco
3442 5055 3584 5108 pra:-

1981 5130 2119 5205 cipit
2145 5129 2225 5184 eis
2257 5140 2317 5184 ut
2346 5130 2674 5185 charitatem
2714 5130 2805 5186 Dei
2834 5130 3090 5187 habeant.
3123 5130 3259 5187 Nam
3282 5134 3375 5203 qui
3409 5132 3587 5205 diligit

1981 5200 2176 5287 Deuin,
2212 5238 2319 5277 non
2365 5223 2723 5293 contemptim
2768 5222 2901 5277 iacit
2939 5239 3103 5294 opera
3136 5225 3274 5294 ejus.
3302 5200 3587 5281 Fortassis

1982 5324 2184 5379 autem,
2217 5325 2276 5368 ut
2306 5314 2437 5368 mihi
2463 5314 2703 5379 videtur,
2730 5314 2991 5386 quoniam
3025 5318 3143 5371 dua:
3174 5324 3302 5371 sunt
3335 5315 3588 5371 dilectio-

1978 5408 2063 5461 nis
2090 5407 2324 5475 Species,
2348 5416 2456 5461 un‘a
2492 5422 2619 5478 erga
2656 5408 2849 5473 Deum,
2882 5409 3053 5465 altera
3087 5425 3216 5481 erga
3248 5411 3583 5479 proximum,

1980 5500 2114 5555 duas
2149 5498 2268 5553 illas
2301 5500 2564 5555 insinuat.
2601 5499 2844 5557 Dicendo
2870 5503 3017 5557 enim
3043 5502 3337 5571 judicium,
3377 5502 3589 5557 indicat

1981 5590 2330 5646 dilectionem
2368 5608 2500 5662 erga
2556 5594 2887 5663 proximum.
2940 5594 3102 5651 JuSte
3154 5596 3300 5652 enim
3340 5596 3589 5665 judicare

1240 5703 1338 5762 Ex
1380 5701 1729 5765 collatione
1762 5706 1954 5769 codd.
2008 5708 2242 5770 Venet.
2281 5711 2342 5771 S.
2389 5711 2613 5773 Marci.

346 5796 1284 5893 ςῒίςέίέδξρ,ῗβδ-.τ9ῗ’,,έλὲοὲμὲνου
1339 5804 1482 5893 (ῐξῷξ
1525 5806 1629 5893 ῐίρ
1656 5806 1881 5893 tua?”
1993 5810 2449 5893 ἐξεδίνὲληθῶεν
2480 5815 2579 5893 ρίέχ
2610 5814 2850 5893 ἀρπάςτει
2876 5814 3065 5893 τά.ττ>β
3089 5814 3435 5893 ἐλεοφμένουο
3466 5820 3588 5883 πῶς

266 5867 557 5942 ἀληθῶςῆ
592 5871 651 5925 οὐ
689 5870 972 5945 φθονήσει,
1002 5890 1060 5931 κ.
1084 5867 1138 5929 τ.
1174 5874 1223 5929 λ.
1267 5867 1499 5932 --Ὀοὼ
1534 5867 1623 5943 32,
1670 5878 1726 5931 '0
1757 5881 1869 5949 γὰρ

1980 5880 2091 5953 γὰρ
2117 5884 2146 5936 ό
2170 5880 2341 5939 ὲλεῶν
2366 5880 2590 5955 ἀληθῶς
2618 5880 2880 5956 φθονήσει
2905 5886 2982 5956 τῷ
3006 5880 3351 5959 ἐλεουμένῳ;
3381 5905 3437 5943 κ.
3459 5908 3507 5944 τ.
3538 5880 3586 5944 Α.
