4030 6406
535 302 634 376 S71

1451 305 2034 374 THEOPIIYLACTI
2075 311 2490 375 BULGARI/E
2551 310 2911 379 ARCHIEP.

3692 307 3798 372 8ἷέ

533 425 862 495 proximum,
911 429 966 479 et
1013 437 1116 480 non
1152 419 1468 477 conculcare
1516 437 1661 488 eum,
1698 435 1762 477 ex
1817 421 2100 479 dilectione

2219 426 2311 479 τὸν
2352 425 2511 490 Θεὸν,
2563 426 2658 480 καὶ
2705 426 2766 479 τὸ
2812 426 2948 496 πρὸς
2981 422 3072 478 τὸν
3124 421 3370 494 πλησίον,
3410 422 3474 475 τὰ
3507 419 3600 474 δύο
3626 418 3801 474 ταῦτα

534 517 610 569 fit.
642 515 879 569 Dicenda
905 526 1029 568 vero
1066 509 1408 567 dilectionem
1443 512 1555 576 Dei,
1591 512 1810 565 omnino
1838 510 2102 582 signiﬁcat

530 609 833 678 generaiem
882 604 1220 660 affectionem
1247 621 1374 672 erga
1411 605 1596 658 Deum.
1633 603 1700 656 Et
1734 605 1950 672 quando
1984 605 2104 673 quis

530 700 698 766 diligit
732 697 1054 766 proximum,
1095 712 1198 752 non
1229 705 1472 766 :prOpter
1525 695 1787 749 maculare
1821 691 2099 763 quiddam,

529 791 610 842 vel
648 799 854 860 turpem
876 789 1231 854 aﬂ’eetionem,
1260 787 1356 843 sed
1379 788 1532 858 juxta
1568 786 1756 850 Deum,
1787 803 1847 841 ea
1884 790 2101 858 quidem

527 881 623 937 Dei
656 882 870 937 dilectio
897 881 1000 935 dici
1042 891 1234 951 potest,
1268 897 1430 950 quam
1467 883 1674 938 scilicet
1709 884 1926 938 mandat
1962 881 2103 936 Dens

527 990 591 1028 ac
629 974 835 1043 probat.
894 971 1153 1028 Voiebaut
1197 983 1374 1029 autem
1432 975 1685 1030 Pharisrci
1737 977 1804 1030 ab
1852 974 2103 1028 omnibus

531 1065 837 1118 hominibus
869 1065 1122 1121 honorari
1161 1075 1214 1121 et
1251 1067 1472 1121 salutari
1514 1078 1570 1120 ut
1601 1068 1851 1121 doctores
1883 1066 1934 1118 in
1962 1066 2099 1118 foro.

529 1156 642 1211 Hoc
671 1160 812 1211 enim
843 1158 954 1211 vult
987 1158 1239 1212 salutatio
1267 1167 1320 1212 et
1352 1158 1660 1228 appellatio.
1689 1158 1906 1212 Similes
1937 1157 2103 1226 igitur

526 1252 677 1316 estls,
720 1251 908 1320 inquit,
954 1242 1340 1312 monmnentis.
1378 1265 1499 1318 quae
1550 1251 1707 1319 plena
1732 1250 1945 1318 quidem
1977 1258 2102 1302 sunt

526 1344 671 1397 omni
697 1341 996 1410 putredine,
1024 1342 1364 1396 extrinsecus
1396 1351 1576 1397 autem
1608 1358 1875 1396 marmore
1897 1341 2101 1410 fulgere

519 1434 707 1488 vident
758 1434 1024 1497 homines,
1077 1433 1382 1488 nescientes
1429 1434 1559 1501 quid
1595 1434 1825 1496 calcent,
1861 1432 2099 1500 alioquin

524 1524 969 1578 abominarentur
991 1523 1446 1578 abominationem
1473 1539 1593 1594 qua:
1625 1525 1762 1576 intra
1783 1533 1887 1576 est.
1911 1521 2098 1592 Legis-

526 1613 729 1680 peritus
757 1629 884 1666 vero
924 1613 1090 1667 stulte
1138 1614 1375 1682 seipsnm
1408 1611 1818 1681 reprehensioni
1855 1612 2094 1676 subiicit.

527 1703 691 1778 Sane,
719 1704 808 1756 alii
858 1714 1014 1757 erant
1053 1704 1365 1773 legisperiti,
1421 1713 1474 1757 et
1524 1703 1611 1756 alii
1646 1700 1924 1757 Pharisaei.
1962 1701 2095 1754 Nam

2207 514 2560 585 αἰνίττεσθαι,
2601 516 2691 570 διὰ
2721 517 2820 586 μὲν
2854 515 2948 569 τοῦ
2994 516 3170 569 εἰπεῖν
3215 515 3314 584 τὴν
3355 513 3562 584 κρίσιν,
3594 512 3796 578 ὑποδη-

2205 607 2310 659 λῶν
2339 607 2436 679 τὴν
2488 609 2568 670 εἰς
2619 607 2710 659 τὸν
2762 607 2993 676 πλησίον
3043 605 3286 674 ἀγάπηψ
3335 605 3396 657 τὸ
3431 606 3541 674 γὰρ
3571 600 3799 661 δικαίως

2207 700 2411 771 κρίνειν
2443 699 2530 752 τὸν
2566 698 2817 770 πλησίον,
2846 699 2937 751 καὶ
2968 698 3043 768 μὴ
3072 697 3570 751 καταδυναστεύειν
3599 691 3792 752 αὐτοῦ,

2205 791 2268 844 ἐκ
2299 791 2390 844 τοῦ
2424 791 2644 862 ἀγαπᾷν
2675 789 2840 842 αὑτὸν
2882 790 3112 857 γίνεται.
3149 788 3245 840 Διά
3276 789 3330 841 δὲ
3368 787 3461 839 τοῦ
3489 790 3668 838 εἰπεῖν
3700 787 3800 854 τὴν

2205 886 2428 956 ἀγάπην
2451 885 2544 937 τοῦ
2569 882 2728 950 Θεοῦ,
2746 882 2843 953 τὴν
2871 882 3007 952 πρὸς
3034 881 3126 934 τὸν
3159 880 3294 933 Θεὸν
3332 882 3543 940 πάντως
3576 867 3800 946 μηνύων

2203 975 2391 1046 ὀλικὴν
2415 975 2678 1029 διάθεσιν.
2715 975 2824 1026 Καὶ
2848 975 2975 1027 ὅταν
3006 973 3064 1026 δέ
3102 991 3184 1036 τις
3217 973 3410 1042 ἀγαπᾷ
3439 971 3530 1023 τὸν
3561 970 3797 1039 πλησὶον

2204 1068 2266 1120 ού
2293 1069 2381 1122 διά
2429 1086 2482 1121 τι
2535 1067 2888 1136 κοσμικὸν,ἢ
2942 1064 3170 1135 αἰσχρὸν
3223 1064 3416 1126 πάθος,
3464 1063 3605 1114 ἀλλά
3655 1062 3802 1114 κατά

2204 1160 2357 1222 Θεὸν,
2403 1160 2621 1232 λεχθείη
2658 1160 2722 1214 ἂν
2764 1159 2859 1213 καὶ
2888 1157 3028 1229 αὕτη
3061 1157 3248 1226 ἀγάπη
3281 1156 3374 1209 τοῦ
3419 1154 3574 1218 Θεοῦ,
3628 1155 3801 1224 ἤγουν

2203 1252 2269 1323 ἢν
2296 1252 2602 1306 ἐντέλλεται
2623 1254 2650 1305 ὁ
2672 1251 2826 1316 Θεὸς,
2843 1250 2911 1320 ἢν
2938 1249 3288 1318 ἀποδέχεται.
3314 1246 3542 1299 Ἴιθελον
3565 1244 3621 1297 δὲ
3647 1244 3802 1314 παρά

2205 1347 2407 1408 παντὸς
2447 1343 2737 1414 ἀνθρώπου
2817 1342 3084 1411 τιμᾶσθαι
3136 1341 3229 1393 καὶ
3285 1337 3799 1410 προσαγορεύεσθαι

2203 1437 2278 1500 ὡς
2323 1436 2632 1490 διδάσκαλοι
2673 1439 2731 1488 ἐν
2761 1438 2878 1499 ταῖς
2925 1436 3173 1505 ἀγοραῖς·
3211 1432 3368 1486 τοῦτο
3396 1431 3504 1500 γὰρ
3535 1435 3559 1483 ὀ
3611 1432 3800 1483 ἀσπα·

2205 1530 2360 1599 σμὸς,
2393 1530 2427 1600 ἠ
2469 1529 2833 1600 προσηγορία.
2907 1528 3155 1582 Ἐοίκατε
3201 1525 3355 1596 γοῦν,
3387 1525 3541 1594 φησὶ,
3579 1525 3802 1594 μνήμα-

2205 1637 2310 1684 σιν,
2342 1621 2377 1675 ὃ.
2406 1621 2639 1692 γέμουσι
2675 1621 2773 1691 μὲν
2805 1621 2988 1691 πάσης
3022 1620 3284 1690 σαπρίας,
3322 1618 3520 1684 ἔξωθεν
3559 1617 3618 1670 δὲ
3658 1615 3804 1686 λάμ-

2205 1731 2398 1766 πουσιν
2434 1712 2751 1784 μαρμάροις
2775 1729 2787 1742 °
2824 1714 2860 1768 ἀ
2888 1712 3125 1784 ὁρῶντες
3151 1711 3200 1764 oi
3249 1710 3551 1782 ἄνθρωποι,
3583 1711 3684 1762 οὐκ
3725 1710 3804 1762 οῖ.

527 1795 783 1850 Ριιθτίεξεί
813 1796 1129 1850 videbantur
1170 1804 1229 1848 ut
1271 1795 1546 1860 monachi,
1576 1806 1628 1850 et
1658 1798 1746 1864 qui
1785 1795 1852 1849 ab
1880 1793 1999 1848 aliis
2046 1807 2100 1848 se

2206 1805 2326 1859 δασι
2355 1779 2457 1859 ποῦ
2501 1779 2934 1876 πιεριξττατοῦσιν,⁷
2958 1806 2992 1876 ἢ
3023 1805 3132 1877 γὰρ
3185 1805 3251 1859 ἂν
3279 1779 3672 1876 ἐμυσάχθησαν
3701 1803 3804 1881 τὴν

525 1887 899 1956 segregabam.
923 1885 1242 1954 Legisperiti
1267 1898 1397 1938 vero
1425 1883 1629 1939 Scriba:
1658 1889 1811 1938 erant
1835 1893 1888 1938 et
1918 1884 2104 1938 docto-

526 1991 632 2040 res,
669 1978 758 2044 qui
795 1975 1070 2030 solvebant
1096 1974 1420 2044 qnaestiones
1461 1974 1613 2042 legis.
1649 1972 1960 2029 Ouerahant
1996 1974 2101 2028 ita-

524 2079 632 2135 que
659 2064 903 2119 homincs
940 2063 1199 2134 gravibus
1217 2074 1270 2118 et
1300 2060 1750 2129 intolerabilibus,
1785 2069 2103 2119 mandautcs

528 2172 589 2209 ea
621 2171 741 2224 qua:
786 2156 840 2209 in
907 2154 1024 2224 lege
1052 2156 1342 2209 observata
1381 2153 1637 2220 difﬁcilia,
1677 2166 1730 2210 et
1785 2156 1883 2224 ipsi
1928 2169 2102 2224 neque

524 2249 690 2319 digito
723 2248 1059 2316 attingebant
1093 2261 1297 2302 onera:
1337 2248 1436 2302 hoc
1479 2258 1582 2308 cst,
1618 2248 1716 2314 ipsi
1752 2248 1882 2302 nihil
1913 2263 1976 2303 ex
2014 2247 2102 2302 his

523 2355 643 2407 qua:
673 2339 796 2392 aliis
840 2338 1200 2405 imperabant,
1243 2336 1538 2392 faciebant.
1588 2337 1722 2392 Nam
1757 2339 1972 2407 quando
2001 2339 2098 2393 do-

521 2447 651 2486 cens
689 2429 816 2484 facit
854 2444 970 2497 quaa
1021 2430 1200 2493 docet,
1249 2429 1468 2483 alleviat
1518 2445 1708 2494 onera,
1744 2431 2102 2500 exemploque

520 2539 618 2579 suo
647 2522 1072 2578 consolationem
1108 2521 1264 2577 ali‘ert
1313 2522 1611 2592 discipulis.
1643 2521 1870 2589 Quando
1921 2534 2100 2579 autem

522 2615 653 2672 nihil
682 2615 1047 2670 horum-facil
1074 2630 1193 2685 quae
1224 2615 1400 2681 docct,
1457 2627 1583 2672 tunc
1613 2632 1733 2686 quin
1777 2618 1934 2672 docet
1976 2633 2102 2689 gra-

521 2711 671 2763 viora
715 2722 879 2761 onera
909 2707 1161 2762 videntur
1192 2707 1493 2774 discipulis,
1542 2717 1796 2776 tanquam
1826 2723 1946 2779 quae
1975 2723 2040 2763 ne
2073 2723 2102 2762 a

522 2799 744 2853 doctore
787 2797 1004 2868 quidem
1068 2797 1248 2865 perfici
1310 2809 1533 2866 queant.
1591 2799 1838 2854 Deciarat
1890 2814 2105 2871 quoque

522 2888 785 2944 Dominus
832 2887 1046 2944 Judzeos
1087 2895 1309 2959 nepotes
1337 2899 1460 2944 esse
1501 2905 1564 2945 ac
1610 2891 1851 2947 itteredes
1883 2892 2103 2946 malitiae

520 2982 674 3046 Cain,
703 2996 766 3035 eo
798 2981 938 3049 quod
975 2981 1104 3035 dicit
1141 2979 1281 3049 quod
1320 2980 1498 3036 omnis
1537 2982 1780 3052 sanguis,
1803 2981 2006 3037 eﬁ‘usus
2035 2983 2101 3037 ab

518 3073 649 3127 Abel
683 3088 852 3142 usque
886 3074 952 3127 ad
984 3071 1330 3138 Zachariam,
1361 3089 1389 3127 a
1424 3074 1642 3128 natione
1672 3073 1760 3126 illa
1792 3083 2097 3142 expetetur.

520 3163 733 3216 Etenim
794 3177 887 3216 vos
939 3163 1249 3232 prophetas,
1301 3165 1391 3232 qui
1444 3173 1600 3217 erant
1661 3162 1860 3218 fratres
1912 3165 2099 3231 vestri,

520 3254 817 3319 occidistis,
839 3256 982 3308 sicut
1005 3255 1093 3310 ille
1119 3255 1274 3310 Abel.
1302 3255 1456 3311 Unde
1477 3255 1696 3324 quidam
1731 3272 1835 3310 non
1869 3257 2102 3311 absurde

520 3356 943 3402 numeravertutt
969 3346 1102 3402 Cain
1147 3349 1287 3403 inter
1318 3362 1411 3403 eos
1445 3348 1536 3417 qui
1567 3349 1859 3418 prophetas
1886 3349 2101 3403 occide-

519 3448 668 3503 runt,
691 3453 720 3491 a
750 3454 858 3507 quo
881 3439 1132 3494 vindictae
1149 3442 1432 3511 exquisita:
1450 3451 1580 3495 sunt
1607 3454 1816 3511 septem
1836 3444 2100 3514 supplicio

520 3531 724 3585 scilicet
752 3517 996 3586 leviore-3
1022 3530 1255 3587 Lameclt
1284 3533 1355 3566 δ’·
1382 3544 1559 3588 autem
1594 3535 1735 3590 inter
1766 3551 1858 3590 eos
1887 3536 1976 3604 qui
2005 3551 2099 3591 oc-

519 3619 772 3674 ciderunt
790 3619 1086 3674 Christum.
1114 3618 1179 3674 Et
1212 3622 1332 3676 ideo
1361 3622 1671 3693 septuagies
1698 3631 1903 3692 septem
1941 3621 2100 3676 ultio-

520 3724 619 3765 nes
652 3710 940 3776 dederunt,
984 3711 1212 3780 dispersi
1250 3712 1303 3765 in
1353 3713 1742 3781 captivitatem,
1782 3729 1810 3766 a
1844 3729 1948 3781 qua
1993 3729 2097 3766 non

522 3801 794 3856 redibunt.
826 3801 960 3868 Quis
990 3809 1172 3857 autem
1207 3803 1306 3856 fuit
1338 3802 1652 3868 Zacharias,
1692 3818 1850 3872 quem
1883 3805 2099 3858 occide-

520 3902 648 3947 runt
693 3895 831 3949 inter
868 3897 1124 3964 templum
1173 3909 1227 3949 et
1261 3894 1476 3950 altare?
1509 3895 1610 3949 Alii
1646 3896 1861 3965 quidem
1915 3896 2102 3952 dicunt

520 3985 686 4042 fuisse
711 3987 946 4056 priscum
970 3985 1287 4042 Zachariam
1313 3988 1479 4041 illium
1509 3987 1733 4051 Joiadm,
1758 4004 1914 4057 quem
1936 3990 2098 4061 363

519 4079 846 4145 lapidarunt,
891 4089 949 4131 ut
980 4078 1236 4133 discimus
1286 4094 1350 4131 ex
1397 4077 1534 4133 libro
1569 4078 1798 4148 Regum.
1831 4079 1934 4134 Alii
1973 4095 2098 4134 vero

518 4179 730 4240 patrem
788 4167 1168 4232 Pracursoris,
1202 4186 1264 4223 eo
1297 4172 1437 4238 quod
1489 4170 1577 4224 ille
1624 4173 1971 4226 ordinaverat
2005 4173 2096 4226 Dei

519 4261 849 4317 Cenitricem
895 4277 1016 4317 cum
1061 4262 1359 4331 virginibus
1389 4263 1555 4317 etiam
1605 4273 1887 4332 postquam
1933 4280 2099 4335 pepe-

519 4354 683 4408 risset
727 4353 1024 4420 Ch'iSlilm,
1075 4364 1128 4406 et
1161 4355 1520 4407 constituerat
1564 4370 1683 4408 eam
1717 4356 1769 4408 in
1827 4356 1944 4410 loco
1993 4371 2099 4426 quo

2205 1898 2409 1953 ἔσωθεν
2454 1897 2808 1968 βδελυγμίαν.
2854 1897 2914 1950 '0
2948 1899 3004 1951 δέ
3045 1899 3272 1968 νομικὸς
3305 1900 3552 1969 ἀνοήτως
3595 1898 3805 1964 ὐπὰγει

2206 1988 2400 2042 ἐαυτὸν
2429 1987 2508 2059 τῷ
2539 1987 2767 2059 ἐλέγχῳ.
2807 1988 2992 2042 ’Λλλοι
3032 1989 3089 2042 δὲ
3133 1985 3274 2060 ἦσαν
3306 1991 3354 2042 oi.
3397 1989 3616 2060 νομικοὶ
3649 1989 3806 2060 παρὰ

2204 2082 2331 2143 τοὺς
2356 2079 2704 2150 Φαρισαίους.
2734 2081 2799 2134 Oi.
2843 2081 2941 2151 μέν
2983 2080 3403 2151 γὰρτΦαρισαῖοι
3441 2081 3517 2145 ὡς
3562 2082 3808 2150 ἀσκηταὶ

2202 2172 2445 2238 ἐδόκουν,
2467 2172 2561 2224 καὶ
2588 2172 3032 2243 ἀποκεκομμένοι
3059 2171 3166 2225 τῶν
3198 2172 3392 2228 ἄλλων.
3415 2174 3479 2225 Oi
3507 2172 3561 2225 δέ
3583 2174 3806 2242 νομικοὶ

2205 2264 2562 2335 Γραμματεῖς
2594 2259 2734 2336 ἦσαν
2779 2265 2874 2318 καὶ
2914 2265 3248 2331 διδάσκαλοι,
3284 2267 3398 2328 τοῖς
3449 2265 3807 2334 βουλομένοις

2205 2355 2274 2408 τὰ
2300 2355 2395 2409 τοῦ
2423 2357 2590 2427 νόμου
2610 2354 2902 2428 ζητήματα
2931 2355 3172 2420 λύοντες.
3211 2357 3530 2427 Ἐφόρτιζον
3555 2354 3651 2409 οὖν
3675 2356 3806 2420 τοὺς

2206 2448 2530 2522 ἀνθρώπους
2555 2449 2728 2520 βαρέα
2755 2451 2848 2504 καὶ
2869 2450 3257 2504 δυσϐάστακτα
3282 2451 3331 2504 οἱ
3353 2450 3594 2522 νομικοὶ,
3622 2451 3808 2503 ἐντελο

2203 2541 2420 2612 λόμενοι
2449 2542 2637 2606 αὐτοῖς
2660 2542 2729 2596 τὰ
2761 2541 2854 2596 τοῦ
2885 2541 3053 2614 νόμου
3083 2542 3440 2610 δυσφύλακτα
3469 2543 3807 2614 παρατηρή-

2173 2620 2178 2622 ’
2210 2652 2374 2704 ματα,
2427 2635 2581 2689 αὐτοὶ
2629 2635 2684 2689 δὲ
2715 2635 2793 2707 τῷ
2831 2635 3080 2707 δακτύλῳ
3125 2628 3304 2690 αὐτῶν
3333 2635 3394 2688 οὐ
3445 2636 3804 2705 προσέψαυον

2207 2728 2321 2789 τοῖς
2370 2727 2632 2796 φορτίοις,
2687 2727 2992 2790 τουτέστιν,
3035 2727 3192 2781 αὐτοὶ
3241 2726 3415 2794 οὐδὲν,
3468 2727 3530 2793 ἐξ
3579 2721 3658 2779 ὧν
3689 2729 3807 2787 τοῖς

2208 2815 2388 2879 ἄλλοις
2422 2817 2737 2880 ὲπέταττον,
2776 2816 3067 2888 ἔπραττον.
3103 2817 3274 2872 Ὅταν
3319 2817 3419 2888 μὲν
3453 2817 3563 2888 γὰρ
3595 2819 3624 2871 ὁ
3655 2817 3806 2871 διδα-

2210 2926 2357 2962 σκων
2385 2909 2602 2978 πράττῃ
2648 2907 2684 2962 ἃ
2717 2909 2982 2975 διδάσκει,
3031 2909 3400 2980 ἐπελαφρύνει
3446 2909 3518 2963 τά
3573 2909 3804 2980 φορτία,

2209 3000 2515 3068 ὑπόδειγμα
2543 2999 2718 3063 διδοὺς
2769 2999 2985 3067 ἐαυτὸν,
3033 3002 3129 3056 καλ⁵
3158 3002 3508 3074 παρηγορίαν
3548 3003 3804 3070 ἐμποιῶν

2207 3092 2316 3152 τοῖς
2336 3090 2769 3158 διδασκομένοις.
2803 3091 2973 3147 Ὅταν
2999 3092 3057 3146 δὲ
3086 3093 3240 3146 οὐδὲν
3271 3088 3346 3147 ὧν
3369 3093 3520 3161 λέγει
3548 3093 3796 3164 πράττῃ,

2210 3181 2510 3249 τηνικαῦτα
2539 3181 2712 3254 βαρέα
2736 3184 2904 3247 ὅντως
2927 3183 2994 3238 τά
3022 3183 3220 3257 φορτία
3244 3184 3393 3239 δοκεῖ
3413 3186 3525 3249 τοῖς
3554 3184 3810 3238 διδασκο-

2215 3276 2416 3342 μένοις,
2447 3274 2521 3337 ὠς
2552 3276 2685 3346 μηδέ
2711 3278 2860 3346 παρά
2879 3275 2974 3328 τοῦ
3006 3276 3330 3331 διδασκάλου
3356 3276 3635 3345 δυνάμενα
3671 3293 3808 3330 κατ-

2209 3364 2538 3435 ορθωθῆναι.
2587 3366 2873 3436 Ἐμφαίνει
2915 3366 2971 3419 δὲ
3027 3368 3054 3419 ό
3086 3367 3294 3438 Κύριος
3332 3366 3462 3431 τοὺς
3505 3367 3807 3430 Ἰουδαίους

2209 3455 2507 3521 ἀπογόνους
2545 3457 2640 3509 καὶ
2680 3457 3055 3527 κληρονόμους
3085 3457 3193 3526 ’τῆς
3249 3459 3447 3523 κακίας
3502 3459 3596 3511 τοῦ
3637 3459 3804 3524 Κάῐν,

2208 3546 2294 3599 διὰ
2325 3546 2415 3599 τοῦ
2441 3547 2618 3616 λέγειν
2649 3547 2731 3601 ὅτι
2767 3551 2874 3602 πᾶν
2901 3546 3044 3618 αἷμα
3075 3551 3306 3620 ἐκχυθὲν
3358 3551 3466 3605 ἀπὸ
3502 3551 3671 3604 Ἀϐελ
3698 3552 3808 3615 ἕως

2208 3639 2300 3692 τοῦ
2324 3641 2594 3711 Ζαχαρίου
2624 3642 3064 3713 ἀπαιτηθήσεται
3095 3645 3204 3698 ἀπὸ
3225 3645 3325 3714 τῆς
3349 3646 3544 3713 γενεᾶς
3569 3645 3803 3714 ταύτης.

2209 3734 2320 3785 Καὶ
2364 3734 2493 3804 γὰρ,
2531 3735 2718 3805 φησὶν,
2752 3737 2908 3807 ὑμεῖς
2953 3737 3216 3807 ἀδελφοὺς
3252 3739 3410 3800 ὄντας
3468 3739 3626 3808 ὑμῶν
3674 3740 3806 3802 τοῦς

2211 3825 2496 3894 προφήτας
2525 3827 2878 3894 ἐφονεύσατε,
2904 3828 2976 3891 ὼς
3008 3830 3258 3892 κάκεῖνος
3287 3829 3378 3882 τὸν
3411 3829 3600 3881 Ἀϐελ.
3633 3828 3806 3880 Ὅθεν

2209 3919 2307 3968 οὐκ
2335 3915 2546 3985 ἀλόγως
2576 3919 2718 3981 τινὲς
2750 3920 2843 3972 τὸν
2873 3920 2972 3988 μὲν
3006 3923 3148 3973 Kcith
3175 3923 3254 3984 εἰς
3295 3921 3386 3974 τὸν
3419 3921 3546 3983 τοὺς
3576 3922 3803 3990 προφτξ-

2209 4023 2306 4068 τας
2350 4006 2749 4060 ἀποκτείναντα
2791 4009 2916 4061 λαὸν
2965 4009 3299 4075 ἐξελάϐοντο,
3351 4008 3443 4078 ἀφ’
3475 4004 3537 4063 οῦ
3589 4010 3803 4061 ἐκδεδε-

2209 4115 2403 4168 κηνται
2450 4097 2608 4161 ἐπτά,
2650 4100 2993 4172 ἐλαφροτέρᾳ
3038 4102 3239 4171 δηλαδὴ
3282 4101 3557 4172 τιμωρία·
3608 4103 3703 4154 τὸν
3745 4103 3805 4155 δὲ

2207 4190 2398 4258 Λάμεχ
2434 4189 2511 4250 εἰς
2546 4189 2670 4253 τοὺς
2695 4190 3125 4255 ἀποκτείναντας
3158 4193 3248 4246 τὸν
3273 4193 3534 4263 Χριστὸν,
3577 4193 3659 4246 διὸ
3705 4196 3804 4246 καὶ

2209 4281 2670 4350 ἑϐδομηκοντάκις
2695 4283 2836 4336 ἐπτά
2861 4284 3263 4352 ἐκδεδίκηνται,
3301 4287 3380 4348 είς
3411 4286 3801 4354 αἰχμαλωσίαν

2209 4373 2600 4442 διασπαρέντες
2619 4376 3050 4446 ἀνυπόστροφον.
3077 4378 3171 4440 Τίς
3195 4378 3249 4430 δὲ
3274 4373 3340 4448 ἦν
3364 4379 3472 4448 ἄρα
3499 4379 3799 4449 Ζαχαρίας,

519 4445 623 4499 illa:
651 4453 797 4498 stant
829 4464 842 4500 :
878 4446 965 4501 hic
994 4447 1136 4499 enim
1172 4446 1322 4500 locus
1351 4457 1432 4500 est
1465 4447 1603 4501 inter
1635 4447 1888 4517 templum
1922 4461 1974 4502 et
2015 4451 2098 4503 al-

2208 4463 2265 4515 ὃν
2295 4465 2593 4531 ἐφόνευσαν
2621 4468 2824 4536 μεταξὺ
2845 4469 2938 4523 τοῦ
2971 4471 3100 4522 ναοῦ
3125 4470 3331 4522 καὶτοῦ
3363 4469 3796 4540 θυσιαστηρίους

519 4543 660 4600 tare,
693 4537 836 4604 quod
869 4547 951 4590 est
1000 4549 1153 4590 extra
1187 4553 1410 4603 aereum,
1460 4549 1513 4592 et
1560 4550 1842 4606 propterea
1883 4544 2098 4595 occide-

522 4635 648 4679 runt
673 4641 814 4679 eum.
840 4625 978 4678 Nam
1011 4628 1133 4693 quia
1166 4628 1557 4694 exspectabant
1586 4629 1803 4695 quidam
1824 4630 2094 4686 Christum

521 4732 703 4788 regem
733 4732 886 4771 suum
919 4718 1182 4784 futurum,
1208 4721 1461 4773 nolebant
1494 4731 1672 4773 autem
1711 4735 1891 4790 regem
1935 4725 2094 4791 ferre,

522 4808 642 4864 ideo
681 4809 998 4863 occiderunt
1045 4817 1312 4876 sanctum,
1357 4809 1450 4879 qui
1486 4822 1800 4866 asseruerat
1836 4814 2093 4882 virginem

520 4899 814 4968 peperisse,
866 4909 922 4952 et
969 4899 1240 4954 Christum
1328 4911 1511 4955 natum
1572 4915 1692 4957 esse
1755 4915 2097 4970 regnaturum

522 5004 685 5058 super
724 5007 836 5056 eos,
878 4990 1021 5058 quod
1069 4993 1492 5047 adversabantur
1524 4996 1767 5064 :absque
1800 4997 1958 5053 enim.
1979 5012 2101 5066 rege

528 5083 777 5136 volebant
808 5100 943 5137 esse.

525 5175 749 5244 χαλκοῦ.
788 5179 881 5226 Διὰ
919 5176 1075 5229 τοῦτο
1104 5179 1282 5230 τοίνυν
1316 5181 1609 5245 ἐφόνευσαν
1649 5184 1826 5237 αὐτόν.
1874 5186 2024 5238 Ἐπεὶ
2048 5189 2153 5259 γὰρ
2192 5197 2532 5264 προσεδόκων
2562 5201 2703 5264 τινὲς

525 5285 632 5329 νον,
667 5269 765 5318 οὐκ
797 5268 983 5334 ἤθελον
1011 5271 1067 5322 δὲ
1097 5270 1504 5339 βασιλευθῆναι,
1560 5275 1745 5329 τούτου
1792 5278 1954 5332 ἕνεκα
1994 5281 2286 5348 ἐφόνευσαν

527 5359 620 5408 καὶ
647 5359 673 5407 ὁ
708 5359 940 5427 Χριστὸς
973 5361 1231 5431 ἐγεννήθη
1259 5362 1285 5413 ό
1313 5363 1519 5432 μέλλων
1570 5366 1746 5419 αὐτῶν
1784 5367 2117 5438 βασιλεύειν,

598 5449 759 5504 Vens.
826 5451 1014 5505 52-54.
1063 5473 1080 5504 ι
1181 5455 1267 5510 Vae
1338 5458 1490 5511 vobis
1552 5460 1891 5530 legisperitis,
1965 5466 2091 5533 quia

529 5544 728 5596 tulistis
765 5545 966 5599 clavem
1002 5549 1239 5602 scientiae
1274 5567 1286 5603 :
1325 5551 1424 5620 ipsi
1460 5566 1574 5607 non
1613 5554 1900 5623 introistils,
1923 5567 1977 5611 et
2009 5572 2100 5612 eos

2206 5563 2297 5631 τῆς
2329 5565 2602 5632 γνώσεως·
2639 5571 2791 5624 αὐτοὶ
2814 5575 2911 5626 οὐκ
2939 5578 2984 5627 εί

528 5637 615 5703 qui
655 5637 965 5704 introibant,
1003 5639 1270 5696 vetuistis.
1296 5643 1428 5698 Cum
1477 5653 1655 5699 autem
1708 5647 1822 5704 haec
1869 5650 1935 5706 ad
1982 5650 2101 5705 illos

600 5724 670 5756 ³⁸⁸
708 5727 840 5780 Gen.
876 5744 944 5782 tv.

2210 4558 2270 4608 Οἱ
2302 4557 2399 4626 μὲν
2422 4559 2643 4625 λέγουσι
2670 4561 2759 4612 τὸν
2785 4563 3007 4631 ἀρχαῖον
3034 4563 3310 4632 Ζαχαρίαν
3340 4564 3432 4615 τὸν
3452 4562 3545 4615 τοῦ
3591 4565 3797 4629 Ίωάδε,

2209 4650 2301 4700 καὶ
2346 4648 2402 4698 ὃν
2431 4649 2839 4717 ἐλιθοϐόλησαν,
2890 4651 2966 4715 ὡς
2999 4653 3111 4705 ἐστι
3153 4653 3345 4724 μαθεῖν
3385 4658 3448 4709 ἐκ
3477 4657 3577 4728 τῆς
3609 4657 3798 4728 βίϐλου

2207 4739 2312 4790 τῶν
2349 4740 2649 4792 Βασιλειῶν
2683 4759 2696 4774 ·
2744 4745 2790 4795 οἱ
2837 4743 2890 4796 δὲ
2936 4745 3024 4798 τὸν
3060 4747 3270 4816 πατέρα
3305 4747 3399 4800 τοῦ
3448 4751 3796 4822 Προδρόμου,

2205 4827 2390 4880 τοῦτον
2437 4831 2544 4899 γάρ
2575 4831 2813 4898 τάξαντα
2849 4836 2948 4903 τὴν
2978 4836 3238 4890 Θεοτὸκον
3275 4841 3414 4906 μετά
3443 4839 3553 4895 τῶν
3589 4843 3800 4913 παρθέ-

2207 4936 2312 4971 νων
2343 4923 2478 4988 ειετά
2506 4924 2564 4973 τὸ
2599 4927 2776 4978 τεκεῖν
2803 4928 2894 4978 τὸν
2925 4928 3182 4997 Χριστὸν,
3219 4930 3313 4982 καὶ
3349 4934 3630 5002 στήσαντα
3662 4936 3795 4986 ταύ-

2200 5029 2297 5080 την
2329 5015 2384 5064 ἐν
2413 5015 2485 5082 τῷ
2519 5017 2668 5085 τόπῳ
2707 5020 2763 5070 ἐν
2791 5011 2833 5084 ᾧ
2864 5020 3069 5074 ἐκεῖναι
3102 5022 3351 5076 Zarat/10‘
3387 5025 3415 5076 ὸ
3443 5024 3498 5077 δὲ
3527 5027 3694 5091 τόπος
3726 5024 3795 5098 ἦν

2204 5106 2407 5171 μεταξὺ
2441 5107 2534 5158 τοῦ
2571 5108 2698 5160 ναοῦ
2732 5110 2824 5161 καὶ
2873 5112 2967 5163 τοῦ
2998 5113 3390 5182 θυσιαστηρίου
3423 5118 3514 5168 τοῦ
3547 5117 3654 5183 ἔξω
3699 5119 3794 5170 τοῦ

2731 5204 2820 5254 τὸν
2859 5206 3097 5274 Χριστὸν
3134 5209 3356 5278 βασιλέα
3387 5214 3570 5266 αὐτῶν
3599 5215 3796 5281 ἐσόμεο

2346 5292 2439 5342 τὸν
2480 5293 2657 5359 ἀγιον,
2689 5295 2762 5355 ὡς
2797 5295 3120 5364 βεϐαιοῦντα
3160 5305 3242 5357 ὅτι
3273 5307 3544 5377 παρθένος
3586 5308 3790 5389 ἔτεκεν⁹

2171 5377 2306 5449 ὅπερ
2358 5384 2793 5453 ἀπεστρέφοντο·
2847 5390 3190 5447 ἀϐασίλευτοι
3250 5398 3357 5466 γὰρ
3392 5401 3586 5469 ἤθελον
3633 5377 3789 5456 εἴναιῖ

2277 5491 2294 5522 ι
2339 5475 2476 5527 Οὐαὶ
2505 5477 2633 5546 ὑμῖν
2662 5481 2773 5543 τοῖς
2806 5487 3071 5550 νομικοῖς,
3121 5487 3200 5540 δτι
3254 5489 3422 5561 ᾔρατε
3457 5497 3557 5563 τὴν
3610 5497 3790 5550 κλεῖδα

2994 5577 3240 5647 σηλθετε,
3268 5583 3513 5647 καὶτοὺς
3548 5589 3790 5660 εἰσερχο-

2208 5656 2401 5722 μένους
2435 5660 2766 5719 ἐκωλύσατε.
2804 5667 3068 5735 Λέγοντος
3118 5673 3173 5724 δὲ
3219 5675 3380 5728 αὑτοῦ
3431 5678 3609 5734 ταῦτα
3656 5656 3787 5739 πρὸς
