4030 6482
226 448 336 514 873

935 448 1392 514 ENA'RRATIO
1433 450 1516 511 ΙΝ
1551 450 2061 512 EVANGELIUM
2101 451 2340 514 LUCzE.
2385 477 2454 488 -
2506 454 2667 516 CAP.
2722 457 2832 516 XI.

3451 461 3560 529 874

226 564 451 628 αὐτοὺς,
508 561 745 634 ἤρξαντο
801 561 850 613 οἱ
903 561 1262 632 Γραμματεῖς
1301 567 1394 618 καὶ
1449 566 1497 616 o‘!
1553 566 1840 637 φαρισαῖοι

1962 565 2179 634 liceret,
2219 579 2515 639 coeperunt
2571 567 2872 640 lcgispcrit'i
2909 578 2964 624 et
3001 570 3260 629 Pharisaei
3321 577 3560 643 graviter

223 656 419 719 δεινῶς
442 657 670 724 ἐνέχειν,
692 655 784 707 καθ.
807 655 1279 725 ἀποστοματίζειν
1315 657 1482 710 αύτόν
1510 657 1640 729 περὶ
1660 657 1844 710 πλειό-

225 769 354 817 νων,
389 748 767 820 ἐνεδρεύοντες
809 747 996 813 αὑτὸν,
1060 748 1357 819 ζητοῦντες
1396 749 1663 821 θηρεῦσαί
1693 769 1746 804 τι
1780 753 1844 804 ὲκ

221 844 320 898 τοῦ
376 844 645 914 στόματος
682 841 876 907 αὑτοῦ,
915 843 1003 896 ἵνα
1041 845 1506 914 κατηγορήσωσιν
1561 844 1730 899 αὐτοῦ
1820 864 1836 895 ι

224 934 434 991 Κλεῖδα
463 936 720 1003 γνώσεως
748 933 1039 1004 ὠνόμασεν
1062 935 1089 986 6
1114 935 1319 1006 Κύριος
1340 935 1436 1006 τὴν
1470 935 1842 999 διδασκαλίαν,

222 1031 322 1083 καὶ
350 1029 451 1100 τὴν
478 1028 570 1081 διὰ
604 1026 699 1082 τοῦ
729 1028 897 1098 νόμου
935 1028 1314 1099 χειραγωγίαν
1336 1030 1644 1100 δυναμένου
1678 1046 1847 1101 προσ-

221 1123 380 1192 άγειν
419 1123 500 1193 τῷ
562 1121 812 1194 Χριστῷ.
863 1120 920 1175 Ὀ
979 1122 1089 1192 γὰρ
1123 1121 1286 1194 νόμος
1325 1122 1672 1194 χειραγωγδς
1706 1124 1843 1178 πάν-

219 1237 333 1282 τως
356 1219 436 1282 είς
467 1218 732 1290 Χριστόν.
758 1217 827 1271 οι
843 1217 1029 1270 τοίνυν
1065 1219 1284 1288 νομικοὶ
1304 1218 1399 1270 τὸν
1428 1219 1594 1286 νόμον
1620 1218 1846 1270 δοκοῦν-

217 1327 313 1373 τες
349 1309 704 1380 ἑρμηνεύειν,
744 1310 847 1380 τὴν
895 1310 1086 1364 κλεῖδα
1123 1310 1223 1381 τῆς
1277 1309 1540 1377 γνώσεως
1589 1311 1847 1380 κατεῖχον

219 1401 608 1472 ἐθελοκὰκως,
633 1404 728 1458 καὶ
776 1404 877 1457 οὐκ
911 1405 1133 1475 ἤνοιγον
1181 1402 1278 1467 τὰς
1313 1400 1409 1455 τοῦ
1445 1403 1613 1471 νόμου
1649 1399 1845 1472 θύρας,

219 1497 313 1551 ινα
352 1495 421 1549 δι’
452 1497 636 1552 αὐτῶν
671 1495 995 1551 εἰσέλθωσιν
1029 1497 1186 1550 αὐτοί
1235 1513 1294 1548 τε
1320 1495 1416 1550 καὶ
1468 1497 1496 1549 6
1537 1495 1666 1559 λαὸς
1709 1495 1848 1565 πρὸς

218 1591 487 1664 Χριστόν.
526 1593 686 1645 Ἔστι
714 1591 770 1645 δὲ
803 1595 830 1645 6
854 1593 1020 1663 νόμος
1054 1592 1197 1662 θύρα
1228 1594 1308 1656 εἰς
1341 1591 1610 1663 Χριστόν*
1647 1589 1789 1662 πλὴν
1814 1590 1848 1660 ἡ

220 1686 369 1757 θύρα
403 1685 547 1756 αὕτη
591 1685 962 1757 κεκλεισμένη
1000 1686 1173 1751 ἐστὶν,
1209 1686 1304 1740 ἐὰν
1358 1687 1433 1756 μή
1474 1701 1558 1747 τις
1584 1684 1683 1754 τὴν
1713 1683 1852 1737 ἀσά-

222 1798 387 1851 φειαν
406 1779 500 1834 τοῦ
521 1781 692 1852 νόμου
713 1780 994 1853 σαφηνίζῃ
1015 1781 1110 1833 καὶ
1135 1779 1403 1854 διανοὶγῃ.
1425 1780 1538 1834 Καὶ
1561 1777 1668 1851 γὰρ
1691 1781 1718 1831 6
1735 1778 1851 1830 Κύ-

227 1891 350 1944 ριος
398 1869 555 1927 εἶπεν
581 1891 594 1904 ·
645 1892 660 1924 ι
702 1874 764 1928 Εἰ
799 1873 1123 1928 ἐπιστεύετε
1164 1876 1376 1940 Μωσεί,
1428 1875 1745 1929 ἐπιστεύετε
1785 1873 1852 1928 ἂν

1957 656 2218 715 insistere
2249 669 2305 716 ct
2338 661 2584 730 captiose
2615 676 2740 717 eum
2770 662 3116 733 interrogare
3148 664 3214 719 de
3244 666 3451 735 multis,
3479 668 3560 722 in»

1955 753 2220 812 sidiantes
2235 757 2315 820 ei,
2338 763 2391 811 et
2419 765 2729 823 quaerentes
2753 755 2959 826 aliquid
2989 757 3178 828 venari
3205 773 3270 813 ex
3295 773 3389 814 ore
3418 761 3559 831 ejus,

1957 862 2065 918 quo
2111 856 2442 904 accusarent
2474 864 2622 904 cum.
2664 867 2684 902 ι
2720 848 2942 907 Clavem
2980 851 3224 905 scienti:e
3258 854 3561 909 nominavit

1961 943 2224 998 Dominus
2273 942 2582 998 doctrinam
2619 952 2674 998 et
2707 943 2844 1013 legis
2897 945 3403 1011 manuduetionem,
3439 962 3562 1019 qua

1961 1035 2174 1091 valebat
2190 1035 2462 1091 adducere
2483 1035 2548 1090 ad
2579 1035 2885 1091 Christum.
2913 1035 3027 1091 Lex
3050 1037 3194 1091 enim
3219 1039 3442 1094 omnino
3463 1054 3562 1095 nos

1958 1129 2025 1182 ad
2055 1127 2340 1183 Christum
2391 1124 2730 1185 manuduci‘t.
2765 1128 3090 1212 Legisperiti
3124 1129 3311 1200 igitur,
3336 1133 3428 1203 qui
3457 1133 3559 1189 sibi

1964 1230 2116 1278 recte
2158 1221 2332 1292 legem
2383 1222 2734 1292 interpretari
2775 1222 3121 1288 videbantur,
3169 1225 3414 1282 scientiae
3451 1226 3565 1282 cla-

1959 1329 2079 1370 vem
2127 1315 2366 1386 maligne
2401 1317 2684 1382 tenebant,
2736 1325 2788 1371 et
2845 1332 2955 1373 non
3001 1318 3324 1387 aperiebant
3370 1319 3566 1387 ianuas

1958 1406 2116 1476 legis,
2147 1423 2246 1479 per
2277 1424 2415 1480 quas
2451 1409 2726 1464 intrarent
2758 1419 2811 1463 et
2844 1410 2943 1479 ipsi
2972 1420 3028 1465 et
3050 1411 3284 1480 populus
3309 1411 3382 1473 ad,
3403 1413 3564 1469 ChriA

1960 1507 2130 1567 stum,
2175 1499 2623 1569 quandoquidem
2662 1499 2758 1556 lex
2806 1501 2973 1568 janua
3023 1511 3106 1557 est
3149 1503 3216 1558 ad
3256 1503 3561 1574 Christum.

1960 1588 2355 1646 Verumtamen
2383 1590 2554 1659 janua
2590 1591 2693 1646 ista
2728 1591 2915 1648 clausa
2945 1601 3050 1658 est,
3080 1594 3183 1648 nisi
3217 1595 3341 1666 quis
3374 1595 3566 1653 obscu-

1962 1685 2182 1740 ritatem
2224 1683 2362 1756 legis
2396 1684 2714 1741 manifestet
2759 1693 2816 1740 et
2850 1688 3080 1756 aperiat,
3116 1687 3397 1756 faciatque
3446 1705 3566 1745 ma-

1963 1777 2241 1834 nifestam.
2275 1777 2494 1834 Etenim
2532 1779 2797 1836 Dominus
2827 1780 2965 1835 dixit
2996 1801 3008 1836 :
3045 1799 3064 1832 ι
3105 1781 3161 1838 Si
3197 1783 3566 1840 credidissetis

1965 1868 2132 1938 Mosi,
2187 1873 2504 1930 credissetis
2565 1874 2752 1944 utique
2820 1874 3040 1929 mihi“.
3093 1894 3114 1928 ι
3165 1875 3233 1931 Ει
3304 1878 3501 1932 iterum
3549 1896 3562 1932 :

221 1963 376 2035 ἐμοί.
404 1984 422 2016 ι
447 1966 562 2020 Καὶ
581 1965 768 2020 πάλινο
804 1986 822 2020 ι
849 1967 1140 2038 Ἐρευνᾶτε
1173 1968 1273 2031 τὰς
1299 1967 1548 2039 Γραφὰς,
1577 1967 1659 2020 ὅτι
1688 1961 1848 2022 αὗταί

1967 1965 2305 2022 Scrutamini
2339 1965 2676 2039 Scripturas,
2705 1968 2966 2038 quoniam
2999 1969 3115 2026 ista:
3149 1981 3276 2026 sunt
3307 1987 3429 2042 quae
3492 1985 3569 2026 te.

224 2058 371 2109 εἰσιν
399 2058 456 2111 αῖ
488 2059 871 2131 μαρτυροῦσαι
901 2060 1031 2131 περὶ
1061 2058 1220 2130 ἐμοῦ,
1253 2061 1349 2113 καὶ
1383 2060 1544 2130 ὑμεῖς
1574 2060 1633 2113 οὐ
1661 2059 1845 2113 θέλετε

222 2149 409 2204 ἐλθεῖν
447 2151 585 2223 πρός
609 2169 696 2223 με.
731 2173 749 2205 ι
781 2147 907 2207 υἷον
935 2152 1012 2217 ὡς
1052 2154 1144 2207 ἐπὶ
1181 2154 1319 2214 ἐνὸς.
1340 2153 1644 2218 ὑποδεῖξαι,
1678 2153 1848 2225 ἀμνὸς

219 2243 502 2312 ἐσφάζετο
519 2247 632 2309 τοῖς
661 2245 959 2310 Ἰουδαίοις,
982 2246 1230 2318 ἐχρίοντο
1249 2248 1304 2300 αἱ
1319 2246 1494 2316 φλιαὶ,
1514 2247 1610 2300 καὶ
1625 2246 1695 2299 τὰ
1712 2246 1850 2318 κρέα

220 2333 440 2406 ἤσθιον,
461 2336 569 2391 ,καὶ
603 2331 672 2409 ἦν
703 2336 889 2400 αὐτοῖς
926 2337 1050 2407 νίκη
1095 2335 1259 2392 τοῦτο
1299 2336 1440 2390 κατὰ
1471 2335 1564 2388 τοῦ
1594 2335 1852 2406 ὀλοθρευ-

219 2428 346 2484 τοῦ.
388 2428 563 2483 Τοῦτο
589 2430 647 2483 δὲ
679 2429 827 2486 ἅπαν
857 2431 918 2484 τὺ
965 2430 1061 2484 τοῦ
1095 2429 1341 2502 Χριστοῦ
1387 2431 1692 2502 μυστήριον
1724 2430 1848 2500 ἐδή-

219 2521 344 2584 λου,
402 2517 464 2576 οὗ
499 2521 578 2588 ὡς
617 2523 796 2596 ἀμνοῦ
839 2522 1078 2597 ἀμώμου
1111 2525 1206 2579 καὶ
1245 2522 1480 2578 ἀσπίλου
1517 2522 1849 2592 σφαγέντος,

220 2614 568 2686 ἐχρίσθησαν
591 2619 648 2672 αῖ
681 2617 955 2690 ἡμέτεραι
991 2618 1170 2687 φλιαῖ,
1211 2618 1385 2689 θυμὸς
1426 2617 1522 2673 καὶ
1555 2616 1849 2688 ἐπιθυμία,

221 2709 326 2762 καὶ
364 2708 426 2762 τὸ
478 2708 689 2763 τούτων
723 2693 1048 2782 ’ὑπέρθυρον
1088 2712 1149 2765 τὸ
1203 2712 1551 2781 λογιστικόν·
1597 2711 1695 2765 καὶ
1750 2712 1850 2781 τὴν

223 2801 416 2873 σάρκα
453 2802 549 2857 τοῦ
589 2803 723 2857 Υἱοῦ
753 2802 848 2857 τοῦ
883 2803 1180 2877 ἀνθρώπου
1222 2805 1532 2876 ἐφάγομεν,
1581 2806 1674 2857 καὶ
1708 2821 1851 2858 νενι-

221 2897 490 2969 κήκαμεν
528 2897 622 2951 τὸν
656 2897 756 2963 τὰς
797 2897 1042 2970 ψυχικὰς
1075 2899 1236 2970 ήμῶν
1274 2899 1539 2969 δυνάμεις
1584 2896 1850 2967 ὀλοθρεύ-

223 3008 385 3047 οντα.
411 2991 520 3046 Καὶ
551 2992 621 3045 τὰ
648 2991 823 3046 πλείω
852 2993 908 3046 δέ
936 2991 1030 3046 τοῦ
1056 2991 1229 3064 νόμου
1259 2993 1350 3046 τὸν
1380 2992 1622 3064 Χριστὸν
1649 2991 1854 3062 ὑπεδή-

224 3083 382 3139 λουν.
415 3082 830 3153 Κεκλεισμένος
862 3084 1050 3155 μέντοι
1081 3079 1152 3154 ἦν
1193 3083 1418 3154 ὁὶνόμος
1448 3084 1516 3156 τῇ
1553 3080 1647 3136 τοῦ
1671 3080 1854 3152 γράμ-

226 3193 411 3248 ματος
443 3175 708 3247 ἀσαφείᾳ,
751 3175 944 3249 ὥσπερ
971 3177 1080 3230 τινὶ
1112 3175 1274 3249 θύρᾳ.
1331 3174 1462 3228 Ἐὰν
1501 3172 1559 3228 δέ
1583 3191 1667 3238 τις
1706 3173 1854 3226 διδα-

227 3268 469 3324 σκαλίαν
523 3268 960 3341 ὲνεκεχείριστὸ,
1007 3262 1167 3333 οὗτος
1205 3264 1319 3339 εἶχε
1372 3267 1472 3339 τὴν
1522 3265 1713 3321 κλεῖδα
1751 3264 1856 3336 τῆς

1957 2055 2276 2110 stimonium
2302 2057 2591 2126 perhibent
2615 2062 2682 2113 de
2711 2073 2816 2114 me.
2844 2055 2911 2113 Et
2937 2075 3033 2115 vos
3053 2077 3158 2116 non
3190 2061 3353 2118 vultis
3381 2063 3595 2118 venire'

1967 2147 2031 2200 ad
2066 2162 2172 2203 me.
2206 2146 2274 2203 Et
2315 2159 2371 2203 ut
2405 2149 2638 2219 exempli
2670 2151 2846 2220 gratis
2878 2167 3047 2206 unum
3079 2154 3366 2209 ostendam
3404 2171 3417 2208 :
3468 2170 3568 2226 ag-

1964 2257 2068 2296 nus
2098 2241 2484 2296 immolabatur
2517 2258 2546 2295 a
2581 2241 2785 2297 Judaeis
2809 2283 2824 2309 ,
2868 2251 2924 2299 et
2954 2246 3297 2316 ungebantur
3330 2247 3565 2317 superli-

1960 2335 2214 2401 tniuaria,
2249 2343 2303 2389 et
2330 2348 2523 2391 carnes
2556 2336 2939 2403 comedebant,
3007 2347 3061 2392 et
3095 2349 3214 2393 erat
3241 2339 3322 2394 eis
3353 2341 3456 2395 hoc
3484 2342 3567 2394 vi-

1960 2429 2131 2482 etoria
2207 2435 2402 2482 contra
2479 2429 2990 2486 exterminalorem.
3052 2431 3413 2502 Signiﬁcabat
3463 2435 3568 2492 hoc

1957 2519 2122 2591 plane
2160 2520 2481 2592 mysterium
2517 2521 2745 2589 Christi,
2779 2538 2886 2592 quo
2927 2533 2985 2580 ut
3019 2539 3158 2595 agno
3213 2527 3564 2585 immaculato

1959 2623 2012 2669 ct
2062 2630 2197 2685 puro
2235 2616 2420 2672 occiso
2455 2615 2662 2686 perfusi
2715 2627 2843 2672 sunt
2899 2621 3072 2676 nostri
3110 2629 3316 2690 postes,
3376 2621 3457 2676 ira
3512 2632 3570 2676 et

1961 2708 2428 2777 concupiscentia,
2461 2719 2516 2764 et
2564 2710 2758 2764 horum
2803 2711 3250 2782 superliminare,
3285 2714 3568 2770 rationalis

1964 2800 2046 2855 vis
2086 2817 2098 2856 :
2135 2815 2472 2872 carnemque
2507 2800 2630 2856 Filii
2668 2804 2907 2858 hominis
2946 2805 3309 2871 comedimus,
3342 2815 3398 2861 et
3432 2807 3568 2861 vici—

1961 2908 2089 2948 mus
2126 2893 2345 2963 quidem
2381 2895 2648 2951 animales
2681 2896 2912 2954 virtutes
2965 2907 3186 2953 nostras
3224 2899 3563 2968 perdentem.

1962 2985 2033 3042 Et
2077 2987 2342 3056 pleraque
2371 2986 2425 3043 in
2459 2987 2578 3059 lege
2605 2987 2886 3046 Christum
2921 2989 3335 3060 significabant.
3367 2993 3564 3048 Clausa

1962 3079 2109 3135 enim
2138 3087 2258 3134 erat
2286 3079 2374 3134 lex
2423 3080 2765 3136 obscuritate
2798 3080 3014 3149 litterae,
3045 3065 3201 3152 quasi
3233 3083 3400 3154 janua
3431 3101 3571 3156 qm-

1961 3174 2106 3227 dam.
2142 3172 2200 3227 Si
2236 3181 2417 3229 autem
2452 3174 2694 3246 cuipiam
2740 3175 2990 3230 doctrina
3035 3179 3350 3234 concredita
3382 3179 3564 3245 fuerit,

1965 3265 2056 3323 hic
2095 3267 2262 3322 habet
2294 3265 2504 3322 clavem
2535 3267 2779 3324 scientia:
2812 3286 2826 3323 :
2857 3269 2903 3324 si
2956 3269 3210 3326 voluerit.
3233 3273 3471 3344 aperire,
3514 3285 3569 3329 et

223 3362 529 3432 γνώσεως·
567 3360 664 3414 καὶ
699 3362 747 3415 εί
774 3358 1062 3432 ὴόούλετο,
1089 3359 1304 3430 ἤνοιξεν
1350 3357 1439 3422 ἂν,
1473 3357 1570 3423 καὶ
1603 3357 1767 3420 αὐτός
1796 3373 1852 3410 τε

1965 3361 2083 3430 ipse
2113 3360 2364 3428 intrabit,
2396 3370 2448 3416 et
2481 3361 2602 3417 aliis
2659 3364 2765 3418 dux
2817 3365 2962 3419 erit:
2995 3363 3047 3420 id
3081 3366 3226 3436 quod
3266 3369 3569 3440 lcgisperiti

224 3455 482 3528 εἰσῆλθε,
514 3457 611 3511 καὶ
644 3455 830 3520 ἄλλοις
855 3454 1051 3524 ὁδηγδς
1085 3453 1327 3523 ἐγένετο,
1369 3453 1511 3523 ὅπερ
1549 3453 1601 3505 οἱ
1636 3450 1856 3526 νομικοὶ

221 3552 338 3606 οὐκ
376 3550 670 3623 ἐποίησαν,
724 3549 841 3604 ἀλλ’
880 3545 1030 3620 ἦραν
1067 3548 1170 3619 τὴν
1209 3546 1399 3601 κλεῖδα
1437 3546 1540 3616 τῆς
1574 3544 1854 3616 γνώσεως,

227 3647 523 3699 τουτέστιν
583 3642 942 3715 ἀπέκρυψαν,
983 3640 1283 3711 ἠφάνισαν,
1313 3639 1408 3693 καὶ
1431 3638 1622 3709 λοιπὸν
1659 3636 1735 3700 ὡς
1755 3636 1858 3703 τῆς

229 3735 452 3801 κλειδὸς
481 3736 750 3810 ἀρθείσης
784 3738 850 3790 ἐκ
895 3735 1089 3806 μέσου,
1123 3734 1247 3804 ἦτοι
1292 3735 1391 3803 τῆς
1423 3729 1727 3803 ἑρμηνείας
1760 3727 1857 3782 τοῦ

227 3833 431 3902 νόμου,
461 3829 648 3904 ἔμεινε
678 3827 1059 3901 οιεκλεισμένη
1101 3828 1133 3900 ἡ
1181 3825 1375 3882 τούτου
1413 3823 1576 3897 θύρα.
1617 3823 1858 3895 Nolis-st;

227 3925 278 3982 δ’
315 3924 384 3980 ἂν
419 3927 514 3980 καὶ
561 3924 671 3997 τὴν
697 3923 884 3978 πίστιν
920 3913 1250 3992 κλεῖδατῆς
1290 3919 1571 3990 γνώσεως.
1610 3918 1710 3972 Διὰ
1749 3916 1858 3987 γὰρ

226 4022 340 4092 τῆς
379 4019 620 4084 πίστεως
663 4018 1023 4090 προσγίνεται
1056 4019 1088 4087 ὴ
1145 4017 1243 4086 τῆς
1303 4011 1571 4083 ἀληθείας
1610 4011 1815 4081 γνῶσις
1839 4025 1855 4040 ·

227 4116 334 4170 καὶ
363 4094 497 4183 γοῦν
525 4115 555 4167 6
588 4112 881 4184 προφήτης
919 4110 1147 4172 Ἡσαΐας
1180 4106 1314 4178 φησί
1341 4123 1354 4137 ·
1399 4125 1416 4158 ι
1462 4107 1595 4171 Καὶ,
1625 4103 1765 4157 Ἐὰν..
1795 4101 1857 4155 οὐ

228 4205 604 4276 πιστεύσητε,
639 4203 752 4259 οὐδ’
779 4201 841 4256 οὺ
882 4200 958 4272 μὴ
992 4198 1217 4269 συνῆτε.
1266 4216 1284 4250 ι
1330 4197 1393 4250 Ol
1424 4194 1607 4249 τοίνυν
1638 4185 1858 4263 νομικοὶ

228 4299 340 4371 τὴν
361 4297 554 4353 κλεῖδα
582 4295 808 4366 ταύτης,
851 4294 974 4365 ἦτοι
999 4295 1106 4363 τὴν
1138 4290 1351 4355 πίστιν,
1383 4283 1530 4359 ἦραν
1555 4288 1619 4340 ὲκ
1663 4284 1858 4357 μέσου,

230 4395 336 4449 καὶ
363 4375 718 4463 ἀπέκρυψαν.
754 4386 828 4443 Οὐ
864 4386 975 4459 γὰρ
999 4384 1127 4438 εἴων
1157 4373 1444 4438 πιστεύειν
1474 4381 1627 4445 τινὰς
1656 4380 1740 4444 είς
1767 4379 1860 4434 τὸν

227 4485 380 4541 ὅλων
404 4481 642 4554 Σωτῆρα
674 4479 939 4552 Χριστόν.
981 4474 1462 4547 Ἑθαυματούργει
1491 4474 1728 4539 ἐκεῖνος,
1765 4473 1861 4527 καὶ

1964 3469 2073 3510 non
2130 3453 2404 3523 fecerunt,
2441 3457 2538 3512 sed
2589 3456 2832 3512 tulerunt
2883 3457 3092 3514 clavem
3142 3459 3408 3529 scientiae,
3462 3462 3570 3518 hoc

1962 3558 2047 3602 est
2093 3547 2528 3616 absconder'unt,
2557 3550 2949 3617 obscurarunt,
2983 3561 3038 3607 et
3066 3552 3182 3624 jam
3214 3555 3373 3625 quasi
3421 3555 3567 3611 clavi

1964 3652 1994 3693 e
2019 3636 2199 3701 medio
2229 3637 2466 3703 sublata,
2495 3639 2599 3695 hoc
2625 3649 2712 3696 est
2735 3639 2873 3710 legis
2899 3640 3380 3713 interpretatione,
3413 3660 3573 3700 man-

1966 3730 2039 3785 sit
2073 3729 2262 3786 clausa
2317 3731 2434 3799 ejus
2484 3730 2674 3801 janua.
2707 3732 2987 3805 Intelligas
3020 3735 3148 3790 item
3179 3747 3235 3792 et
3271 3736 3432 3793 fidem
3465 3739 3574 3794 cla-

1965 3835 2088 3875 vem
2150 3835 2274 3877 esse
2317 3823 2582 3877 scientiae.
2613 3821 2717 3876 Per
2749 3823 2908 3878 ﬁdem
2945 3826 3091 3886 enim
3125 3827 3286 3882 datur
3320 3831 3572 3888 veritatis

1965 3915 2198 3973 scientia
2235 3933 2248 3971 :
2281 3915 2427 3971 unde
2452 3917 2719 3988 propheta
2747 3917 2919 3975 Isaias
2950 3919 3084 3975 dicit
3116 3937 3130 3974 :
3169 3939 3187 3972 ι
3231 3922 3349 3978 Nisi
3381 3925 3569 3979 credi-

1965 4011 2192 4079 deretis,
2233 4027 2339 4066 non
2385 4012 2788 4084 intelligetis“.
2829 4032 2848 4066 ι
2885 4013 3054 4084 Igitur
3102 4014 3402 4086 legisperiti
3456 4018 3572 4072 cla-

1967 4120 2086 4161 vem
2114 4106 2279 4172 hanc,
2299 4107 2404 4163 hoc
2429 4115 2512 4162 est
2542 4106 2726 4175 ﬁdem,
2749 4122 2778 4163 e
2807 4107 2972 4181 364
2995 4110 3171 4164 medio
3229 4111 3574 4168 abstulerunt

1965 4205 2021 4251 et
2095 4197 2528 4254 absconderant.
2586 4196 2705 4254 Non
2764 4203 2912 4254 enim
2973 4202 3228 4255 sinebant
3302 4206 3572 4273 quosdam

1965 4289 2194 4347 credere
2229 4291 2281 4344 in
2313 4289 2597 4348 Christum
2643 4292 2892 4346 omnium
2932 4291 3301 4351 Salvatorem.
3339 4294 3433 4349 Ille
3469 4295 3573 4349 mi-.

1968 4384 2158 4440 racula
2213 4382 2472 4446 faciebat,
2517 4395 2572 4438 et
2615 4385 2847 4454 populus
2883 4402 2982 4456 per
3023 4386 3285 4440 miracula
3338 4387 3571 4444 credens

1969 4478 2258 4549 agniturus
2309 4485 2430 4532 erat
2479 4477 2650 4531 Deum
2687 4494 2700 4531 :
2731 4487 2787 4531 at
2819 4476 2872 4531 hi
2902 4477 2958 4531 in
2993 4476 3282 4532 Beelzebul
3318 4479 3573 4534 dicebant.

228 4581 264 4634 ὀ
287 4576 421 4640 λαδς
451 4574 541 4629 διὰ
585 4573 697 4628 τῶν
728 4571 1027 4643 θαυμάτων
1064 4567 1363 4634 πιστεύων,
1418 4565 1650 4637 ἔμελλεν
1679 4566 1852 4632 ἐπιγι-

1968 4569 2171 4640 ejicere
2249 4565 2613 4622 daemonia".
2654 4565 2820 4622 Vides
2888 4569 3163 4637 quomodo
3227 4569 3572 4624 abstulerunt

227 4669 475 4726 νώσκιιν
505 4667 670 4722 αὑτὸν
702 4665 838 4720 Θεόν
860 4680 875 4697 ο
907 4665 958 4718 οἱ
985 4663 1041 4718 δὲ
1063 4665 1121 4715 ἐν
1154 4661 1486 4727 Βεελζεδοὺλ
1513 4660 1700 4728 ἔλεγον
1731 4659 1852 4712 ἐπι-

1970 4661 2180 4717 clavem
2229 4659 2497 4727 scientiae,
2534 4675 2643 4715 non
2673 4660 2920 4716 sinentes
2954 4661 3182 4716 credere
3211 4661 3263 4715 id
3295 4675 3394 4731 per
3423 4659 3570 4729 quod

229 4763 421 4820 τελεῖν
446 4761 611 4817 αὐτὸν
636 4761 706 4816 τὰ
732 4758 1015 4829 θαύματα.
1050 4758 1214 4828 Ὁρᾷς
1247 4755 1366 4819 πῶς
1385 4750 1530 4827 ἦραν
1554 4754 1655 4824 τὴν
1673 4752 1852 4807 κλεῖδα

1967 4755 2258 4831 scientiam
2309 4753 2384 4808 illi
2439 4754 2765 4823 acquisituri
2815 4763 2992 4808 erant.
3025 4754 3265 4809 Docebat
3315 4754 3461 4808 enim
3515 4754 3570 4809 in

228 4857 340 4930 τῆς
360 4857 642 4926 γνώσεως,
670 4854 782 4907 ὀὐκ
806 4851 1007 4915 ἐῶντες
1034 4847 1323 4903 πιστεύειν
1353 4847 1434 4918 τῴ
1460 4846 1528 4902 δι’
1559 4837 1620 4899 οὗ
1649 4848 1681 4917 ή
1719 4844 1852 4913 γνῶ-

1966 4846 2270 4919 Synagogis
2325 4848 2662 4902 voluntatem
2711 4848 2803 4902 Dei
2861 4866 2874 4901 ε
2916 4848 2994 4902 illi
3049 4858 3232 4901 autem
3267 4846 3564 4901 dicebant:

233 4965 326 5013 σις
356 4948 545 5011 αὐτοῖς
584 4945 813 5017 ἔμελλεν
858 4942 1245 5012 ἐπιγίνεσθαι;
1292 4940 1610 4994 Ἐδίδασκεν
1653 4940 1708 4990 ἐν
1739 4939 1852 5003 ταῖς

1969 4941 2316 5018 Daemonium
2373 4940 2559 5005 habet,
2588 4950 2643 4994 et
2689 4941 2935 4995 insanit:
2967 4941 3094 5010 quid
3143 4939 3292 4993 illum
3329 4940 3568 4994 auditis?

232 5020 604 5112 Συναγὼγαῖς
627 5041 687 5094 τὸ
704 5040 927 5112 θέλημα
950 5037 1045 5091 τοῦ
1072 5037 1238 5104 Θεοιλ,
1256 5037 1307 5088 οἱ
1335 5036 1392 5088 δὲ
1419 5035 1630 5102 ἔλεγον,
1659 5033 1852 5103 Δαιμό-

1965 5032 2230 5088 Tnlerunt
2271 5031 2436 5102 igitur
2476 5046 2604 5086 vere
2660 5030 2869 5086 clavem
2931 5029 3194 5096 scientiae,
3227 5037 3283 5085 et
3335 5029 3435 5098 ipsi
3486 5030 3570 5083 in-

230 5139 365 5193 νιον
391 5137 531 5208 ἔχει,
555 5135 652 5189 καὶ
684 5134 963 5204 μαίνεται,
984 5132 1036 5185 τί
1066 5128 1236 5183 αὑτοῦ
1269 5127 1499 5182 ἀκούετε
1520 5145 1534 5192 ;
1553 5123 1738 5198 Ἥραν
1764 5122 1852 5179 οὖν

1971 5126 2142 5198 gressi
2181 5140 2288 5181 non
2318 5134 2468 5191 sunt,
2502 5136 2560 5179 et
2621 5125 2758 5180 alios
2789 5124 3187 5193 prohibuerunt
3217 5123 3454 5178 maxime
3485 5121 3570 5176 in-

234 5226 391 5286 κατὰ
421 5225 483 5280 τὺ
520 5224 723 5295 ἀληθὲς
769 5224 872 5294 τὴν
914 5220 1104 5275 κλεῖδα
1147 5219 1246 5289 τῆς
1279 5216 1561 5286 γνώσεως,
1602 5215 1758 5270 αὐτοί
1790 5230 1850 5268 τε

1970 5217 2305 5288 gredientes,
2349 5217 2451 5272 hoc
2524 5227 2610 5273 est
2651 5217 2927 5273 studiosos
2974 5215 3302 5286 cognitionis
3347 5214 3565 5269 divine.

232 5321 346 5377 οὐκ
379 5318 658 5389 εἰσῆλθον,
695 5317 792 5371 καὶ
826 5315 1056 5387 ἐτέρους
1113 5311 1488 5377 κεκωλύκασι,
1537 5309 1635 5371 καὶ
1683 5307 1852 5362 ταῦτα

1969 5313 2066 5368 lllo
2106 5324 2288 5367 autem
2341 5313 2520 5366 adhuc
2565 5311 2823 5384 loquente
2866 5311 3001 5375 haec,
3032 5309 3108 5364 illi
3143 5307 3299 5378 quasi
3334 5315 3564 5362 attesta-

232 5410 700 5483 εἰσερχομένους,
755 5405 1041 5462 τουτέστιν
1104 5402 1448 5474 ἐπιτηδείους
1501 5401 1663 5464 ὄντας
1725 5399 1852 5469 πρὸς

1964 5416 2157 5464 rentur
2181 5406 2327 5462 dicta
2347 5404 2488 5475 ejus,
2514 5419 2643 5459 cum
2668 5411 2950 5473 oporteret
2970 5401 3251 5472 propriam
3266 5412 3563 5470 agnoscere

238 5504 613 5576 θεογνωσὶαν.
651 5503 776 5557 Ἐτι
829 5500 889 5555 δὲ
912 5498 1084 5556 αὑτοῦ
1120 5498 1294 5554 ταῦτα
1328 5496 1608 5565 λέγοντος,
1661 5488 1852 5548 ἐκεῖνοι

1965 5500 2425 5564 imbecillitatem,
2450 5504 2801 5553 ostentarunt
2833 5509 2893 5550 se
2921 5495 3014 5551 illo
3043 5492 3299 5549 videlicet
3348 5492 3563 5560 sapien—

230 5600 440 5671 ὥσπερ
468 5593 1136 5668 ἐπιμαρτυροῦντεςτοῖς
1168 5592 1355 5662 λόγοις
1384 5589 1580 5658 αὐτοῦ,
1600 5589 1721 5644 δέον
1739 5589 1864 5640 ἐπι-

232 5692 454 5766 γνῶναι
492 5692 592 5763 τὴν
621 5691 835 5745 οἰκείαν
883 5687 1200 5752 ἀσθένειαν,
1245 5685 1604 5741 ἐπεδείκνυον
1632 5685 1864 5745 ἑαυτοὺς

228 5788 409 5860 δῆθεν
437 5787 787 5857 σοφωτέρους
814 5783 1008 5851 αὑτοῦ,
1044 5785 1137 5836 καὶ
1165 5782 1231 5853 δὴ
1264 5778 1730 5852 ἀποστοματίζειν
1765 5778 1866 5830 αὐ-

315 5977 366 6011 "
399 5975 553 6034 Joan.
588 5974 751 6036 v.46.
833 5973 877 6004 "
906 5971 1006 6025 IS'l.
1033 5986 1134 6034 vn,
1173 5967 1228 6023 9.
1305 5971 1351 6002 "
1393 5967 1586 6023 Matth.
1632 5980 1728 6031 xu,
1766 5964 1858 6020 24.

571 6076 847 6136 I’nnoc.
897 6070 988 6134 Gs
1003 6117 1018 6134 .
1071 6068 1353 6134 CXXIII.

1964 5595 2156 5662 tiores,
2187 5603 2351 5662 atque
2384 5592 2675 5648 occludere
2730 5589 2810 5645 illi
2858 5603 2943 5657 os,
2974 5588 3121 5659 quod
3154 5587 3334 5644 Graci.
3375 5586 3566 5641 dicunt

1966 5685 2453 5757 ἀποστοματίζειν,
2534 5684 2892 5755 incipiebant,
2951 5683 3052 5738 hoc
3115 5691 3200 5738 est
3255 5680 3569 5748 frequenter

1968 5780 2329 5852 intermgare,
2355 5787 2409 5834 et
2441 5778 2758 5850 perplexum
2782 5775 2960 5832 facere
2985 5795 2997 5830 :
3024 5775 3075 5830 id
3109 5774 3250 5845 quod
3283 5772 3399 5828 ﬁeri
3429 5770 3570 5826 solct

3162 6047 3237 6112 28
