4030 6494
247 529 352 594 ΡΠ

930 528 1379 593 ENARBATIO
1416 531 1491 591 [Ν
1530 524 2035 590 EVANGELIUM
2078 526 2314 588 LUC.E.
2356 552 2424 564 -
2455 526 2617 587 CAP.
2662 527 2805 587 XII.

3451 523 3557 589 878

242 641 397 695 πᾶσα
420 638 733 711 ὑπόκρισις,
760 639 890 693 ἀλλο
918 640 1018 710 μὲν
1043 639 1415 710 πλαττομένη,
1439 637 1569 694 ἀλλο
1589 636 1646 690 δὲ
1684 630 1842 690 οὖσα.

1954 633 2076 689 dem
2096 643 2202 702 est,
2223 644 2277 691 et
2296 636 2443 692 aliud
2470 637 2641 707 ﬁngit.
2661 633 2922 690 Pharismi
2942 630 3149 704 itaque,
3171 633 3369 705 inquit,
3389 633 3560 694 latere

242 734 306 786 Οί
338 730 439 801 μὲν
471 730 563 785 οὖν
593 728 903 800 Φαρισαῖοι,
938 732 1125 803 φησὶν,
1173 732 1382 786 οἴονται
1428 729 1717 784 λανθάνειν
1744 726 1841 781 ’διᾶ

237 824 337 894 τῆς
367 823 731 896 ὑποκρίσεως,
758 824 817 877 τὸ
848 823 1191 894 χρηστόηθες
1221 825 1405 890 αὐτοῖς
1444 822 1844 897 περιποιούμε-

238 933 338 969 νοι.
380 915 525 986 Πλὴν
567 914 722 969 οὐδὲν
758 915 1287 986 συγκεκαλυμμένον
1320 917 1470 970 ἐστὶν
1512 915 1541 970 δ
1572 915 1673 970 οὐκ
1702 915 1843 968 ἀπο-

237 1007 671 1078 καλυφθήσεται.
722 1008 908 1061 Πάντα
935 1007 1051 1080 γὰρ
1085 1009 1185 1063 καὶ
1228 1009 1453 1079 ῥήματα
1485 1010 1579 1062 καὶ
1624 1007 1843 1079 διανοήο

238 1117 389 1172 ματα
421 1100 608 1171 γυμνά
640 1100 1100 1172 παραστήσονται
1117 1100 1196 1170 τῷ
1230 1099 1536 1171 τελευταίῳ
1569 1100 1669 1171 μὲν
1701 1098 1843 1153 πάν-

234 1209 343 1253 τως
365 1192 657 1265 κριτηρίῳ,
686 1193 828 1264 πλὴν
860 1197 964 1247 κᾶν
994 1193 1074 1260 τῷ
1110 1194 1340 1265 παρόντι
1369 1193 1472 1265 βίῳ
1504 1192 1679 1248 πολλὰ
1731 1192 1842 1246 τῶν

235 1285 632 1357 κρυπτομένων
665 1285 1014 1355 γυμνοῦσθαι
1052 1286 1229 1354 φιλεῖ·
1280 1286 1383 1339 ὅσα
1423 1283 1517 1339 οὖν
1546 1286 1741 1347 εἴπατε
1782 1285 1842 1338 ἑν

233 1378 302 1446 τῇ
359 1375 552 1446 σκοτίᾳ
586 1378 682 1430 καὶ
726 1378 785 1430 ἐν
820 1381 931 1441 τοῖς
980 1376 1254 1449 ταμείοις,
1292 1376 1389 1430 καὶ
1415 1376 1664 1448 κρυφίως
1714 1376 1840 1431 ὲλαο

235 1467 464 1537 λήσατε,
490 1469 902 1540 κηρυχθήσεται
937 1468 1033 1522 ἐπὶ
1065 1469 1145 1540 τῷ
1172 1471 1315 1538 φωτὶ
1345 1470 1435 1523 καὶ
1468 1469 1563 1523 ἐπὶ
1600 1468 1710 1523 τῶν
1739 1468 1839 1522 δω-

239 1562 446 1631 μάτων.
483 1560 671 1613 Ταῦτα
696 1561 755 1614 δὲ
795 1561 1051 1629 φαίνεται
1102 1562 1201 1632 μὲν
1239 1562 1382 1633 πρὸς
1419 1560 1547 1625 τοὺς
1583 1560 1839 1632 μαθητὰς

234 1651 435 1721 λέγων,
474 1654 612 1724 πρὸς
666 1652 723 1705 δὲ
759 1655 885 1717 τοὺς
924 1654 1263 1725 Φαρισαίους
1310 1654 1689 1719 ἀποτείνεται,
1740 1654 1841 1717 τὰς

234 1743 420 1799 αὐτῶν
453 1744 749 1808 ἐπιϐουλὰς
791 1745 1189 1816 αἰνιττόμενος,
1217 1747 1313 1801 καὶ
1349 1746 1639 1818 μονονουχὶ
1678 1744 1840 1799 τοῦτο

233 1835 413 1909 δηλῶν
451 1838 660 1901 αὐτοῖς,
696 1836 797 1891 κᾶν
840 1839 971 1909 δοκῇ
1009 1838 1148 1908 πρὸς
1198 1841 1328 1905 τοὺς
1376 1838 1630 1910 μαθητὰς
1660 1838 1840 1892 ταῦτα

235 1927 442 1997 λέγειν.
478 1928 624 1994 Ὀτι,
677 1922 722 1984 ὦ
756 1931 1067 2001 Φαρισαῖοι,
1106 1930 1208 1984 ὅσα
1248 1932 1305 1985 ὲν
1334 1933 1400 2003 τῇ
1437 1930 1651 2003 σκοτίᾳ,
1685 1947 1841 1984 τουτ-

1952 740 2012 782 se
2049 736 2247 792 putant
2295 742 2392 798 per
2439 726 2783 798 hypocrisin,
2811 726 2994 781 bonos
3044 738 3226 781 mores
3268 724 3372 781 sibi
3400 723 3550 781 eilin-

1950 831 2164 891 gentes.
2201 820 2369 891 Atqui
2426 820 2563 876 nihil
2614 818 2892 875 occultum
2936 827 3043 885 est,
3072 819 3219 889 quod
3254 830 3364 873 non
3403 831 3585 872 revc-s

1951 910 2177 967 labitur.
2209 911 2406 968 Omnia
2458 915 2604 969 enim
2640 921 2695 968 et
2724 912 2891 968 verba
2920 921 2977 968 et
3005 912 3371 983 cogitationes
3402 913 3563 969 nudae

1950 1012 2080 1059 ante
2104 1003 2378 1073 judicium
2404 1005 2629 1060 omnino
2653 1004 2876 1075 quidem
2894 1004 2947 1059 in
2970 1004 3339 1074 supremolllo
3356 1004 3443 1061 die
3467 1020 3565 1075 ap-

1953 1100 2228 1170 parebunt
2265 1099 2437 1170 :quin
2475 1109 2531 1155 et
2572 1100 2626 1155 in
2682 1098 2943 1169 praesenti
2989 1100 3097 1154 vita
3141 1099 3313 1154 multa
3364 1114 3562 1155 eorum

1949 1208 2073 1264 quae
2116 1193 2489 1260 occultantur,
2538 1193 2889 1250 manifestari
2963 1194 3166 1251 solent.
3205 1192 3566 1263 Qumcunque

1952 1288 2118 1358 igitur
2180 1288 2233 1343 in
2304 1290 2553 1345 tenebris
2597 1288 2839 1356 dixistis,
2891 1298 2946 1345 et
2992 1289 3048 1343 in
3072 1287 3471 1359 promptuariis
3512 1296 3566 1342 et

1951 1379 2169 1436 occulte
2220 1380 2390 1436 locuti
2430 1384 2585 1445 estis,
2656 1382 3104 1451 praedicabuntur
3154 1382 3206 1436 in
3254 1382 3466 1436 lumine
3510 1390 3564 1436 et

1952 1473 2007 1529 in
2047 1474 2326 1549 tectis.Et
2352 1475 2471 1531 haec
2512 1476 2736 1546 quidem
2770 1475 3001 1531 videtur
3030 1474 3097 1530 ad
3127 1474 3431 1546 discipulos
3484 1475 3566 1531 di-

1949 1582 2097 1635 cere,
2146 1568 2241 1624 sed
2310 1571 2376 1624 ad
2436 1568 2749 1626 Pharisaeos
2787 1569 2998 1636 dirigit,
3052 1568 3284 1625 insidias
3344 1568 3561 1625 illorum

1950 1642 2241 1717 insinuans
2279 1679 2291 1714 :
2325 1670 2378 1717 et
2409 1662 2567 1734 quasi
2597 1663 2698 1718 hoc
2728 1663 2811 1719 eis
2839 1662 3181 1729 manifestat,
3214 1662 3469 1733 quamvis
3495 1661 3561 1715 ad

1950 1752 2251 1823 discipulos
2301 1754 2555 1812 videatur
2603 1756 2777 1826 laqui.
2824 1756 3122 1824 Quoniam,
3173 1771 3208 1811 ο
3267 1755 3560 1819 Pharisaei,

1950 1862 2293 1918 quacunque
2357 1848 2412 1903 in
2476 1848 2740 1913 tenebris,
2828 1850 2930 1905 hoc
2997 1856 3084 1904 est
3129 1850 3184 1903 in
3252 1846 3563 1905 tenebrosis

1949 1939 2154 1995 vestris
2182 1940 2463 2006 cordibus,
2495 1941 2771 2011 cogitatis,
2806 1947 3084 1997 tentantes
3126 1954 3215 1996 me
3236 1938 3559 2009 illaqueare,

237 2022 389 2074 ἐστιν
417 2023 475 2073 ὲν
502 2024 622 2085 ταῖς
648 2024 953 2086 σκοτειναῖς
986 2021 1142 2091 ὑμῶν
1163 2024 1440 2093 καρδίαις,
1455 2023 1839 2094 ὲμελετήσατε

1954 2030 2011 2084 in
2064 2030 2186 2085 luce
2239 2030 2538 2085 audientur
2568 2009 2622 2085 et
2652 2040 3079 2099 cognoscentur.
3112 2030 3227 2101 Ego
3256 2030 3403 2086 enim
3440 2044 3561 2108 sum

237 2109 570 2178 παγιδεῦσαί
618 2129 687 2182 με
716 2111 986 2175 θέλοντες,
1017 2112 1075 2165 ὲν
1104 2112 1184 2182 τῷ
1250 2112 1392 2181 φωτὶ
1432 2111 1843 2183 ἀκουσθήσεται

236 2203 334 2256 καὶ
367 2202 781 2273 γνωσθήσεται·
832 2202 945 2271 ἐγὼ
970 2203 1081 2273 γάρ
1119 2205 1236 2275 είμι
1264 2203 1324 2258 τὸ
1352 2203 1492 2273 φῶς,
1529 2206 1625 2258 καὶ
1653 2204 1714 2257 ού
1747 2203 1843 2257 δύ-

233 2294 404 2348 νασθὲ
448 2311 515 2365 με
555 2294 762 2361 λαθεῖν,
804 2295 919 2348 ἀλλ’
970 2296 1031 2349 ὲν
1080 2296 1206 2365 ἐμοὶ
1265 2296 1345 2368 τῷ
1376 2297 1519 2366 φωτὶ
1578 2298 1688 2352 πᾶν
1730 2296 1760 2350 ὃ
1805 2300 1837 2368 ή

235 2386 486 2456 ὑμετέρα
532 2387 724 2441 σκοτία
778 2386 1118 2459 βουλεύεται,
1160 2388 1609 2456 διαγινώσκεται.
1657 2389 1770 2444 Καὶ
1817 2388 1845 2442 δ

233 2477 378 2547 πρὸς
416 2478 479 2531 τὸ
534 2473 627 2541 οὖς
672 2479 939 2550 ἀλλήλους
998 2477 1521 2546 συνεϐουλεύσασθε,
1577 2479 1846 2534 ἀκουστόν

236 2588 334 2641 μοι
382 2572 608 2639 γέγονεν
640 2570 836 2635 οὕτως,
892 2570 1085 2642 ὥσπερ
1132 2570 1198 2625 ἂν
1235 2573 1282 2623 εἰ
1324 2572 1417 2624 ἐπὶ
1461 2572 1570 2624 τῶν
1618 2572 1844 2642 ὑψηλῶν

230 2662 507 2733 δωμάτων
542 2662 849 2736 ἐκηρύχθη.
899 2663 1091 2717 Ταῦτα
1135 2663 1192 2716 δὲ
1240 2662 1472 2718 δύνασαι
1507 2665 1721 2735 νοῆσαι,
1750 2668 1846 2721 καὶ

232 2756 321 2810 ὅτι
351 2757 467 2824 φῶς
514 2758 613 2827 μέν
644 2760 761 2810 ἐστι
801 2759 863 2811 τὸ
890 2755 1247 2825 Εὑαγγέλιον,
1273 2756 1365 2809 καὶ
1389 2755 1620 2827 δώματα
1639 2757 1844 2830 ὑψηλὰ,

233 2849 299 2903 αι
349 2849 462 2903 τῶν
497 2850 814 2904 ἀποστόλων
851 2850 1059 2921 ὑψηλαὶ
1097 2848 1289 2920 ψυχαί.
1323 2850 1466 2905 Ὅσα
1500 2851 1559 2904 δὲ
1592 2854 1641 2905 οί
1671 2854 1843 2925 Φαριε

235 2942 383 2995 σαίοι
417 2940 790 3007 ἐϐουλεύοντο,
829 2942 1219 3015 ἐκηρύχθησαν
1250 2940 1503 3012 ὕστερον,
1542 2945 1638 2997 καὶ
1674 2946 1846 3015 ήκού-

1948 2122 2073 2186 lux,
2098 2131 2153 2177 et
2184 2138 2290 2177 non
2327 2123 2559 2191 potestis
2591 2138 2621 2177 a
2655 2138 2743 2179 me
2773 2122 3065 2189 occultari,
3092 2123 3191 2179 sed
3225 2122 3281 2177 in
3319 2138 3441 2178 meo
3472 2121 3562 2177 lu-

1947 2215 2095 2270 mine
2134 2215 2320 2270 omnia
2360 2215 2713 2270 tenebrarum
2766 2225 3079 2271 vestrarum
3125 2216 3358 2273 consilia
3391 2216 3563 2271 inter-

1946 2316 2270 2363 noscuntur.
2312 2309 2378 2363 Et
2420 2309 2567 2380 quod
2602 2310 2746 2364 inter
2777 2324 2871 2365 vos
2905 2310 2958 2364 in
2990 2325 3154 2366 aures
3206 2309 3559 2374 eonsultatis,

1936 2394 2023 2449 :iia
2057 2396 2191 2450 mihi
2223 2397 2502 2467 eOgnitum
2535 2407 2621 2453 est
2647 2406 2704 2453 et
2732 2399 3005 2466 auditum,
3038 2400 3271 2471 perinde
3304 2415 3371 2455 ac
3395 2414 3563 2470 super

1945 2503 2158 2545 summa
2192 2498 2331 2545 tecta
2370 2491 2726 2560 praedicatum
2766 2490 2981 2547 fuisset.
3011 2491 3227 2548 Poteris
3257 2502 3442 2547 autem
3470 2491 3560 2547 illa

1942 2585 2107 2640 etiam
2140 2585 2223 2639 sic
2256 2585 2578 2655 intelligere,
2614 2586 2759 2655 quod
2793 2586 2885 2640 lux
2938 2586 3011 2640 sit
3058 2584 3443 2657 Evangelium,
3507 2594 3563 2643 et

1945 2687 2088 2734 tecta
2130 2695 2345 2734 summa
2385 2679 2757 2751 aposmlorum
2788 2694 3022 2736 summa:
3040 2680 3258 2735 animae.
3289 2678 3563 2747 Quaecun-

1944 2786 2050 2841 que
2084 2778 2268 2827 autem
2305 2771 2572 2828 Pharisaei
2623 2772 3035 2838 consultaruut,
3073 2777 3371 2844 praedicata
3432 2782 3562 2830 sunt

1946 2874 2134 2934 postea
2169 2874 2223 2919 et
2256 2864 2437 2920 audita
2472 2867 2525 2921 in
2564 2865 2771 2923 lumine
2809 2866 3117 2938 Evangelii,
3155 2876 3341 2923 stante
3392 2881 3559 2938 super

1952 2958 2289 3027 apostolicae
2320 2959 2533 3016 animas
2563 2976 2769 3031 magno
2803 2962 3165 3030 praedicatore
3200 2962 3435 3033 Spiritu.

235 3036 454 3135 σθησαν
494 3038 577 3135 Δἑν
640 3036 719 3108 τῷ
754 3036 897 3093 φωτὶ
938 3035 1035 3089 τοῦ
1109 3034 1488 3105 Εὐαγγελίου,
1540 3039 1636 3093 ἐπὶ
1674 3043 1786 3098 τῶν
1850 3049 2229 3109 ἀποστολικῶν
2277 3054 2468 3127 ψυχῶν
2517 3057 2814 3129 ἱσταμένου
2871 3057 2968 3112 τοῦ
3014 3059 3259 3129 μεγάλου
3316 3062 3563 3135 κήρυκος

233 3133 336 3188 τοῦ
368 3132 508 3187 Πνεύ
518 3149 712 3203 ματος.

318 3266 337 3300 ι
372 3246 535 3316 Λέγω
565 3246 623 3301 δὲ
649 3246 780 3316 ὑμῖν
807 3246 918 3308 τοῖς
938 3244 1112 3314 φίλοις
1144 3263 1270 3313 μου,
1324 3250 1399 3319 μὴ
1432 3248 1711 3325 φοϐηθῆτε
1738 3254 1847 3309 ἀπὸ

2031 3241 2193 3299 Vens.
2221 3242 2345 3298 4-7.
2388 3262 2408 3296 ι
2446 3241 2579 3299 Dico
2613 3253 2799 3300 autem
2839 3244 2995 3301 vobis
3044 3246 3239 3302 amicis
3276 3253 3449 3316 meis,
3494 3266 3565 3306 ne

231 3342 350 3397 τῶν
386 3340 821 3395 ἀποκτεινόντων
862 3339 924 3391 τὸ
966 3338 1150 3409 σῶμα,
1211 3342 1306 3393 καὶ
1356 3342 1501 3411 μετά
1548 3346 1726 3401 ταῦτα
1768 3347 1846 3420 μή

233 3436 476 3509 ἑχόντων
505 3432 894 3505 περισσότερόν
928 3450 981 3486 τι
1017 3437 1265 3505 ποιῆσαι.
1314 3434 1607 3503 Ὑποδείξω
1634 3432 1689 3493 δὲ
1714 3441 1847 3512 ὑμῖν

234 3533 367 3587 τίνα
406 3529 707 3600 φοϐηθῆτε.
739 3526 1022 3598 Φοϐηθῆτε
1065 3530 1154 3581 τὸν
1205 3529 1345 3600 μετά
1386 3530 1445 3583 τὸ
1495 3533 1846 3603 ἀποκτεῖναι,

234 3628 494 3695 ἕξουσίαν
534 3625 729 3697 ἔχοντα
763 3624 1023 3693 ἐμϐαλεῖν
1054 3626 1133 3688 είς
1157 3624 1255 3695 τὴν
1284 3627 1531 3694 γέενναν.
1565 3628 1674 3683 Ναὶ
1701 3629 1848 3699 λέγω

234 3723 395 3793 υμῖν,
424 3720 609 3775 τοῦτον
635 3717 932 3789 φοϐηθῆτε.
953 3718 1089 3787 Οὐχὶ
1112 3718 1273 3771 πέντε
1300 3719 1561 3790 στρουθία
1583 3722 1847 3778 πωλεῖται

236 3814 527 3886 ἀσσαρίων
560 3812 686 3878 δύος
718 3812 827 3865 Καὶ
858 3810 918 3865 ἓν
964 3808 1024 3875 ἐξ
1053 3810 1233 3863 αὐτῶν
1267 3811 1368 3865 οὐκ
1413 3811 1561 3866 ἔστιν
1592 3814 1848 3887 ἐπιλελη-

236 3906 445 3977 σμένον
476 3903 710 3958 ὲνώπιον
764 3902 858 3956 τοῦ
913 3902 1072 3968 Θεοῦ,
1108 3902 1246 3957 ἀλλά
1289 3904 1383 3957 καὶ
1422 3905 1478 3957 αί
1507 3905 1693 3977 τρίχες
1746 3907 1849 3976 τῆς

235 3994 491 4065 κεφαλῆς
520 3994 677 4066 ὑμῶν
704 3994 877 4047 πᾶσαι
909 3992 1272 4064 ἠρίθμηνται.
1310 3994 1403 4065 Μὴ
1434 3990 1529 4049 οὖν
1562 3997 1845 4066 φοϐεῖσθε,

235 4086 460 4140 πολλῶν
491 4084 791 4156 στρουθίων
824 4085 1137 4156 διαφέρετε.
1176 4105 1193 4137 ι
1232 4084 1457 4158 Ἐπειδὴ
1480 4088 1581 4158 τῆς
1618 4089 1850 4160 ὑποκρί-

237 4196 388 4243 σεως
434 4179 545 4233 τῶν
588 4178 902 4247 Φαρισαίων
957 4178 1341 4249 κατηγόρησεν
1387 4182 1415 4233 ὁ
1470 4180 1700 4251 Κύριος,
1757 4182 1851 4235 καὶ

234 4274 553 4345 ἀπέστησεν
607 4274 778 4343 αὐτῆς
816 4274 943 4335 τοὺς
990 4271 1155 4325 αὑτοῦ
1205 4273 1480 4344 μαθητὰς,
1518 4274 1615 4327 καὶ
1652 4276 1712 4328 ὲν
1770 4275 1849 4347 τῷ

240 4371 404 4444 μέσῳ
432 4370 489 4423 δὲ
526 4371 686 4425 πάλιν
714 4370 839 4433 τοὺς
877 4368 1207 4439 Φαρισαίους
1244 4367 1480 4441 ἐπληττε
1513 4369 1605 4424 διὰ
1634 4372 1729 4425 τοῦ
1763 4372 1850 4425 λέ-

237 4480 401 4534 γειν·
437 4482 454 4515 ι
485 4464 549 4516 '0
566 4463 760 4516 εἴπατε
794 4463 852 4514 ὲν
890 4464 957 4534 τῇ
994 4464 1210 4535 σκοτίᾳ,
1243 4462 1651 4535 ἀκουσθήσεται
1679 4466 1737 4517 ὲν
1770 4464 1849 4536 τῷ

239 4555 411 4627 φωτὶ,
452 4573 472 4608 ι
505 4554 601 4609 νῦν
632 4556 765 4627 πρὸς
814 4556 940 4619 τους
998 4555 1187 4625 φίλους
1225 4556 1394 4610 αὑτοῦ
1428 4557 1497 4611 τὰ
1533 4558 1849 4631 τελειότερα

238 4617 577 4718 διαλέγεται.
617 4617 893 4722 Τάςνγάρ
923 4617 1179 4715 ἀκάνθας
1220 4644 1423 4717 ἐξελὼν
1463 4651 1588 4723 ἤδη,
1631 4617 1851 4723 σπείρει
1882 4617 1927 4673 υ

240 4743 308 4797 τὸ
344 4741 551 4812 ἀγαθὸν
594 4741 841 4815 σπέρμα.
879 4743 1038 4812 Λέγω
1069 4743 1127 4798 δὲ
1162 4744 1293 4815 ὑμῖν
1331 4748 1442 4809 τοῖς
1490 4745 1667 4814 φίλοις
1712 4764 1814 4816 μου
1837 4762 1852 4779 ο

241 4836 315 4891 τὰ
367 4837 477 4907 γὰρ
520 4836 790 4907 πρότερον
842 4836 1115 4907 λεγόμενα
1164 4838 1224 4891 ού
1273 4838 1411 4909 πρὸς
1440 4838 1641 4902 αὐτοὺς
1689 4834 1851 4910 ἦσαν,

242 4928 390 4984 ἀλλά
412 4928 548 4997 πρὸς
580 4929 706 4993 τοὺς
734 4929 1090 5001 Φαρισαίους·
1127 4930 1257 4999 ύμῖν
1290 4925 1384 4983 οὖν
1432 4929 1580 4996 λέγω
1618 4932 1733 4992 τοῖς
1765 4930 1857 4999 φί-

241 5022 367 5084 λοις
396 5038 519 5091 μου’
546 5023 607 5074 ού
640 5024 774 5076 πᾶσι
806 5026 915 5093 γὰρ
942 5021 1176 5093 ἁρμόζει
1207 5026 1235 5076 ό
1260 5023 1418 5092 λόγος
1450 5016 1628 5089 οὗτος,
1661 5023 1777 5077 ἀλλ’
1806 5022 1854 5076 οἳ

242 5112 309 5178 εξ
339 5112 471 5183 ὅλης
495 5111 675 5184 ψυχῆς
700 5113 1002 5185 ἠγάπησαν
1031 5115 1215 5175 αὑτὸν.
1254 5116 1346 5169 καὶ
1385 5112 1449 5169 οἳ
1483 5114 1739 5169 δύνανται
1765 5115 1855 5170 λέ·-

240 5220 405 5275 γειν·
439 5203 534 5267 Τίς
566 5206 711 5275 ἡμᾶς
751 5206 979 5278 χωρίσει
1008 5207 1119 5261 ἀπὸ
1159 5208 1257 5277 τῆς
1287 5208 1511 5280 ἀγάπης
1545 5208 1642 5261 τοῦ
1679 5208 1853 5275 Θεοῦ;

192 5339 196 5341 -
242 5299 384 5361 Τοῖς
410 5295 673 5359 τοιούτοις
701 5298 936 5370 ἁρμόζει
975 5298 1117 5371 αὕτη
1163 5302 1195 5371 ή
1228 5302 1577 5373 παραίνεσις.
1620 5301 1712 5373 Μὴ
1758 5318 1857 5371 φο-

241 5390 484 5464 ϐηθῆτε,
515 5390 704 5461 φησὶν,
729 5391 839 5445 ἀπὸ
867 5390 976 5445 τῶν
1006 5392 1447 5447 ἀποκτεινόντων
1477 5393 1536 5447 τὸ
1560 5393 1742 5465 σῶμα,
1764 5396 1860 5447 καὶ

249 5483 433 5559 μηδὲν
460 5483 655 5539 τούτου
692 5484 858 5540 πλέον
892 5485 1154 5557 βλάπτειν
1190 5488 1446 5557 ἐχόντων.
1492 5488 1584 5549 Ei;
1614 5486 1723 5558 γὰρ
1768 5504 1858 5556 μι-

237 5560 390 5650 σέρδν
413 5579 445 5648 ἡ
472 5579 565 5631 ἀπ’
590 5576 770 5633 αὐτῶν
788 5578 963 5649 ζημία
986 5578 1363 5652 περιίσταται,
1397 5580 1559 5649 σῶμα
1582 5578 1851 5650 βλαπτόν-

240 5688 389 5737 ⁶των,
418 5670 446 5723 δ
476 5669 535 5724 τὸ
565 5672 766 5725 οίκεῑον
802 5672 1072 5740 πείσεται,
1111 5674 1214 5727 κᾶν
1244 5674 1399 5727 αὐτοὶ
1442 5672 1517 5745 μὴ
1553 5672 1855 5744 βλάψωσιν.

258 5766 513 5818 Ἐκεῖνον
539 5764 596 5817 δὲ
619 5764 769 5829 ἀξιον
792 5765 1076 5833 φοϐεῖσθαι
1108 5766 1202 5819 τὸν
1226 5768 1286 5821 ού
1323 5767 1485 5839 μόνον
1516 5767 1677 5838 σῶμα
1703 5767 1862 5822 κολά-

1956 3335 2272 3390 terreamini
2296 3334 2462 3408 366
2486 3337 2553 3391 ab
2578 3337 2663 3392 his
2693 3336 2787 3408 qui
2818 3338 3079 3393 occidunt
3106 3354 3333 3411 corpus,
3356 3350 3410 3397 et
3437 3353 3565 3414 post

1956 3427 2070 3483 haec
2100 3442 2205 3482 non
2240 3428 2445 3483 habent
2492 3429 2639 3499 quod
2687 3429 2923 3498 amplius
2988 3429 3213 3487 faciant.
3261 3433 3561 3491 Ostendam

1957 3530 2141 3574 autem
2176 3520 2333 3574 vobis
2364 3536 2529 3589 quem
2566 3520 2829 3576 timeatis.
2864 3521 3077 3579 Timete
3109 3540 3232 3580 eum
3264 3528 3357 3597 qui
3392 3536 3564 3599 post-

1956 3626 2119 3681 quam
2168 3612 2455 3678 occiderit,
2516 3612 2683 3667 habet
2739 3622 3064 3682 p0testatem
3113 3617 3439 3687 conjiciendi
3509 3621 3562 3674 ir

1956 3705 2284 3775 gehennam.
2337 3704 2500 3760 Certe
2534 3705 2659 3760 dico
2694 3707 2871 3773 vobis,
2905 3708 3051 3765 hunc
3106 3711 3317 3767 timete.
3368 3712 3567 3771 Nonne

1956 3798 2200 3867 quinque
2249 3798 2554 3867 passerculi
2613 3810 2857 3855 veneunt
2918 3802 3143 3859 minutis
3176 3806 3398 3860 assibus
3433 3808 3566 3861 duo-

1956 3890 2094 3945 bus?
2134 3899 2189 3943 et
2230 3906 2372 3945 unus
2419 3906 2485 3946 ex
2521 3890 2627 3945 illis
2661 3906 2767 3945 non
2800 3903 2888 3947 est
2934 3894 2991 3948 in
3043 3894 3321 3951 oblivione
3374 3913 3561 3951 eorum

1958 3984 2092 4040 Deo.
2127 3982 2271 4050 Quin
2298 3994 2353 4038 et
2381 3984 2563 4055 capilli
2612 3983 2809 4053 capitis
2850 3987 3017 4041 vestri
3067 4002 3261 4043 omnes
3291 3990 3565 4044 numerati

1958 4087 2090 4135 sunt
2122 4097 2135 4132 :
2173 4079 2343 4134 nolite
2372 4094 2504 4150 ergo
2534 4076 2734 4133 timere
2768 4097 2781 4133 ε
2810 4079 2996 4135 multis
3031 4083 3356 4150 passeribus
3391 4084 3567 4153 pluris

1957 4173 2117 4229 estis.
2150 4191 2168 4224 ι
2197 4170 2497 4243 Postquam
2530 4172 2791 4228 Dominus
2820 4174 3133 4247 hypocrisin
3160 4176 3564 4233 Pharisazorum

1957 4260 2262 4328 accusavit,
2305 4271 2359 4316 et
2385 4261 2688 4332 discipulos
2711 4277 2843 4319 suos
2871 4264 3351 4334 abilladeterruit,
3400 4269 3565 4324 etin-

1958 4354 2117 4407 terim
2136 4350 2444 4408 Phariszeos
2477 4355 2678 4409 iterum
2702 4357 3022 4425 perstrinxit
3045 4373 3142 4426 per
3162 4358 3267 4413 hoc
3298 4362 3445 4429 quod
3483 4362 3569 4415 di-

1957 4444 2070 4498 xit:
2099 4463 2116 4496 ι
2148 4444 2301 4511 Quod
2323 4445 2611 4500 dixistisin
2635 4448 2899 4513 tenebris,
2920 4449 3243 4504 audieturin
3266 4449 3470 4507 lumine
3496 4468 3513 4508 :
3542 4469 3565 4507 ι

1960 4555 2104 4595 nunc
2168 4540 2234 4594 ad
2292 4541 2498 4595 amicos
2560 4556 2691 4597 suos
2751 4544 3077 4612 perfectiora
3146 4544 3409 4615 loquitur.
3463 4547 3572 4605 Ubi

1957 4635 2105 4688 enim
2132 4635 2321 4703 spinas
2349 4635 2620 4702 exsecuit,
2641 4636 2828 4706 jamet
2856 4638 3061 4693 bonum
3093 4653 3281 4695 semen
3306 4641 3566 4698 seminat.

1956 4726 2088 4782 Dico
2123 4738 2306 4782 autem
2348 4729 2502 4784 vobis
2530 4730 2724 4785 amicis
2754 4732 2913 4785 meis.
2950 4732 3027 4785 Ea
3059 4733 3207 4787 enim
3248 4750 3371 4805 quae
3411 4737 3565 4806 prius

1958 4822 2193 4887 dixerat,
2221 4838 2327 4876 non
2344 4824 2409 4876 ad
2434 4822 2603 4892 ipsos,
2628 4825 2723 4879 sed
2744 4825 2811 4879 ad
2834 4823 3144 4881 Pharisaeos
3162 4828 3307 4882 dicta
3330 4829 3568 4889 fuerant.

1960 4915 2129 4971 Vobis
2161 4916 2327 4987 igitur
2360 4916 2489 4972 dico
2542 4917 2736 4974 amicis
2786 4919 2947 4973 meis.
2986 4916 3101 4975 Non
3136 4920 3283 4974 enim
3316 4922 3570 4980 munibus

1961 5024 2144 5065 sermo
2163 5011 2253 5067 ille
2270 5013 2548 5083 congruit,
2567 5015 2660 5066 sed
2686 5013 2770 5068 bis
2787 5015 2878 5085 qui
2898 5030 2962 5070 ex
2985 5023 3099 5071 toto
3121 5018 3291 5073 corde
3312 5020 3551 5088 diligunt

1960 5114 2015 5158 ct
2047 5104 2235 5159 dicere
2265 5115 2490 5174 possunt
2526 5121 2539 5158 :
2575 5105 2708 5172 Quis
2741 5123 2840 5163 nos
2867 5110 3145 5178 separabit
3196 5126 3223 5163 a
3275 5108 3568 5164 ιίὶιρειιυιιιΔ

1960 5196 2167 5253 Christi
2192 5197 2284 5251 υἱ)
2312 5198 2537 5255 Talibus
2567 5199 2712 5253 enim
2746 5198 3049 5257 admonitio
3073 5204 3159 5257 illa
3189 5208 3470 5261 convenit.
3496 5203 3574 5261 Ne

1964 5291 2229 5357 timeatis,
2266 5292 2464 5362 inquit,
2506 5294 2573 5347 ab
2627 5293 2715 5347 his
2773 5294 2868 5363 qui
2938 5296 3201 5351 occidunt
3263 5312 3575 5369 corpns,et

1964 5384 2098 5439 nihil
2144 5384 2379 5455 amplius
2433 5401 2631 5441 nocere
2672 5396 2927 5457 p'ssunt.
2956 5387 3192 5444 Parvum
3228 5391 3378 5447 enim
3416 5396 3563 5447 dam-

1966 5494 2093 5531 num
2124 5482 2191 5533 ab
2222 5479 2328 5534 illis
2356 5480 2595 5545 eveniat,
2624 5483 2715 5550 qui
2753 5485 2969 5553 corpori
3006 5496 3229 5551 nocent,
3259 5486 3405 5557 quod
3440 5487 3573 5542 alio-

1964 5572 2055 5641 qui
2086 5588 2379 5643 passurum
2414 5587 2584 5641 esset,
2622 5576 2788 5631 etiam
2822 5576 2929 5632 illis
2958 5594 3067 5633 non
3098 5579 3446 5635 laedentibus.
3482 5578 3577 5635 lllc

1964 5675 2147 5721 autem
2189 5667 2386 5738 dignus
2428 5670 2518 5739 qui
2566 5670 2849 5737 timeatur,
2880 5672 2974 5743 qui
3012 5687 3119 5725 non
3163 5673 3341 5727 solum
3375 5688 3575 5743 corpus

1964 5761 2145 5831 punit,
2160 5762 2255 5816 sed
2274 5770 2330 5815 et
2346 5763 2606 5829 animum,
2624 5766 2995 5821 immortalem
3017 5768 3446 5839 possessionem,
3472 5768 3574 5821 im-

239 5860 443 5925 ζοντα,
470 5856 609 5911 ἀλλά
632 5858 720 5911 καὶ
748 5857 950 5930 ψυχὴν,
972 5858 1033 5913 τὸ
1059 5859 1328 5915 ἀθάνατον
1352 5863 1545 5933 χρῆμα
1571 5859 1847 5922 ἀθανάτοις

1967 5854 2288 5913 mortalibus
2321 5855 2536 5926 subiicit
2572 5861 2776 5928 poenis,
2801 5861 2978 5933 iisque
3015 5863 3356 5919 ardentibus.
3388 5862 3579 5931 itaque

328 6041 374 6072 ’τ
403 6039 562 6095 Rom.
602 6055 718 6105 vm,
746 6040 837 6094 535.
