4030 6406
482 431 616 495 ’879
641 379 650 385 1

1431 414 2012 481 THEOPl-IYLACTI
2050 408 2469 476 BULGARLE
2513 406 2875 470 ARCHIEP.

3683 399 3799 465 830

501 543 558 598 in
590 537 921 611 spiritualem
954 533 1321 590 fortitudinem
1348 531 1501 600 ungit
1524 541 1578 585 et
1602 537 1868 598 praeparat
1891 528 2098 581 amicos

2241 520 2579 576 ποὸάλλοντα
2629 517 2948 589 τιμωρίαις,
2996 516 3090 570 καὶ
3141 519 3369 580 ταύταις
3421 517 3480 569 ὲν
3521 515 3680 587 πυρί,
3722 517 3804 579 εἰς

489 649 636 692 suos
681 630 956 694 Christus,
1009 634 1284 693 testesque
1334 637 1462 678 suos
1521 620 1672 686 facil,
1719 634 1784 674 ac
1853 620 2094 673 lmmauo

508 738 654 786 metu
686 725 855 791 exuit.
883 721 1146 775 Homines
1177 719 1345 781 enim,
1377 717 1572 785 inquit,
1603 716 1739 767 iram
1771 726 1927 768 suam
1951 710 2092 764 ultra

509 816 868 888 corruptibile
915 827 1112 884 corpus
1162 811 1453 866 extendere
1503 813 1804 877 nequeunt,
1857 803 2095 870 finisque

509 912 832 968 insidiarum
863 907 1079 962 illorum
1100 913 1289 961 contra
1319 917 1421 956 nos
1464 900 1648 956 carnis
1676 911 1825 953 mors
1854 905 1957 950 est.
1989 896 2096 949 Deo

508 1012 688 1058 autem
720 1001 998 1072 puniente,
1028 1012 1134 1050 non
1159 995 1349 1050 carnis
1380 993 1554 1047 solum
1589 992 1850 1044 damnum
1876 996 1977 1050 est,
1999 985 2094 1041 sed

506 1105 562 1151 et
600 1096 801 1150 misera
835 1091 1013 1146 anima
1051 1104 1173 1144 cum
1206 1087 1489 1157 suppliciis
1522 1085 1691 1138 vadit.
1725 1082 1884 1137 Scito
1915 1091 2095 1135 autem

510 1190 612 1242 hoc
654 1186 793 1249 loco,
840 1184 984 1252 quod
1045 1180 1430 1250 peccatoribus
1476 1191 1622 1231 mors
1663 1177 1728 1229 ad
1771 1174 2096 1242 supplicium

508 1276 764 1342 infertur,
790 1285 845 1330 et
881 1276 936 1328 in
969 1273 1072 1327 hac
1117 1273 1225 1326 vita
1273 1271 1571 1341 puniuntur
1599 1282 1723 1320 cum
1753 1265 2097 1327 occiduntur,

505 1377 562 1424 et
602 1369 653 1422 iu
683 1368 791 1422 alia
823 1366 950 1421 dum
990 1364 1045 1418 in
1086 1363 1385 1432 gehennam
1421 1359 1805 1426 conjiciuntur.
1844 1355 2102 1410 Perscru-

513 1471 634 1514 tans
677 1467 855 1512 autem
888 1457 1134 1520 verbum,
1163 1455 1327 1509 etiam
1363 1451 1510 1507 aliud
1541 1452 1797 1521 quiddam
1831 1449 1993 1503 simul
2023 1450 2101 1501 in-

515 1547 738 1616 telliges.
769 1542 932 1598 Vides
961 1544 1104 1599 enim
1138 1544 1281 1611 quod
1317 1557 1420 1595 non
1459 1541 1597 1594 dixit
1629 1537 1924 1593 :Metuatis
1949 1553 2099 1603 eum,

509 1639 605 1710 qui
636 1647 920 1708 pOStquam
958 1634 1243 1699 occiderit,
1279 1634 1450 1687 mittit
1507 1633 1560 1685 in
1616 1634 1943 1700 gehennam,
1978 1630 2101 1693 sed,

514 1731 802 1785 habentem
844 1736 1175 1797 pulestatetn
1218 1725 1492 1780 mittendi.
1521 1723 1638 1777 Non
1687 1725 1832 1778 enim
1889 1737 2104 1790 semper

513 1825 610 1894 qui
655 1822 960 1877 moriuntur
992 1831 1331 1891 peccatores,
1368 1819 1656 1872 mittuntur
1680 1817 1732 1870 in
1772 1817 2098 1885 gehennam,

2198 613 2425 683 ἀνδρίαν
2449 609 2545 666 οὖν
2579 607 2959 681 πνευματικὴν
2992 606 3207 678 ἀλείφει
3240 609 3367 672 τοὺς
3394 608 3565 662 αὑτοῦ
3610 607 3804 678 φίλους

2198 709 2226 760 ὁ
2255 705 2511 778 Χριστὸς,
2568 705 2852 775 μάρτυρας
2907 701 3109 764 αὐτοὺς
3139 699 3534 771 ἐργαζόμενος,
3587 701 3683 754 καὶ
3716 699 3806 752 τὸν

2199 799 2310 852 τῶν
2335 796 2640 870 ἀνθρώπων
2669 795 2836 865 φόϐον
2862 794 2958 848 ἀπ’
2995 793 3178 849 αὐτῶν
3215 792 3517 848 ἐκϐάλλων.
3547 792 3803 862 Ἀνθρω-

2201 908 2294 944 ποι
2312 892 2442 960 γὰρ,
2465 890 2620 961 φησι,
2645 888 2808 959 μέχρι
2829 886 2923 941 τοῦ
2949 885 3197 957 φθαρτοῦ
3219 885 3473 954 σώματος
3499 885 3806 937 ὲκτείνουσι

2199 984 2298 1046 τάς
2320 982 2510 1053 ὀργὰς,
2531 981 2626 1034 καὶ
2649 981 2823 1051 πέρας
2845 979 3026 1033 αὐτῶν
3050 979 3150 1047 τῆς
3175 978 3296 1031 καθ’
3317 979 3475 1048 ἡμῶν
3501 977 3806 1044 ἐπιϐουλῆς

2200 1077 2228 1128 ὁ
2251 1077 2351 1148 τῆς
2381 1076 2585 1144 σαρκὸς
2613 1073 2868 1133 θάνατος·
2903 1071 3042 1125 Θεοῦ
3082 1071 3137 1124 δὲ
3165 1071 3513 1133 κολάζοντος,
3547 1071 3609 1121 οὐ
3636 1071 3804 1138 μέχρι

2205 1169 2374 1238 μόνης
2397 1167 2652 1236 σαρκὺςή
2679 1166 2852 1235 ζημία
2895 1167 3178 1230 στήσεται,
3225 1163 3359 1216 ἀλλά
3390 1163 3486 1216 καὶ
3515 1162 3652 1232 αὑτὴ
3683 1178 3810 1213 συν-

2213 1260 2490 1326 υπάγεται
2523 1259 2646 1318 ταῖς
2681 1255 2886 1317 αἰκίαις
2924 1256 2955 1324 ἡ
2999 1254 3156 1308 ἀθλία
3192 1254 3358 1323 ψυχή.
3397 1252 3718 1323 Στιςιείωῖαι
3751 1251 3806 1303 δὲ

2203 1350 2478 1413 ἐντεῦθεν,
2503 1350 2585 1402 ὅτι
2622 1349 2734 1410 τοῖς
2771 1347 3121 1418 ἁμαρτωλοῖς
3154 1347 3180 1397 ὁ
3207 1347 3438 1407 θάνατος
3465 1345 3598 1414 πρὸ,
3627 1361 3806 1412 τιμω-

2189 1444 2329 1513 -ρίαν
2359 1443 2648 1509 ἐπάγεται,
2674 1440 2959 1494 κάνταῦθα
2995 1440 3385 1507 κολαζομένοις
3417 1438 3506 1489 διὰ
3543 1435 3640 1489 τοῦ
3673 1438 3811 1487 άποο

2207 1535 2537 1601 κτείνεσθαι,
2574 1536 2800 1588 κάκεῖσε
2835 1533 2973 1601 μετά
3011 1531 3186 1586 ταῦτα
3222 1534 3300 1592 εἰς
3332 1531 3562 1597 γέενναν
3600 1529 3807 1599 ἐμϐαλ-

2206 1627 2476 1698 λομένοις.
2545 1621 2845 1691 Ἓξετάζων
2902 1626 2958 1678 δὲ
3011 1625 3108 1695 τὴν
3158 1624 3324 1689 λέξιν,
3361 1625 3455 1676 καί
3512 1642 3563 1676 τι
3622 1623 3814 1692 ἕτερον

2209 1722 2504 1792 ἐννοήσεις.
2531 1721 2676 1791 Ὅρα
2697 1719 2806 1790 γὰρ
2828 1721 2908 1771 ὅτι
2934 1719 3033 1772 οὐκ
3061 1714 3208 1771 εἴπεο
3243 1716 3526 1790 Φοϐήθητε
3555 1718 3644 1770 τὸν
3670 1716 3814 1786 μετά

2209 1811 2269 1864 τὸ
2290 1813 2612 1865 ἀποκτεῖναι
2648 1810 2912 1881 βάλλοντα
2951 1812 3026 1872 εἰς
3063 1810 3447 1880 τὴν·γέενναν,
3481 1809 3626 1872 ἀλλ’,
3663 1812 3820 1875 ἐξου-

518 1884 613 1971 setl
664 1925 792 1970 sunt
818 1918 870 1971 in
899 1924 1171 1984 potestate
1211 1910 1326 1974 Dei,
1361 1920 1421 1965 ut
1447 1913 1612 1964 ctiam
1645 1911 1844 1964 dimitti
1876 1909 2101 1978 possint.

2232 1902 2335 1955 τίαν
2366 1901 2562 1973 ἔχοντα
2580 1901 2784 1971 βαλεῖν.
2818 1902 2894 1954 Οὐ
2922 1904 3028 1972 γὰρ
3056 1903 3274 1964 πάντως
3295 1903 3341 1954 οί
3367 1901 3819 1970 ἀποθνήσκοντες

519 2002 635 2061 Hoc
674 2015 858 2058 autem
907 2003 1031 2059 dico
1064 2011 1289 2072 propter
1332 2002 1637 2056 oblationes
1675 2011 1732 2055 et
1769 1999 2111 2054 distributio-

521 2113 616 2153 nes
649 2113 769 2168 quae
801 2097 1051 2166 liuutpro
1079 2096 1372 2160 defunctis,
1407 2109 1527 2166 quae
1553 2110 1656 2148 non
1685 2108 1873 2162 parum
1903 2090 2108 2145 condu-

522 2200 651 2245 cunt
679 2191 844 2243 etiam
888 2189 971 2243 his
995 2189 1084 2256 qui
1115 2188 1166 2240 in
1190 2187 1448 2257 gravibus
1481 2185 1716 2253 pereatis
1742 2182 1939 2237 mortui
1964 2191 2112 2236 sunt.

524 2283 644 2338 Non
670 2282 894 2337 omnino
920 2283 1102 2352 igitur
1143 2293 1429 2350 anIquant
1481 2279 1683 2332 occidit
1731 2277 1895 2331 mittit
1935 2277 1987 2330 in
2025 2291 2117 2345 ge-

527 2377 791 2440 hennam,
821 2375 916 2429 sed
949 2381 1281 2445 potestatem
1320 2373 1481 2425 habet
1521 2369 1796 2426 mittendi.
1845 2369 1922 2424 Ne
1952 2370 2119 2438 igitur

527 2480 807 2522 cessemus
849 2481 943 2536 per
1007 2465 1384 2534 eleemosyuas
1423 2473 1477 2516 et
1531 2463 1954 2516 intercessiones
1982 2475 2111 2529 pro-

529 2558 726 2626 pitium
762 2558 991 2611 reddere
1020 2571 1144 2609 eum
1183 2558 1274 2624 qui
1300 2563 1622 2624 potestatem
1649 2554 1814 2608 habet
1846 2555 2118 2621 mittendi,

526 2665 635 2705 non
687 2664 904 2718 semper
942 2658 1125 2703 autem
1183 2658 1450 2715 potestate
1489 2651 1591 2703 hac
1632 2657 1895 2710 utentem,
1935 2647 2029 2702 sed
2068 2657 2121 2702 et

527 2743 795 2798 valentem
875 2740 1038 2812 367
1117 2743 1396 2796 remittere
1475 2742 1756 2810 quiddam.
1848 2740 2119 2806 Quoniam

531 2846 712 2892 autem
749 2835 901 2888 multi
940 2843 1130 2902 putant
1161 2833 1460 2887 morientes
1504 2847 1607 2902 pro
1647 2833 1878 2887 veritate
1931 2847 1960 2885 a
2015 2831 2124 2887 Deo

529 2926 819 2983 derelictos
850 2922 961 2979 :Ne
995 2927 1095 2979 hoe
1111 2923 1438 2979 existimetis
1470 2937 1588 2987 vos,
1611 2922 1787 2992 inquit
1811 2939 1827 2989 ;
1850 2937 1958 2976 non
1978 2924 2123 2977 enim

536 3017 843 3074 moriemini
875 3018 1032 3086 quasi
1071 3031 1101 3068 a
1139 3029 1224 3068 me
1248 3010 1523 3070 derelicti.
1561 3013 1616 3069 Si
1659 3015 1804 3069 enim
1852 3015 2032 3070 nullus
2057 3029 2127 3069 ex

533 3111 868 3183 passerculis
898 3111 987 3179 qui
1016 3107 1345 3174 venduntur,
1367 3110 1422 3163 in
1443 3109 1716 3163 oblivione
1750 3118 1855 3176 est,
1895 3109 2124 3163 multum

2217 1993 2537 2064 ἁμαρτωλοὶ
2577 1992 2864 2063 βάλλονται
2917 1997 2997 2055 εἰς
3047 1994 3148 2063 τὴν
3197 1993 3444 2060 γέενναν,
3492 1994 3608 2046 ἀλλ’
3650 1996 3708 2048 ὲν
3751 1996 3818 2065 τῇ

2217 2085 2438 2156 ἐξουσίᾳ
2465 2086 2643 2138 κεῖται
2672 2084 2836 2137 τοῦτο
2861 2083 2957 2136 τοῦ
3007 2083 3169 2146 Θεοῦ,
3202 2083 3343 2136 ὥστε
3381 2087 3476 2136 καὶ
3511 2085 3570 2136 τὸ
3603 2085 3823 2154 συγχώ-

2222 2181 2357 2250 ρεῖν,
2385 2178 2557 2231 Τοῦτο
2585 2178 2641 2232 δὲ
2674 2178 2822 2245 λέγω
2865 2178 2951 2230 διὰ
2978 2178 3078 2237 τὰς
3115 2177 3209 2229 ἐπὶ
3248 2180 3358 2240 τοῖς
3393 2179 3829 2246 κεκοιμημένοις

2219 2271 2519 2339 γενομένας
2544 2269 2864 2340 προσφορὰς
2897 2271 2993 2322 καὶ
3018 2269 3116 2332 τὰς
3147 2270 3438 2334 διαδόσεις,
3475 2269 3532 2322 αῖ
3558 2273 3619 2322 οὐ
3651 2272 3899 2340 μικρέί“·“

2222 2363 2536 2417 συντελοῦσι
2593 2365 2708 2424 τοῖς
2753 2363 2848 2415 καὶ
2881 2364 2938 2426 ὲν
2978 2362 3278 2432 ἁμαρτίαις
3324 2362 3577 2431 βαρείαις
3617 2365 3832 2416 ἀποθαο

2220 2455 2424 2511 νοῦσιν.
2454 2456 2531 2510 Οὐ
2557 2458 2779 2519 πάντως
2802 2455 2894 2509 οῦν
2929 2457 3069 2525 μετά
3092 2456 3153 2507 τὸ
3176 2457 3503 2508 ἀποκτεῖναι
3535 2454 3722 2524 βάλλει
3746 2458 3829 2518 εἰς

2220 2551 2320 2620 τὴν
2349 2551 2598 2618 γέενναν,
2630 2551 2746 2604 ἀλλ’
2799 2549 3050 2614 ἐξουσίαν
3103 2550 3216 2620 ἔχει
3265 2549 3474 2618 βαλεῖν.
3513 2551 3603 2620 Μὴ
3648 2551 3830 2602 τοίνυν

2223 2636 2775 2712 ὲλλείψωμενήμεῖς,
2810 2640 3206 2706 σπουδάζοντες
3231 2641 3298 2693 δι’
3322 2640 3711 2712 ἐλεημοσυνῶν
3738 2643 3834 2695 καὶ

2225 2734 2538 2805 πρεσϐειῶν
2569 2733 2910 2799 έξιλεοῦσθαι
2952 2735 3042 2786 τὴν
3088 2735 3337 2799 ἐξουσίαν
3372 2736 3470 2802 μὲν
3503 2736 3699 2807 ἔχοντα
3735 2736 3835 2806 βα-

2223 2826 2358 2891 λεῖν,
2394 2827 2453 2879 οὐ
2499 2826 2720 2888 πάντως
2766 2827 2860 2879 καὶ
2909 2829 2974 2896 τῇ
3020 2825 3241 2897 ἐξουσίᾳ
3292 2826 3468 2899 ταύτῃ
3518 2827 3833 2898 χρώμενον,

2227 2918 2366 2971 ἀλλὰ
2394 2919 2488 2971 καὶ
2526 2919 2832 2988 συγχωρεῖν
2864 2917 3186 2987 δυνάμενον.
3237 2919 3391 2972 Ἐπεὶ
3427 2920 3482 2971 δὲ
3518 2920 3707 2973 πολλοὶ
3737 2919 3827 2975 τὸν

2229 3013 2368 3082 ὑπὲρ
2424 3012 2526 3083 τῆς
2585 3011 2844 3083 ἀληθείας
2900 3011 3132 3065 θάνατον
3187 3014 3579 3083 ἐγκατάλειψιν
3634 3017 3840 3068 οἴονται

2230 3099 2364 3156 Θεοῦ
2391 3118 2404 3131 °
2462 3101 2554 3173 Μὴ
2585 3101 2764 3165 τοῦτο,
2801 3102 2988 3172 φησὶν,
3035 3102 3195 3172 ὑμεῖς
3224 3102 3464 3174 οῖηθῆτε.
3504 3105 3581 3157 Οὐ
3616 3106 3727 3176 γὰρ
3763 3106 3841 3168 ὡς

540 3206 695 3259 abest
725 3211 786 3258 ut
821 3214 999 3257 vestra
1041 3215 1209 3268 mors,
1242 3202 1331 3271 qui
1367 3201 1528 3269 amici
1561 3203 1670 3256 mei
1700 3202 1856 3264 estis,
1882 3201 2005 3258 talis
2030 3203 2121 3268 sit,

2232 3194 2969 3268 EdetC‘Mpﬂde-SVOL'GR'
3002 3195 3164 3264 ἐμοῦ,
3203 3196 3424 3265 μέλλετε
3458 3197 3743 3268 θνήσκειν.
3776 3199 3840 3251 Εἰ

533 3297 690 3370 quasi
736 3312 841 3367 ego
896 3312 1001 3351 non
1063 3296 1377 3368 provideant
1415 3296 1592 3352 vobis.
1619 3296 1882 3366 Equidem
1920 3308 2127 3352 tantam

540 3390 710 3448 vestri
754 3407 940 3445 curam
996 3405 1149 3459 gero,
1187 3398 1244 3443 ut
1295 3400 1350 3443 et
1377 3391 1561 3444 omnia
1617 3402 1802 3446 vestra
1855 3393 2132 3449 subtiliter

543 3493 827 3556 perspecta
858 3486 986 3548 sint,
1020 3493 1072 3538 et
1105 3484 1372 3538 numerati
1415 3484 1594 3554 capilli
1633 3485 1824 3541 vestri.
1871 3484 2131 3553 Quamvis

544 3573 710 3645 igitur
742 3587 837 3627 vos
869 3573 920 3625 in
956 3573 1308 3626 tentationetu
1342 3574 1536 3627 cadere
1565 3574 1901 3642 permittam,
1935 3589 2134 3645 suppe-

543 3664 728 3736 ditabo
756 3675 940 3718 tamen
971 3664 1204 3718 ubertim
1234 3663 1529 3719 sufferendi
1567 3667 1731 3721 vires.
1759 3665 1916 3736 Saepe
1945 3679 2130 3721 autem

543 3759 586 3813 si
640 3773 802 3828 quem
850 3758 1200 3818 infirmiorem
1251 3759 1456 3823 videro,
1509 3773 1618 3813 non
1676 3761 1938 3828 permitto
1981 3759 2130 3814 illum

545 3852 598 3904 in
634 3850 966 3906 tentationes
1001 3851 1264 3906 incidere.
1307 3849 1440 3906 Nam
1495 3853 1584 3919 qui
1635 3867 1753 3906 sum
1793 3861 2037 3918 curator,
2081 3863 2136 3907 et

545 3945 729 4000 omnia
765 3945 901 3998 bene
931 3945 1062 4009 scio,
1090 3943 1150 3997 et
1198 3954 1479 3997 numerata
1527 3942 1702 3999 habeo
1732 3944 1908 4002 etiam
1955 3945 2138 4000 minu-

546 4038 781 4101 tissima,
847 4037 1117 4090 distribuo
1170 4036 1464 4104 unicuique
1505 4037 1647 4106 quod
1697 4052 1809 4092 sua:
1869 4019 2138 4092 mensura:

552 4133 826 4203 congruit.
849 4130 1019 4187 Porro
1037 4133 1081 4187 si
1099 4133 1501 4198 obserVaveris,
1519 4134 1570 4185 iu
1596 4132 1878 4203 Scriptura
1895 4134 2137 4190 invenies

553 4225 830 4280 numerari
858 4224 1041 4286 omnia
1073 4224 1250 4278 virilia
1283 4232 1336 4279 et
1367 4240 1488 4294 quae
1525 4225 1589 4278 ad
1620 4240 1933 4279 mensuram
1965 4227 2140 4282 virilis

550 4319 729 4373 aetatis
773 4320 1117 4386 perveniunt,
1153 4318 1424 4384 dignaque
1476 4317 1657 4370 divina
1702 4317 2134 4372 enumeratione.

553 4410 658 4465 Per
693 4415 857 4477 caput
896 4417 1076 4461 autem
1120 4406 1552 4472 uniuscujusque
1609 4402 1816 4457 Christi
1876 4403 2136 4469 ﬁdelium,

556 4500 905 4571 intelligenda
929 4500 1037 4552 vita
1061 4498 1278 4552 Christo
1293 4507 1442 4566 grata
1463 4513 1476 4555 ;
1497 4512 1591 4564 per
1614 4497 1836 4565 capillos
1857 4511 1984 4550 vero
2001 4497 2139 4565 ejus,

2235 3289 2344 3361 γὰρ
2376 3289 2470 3342 καὶ
2518 3287 2630 3343 τῶν
2672 3287 2974 3358 στρουθίων
3003 3289 3113 3340 τῶν
3148 3289 3520 3357 πωλουμένων
3550 3291 3711 3344 οὐδὲν
3742 3293 3842 3346 ὲν-

2237 3382 2556 3452 επίληστον,
2591 3379 2787 3433 πολλοῦ
2815 3380 2897 3432 δεῖ
2923 3380 2951 3432 ὁ
2984 3379 3252 3451 ὑμέτερος
3281 3381 3514 3446 θάνατος
3547 3384 3660 3437 τῶν
3690 3385 3846 3456 ἐμῶν

2237 3476 2408 3545 φίλων
2457 3473 2734 3544 γενέσθαι,
2771 3474 2848 3536 ὡς
2897 3475 2972 3545 μὴ
3014 3475 3427 3545 προνοουμένου
3468 3476 3629 3547 ὑμῶν
3676 3477 3842 3546 ἐμοῦ.

2238 3567 2521 3640 Τοσαὺτην
2570 3569 2678 3640 γὰρ
2729 3568 2883 3638 ὑμῶν
2932 3568 3196 3639 ποιοῦμαι
3231 3569 3328 3639 τὴν
3378 3572 3665 3640 πρόνοιαν,
3700 3573 3847 3628 ὥστε

2238 3665 2449 3717 ἕκαστα
2509 3664 2618 3716 τῶν
2678 3662 2964 3733 ὑμετέρων
3019 3663 3219 3716 εἰδέναι
3276 3666 3513 3728 λεπτῶς,
3581 3673 3678 3718 καὶ
3734 3664 3849 3722 οἷον

2237 3757 2626 3829 ἠριθμημένας
2654 3757 2799 3827 ἔχειν
2827 3755 2925 3819 τὰς
2950 3756 3145 3826 τρίχας
3182 3756 3338 3827 ὑμῶν
3357 3773 3372 3787 ο
3406 3757 3511 3811 κᾶν
3541 3760 3727 3814 τοίνυν
3766 3764 3849 3826 είς

2239 3848 2544 3919 πειρασμὸν
2572 3849 2720 3904 ἐάσω
2749 3848 2894 3916 ὑμᾶς
2950 3847 3241 3913 εἰσελθεῖν,
3279 3853 3580 3920 χορηγήσω
3622 3855 3847 3918 πάντως

2241 3945 2336 3994 καὶ
2375 3942 2472 4008 τὴν
2522 3943 2602 4005 είς
2638 3943 2698 3996 τὺ
2742 3942 3039 4011 ὑπομεῖναι
3088 3942 3343 4012 δύναμιν.
3382 3944 3653 4009 Πολλάκις
3689 3947 3747 4000 δὲ
3803 3949 3856 4002 ετ

2241 4053 2362 4088 τινα
2396 4035 2600 4105 ἀσθενῆ
2635 4035 2751 4099 ἴδω,
2805 4036 2927 4087 οὐδὲ
2982 4037 3246 4101 ἐμπεσεῖν
3281 4038 3446 4091 αὐτὸν
3497 4043 3852 4112 συγχωρήσω

2245 4128 2611 4199 πειρατηρίῳ.
2676 4126 2947 4197 Κηδεμὼν
2994 4127 3102 4201 γὰρ
3144 4128 3241 4193 ὢν,
3285 4131 3381 4183 καὶ
3437 4133 3616 4185 πάντα
3667 4134 3852 4197 εἰδὼς,

2244 4220 2338 4273 καὶ
2377 4218 2736 4289 ἠριθμημένα
2765 4217 2906 4288 ἔχων
2949 4221 3043 4271 καὶ
3073 4221 3141 4273 τὰ
3172 4219 3498 4284 λεπτότατα,
3539 4225 3762 4294 ἑκάστῳ
3794 4227 3856 4279 τὸ

2243 4312 2364 4365 κατ’
2387 4313 2546 4377 ἀξίαν
2583 4315 2678 4365 καὶ
2711 4313 2771 4364 τὸ
2798 4313 3111 4383 πρόσφορον
3139 4315 3431 4386 οἰκονομῶ.
3478 4316 3809 4389 Ἐπιτηρήσς
3831 4337 3859 4383 ς

2243 4406 2299 4457 δὲ
2325 4406 2579 4476 εὑρήσεις
2603 4404 2660 4458 ἐν
2694 4407 2759 4476 τῇ
2792 4405 2984 4476 Γραφῇ
3014 4407 3405 4479 ἀριθμούμενα
3442 4410 3624 4463 πάντα
3653 4413 3725 4464 τά
3759 4416 3857 4465 ἀν-

2245 4497 2420 4566 δρεῖα,
2471 4499 2566 4549 καὶ
2601 4497 2685 4560 είς
2735 4499 2937 4568 μέτρον
2971 4499 3192 4568 ἡλικίας
3235 4501 3546 4569 φθάσαντα,
3598 4504 3701 4556 καὶ
3730 4504 3857 4570 ἀξια

557 4594 910 4668 particularia
950 4607 1139 4662 opera,
1172 4603 1224 4645 et
1265 4589 1465 4658 quibus
1516 4605 1716 4660 corpus
1759 4589 2121 4644 mortificatur

2251 4587 2436 4650 άπλῶς
2462 4587 2620 4651 θείας
2661 4587 3126 4659 ἀπαριθμήσεως.
3177 4590 3438 4662 Κεφαλὴν
3467 4588 3562 4645 οὖν
3617 4595 3858 4650 ἑκάστου

558 4707 678 4760 qth
721 4696 1080 4743 numerantur
1114 4688 1256 4754 apud
1286 4683 1452 4736 Deum
1483 4695 1537 4737 et
1565 4693 1953 4754 supputautur.
1988 4683 2138 4739 Talia

561 4785 706 4838 enim
736 4791 917 4834 vestra
950 4793 1112 4845 opera
1157 4777 1395 4830 divinam
1444 4777 1804 4830 visitationem
1842 4787 2143 4832 merentur.

567 4872 685 4924 .lam
743 4869 962 4938 quidam
1014 4867 1320 4937 intelligunt
1375 4882 1468 4933 per
1514 4867 1751 4935 quinque
1781 4871 2143 4933 passerculos,

567 4964 809 5033 quinque
833 4975 1046 5022 sensus,
1077 4959 1167 5028 qui
1203 4962 1414 5014 duobus
1446 4959 1670 5013 minutis
1701 4960 1914 5014 assibus
1946 4975 2150 5016 venun-

569 5058 789 5117 dantur,
812 5053 915 5106 hoc
938 5060 1020 5106 est
1042 5051 1193 5105 Novo
1219 5063 1273 5106 et
1297 5049 1474 5106 Veteri
1496 5049 1870 5114 Testamento,
1898 5067 2002 5105 non
2027 5063 2155 5106 sunt

570 5150 625 5203 in
648 5145 919 5200 oblivione
939 5146 1081 5214 apud
1114 5142 1302 5196 Deum.
1339 5143 1578 5208 Quorum
1609 5145 1752 5198 enim
1787 5159 1981 5198 sensus
2007 5155 2155 5198 reete

575 5249 998 5306 componuntur,
1028 5247 1081 5291 et
1128 5237 1297 5290 sobrii
1331 5246 1477 5300 sunt,
1503 5245 1558 5290 et
1591 5237 1792 5291 rationi
1827 5237 2155 5301 subduntur,

577 5335 651 5381 ita
681 5338 860 5381 utnon
893 5329 1002 5382 sint
1032 5327 1271 5391 inutiles,
1305 5327 1398 5381 sed
1432 5327 1585 5380 valde
1611 5327 1771 5383 utiles
1809 5327 1863 5381 in
1895 5328 2157 5397 spiritua-

581 5420 683 5473 lem
717 5421 922 5486 cibum,
949 5419 1003 5471 lii
1027 5433 1131 5471 non
1156 5430 1280 5473 sunt
1310 5420 1363 5472 in
1391 5419 1662 5474 oblivione
1677 5424 1818 5488 apud
1850 5422 2158 5475 Dominum.

662 5689 815 5746 Vens.
847 5690 1001 5746 8-12.
1033 5710 1050 5742 ι
1090 5690 1217 5747 Dico
1241 5702 1415 5747 autem
1451 5695 1624 5760 vobis,
1667 5695 1838 5749 omnis
1857 5697 2164 5766 quicunque

583 5811 588 5816 -
620 5783 865 5837 o'ifessus
900 5783 1062 5838 fuerit
1094 5784 1148 5838 in
1195 5799 1280 5838 me
1309 5801 1493 5840 coram
1550 5787 1880 5850 hominibuS,
1913 5797 1966 5839 et
1998 5787 2165 5843 Filius

646 5872 819 5926 minis
856 5873 1200 5929 conlitebitur
1223 5872 1278 5925 in
1321 5875 1409 5930 illo
1439 5891 1622 5931 coram
1660 5878 1865 5945 angelis
1919 5878 2028 5931 Dei.
2061 5881 2164 5945 Qui

2249 4681 2359 4733 τῶν
2415 4681 2623 4734 πιστῶν
2677 4681 2771 4752 τὴν
2823 4684 3207 4756 χριστοπρεπῆ
3266 4686 3546 4741 πολιτείαν
3605 4691 3857 4760 νοητέον.

2255 4771 2462 4844 Τρίχας
2509 4774 2564 4826 δὲ
2596 4773 2804 4842 ταύτης
2834 4773 2933 4836 τὰς
2981 4775 3127 4827 κατὰ
3178 4775 3346 4848 μέρος
3380 4780 3716 4850 νεκροτέρας
3761 4780 3860 4836 τοῦ

2255 4866 2507 4936 σώματος
2540 4867 2791 4937 πράξεις,
2825 4868 2881 4921 αἳ
2914 4869 3278 4941 ἀριθμοῦνται
3313 4873 3466 4941 παρὰ
3495 4873 3641 4942 Θεῷ,
3679 4876 3773 4927 καὶ
3802 4878 3860 4927 ὲν

2253 4960 2396 5029 λόγῳ
2418 4959 2681 5015 τίθενται.
2715 4960 2780 5013 Αἰ
2815 4960 2923 5030 γάρ
2958 4962 3212 5032 τοιαῦται
3245 4963 3402 5033 ὑμῶν
3439 4966 3672 5036 πράξεις
3705 4967 3862 5032 θείας

2254 5053 2560 5123 ἐπισκοπῆς
2583 5052 2880 5117 ἀξιοῦνται.
2918 5054 3120 5109 Νοοῦσι
3149 5057 3207 5109 δέ
3246 5074 3411 5125 τινες,
3454 5062 3620 5112 πέντε
3655 5078 3853 5133 στρου-

2258 5145 2369 5208 θία,
2399 5146 2499 5208 τὰς
2533 5147 2698 5199 πέντε
2743 5146 3138 5217 αἰσθήσεις,·αἶ
3182 5150 3276 5203 δύο
3324 5152 3605 5222 ἀσσαρίων
3650 5156 3864 5210 πωλού-

2260 5255 2441 5309 μεναι,
2473 5240 2722 5293 τουτέστι
2751 5239 2838 5292 διὰ
2869 5241 3077 5310 Καινῆς
3125 5244 3220 5295 καὶ
3269 5244 3516 5308 Παλαιᾶς
3550 5250 3857 5317 Διαῡήκης,

2260 5330 2614 5400 ἀνεπίληστοί
2639 5332 2746 5384 είσι
2776 5331 2925 5401 παρὰ
2951 5331 3028 5401 τῷ
3058 5328 3321 5402 Θειῖ›.“Ὥν
3350 5339 3458 5407 γὰρ
3488 5339 3544 5389 αἱ
3573 5340 3862 5408 αἰσθήσεις

2263 5422 2618 5492 ρυΟμίζονται
2668 5425 2763 5478 καὶ
2812 5425 3184 5495 προσάγονται
3231 5429 3310 5498 τῷ
3369 5430 3530 5499 λόγῳ,
3583 5431 3725 5484 ὥστε
3782 5433 3858 5503 μὴ

2261 5511 2401 5567 εἶναι
2434 5517 2652 5585 ἀχρεῖαι
2690 5518 2770 5579 εἰς
2816 5521 3199 5590 πνευματικὴν
3235 5520 3463 5591 βρῶσιν,
3493 5516 3640 5577 οὗτοι
3673 5527 3860 5578 ἀνεπί-

2265 5608 2453 5679 ληστοι
2486 5608 2561 5676 τῷ
2599 5609 2802 5681 Κυρίῳ.

2349 5716 2366 5747 ι
2409 5699 2566 5764 Λέγω
2599 5697 2655 5750 δὲ
2713 5699 2864 5768 ὑμῖν,
2903 5701 3012 5762 πᾶς
3057 5701 3115 5765 ὃς
3167 5702 3233 5755 ἂν
3280 5705 3595 5778 ὁμολογήσῃ
3652 5711 3707 5760 ἐν
3737 5709 3860 5778 ἐμοὶ

2275 5789 2587 5859 ἔμπροσθεν
2618 5789 2726 5841 τῶν
2770 5789 3100 5861 ἀνθρώπων,
3155 5795 3249 5847 καὶ
3284 5797 3310 5847 ὁ
3343 5795 3473 5859 Υἱὸς
3506 5798 3604 5853 τοῦ
3652 5800 3859 5870 ἀνθρὼ-

2276 5900 2378 5934 που
2430 5883 2745 5956 ὁμολογήσῃ
2800 5884 2856 5938 ὲν
2887 5885 3036 5954 αὑτῷ
3094 5885 3403 5957 ἔμπροσθεν
3464 5889 3575 5943 τῶν
3614 5893 3860 5960 ἀγγέλων
