4030 6458
258 485 364 552 881

992 478 1444 543 ΕΝᾹΒΒΑΤΙΟ
1487 477 1570 539 ΙΝ
1594 475 1896 539 EVANGE

2007 475 2103 536 JM
2145 475 2384 538 LUC/E.
2428 476 2682 537 “CAP.
2722 475 2865 536 XII.

3493 468 3603 532 882

258 598 359 654 τοῦ
385 595 546 650 Θεοῦο
574 596 600 648 ὁ
637 593 694 645 δὲ
715 589 1105 664 ἀρνησάμενός
1141 607 1208 660 με
1241 590 1477 644 ἐνώπιον
1513 588 1621 642 τῶν
1653 586 1870 659 ἀνθρὼ-

2007 595 2164 643 intem
2203 589 2487 658 negaverit
2532 604 2619 643 me
2668 603 2853 644 coram
2906 583 3247 652 hominibus,
3313 584 3603 653 negabitur

259 709 406 755 πων,
468 685 922 758 ἀπαρνηθήσεται
975 681 1210 738 ἐνώπιον
1276 683 1387 736 τῶν
1458 681 1716 749 ἀγγέλων
1770 680 1867 733 τοῦ

259 783 430 839 Θεοῦ.
467 783 579 836 Καὶ
614 781 724 844 πᾶς
762 779 822 842 ὃς
872 780 990 849 ἐρεῖ
1033 776 1194 844 λόγον
1229 777 1309 840 είς
1341 775 1434 830 τὸν
1472 775 1604 828 Υίὸν
1633 774 1728 828 τοῦ
1770 774 1868 828 ἀν-

260 877 513 946 θρώπου,
538 873 875 942 ἀφεθήσεται
893 869 1066 940 αὖτιῖν
1093 869 1172 939 τῷ
1195 870 1250 922 δὲ
1267 871 1348 932 είς
1371 867 1432 921 τὸ
1455 868 1613 935 ἅγιον
1637 866 1865 937 Πνεῦμα

270 961 760 1033 βλασφημήσαντι,
789 959 890 1013 οὐκ
922 957 1286 1030 ἀφεθήσεται.
1323 956 1527 1011 Ὀτ⁹ἂν
1543 957 1599 1011 δὲ
1625 957 1870 1028 προσφέ-

266 1073 442 1129 ρωσιν
468 1056 610 1124 ὑμᾶς
643 1054 738 1106 ἐπὶ
768 1053 868 1118 τὰς
902 1054 1263 1122 Συναγωγὰς,
1292 1053 1388 1107 καὶ
1423 1051 1523 1116 τὰς
1542 1051 1743 1123 ἀρχὰς,
1775 1053 1874 1107 καὶ

264 1149 364 1210 τὰς
385 1147 657 1213 ἐξουσίας,
696 1146 772 1216 μὴ
796 1147 1125 1216 μεριμνᾶτε,
1154 1145 1272 1209 πῶς
1295 1144 1326 1215 ἢ
1349 1145 1402 1198 τί
1422 1146 1872 1217 ἀπολογήσησθε,

267 1239 378 1309 ῆτί
411 1240 636 1306 εῖπγιτεδ
677 1239 736 1291 τὸ
765 1238 874 1306 γὰρ
928 1237 1085 1305 ἅγιον
1125 1237 1352 1306 Πνεῦμα
1387 1237 1596 1305 διδάξει
1629 1239 1777 1308 ὑμᾶς
1808 1240 1874 1293 ὲν

272 1333 414 1401 αὐτῇ
449 1337 515 1403 τῇ
549 1333 690 1403 ὥρᾳ,
742 1331 778 1385 ἃ.
810 1331 890 1385 δεῖ
922 1333 1121 1388 εἰπεῖν.
1161 1351 1179 1384 ι
1223 1331 1340 1386 Νῦν
1381 1332 1441 1385 τὸ
1494 1331 1734 1387 ἔπαθλον
1766 1334 1873 1403 ’τῆς

274 1425 586 1493 μαρτυρίας
617 1422 962 1492 προτίθησιν.
992 1423 1151 1476 Ἐπεὶ
1176 1423 1286 1493 γὰρ
1312 1417 1458 1488 εἷπε,
1492 1423 1584 1493 Μὴ
1614 1424 1874 1492 φοϐεῖσθε

269 1516 381 1568 ἀπὸ
422 1516 531 1567 τῶν
578 1515 1019 1568 ἀποκτεινόντων
1054 1515 1115 1567 τὸ
1171 1514 1357 1583 σῶμα,
1400 1515 1509 1568 καῖ
1550 1518 1872 1587 προσεῖπεν,

274 1609 382 1671 ὅτι,
422 1609 532 1661 Καὶ
573 1608 629 1658 αἱ
669 1607 856 1676 τρίχες
915 1607 1072 1678 ὑμῶν
1122 1607 1483 1678 ἠρίθμηνται,
1526 1609 1616 1663 ἵνα
1676 1610 1750 1678 μή
1792 1626 1878 1672 τις

273 1703 408 1776 εἴπῃ
430 1718 445 1733 ο
481 1702 579 1764 Δὸς
611 1719 702 1771 μοι
730 1702 825 1754 καὶ
859 1702 1050 1772 μισθόν
1077 1718 1200 1755 τινα
1221 1718 1233 1731 ’
1266 1699 1320 1754 τί
1347 1701 1457 1772 γάρ
1496 1719 1587 1773 μοι
1617 1701 1803 1772 μέλλει
1828 1703 1878 1753 εί

273 1799 374 1860 τὰς
428 1797 624 1869 τρίχας
682 1797 828 1868 ἔχεις
866 1798 1284 1869 ἠριθμημέναςς
1326 1798 1484 1868 φησί·
1553 1797 1750 1862 Θέλεις
1782 1797 1878 1852 καὶ

277 1890 506 1960 μισθὸνς
547 1890 735 1942 ἄκουε·
772 1891 869 1953 Ὃς
897 1890 964 1943 ἂν
993 1890 1310 1961 ὁμολογήσῃ
1337 1892 1396 1944 ὲν
1428 1890 1576 1960 ἐμοὶ,
1606 1889 1878 1960 ὁμολογη-

1985 697 2171 738 coram
2207 682 2418 753 angelis
2450 683 2564 738 llei.
2596 679 2659 736 Et
2693 679 2947 752 quisquis
2993 680 3239 750 loquitur
3297 680 3506 734 dietum
3549 681 3600 731 in

1982 775 2179 832 Filium
2213 778 2470 844 hominis,
2501 780 2813 833 remittetur
2846 776 2921 832 illi
2953 794 2967 831 :
2997 777 3045 831 ei
3081 790 3208 829 vero
3234 775 3325 844 qui
3373 775 3427 828 in
3478 770 3600 840 Spi-

1985 874 2149 927 ritmn
2164 882 2417 928 sanctum
2436 872 2743 928 convicium
2760 871 3099 932 dixerit.non
3128 867 3603 925 remittetur.Cum

1985 975 2167 1020 autem
2192 966 2516 1020 adduxerint
2533 981 2628 1020 vos
2649 965 2715 1019 ad
2744 963 3146 1036 Synagogas,et
3164 963 3228 1016 ad
3251 962 3608 1033 magistratus

1989 1075 2053 1114 ac
2085 1068 2406 1128 potestates,
2443 1059 2612 1114 nolite
2638 1058 2856 1114 solliciti
2897 1073 3020 1114 esse
3072 1057 3312 1127 qualiter
3356 1066 3450 1109 aut
3474 1054 3607 1124 quid

1989 1152 2388 1224 respondeatis,
2421 1164 2514 1210 aut
2547 1154 2675 1224 quid
2703 1153 2917 1208 dicatis.
2949 1144 3188 1223 Spiritus
3214 1152 3360 1207 enim
3386 1163 3612 1206 sanctus

1987 1246 2206 1302 docebit
2240 1247 2402 1302 vosin
2428 1247 2618 1302 eadem
2649 1245 2779 1301 hora
2801 1245 2930 1317 quid
2949 1253 3202 1314 Oporteat
3223 1260 3320 1299 vos
3348 1243 3550 1298 dicere.
3589 1263 3605 1294 υ

1989 1336 2147 1392 Nune
2181 1348 2358 1394 autem
2411 1337 2695 1407 prannium
2751 1337 2995 1405 martyrii
3060 1336 3272 1404 adjicit.
3315 1334 3610 1412 liostqttattt

1991 1432 2135 1486 enim
2170 1431 2331 1495 dixit,
2365 1431 2444 1486 Ne
2473 1431 2715 1486 timeatis
2744 1431 2811 1485 ab
2847 1432 2928 1484 his
2961 1430 3051 1500 qui
3079 1429 3339 1486 occidunt
3370 1443 3570 1496 corpus
3599 1445 3612 1481 :

1990 1535 2047 1580 ct
2081 1523 2279 1593 adjecit
2309 1525 2450 1595 quod
2500 1523 2694 1589 Capilli
2752 1525 2919 1578 vestri
2993 1503 3262 1576 numerati
3308 1529 3486 1576 sunt:
3544 1534 3612 1574 ne

1991 1617 2115 1687 quis
2160 1617 2351 1672 dicat:
2412 1615 2490 1671 Da
2545 1615 2679 1671 mihi
2733 1616 2902 1671 etiam
2960 1615 3266 1670 mercedem
3321 1614 3607 1684 aliquam:

1990 1711 2119 1780 quid
2149 1711 2295 1766 enim
2347 1711 2477 1765 mihi
2507 1709 2779 1782 profuerit
2831 1709 2878 1766 si
2907 1709 3136 1780 capillos
3183 1707 3568 1762 numeraveris
3595 1704 3617 1759 2

1994 1803 2112 1872 Vis,
2145 1804 2344 1876 inquit,
2375 1803 2538 1859 etiam
2571 1803 2881 1858 mercedem
2917 1801 2940 1856 ?
2972 1800 3133 1855 audi:
3169 1798 3431 1870 Quisquis
3478 1813 3614 1852 cou-

1996 1899 2236 1954 ﬁtebitur
2270 1898 2323 1952 in
2386 1913 2493 1964 me,
2552 1906 2889 1967 agnoscetur
2959 1909 3146 1951 coram
3204 1894 3337 1949 Deo.
3395 1892 3447 1946 ln
3505 1905 3614 1956 me,

275 1982 506 2051 θήσεται
557 1982 791 2036 ἐνώπιον
841 1981 931 2036 τοῦ
975 1982 1138 2036 Θεοῦ.
1189 1983 1262 2036 Τὸ
1293 1982 1370 2047 δὲ,
1418 1982 1769 2054 Ὀμολογήσῃ
1825 1984 1882 2035 ἐν

2007 1993 2142 2056 licit,
2174 1990 2548 2056 conﬁtebitur,
2585 1990 2691 2053 hoc
2727 2000 2812 2045 est
2854 2003 2977 2044 meo
3037 1985 3314 2057 adiutorio
3365 1985 3610 2054 adjutus,

277 2073 425 2142 ἐμοὶ,
463 2067 640 2137 εἶπεν,
685 2075 807 2127 ἀντὶ
841 2072 934 2127 τοῦ
959 2115 974 2142 ,
1008 2075 1166 2129 Μετὰ
1199 2074 1299 2144 τῆς
1361 2075 1501 2145 ἐμῆς
1536 2075 1881 2144 συνεργείας,

276 2165 378 2217 καὶ
418 2166 476 2217 ἐν
508 2168 575 2234 τῇ
611 2167 718 2234 έμῇ
751 2165 1020 2235 δυνάμει·
1065 2164 1428 2236 Ὀμολογήσω
1466 2166 1599 2235 γοῦν
1633 2167 1794 2235 κάγὼ
1825 2170 1884 2222 ὲν

277 2256 451 2327 αἷωτῷ,
496 2257 800 2326 τουτέστιν,
837 2259 928 2311 ὑπ’
971 2258 1140 2312 αὑτοῦ
1175 2260 1634 2332 συνεργούμενος.
1669 2261 1886 2334 Χρῄζον

280 2369 384 2420 μεν
415 2351 524 2421 γὰρ
557 2352 653 2404 καὶ
706 2353 872 2422 ἡμεῖς
920 2354 1357 2424 προηγουμένως
1388 2353 1483 2408 τοῦ
1519 2354 1658 2408 Θεοῦ
1686 2372 1698 2386 ·
1733 2356 1888 2409 οὐδὲν

277 2447 392 2517 γὰρ
423 2446 594 2516 χωρὶς
624 2445 833 2498 ἐκείνου
872 2447 1171 2517 δυνάμεθα·
1216 2450 1311 2502 καὶ
1334 2451 1362 2502 ὁ
1391 2448 1526 2512 Θεὺς
1559 2449 1720 2503 πάλιν
1746 2449 1887 2522 κρή-

279 2537 364 2601 Cat
403 2538 580 2608 ὴμῶν·
615 2538 710 2592 ἐὰν
738 2539 848 2609 γὰρ
888 2541 961 2613 μὴ
987 2540 1127 2612 εὕρῃ
1172 2541 1230 2592 ὲν
1267 2543 1401 2611 ἡμῖν
1429 2541 1566 2610 ἔργα
1593 2541 1741 2608 ἄξια,
1768 2542 1890 2594 οὐδὲ

281 2631 769 2703 προσλαμϐάνεται
825 2635 996 2704 ἡμᾶς,
1050 2634 1083 2705 ἢ
1135 2635 1243 2705 γὰρ
1277 2634 1342 2688 ἂν
1400 2636 1890 2708 προσωπολήπτης

287 2725 400 2797 εἴη.
447 2726 860 2798 Ὃμολογοῦμεν
908 2723 1000 2780 οὖν
1048 2730 1214 2798 ἡμεῖς
1254 2731 1310 2781 ὲν
1368 2729 1541 2799 αὐτῷ,
1605 2731 1893 2783 τουτέστιν

286 2823 347 2872 ἐν
379 2823 444 2890 τῇ
480 2822 646 2875 αὑτοῦ
682 2821 998 2893 συνεργείᾳ.
1061 2824 1172 2876 Καὶ
1235 2824 1398 2886 αὐτὸς
1444 2826 1501 2876 ἐν
1543 2827 1697 2895 ἡμῖν,
1733 2842 1886 2877 τουτ-

285 2914 438 2968 έστιν
512 2917 569 2970 ἐν
599 2919 666 2986 τῇ
721 2917 877 2987 ήμῶν
907 2917 1221 2988 συνεργείξι.
1273 2920 1332 2971 Εἰ
1367 2918 1441 2990 μὴ
1493 2920 1602 2988 γὰρ
1647 2919 1894 2989 δώσομεν

287 3007 441 3078 αὐτῷ
475 3009 754 3080 ἀφορμὴν.
789 3011 911 3072 οὑᾶὲ
943 3011 1278 3081 ὁμολογήσει
1327 3012 1471 3082 ὑπὲρ
1521 3013 1700 3083 ἡμῶν.
1750 3013 1810 3066 Ὀ
1838 3013 1894 3066 δὲ

283 3101 645 3173 ἀρνούμενος,
671 3104 772 3156 οὐκ
798 3105 856 3157 έν
886 3107 952 3174 τῇ
1013 3104 1108 3158 τοῦ
1159 3103 1296 3157 Θεοῦ
1338 3105 1570 3175 δυνάμει
1621 3107 1894 3178 ἀρνεῖται.

287 3196 382 3248 Διὸ
414 3196 534 3248 οὐδὲ
565 3197 876 3267 προσέθηκε
905 3198 984 3263 τὸ,
1023 3200 1081 3250 ὲν
1108 3199 1254 3267 ἐμοὶ,
1281 3199 1419 3265 ἀλλ’,
1459 3201 1485 3251 ὁ
1507 3199 1898 3270 ἀρνησάμενός

1990 2095 2042 2141 et
2078 2100 2194 2142 mea
2233 2087 2478 2140 virtute:
2540 2083 2844 2140 conﬁtebor
2893 2081 3060 2156 igitur
3110 2089 3158 2137 et
3233 2095 3332 2150 ego
3383 2080 3439 2134 in
3498 2077 3612 2142 illo,

1991 2181 2097 2237 hoc
2125 2191 2209 2236 est
2267 2180 2367 2236 sub
2403 2181 2523 2249 ipso
2561 2193 2883 2249 cooperans.
2935 2176 3085 2248 Opus
3139 2177 3284 2231 enim
3345 2174 3614 2227 habemus

1995 2284 2050 2330 et
2081 2291 2184 2331 nos
2241 2276 2353 2332 Deo
2411 2275 2573 2340 duce,
2631 2274 2753 2329 sine
2814 2287 2921 2344 quo
2986 2271 3122 2325 nihil
3190 2284 3533 2339 possumus:
3571 2275 3625 2322 et

1995 2368 2140 2424 Deus
2192 2383 2413 2439 quoque
2455 2384 2594 2439 opus
2624 2367 2790 2423 habet
2820 2366 3002 2421 nobis.
3032 2364 3202 2436 368
3235 2361 3294 2418 Si
3329 2361 3474 2416 enim
3513 2374 3621 2413 non

1997 2457 2348 2518 inveneritin
2381 2461 2541 2516 nobis
2598 2475 2764 2530 Opera
2842 2458 3028 2528 digna,
3088 2470 3263 2525 neque
3311 2469 3413 2509 nos
3458 2467 3615 2506 assu-

1997 2565 2151 2610 met:
2182 2553 2383 2624 alioqui
2421 2567 2781 2623 personarum
2828 2558 3087 2619 acceptor
3141 2555 3309 2602 esset.
3370 2543 3617 2600 Conﬁte-

1998 2664 2122 2702 tnur
2161 2646 2327 2718 igitur
2357 2655 2413 2701 et
2445 2659 2542 2699 nos
2581 2644 2633 2699 in
2667 2643 2779 2709 illo,
2817 2642 2920 2697 hoc
2977 2649 3063 2697 est
3121 2641 3174 2694 in
3226 2637 3348 2709 ejus
3407 2651 3618 2707 coope-

1999 2741 2213 2795 ratione
2242 2747 2334 2793 :et
2370 2739 2484 2810 ipse
2521 2738 2573 2793 in
2605 2737 2784 2801 nobis,
2829 2736 2935 2791 hoc
2992 2744 3079 2791 est
3121 2736 3174 2790 in
3209 2743 3395 2789 nostra
3429 2747 3629 2802 coope-

1999 2833 2236 2887 ratione.
2296 2831 2352 2885 Si
2395 2831 2543 2887 enim
2634 2844 2743 2884 non
2793 2828 3110 2883 dederimus
3166 2827 3217 2883 ei
3247 2827 3625 2890 occasionem,

2003 2942 2113 2981 non
2145 2926 2495 2982 conﬁtebitur
2532 2942 2632 2997 pro
2665 2925 2842 2982 nobis.
2897 2923 3002 2992 Qui
3076 2932 3262 2978 autem
3316 2921 3623 2991 negaverit,

2003 3035 2111 3074 non
2146 3019 2200 3073 in
2230 3019 2433 3074 virtute
2465 3017 2558 3074 Dei
2597 3027 2760 3089 negat
2792 3018 2950 3073 :ideo
2983 3032 3089 3072 non
3127 3015 3372 3086 apponit,
3410 3015 3462 3068 in
3498 3029 3616 3075 me,

2006 3113 2123 3179 sed,
2152 3112 2241 3181 qui
2288 3112 2569 3180 negaverit
2598 3127 2707 3166 me.
2734 3108 2874 3176 Quid
2921 3120 3102 3165 autem
3166 3110 3210 3163 si
3262 3107 3429 3162 etiam
3475 3106 3633 3174 juxta

2006 3211 2059 3265 id
2110 3209 2252 3279 quod
2284 3207 2465 3263 onmis
2503 3218 2727 3263 sanctus
2763 3217 2948 3259 manet
2998 3203 3051 3258 iu
3097 3203 3344 3265 Christo,
3385 3210 3434 3256 et
3468 3198 3632 3254 Chri-

291 3305 384 3360 με,
416 3291 631 3360 μήποτε
667 3291 723 3343 δὲ
756 3291 893 3344 καίὸ
934 3293 1043 3354 πᾶς
1077 3291 1234 3360 ἅγιος
1261 3293 1318 3344 ἐν
1349 3291 1427 3361 τῷ
1455 3293 1679 3364 Χριστῴ
1719 3293 1894 3363 μένει,

2007 3314 2125 3361 stus
2155 3314 2342 3359 manet
2376 3303 2429 3356 in
2466 3316 2554 3366 co,
2590 3299 2733 3354 istud
2765 3309 2985 3368 quoque
3015 3294 3218 3350 dictum
3257 3302 3381 3349 est:
3417 3311 3435 3345 ι
3469 3291 3632 3359 Quis-

290 3384 389 3438 καὶ
421 3385 449 3437 ὁ
480 3385 717 3455 Χριστος
752 3386 808 3436 ἐν
846 3382 1020 3454 αὐτῷ,
1059 3383 1205 3437 κατὰ
1235 3383 1396 3437 τοῦτο
1429 3383 1652 3456 εἴρηται
1679 3387 1761 3437 τό·
1797 3385 1901 3448 Ὃς

292 3479 360 3530 ἂν
400 3478 716 3547 ὁμολογήσῃ
748 3479 803 3529 ἐν
845 3479 990 3547 ἐμοὶ,
1025 3477 1278 3530 τουτέστι
1334 3477 1537 3547 μένων,
1573 3477 1904 3548 ὁμολογήσω

293 3569 454 3637 κάγὼ
486 3572 545 3624 έν
569 3570 720 3640 αὐτῴ
755 3571 931 3639 μένων
960 3585 972 3600 ·
1012 3573 1103 3623 καὶ
1143 3571 1252 3633 πᾶς
1293 3569 1352 3632 ὃς
1401 3570 1468 3622 ἂν
1506 3571 1605 3640 ὲρῇ
1636 3570 1796 3638 λόγον
1822 3573 1904 3634 εἰς

291 3662 388 3716 τὸν
410 3663 542 3715 Υἱὶν
565 3663 660 3716 τοῦ
689 3663 1003 3734 ἀνθρώπου,
1029 3662 1370 3732 ἀφεθήσεται
1392 3663 1563 3734 αὐτῷ.
1588 3663 1904 3729 Τοῦτ’ἒστι,

291 3755 351 3817 ὃς
381 3757 777 3825 βλασφημήσει
809 3759 887 3819 εἰς
938 3758 1037 3826 ἐμὲ
1067 3758 1159 3810 τὸν
1193 3759 1524 3827 φαινόμενον
1587 3759 1718 3812 Υἱὸν
1751 3759 1908 3829 ψιλὸν

293 3848 393 3903 τοῦ
426 3849 744 3920 ἀνθρώπου,
782 3851 878 3902 καὶ
913 3848 1189 3915 ἐσθίοντα,
1217 3852 1313 3905 καὶ
1345 3851 1596 3918 πίνοντα,
1628 3852 1725 3906 καὶ⁹
1765 3852 1908 3922 μετὰ

294 3940 554 3994 τελωνῶν
613 3942 872 4010 διάγοντα
908 3944 1004 3996 καὶ
1064 3942 1304 4014 πορνῶν,
1357 3944 1733 4012 συγγνωττδς,
1793 3945 1901 3999 κᾶν

301 4035 637 4108 μετανοήσῃ,
673 4034 777 4088 κᾶν
806 4037 902 4104 μή.
936 4035 1136 4104 Οὺγὰρ
1169 4036 1448 4104 λογίζεται
1473 4037 1623 4107 αῦτῷ
1659 4039 1910 4110 ἁμαρτία

303 4126 382 4197 μὴ
417 4127 750 4180 πιστεύοντι.
789 4128 853 4180 Τί
891 4129 1001 4198 γὰρ
1045 4124 1209 4191 εἶδεν,
1267 4129 1355 4182 ἵνα
1410 4131 1684 4203 πιστεύοῃ
1713 4150 1726 4198 ;
1760 4132 1826 4185 Τί
1857 4133 1912 4186 δὲ

304 4220 513 4291 μᾶλλον
543 4221 644 4274 οὐκ
680 4219 821 4273 εἶδεν
843 4221 995 4286 ἄξιον
1015 4222 1336 4293 δυσφημίας
1362 4241 1376 4290 ;
1413 4220 1569 4278 Εἶδεν
1597 4225 1907 4295 ἄνθρωπον,

300 4314 536 4384 πόρναις
570 4313 951 4384 συνδιάγοντα,
996 4314 1095 4368 καὶ
1127 4315 1445 4388 βλασφημεῖ
1485 4319 1564 4381 εἰς
1604 4317 1771 4373 αὐτόν
1801 4333 1814 4348 ·
1849 4320 1911 4372 οὐ

304 4408 593 4475 λογίζεται
623 4403 716 4462 οὖν
740 4409 890 4479 αὐτῷ
928 4410 1198 4480 ἁμαρτία.
1233 4411 1396 4473 Εἰκὸς
1427 4412 1536 4482 γὰρ
1564 4412 1755 4465 ἕπαοε’
1795 4413 1914 4477 πῶς

303 4501 416 4568 γὰρ
449 4501 578 4563 Υιὸς
618 4501 774 4568 Θεοῦ,
805 4505 832 4555 ὁ
886 4503 1124 4574 πόρναις
1180 4504 1527 4572 συνδιάγων;
1575 4506 1917 4577 Βλασφημή-

306 4611 394 4646 σει
431 4594 614 4646 τοίνυν
658 4595 751 4647 καὶ
812 4595 1017 4650 πλάνον
1076 4597 1414 4652 ἀποκαλέσει
1461 4599 1554 4652 τὸν
1598 4598 1743 4652 οὕτω
1805 4601 1908 4670 μὲν

2008 3398 2132 3467 quis
2158 3393 2512 3450 conﬁtebitur
2563 3391 2620 3444 in
2680 3403 2790 3452 me,
2840 3388 2944 3442 hoc
2988 3394 3072 3439 est
3123 3382 3175 3437 in
3235 3397 3323 3436 me
3376 3393 3632 3446 manens,

2009 3490 2316 3544 conﬁtebor
2357 3489 2548 3553 utique
2578 3492 2632 3536 ct
2656 3495 2760 3551 ego
2785 3479 2836 3533 in
2870 3478 2964 3533 illo
2990 3491 3219 3531 manens
3241 3476 3310 3528 ⁵⁸.
3351 3474 3419 3529 Ει
3457 3475 3639 3529 omnis

2012 3582 2105 3652 qui
2136 3581 2333 3636 dixerit
2361 3591 2671 3632 sermonem
2723 3574 2776 3627 in
2822 3571 3023 3626 Filium
3082 3569 3344 3634 hominis,
3382 3568 3636 3623 remitte-

2013 3684 2100 3729 tur
2131 3674 2201 3728 ei.
2246 3692 2262 3724 ι
2301 3669 2415 3725 Hoc
2450 3677 2566 3734 est,
2601 3666 2694 3738 qui
2757 3661 3222 3734 hlasphemaverit
3268 3662 3321 3714 in
3373 3675 3481 3725 me,
3534 3661 3626 3729 qui

2012 3765 2200 3818 videor
2233 3779 2400 3832 purus
2434 3760 2604 3814 Filius
2644 3757 2902 3821 hominis,
2935 3765 2986 3809 et
3022 3755 3270 3816 comedo,
3306 3764 3358 3808 et
3391 3752 3542 3816 bibo,
3580 3760 3636 3806 et

2013 3871 2136 3912 cum
2171 3853 2478 3926 publicanis
2502 3863 2556 3906 et
2604 3850 2804 3904 scortis
2837 3862 3030 3903 versor
3054 3884 3070 3911 ,
3105 3845 3322 3900 veniam
3374 3844 3637 3913 consequi

2015 3949 2239 4019 pOIerit,
2275 3948 2391 4003 sive
2423 3943 2762 4017 pmuituerit,
2807 3941 2924 3997 sive
2957 3955 3087 3995 non.
3126 3936 3244 3991 Non
3275 3938 3424 3993 enim
3459 3938 3639 4006 impu-

2018 4050 2166 4096 tatur
2201 4040 2247 4095 ei
2279 4047 2560 4108 peccatmn
2598 4036 2645 4091 si
2697 4050 2802 4090 non
2862 4032 3074 4089 credat.
3129 4029 3269 4097 Quid
3305 4031 3450 4084 enim
3503 4031 3640 4085 vidit

2016 4146 2076 4189 ut
2112 4133 2340 4189 credat?
2379 4131 2463 4186 vel
2487 4130 2690 4201 potius,
2743 4129 2876 4200 quid
2902 4143 3007 4182 non
3061 4123 3196 4178 vidit
3248 4123 3506 4178 convicio
3553 4123 3642 4179 di-

2019 4227 2230 4299 gnum?
2272 4225 2412 4279 Vidit
2442 4224 2721 4279 hominem
2772 4230 3084 4276 versantem
3141 4236 3264 4276 cum
3317 4217 3544 4282 scortis,
3589 4229 3644 4273 et

2018 4322 2141 4376 ideo
2175 4319 2521 4386 hlasphemat
2548 4332 2672 4371 eum
2709 4331 2861 4371 :non
2894 4315 3056 4386 igitur
3091 4315 3396 4384 imputatur
3432 4314 3479 4367 ei
3516 4327 3644 4381 pec-

2019 4425 2227 4468 catum.
2265 4409 2580 4467 Verisimile
2631 4409 2777 4463 enim
2813 4408 2990 4461 visum
3021 4416 3108 4462 est
3139 4423 3152 4459 :
3189 4422 3312 4459 nam
3365 4404 3644 4474 quomodo

2021 4506 2194 4562 Filius
2226 4505 2342 4570 Dei,
2383 4505 2477 4574 qui
2516 4517 2638 4557 cum
2685 4501 2884 4558 scortis
2939 4497 3228 4554 versatur?
3284 4497 3643 4567 Blasphemat

2023 4602 2191 4673 igitur
2221 4610 2275 4655 et
2308 4600 2665 4670 impostorem
2703 4605 2868 4651 vocat
2895 4610 3046 4660 eum,
3078 4593 3170 4664 qui
3226 4593 3307 4648 sic
3347 4606 3645 4647 conversa-

303 4687 587 4756 διάγοντα,
611 4689 739 4742 Υίον
766 4689 822 4743 δὲ
846 4690 980 4742 Θεοῦ
1005 4692 1200 4745 ἑαυτὸν
1227 4691 1510 4746 ποιοῦντα.
1547 4691 1714 4749 Ὅταν
1747 4693 1804 4746 δέ
1827 4713 1896 4758 τις

2023 4709 2132 4761 tur,
2174 4704 2230 4749 et
2295 4692 2584 4747 facientem
2655 4704 2715 4745 se
2753 4689 2950 4745 Filium
3002 4687 3120 4743 Dei.
3169 4686 3402 4753 Quando
3458 4695 3643 4740 autem

305 4781 390 4841 εἰς
428 4779 490 4832 τὸ
526 4781 682 4848 ἅγιον
714 4781 942 4852 Πνεῦμα
963 4782 1290 4855 βλασφημῇ,
1321 4784 1730 4854 ἁσύγγνωστος.
1765 4788 1830 4840 Ὃ
1860 4786 1918 4841 δὲ

304 4872 486 4941 λέγει,
539 4873 783 4928 τοιοῦτόν
829 4877 978 4928 ἐστιν
1019 4892 1030 4906 ·
1069 4877 1245 4930 ’Ὅταν
1299 4877 1632 4949 θεοσημείας
1674 4878 1919 4949 βλέπων,

308 4969 408 5020 καὶ
431 4968 570 5036 ἔργα
610 4968 826 5036 μεγάλα
857 4971 951 5022 καὶ
977 4969 1240 5039 ἐξαίρετα
1271 4970 1476 5042 ἀπιστῇ
1512 4973 1605 5024 καὶ
1639 4988 1920 5041 συκοφανι

307 5064 402 5131 τῇ,
443 5063 542 5124 τὰς
568 5061 659 5113 τοῦ
692 5062 851 5130 ἁγίου
886 5062 1209 5131 Ιίνεύματος
1257 5064 1543 5134 ἐνεργείας
1587 5062 1666 5133 τῷ
1692 5064 1923 5129 Βεελζε-

308 5155 448 5207 ϐοίδλ
510 5157 955 5227 προσανατιθεὶς,
1013 5156 1138 5210 τότε
1181 5154 1523 5226 βλασφημῶν
1565 5157 1645 5219 εἰς
1674 5154 1734 5208 τὺ
1767 5153 1925 5222 ἆγιον

310 5246 566 5316 Πνεῦμα,
626 5248 722 5300 καὶ
755 5249 811 5300 ἐν
857 5247 1133 5320 πνεύματι
1185 5249 1412 5319 πονηρῷ
1468 5247 1562 5299 καὶ
1590 5246 1651 5299 οὐ
1690 5246 1823 5316 θείῳ
1855 5247 1923 5300 τὰ

312 5343 525 5410 σημεῖα
557 5342 807 5408 γίνεσθαι
835 5341 1033 5410 λέγων,
1091 5340 1487 5409 ἁσύγγνωστὸς
1515 5342 1655 5405 ἐστι,
1685 5339 1780 5393 καὶ
1822 5339 1924 5391 οὐκ

309 5433 472 5488 ἔσται
532 5435 732 5501 ἁθῶος,
772 5424 834 5488 εἶ’
882 5435 956 5505 μὴ
1016 5438 1376 5507 μετανοήσεψ
1411 5435 1490 5505 τῷ
1550 5437 1650 5506 μὲν
1697 5437 1777 5498 εἰς
1833 5433 1925 5487 τὸν

309 5527 448 5581 Υὶὺν
502 5527 594 5580 τοῦ
655 5529 948 5598 ἀνθρώπου
1001 5528 1443 5599 βλασφημοῦντι,
1497 5529 1618 5583 οὐδὲ
1675 5527 1922 5598 ἁμαρτία

1834 5622 1925 5693 Τῷ

310 5717 370 5767 ὅ“ῖ
408 5716 554 5765 (lg-:20»
591 5717 907 5783 Πνεύματος
945 5718 1086 5788 ἔργα
1115 5719 1339 5788 ὁρῶντι,
1370 5720 1463 5770 καὶ
1514 5716 1920 5788 βλασφημοῦν-

314 5826 362 5858 TI

356 5829 390 5869 ί*
436 5810 604 5879 Ὰ⁴’-’ξ¹”σς
636 5811 926 5879 μετπνθίεις
961 5813 1059 5863 οὐκ
1104 5813 1470 5880 ἀρῑθήπεται.
1513 5808 1782 5882 ’Λμαρτία
1813 5809 1920 5876 γὰρ

311 5622 620 5688 ἐλογίζετο,
650 5624 730 5675 διὸ
782 5625 876 5677 καὶ
912 5623 987 5694 μὴ
1040 5625 1321 5694 μετανοῶν
1355 5623 1760 5692 συγγνωστὲος.

400 5989 440 6020 η
471 5989 570 6042 .‘lll‘.
608 5991 659 6044 il.
713 6007 766 6056 ι,

2017 4788 2142 4858 quis
2197 4782 2504 4840 convicium
2547 4781 2751 4836 dixerit
2791 4781 2844 4834 in
2899 4777 3164 4849 Spiritum
3214 4786 3489 4842 sanctum,
3534 4789 3641 4830 non

2019 4883 2334 4935 remittetur
2375 4876 2448 4930 ei.
2480 4875 2638 4942 Quod
2674 4890 2807 4929 vero
2861 4860 3213 4938 dicit,‘huuc
3262 4885 3487 4926 sensum
3545 4869 3643 4922 ha-

2016 4975 2112 5031 bet
2137 4991 2150 5026 :
2180 4973 2407 5040 Quando
2437 4971 2630 5026 videns
2671 4970 2857 5025 divina
2895 4967 3182 5032 miracula,
3228 4975 3284 5020 et
3309 4980 3478 5035 opera
3533 4979 3648 5018 ma-

2020 5086 2124 5140 gna
2159 5081 2217 5123 ct
2251 5066 2616 5138 praecellentia
2649 5065 2934 5130 discredit,
2988 5070 3045 5117 et
3097 5059 3474 5117 calumniatur
3517 5056 3644 5123 Spi-

2024 5159 2165 5214 ritus
2202 5159 2379 5214 sancti
2414 5159 2786 5229 operationes,
2827 5157 2948 5210 illas
2981 5153 3266 5209 Beelzebul
3310 5152 3645 5216 attribuens,

2037 5253 2082 5308 is
2123 5252 2464 5322 hlasphemat
2495 5260 2551 5304 et
2589 5250 2898 5305 convicium
2931 5249 3065 5302 dicit
3126 5247 3179 5301 in
3215 5244 3483 5315 Spiritum
3521 5260 3648 5299 san-

2037 5354 2223 5413 ctum;
2255 5354 2310 5401 et
2335 5346 2387 5399 in
2421 5344 2613 5413 spiritu
2645 5344 2881 5415 maligno
2913 5352 2964 5397 et
2994 5357 3099 5396 nou
3147 5339 3336 5394 divino
3384 5337 3647 5394 miracula

2037 5439 2153 5494 ﬁeri
2188 5437 2397 5502 dicens,
2431 5436 2648 5490 veniam
2705 5450 2812 5489 non
2846 5441 3237 5504 consequetur,
3287 5441 3341 5487 et
3391 5447 3497 5484 nun
3545 5432 3648 5484 erit

2036 5526 2324 5588 innocens,
2366 5524 2408 5579 si
2440 5539 2544 5578 non
2598 5523 2940 5594 pmnitucrit.
2997 5523 3057 5578 Ei
3116 5524 3260 5578 enim
3304 5522 3397 5591 qui
3449 5521 3645 5575 Filium

2037 5620 2278 5674 hominis
2325 5619 2690 5687 blasphemat,
2745 5627 3031 5689 peccatqu
3099 5632 3205 5671 non
3274 5616 3580 5685 imputatur
3627 5632 3638 5667 :

2035 5713 2159 5768 idco
2187 5713 2289 5768 etsi
2330 5730 2437 5769 non
2480 5723 2602 5786 agat
2633 5715 3037 5786 paenitentiam,
3073 5711 3290 5766 veniam
3341 5722 3648 5778 conseque-

2038 5819 2148 5861 tur.
2195 5806 2410 5864 Videnti
2450 5816 2632 5863 autem
2658 5807 2825 5862 divini
2865 5805 3103 5877 Spiritus
3144 5819 3329 5876 Opera,
3378 5813 3431 5856 et
3490 5801 3647 5856 blas-
