4030 6406
499 384 605 446 883

1422 375 2001 439 THEOPHYLACTI
2052 374 2466 441 ΒΰιϐΑΒΙιἘ
2500 382 2861 444 ARCHIEP-

3682 372 3789 441 881

501 498 804 574 pltemanti,
856 497 1065 568 absque
1095 491 1413 564 pcenitentia
1446 498 1727 563 peccatum
1762 503 1868 544 non
1905 488 2076 545 remit«

2198 487 2434 561 μεγίστη
2468 492 2879 567 λογισθήσεται.
2930 493 3101 548 Ὅταν
3137 492 3192 545 δὲ
3227 490 3617 563 προσφέρωσιν
3647 489 3792 558 ὑμᾶς

502 604 680 648 tctur:
748 596 1027 660 peccatum
1082 586 1226 641 enim
1275 583 1571 639 maximum
1638 582 1891 648 habetur.
1952 580 2086 637 Cum

502 694 680 739 autem
722 680 1045 735 adduxerint
1073 692 1168 733 vos
1194 679 1263 732 ad
1298 676 1647 747 magistratus
1681 683 1734 729 et
1767 680 2084 743 potestates.

500 787 606 831 etc.
643 774 778 841 Quia
811 773 1100 828 innrmitas
1141 777 1330 824 nostra
1369 768 1567 836 duplex
1604 775 1708 831 est,
1751 776 1807 822 et
1831 766 1917 822 vel
1962 782 2089 837 pro-

502 876 619 936 pter
679 868 930 918 timorem
984 878 1265 932 ptenarnm
1315 860 1551 930 fugimus
1606 860 1949 930 martyrium,
2005 860 2087 915 vel

502 966 719 1026 propter
753 957 1178 1025 simplicitatem.
1210 971 1276 1009 eo
1313 954 1461 1024 quod
1494 968 1599 1008 non
1639 968 1926 1022 possumus
1967 954 2087 1009 red-

500 1052 629 1105 dere
678 1052 940 1105 rationem
994 1057 1193 1105 nostra:
1236 1048 1403 1103 ﬁdei:
1452 1047 1661 1103 sanavit
1698 1046 1915 1115 quidem
1970 1060 2084 1101 me—

502 1154 612 1195 tttm
651 1142 742 1210 qui
786 1157 850 1194 ex
905 1140 1106 1211 pcenis,
1135 1140 1258 1210 quia
1293 1139 1429 1193 dixit
1459 1158 1470 1193 :
1532 1137 1608 1193 Ne
1659 1138 1893 1193 timeatis
1927 1154 2020 1193 eos
2054 1152 2084 1192 a

501 1235 694 1302 quibus
723 1232 989 1287 Ot'citlitur
1016 1247 1231 1302 corpus.
1259 1232 1427 1287 Sauat
1455 1245 1670 1301 quoque
1697 1245 1840 1285 nunc
1879 1238 2083 1284 metum

499 1324 587 1391 qui
621 1338 689 1377 ex
723 1322 1101 1393 simplicitate;
1139 1338 1260 1378 nam
1290 1322 1540 1392 quoniam
1576 1336 1683 1375 non
1734 1320 1888 1375 multi
1941 1320 2086 1389 sapi-

501 1425 655 1471 entes
707 1416 1003 1471 secundum
1044 1429 1267 1470 carnem
1319 1414 1705 1479 crediderunt,
1755 1414 1848 1468 sed
1903 1414 2086 1483 plures

502 1508 663 1563 laici:
697 1507 775 1563 Ne
816 1509 1028 1577 timeas,
1065 1509 1262 1579 inquit,
1289 1508 1381 1578 qui
1434 1508 1661 1578 simplex
1698 1523 1780 1573 es,
1828 1516 1882 1563 et
1929 1522 2085 1579 agre-

502 1602 602 1657 stis
643 1617 709 1657 ac
766 1602 955 1668 idiota,
1013 1616 1191 1671 neque
1243 1600 1509 1657 sollicitus
1553 1600 1631 1656 sis
1680 1601 1952 1669 quomodo
2003 1601 2082 1653 vel

502 1694 629 1764 quid
658 1694 985 1765 respondeas
1021 1705 1272 1766 tyranno,
1313 1710 1433 1749 cum
1472 1694 1838 1766 interrogatus
1889 1694 2078 1759 fueris,

505 1787 584 1841 vel
618 1788 745 1858 quid
776 1788 959 1843 dicas:
997 1788 1134 1842 alius
1158 1787 1511 1843 concionandi
1541 1787 1733 1843 modus
1783 1789 1905 1843 erit.
1959 1786 2082 1857 Spi-

2204 580 2298 634 ἐπὶ
2345 580 2443 645 τὰς
2483 583 2661 656 ἀρχὰς
2720 586 2814 639 καὶ
2866 584 2967 648 τὰς
3024 583 3295 650 ἐξουσίας,
3354 583 3449 636 καὶ
3519 580 3591 634 τὰ
3638 580 3788 649 ἑξῆς.

2202 674 2436 748 Ἐπειδὴ
2469 676 2501 746 ἡ
2541 678 2801 732 ἀσθένεια
2862 677 3021 749 ἡμῶν
3077 677 3253 747 διττὴ,
3306 675 3402 728 καὶ
3434 676 3468 746 ἢ
3497 676 3588 728 διὰ
3622 675 3787 743 φόϐον
3825 673 3839 687 ’

2206 767 2483 822 κολάσεων
2512 770 2906 839 ἀποφεύγομεν
2954 770 3017 823 τὸ
3072 768 3459 840 μαρτύριον,ἢ
3499 768 3793 838 δι’ἀγροι-

2205 858 2352 924 κίαν,
2382 859 2473 913 καὶ
2501 861 2563 914 τὸ
2602 861 2966 932 μὴδύνασθαι
2998 861 3186 915 δοῦναι
3219 861 3378 929 λόγον
3408 859 3513 929 τῆς
3569 860 3629 911 ἐν
3658 860 3791 927 ἡμῖν

2204 951 2442 1016 πίστεως
2464 968 2479 983 ο
2518 953 2706 1007 ἰάσατο
2735 954 2836 1024 μὲν
2883 954 2974 1007 τὸν
3004 954 3096 1006 ὲπὶ
3150 954 3273 1016 ταῖς
3326 951 3587 1005 κολάσεσι
3618 948 3787 1018 φόϐον

2201 1043 2289 1099 διὰ
2320 1046 2414 1100 τοῦ
2450 1048 2649 1112 εἰπεῖν,
2710 1047 2802 1114 Μὴ
2844 1047 3122 1117 φοϐηθῆτε
3155 1045 3262 1101 ἀπὺ
3280 1045 3391 1098 τῶν
3433 1043 3789 1099 ἀποκτεινόνο

2199 1155 2310 1191 των
2342 1140 2404 1193 τὸ
2448 1140 2628 1211 σῶμα,
2667 1141 2812 1194 ἰᾶται
2857 1140 2916 1194 δὲ
2967 1140 3064 1193 νῦν
3099 1138 3312 1193 καὶτὸν
3344 1137 3433 1191 ἐπὶ
3483 1138 3550 1206 τῇ
3599 1137 3791 1205 ἀγροι-

2200 1230 2315 1303 κίᾳ.
2354 1233 2507 1287 Ἐπεὶ
2538 1238 2648 1303 γὰρ
2696 1235 2758 1287 οὑ
2800 1235 2987 1288 πολλοὶ
3038 1237 3195 1305 σοφοὶ
3244 1234 3387 1289 κατά
3435 1234 3618 1304 σάρκα
3670 1229 3795 1284 επί-

2200 1342 2452 1394 στευσαν,
2490 1328 2603 1382 ἀλλ’
2627 1329 2678 1383 οἱ
2698 1329 2918 1393 πλείους
2955 1329 3185 1395 ἰδιῶται,
3214 1329 3307 1399 Μὴ
3342 1326 3531 1397 φοϐοῦ.
3568 1326 3726 1397 φησὶ,
3763 1326 3793 1376 ὁ

2196 1418 2454 1491 ἄγροικος
2510 1422 2605 1476 καὶ
2647 1421 2889 1492 ἰδιώτης,
2943 1423 3080 1495 μηδὲ
3134 1423 3378 1494 μερίμνα
3442 1419 3560 1484 πῶς
3625 1419 3658 1489 ἢ
3733 1417 3787 1472 τί

2198 1512 2524 1586 ἀπολογήσῃ
2576 1514 2656 1585 τῷ
2709 1517 2961 1586 τυράννῳ
3019 1514 3444 1586 ἐρωτώμενοςῆ
3492 1514 3546 1566 τί
3592 1512 3778 1584 εἴπῃςο

2197 1598 2356 1652 ἄλλον
2420 1600 2622 1669 τρόπον
2666 1601 2998 1673 δημηγορῶν
3025 1618 3038 1631 ·
3077 1604 3135 1657 τὸ
3175 1604 3285 1674 γὰρ
3334 1602 3491 1671 ἅγιον
3556 1601 3790 1673 Πνεῦμα

2199 1692 2400 1758 διδάξει
2436 1695 2581 1765 ὑμᾶς
2616 1696 2674 1747 ἐν
2717 1696 2857 1767 αὐτῇ
2896 1698 2962 1767 τῇ
2989 1695 3130 1769 ὥρα,
3161 1696 3197 1751 ἃ
3252 1697 3332 1750 δεῖ
3365 1698 3561 1751 εἰπεῖν.
3599 1696 3788 1759 Ὥστε,

2196 1786 2282 1851 τίς
2328 1788 2487 1859 χρεία
2539 1787 2636 1841 τοῦ
2690 1789 3026 1859 φροντίζειν,
3081 1790 3197 1858 εἴγε
3252 1790 3308 1843 ὲν
3352 1790 3494 1861 αὐτῇ
3549 1791 3617 1859 τῇ
3666 1788 3790 1860 ὥρᾳ

499 1882 638 1937 ritus
698 1882 842 1936 enim
894 1890 1116 1937 sanctus
1175 1882 1386 1939 docebit
1428 1897 1524 1938 vos
1547 1883 1599 1938 in
1654 1882 1741 1937 illa
1791 1883 1922 1937 hora
1969 1897 2076 1952 qua

2195 1880 2409 1951 μέλλεις
2466 1881 2569 1935 ὑπὸ
2610 1881 2705 1935 τοῦ
2752 1881 3079 1952 Πνεύματος
3146 1881 3535 1946 διδάσκεσθαι;
3611 1880 3789 1945 οὕτως

499 1973 665 2045 369
694 1972 838 2041 loqui
871 1982 1155 2043 oporteat:
1203 1984 1369 2044 atque
1421 1974 1496 2029 ita
1553 1976 1681 2043 quid
1740 1975 1903 2037 fuerit
1953 1989 2105 2044 opus

500 2061 883 2126 sollicitudine,
933 2062 977 2117 si
1008 2062 1223 2131 quidem
1265 2064 1316 2116 in
1348 2062 1438 2117 illa
1501 2064 1633 2118 hora
1666 2064 1919 2133 aSpiritn
1954 2079 2082 2118 san-

499 2159 588 2204 cto
617 2150 891 2206 docendus
922 2151 1066 2206 eris?
1097 2149 1189 2205 Sic
1218 2151 1382 2222 igitur
1410 2162 1641 2223 utroque
1695 2154 1857 2208 modo
1890 2168 1987 2209 nos
2018 2155 2083 2209 ad

501 2241 819 2314 martyrium
855 2242 1113 2298 instruit:
1146 2254 1301 2298 sanat
1332 2252 1531 2298 metum
1566 2244 1652 2312 qui
1685 2254 1768 2301 est
1796 2260 1859 2301 ex
1893 2260 2084 2314 corpo-

500 2332 598 2387 rali
635 2332 978 2399 infirmitate,
1004 2344 1058 2390 et
1089 2335 1179 2403 qui
1210 2351 1274 2391 ex
1308 2337 1683 2405 simplicitate.

575 2427 738 2483 Vsus.
800 2428 985 2483 13-15.
1040 2448 1059 2481 ι
1108 2429 1198 2484 Ait
1246 2438 1425 2484 autem
1459 2430 1505 2484 ei
1545 2430 1764 2499 quidam
1791 2432 1856 2487 de
1888 2432 2077 2487 turba:

500 2521 777 2589 Magister,
834 2520 919 2576 dic
949 2520 1100 2575 fratri
1152 2536 1276 2576 meo
1321 2532 1379 2576 ut
1412 2522 1615 2577 dividat
1660 2539 1869 2578 mecum
1905 2524 2080 2579 haere-

496 2617 744 2670 ditatem.
788 2616 968 2669 Atille
1003 2614 1137 2669 dixit
1171 2617 1218 2669 ei
1258 2634 1270 2671 :
1311 2614 1503 2681 llomo,
1541 2616 1662 2684 quis
1688 2631 1772 2671 me
1796 2618 2081 2673 constituit

489 2708 723 2771 judicent
759 2719 849 2762 aut
873 2708 1161 2763 divisorem
1196 2724 1358 2776 super
1383 2724 1475 2763 vos
1503 2710 1525 2762 ?
1548 2710 1800 2781 Dixitque
1826 2712 1893 2767 ad
1918 2712 2070 2767 illos:

498 2799 689 2853 Videte
722 2810 776 2853 et
829 2794 1018 2855 cavete
1047 2801 1116 2855 ab
1150 2803 1399 2863 avaritia,
1436 2804 1563 2871 quia
1604 2818 1707 2857 non
1758 2805 1808 2857 in
1840 2802 2082 2859 abunda-

499 2895 567 2944 t‘a
614 2891 936 2959 cujusquam
976 2894 1081 2947 vita
1114 2893 1231 2963 ejus
1281 2904 1363 2949 est
1397 2910 1461 2949 ex
1508 2896 1572 2949 iis
1600 2910 1719 2965 qum
1754 2898 2011 2966 possidet.
2055 2916 2073 2951 ι

499 2982 707 3039 Docens
739 2999 838 3038 nos
873 2985 1131 3039 Dominus
1159 2986 1429 3053 quomodo
1454 2997 1703 3055 oporteat
1730 2996 2080 3044 contemnere

496 3073 833 3142 temporalia,
889 3085 942 3131 et
972 3075 1114 3144 quod
1142 3091 1246 3129 non
1274 3090 1410 3145 opus
1444 3077 1516 3131 sit
1541 3078 1766 3131 multum
1821 3078 2078 3146 occupari

495 3166 547 3216 in
604 3167 854 3231 terrenis,
907 3168 1129 3221 dimittit
1158 3182 1186 3221 a
1226 3183 1285 3221 se
1332 3182 1453 3222 eum
1483 3169 1573 3237 qui
1605 3181 1893 3224 vocaverat
1920 3186 1980 3226 se
2020 3179 2078 3225 ut

498 3257 788 3323 partiretur
852 3258 1220 3313 barreditatem
1253 3270 1533 3329 paternam
1565 3277 1578 3326 ;
1640 3261 1759 3316 ideo
1820 3270 1875 3316 et
1901 3263 2033 3317 dicit
2064 3282 2078 3319 :

496 3346 628 3411 Quis
654 3362 741 3400 me
767 3350 1050 3404 constituit
1074 3350 1308 3420 judicem
1336 3351 1726 3407 veldlvisorem
1753 3370 1916 3426 super
1946 3355 2083 3410 vos?

495 3440 759 3507 Quoniam
793 3442 936 3497 enim
968 3444 1053 3498 ille
1090 3446 1345 3500 omiserat
1381 3456 1563 3513 petere
1592 3448 1764 3515 utilia,
1792 3460 1845 3504 et
1885 3450 2082 3507 anima:

493 3533 650 3586 saluti
723 3534 1080 3601 coaferentia,
1141 3537 1192 3591 iu
1267 3542 1498 3594 terrenis
1580 3551 1632 3595 et
1692 3542 2078 3611 temporalibus

494 3624 723 3691 negotiis
772 3628 1047 3693 qttmreltat
1108 3628 1280 3697 ipsum
1339 3630 1517 3687 facere
1548 3633 1840 3689 divisorem
1877 3654 1889 3689 :
1926 3634 2077 3703 cujus

492 3716 667 3785 gratia
731 3720 888 3787 quasi
946 3719 1347 3792 ob>treperum,
1400 3736 1451 3778 et
1484 3726 1615 3780 nihil
1648 3742 1712 3783 ex
1746 3728 1968 3783 utilibus
2001 3730 2080 3785 di-

490 3822 643 3860 scere
700 3807 992 3872 volentem,
1063 3810 1305 3878 dimittit,
1360 3815 1520 3884 idque
1569 3827 1851 3872 mansuete
1886 3827 2075 3872 etnon

490 3912 708 3953 austere
760 3900 987 3957 faciens.
1027 3903 1191 3959 Docet
1226 3916 1405 3961 autem
1437 3908 1661 3963 omnino
1696 3923 1791 3977 per
1819 3909 1920 3963 hoc
1944 3921 2079 3963 'om-

490 4005 588 4042 nes
613 3996 665 4044 et
695 3990 784 4059 qui
822 4000 947 4045 tunc
973 3999 1025 4046 et
1055 3994 1146 4061 qui
1183 3989 1324 4049 nun'c
1361 3996 1608 4063 audiunt,
1640 3998 1819 4053 omnia
1862 3998 2076 4067 quidem

487 4087 700 4131 terrena
758 4079 1095 4150 negligenda,
1144 4092 1195 4137 et
1235 4084 1304 4139 ob
1353 4088 1669 4156 temporalia
1714 4093 1925 4160 negotia
1968 4105 2075 4144 non

486 4171 923 4226 contendendum
983 4190 1104 4229 cum
1164 4176 1470 4246 fratribus,
1537 4181 1835 4235 cedendum
1892 4192 2073 4237 autem

486 4258 659 4328 magis
729 4259 853 4323 illis.
902 4263 1117 4320 etiamsi
1148 4265 1311 4321 velint
1343 4269 1493 4322 avari
1524 4282 1663 4326 esse.
1702 4269 1783 4324 Ab
1809 4286 1873 4328 eo
1905 4272 2074 4339 enim,

486 4350 685 4418 inquit,
713 4352 802 4419 qui
842 4353 1017 4407 aufert
1056 4363 1170 4420 tua,
1208 4372 1273 4411 ne
1298 4368 1529 4427 repetas.
1574 4359 1879 4426 Quaerenda
1912 4362 2077 4431 igitur

483 4458 826 4513 quacunque
886 4446 1037 4500 utilia
1079 4456 1133 4501 et
1193 4451 1501 4505 necessaria
1551 4463 1675 4506 sunt
1723 4454 1789 4508 ad
1843 4455 2072 4512 salutem

2190 1969 2286 2027 οὖν
2313 1975 2713 2045 ἀμφοτέρωθεν
2747 1977 2827 2039 εἰς
2868 1974 2930 2028 τὸ
2960 1974 3263 2047 μαρτύριον
3291 1975 3443 2045 ἡμᾶς
3470 1972 3787 2042 ἐπαλείφει,

2188 2066 2280 2119 τόν
2315 2083 2375 2118 τε
2411 2067 2505 2120 ἐπὶ
2537 2068 2601 2137 τῇ
2630 2069 2921 2139 σωματικῇ
2955 2066 3216 2139 ἀσθενείᾳ.
3259 2065 3449 2134 φόϐον,
3476 2067 3569 2120 τόν
3598 2083 3657 2119 τε
3685 2064 3782 2118 ἐπὶ

2187 2159 2255 2229 τῇ
2283 2157 2549 2229 ἀγροικίᾳ
2582 2156 2835 2229 ἰώμενος.

2266 2446 2284 2479 ι
2322 2424 2454 2481 Eine
2475 2427 2534 2482 δέ
2568 2444 2652 2492 τις
2676 2428 2823 2498 αὑτῷ
2849 2428 2909 2481 ἐκ
2940 2428 3035 2482 τοῦ
3068 2428 3228 2502 ὄχλου
3249 2444 3264 2459 ’
3298 2429 3622 2496 Διδάσκαλε,
3651 2430 3777 2483 sint

2190 2518 2267 2589 τῷ
2291 2519 2509 2590 ἀδελφῷ
2540 2538 2642 2589 μου
2687 2520 3022 2591 μερίσασθαι
3067 2521 3186 2591 μετ’
3213 2520 3348 2594 ἐμοῦ
3388 2523 3487 2593 τὴν
3517 2524 3785 2594 κληρονο-

2188 2612 2415 2683 plava
2449 2613 2502 2665 δὲ
2526 2604 2682 2664 εἶπεν
2719 2611 2889 2683 αὐτῷ·
2923 2613 3236 2681 Ἄνθρωπε,
3262 2615 3346 2680 τίς
3380 2632 3448 2685 με
3476 2617 3785 2686 κατέστησε

2186 2704 2449 2775 δικαστὴν
2506 2705 2538 2775 ἢ
2578 2704 2848 2777 μεριστὴν
2890 2707 2975 2776 ἐφ’
3008 2707 3184 2777 ὑμᾶςς
3241 2704 3376 2761 Eine
3435 2709 3491 2762 δὲ
3520 2708 3657 2779 πρὸς
3684 2710 3784 2762 αὑ·

2182 2795 2331 2861 τούς“
2370 2796 2565 2869 Ὁρᾶτε
2618 2798 2713 2851 καὶ
2774 2798 3114 2867 φυλάσσεσθε
3170 2800 3278 2852 ἀπὸ
3307 2802 3405 2869 τῆς
3441 2800 3782 2867 πλεονεξίας,

2184 2889 2267 2942 ὃτι
2300 2890 2399 2941 οὐκ
2436 2892 2493 2944 ἐν
2526 2889 2604 2959 τῷ
2662 2892 3011 2960 περισσεύειν
3044 2893 3153 2944 τινὶ
3193 2894 3225 2962 ἡ
3260 2892 3373 2963 ζωὴ
3405 2894 3574 2947 αὐτοῦ
3634 2897 3783 2949 ἐστιν

2184 2982 2247 3035 ὲκ
2264 2982 2374 3035 τῶν
2395 2982 2751 3053 ὑπαρχόντων
2774 2984 2941 3054 αὐτῷ.
2980 3004 2999 3037 ι
3030 2984 3309 3039 Διδάσκων
3331 2988 3479 3057 ἡμᾶς
3504 2989 3532 3039 ὁ
3552 2988 3780 3058 Κύριος,

2182 3076 2298 3137 πῶς
2326 3076 2407 3129 δεῖ
2449 3079 2817 3149 καταφρονεῖν
2849 3079 2958 3130 τῶν
3001 3078 3297 3146 βιωτικῶν,
3344 3080 3436 3133 καὶ
3467 3081 3550 3135 ὅτι
3590 3082 3650 3133 οὐ
3702 3080 3783 3133 δεῖ

2186 3169 2562 3240 περισπᾶσθαι
2600 3187 2665 3222 πε
2677 3170 2730 3239 pi
2756 3169 2822 3223 τὰ
2852 3171 3039 3240 γήῖνα,
3062 3172 3455 3242 ἀποπέμπεται
3487 3174 3579 3227 τὸν
3612 3191 3783 3245 προσ-

2185 3260 2524 3330 καλούμενον
2584 3260 2748 3315 αὺτὸν
2789 3265 2868 3327 εἰς
2902 3264 2963 3316 τὸ
3006 3266 3343 3334 μερίσασθαι
3373 3266 3472 3338 τὴν
3511 3268 3779 3339 πατρῴαν

2186 3351 2575 3423 κληρονομίαν.
2605 3355 2694 3408 Διὸ
2722 3356 2815 3409 καί
2842 3373 2976 3425 φησι
3004 3374 3016 3387 ·
3048 3358 3147 3419 Τίς
3178 3375 3245 3427 με
3278 3361 3585 3430 κατέστησε
3623 3361 3781 3415 δικαο

2186 3446 2317 3514 στὴν
2363 3446 2396 3517 ἢ
2464 3446 2727 3518 μεριστὴν
2766 3449 2851 3518 ἐφ’
2884 3450 3062 3521 ὑμᾶςς
3114 3447 3334 3523 Ἐπειδὴ
3390 3452 3509 3524 γὰρ
3543 3455 3778 3522 ἐκεῖνος,

2184 3540 2505 3593 καταλιπὼν
2548 3530 2722 3594 αἰτεῖν
2773 3541 2841 3595 τὰ
2882 3548 3131 3614 χρήσιμα
3191 3544 3285 3598 καὶ
3340 3547 3475 3616 πρὸς
3535 3547 3785 3620 ψυχικὴν

2186 3630 2463 3701 σωτηρίαν
2498 3633 2873 3705 συμφέροντα,
2912 3654 2977 3688 πε
2989 3636 3041 3706 pi
3069 3637 3275 3706 γηΐνων
3298 3640 3390 3691 καὶ
3423 3639 3786 3709 προσκαίρων

2183 3726 2527 3795 πραγμάτων
2568 3728 2835 3798 μεριστὴν
2867 3728 3029 3782 αὐτὸν
3061 3730 3320 3797 γενέσθαι
3356 3733 3559 3802 ᾐτεῖτο,
3586 3734 3783 3787 τούτου

2181 3818 2341 3889 χάριν
2400 3818 2477 3882 ὠς
2524 3819 2757 3891 ὀχληρὸν
2813 3823 2906 3873 καὶ
2942 3821 3093 3875 οὐδὲν
3139 3822 3394 3877 ἐθέλοντα
3433 3825 3630 3893 μαθεῖν
3669 3827 3784 3879 τῶν

2182 3909 2412 3963 δεόντων
2438 3912 2850 3983 ἀποπέμπεται,
2888 3915 2983 3966 καὶ
3022 3912 3183 3967 τοῦτο
3233 3914 3425 3988 πράως
3472 3919 3649 3971 ποιῶν
3678 3920 3777 3973 καὶ

2181 4002 2282 4057 οὐκ
2318 4003 2755 4074 ἐπιπληκτικῶς.
2806 4005 2993 4059 Πείθει
3064 4006 3122 4059 δὲ
3170 4008 3387 4073 πάντως
3433 4009 3523 4062 διὰ
3581 4011 3780 4064 τούτου

2182 4094 2391 4159 πάντας
2416 4096 2543 4159 τοὺς
2575 4097 2669 4149 καὶ
2693 4097 2811 4149 τότε
2854 4098 2947 4151 καὶ
2984 4098 3078 4151 νῦν
3102 4100 3402 4164 ἀκούοντας
3440 4102 3647 4167 παντὸς
3677 4104 3782 4175 μὲν

2180 4188 2404 4256 ἀμελεῖν
2457 4190 2794 4261 προσκαίρου
2860 4191 2954 4243 καὶ
3014 4192 3206 4262 γηΐνου
3278 4194 3631 4264 πράγματος,
3691 4196 3771 4267 μὴ

2180 4278 2624 4350 φιλονεικοῦντας
2663 4282 2935 4353 ἀδελφοῖς,
2962 4282 3212 4349 εἴκοντας
3249 4286 3302 4339 δὲ
3333 4286 3537 4357 μᾶλλον
3565 4288 3777 4354 αὐτοῖς,

2180 4373 2282 4429 κᾶν
2317 4375 2611 4445 βούλωνται
2642 4377 3010 4434 πλεονεκτεῖν.
3058 4381 3194 4434 Ἀπὸ
3234 4380 3343 4454 γὰρ
3372 4382 3467 4437 τοῦ
3502 4385 3774 4454 αἴροντος,

2180 4469 2335 4538 φησὶ,
2367 4468 2435 4521 τὰ
2497 4470 2563 4523 σά
2599 4471 2673 4543 μὴ
2722 4473 2970 4539 ἀπαίτει,
3010 4473 3304 4544 ζητοῦντας
3339 4477 3440 4531 ὅσα
3500 4480 3607 4551 πέρ
3655 4482 3777 4534 ἐστι

482 4536 713 4601 animae;
760 4537 877 4591 ideo
928 4548 980 4591 et
1019 4540 1258 4595 subdidit
1318 4543 1553 4598 dicens:
1602 4542 1788 4601 Videte
1862 4560 1914 4603 et
1972 4565 2067 4605 cn-

2187 4536 2421 4632 ίρήήσιμα
2458 4563 2552 4616 καὶ
2600 4536 2886 4633 ἀναγκαῖα
3120 4536 3399 4639 σωτηρίαν
3433 4536 3635 4641 ψυχῆς.
3680 4574 3776 4625 Διὸ

480 4631 681 4683 stodite
705 4645 801 4684 vos
832 4630 901 4685 ab
933 4633 1183 4700 avaritia,
1212 4644 1319 4688 uta
1340 4638 1604 4694 diabolica
1642 4641 1873 4711 quadam
1916 4642 2069 4698 fovea

482 4723 739 4777 admonet
794 4740 890 4779 nos
938 4734 995 4778 ut
1032 4725 1319 4795 fugiamus.
1364 4731 1442 4782 Ad
1492 4745 1630 4799 quos
1663 4742 1842 4788 autem
1874 4735 2010 4788 dixit
2049 4753 2061 4787 :

481 4813 674 4868 Videte
704 4824 756 4869 et
797 4817 1065 4871 custodite
1093 4833 1189 4872 vos
1234 4819 1301 4873 ab
1348 4824 1619 4876 avaritia?
1650 4824 1732 4881 Ad
1759 4828 1891 4881 duos
1949 4826 2069 4881 illos

480 4908 697 4971 fratres,
748 4910 1001 4978 quoniam
1053 4913 1117 4966 de
1179 4913 1495 4971 haereditate
1525 4917 1598 4971 illi
1647 4921 2065 4975 contendebant.

480 5001 785 5055 Verisimile
838 5011 1017 5057 autem
1080 5014 1220 5069 erat,
1262 5022 1427 5061 unum
1451 5024 1517 5063 ex
1551 5010 1657 5065 illis
1690 5011 1898 5067 duobus
1928 5014 2066 5081 alte-

479 5110 596 5145 rum
646 5095 838 5165 injuria
891 5096 1153 5163 affecisse,
1183 5108 1235 5155 et
1264 5111 1549 5171 propterea
1581 5105 1647 5159 de
1674 5107 1901 5161 avaritia
1944 5123 2063 5163 cum

483 5186 589 5239 illis
622 5186 879 5253 loquitur.
934 5189 1183 5259 Magnum
1220 5194 1363 5248 enim
1406 5197 1505 5252 hoc
1565 5198 1764 5254 malum
1801 5217 1817 5256 :
1863 5202 2064 5257 idcirco

481 5290 532 5332 et
568 5278 768 5333 Paulus
803 5282 1165 5337 idololatriam
1226 5287 1395 5355 ipsam
1423 5301 1578 5345 vocat
1610 5311 1621 5346 :
1654 5293 1791 5348 forte
1819 5299 1959 5367 quod
1997 5300 2062 5352 ad

480 5372 620 5425 solos
682 5374 946 5440 pertineat
996 5378 1086 5445 qui
1128 5377 1293 5431 Deum
1334 5380 1585 5452 ignorant
1620 5386 1760 5450 :vel,
1818 5388 1867 5443 id
1919 5392 2061 5459 quod

481 5462 644 5515 etiam
693 5465 895 5525 verius,
934 5467 1057 5534 quia
1089 5469 1228 5525 idola
1252 5472 1519 5539 gentium,
1560 5486 1837 5543 argentum
1868 5489 1920 5531 et
1968 5496 2061 5531 au-

481 5570 621 5607 rum.
657 5554 821 5625 Igitur
856 5562 945 5627 qui
984 5562 1411 5634 colitargentum
1444 5576 1496 5621 ct
1518 5583 1729 5635 aurum,
1755 5572 1948 5628 similis
1979 5584 2061 5629 est

479 5647 742 5702 idolorum
782 5652 1095 5709 cultoribus.
1128 5655 1380 5713 Eamdcm
1447 5662 1589 5714 enim
1628 5668 1908 5719 materiam
1968 5672 2061 5721 att-

370 5760 373 5765 ν
476 5751 634 5794 erant
678 5754 729 5795 ct
784 5746 1164 5815 amplexantur
1215 5762 1459 5824 uterque.
1488 5754 1835 5825 Supervacua
1878 5762 2057 5828 itaque

480 5831 747 5900 fugienda.
815 5838 1037 5904 Quare?
1074 5842 1207 5911 Quia
1267 5862 1370 5901 non
1416 5849 1467 5905 in
1500 5849 1794 5909 abundanti
1827 5856 2054 5926 quodam

2180 4656 2272 4706 καὶ
2306 4656 2554 4723 ὲπή-γαγε
2580 4655 2774 4723 λέγων’
2811 4657 3005 4730 Ὁρᾶτε
3033 4660 3125 4713 καὶ
3158 4661 3500 4730 φυλάσσεσθε
3537 4664 3645 4717 ἀπὸ
3674 4667 3777 4735 τῆς

2181 4748 2517 4816 πλεονεξίας,
2571 4750 2647 4814 ὡς
2699 4750 2893 4823 βόθρον
2956 4754 3078 4807 τινὰ
3134 4755 3437 4810 διαϐολικὸν
3487 4760 3777 4829 παραινῶν

2179 4843 2311 4912 ἡμῖν
2345 4843 2551 4913 ταύτην
2588 4845 2947 4913 ἀποφεύγειν.
2992 4848 3137 4917 Πρὸς
3169 4848 3320 4913 τίνας
3355 4850 3411 4903 δὲ
3436 4850 3597 4905 τοῦτο
3624 4852 3773 4919 εἷπε,

2193 4936 2385 5007 Ὁρᾶτε
2428 4937 2522 4989 καὶ
2571 4938 2912 5007 φυλάσσεσθε
2964 4942 3072 4993 απὸ
3104 4942 3200 5010 τῆς
3236 4942 3584 5008 πλεονεξία;;
3630 4946 3775 5016 Πρὸς

2175 5029 2301 5090 τοὺς
2331 5028 2425 5081 δύο
2478 5028 2704 5093 τούτους
2748 5032 3033 5101 ἀδελφούς·
3068 5036 3190 5089 ἐπεὶ
3230 5036 3338 5109 γὰρ
3399 5040 3525 5109 περὶ
3575 5040 3775 5110 κληρο-

2175 5120 2373 5190 νομίας
2406 5118 2473 5193 ἦν
2528 5123 2751 5194 ιύτοῖςή
2783 5126 3107 5195 ἀμφιϐολία,
3144 5130 3292 5192 εἰκὸς
3344 5132 3402 5185 δὲ
3438 5128 3506 5202 ἦν
3536 5134 3647 5188 τῶν
3678 5135 3772 5188 δύο

2174 5214 2379 5267 τούτων
2413 5215 2503 5268 τὸν
2534 5216 2630 5270 ἕνα
2660 5218 2869 5273 ἀδικεῖν
2922 5220 3013 5274 τὸν
3059 5221 3265 5291 ἕτερον,
3301 5225 3390 5277 διὰ
3450 5226 3611 5279 τοῦτο
3642 5230 3771 5299 περὶ

2176 5306 2485 5373 πλεονεξίας
2520 5309 2703 5372 αὐτοῖς
2752 5310 3081 5382 διαλέγεται.
3120 5315 3281 5383 Μέγα
3313 5317 3422 5389 γὰρ
3474 5319 3633 5372 τοῦτο
3666 5340 3770 5374 κα-

2174 5398 2288 5449 κόν⁸
2324 5398 2405 5452 διὸ
2455 5402 2549 5454 καὶ
2582 5402 2820 5469 Παῦλος,
2879 5406 3327 5480 είδωλολατρείαν
3376 5410 3533 5464 τοῦτο
3591 5416 3765 5479 καλεῖ,

2171 5486 2309 5556 τάχα
2335 5490 2410 5551 ὠς
2443 5490 2628 5559 μόνοις
2660 5494 2870 5563 πρέπον
2902 5498 3013 5559 τοῖς
3050 5498 3123 5567 μὴ
3149 5501 3312 5553 εἰδόσι
3347 5502 3479 5556 Θεὸν
3512 5523 3523 5533 ·
3561 5506 3590 5574 ἢ
3630 5509 3765 5574 ὅπερ

2172 5582 2265 5631 καὶ
2296 5581 2679 5651 ἀληθέστερον,
2724 5586 2845 5638 ἐπεὶ
2887 5588 2951 5639 τὰ
2986 5590 3179 5641 εἴδωλα
3220 5591 3327 5643 τῶν
3363 5595 3556 5658 ἐθνῶν,
3589 5599 3763 5666 ἀργῇ-

2173 5690 2288 5741 ριον
2312 5676 2415 5727 ’καὶ
2453 5678 2697 5745 χρυσίον.
2731 5679 2960 5748 Ὂμοιος
2992 5684 3105 5743 τοῖς
3158 5684 3579 5759 εἰδωλολάτραις
3620 5694 3645 5742 ὁ
3686 5710 3765 5742 τι⁹

2172 5768 2288 5837 μῶν
2332 5770 2392 5821 τὸ
2432 5771 2696 5842 ἀργύριον
2743 5774 2836 5826 καὶ
2892 5774 2952 5826 τὸ
2986 5776 3209 5845 χρυσίον
3239 5795 3252 5807 ·
3287 5780 3384 5849 τὴν
3428 5784 3537 5853 γὰρ
3594 5786 3760 5854 αὐτὴν

2172 5860 2305 5931 ὕλην
2346 5866 2717 5935 προσκυνοῦσι
2771 5868 2861 5921 καὶ
2912 5872 3265 5938 περιέπουσιν
3297 5877 3619 5949 ἀμφότεροι.
3673 5884 3759 5935 At?
