4030 6406
184 424 293 491 835

864 408 1317 480 ENARRATIO
1352 412 1436 479 IN
1472 411 1988 479 EVANGELIUM
2030 415 2270 479 LUC/E.
2306 443 2375 453 —
2402 406 2573 497 CAP.
2623 419 2767 482 XII.

3420 414 3532 481 885

185 533 284 593 οὖν
321 538 547 608 φεύγειν
576 538 638 591 τὸ
679 536 958 609 περιττόν.
1003 537 1192 604 Διατί;
1248 536 1397 591 Διότι
1449 535 1552 590 οὐκ
1608 537 1668 589 έν
1721 532 1800 605 τῷ

1925 535 2018 590 rita
2075 535 2182 592 illis
2207 544 2333 592 est:
2374 536 2425 591 id
2457 548 2563 605 est,
2602 536 2727 593 vitae
2781 546 3038 592 mensura
3091 549 3199 599 non
3236 532 3402 591 simul
3432 547 3530 588 ex-

189 631 542 705 περισσεύειν
573 632 747 702 τινὶή
806 631 922 702 ζωὴ
970 630 1140 685 αὐτοῦ
1194 633 1333 697 ἐστι,
1391 632 1700 697 τουτέστιν,
1734 630 1797 685 οὐ

190 724 597 780 συνεκτείνεται
627 723 690 777 τὸ
724 724 823 794 τῆς
849 722 994 793 ζωῆς
1020 724 1223 795 μέτρον
1255 727 1325 796 τῇ
1371 724 1689 796 περιουσίᾳ
1735 724 1798 778 οὐ

189 820 303 893 γὰρ
342 819 408 891 δὴ
434 820 461 872 6
497 817 638 889 ἔχων
677 817 874 887 πολλὰ,
905 817 1006 888 ἥδη
1054 836 1157 871 που
1190 817 1289 872 καὶ
1323 819 1385 882 ἐς
1424 818 1641 889 μακρὸν
1693 815 1799 887 ζή-

193 928 374 971 σεται,
401 908 525 962 οὐδὲ
553 908 845 962 ἀκολουθεί
883 908 961 981 τῷ
989 909 1187 981 πλήθει
1218 908 1311 963 τοῦ
1342 908 1582 963 πλούτου
1617 911 1649 980 ή
1692 926 1802 980 μα-

1906 629 2153 685 tcuditur
2211 644 2339 684 cum
2400 631 2517 700 ipsa
2582 627 2945 695 abundantia,
3000 643 3181 700 neque
3230 627 3380 684 enim
3433 626 3531 698 qui

1905 726 2072 781 multa
2153 723 2419 795 possidet,
2507 725 2718 781 diutius
2774 724 2950 780 vivit:
2996 739 3176 795 neque
3230 722 3530 780 comitatur

1905 819 2224 874 divitiarum
2292 818 2701 875 multitudinem
2760 817 2891 872 vita:
2920 816 3265 887 longaevitas.
3298 813 3532 871 [locau-

1908 922 2014 969 tem
2042 912 2173 969 dicit
2201 914 2467 969 Dominus
2508 913 2801 972 confutatis
2834 914 3198 987 cogitationes
3226 912 3531 967 amantium

191 1004 473 1076 κροζωτα.
493 1004 667 1059 Τοῦτο
691 1004 748 1058 δὲ
792 1004 943 1075 λέγει
969 1007 997 1058 6
1022 1005 1251 1077 Κύριος,
1304 1004 1642 1077 ἀνατρέπων
1670 1006 1801 1069 τοὺς

1925 1010 2149 1066 livitias.
2169 1010 2442 1078 Quoniam
2496 1010 2645 1065 enim
2688 1008 3008 1067 divitiarum
3034 1020 3311 1062 amatores
3340 1005 3530 1061 existi-

191 1096 302 1149 τῶν
342 1094 722 1165 φιλοπλούτων
775 1095 1076 1167 λογισμούς
1100 1114 1113 1127 ⁸
1177 1098 1369 1171 ἐπειδὴ
1398 1097 1510 1170 γάρ
1547 1098 1597 1151 οἰ
1651 1097 1805 1167 φιλό-

193 1186 691 1241 πλουτοιδοκοῦσιν
724 1185 801 1250 ὡς
833 1187 1092 1258 φιλόζωοι
1119 1188 1411 1260 περιέπειν
1427 1189 1521 1243 τὸν
1544 1186 1801 1255 πλοῦτον,

192 1280 292 1334 καὶ⁵
323 1280 399 1344 ὡς
448 1282 542 1333 ἐπὶ
604 1281 821 1352 μακρὸν
875 1283 1167 1352 μέλλοντες
1213 1283 1535 1353 βιώσεσθαι,
1599 1300 1809 1337 παντα-

191 1372 356 1443 χόθεν
386 1373 667 1441 συνάγειν,
710 1374 877 1445 φησίν
908 1391 922 1405 ·
970 1375 1159 1429 ’Λθλιε
1194 1376 1292 1430 καὶ
1324 1375 1683 1450 ταλαίπωρε,
1728 1378 1806 1450 μὴ

192 1463 307 1535 γὰρ
342 1469 405 1517 ἐκ
440 1464 535 1517 τοῦ
570 1463 717 1534 ἔχειν
768 1464 942 1519 πολλά
976 1467 1419 1539 προσγενήσεται
1478 1485 1562 1521 σοι
1598 1468 1695 1521 καλ⁸
1745 1468 1807 1522 τὸ

196 1556 534 1629 μακρόϐιον,
596 1557 651 1610 τί
682 1558 868 1611 τοίνυν
928 1559 1270 1625 κακοπαθεῖς
1318 1562 1609 1634 προδήλως
1660 1561 1805 1633 ὐπὲρ

192 1650 297 1720 τῆς
354 1650 553 1723 ἀδήλου
616 1650 1015 1718 ἀναπαύσεωςς
1056 1652 1309 1724 Ἀδηλον
1344 1655 1444 1725 μὲν
1498 1654 1633 1727 γάρ,
1678 1656 1796 1724 είγε

194 1743 426 1812 φθάσεις
450 1744 529 1808 εἰς
551 1744 748 1815 γῆρας,
779 1737 843 1799 οὗ
867 1746 1056 1799 εἵνεκα
1085 1747 1465 1819 θησαυρίζεις.
1511 1748 1793 1820 Πρόδηλον

205 1836 266 1890 δὲ
290 1836 374 1889 ὅτι
404 1836 500 1890 νῦν
526 1837 746 1909 δαπανᾷ
770 1838 900 1907 περί
918 1839 1015 1893 τὸν
1034 1836 1305 1912 πορισμὸν
1340 1842 1452 1895 τῶν
1470 1844 1793 1914 χρημάτων.

1907 1112 2061 1159 mant
2080 1104 2224 1174 quod
2246 1103 2416 1159 multo
2444 1114 2693 1173 tempore
2719 1102 2941 1159 divitias
2974 1099 3436 1171 possessurisiut,
3478 1106 3535 1155 et

1908 1198 2065 1266 quasi
2104 1196 2196 1252 ditt
2229 1196 2833 1267 victuri,undequaque
2878 1209 3013 1263 opes
3045 1193 3336 1265 colligunt,
3356 1193 3531 1249 dicit:

1908 1288 2141 1347 Miseret
2154 1305 2489 1352 aerumnosis.
2511 1289 2755 1360 nunquid
2775 1304 2842 1346 ex
2862 1287 3160 1344 multorum
3181 1286 3533 1357 possessione

1910 1386 2020 1440 vita
2046 1395 2136 1440 tua
2178 1384 2496 1455 productior
2529 1384 2631 1439 erit
2658 1383 2682 1438 ἳ
2716 1398 2814 1437 cur
2845 1381 3012 1454 igitur
3043 1380 3304 1451 aﬂligeris
3355 1379 3535 1445 mani-

1909 1468 2049 1534 feste
2089 1493 2191 1549 pro
2237 1477 2407 1549 370
2460 1477 2667 1535 incerta
2732 1475 2976 1546 quiete?
3043 1472 3319 1528 Incertum
3384 1473 3533 1529 enim

1912 1585 2044 1625 num
2075 1573 2146 1624 ad
2196 1578 2539 1625 senectutem
2608 1568 2909 1640 pertingas,
2976 1565 3133 1635 cujus
3180 1564 3358 1635 gratia
3414 1565 3536 1619 tlie‘

1913 1660 2162 1717 saurizas
2194 1679 2210 1715 :
2240 1657 2593 1714 manifestum
2628 1668 2812 1713 autem
2836 1655 2984 1727 quod
3021 1668 3167 1709 nunc
3202 1651 3436 1708 insumis
3481 1649 3536 1704 in

1915 1766 2048 1824 opes
2077 1751 2512 1823 conquirendas.

276 1950 296 1980 ι
330 1925 465 1983 Εἷπε
479 1928 536 1983 st
561 1890 880 2004 παραδολῲ
901 1932 1038 2004 πρὸς
1071 1890 1271 1999 αὐτούς
1304 1890 1533 2003 λέγωνΤ

1986 1937 2156 1994 Vsus.
2220 1936 2413 1995 lii-il.
2460 1957 2479 1991 t
2520 1934 2669 1993 Dixit
2726 1943 2912 1993 autem
2988 1932 3413 1993 similitudinem
3470 1932 3539 1984 ad

198 2041 306 2079 που
357 2025 505 2088 τινὸς
559 2026 820 2080 πλουσίου
853 2026 1161 2098 εὐφόρησεν
1194 2029 1227 2096 ή
1281 2026 1457 2099 χώρα,
1499 2028 1595 2081 καί
1628 2027 1806 2083 διελο-

195 2117 389 2188 γίζετο
428 2120 486 2171 ὲν
538 2117 718 2189 ἑαυτῷ
753 2118 934 2187 λέγων
966 2135 980 2147 ·
1020 2118 1088 2172 Τί
1141 2118 1374 2190 ποιήσω,
1422 2118 1507 2172 ὅτι
1539 2118 1645 2173 οὐκ
1697 2117 1808 2189 ἔχω

197 2210 309 2264 πού
341 2212 556 2279 συνάξω
599 2212 731 2276 τοὺς
792 2212 1047 2283 καρπούς
1080 2229 1218 2283 μους
1263 2212 1375 2266 Kal.
1406 2207 1532 2266 εἷπε
1558 2228 1575 2245 ·
1634 2212 1809 2268 Τοῦτο

199 2304 440 2373 ποιήσω,
486 2301 705 2357 καθελῶ
765 2318 870 2374 μου
919 2302 1019 2366 τάς
1046 2302 1360 2375 ἀποθήκας,
1398 2304 1495 2358 acui.
1550 2304 1810 2374 μείζονας

198 2394 574 2466 οἰκοδομήσω,
608 2393 706 2449 καὶ
740 2394 956 2461 συνάξω
996 2396 1114 2449 ἐκεῖ
1148 2395 1329 2450 πάντα
1365 2396 1435 2451 τά
1489 2398 1811 2470 γεννήματά

200 2504 336 2558 μου,
390 2489 483 2540 καλ⁸
516 2488 584 2540 τᾶ
644 2487 829 2555 ἀγαθά
887 2505 1013 2557 μου,
1048 2490 1143 2543 καὶ
1180 2489 1293 2561 ἐρῶ
1352 2491 1419 2562 τῇ
1452 2489 1603 2563 ψυχῇ
1642 2508 1749 2562 μου
1792 2506 1806 2521 ·

203 2580 394 2651 Ψυχὴ,
444 2580 591 2651 ἔχεις
629 2580 804 2634 πολλὰ
841 2580 1029 2651 ἀγαθά
1069 2582 1306 2654 κείμενα
1356 2584 1439 2648 εἰς
1486 2583 1584 2655 ἐτη
1612 2585 1808 2653 πολλά,

199 2673 535 2739 ἀναπαύου,
569 2676 736 2743 φάγε,
770 2674 885 2741 πίε,
924 2674 1248 2747 εὐφραίνου.
1302 2672 1444 2730 Εῐπε
1486 2676 1544 2731 δὲ
1587 2676 1741 2748 αὐτῷ
1784 2678 1813 2732 ό

200 2766 362 2831 Θεός·
405 2767 636 2839 ’Δφρον,
660 2768 835 2843 ταύτῃ
866 2771 932 2840 τῇ
964 2770 1123 2823 νυκτί
1152 2768 1254 2840 τὴν
1292 2769 1478 2843 ψυχήν
1517 2787 1612 2824 σου
1642 2771 1814 2824 ἀπαι-

199 2860 393 2913 τοῦσιν
421 2860 531 2914 ἀπὸ
570 2859 691 2913 σοῦ·
726 2860 764 2914 ἀ
798 2861 852 2915 δὲ
884 2863 1215 2933 ἡτοίμασας,
1243 2862 1350 2917 τίνι
1385 2863 1571 2930 iurat;
1622 2864 1813 2929 Οὕτως

199 2955 233 3007 6
269 2953 620 3025 θησαυρίζων
654 2955 861 3027 ἑαυτῷ,
894 2955 992 3010 καὶ
1020 2957 1098 3028 μὴ
1157 2958 1238 3021 εἰς
1299 2957 1438 3013 Θεὸν
1478 2958 1748 3015 πλουτῶν.
1790 2977 1808 3010 ι

201 3046 397 3099 Εἰπὼν
430 3049 513 3101 ὅτι
544 3047 606 3099 οὐ
642 3050 718 3119 τῇ,
744 3051 1035 3121 περισσεία
1065 3048 1178 3103 τῶν
1199 3052 1503 3124 χρημάτων
1530 3053 1627 3106 καὶ
1653 3054 1685 3123 ὴ
1715 3052 1814 3106 τοῦ

201 3137 505 3209 ἀνθρώπου
540 3138 659 3209 ζωὴ
711 3142 1284 3213 συμπαρεκτείνεται,
1309 3148 1317 3155 ’
1342 3144 1481 3215 πρὸς
1517 3143 1817 3221 βεϐαίωσιν

200 3231 403 3285 τούτου
434 3232 691 3305 ἐπιφέρει
724 3234 819 3287 καὶ
852 3235 1196 3306 παραϐολήν.
1238 3239 1350 3292 Καὶ
1387 3238 1491 3309 ὅρα
1525 3238 1645 3302 πῶς
1684 3240 1819 3292 ὐπο-

201 3326 414 3397 γράφει
436 3328 574 3397 ἡμῖν
600 3327 837 3398 ἀνοήτου
857 3328 1120 3382 πλουσίου
1151 3330 1469 3401 ἀπλήστους
1493 3331 1814 3403 λογισμούς.

214 3419 283 3472 ὐ
313 3420 412 3489 μὲν
440 3420 551 3490 γὰρ
587 3420 723 3485 Θεὸς
770 3420 836 3474 τά
866 3422 1065 3494 ἑαυτοῦ
1096 3423 1293 3489 ἐποίει,
1329 3425 1425 3478 καὶ
1455 3424 1558 3497 τὴν
1610 3426 1819 3481 οἰκείαν

200 3513 615 3585 εὐσπλαγχνίαν
673 3514 1027 3570 ἐπεδείκνυτο
1062 3531 1077 3547 ⁸
1115 3517 1177 3570 οὐ
1231 3516 1343 3589 γὰρ
1379 3516 1437 3572 έν
1486 3518 1676 3590 γήδιον
1723 3518 1820 3573 τοῦ

204 3604 496 3670 πλουσίου,
528 3605 645 3659 ἀλλ’
678 3606 774 3679 ὅλη
812 3608 845 3679 ή
875 3608 1033 3679 χώρα
1060 3608 1392 3681 εὐφόρησεν.
1461 3608 1525 3664 Ὀ
1554 3610 1611 3664 δὲ
1646 3611 1823 3678 οὓτως

206 3695 284 3771 ἦν
314 3685 568 3769 ἄκαρπος
614 3702 747 3771 περὶ
782 3701 881 3772 τὴν
927 3702 1365 3774 εὐσπλαγχνίαν,
1422 3703 1566 3758 ὥστε
1602 3705 1735 3777 πρὶν
1786 3706 1821 3778 ἢ

203 3792 420 3861 λαϐεῖν,
480 3795 753 3865 συνεῖχεν.
799 3795 943 3867 Ὅρα
990 3795 1048 3850 δὲ
1094 3797 1191 3851 καὶ
1242 3797 1342 3863 τὰς
1392 3797 1488 3851 τοῦ
1558 3797 1821 3853 πλουσίου

205 3883 431 3956 ἡδονὰς,
473 3887 541 3939 Τί
591 3886 840 3957 ποιήσω;
912 3888 1185 3954 Τοιαύτας
1222 3891 1411 3961 φωνὰς
1465 3891 1588 3962 οὐχὶ
1652 3895 1749 3947 καὶ
1797 3895 1825 3947 6

207 3975 384 4047 πένης
420 3976 597 4046 λέγει,
627 3978 681 4031 τί
724 3980 1081 4050 ποιήσω,ὅτι
1133 3982 1236 4055 οὐκ
1280 3982 1391 4053 ἔχω
1436 3982 1554 4047 πῶς
1609 3986 1825 4055 τραφή-

208 4087 415 4141 σομαι,
444 4071 561 4133 πῶς
607 4070 936 4143 ὲνδύσομαις
981 4072 1086 4127 Ἴδε
1124 4051 1217 4145 tam
1250 4051 1349 4131 καὶ.
1394 4076 1493 4142 τάς
1524 4076 1619 4132 τοῦ
1648 4051 1824 4133 *πλου-

210 4164 334 4219 σίου
366 4165 553 4235 φωνάς
576 4181 590 4195 ·
623 4165 689 4220 Τί
721 4160 960 4239 ποιήσω,
993 4167 1076 4222 δτι
1113 4170 1214 4222 οὐκ
1271 4169 1383 4241 ἔχω
1437 4170 1543 4226 ποῦ
1608 4173 1825 4240 συνάξω

206 4259 343 4321 τοὺς
372 4258 624 4329 καρπούς
654 4274 794 4331 μου;
832 4260 988 4332 Καλή
1008 4279 1077 4331 γε
1110 4262 1444 4328 ἀνάπαυσις.
1475 4264 1609 4333 Είγε
1666 4268 1763 4320 καί⁵
1798 4269 1827 4322 6

209 4353 391 4422 πένης
413 4353 568 4425 φησί’
595 4352 661 4406 Τί
686 4356 924 4425 ποιήσω,
957 4356 1042 4410 ὅτι
1072 4357 1172 4410 οὐκ
1192 4356 1337 4427 ἔχως
1374 4358 1471 4413 καὶ
1489 4360 1515 4413 ὁ
1538 4359 1822 4427 πλούσιος,

208 4444 281 4501 Τί
313 4448 556 4517 ποιήσω,
581 4449 664 4502 ὅτι
686 4449 788 4503 οὐκ
814 4449 961 4521 Exte;
993 4450 1045 4504 τί
1072 4451 1255 4504 τοίνυν
1284 4452 1598 4525 συνάγομεν
1631 4440 1697 4509 δι
1728 4454 1825 4508 τοῦ

211 4538 394 4594 πλείω
419 4542 679 4607 συνάγειν
700 4558 715 4606 ;
740 4541 1054 4595 ἀνάπαυσιν
1083 4544 1183 4614 μὲν
1206 4543 1318 4616 γάρ
1350 4545 1412 4599 οὐ
1437 4544 1822 4617 κερδαίνομεν.

1915 2033 2061 2101 illos,
2127 2032 2361 2089 dicens:
2420 2030 2677 2089 Hominis
2734 2029 3024 2101 cujusdam
3090 2026 3282 2084 divitis
3341 2024 3541 2080 uberes

1914 2128 2130 2186 fructus
2183 2143 2315 2201 ager
2355 2129 2564 2195 attulit,
2600 2137 2657 2185 et
2706 2122 2989 2198 cogitabat
3018 2125 3162 2180 intra
3185 2137 3267 2186 se,
3298 2122 3488 2177 direus
3523 2136 3537 2174 :

1913 2223 2057 2292 Quid
2093 2225 2322 2290 faciam,
2383 2226 2533 2296 quod
2605 2238 2713 2280 non
2774 2222 3012 2285 habeam
3045 2234 3156 2290 quo
3209 2231 3539 2289 congregem

1914 2316 2127 2373 fructus
2194 2316 2397 2373 meos?
2462 2315 2532 2371 Et
2595 2315 2777 2371 dixit:
2844 2313 2959 2369 Hoc
2984 2312 3210 2378 faciam,
3257 2309 3540 2365 destruam

1916 2411 2112 2468 horrea
2139 2426 2281 2479 mea,
2303 2420 2360 2468 et
2381 2411 2590 2483 majora
2612 2419 2918 2477 exstruam,
2947 2416 3005 2465 et
3033 2405 3384 2478 congregabo
3412 2402 3542 2459 illuc

1916 2507 2102 2563 omnia
2140 2508 2279 2563 bona
2301 2519 2421 2561 mea
2447 2518 2570 2576 quae
2597 2503 2731 2559 mihi
2764 2512 2893 2559 nata
2926 2509 3075 2568 sunt,
3113 2508 3171 2555 et
3215 2497 3396 2559 dicam
3428 2493 3545 2550 ani-

1917 2616 2021 2657 mae
2043 2616 2146 2656 mas
2186 2618 2204 2656 :
2237 2582 2471 2665 Anima,
2505 2596 2676 2654 habes
2716 2593 2887 2651 multa
2927 2595 3070 2650 bona
3108 2588 3419 2662 repositaiu
3445 2602 3547 2673 anf-

1917 2711 2019 2752 nos
2051 2698 2275 2761 multos,
2334 2693 2646 2765 requiesce,
2696 2688 2945 2756 comede,
2980 2686 3129 2752 bibe,
3166 2684 3363 2756 gaude.
3396 2680 3548 2738 Dixit

1918 2798 2105 2845 autem
2148 2789 2230 2844 illi
2264 2788 2450 2844 Deus:
2492 2784 2694 2851 Stulte,
2750 2785 2855 2840 hac
2905 2789 3072 2839 nocte
3114 2780 3354 2838 animam
3396 2786 3544 2831 tuam

1920 2888 2173 2950 repetent
2198 2877 2297 2935 abs
2353 2887 2447 2934 te:
2482 2891 2605 2949 qua:
2640 2891 2774 2933 vero
2799 2874 3028 2939 parasti,
3060 2871 3149 2928 cui
3182 2867 3425 2926 cedent?
3453 2865 3547 2927 Sic

1922 2977 2013 3047 qui
2048 2974 2298 3031 recondit
2328 2971 2455 3042 sibi,
2488 2986 2591 3028 nec
2618 2978 2706 3027 est
2735 2975 2873 3041 erga
2908 2967 3082 3023 Deum
3113 2964 3293 3021 dives.
3332 2981 3351 3015 ι
3390 2960 3550 3017 Post-

1919 3083 2086 3140 quam
2147 3066 2290 3122 dixit
2324 3066 2496 3121 vitam
2546 3062 2794 3120 hominis
2834 3074 2940 3115 non
2986 3056 3214 3127 produci
3243 3069 3370 3109 cum
3406 3051 3551 3107 divi-

1923 3162 2125 3217 tiarum
2185 3158 2547 3226 abundantia,
2587 3156 2655 3212 ad
2706 3152 3192 3221 conﬁrmationem
3227 3147 3350 3219 ejus
3388 3144 3551 3204 aﬂ'ert

1853 3283 1901 3346 ο
1932 3255 2098 3311 etiam
2152 3252 2467 3326 parabolam
2505 3269 2519 3305 :
2551 3259 2608 3305 et
2650 3249 2772 3304 vide
2794 3247 3075 3318 quomodo
3096 3242 3363 3299 deseribit
3386 3239 3550 3297 nobis

1933 3348 2277 3406 insatiabiles
2296 3345 2447 3403 stulti
2476 3343 2662 3400 divitis
2693 3341 3080 3412 c0gitationes.
3115 3339 3261 3395 Deus
3283 3337 3429 3393 enim
3451 3348 3549 3392 sua

1931 3442 2192 3509 faciebat,
2252 3450 2308 3497 et
2365 3438 2585 3495 solitam
2621 3434 2948 3493 ostendebat
2992 3431 3456 3497 misericordiam,
3486 3435 3551 3485 ut

1931 3549 2043 3591 non
2101 3550 2246 3590 unus
2306 3540 2521 3588 tantum
2591 3529 2778 3586 divitis
2830 3527 3059 3601 agellus,
3111 3526 3208 3583 sed
3242 3535 3355 3582 tota
3399 3523 3552 3596 regio

1931 3626 2131 3682 uberes
2154 3625 2231 3681 illi
2266 3624 2481 3681 fructus
2531 3622 2752 3680 afferret
2788 3639 2802 3677 :
2839 3636 3033 3677 verum
3091 3620 3181 3677 hic
3219 3628 3331 3674 tam
3369 3616 3554 3672 immi-

1929 3720 2169 3775 sericors
2205 3727 2345 3785 erat,
2376 3728 2436 3773 ut
2472 3727 2768 3787 antequam
2804 3716 3076 3785 reciperet
3107 3729 3195 3779 ea,
3236 3713 3551 3769 clauderet.

1930 3813 2068 3869 Vide
2097 3812 2228 3868 item
2278 3821 2341 3877 ,et
2372 3810 2557 3868 divitis
2602 3810 2931 3881 voluptates.
2965 3807 3106 3876 Quid
3142 3806 3382 3864 faciam?
3406 3805 3552 3862 Neu-

1932 3907 2138 3978 tiquam
2198 3922 2406 3975 pauper
2456 3907 2531 3963 ita
2580 3906 2923 3977 loqueretur,
2960 3903 3095 3975 quid
3142 3902 3369 3967 faciam,
3421 3901 3551 3971 quia

1931 4017 2039 4057 non
2101 4001 2280 4058 habeo
2314 4002 2590 4072 quomodo
2637 3999 2858 4068 induar,
2908 3999 3187 4072 quomodo
3231 3998 3388 4055 alar?
3420 3996 3555 4055 Vide

1931 4104 2117 4151 autem
2141 4104 2197 4152 et
2226 4096 2417 4151 divitis
2436 4110 2640 4152 voces:
2664 4094 2809 4162 Quid
2840 4094 3063 4160 faciam,
3088 4093 3216 4167 quia
3244 4110 3353 4149 non
3378 4092 3554 4150 habeo

1933 4190 2023 4244 ubi
2077 4203 2404 4260 congregem
2460 4188 2675 4243 fructus
2733 4187 2933 4245 meos?
2986 4186 3137 4244 Bona
3189 4187 3411 4257 quidem
3468 4195 3555 4243 est

1932 4283 2110 4352 quies.
2146 4282 2431 4353 Siquidem
2469 4292 2523 4337 et
2546 4296 2752 4354 pauper
2784 4280 2955 4337 dicit:
2991 4280 3133 4349 Quid
3164 4278 3387 4346 faciam,
3421 4277 3552 4350 quia

1934 4389 2042 4429 non
2077 4374 2252 4429 habeo
2282 4374 2305 4427 ?
2348 4383 2407 4429 et
2455 4374 2609 4429 dives
2641 4373 2775 4429 dicit
2804 4391 2817 4427 :
2855 4371 2997 4440 Quid
3042 4370 3243 4427 faciam
3277 4370 3406 4441 quia
3443 4383 3550 4425 non

1937 4467 2111 4523 habeo
2143 4467 2166 4521 ?
2197 4466 2337 4534 Quid
2398 4466 2570 4539 igitur
2626 4466 2907 4521 lucramur
2961 4480 3030 4521 ex
3092 4479 3159 4520 eo
3204 4465 3349 4535 quod
3397 4463 3553 4534 plura

1938 4558 2383 4632 congregamus?
2437 4557 2692 4626 Quietem
2748 4557 2896 4614 enim
2962 4571 3069 4612 non
3123 4556 3437 4623 lucramur,
3497 4562 3555 4609 et

210 4632 329 4687 Kal.
359 4632 524 4703 δῆλον
550 4634 658 4687 ἀπὸ
697 4633 809 4687 τῶν
865 4636 1189 4706 φροντίδων,
1219 4635 1509 4711 ἁμαρτιῶν
1553 4639 1610 4693 δὲ
1663 4640 1817 4711 μόνον

1942 4650 2295 4706 manifestum
2343 4650 2420 4714 id,
2456 4651 2602 4719 quod
2635 4665 2664 4704 a
2717 4650 2909 4706 curis:
2956 4660 3166 4706 tantum
3202 4660 3387 4707 autem
3424 4665 3554 4722 pec-

212 4726 425 4798 πλῆθος
476 4728 695 4793 ἑαυτοῖς
748 4729 1189 4801 ὲπισωρεύομεν.
1259 4731 1491 4786 Καθελῶ
1558 4750 1662 4803 μου
1727 4734 1827 4800 τὰς

213 4824 534 4894 ἀποθήκας,
571 4824 668 4878 καὶ
697 4823 957 4897 μείζονας
986 4828 1353 4901 οἰκοδομήσω.
1421 4831 1547 4886 Ἐάν
1572 4832 1629 4885 δὲ
1664 4831 1829 4887 πλέον

214 4917 506 4990 εὐφορήσῃ
537 4918 619 4980 εἰς
640 4918 699 4973 τὸ
743 4919 1000 4989 μέλλονή
1035 4919 1213 4993 χώρα,
1248 4924 1413 4978 πάλιν
1442 4925 1827 4999 καθαιρήσεις,

219 5011 320 5063 καὶ
358 5010 524 5064 πάλιν
561 5012 965 5084 οἰκοδομήσεις·
995 5018 1091 5069 καὶ
1122 5016 1206 5081 τίς
1233 5018 1391 5089 χρεία
1415 5020 1704 5091 καθαιρεῖν
1734 5022 1831 5077 καὶ

214 5102 566 5175 οἰκοδομείν;
614 5106 802 5177 Ἔχεις
846 5107 1137 5185 ἀποθήκας
1171 5110 1283 5165 τῶν
1326 5113 1562 5185 πτωχῶν
1591 5114 1691 5179 τὰς
1726 5131 1830 5184 γα·

218 5198 448 5271 στέρας,
479 5198 653 5255 πολλά
684 5200 995 5273 δυναμένας
1049 5182 1270 5274 χωρεῖν,
1316 5206 1410 5259 καὶ
1450 5182 1831 5271 ἀκαταλύτους

217 5294 318 5346 καὶ
347 5294 696 5365 ἀφθάρτους·
730 5297 979 5366 οὐράνιοι
1038 5297 1147 5368 γάρ
1180 5301 1287 5351 είσι
1322 5302 1420 5353 καὶ
1466 5300 1633 5371 θεῖαι,
1671 5300 1835 5373 εἴπερ

217 5388 248 5439 6
279 5386 497 5456 τρέφων
522 5389 757 5460 πένητα,
784 5390 919 5445 Θεὸν
948 5390 1164 5462 τρέφει.
1222 5392 1367 5464 Ὅρα
1399 5392 1457 5445 δὲ
1513 5394 1605 5447 καὶ
1644 5393 1835 5465 ἕτερον

218 5482 477 5551 ἀνόητον.
511 5484 593 5536 Τά
624 5487 951 5558 γεννήματά
981 5505 1109 5558 μου,
1141 5486 1236 5541 καὶ
1287 5486 1357 5540 τὰ
1388 5488 1572 5555 ἀγαθά
1599 5506 1725 5559 μου.
1758 5490 1834 5543 Οὐ

219 5578 333 5647 γάρ
356 5577 579 5647 ἐνόμιζε
608 5581 781 5636 ταῦτα
807 5582 955 5653 ἔχειν
979 5584 1043 5637 ὲκ
1073 5583 1237 5650 Θεοῦ,
1261 5584 1293 5655 ἢ
1324 5589 1434 5653 γάρ
1458 5584 1547 5649 ἂν,
1591 5586 1666 5648 ὡς
1698 5586 1836 5640 Θεοῦ

224 5674 541 5745 οἰκονόμος,
577 5676 709 5744 περί
731 5676 908 5731 ταῦτα
938 5677 1196 5732 διέκειτο.
1232 5678 1373 5731 ’Ἀλλ’
1400 5681 1621 5733 οἰκείων
1659 5679 1837 5733 πόνων

224 5770 551 5839 γεννήματα
571 5768 746 5822 ταῦτα
768 5770 928 5841 ᾤετο,
978 5771 1059 5825 διὸ
1090 5771 1186 5826 καὶ
1223 5773 1405 5843 ἑαυτῷ
1440 5773 1615 5826 ταῦτα
1646 5791 1839 5845 σφετε-

230 5863 542 5933 ριζόμενος,
576 5863 657 5917 Τὰ
709 5866 1165 5935 γεννήματάημου
1214 5867 1309 5919 καὶ
1339 5867 1407 5921 τὰ
1466 5868 1647 5937 ἀγαθά
1708 5887 1833 5939 μου,

226 5954 421 6025 ὕλεγεν
459 5976 473 5988 ο
528 5956 717 6011 οὐδένα
748 5958 878 6028 γὰρ,
918 5962 1107 6031 φησιν,
1156 5958 1267 6031 ἔχω
1316 5963 1595 6029 κοινωνὸν,
1646 5962 1837 6018 οὐδένα

1936 4749 2188 4799 catorum
2252 4741 2656 4797 multitudinem
2732 4741 2891 4798 nobis
2949 4741 3384 4798 accumulamus.
3444 4741 3550 4799 De-

1938 4846 2149 4893 struam
2202 4837 2397 4892 horrea
2420 4851 2565 4903 mea,
2616 4846 2672 4892 et
2709 4835 2916 4901 majora
2951 4847 3234 4891 exstruam
3272 4853 3284 4887 :
3318 4834 3463 4908 quod
3496 4836 3544 4891 si

1939 4931 2093 5002 regio
2138 4930 2323 5001 plures
2375 4929 2427 4984 iu
2476 4939 2758 4998 posterum
2812 4928 3025 4985 fructus
3054 4928 3322 4994 attulerit,
3354 4929 3554 4985 iterum

1938 5025 2031 5082 illa
2076 5026 2350 5091 destrues,
2382 5033 2437 5079 et
2464 5024 2589 5078 .alia
2628 5022 2949 5080 mtliﬁcabis.
2980 5023 3046 5078 Et
3070 5038 3193 5094 qua:
3222 5023 3430 5078 utilitas
3459 5022 3557 5077 de-

1937 5121 2188 5178 struendi
2246 5118 2698 5175 etexstruendi?
2741 5116 2926 5174 Habes
2976 5118 3200 5183 horrea,
3246 5131 3553 5192 pauperum

1938 5223 2182 5282 ventres,
2212 5229 2335 5284 qua:
2369 5212 2538 5268 multa
2587 5226 2787 5283 capere
2830 5219 3077 5281 possunt,
3105 5224 3338 5281 quaeque
3370 5209 3560 5267 incor-

1940 5307 2219 5380 ruptibilia
2278 5315 2455 5363 sunt:
2492 5304 2749 5367 caelestia
2809 5304 2957 5359 enim
3017 5313 3168 5369 sunt,
3203 5312 3259 5359 et
3314 5302 3502 5381 divina
3535 5341 3553 5358 .

1940 5399 2390 5472 quandoquidem
2447 5397 2541 5467 qui
2597 5396 2774 5467 pascit
2797 5410 3116 5465 pauperem,
3150 5393 3321 5449 Deum
3355 5394 3555 5465 pascit.

1941 5492 2079 5549 Vide
2120 5474 2250 5548 item
2282 5500 2338 5546 et
2369 5490 2533 5546 aliam
2588 5488 2983 5556 insipidntiatn.
3036 5487 3343 5543 Proventns
3375 5502 3554 5555 meos,

1941 5584 2047 5639 hoc
2113 5594 2199 5638 est
2246 5596 2370 5653 quae
2443 5580 2577 5636 mihi
2638 5589 2765 5634 nata
2816 5590 2964 5647 sunt,
2999 5588 3056 5635 et
3086 5581 3228 5634 bona
3263 5594 3403 5636 mea.
3435 5576 3555 5634 Non

1941 5679 2087 5733 enim
2154 5678 2381 5747 putabat
2433 5674 2553 5730 haec
2602 5687 2663 5730 se
2708 5673 2913 5729 habere
2936 5688 3002 5729 ex
3041 5672 3175 5738 Deo,
3211 5673 3448 5743 alioquin
3495 5680 3559 5729 ut

1943 5772 2291 5841 dispensator
2342 5769 2435 5825 Dei
2486 5768 2648 5825 aliter
2696 5767 2813 5823 haec
2855 5767 3220 5838 disposuisset
3255 5785 3267 5819 :
3307 5776 3405 5823 scd
3440 5766 3558 5822 suis

1944 5866 2225 5921 laboribus
2271 5873 2426 5936 parta
2488 5863 2734 5934 putabat,
2776 5861 2982 5918 idcirco
3018 5869 3070 5916 ct
3097 5859 3199 5917 silli
3231 5859 3345 5917 haec
3375 5859 3556 5915 tribuo

1946 5978 2065 6030 cus,
2109 5960 2246 6016 bona
2281 5974 2378 6014 sua
2412 5968 2462 6015 ct
2518 5957 2620 6014 sibi
2658 5966 2781 6013 nata
2822 5955 3056 6022 diccbat,
3098 5956 3254 6027 quasi
3288 5953 3491 6011 tlicerct
3536 5970 3558 6009 :
