4030 6408
515 417 620 482 887

1435 407 2015 474 THEOPHYLACTI
2061 405 2401 466 BULGARI
2520 407 2563 463 Α
2576 406 2879 467 RClliEl’.

3701 399 3807 463 883

514 535 730 594 Nullum
799 534 971 591 habeo
1031 529 1256 595 socium,
1315 528 1522 584 nullum
1582 527 1870 583 divisorem
1919 524 2097 579 facit):

2219 520 2483 591 μεριστὴν
2522 517 2807 588 ποιοῦμαι,
2872 519 2930 570 οὐ
2973 515 3066 569 τοῦ
3103 515 3238 569 Θεοῦ
3290 516 3452 581 εἰσιν,
3507 512 3626 568 ἀλλ’
3675 515 3808 585 ἐμὲ,

514 648 623 688 non
682 630 774 686 Dei
809 637 955 694 sunt,
991 625 1082 681 sed
1144 639 1264 680 mea
1300 644 1313 680 :
1347 624 1495 680 solus
1555 623 1719 692 igitur
1748 621 1922 683 fruar,
1955 629 2010 674 et
2035 619 2100 672 ad

519 723 828 778 iruitionem
863 719 1075 774 illorbm
1103 716 1271 774 Deum
1297 732 1400 771 non
1426 729 1722 770 assumam.
1754 710 1890 778 Quia
1918 719 2100 765 autem

519 817 617 869 ista
665 812 852 876 stulta,
910 811 1190 866 videamus
1249 818 1303 864 et
1368 808 1594 876 reliqua.
1651 806 1887 869 Anima,
1934 805 2101 860 habes

520 903 688 958 multa
722 904 860 958 bona
910 902 1142 972 reposita
1180 901 1232 955 in
1275 899 1473 954 inultos
1501 913 1694 954 annos.
1735 897 1972 962 Longam
2001 895 2098 951 sibi

517 993 807 1060 praestituit
853 993 1040 1056 vitam,
1087 992 1239 1061 quasi
1297 1001 1352 1045 et
1402 990 1570 1055 illam,
1614 997 1816 1044 terram
1876 987 2103 1043 colendo

514 1085 840 1139 excoluisset
871 1101 884 1138 :
913 1099 1015 1138 non
1040 1084 1182 1137 enim
1219 1093 1273 1136 et
1301 1083 1388 1138 illa
1434 1083 1528 1138 tibi
1555 1082 1680 1136 inde
1710 1090 1833 1134 nata
1869 1087 1975 1144 est,
2007 1094 2102 1134 nc-

514 1192 620 1246 qne
653 1176 751 1229 hoc
781 1185 926 1230 tuum
959 1176 1118 1247 371
1156 1178 1375 1230 bonum.
1423 1173 1680 1239 Comede,
1719 1172 1860 1236 bibe,
1895 1172 2097 1226 laetare.

515 1268 662 1335 Euge
678 1268 856 1336 qualia
885 1269 1077 1321 anima:
1108 1268 1262 1321 bona:
1289 1265 1602 1320 affectiones
1628 1282 1640 1318 :
1673 1280 1792 1318 nam
1819 1265 2102 1318 comedere

515 1367 570 1411 et
600 1358 818 1423 bibere,
886 1357 1214 1411 irrationalis
1267 1359 1459 1411 anima:
1519 1359 1718 1413 bonum
1746 1366 1828 1412 est
1878 1376 1890 1410 :
1941 1356 2102 1425 igitur

517 1463 641 1502 cum
684 1448 847 1502 etiam
876 1447 990 1518 ipse
1025 1447 1181 1501 talen.
1234 1449 1468 1501 animam
1500 1447 1725 1503 sortitus
1775 1447 1868 1512 sis,
1909 1447 2117 1500 meritu-

519 1542 595 1596 illi
621 1542 734 1596 hzec
783 1543 995 1596 tribuis.
1032 1541 1334 1596 Rationalis
1366 1557 1494 1596 vero
1528 1543 1722 1596 animm
1762 1543 1962 1594 bonum
1995 1549 2099 1604 est,

519 1635 836 1704 intelligere,
875 1635 1212 1700 ratiocinari,
1245 1635 1416 1691 laetari
1472 1635 1524 1690 in
1569 1634 1684 1706 lege
1729 1635 1818 1690 Dei
1852 1644 1905 1688 et
1948 1634 2102 1687 bonis

519 1729 951 1801 cogitationibus.
1004 1729 1120 1784 Non
1169 1729 1366 1785 sufﬁcit
1396 1738 1573 1784 autem
1616 1729 1707 1784 tibi
1740 1738 1794 1783 et
1820 1728 2104 1784 comedere

518 1831 572 1876 et
610 1822 815 1889 bibere,
855 1839 888 1878 o
920 1822 1105 1885 stulte,
1167 1821 1260 1877 sed
1296 1831 1351 1876 et
1409 1820 1828 1876 abominabilem
1865 1819 2103 1888 volupta-

2214 612 2376 682 μόνος
2423 611 2515 665 οὖν
2557 609 2898 665 ἀπολαύσω’
2957 609 3017 660 ού
3076 607 3169 660 τὸν
3227 606 3361 660 Θεὸν
3414 605 3811 676 προσλήψομαι

2211 707 2293 768 είς
2323 704 2424 774 τὴν
2477 703 2688 757 τούτων
2742 702 3067 756 ἀπόλαυσιν.
3101 699 3254 752 Ἐπεὶ
3305 699 3360 751 δὲ
3410 698 3589 751 ταῦτα
3642 697 3808 750 αὑτοῦ

2211 799 2439 868 ἀνόητα,
2495 797 2696 867 ἴδωμεν
2756 795 2851 848 καὶ
2913 795 2983 847 τὰ
3025 793 3175 863 ἑξῆς.
3212 793 3396 862 Ψυχὴ,
3435 792 3586 860 ἔχεις
3637 791 3807 844 πολλὰ

2210 890 2395 960 ἀγα.θά
2425 890 2658 959 κείμενα
2690 891 2768 950 εἰς
2825 888 2918 958 ἔτη
2948 887 3144 939 πολλά.
3179 886 3372 953 Μῆκος
3406 885 3590 952 ἐαυτῷ
3628 885 3804 954 ὁρίζει

2212 984 2379 1050 ζωῆς,
2411 983 2599 1052 ὥσπερ
2625 984 2722 1035 καὶ
2753 980 2910 1033 τοῦτο
2951 981 3014 1032 ἐκ
3046 978 3149 1048 γῆς
3171 977 3500 1046 γεωργήσας
3529 993 3541 1004 ο
3581 978 3655 1045 μὴ
3699 975 3807 1046 γὰρ

2152 1087 2158 1098 “
2214 1077 2308 1130 καὶ
2340 1076 2499 1128 τοῦτο
2524 1075 2769 1144 γέννημα
2791 1073 2904 1137 σὺν,
2929 1072 3003 1141 μὴ
3021 1069 3129 1140 γὰρ
3159 1071 3250 1123 καὶ
3276 1068 3432 1121 τοῦτο
3454 1067 3663 1134 ἀγαθον
3689 1067 3805 1119 σόν.

2211 1170 2377 1236 Φάγε,
2407 1168 2520 1232 πίε,
2555 1166 2873 1234 εὐφραίνου.
2914 1159 3054 1231 Εὖγε
3080 1163 3188 1215 τῶν
3219 1162 3440 1230 ἀγαθῶν
3473 1161 3571 1229 τῆς
3604 1160 3804 1228 601?;-

2211 1262 2272 1314 τὸ
2299 1261 2406 1332 γὰρ
2453 1264 2650 1329 φαγεῖν
2684 1260 2776 1311 καὶ
2806 1257 2866 1308 τὸ
2913 1259 3080 1319 πιεῖν,
3122 1257 3319 1323 ἀλόγου
3355 1255 3533 1324 ψυχῆς
3577 1252 3806 1320 ἀγαθόν·

2213 1355 2471 1423 τοιαύτην
2500 1353 2592 1407 οὖν
2645 1351 2784 1422 ἔχων
2812 1353 2903 1404 καὶ
2933 1350 3095 1414 αὐτὸς
3134 1350 3335 1420 ψυχὴν,
3391 1349 3618 1408 εἰκότως
3669 1347 3810 1414 αὐτῇ

2212 1447 2385 1502 ταῦτα
2446 1445 2872 1518 προσανατίθης.
2935 1444 3180 1513 Λογικῆς
3228 1442 3284 1496 δὲ
3334 1441 3516 1510 ψυχῆς
3565 1439 3809 1502 ἀγαθον,

2214 1543 2426 1612 νοῆσαι,
2483 1540 2827 1608 λογίσασθαι,
2886 1536 3262 1609 εὐφρανθῆναι
3298 1536 3447 1605 νόμῳ
3508 1531 3646 1586 Θεοῦ
3718 1532 3814 1584 καὶ

2211 1635 2577 1705 διανοήμασιν
2629 1631 2875 1700 ἀγαθοῖς.
2913 1632 3028 1684 Οὐκ
3060 1631 3222 1700 ἀρκεῖ
3259 1628 3315 1682 δέ
3372 1645 3453 1680 σοι
3497 1627 3558 1678 τὸ
3616 1629 3813 1694 φαγεῖν

2217 1730 2306 1781 καὶ
2341 1730 2508 1791 πιεῖν,
2541 1719 2585 1780 ὦ
2626 1727 2822 1796 ἄφρον,
2859 1725 2993 1778 ἀλλά
3029 1724 3126 1778 καὶ
3176 1723 3274 1794 τὴν
3332 1718 3814 1774 ἐπακολουθοῦσαν

2212 1825 2426 1884 τούτοις
2467 1822 2758 1892 αἰσχίστην
2808 1821 2902 1872 καὶ
2954 1817 3204 1889 μυσαράν
3255 1815 3448 1886 ἡδονὴν
3501 1812 3818 1873 ἐπιτάττεις

520 1925 624 1970 tem
652 1925 706 1969 et
743 1914 1133 1984 turpissimam,
1180 1927 1301 1983 quin
1334 1914 1475 1968 hanc
1503 1913 1878 1982 consequitur,
1912 1912 2105 1965 animae

2219 1921 2274 1990 τῇ
2294 1919 2472 1988 eum;
2499 1917 2776 1986 Εὐφήμως
2800 1915 2908 1986 γάρ
2935 1916 2961 1967 6
2983 1911 3186 1983 Κύριος
3213 1909 3298 1964 διὰ
3328 1907 3446 1971 τοῦ,
3473 1905 3816 1975 Εὐφραίνου,

519 2010 793 2078 imperas?
852 2009 1011 2064 Clare
1051 2012 1194 2065 enim
1231 2008 1492 2064 Dominus
1532 2023 1627 2078 per
1656 2009 1759 2064 hoc
1783 2006 1925 2078 quod
1949 2006 2100 2072 dicit,

522 2102 748 2168 Laetare,
772 2102 1089 2159 aﬂ‘ectiones
1127 2103 1420 2158 declaravit
1451 2101 1768 2157 libidinosas
1821 2109 1875 2155 et
1905 2102 2103 2154 intem-

518 2205 756 2264 peratas,
786 2210 906 2266 quas
943 2196 1247 2251 satietatem
1296 2176 1541 2272 ciborum
1587 2206 1642 2250 et
1685 2205 1908 2265 potuum
1939 2193 2106 2248 comi-

513 2296 724 2343 tantur.
779 2287 924 2343 Dixit
971 2296 1151 2344 autem
1207 2287 1257 2343 ei
1311 2287 1451 2343 Deus
1493 2287 1733 2354 :Stultc,
1788 2288 1891 2342 hac
1948 2296 2109 2342 nocte

525 2382 761 2435 animam
798 2391 944 2436 tuam
978 2389 1243 2452 repetent.
1281 2381 1397 2437 Non
1429 2382 1530 2437 hoc
1557 2382 1754 2439 dicitur
1785 2383 1936 2452 quasi
1967 2381 2108 2436 Deus

525 2471 794 2549 familiare
850 2474 1178 2543 colloquium
1231 2475 1428 2529 habeat
1466 2489 1587 2529 cum
1622 2475 1812 2540 divite,
1868 2473 2013 2527 Dixit
2057 2474 2106 2529 ei

523 2567 704 2635 Deus;
735 2569 828 2624 sed
856 2583 1076 2624 sensum
1110 2569 1255 2622 hunc
1280 2568 1442 2622 habet
1464 2566 1606 2636 quod
1639 2567 1792 2633 dicit,
1825 2567 1960 2622 Cum
1996 2567 2118 2622 haec

520 2662 609 2717 ille
632 2662 685 2716 in
719 2669 901 2717 mente
932 2661 1174 2726 haberet,
1214 2661 1350 2716 dixit
1378 2663 1518 2717 Deus
1555 2663 1798 2733 (tingitur
1820 2663 1968 2717 enim
1995 2662 2110 2718 haec

533 2755 810 2825 parabola)
841 2771 854 2809 :
884 2754 1078 2809 Stulte.
1114 2753 1350 2809 Stultum
1411 2755 1575 2825 igitur
1626 2755 1779 2811 illum
1838 2766 2014 2822 vocat,
2054 2767 2114 2811 ut

522 2847 614 2917 qui
663 2861 884 2917 prorsus
911 2845 1114 2901 insulsa
1157 2847 1375 2918 cogitet,
1442 2848 1898 2918 quemadmodum
1933 2849 2112 2905 decla-

525 2939 787 2994 ravimus.
819 2937 1082 3008 lusipiens
1115 2940 1258 2994 enim
1281 2947 1364 2993 est
1391 2949 1443 2994 et
1469 2955 1642 2995 vanus
1669 2942 1848 2996 omnis
1875 2941 1964 3011 qui
1994 2941 2114 2997 talis

521 3041 627 3096 est,
679 3032 821 3088 sicut
855 3041 910 3086 et
940 3030 1106 3086 David
1142 3032 1275 3086 dicit
1308 3049 1321 3086 :
1353 3029 1502 3088 Vane
1529 3033 1707 3089 omnis
1742 3034 1924 3094 homo,
1957 3035 2026 3100 ",
2060 3044 2114 3090 et

521 3139 685 3179 causa
726 3131 808 3179 est
839 3143 851 3179 :
878 3123 1213 3178 thesaurizat
1254 3133 1310 3178 et
1358 3124 1529 3178 nescit
1571 3125 1656 3179 cui
1703 3138 1991 3197 congreget
2023 3142 2108 3184 ea.

2209 2011 2278 2066 τά
2302 2010 2679 2078 ἀσελγέστατα
2711 2006 2860 2079 πάθη
2890 2006 3185 2078 ἐδήλωσεν,
3217 2004 3252 2058 ἀ
3279 2005 3346 2074 τῇ
3387 2001 3676 2070 πλησμονῇ
3708 1997 3818 2048 τῶν

2213 2102 2522 2176 βρωμάτων
2559 2101 2654 2154 καὶ
2707 2099 2972 2170 πομάτων
3024 2097 3356 2167 παρέπεται.
3411 2091 3542 2146 Εἶπε
3578 2093 3634 2143 δὲ
3668 2088 3819 2159 αὐτῷ

2211 2201 2238 2251 6
2265 2196 2399 2260 Θεός
2419 2213 2431 2226 ·
2462 2197 2691 2266 Ἀφρον,
2719 2193 2889 2266 ταύτῃ
2915 2195 2980 2264 τῇ
3003 2192 3162 2244 νυκτὶ
3189 2190 3286 2261 τὴν
3309 2189 3488 2259 ψυχήν
3527 2204 3621 2239 σου
3651 2186 3822 2238 ἀπαι-

2214 2291 2402 2346 τοῦσιν
2432 2290 2542 2344 ἀπὸ
2588 2288 2704 2342 σοῦ.
2740 2290 2851 2358 Οὐχ
2883 2287 2958 2351 ob;
2988 2286 3080 2340 τοῦ
3118 2284 3253 2339 Θεοῦ
3280 2285 3356 2353 τῷ
3394 2279 3642 2350 πλουσίῳ
3689 2281 3818 2348 ὁμι-

2218 2385 2486 2455 λήσαντος
2543 2384 2766 2452 λέγεται
2800 2383 2861 2435 τὸ
2887 2423 2902 2447 ,
2931 2377 3068 2435 Εἷπε
3124 2380 3180 2433 δὲ
3230 2377 3380 2449 αὐτῷ
3407 2379 3434 2430 6
3465 2375 3625 2440 Θεὸς,
3682 2372 3822 2426 ἀλλά

2213 2477 2457 2533 τοιοῦτόν
2483 2495 2534 2531 τι
2567 2477 2736 2544 λέγει,
2783 2478 2863 2530 ὅτι
2893 2475 3069 2529 ταῦτα
3101 2473 3157 2526 δὲ
3192 2470 3357 2526 αὐτοῦ
3379 2467 3820 2538 ἐνθυμουμένου,

2213 2570 2368 2626 εἶπεν
2412 2572 2440 2624 6
2479 2570 2612 2634 Θεὸς
2654 2570 2976 2639 (πλάττεται
3014 2567 3122 2638 γάρ
3161 2565 3334 2618 ταῦτα
3377 2565 3410 2632 ὴ
3459 2559 3774 2630 παραϐολή)
3803 2575 3816 2588 ·

2213 2664 2441 2736 Ἀφρον.
2480 2665 2731 2734 Ἀφρονα
2770 2663 2866 2733 μὲν
2895 2656 2987 2714 οὖν
3023 2659 3187 2713 αὑτὸν
3216 2656 3494 2727 ὀνομάζει,
3521 2654 3598 2718 ὡς
3639 2654 3822 2722 πάντη

2215 2757 2421 2827 ἀνόητα
2443 2754 2899 2826 βουλευσάμενον,
2918 2750 3061 2806 καθά
3083 2750 3148 2821 δὴ
3175 2749 3564 2818 ἀπεδείξαμεν.
3591 2746 3822 2815 ’Ἄφρων

2217 2849 2325 2920 γὰρ
2349 2851 2445 2902 καὶ
2480 2850 2709 2919 μάταιος
2734 2849 2839 2910 πᾶς
2861 2844 3128 2909 τοιοῦτος,
3153 2841 3298 2896 καθά
3329 2842 3426 2895 καὶ
3455 2838 3621 2892 Δαυῒδ
3645 2837 3818 2906 λέγει’

2217 2945 2412 3013 Μάτην
2441 2945 2549 3006 πᾶς
2584 2942 2877 3012 ἄνθρωπος
2901 2958 2913 2970 ·
2950 2939 3046 2993 καὶ
3075 2939 3110 3008 ἡ
3141 2939 3312 3002 αίτία,
3348 2933 3680 3006 θησαυρίζει
3725 2933 3822 2985 καὶ

2216 3042 2276 3093 οὑ
2307 3039 2569 3109 γινώσκει
2600 3039 2706 3091 τίνι
2748 3037 2969 3104 συνάξει
2998 3035 3141 3090 αὐτά
3162 3051 3174 3063 ⁵
3202 3034 3319 3096 πῶς
3346 3033 3456 3104 γὰρ
3479 3032 3580 3085 οὐκ
3605 3031 3822 3100 ἄφρων,

2217 3134 2245 3186 ὁ
2284 3133 2359 3205 μὴ
2393 3132 2555 3202 γνοὺς
2584 3133 2664 3186 ὄτι
2697 3130 2844 3200 ζωῆς
2874 3130 3051 3201 μέτρα
3080 3126 3234 3198 παρά
3267 3127 3413 3198 μόνῳ
3443 3123 3521 3194 τῷ
3552 3123 3698 3192 Θεῷ,
3729 3131 3827 3177 και

522 3215 659 3272 Nam
688 3231 795 3286 quo
826 3225 985 3287 pacto
1020 3231 1128 3270 non
1151 3225 1233 3270 est
1284 3215 1569 3284 insipiens,
1602 3217 1695 3286 qui
1727 3217 1940 3286 ignorat
1969 3219 2111 3288 quod

2219 3226 2320 3278 οὐκ
2363 3226 2525 3288 αὑτός
2579 3241 2666 3286 τις
2721 3223 2954 3287 ἕκαστος
3009 3220 3188 3291 ἑαυτῷ
3240 3217 3466 3291 ὁριστὴς
3500 3217 3602 3282 τῆς
3638 3216 3822 3286 ζωῆς,

527 3309 651 3364 vita:
683 3325 937 3364 mensura
959 3308 1097 3378 apud
1126 3307 1299 3363 solum
1341 3309 1530 3376 Deum,
1563 3324 1662 3365 nec
1687 3309 1789 3366 sibi
1822 3311 2111 3380 quisquam

532 3416 686 3458 suam
739 3401 906 3458 vitam
958 3399 1183 3457 deﬁnire
1232 3401 1449 3471 possit?
1481 3401 1722 3457 Observa
1748 3402 1875 3456 item
1904 3413 1958 3458 et
1986 3417 2112 3456 ver-

527 3497 677 3563 bum,
735 3493 1024 3566 Repetent.
1085 3495 1274 3566 Angeli
1316 3496 1461 3548 enim
1519 3496 1660 3550 sicut
1700 3495 1950 3551 crudeles
2013 3495 2112 3548 tri-

527 3593 778 3645 butorum
840 3597 1121 3644 exactores
1181 3597 1235 3641 et
1291 3588 1582 3653 terribiles,
1650 3598 1795 3642 tuam
1867 3597 2116 3657 repetent

527 3683 786 3746 animam,
821 3694 872 3736 te
924 3682 1087 3736 etiam
1125 3680 1315 3746 invito,
1358 3689 1543 3749 utpote
1563 3691 1782 3751 propter
1809 3680 1933 3734 vita:
1973 3695 2114 3750 pra:-

527 3773 1064 3827 sentisimmodicum
1093 3787 1354 3836 amorem,
1391 3772 1724 3827 obluctante.
1755 3773 1890 3826 Nam
1920 3774 2115 3842 ajusto

531 3883 634 3922 non
694 3869 958 3937 repetitur
1003 3868 1204 3930 anima,
1241 3868 1336 3921 sed
1364 3867 1450 3921 ille
1481 3867 1722 3936 gaudens
1753 3876 1806 3922 et
1835 3867 2115 3922 exsultans

528 3962 1004 4014 commendatcam
1039 3960 1147 4015 Deo
1177 3959 1322 4014 Patri
1349 3960 1658 4030 spirituum,
1692 3975 1866 4031 neque
1890 3971 2116 4015 mortem

529 4065 671 4120 argre
702 4051 829 4105 fert.
865 4051 1105 4121 Corpore
1138 4051 1281 4105 enim
1317 4052 1758 4107 circumamictus
1787 4061 1871 4108 est
1897 4062 1956 4106 ut
1989 4068 2119 4108 one-

532 4159 610 4210 re,
662 4143 802 4212 quod
851 4142 1042 4197 leviter
1081 4142 1318 4210 deponit.
1376 4141 1640 4199 Peccator
1695 4159 1822 4200 vero
1859 4146 1953 4215 qui
1999 4147 2118 4200 ani—

534 4251 676 4289 mam
725 4237 883 4307 ‘carni
948 4235 1186 4289 subdidit
1276 4235 1489 4303 corpori
1555 4237 1781 4290 nimium
1869 4237 2116 4307 aﬂ'ectus,

532 4329 694 4384 etiam
727 4329 871 4382 illam
929 4327 1055 4382 fecit
1087 4343 1330 4394 carnem,
1384 4329 1716 4384 indivulsam
1765 4345 1884 4386 eam
1916 4333 2121 4389 habere

531 4421 644 4474 vult
677 4437 688 4473 :
719 4419 922 4474 idcirco
963 4418 1161 4472 dicitur
1205 4417 1272 4470 ab
1319 4433 1385 4473 eo
1431 4420 1683 4487 repetita,
1753 4421 1896 4476 sicut
1931 4423 1998 4478 ab
2046 4423 2122 4478 in-

533 4511 822 4566 obedieute
875 4511 1108 4581 quodam
1139 4511 1384 4567 debitore
1410 4513 1502 4584 qui
1547 4515 1778 4569 traditur
1811 4516 2122 4573 crudelibus

2226 3318 2368 3387 Ὅρα
2392 3317 2448 3370 δὲ
2480 3318 2575 3371 καὶ
2605 3316 2704 3388 τὴν
2728 3315 2876 3382 λέξιν
2905 3313 3022 3382 τοῦ,
3053 3311 3430 3367 Ἀπαιτοῦσιν.
3463 3309 3681 3378 Ὠσπερ
3713 3311 3825 3379 γάρ

2223 3425 2366 3472 τινες
2387 3409 2616 3478 ἀπηνεῖς
2647 3407 2957 3478 φορολόγοι,
2992 3405 3218 3476 φοϐεροὶ
3259 3400 3484 3472 ἄγγελοι
3508 3401 3610 3472 τὴν
3646 3399 3830 3471 ψυχήν

2227 3519 2318 3555 σου
2378 3501 2708 3555 ἀπαιτοῦσιν
2755 3501 3003 3563 ἄκοντος,
3040 3491 3129 3550 οἷα
3175 3496 3266 3551 διὰ
3309 3495 3605 3566 φιλοζωΐαν
3671 3495 3830 3547 ἀντι-

2225 3595 2553 3664 ποιουμένου
2606 3593 2715 3646 τῶν
2765 3591 3041 3646 ἐνταῦθα’
3085 3594 3113 3644 6
3147 3589 3248 3660 μὲν
3298 3590 3406 3660 γὰρ
3457 3588 3674 3648 δίκαιος
3727 3586 3832 3639 οὐκ

2225 3693 2542 3746 ἀπαιτείται
2573 3690 2672 3760 τὴν
2706 3688 2907 3758 ψυχὴν,
2944 3685 3080 3740 ἀλλά
3114 3683 3479 3756 παρατίθεται
3511 3683 3720 3752 ταύτην
3753 3682 3832 3751 τῷ

2225 3783 2346 3854 Θεῷ
2377 3783 2469 3836 καὶ
2502 3783 2678 3852 Πατρὶ
2730 3781 2839 3833 τῶν
2887 3779 3237 3850 πνευμάτων,
3281 3775 3488 3847 χαίρων
3529 3775 3627 3826 καὶ
3658 3775 3831 3842 ἀγαλο

2226 3877 2474 3947 λόμενος,
2508 3877 2602 3930 καὶ
2632 3875 2754 3928 οὐδὲ
2783 3874 3046 3942 δυσφορεῖ
3077 3871 3204 3943 περὶ
3236 3869 3336 3942 τὴν
3371 3870 3661 3924 ἀπόθεσιν·
3700 3867 3829 3921 ὲλα·

2228 3972 2363 4040 φρον
2418 3973 2526 4040 γὰρ
2599 3967 2818 4036 φορτίον
2865 3966 2924 4019 τὸ
2974 3964 3136 4034 σῶμα
3184 3963 3533 4034 περίκειται·
3581 3965 3608 4016 6
3661 3961 3719 4014 δέ
3767 3977 3830 4027 γε

2231 4061 2555 4132 ἁμαρτωλὸς
2593 4058 3033 4130 κατασαρκώσας
3071 4058 3170 4127 τὴν
3203 4058 3404 4128 ψυχὴν,
3441 4058 3538 4111 παλ⁵
3570 4073 3832 4127 προσαυξ-

2233 4154 2617 4228 ματοποιώσας
2649 4153 2838 4222 αὐτὴν,
2876 4152 2969 4205 καὶ
3012 4151 3115 4222 γῆν
3152 4151 3408 4222 ποιήσας,
3461 4151 3830 4203 δυσαποσπάσ

2232 4268 2370 4312 στως
2405 4248 2576 4318 αὐτὴν
2605 4248 2749 4317 ἔχειν
2801 4245 3208 4318 παρεσκεύασε,
3236 4244 3317 4298 διὸ
3347 4245 3442 4298 καὶ
3472 4244 3832 4297 ἀπαιτεῖσθαι

2228 4340 2435 4409 ταύτην
2495 4339 2754 4406 λέγεται,
2830 4335 3023 4406 ὥσπερ
3088 4352 3174 4399 τις
3233 4335 3517 4406 χρεώστης
3592 4332 3833 4402 ἀπειθὴς

2232 4437 2574 4506 πράκτορσιν
2623 4431 2858 4499 ἀπηνέσι
2906 4429 3364 4500 παραδιδόμενος.
3416 4427 3562 4496 Ὅρα
3606 4427 3664 4480 δὲ
3713 4426 3833 4488 πῶς

2231 4530 2332 4581 οὐκ
2361 4522 2544 4580 εἶπεν·
2578 4525 2821 4579 Ἀπαιτῶ
2844 4523 2941 4594 τὴν
2966 4523 3146 4594 ψυχήν
3175 4540 3290 4586 σου,
3317 4521 3455 4589 ἀλλ’,
3479 4520 3830 4574 Ἀπαιτοῦσι·

534 4606 896 4661 exactoribus.
932 4603 1064 4660 Vide
1107 4620 1321 4675 quoque
1355 4606 1496 4673 quod
1542 4621 1646 4661 non
1677 4607 1815 4662 dixit
1851 4627 1862 4662 :
1916 4608 2112 4680 Repetc

2232 4619 2340 4673 τῶν
2390 4617 2618 4671 δικαίων
2647 4614 2754 4686 γάρ
2794 4615 2852 4667 αἱ
2878 4615 3051 4684 ψυχαὶ
3086 4616 3143 4667 ὲν
3186 4614 3334 4684 χειρὶ
3363 4612 3525 4666 Θεοῦ.
3590 4611 3684 4682 Τῷ
3715 4611 3832 4664 ὄντι

535 4698 770 4751 animam
855 4705 1000 4750 tuam
1053 4713 1065 4749 :
1124 4696 1237 4760 sed,
1288 4695 1572 4764 Repetent.
1640 4697 1918 4755 Justorum
1973 4703 2118 4758 enim

535 4790 732 4844 animas
764 4789 816 4843 in
846 4804 1007 4843 manu
1048 4788 1163 4844 Dei.
1209 4788 1272 4841 Et
1300 4772 1544 4858 profecto
1580 4791 1633 4844 in
1690 4804 1847 4850 nocte
1901 4796 1969 4851 ab
2015 4796 2118 4852 hu-

529 4880 768 4953 jusmodi
815 4881 1079 4951 repetitur
1132 4881 1334 4936 anima.
1394 4881 1510 4937 Non
1545 4884 1689 4938 enim
1740 4887 1902 4942 habet
1937 4890 2118 4946 lumen

535 4974 731 5029 divinae
779 4973 1019 5027 scientiae
1058 4973 1160 5027 sibi
1196 4973 1428 5045 fulgens,
1476 4977 1571 5031 sed
1601 4991 1725 5031 cum
1774 4992 1854 5033 est
1878 4981 1928 5034 in
1964 4993 2120 5039 nocte

536 5067 847 5138 cupiditatis
909 5066 1246 5133 divitiarum,
1291 5078 1344 5124 et
1401 5069 1468 5125 ab
1531 5070 1618 5124 illa
1695 5071 2118 5146 obtencbratur,

539 5169 712 5214 morte
754 5161 1254 5229 comprehenditur.
1312 5161 1401 5217 Sic
1456 5163 1645 5234 utique
1702 5166 1898 5222 stultus
1919 5178 1996 5223 est
2029 5172 2119 5240 qui

540 5253 642 5307 sibi
675 5253 1023 5319 tliesaurizal,
1064 5262 1119 5308 et
1150 5255 1410 5325 insipiens
1441 5256 1658 5322 dicitur,
1692 5270 1742 5313 et
1775 5276 1877 5314 non
1912 5263 2122 5330 perficit

543 5344 924 5412 cogitationem
973 5360 1148 5408 suam,
1183 5346 1277 5400 sed
1332 5347 1384 5399 in
1417 5347 1533 5414 ipso
1599 5349 1947 5418 cogitationis
2006 5369 2122 5406 mo-

542 5445 725 5490 mento
765 5452 828 5490 ex
864 5444 973 5490 tota
1019 5438 1128 5492 vita
1157 5438 1514 5495 abscinditur.
1544 5441 1609 5494 At
1633 5443 1674 5496 si
1709 5446 2039 5514 pauperibus
2075 5457 2128 5500 et

541 5527 652 5583 Deo
698 5539 1095 5598 congregasset,
1145 5546 1248 5585 non
1303 5532 1384 5585 sic
1436 5547 1494 5586 se
1536 5534 1834 5601 habuisset,
1873 5553 2126 5593 curemus

543 5623 724 5688 igitur.
753 5633 813 5676 ut
853 5623 1044 5677 divites
1077 5625 1264 5678 fiamus
1312 5626 1364 5679 in
1410 5625 1537 5691 Deo,
1570 5627 1668 5682 hoc
1720 5641 1801 5685 est
1847 5641 1903 5685 ut
1940 5634 1989 5685 in
2037 5632 2125 5688 illo

546 5714 793 5769 ﬁduciam
849 5715 1141 5770 habeamus
1170 5725 1306 5771 etut
1355 5718 1499 5773 illum
1561 5722 1849 5779 habeamus
1914 5725 2124 5778 divitias

618 5896 659 5922 υ
711 5896 850 5948 l’sal.
900 5913 1122 5962 \\.\\I!l,
1167 5898 1248 5951 li.

2228 4709 2322 4767 οὖν
2346 4714 2403 4766 ἐν
2435 4712 2591 4765 νυκτὶ
2638 4711 2957 4764 ἀπαιτεῖται
3004 4708 3106 4779 τὴν
3157 4707 3339 4777 ψυχὴν
3379 4709 3408 4760 6
3440 4704 3704 4768 τοιοῦτος.
3752 4706 3830 4758 Οὐ

2228 4802 2339 4872 γὰρ
2369 4801 2486 4872 ἔχει
2533 4799 2649 4868 φώς
2701 4797 2854 4860 Θείας
2894 4795 3249 4864 ἐπιγνώσεως
3300 4794 3620 4865 ἐπιλάμπον
3653 4793 3829 4864 αὐτῷ,

2229 4893 2346 4948 ἀλλ’
2379 4895 2438 4945 ὲν
2466 4892 2624 4944 νυκτὶ
2658 4888 2759 4960 τῆς
2808 4888 3195 4958 φιλοπλουτίας
3223 4885 3321 4952 ὢν,
3359 4886 3453 4941 καὶ
3485 4887 3592 4940 ὑπὸ
3621 4887 3828 4958 ταύτης

2230 4983 2641 5054 ὲσκοτισμένος,
2688 4981 2904 5052 θανάτῳ
2933 4979 3422 5050 καταλαμῦάνεται
3445 4996 3460 5010 ο
3509 4977 3688 5042 οὕτως
3719 4980 3829 5050 ἀρα

2231 5082 2260 5133 6
2310 5077 2658 5148 θησαυρίζων
2708 5074 2911 5145 ἐαυτῷ,
2963 5074 3156 5142 ἄφρων
3205 5072 3406 5142 δηλαδὴ
3463 5072 3826 5143 καλούμενος,

2234 5172 2328 5225 καὶ
2367 5172 2441 5241 μὴ
2475 5170 2752 5241 περαίνων
2786 5169 2887 5230 τὰς
2943 5165 3110 5220 αὑτοῦ
3163 5165 3382 5236 βουλὰς,
3436 5164 3553 5217 ἀλλ’
3588 5167 3646 5218 ἐν
3679 5165 3827 5235 αὐτῷ

2232 5265 2310 5334 τῷ
2340 5263 2515 5334 καιρῷ
2557 5263 2654 5333 τῆς
2688 5261 2886 5330 βουλῆς
2920 5260 3324 5330 ἐκτεμνόμενος
3373 5258 3511 5321 ὅλως
3551 5258 3645 5312 τοῦ
3683 5259 3820 5328 βίον.

2227 5359 2289 5411 Εἰ
2319 5357 2375 5410 δέ
2408 5375 2470 5424 γε
2498 5358 2611 5418 τοῖς
2669 5353 2864 5424 πένησι
2906 5353 3000 5407 καὶ
3028 5355 3106 5424 τῷ
3140 5352 3258 5422 Θεῷ
3299 5352 3690 5424 ἐθησαύριζεν,
3726 5353 3825 5405 οὐκ

2225 5445 2290 5500 ἂν
2321 5441 2464 5513 εἶχεν
2495 5444 2668 5504 οὕτως
2695 5461 2706 5472 ο
2741 5443 3138 5514 σπουδάσωμεν
3160 5439 3252 5497 οὖν
3273 5445 3351 5505 εἰς
3373 5443 3508 5497 Θεὸν
3543 5444 3818 5507 πλουτεῖν,

2223 5543 2523 5603 τουτέστιν,
2554 5539 2639 5591 ἐπ’
2667 5539 2860 5607 ἐκείνῳ
2884 5557 2946 5590 πε
2965 5539 3227 5600 ποιθέναι,
3259 5539 3355 5590 καὶ
3384 5538 3593 5590 ἐκεῖνον
3622 5539 3820 5607 ἡμέτε-

2227 5651 2319 5703 ρον
2349 5633 2495 5702 ἔχειν
2523 5629 2774 5691 πλοῦτολ,
2799 5630 2892 5681 καὶ
2922 5629 3013 5682 τοῦ
3047 5629 3275 5681 πλούτου
3308 5629 3569 5698 ταμεὶαν,
3601 5629 3696 5680 καὶ
3746 5628 3818 5694 μὴ

2439 5727 2518 5775 ἔτι
2655 5723 2832 5788 ἁπάοα
2870 5739 2990 5789 μου,
3030 5721 3182 5784 ἀλλὰ,
3219 5719 3282 5774 τὲ
3321 5721 3500 5785 tim-9i
3525 5720 3616 5772 τοῦ
3662 5718 3791 5770 (τὴνιῦ

2226 5726 2400 5791 λέγειν
