4030 6404
236 445 345 506 ΗΞ)

964 442 1418 504 ENARRATIO
1459 443 1544 504 IN
1585 441 2098 506 EVANGELIUM
2141 443 2379 506 LUC/E.
2425 469 2494 480 --
2535 444 2697 504 CAP.
2734 444 2878 505 XII.

3479 442 3587 505 890

235 561 287 608 st
320 555 375 609 δὲ
409 556 546 610 Θεοῦ
577 558 719 611 εἰσιν
750 555 955 625 ἀγαθὰ,
992 557 1068 627 μὴ
1119 558 1562 630 ἀποστερῶμεθα
1596 559 1688 612 τὸν
1717 557 1851 612 Θεὸν

1961 570 2181 616 nostras
2213 561 2292 633 (a)
2329 570 2384 617 et
2438 558 2756 616 divitiarum
2795 557 3260 626 dispensatorem.
3298 552 3409 609 Nec
3432 555 3588 608 dica-

232 650 347 702 τ’;ἴ›ν
380 651 602 718 ἀγαθῶν
628 649 798 705 αὑτοῦ
819 667 834 681 ο
870 650 1029 704 τοῦτο
1069 649 1189 704 ἔστι
1217 651 1277 705 τὸ
1303 653 1381 715 είς
1413 652 1548 705 Θεὸν
1573 653 1849 718 πλουτεῖν,

233 743 298 796 τὸ
329 743 615 796 πιστεύειν
647 743 730 796 ὅτι
757 742 852 796 ἐὰν
882 743 1065 796 πάντα
1102 742 1261 796 δώσω
1294 745 1387 797 καὶ
1421 743 1667 811 κενώσω,
1695 743 1852 797 οὐδέν

236 855 331 906 μοι
386 837 496 890 τῶν
546 838 866 904 ἀναγκαίων
935 836 1244 906 ἐπιλείψεισ
1310 840 1536 906 ταμεῖον
1589 837 1697 908 γάρ
1760 855 1850 909 μοι

231 928 345 981 τῶν
398 929 624 996 ἀγαθῶν
670 933 818 984 ἐστιν
866 931 894 983 6
942 929 1106 994 Θεός·
1158 929 1363 998 ἁνοίγω
1438 931 1535 983 καὶ
1590 932 1732 1001 αἴρω
1780 931 1850 984 τὰ

231 1023 497 1093 χρειώδη.

312 1241 330 1272 ι
381 1217 516 1274 Eine
545 1222 601 1276 δὲ
636 1222 776 1294 πρὸς
828 1225 955 1286 τοὺς
989 1223 1243 1295 μαθητὰς
1297 1222 1465 1276 αὑτοῦ
1490 1240 1502 1254 ·
1558 1221 1658 1275 Διὰ
1690 1221 1850 1276 τοῦτο

231 1315 364 1381 ὑμῖν
396 1315 562 1382 λέγω,
607 1318 680 1384 μὴ
723 1319 1026 1386 μεριμνᾶτε
1064 1321 1130 1388 τῇ
1163 1316 1310 1386 ψυχῇ
1343 1315 1397 1368 τί
1429 1314 1666 1385 φάγητε,
1713 1313 1849 1384 μηδὲ

229 1411 309 1478 τῷ
346 1411 562 1478 σώματι
591 1410 745 1479 ὑμῶν
779 1411 832 1463 τί
858 1410 1180 1479 ἐνδύσησθε,
1225 1410 1289 1461 Ἠ
1322 1410 1431 1480 γὰρ
1467 1407 1617 1478 ψυχὴ
1643 1408 1848 1460 πλείων

232 1501 354 1552 ἐστὶ
390 1501 487 1568 τῆς
521 1503 750 1572 τροιρῆς,
802 1506 894 1555 καὶ
934 1504 995 1554 τὸ
1033 1504 1194 1572 σῶμα
1232 1500 1325 1554 τοῦ
1365 1501 1667 1571 ἐνδύματος
1693 1517 1706 1531 ο
1746 1518 1846 1554 κα-

231 1595 537 1664 τανοήσατε
590 1597 717 1656 τοὺς
770 1595 1012 1665 κόρακας
1071 1595 1156 1647 ὅτι
1193 1595 1255 1647 οὐ
1313 1593 1657 1662 σπείρουσιν,
1721 1592 1846 1645 οὐδὲ

231 1683 566 1753 Οερίζουσιν,
606 1680 686 1749 οἷς
720 1687 821 1740 οὐκ
858 1685 972 1739 ἔστι
1005 1689 1251 1757 ταμεῖον,
1287 1685 1408 1739 οὐδὲ
1435 1684 1712 1756 ἀποθήκη,
1751 1684 1845 1738 καὶ

228 1780 255 1830 6
285 1779 420 1842 Θεὸς
448 1781 644 1849 τρέφει
673 1780 898 1844 αὐτούς.
928 1781 1084 1852 Πόσῳ
1127 1781 1330 1850 μᾶλλον
1360 1782 1521 1850 ὑμεῖς
1546 1779 1842 1848 διαφέρετε

228 1871 339 1924 τῶν
396 1873 700 1939 πετεινῶν;
751 1874 846 1936 Τίς
879 1875 935 1927 δὲ
977 1875 1032 1941 ἐξ
1071 1875 1225 1943 ὑμῶν
1274 1875 1558 1946 μεριμνῶν
1614 1875 1841 1928 δύναται

233 1964 561 2034 προσθεῖναι
595 1967 688 2018 ἐπὶ
739 1967 839 2036 τὴν
895 1967 1121 2037 ἡλικίαν
1161 1968 1327 2021 αὑτοῦ
1379 1971 1560 2039 πῆχυν
1610 1968 1743 2034 Eva;
1780 1968 1844 2020 Ei

227 2060 321 2110 ciiv
371 2058 499 2112 οὔτε
547 2059 832 2131 ἐλάχιστον
885 2061 1140 2128 δύνασθε,
1193 2064 1245 2116 τί
1292 2065 1423 2134 περὶ
1471 2062 1583 2117 τῶν
1639 2063 1848 2117 λοιπῶν

233 2155 581 2223 μεριμνᾶτε;
622 2174 640 2206 ›
681 2156 839 2208 Κατὰ
897 2157 1096 2227 μικρὸν
1133 2157 1229 2209 ἐπὶ
1269 2158 1338 2211 τὰ
1369 2157 1679 2228 τελεώτερα
1714 2171 1849 2226 προ-

231 2250 358 2313 άγει
397 2247 498 2317 τὴν
527 2248 884 2302 διδασκαλίαν
909 2252 936 2303 6
968 2251 1198 2321 Κύριος.
1237 2252 1381 2321 Ὅρα
1409 2250 1518 2321 γὰρ
1548 2251 1645 2320 τὴν
1669 2249 1844 2314 τάξιν.

241 2342 478 2408 ’ἐδίδαξε
517 2343 891 2411 φυλάσσεσθαι
922 2343 1029 2396 ἀπὸ
1047 2346 1145 2414 τῆς
1180 2344 1522 2411 πλεονεξίας,
1547 2345 1644 2397 καὶ
1668 2361 1843 2415 προσο

231 2434 401 2504 ἐηληκε
433 2435 754 2507 παραϐολὴν
777 2477 790 2500 ,
827 2435 928 2508 τὴν
956 2438 1086 2508 περὶ
1137 2437 1234 2490 τοῦ
1272 2437 1556 2504 πλουσίου,
1592 2437 1681 2491 διὰ
1711 2438 1848 2492 ταύ-

229 2546 331 2595 της
373 2529 616 2592 δεικνὺς,
649 2531 731 2583 ὅτι
781 2531 976 2600 ἄφρων
1009 2533 1036 2583 6
1068 2530 1162 2584 τοῦ
1195 2531 1442 2595 πλείονος
1487 2531 1844 2602 ὀρεγόμενος.

231 2615 370 2671 ιίῗτα
406 2621 736 2690 προκόπτων
759 2621 837 2691 τῷ
856 2623 1021 2694 λόγῳ,
1053 2622 1174 2674 οὐδὲ
1214 2623 1347 2692 περὶ
1382 2621 1493 2675 τῶν
1524 2622 1844 2691 ἀναγκαίων

229 2708 382 2773 ἡμεῖς
437 2711 716 2779 μεριμνᾷν
749 2711 833 2780 ἑᾷ.
875 2711 1089 2782 Ὥσπερ
1123 2711 1216 2764 οὖν
1249 2713 1276 2763 6
1311 2712 1558 2777 διάϐολος
1584 2713 1692 2766 ἀπὸ
1736 2714 1845 2767 τῶν

232 2800 454 2869 μικρῶν
506 2804 813 2874 ἀρχόμενος
866 2806 1226 2876 περιπίπτειν
1265 2808 1416 2875 ἡμᾶς
1460 2809 1578 2871 τοῖς
1615 2808 1846 2879 μείζωσι

231 2896 377 2946 ποιεῖ
441 2895 545 2962 (διὸ
596 2897 691 2948 καὶ
744 2899 1154 2968 μυρμηκολέων
1203 2900 1523 2970 ὠνόμασται
1568 2903 1720 2974 παρὰ
1769 2902 1848 2974 τῷ

244 2986 417 3053 Ἰὼϐ),
446 2987 624 3052 οὕτως
651 2991 714 3042 ἐκ
753 2990 847 3043 τοῦ
884 2991 1132 3045 ἐναντίου
1167 2997 1194 3048 ὁ
1225 2994 1432 3065 Κύριος
1464 2996 1718 3050 ἀναλύων
1748 3000 1849 3052 αὑ·

227 3081 323 3132 τοῦ
373 3081 444 3134 τὰ
516 3083 688 3152 ἔργα,
749 3087 1018 3156 πρότερον
1072 3089 1140 3142 τὰ
1193 3091 1410 3160 μεγάλα
1466 3093 1848 3164 ἁμαρτήματα

231 3173 450 3241 φεύγει,
507 3171 627 3228 εἶτα
665 3179 760 3230 καὶ
809 3179 911 3238 τὰς
966 3182 1144 3252 ἀρχὰς
1194 3185 1405 3238 τούτων
1461 3187 1840 3245 ὑποδείκνυσι.

1965 671 2106 724 mus,
2143 655 2285 711 bona
2321 654 2669 720 nostra,sed,
2697 653 2836 707 bona
2866 649 2960 706 Dei
2989 669 3001 704 :
3033 651 3079 704 si
3114 657 3297 704 autem
3331 648 3423 703 Dei
3455 660 3586 703 sunt

1959 747 2124 812 bona,
2174 763 2240 802 ne
2272 748 2552 817 privemns
2586 743 2940 799 Deum'bonis
2987 742 3126 796 suis.
3165 739 3282 802 Hoc
3311 750 3396 793 est
3420 739 3582 794 ditari

1959 839 2013 894 in
2077 839 2211 905 Deo,
2267 842 2493 895 credere
2528 839 2669 908 quod
2705 838 2870 910 372
2927 836 2973 891 si
3044 835 3231 890 omnia
3277 833 3480 888 dedero
3528 841 3586 887 et

1956 947 2320 997 evacnavero,
2348 933 2696 988 niltileorum
2731 931 2934 1001 quibus
2963 929 3096 984 milii
3130 944 3263 996 opus
3294 926 3456 981 fuerit
3489 931 3584 982 dc-

1957 1026 2105 1080 ﬁeiet
2137 1027 2230 1098 (b).
2265 1025 2713 1095 Promptuarium
2750 1026 2897 1079 enim
2931 1024 3203 1078 bonorum
3252 1021 3393 1076 Deus
3441 1029 3528 1077 est
3563 1037 3578 1074 :

1957 1118 2199 1186 aperiam
2226 1127 2279 1173 ct
2319 1119 2503 1173 tollam
2531 1117 2871 1172 necessaria.

2030 1241 2200 1294 Vens.
2244 1235 2436 1291 22-26.
2482 1253 2499 1288 ‹
2542 1235 2799 1304 Dixitque
2835 1233 2900 1288 ad
2929 1232 3230 1301 discipulos
3260 1246 3428 1286 suos:
3457 1230 3581 1287 Ideo

1954 1335 2078 1390 dico
2113 1332 2266 1387 vobis
2302 1350 2315 1384 :
2347 1327 2528 1383 Nolite
2566 1327 2789 1382 solliciti
2823 1341 2947 1382 esse
2996 1327 3192 1379 animze
3211 1325 3339 1394 quid
3382 1325 3579 1394 edatis,

1957 1441 2136 1496 neque
2202 1424 2420 1493 corpori
2493 1431 2684 1477 vestro
2754 1421 2883 1490 quid
2983 1420 3326 1484 induamini;
3398 1419 3582 1473 anima

1954 1518 2100 1573 enim
2135 1517 2255 1588 plus
2308 1527 2391 1570 est
2431 1531 2596 1586 quam
2636 1529 2789 1577 esca,
2816 1522 2870 1568 et
2910 1528 3111 1581 corpus
3140 1512 3260 1581 plus
3296 1527 3458 1581 quam
3493 1511 3581 1564 in-

1957 1613 2301 1666 (iumentum.
2338 1608 2703 1665 Considerate
2740 1621 2935 1661 corvos
2961 1607 3086 1674 quia
3129 1622 3233 1660 non
3282 1606 3577 1669 seminant,

1957 1721 2135 1773 neque
2197 1713 2430 1769 metunt,
2483 1704 2683 1772 quibus
2733 1717 2844 1756 non
2893 1710 2975 1755 est
3020 1702 3347 1770 penuarimn
3404 1714 3582 1768 neque

1954 1801 2235 1864 lt0rreum,
2286 1810 2342 1853 et
2389 1796 2535 1851 Deus
2573 1797 2746 1865 pascit
2807 1795 2954 1850 illos.
3001 1793 3221 1859 Quanto
3277 1792 3451 1861 magis
3485 1806 3582 1847 vos

1953 1891 2224 1960 prmstatis
2266 1891 2580 1945 volucribus
2606 1890 2629 1942 ?
2659 1889 2793 1956 Quis
2823 1897 3004 1942 autem
3032 1896 3278 1942 vestrum
3303 1885 3577 1940 sollicitu-

1959 1986 2083 2039 dine
2135 1999 2233 2039 sua
2265 1991 2443 2052 potest
2475 1983 2718 2054 adjicere
2753 1982 2819 2035 ad
2845 1990 3112 2036 staturam
3143 1995 3300 2034 suam
3336 1981 3582 2032 cubitum

1957 2077 2176 2132 unum?
2224 2076 2280 2132 Si
2330 2091 2459 2145 ergo
2510 2091 2576 2130 ne
2608 2075 2659 2130 id
2709 2075 2957 2144 quidem,
2989 2072 3134 2142 quod
3169 2072 3455 2126 minimum
3477 2083 3581 2138 est,

1956 2171 2206 2241 potestis,
2236 2171 2364 2240 quid
2408 2171 2474 2225 de
2514 2171 2731 2224 caeteris
2769 2168 2989 2223 solliciti
3047 2167 3209 2221 estis?
3253 2186 3270 2219 ι
3300 2165 3581 2219 Paulatim

1956 2264 2011 2317 in
2068 2262 2392 2319 sublimiora
2449 2262 2707 2317 subducit
2752 2261 3064 2316 doctrinam
3126 2259 3411 2314 Dominus.
3447 2259 3586 2315 Vide

1955 2359 2105 2412 enim
2157 2357 2430 2412 ordinem.
2492 2356 2686 2409 Docuit
2711 2369 2907 2409 cavere
2939 2355 3008 2409 ab
3036 2355 3289 2421 avaritia,
3335 2365 3385 2410 et
3419 2369 3588 2424 appo-

1954 2451 2060 2503 suit
2095 2451 2412 2521 parabolam
2452 2450 2599 2504 illam
2644 2450 2710 2504 de
2735 2450 2924 2514 divite,
2955 2466 3056 2520 per
3087 2450 3232 2503 illam
3269 2460 3587 2506 monstrans

1957 2546 2100 2613 quod
2149 2545 2415 2616 insipiens
2460 2546 2650 2614 sitqui
2691 2545 2844 2616 plnra
2871 2545 3172 2601 desiderat.
3213 2545 3420 2599 Deinde
3455 2559 3586 2613 pro-

1957 2637 2145 2690 liciens
2179 2653 2456 2702 sermone,
2507 2651 2686 2705 neque
2728 2638 2794 2690 de
2827 2635 3160 2690 necessariis
3188 2634 3456 2688 sollicitos
3487 2649 3586 2688 nos

1954 2743 2074 2783 esse
2122 2730 2272 2785 sinit.
2309 2729 2783 2797 Quemadmodum
2845 2729 3013 2798 igitur
3049 2728 3304 2783 diabolus
3338 2745 3366 2781 a
3402 2727 3587 2793 parvis

1953 2820 2172 2890 incipit,
2227 2829 2283 2874 ut
2343 2836 2440 2875 nos
2480 2822 2529 2874 in
2571 2823 2824 2892 graviora
2878 2820 3018 2874 mala
3107 2820 3268 2876 faciat
3321 2820 3584 2884 incidere,

1954 2917 2310 2983 quamobrem
2373 2924 2428 2971 et
2475 2916 2869 2986 myrmicoleon
2922 2931 2952 2969 a
3004 2915 3104 2970 Job
3155 2916 3468 2970 nominatur
3489 2915 3579 2968 u:

1955 3010 2028 3064 ita
2063 3025 2092 3064 e
2117 3008 2335 3063 diverso
2371 3008 2642 3064 Dominus
2699 3010 2926 3064 resolvit
2950 3009 3067 3078 ejus
3097 3026 3287 3080 opera.
3337 3009 3586 3064 Primum

1953 3105 2099 3158 enim
2154 3117 2347 3173 magna
2396 3115 2622 3173 peccata
2685 3103 2857 3172 fugat,
2893 3103 3095 3158 deinde
3123 3103 3586 3173 ctiamprincipia

1954 3211 2144 3251 eorum
2193 3196 2458 3252 ostendit.
2490 3195 2627 3251 Cum
2666 3197 2833 3268 igitur
2876 3197 3180 3251 indicasset
3211 3205 3269 3250 ut
3308 3195 3378 3250 ab
3405 3196 3588 3250 avari-

233 3266 471 3340 Τὴν-οὗν
506 3272 824 3341 πλεονεξίαν
876 3275 1167 3341 ὑποδείξας
1217 3280 1354 3349 ἡμῖν
1415 3281 1841 3350 φυλάττεσθαι,

1961 3289 2032 3344 tia
2095 3304 2444 3356 caveremus,
2496 3289 2644 3343 venit
2697 3299 2750 3344 et
2790 3289 2854 3342 ad
2887 3289 3062 3359 ipsam
3111 3288 3380 3354 radicem,
3412 3297 3471 3343 ut
3530 3295 3589 3343 et

230 3363 455 3433 ἔρχεται
504 3368 598 3418 καὶ
632 3367 728 3419 ἐπὶ
775 3367 876 3438 τὴν
929 3369 1087 3439 ῥίζαν
1137 3371 1369 3443 ταύτης,
1432 3375 1522 3429 ἵνα
1560 3377 1657 3431 καὶ
1714 3379 1850 3433 ταύ-

229 3473 331 3524 την
383 3457 672 3532 ὑποτέμῃ,
729 3461 875 3530 φημὶ
923 3462 987 3534 δὴ
1058 3465 1158 3536 τὴν
1197 3467 1496 3538 μέριμναν,
1531 3471 1629 3524 καί
1684 3488 1850 3542 φησι⁸

232 3553 335 3604 Διὰ
368 3551 530 3604 τοῦτο
556 3552 701 3621 λέγω
755 3555 907 3624 ὑμῖν,
942 3556 1151 3627 ἐπειδὴ,
1188 3558 1380 3629 φησὶν,
1416 3561 1608 3632 ἄφρων
1648 3563 1798 3617 ἐστὶν
1826 3567 1854 3618 6

237 3645 466 3698 πλείονα
496 3645 642 3716 ζωῆς
677 3647 854 3719 μέτρα
895 3649 1076 3719 ἑαυτῷ
1111 3652 1458 3722 διαγράφων,
1498 3656 1593 3707 καὶ
1618 3655 1849 3710 ἁπατὼ-

239 3754 403 3806 ﬂavo;
448 3738 544 3789 τοῦ
597 3738 846 3803 πλείονος
900 3742 1152 3795 ἐντεῦθεν
1204 3743 1522 3814 ὀρέγεσθαι·
1570 3741 1681 3809 οἷος
1731 3742 1855 3820 ἦνὸ

235 3827 520 3891 πλούσιος,
550 3829 638 3882 διὰ
676 3828 835 3881 τοῦτο
882 3829 1027 3898 λέγω
1063 3831 1214 3900 ύμῖν,
1264 3831 1338 3902 μὴ
1384 3836 1758 3905 μεριμνήσετε
1786 3839 1853 3908 τῇ

235 3922 386 3992 φυχῇ
435 3922 594 3992 ὑμῶν
621 3923 672 3974 τί
710 3923 950 3992 φάγητε,
1010 3924 1108 3994 οὐχ
1152 3925 1230 3989 ὡς
1282 3927 1380 3996 τῆς
1428 3930 1625 3999 νοερᾶς
1673 3929 1856 3999 ψυχῆς

238 4017 556 4089 ἐσθιούσης,
609 4018 729 4073 ἀλλ’
778 4020 901 4071 ἐπεὶ
952 4021 1340 4094 δοκεῖήψυχὴ
1388 4022 1464 4095 μὴ
1525 4024 1702 4087 ἄλλως
1759 4027 1852 4078 ἁν-

235 4110 466 4182 έχεσθαι
499 4112 577 4182 τῷ
622 4113 840 4183 σώματι
895 4114 1265 4182 συνδεδέσθαι,
1295 4118 1343 4168 εί
1377 4117 1451 4187 μὴ
1499 4117 1858 4187 τρεφομένων

238 4209 422 4280 ἡμῶν·
443 4209 530 4263 διὰ
544 4210 703 4262 τοῦτο
718 4210 892 4274 οὕτως
916 4206 1092 4265 εἶπεν.
1117 4212 1327 4276 ’Ἄλλως
1346 4229 1425 4266 τεο
1449 4214 1510 4267 τὸ
1546 4215 1647 4284 μὲν
1689 4216 1854 4287 σῶμα

240 4303 340 4356 καὶ
375 4303 570 4371 νεκρὸν
618 4302 890 4367 ἐνδύεται,
921 4305 982 4357 οὺ
1016 4304 1281 4375 τρέφεται
1307 4305 1388 4358 δέ.
1437 4307 1595 4361 Ἐπεὶ
1641 4308 1736 4362 οὖν
1760 4310 1856 4362 τοῦ

239 4395 495 4465 ἐμψύχου
530 4395 590 4449 τὸ
619 4396 941 4466 τρέφεσθαι,
983 4397 1215 4462 εἰκότως
1252 4399 1486 4470 ἀνέθηκε
1519 4403 1584 4472 τῇ
1626 4401 1773 4473 ψυχῇ
1798 4402 1859 4456 τὸ

241 4489 567 4557 τρέφεσθαι.
609 4490 680 4540 Ἢ
714 4489 838 4559 οὐχὶ
893 4489 1056 4560 καὶὴ
1105 4491 1379 4563 θρεπτικὴ
1433 4492 1665 4563 δύναμις
1708 4494 1857 4565 ψυχὴ

243 4582 502 4650 λέγεται;
547 4583 641 4653 Μὴ
705 4582 1092 4653 μεριμνήσητε
1127 4579 1221 4637 οὖν
1254 4585 1332 4655 τῷ
1368 4586 1655 4657 Θρεπτικῷ
1697 4587 1858 4660 μέρει

1962 3384 2139 3454 ipsam
2203 3392 2470 3452 amputet,
2539 3383 2971 3438 sollicitudinem
3023 3385 3270 3454 inquam,
3309 3391 3364 3437 et
3414 3381 3587 3440 dicit:

1958 3474 2193 3546 Propter
2236 3476 2341 3531 hoc
2369 3478 2493 3532 dico
2531 3477 2714 3540 vobis,
2750 3476 3010 3546 quoniam
3043 3476 3311 3544 insipiens
3347 3484 3454 3542 est,
3483 3477 3576 3546 qui

1959 3569 2112 3640 plura
2135 3585 2297 3639 quam
2337 3569 2461 3623 vita:
2521 3570 2826 3623 necessitas
2857 3571 3064 3638 exigat,
3104 3568 3360 3639 inquirit,
3388 3568 3588 3638 etplus

1961 3662 2016 3717 in
2055 3663 2158 3716 ltac
2196 3663 2306 3716 vita
2342 3661 2572 3732 appetit,
2600 3662 2780 3732 qualis
2812 3673 2934 3717 erat
2958 3663 3151 3729 dives;
3215 3661 3423 3717 idcirco
3463 3661 3588 3717 dico

1961 3754 2139 3820 vobis,
2170 3770 2237 3807 ne
2263 3753 2479 3808 solliciti
2515 3754 2637 3808 sitis
2660 3754 2856 3808 anima:
2872 3766 3069 3807 vestra:
3092 3753 3219 3822 quid
3246 3753 3583 3808 comedatis:

1965 3863 2072 3902 non
2104 3847 2248 3916 quod
2313 3846 2583 3902 mentales
2612 3845 2811 3902 animm
2849 3849 3166 3911 comedant,
3205 3848 3299 3900 sed
3327 3846 3455 3914 quia
3492 3859 3590 3916 ap-

1962 3949 2117 4010 paret
2160 3942 2402 3994 animam
2454 3957 2560 3996 non
2615 3940 2837 3995 aliunde
2890 3942 3109 4008 corpori
3155 3938 3428 4008 colligari,
3484 3939 3586 3994 nisi

1963 4049 2065 4089 nos
2121 4033 2359 4087 alantur.
2427 4033 2724 4102 Propterea
2747 4035 2825 4088 sic
2852 4033 3005 4090 dicit.
3034 4032 3098 4087 Et
3159 4033 3342 4096 aliter,
3386 4047 3588 4102 corpus

1963 4129 2181 4198 quidem
2252 4138 2531 4182 mortuum
2609 4128 2874 4193 induitur,
2920 4144 3029 4182 non
3082 4127 3326 4196 pascitur
3379 4136 3584 4181 autem.

1963 4221 2202 4277 Proinde
2232 4223 2356 4291 quia
2382 4223 2752 4276 animatorum
2795 4232 2877 4277 est
2908 4223 3080 4292 pasci,
3133 4222 3333 4274 tnerito
3380 4221 3591 4274 addidit

1963 4317 2163 4372 animae
2199 4315 2367 4385 pasci.
2417 4316 2613 4370 Annon
2642 4325 2696 4371 et
2734 4316 2991 4371 nutritiva
3027 4315 3108 4369 vis
3137 4314 3318 4368 anima
3340 4312 3588 4368 dicitur?

1963 4405 2132 4479 Igitur
2167 4423 2233 4462 ne
2265 4406 2486 4462 solliciti
2522 4407 2646 4461 sitis
2689 4409 3008 4476 vegetativee
3051 4406 3194 4476 parti
3253 4406 3451 4460 animae
3481 4421 3588 4460 non

1965 4501 2275 4568 rationalis,
2327 4500 2459 4570 quid
2511 4502 2838 4566 comedatis,
2894 4515 3073 4570 neque
3120 4499 3336 4570 corpori
3364 4514 3472 4570 quo
3509 4500 3591 4553 in-

1968 4595 2238 4648 duamini.
2293 4593 2504 4648 Deinde
2559 4592 2718 4648 aﬂ‘ert
2748 4594 3016 4648 rationem
3052 4611 3066 4647 :
3102 4592 3243 4647 Nam
3275 4593 3368 4662 qui
3413 4591 3590 4661 majus

239 4682 343 4750 τῆς
379 4679 577 4750 ἀλόγου
628 4679 833 4751 ψυχῆς,
874 4681 926 4734 τί
963 4682 1202 4752 φάγητε,
1250 4683 1389 4754 μηδὲ
1417 4684 1496 4753 τῷ
1525 4682 1766 4756 σώματι,
1804 4686 1851 4739 τί

1964 4685 2137 4749 dedit,
2194 4699 2388 4755 nempe
2427 4684 2693 4750 animam,
2749 4699 2931 4740 nonne
2967 4694 3022 4739 et
3057 4685 3240 4740 cibum
3268 4685 3459 4746 dabit?
3486 4685 3588 4750 Qui

241 4772 572 4842 ἐνδύσησθε.
608 4770 741 4825 Εἶτα
763 4773 1018 4843 ἐπιφέρει
1045 4775 1312 4844 λογισμόν
1338 4794 1351 4809 ·
1381 4779 1408 4831 ὁ
1440 4779 1551 4850 γὰρ
1575 4779 1636 4831 τὸ
1670 4779 1860 4850 μεῖζον

242 4865 395 4928 δοὺς,
445 4864 547 4934 τὴν
587 4863 793 4935 ψυχὴν,
825 4866 885 4918 οὐ
916 4863 1077 4918 δώσει
1130 4867 1228 4920 καὶ
1271 4869 1374 4937 τὴν
1424 4870 1672 4939 τροφήν;
1708 4870 1767 4924 Ὀ
1799 4873 1859 4924 τὸ

244 4960 412 5027 σῶμα
462 4958 610 5021 δοὺς,
662 4959 784 5028 οὐχὶ
839 4959 936 5012 καὶ
975 4959 1036 5012 τὸ
1066 4958 1274 5031 ἔνδυμα
1310 4962 1511 5027 adierat;
1565 4961 1700 5018 Εἶτα
1751 4966 1861 5019 ἀπὸ

243 5051 708 5122 παραδείγματος
743 5052 853 5105 τῶν
904 5053 1181 5123 κοράκων,
1217 5055 1292 5119 ὡς
1319 5057 1384 5109 ἂν
1409 5055 1649 5130 ἐνθρέῲῃ
1682 5059 1856 5128 ἡμᾶς,

239 5147 313 5200 τὰ
347 5145 578 5199 πετεινὰ
605 5148 685 5208 εἰς
719 5146 882 5216 μέσον
914 5147 1060 5215 ἄγει.
1105 5149 1370 5204 Ἠδύνατο
1399 5151 1500 5219 μὲν
1523 5153 1632 5223 γὰρ
1667 5153 1858 5222 ἁγίους

242 5241 540 5311 προφήτας
569 5243 944 5312 παραγαγεῖν,
966 5238 1078 5295 οἷον
1110 5242 1201 5296 τὸν
1238 5243 1427 5298 Ἠλίαν
1450 5245 1546 5298 καὶ
1570 5247 1662 5300 τὸν
1690 5249 1858 5302 Μωῦο

245 5339 372 5403 ciu,
422 5333 562 5386 ἀλλὰ
603 5333 743 5403 πρὸς
793 5333 966 5387 πλείω
1009 5334 1290 5390 δυσωπίαν
1316 5337 1385 5392 τὰ
1415 5344 1635 5396 πετεινὰ
1675 5339 1854 5411 φέρει.

243 5426 385 5482 Εἶτα
418 5427 512 5480 καὶ
547 5427 736 5498 ἕτερον
760 5429 1023 5499 λογισμὸν
1057 5432 1334 5503 ἐπιφέρει.
1371 5433 1509 5486 Εἰπέ
1545 5453 1658 5505 μοι,
1683 5435 1735 5487 τί
1763 5453 1862 5506 με-

247 5521 463 5592 ρνμνῶν
498 5522 836 5591 κερδαίνειςς
888 5524 1197 5594 Προστίοης
1229 5530 1295 5598 τῇ
1334 5529 1523 5601 ἡλικίᾳ
1553 5548 1646 5583 σου
1677 5531 1782 5584 κᾶν
1806 5532 1866 5584 τὸ

243 5615 575 5678 Odyss-xv;
616 5613 773 5680 Οὐχὶ,
816 5614 1017 5683 μᾶλλον
1058 5617 1157 5686 μὲν
1183 5619 1274 5670 οὖν
1306 5619 1560 5692 ὑφαιρεῖς
1593 5622 1702 5674 τῶν
1730 5640 1864 5694 σαρ-

322 5774 367 5804 ⁵·λ
397 5771 499 5826 ιρι)
539 5789 609 5836 tv,
636 5773 796 5839 juxta
833 5774 995 5830 LXX.

326 5901 402 5959 (ai
440 5897 535 5948 lini.
577 5895 697 5950 Lul.
732 5899 1037 5951 divitiarum
1075 5905 1281 5954 tritum.

1967 4777 2115 4833 dedit
2146 4792 2369 4846 corpus,
2405 4792 2593 4832 nonne
2626 4787 2680 4832 et
2719 4775 3100 4832 indumentum
3162 4777 3314 4832 dabit
3342 4777 3365 4830 ?
3393 4777 3589 4832 Postea

1964 4869 2130 4924 etiam
2180 4871 2247 4924 ab
2271 4868 2522 4938 exemplo
2551 4884 2842 4924 corvorum
2878 4871 3072 4940 probat
3093 4869 3236 4940 quod
3268 4885 3368 4925 nos
3403 4872 3586 4924 nutri-

1966 4975 2042 5025 et.
2079 4966 2323 5020 volatilia
2352 4965 2406 5019 in
2433 4966 2671 5020 medium
2704 4964 2966 5021 allerens.
2999 4967 3431 5021 Potueratenim
3464 4981 3592 5022 san-

1965 5070 2084 5113 ctos
2128 5058 2498 5128 propltelasin
2539 5058 2777 5111 medium
2820 5056 3038 5124 afferre,
3068 5065 3256 5126 utpote
3283 5056 3456 5110 Eliaut
3504 5056 3590 5112 vel

1967 5151 2180 5216 Mosen,
2243 5151 2340 5205 sed
2367 5152 2434 5206 ad
2493 5151 2759 5221 majorem
2816 5153 3077 5222 pudorem
3121 5149 3360 5205 volatilia
3410 5149 3591 5204 aﬂert.

1965 5249 2172 5303 Deinde
2220 5249 2454 5303 ctaliam
2484 5249 2751 5302 rationem
2785 5249 3028 5302 adducit.
3064 5246 3188 5312 Dic,
3225 5261 3431 5314 qnzcso,
3465 5247 3593 5316 qttid

1965 5344 2339 5401 sollicitudine
2390 5343 2668 5412 proﬁcis?
2735 5341 2931 5412 adjicis
2981 5350 3206 5396 statura:
3232 5349 3336 5395 tuae
3375 5341 3458 5395 vel
3494 5341 3595 5394 mi-

1971 5440 2179 5492 nimum
2224 5439 2398 5508 quid?
2438 5436 2580 5503 Non,
2644 5439 2754 5491 into
2802 5435 2989 5490 aufers
3036 5436 3222 5505 potius
3252 5433 3535 5504 quidpiam
3565 5449 3596 5488 e

1969 5531 2304 5586 carnalibus.
2344 5528 2673 5585 Sollicitudo
2705 5527 2852 5583 enim
2882 5525 3163 5581 tabefacit.
3200 5524 3256 5580 Si
3292 5525 3458 5593 igitur
3497 5524 3595 5576 ad-

1968 5624 2139 5695 jicere
2175 5639 2279 5679 non
2307 5633 2462 5693 potes
2486 5621 2715 5694 itl:QUOd
2751 5621 3062 5685 minimum,
3091 5619 3223 5691 quid
3267 5619 3332 5675 de
3368 5615 3596 5687 reliquis

326 5970 400 6029 ιίι)
438 5970 570 6023 Ibid.
612 5969 954 6024 l’t-ctcttut'cro
989 5991 1064 6024 mc
1110 5986 1294 6043 totum,
1330 5996 1354 6014 »ι
1380 5993 1402 6029 ι·
1446 5978 1644 6046 ultr/utr!
1692 5995 1862 6032 mum
1913 5992 2264 6032 llt‘t't'vo'll'llilll
2291 5974 2619 6042 allaturum
2650 5983 2746 6026 col.
