4030 6420
477 388 578 458 891

1402 392 1985 455 THEOPHYIACTI
2016 392 2433 457 BULGARUE
2466 396 2835 461 ARCHIEP.

3649 396 3759 461 8.32

472 503 735 561 sollicitus
762 518 823 560 es
849 504 874 559 τ
906 502 1258 573 Perspicuum
1284 506 1456 572 enim,
1481 506 1622 578 quod
1653 506 1798 562 sicut
1822 506 2068 568 Deus.iu-

2177 511 2308 565 κῶν·
2330 510 2577 580 τηκεδὼν
2604 510 2714 583 γὰρ
2739 511 2773 582 η
2795 509 3062 581 μέριμνα.
3091 508 3154 565 Ei
3180 506 3363 564 τοίνυν
3383 508 3444 563 τὸ
3473 504 3760 578 ὶλάχιστον

474 604 808 653 crelnentum
832 596 943 663 dat,
966 596 1037 652 ita
1069 606 1123 653 et
1140 598 1244 652 alia
1269 597 1440 653 dabit.

547 853 715 911 Vsus.
756 856 950 914 27-5l.
997 876 1016 911 ι
1066 857 1423 915 Considerate
1450 858 1613 933 373
1646 859 1757 915 lilia
1795 860 2066 930 quomodo

482 957 734 1005 crescunt
766 968 781 1005 :
810 965 917 1004 non
967 950 1235 1015 laborant,
1266 964 1440 1020 neque
1488 960 1639 1006 nent.
1693 951 1825 1006 Dico
1880 959 2061 1005 autent

474 1040 651 1105 vobis,
680 1056 779 1095 nec
816 1042 1073 1097 Solomon
1112 1043 1165 1096 in
1206 1043 1351 1097 omni
1390 1042 1559 1113 gloria
1595 1058 1693 1099 sua
1737 1042 2069 1098 vestiebatur

477 1130 617 1183 sicut
652 1146 815 1184 unum
855 1147 923 1187 ex
952 1130 1176 1186 istis.<Si
1214 1141 1395 1191 autem
1446 1148 1669 1204 gramen
1703 1135 1845 1202 quod
1905 1134 2066 1189 hodie

476 1232 555 1275 cst
584 1222 645 1283 in
675 1236 827 1291 agro,
874 1224 939 1277 et'
961 1238 1084 1279 cras
1120 1225 1173 1279 in
1207 1224 1479 1281 clibanum
1514 1225 1773 1290 mittitur,
1809 1227 1949 1281 Deus
1989 1226 2069 1282 sic

476 1313 637 1369 vestit
672 1331 686 1369 :
723 1322 927 1383 quanto
985 1316 1155 1388 magis
1210 1332 1306 1373 vos
1342 1318 1557 1384 vestiet,
1587 1332 1622 1373 ο
1668 1332 1856 1387 parum
1895 1317 2069 1372 illlen-

479 1404 601 1458 tesi
643 1404 711 1459 Et
760 1419 855 1461 vos
904 1405 1071 1461 nolite
1118 1422 1364 1481 quaerere
1419 1407 1549 1477 quid
1614 1408 1763 1463 esuri
1805 1407 1946 1473 sitis,
1974 1416 2069 1463 aut

479 1494 611 1564 quid
635 1495 855 1551 bibituri
890 1515 907 1552 :
939 1507 995 1553 et
1028 1498 1195 1554 nolite
1230 1499 1283 1553 ill
1312 1498 1542 1573 sublime
1578 1500 1713 1556 tolli.
1759 1497 1887 1555 Haec
1922 1501 2066 1555 enim

478 1586 664 1641 omnia
697 1588 889 1659 gentes
909 1591 1095 1645 mundi
1125 1601 1395 1661 quarunt.
1446 1592 1609 1648 Pater
1664 1604 1846 1647 autem
1891 1602 2069 1649 vester

483 1678 588 1735 scit
620 1683 763 1751 quod
799 1674 918 1737 istis
962 1682 1269 1755 indigestis.
1311 1684 1454 1751 Quin
1486 1686 1667 1755 potius
1717 1686 1947 1756 quaerite
1979 1702 2067 1741 re-

2164 607 2227 661 οὑ
2252 604 2481 661 δύνασαι
2496 602 2821 677 προσϐῆναι,
2846 603 2899 657 τί
2915 603 3045 674 περὶ
3074 601 3184 656 τῶν
3210 599 3413 654 λοιπῶν
3444 600 3757 670 μεριμνᾷςς

2167 698 2442 770 Πρόδηλον
2458 701 2568 771 γάρ
2594 698 2698 765 δτι,
2728 696 2917 768 ῶσπερ
2942 696 3041 768 τὴν
3069 693 3300 765 αὔξησιν
3321 696 3349 748 6
3368 694 3502 758 Θεὸς
3520 692 3761 759 δίδωσιν,

2166 792 2312 847 οὕτω
2341 792 2434 847 καὶ
2459 789 2632 846 τᾶλλα
2656 790 2842 847 δώσει.

2245 906 2263 938 t
2305 888 2696 958 Κατανοησατε
2734 885 2803 939 τά
2839 884 3001 957 κρίνα
3037 883 3157 948 πῶς
3206 882 3447 948 αὑξάνευ
3474 881 3536 935 οῦ
3570 880 3754 949 κοπιᾷ,

2166 977 2289 1031 οῦδὲ
2317 977 2488 1047 νήθει.
2518 978 2677 1046 Λέγω
2700 978 2852 1047 ὑμῖν,
2883 976 2965 1030 δτι
2994 976 3115 1030 οὐδὲ
3146 975 3403 1045 Σολομῶν
3428 976 3489 1027 ὲν
3520 972 3675 1043 πάσῃ
3696 973 3763 1041 τῇ

2167 1065 2293 1139 δόξῃ
2317 1065 2483 1119 αὑτοῦ
2516 1064 2873 1137 περιεδάλετο
2896 1066 2972 1130 ὡς
3002 1065 3061 1118 ἓν
3092 1065 3319 1119 τούτων.
3349 1065 3411 1117 El
3432 1065 3489 1118 δὲ
3512 1062 3607 1117 τὸν
3635 1063 3766 1133 χόρ-

2167 1170 2261 1207 τον
2287 1157 2345 1207 ὲν
2367 1154 2447 1225 τῷ
2474 1153 2628 1226 ἀγρῷ
2660 1157 2904 1226 σήμερον
2927 1154 3080 1222 ὄντα,
3119 1156 3212 1209 καὶ
3246 1154 3439 1226 αὔριον
3474 1156 3557 1217 είς
3576 1152 3769 1207 κλίσει-

2168 1265 2259 1301 νον
2310 1247 2663 1319 βαλλόμενον,
2711 1250 2739 1301 6
2785 1247 2917 1310 Θεὸς
2969 1247 3144 1313 οὕτως
3181 1248 3545 1320 ἀμφιέννυσι,
3615 1247 3768 1317 πόσῳ

2172 1338 2375 1407 μᾶλλον
2414 1338 2582 1408 ὑμᾶς,
2620 1338 2991 1408 ὀλιγόπιστοις
3032 1340 3146 1393 Καὶ
3185 1340 3344 1410 ὑμεῖς
3376 1338 3451 1411 μὴ
3474 1340 3693 1411 ςητεῖτε
3714 1335 3767 1391 τί

2172 1430 2386 1501 φάγητε
2416 1428 2449 1501 ἦ
2480 1431 2576 1484 καὶ
2598 1430 2653 1483 τί
2676 1431 2863 1503 πίητε,
2890 1431 2984 1485 καὶ
3009 1432 3083 1503 μὴ
3118 1430 3541 1503 μετεωρίζεσθε.
3578 1431 3767 1484 Ταῦτα

2167 1524 2279 1594 γὰρ
2310 1527 2489 1577 πάντα
2534 1522 2606 1577 τὰ
2655 1523 2784 1595 ἔθνη
2834 1524 2927 1577 τοῦ
2981 1525 3195 1595 κόσμου
3258 1523 3529 1593 ἐπιζητεῖ.
3576 1522 3769 1593 ’Τμῶν

2167 1616 2223 1670 δὲ
2248 1618 2276 1670 6
2303 1617 2493 1689 Πατὴρ
2519 1613 2684 1684 οἵδεν,
2718 1618 2802 1670 ὅτι
2824 1616 3058 1690 χρῄζετε
3093 1616 3332 1669 τούτων·
3365 1616 3507 1686 πλὴν
3550 1618 3768 1686 ζητεῖτε

2167 1712 2267 1784 τὴν
2313 1711 2599 1782 βασιλείαν
2631 1710 2727 1767 τοῦ
2761 1711 2922 1778 Θεοῦ,
2968 1711 3067 1766 καὶ
3101 1711 3276 1765 ταῦτα
3304 1714 3486 1764 πάντα
3532 1727 3771 1782 προστεο

479 1789 642 1843 gnum
677 1773 798 1839 Dei,
818 1783 874 1830 et
902 1778 1015 1831 hac
1041 1780 1223 1832 omnia
1251 1776 1575 1849 adlicientur
1605 1778 1790 1833 vobis.
1816 1796 1833 1830 ι
1871 1777 1934 1831 Et
1962 1778 2067 1834 hoc

2177 1773 2397 1875 θησεται
2426 1804 2578 1873 ύμῖν.
2628 1822 2647 1856 ι
2677 1805 2788 1859 Καὶ
2812 1803 2873 1858 τὸ
2902 1773 3010 1857 τῶν
3045 1804 3248 1874 κρίνων
3275 1773 3607 1872 ὑπόδειγμα,
3629 1802 3770 1873 πρὸς

480 1864 720 1919 liliorum
772 1867 1079 1937 exemplum
1134 1870 1340 1938 posuit,
1371 1877 1432 1928 ut
1486 1885 1585 1925 nos
1638 1864 1811 1941 magis
1864 1865 2146 1941 pudoreB

475 1952 829 2011 suﬂ'underet.
851 1955 906 2012 Si
938 1958 1082 2012 enim
1119 1958 1233 2013 llaec
1262 1959 1341 2014 sic
1375 1960 1541 2017 vestit
1588 1960 1752 2027 Deus,
1781 1969 1842 2015 ut
1888 1975 2067 2031 neque

475 2044 729 2101 Salomon
764 2048 816 2102 in
849 2048 1100 2105 omnibus
1134 2050 1345 2105 deliciis
1385 2052 1499 2107 suis
1532 2052 1704 2119 possit
1754 2052 1835 2108 sic
1879 2052 2066 2108 vestiri

478 2148 536 2192 ut
568 2133 733 2193 unum
774 2152 843 2193 ex
884 2141 1029 2209 istis,
1056 2157 1285 2212 quorum
1320 2142 1465 2199 nulla
1495 2143 1713 2215 quidem
1753 2153 1835 2200 est
1882 2160 2071 2200 neces-

477 2232 612 2284 sitas
645 2229 1107 2300 pulchritudinis;
1137 2246 1347 2303 quanto
1392 2234 1566 2305 magis
1621 2248 1742 2301 nos,
1772 2235 2071 2289 honorabi-

481 2318 559 2373 les
596 2334 709 2390 prie
738 2321 951 2377 ceteris
989 2333 1290 2390 creaturas,
1320 2324 1549 2393 vestiet,
1601 2325 1910 2396 praesertim
1950 2341 2072 2380 cum

480 2414 779 2471 necessitas
807 2415 1053 2485 corporis
1085 2415 1461 2472 indumentum
1486 2418 1762 2487 postulet?
1785 2416 1925 2485 Quid
1971 2418 2073 2489 igi-

481 2514 589 2572 tur,
628 2504 775 2561 dicet
824 2508 1114 2577 quispiam,
1142 2507 1301 2577 jubcs
1329 2521 1387 2564 ut
1418 2524 1525 2566 non
1568 2509 1817 2566 colamus
1858 2511 2067 2581 agros?

478 2596 596 2655 Non
620 2598 775 2668 dixit,
803 2599 879 2655 Ne
912 2601 1104 2656 colatis
1148 2616 1309 2670 agros
1340 2620 1352 2657 :
1384 2603 1505 2669 sed,
1540 2600 1620 2659 Ne
1677 2602 1895 2659 solliciti
1930 2603 2071 2660 sitis.

480 2691 694 2747 Etenim
748 2690 857 2748 non
904 2693 1168 2763 prohibeo
1198 2710 1267 2749 ne
1298 2694 1535 2760 labores,
1562 2696 1655 2752 sed
1703 2712 1771 2751 ne
1810 2696 2073 2752 sollicitus

482 2783 579 2847 sis,
620 2783 1049 2849 illterdico:,boc
1077 2792 1183 2849 est,
1220 2799 1288 2839 ne
1336 2799 1485 2854 spem
1541 2799 1713 2854 ponas
1752 2786 1804 2839 in
1853 2794 1903 2840 to
1934 2786 2071 2854 ipso.

484 2876 576 2932 Sic
614 2878 705 2947 qui
732 2878 963 2945 laborat,
982 2886 1036 2933 et
1061 2892 1213 2948 spem
1240 2878 1401 2932 liabet
1428 2878 1481 2933 in
1512 2877 1642 2943 Deo,
1671 2879 1719 2935 is
1762 2880 1896 2935 citra
1922 2880 2075 2933 solli-

482 2968 778 3022 citudinem
820 2968 1145 3035 vivitiQuod
1178 2970 1321 3024 enim
1352 2969 1771 3025 sollicitudinem
1806 2978 1863 3024 ιιι
1896 2986 1921 3024 a
1956 2971 2066 3026 Deo

482 3058 842 3113 nlulucentem
878 3068 1106 3124 resecet,
1131 3052 1477 3115 manifestum
1506 3069 1613 3115 est.
1634 3059 1871 3115 Proinde
1897 3060 2029 3115 dicit
2056 3077 2069 3113 :

489 3146 571 3203 Ne
624 3148 881 3218 quaeratis
918 3149 1050 3215 quid
1109 3148 1431 3213 cumedatis,
1458 3150 1544 3207 vel
1593 3151 1724 3221 quid
1775 3149 1998 3216 bibatis,
2021 3160 2075 3205 et

484 3242 654 3297 nolite
682 3242 734 3295 iu
764 3242 993 3297 sublime
1021 3240 1155 3297 tolli.
1182 3240 1236 3295 lu
1270 3242 1503 3298 sublime
1534 3244 1643 3297 tolli
1674 3258 1900 3311 prorsus
1933 3244 2075 3298 nihil
2106 3231 2145 3288 C

489 3332 632 3387 n!iud
658 3332 787 3387 dicit
816 3348 977 3402 quam
1008 3334 1445 3400 distractionem,
1467 3346 1521 3389 et
1544 3336 1746 3391 mentis
1773 3336 2076 3392 instabich

488 3424 816 3489 versionem,
842 3440 986 3479 nunc
1012 3426 1131 3489 hoc,
1154 3441 1297 3482 nunc
1324 3426 1455 3481 illud
1483 3427 1774 3497 cogitantis
1799 3439 1853 3483 et
1878 3429 1945 3483 ab
1975 3428 2078 3483 hoc

488 3514 543 3566 in
606 3514 731 3568 illud
790 3514 1057 3579 salientis,
1097 3523 1152 3569 ct
1204 3529 1424 3586 semper
1478 3515 1768 3572 sublimius
1820 3515 2075 3585 quiddam

490 3604 834 3673 ilnagiuantis
865 3619 1070 3661 secum.
1116 3607 1310 3661 Annon
1346 3606 1512 3662 fuerit
1539 3607 1594 3662 in
1644 3605 1874 3663 sublime
1917 3606 2079 3662 tolli?

488 3695 639 3752 lianc
684 3697 844 3766 igitur
889 3698 1329 3763 sollicitudinem,
1384 3700 1487 3754 hoc
1521 3709 1603 3754 est
1632 3700 1705 3754 ita
1754 3701 1806 3754 in
1848 3699 2077 3755 sublime

489 3788 622 3851 tolli,
642 3790 766 3858 quia
799 3804 829 3842 a
856 3788 967 3843 Deo
999 3790 1246 3861 abducit,
1275 3790 1535 3857 prohibet
1575 3790 1861 3856 Dominus,
1888 3790 2078 3845 dicens

488 3880 605 3937 llmc
649 3880 831 3935 omnia
864 3893 1054 3951 gentes
1084 3882 1385 3953 inquirere.
1416 3881 1737 3939 Sollicitudo
1768 3882 1915 3938 enim
1967 3897 2073 3938 non

488 3973 617 4028 solis
646 3974 973 4029 necessariis
1004 3983 1257 4028 contenta
1288 3980 1395 4038 est,
1457 3974 1573 4040 sed,
1603 3982 1661 4027 ut
1687 3974 1822 4037 disi,
1860 3986 2076 4043 semper

486 4064 649 4123 altius
671 4075 727 4119 et
758 4062 934 4135 majus
983 4065 1110 4134 quid
1165 4065 1419 4136 requirit,
1450 4074 1503 4119 et
1536 4076 1825 4136 propterea
1862 4064 2069 4120 dicitur

490 4158 867 4228 μετεωρισμὸς
900 4157 1064 4213 elatio
1097 4159 1149 4213 in
1185 4158 1437 4214 sublime.
1465 4158 1535 4215 Et
1566 4169 1624 4214 ut
1654 4159 1857 4229 aliquid
1890 4172 2076 4213 exem-

488 4251 563 4320 pli
623 4252 796 4319 gratia
848 4253 1059 4307 dicam:
1100 4268 1209 4307 non
1261 4252 1528 4307 habemus
1581 4266 1798 4321 panem,
1856 4249 2075 4306 solliciti

490 4358 680 4397 suluus
710 4343 855 4397 unde
887 4343 1181 4399 habeamus
1209 4348 1304 4399 :et
1333 4358 1438 4398 non
1474 4343 1528 4397 in
1566 4348 1670 4398 hoc
1696 4343 2071 4406 subsistimus,

2170 1896 2521 1975 summa:
2547 1898 2695 1975 qua;
2725 1897 2909 1951 πλεῖον
2937 1895 3136 1966 ἔθηκεν
3153 1912 3166 1925 ·
3190 1898 3238 1949 εί
3262 1896 3373 1966 γὰρ
3393 1894 3572 1948 ταῦτα
3593 1894 3769 1958 οὕτως

2171 1972 2534 2062 ἀμφιέννυσιν
2560 1972 2589 2042 6
2616 1990 2771 2056 Θεὸς,
2822 1990 2900 2055 ὡς
2950 1989 3086 2061 μηδὲ
3128 1988 3229 2059 τὴν
3272 1986 3369 2040 τοῦ
3414 1987 3771 2059 Σολομῶντος

2170 2085 2328 2151 δόξαν
2362 2088 2580 2157 ἰσχύσαι
2618 2084 3012 2157 περιϐαλέσθαι
3043 2082 3175 2137 ποτὲ
3198 2083 3273 2147 ὡς
3305 2081 3364 2135 ἓν
3398 2081 3634 2145 τούτων,
3670 2083 3773 2135 καὶ

2173 2179 2351 2235 ταῦτα
2381 2178 2478 2233 τοῦ
2509 2178 2743 2243 κάλλους
2768 2176 2879 2232 τῶν
2920 2178 3126 2250 κρίνων
3163 2176 3237 2249 μὴ
3264 2175 3565 2245 ἀναγκαίου
3590 2174 3770 2238 δντος,

2176 2276 2332 2347 πόσῳ
2351 2273 2556 2346 μᾶλλον
2575 2275 2741 2344 ἡμᾶς,
2778 2273 2838 2326 τὸ
2865 2272 3048 2343 τίμιον
3070 2270 3320 2341 πλάσμα,
3351 2270 3451 2323 οὐκ
3476 2269 3769 2341 ἀμφιέσει,

2176 2370 2270 2422 καὶ
2316 2370 2489 2433 ταῦτα
2535 2366 2841 2435 ἀναγκαίου
2874 2366 3029 2429 δντος
3078 2364 3157 2436 τῷ
3200 2362 3415 2433 σώματι
3467 2362 3628 2433 ἡμῶν
3672 2360 3771 2414 τοῦ

2176 2462 2509 2529 ὲνδύματος;
2543 2460 2609 2514 τί
2632 2456 2727 2514 οὖν
2748 2500 2763 2525 ,
2797 2458 2954 2531 φησὶ,
2989 2457 3236 2522 κελεύεις
3285 2459 3435 2528 ἡμᾶς
3474 2454 3550 2527 μὴ
3590 2472 3774 2525 γεωρ-

2175 2558 2293 2624 γεῖν
2316 2570 2331 2618 ;
2360 2554 2476 2607 Οὐκ
2505 2548 2647 2607 εἶπε·
2668 2552 2762 2620 Μὴ
2791 2553 3113 2624 γεωργεϊτε,
3136 2550 3297 2615 ἀλλὰ,
3316 2549 3409 2621 Μὴ
3432 2548 3768 2619 μεριμνᾶτε.

2188 2645 2551 2721 Ἐργάξεσθαι
2595 2645 2696 2716 μὲν
2727 2646 2835 2717 γάρ
2858 2647 2919 2699 οὺ
2951 2646 3169 2712 κωλύω,
3202 2646 3477 2716 μεριμνᾷν
3514 2644 3592 2707 δὲ,
3629 2645 3772 2717 ὅπερ

2176 2740 2291 2794 ἐστι
2329 2738 2428 2811 τὴν
2458 2737 2649 2791 ἐλπίδα
2682 2737 2828 2808 ἔχειν
2862 2740 2919 2790 ὲν
2945 2738 3181 2803 ἑαυτοτς,
3211 2736 3372 2791 τοῦτο
3407 2735 3772 2807 ἀπαγορεύω.

2189 2834 2278 2897 Ὠς
2309 2834 2401 2901 ὅγε
2428 2831 2799 2903 ἐργαζόμενος
2822 2829 2940 2902 μὲν,
2973 2829 3214 2895 ἐλπίζων
3234 2830 3288 2883 δὲ
3314 2832 3393 2893 είς
3418 2830 3574 2890 Θεὸν,
3597 2830 3776 2894 οὕτως

2177 2926 2500 2998 ἀμερίμνως
2545 2925 2747 2993 διάγει.
2786 2925 2907 2977 Ὅτι
2937 2924 3046 2993 γάρ
3079 2924 3179 2995 τὴν
3238 2923 3521 2995 μέριμναν
3558 2922 3637 2989 ὡς
3666 2924 3781 2978 ἀπο

2176 3019 2415 3088 άγουσαν
2442 3016 2578 3071 Θεοῦ
2609 3018 2894 3083 ἐκκόπτει,
2913 3016 3094 3088 δῆλον.
3128 3018 3267 3089 Φησὶ
3287 3017 3424 3089 γάρ’
3443 3016 3537 3090 Μὴ
3558 3016 3781 3089 ζητεῖτε

2175 3110 2227 3163 τί
2256 3110 2494 3181 φάγητε,
2522 3108 2630 3180 ἢτί
2652 3108 2838 3181 πίητε,
2875 3112 2967 3163 καὶ
2999 3108 3075 3183 μὴ
3103 3100 3527 3180 μετεωρίζεσθε.
3550 3110 3783 3163 Μετεω-

2183 3203 2378 3273 ρισμὸν
2414 3200 2523 3272 γὰρ
2576 3202 2794 3267 πάντως
2846 3202 3001 3256 οὐδὲν
3041 3202 3173 3257 ἄλλο
3222 3202 3395 3271 λέγει,
3428 3202 3464 3274 ἢ
3490 3202 3586 3256 τὸν
3619 3219 3782 3275 περι-

2186 3296 2460 3366 σπασμὸν,
2492 3296 2589 3350 καὶ
2616 3296 2711 3351 τοῦ
2744 3298 3007 3369 λογισμοῦ
3034 3298 3133 3371 την
3171 3297 3409 3352 ἄστατον
3440 3297 3778 3369 περιφορὰν,

2182 3388 2372 3443 ἄλλοτε
2404 3388 2534 3442 ἄλλο
2558 3389 2991 3459 ὲνθυμουμένου,
3023 3388 3117 3443 καὶ
3142 3388 3251 3445 ἀπὸ
3281 3388 3475 3441 τούτου
3492 3388 3782 3459 πηδῶντος

2181 3483 2268 3537 ἐπ’
2314 3485 2511 3549 ἐκεῖνο,
2564 3486 2655 3537 καὶ
2710 3484 2798 3538 ἀεὶ
2841 3482 2912 3537 τά
2959 3479 3273 3554 ὑψηλότερα
3322 3482 3780 3553 φανταζομένου·

2180 3576 2304 3648 οὐχὶ
2327 3578 2487 3631 τοῦτό
2514 3577 2665 3632 ἐστιν
2692 3579 2720 3631 6
2749 3578 3161 3649 μετεωρισμός;
3211 3577 3299 3640 ὀς
3320 3571 3415 3631 οῦν
3444 3577 3782 3645 ἀπάγουσαν

2182 3672 2331 3741 ἡμᾶς
2386 3671 2481 3724 τοῦ
2535 3670 2673 3724 Θεοῦ
2721 3671 2823 3743 τὴν
2868 3670 3130 3736 τοιαύτην
3177 3671 3469 3743 μέριμναν,
3512 3670 3635 3741 ἧτοῖ
3685 3671 3783 3724 τὸν

2185 3762 2567 3833 μετεωρισμὸν
2594 3801 2608 3827 ,
2668 3762 3006 3833 ἀπαγορεύει
3048 3763 3076 3815 6
3107 3761 3314 3832 Κύριος
3336 3801 3353 3827 ,
3416 3760 3590 3815 είπὼν
3613 3802 3629 3828 ,
3695 3762 3781 3817 ὅτι

2182 3856 2367 3909 Ταῦτα
2424 3855 2604 3909 πάντα
2634 3856 2703 3909 τὰ
2748 3856 2877 3926 ἔθνη
2910 3855 3180 3925 ἐπιζητεῖ.
3214 3857 3290 3909 Οὐ
3321 3856 3428 3927 γὰρ
3476 3856 3642 3926 μέχρι
3667 3855 3782 3908 τῶν

2182 3950 2499 4020 ἀναγκαίων
2528 3952 2562 4022 ἡ
2594 3951 2836 4022 μέριμνα
2883 3951 3123 4019 ἵσταται,
3163 3950 3280 4005 ἀλλ’
3310 3950 3449 4021 ὅπερ
3486 3943 3666 4023 εἶπον,
3691 3950 3783 4003 ἀεὶ

2179 4044 2249 4098 τά
2296 4042 2609 4115 ὑψηλότερα
2645 4043 2833 4114 ζητεῖ·
2862 4044 2943 4097 διὸ
2970 4044 3063 4098 καὶ
3099 4042 3483 4115 μετεωρισμὸς
3530 4042 3779 4111 λέγεται,

2178 4131 2293 4191 οἷόν
2315 4137 2368 4189 τί
2400 4152 2577 4207 φημι’
2612 4137 2726 4191 Οὐκ
2760 4136 2957 4209 ἔχομεν
2996 4138 3179 4210 ἄρτον,
3218 4137 3578 4209 μεριμνῶμεν
3610 4137 3783 4191 πόθεν

2178 4229 2415 4300 ἓξωμεν,
2452 4232 2547 4285 καὶ
2592 4231 2694 4285 οὐκ
2727 4232 2855 4303 ἀχρι
2906 4230 3099 4286 τούτου
3148 4230 3443 4302 ίστάμεθα,
3494 4231 3634 4287 ἀλλά
3683 4233 3782 4285 καὶ

2177 4327 2363 4380 ὁποῖον
2393 4325 2561 4395 στέαρ
2595 4324 2804 4395 πυροῦ’
2840 4320 2960 4379 εἷτα
2996 4327 3092 4379 καὶ
3124 4321 3289 4390 οἶνον,
3327 4328 3424 4379 καὶ
3453 4325 3646 4381 τοῦτον
3686 4328 3783 4381 ἀνα

489 4437 584 4491 sed
616 4446 669 4491 et
698 4443 757 4491 ut
788 4436 998 4506 adipem
1032 4436 1315 4499 frumenti,
1343 4435 1539 4491 deinde
1573 4442 1629 4491 et
1660 4436 1871 4502 viuum,
1900 4436 2065 4505 idque

2180 4421 2435 4499 Θοσμίᾳν,
2475 4420 2570 4473 καὶ
2603 4419 2737 4489 ὄψον
2784 4420 2923 4493 πρὸς
2959 4420 3194 4484 τούτοις.
3241 4420 3353 4475 Καὶ
3398 4420 3559 4474 τοῦτο
3606 4422 3779 4476 ἀττα-

486 4528 1007 4598 fragrantissimum,
1030 4538 1085 4583 et
1116 4529 1181 4583 ad
1223 4530 1339 4584 llaec
1369 4544 1520 4584 assas
1545 4544 1766 4595 carnes,
1798 4540 1853 4585 et
1882 4531 1948 4585 ad
1979 4532 2077 4585 bas

420 4640 421 4647 η
489 4622 759 4691 sttagines
819 4629 873 4676 et
923 4622 1245 4691 pllasianos.
1306 4620 1471 4676 Vides
1520 4622 1969 4690 sollicitudinem,
2027 4631 2081 4678 et

491 4714 545 4769 in
584 4714 812 4768 sublime
850 4728 914 4767 ac
962 4713 1189 4782 amplius
1225 4712 1592 4769 extollentiam
1621 4729 1781 4783 quam
1814 4716 1946 4770 dicit
1976 4733 2075 4783 με·

490 4804 829 4874 τιωρισμόνῖ
853 4803 1148 4874 Eapropter
1170 4803 1426 4858 Dominus
1454 4814 1695 4873 amputat
1717 4805 1831 4861 haec
1848 4808 2027 4861 omnia
2057 4825 2073 4865 z

492 4898 720 4969 gentiles
754 4898 899 4953 enim
932 4898 1045 4951 haec
1075 4905 1346 4967 quaerunt.
1375 4895 1605 4967 Insuper
1641 4908 1695 4953 ct
1724 4898 1887 4953 aliam
1920 4898 2076 4953 aﬂ'ert

492 4991 760 5046 rationem
788 5008 800 5044 :
828 4990 953 5059 quia
990 4988 1150 5043 Pater
1178 4997 1365 5042 noster
1392 4988 1499 5044 scit
1544 4991 1668 5058 quia
1701 4989 1785 5044 llis
1814 5006 1948 5059 opus
1978 4989 2078 5043 ba-

494 5081 653 5148 betis,
682 5084 791 5139 imo
832 5099 937 5138 non
992 5098 1150 5136 ullam
1208 5084 1497 5149 rationem,
1530 5085 1624 5139 sed
1672 5083 2081 5140 multas.Pater

497 5184 603 5240 est,
630 5176 827 5245 inquit,
851 5187 904 5230 et
935 5178 979 5229 si
1014 5176 1198 5239 Pater,
1228 5178 1500 5245 quomodo
1529 5192 1633 5233 non
1670 5178 1858 5232 dabit?
1890 5176 1996 5233 Sed
2027 5186 2080 5231 et

400 5271 406 5276 ’
497 5266 621 5328 scit,
654 5278 751 5318 nec
779 5266 921 5319 enim
960 5265 1173 5331 ignorat
1202 5282 1214 5317 :
1249 5266 1341 5320 sed
1382 5280 1437 5323 et
1467 5284 1562 5323 vos
1586 5278 1723 5339 opus
1751 5269 1961 5323 habetis
1983 5269 2082 5339 (ο),

498 5370 601 5409 nec
664 5358 806 5411 enim
869 5358 1135 5427 superﬂua
1191 5369 1339 5423 sunt,
1386 5361 1477 5415 sed
1534 5360 1689 5415 vobis
1746 5361 2079 5417 necessaria.

500 5446 667 5516 igitur
707 5464 826 5502 cum
863 5460 916 5504 et
944 5451 1059 5520 ipse
1089 5451 1158 5505 sit
1196 5452 1379 5519 Pater,
1410 5463 1464 5511 et
1499 5470 1591 5511 vos
1637 5470 1774 5524 Opus
1813 5456 2082 5522 habeatis,

498 5548 555 5591 et
608 5540 742 5595 sciat
776 5542 886 5606 ille,
927 5545 1199 5613 quomodo
1236 5563 1341 5601 non
1376 5548 1603 5603 daturus
1638 5552 1820 5605 esset?
1849 5551 2087 5617 Quaerite

498 5628 665 5698 igitur
698 5648 914 5701 regnum
950 5634 1040 5690 Dei
1072 5644 1197 5689 ante
1236 5640 1435 5706 omnia,
1486 5640 1651 5712 374
1708 5651 1762 5695 et
1810 5652 2085 5712 tempora-

2104 4480 2153 4540 ι)

2182 4514 2346 4585 γῆνος
2396 4515 2430 4584 ἢ
2484 4510 2767 4583 φασιανοῦ.
2839 4513 3003 4585 Ὁρᾷς
3054 4513 3154 4585 τὴν
3210 4513 3509 4584 μέριμναν,
3561 4516 3655 4568 καὶ
3686 4516 3781 4569 τὸν

2186 4610 2607 4681 μετεωρισμόν;
2635 4608 2927 4663 Διά-τοῦτο
2952 4609 2979 4660 ὀ
3016 4608 3221 4679 Κύριος
3252 4610 3535 4673 παντελῶς
3569 4611 3779 4681 ταύτην

2177 4704 2504 4757 ἀποκόπτει’
2537 4704 2585 4756 oi
2617 4703 2824 4756 ἐθνικοὶ
2854 4702 2964 4773 γὰρ
2996 4702 3171 4755 ταῦτα
3209 4700 3487 4771 ζητοῦσιν.
3520 4701 3656 4758 Εἶτα
3684 4706 3781 4760 καὶ

2174 4800 2365 4870 ἕτερον
2392 4799 2585 4865 ἐπάγει
2616 4796 2899 4867 λογισμὸν,
2932 4797 3013 4849 ὅτι
3041 4797 3069 4849 6
3108 4796 3300 4867 Πατὴρ
3331 4795 3493 4867 ἡμῶν
3524 4793 3666 4851 οἶδεν
3696 4799 3779 4852 ὅτι

2177 4893 2435 4964 χρῄζετε,
2470 4891 2568 4945 καὶ
2613 4891 2713 4961 οὐχ
2762 4889 2859 4944 ἕνα
2897 4889 3181 4958 λογισμὸν,
3218 4889 3356 4943 ἀλλά
3402 4891 3498 4945 καὶ
3533 4892 3777 4956 πλείους.

2188 4986 2380 5057 Πατὴρ
2407 4988 2514 5057 γάρ
2550 4988 2687 5051 ὲστι,
2721 4985 2877 5055 φησὶ,
2904 4984 2997 5037 καὶ
3029 4984 3077 5036 εί
3102 4984 3318 5055 Πατὴρ,
3347 4984 3463 5049 πῶς
3494 4987 3554 5039 οὐ
3581 4985 3776 5052 δώσει,

2202 5084 2362 5137 ’Λλλά
2398 5087 2490 5136 καὶ
2524 5078 2656 5147 οἶδε,
2692 5082 2765 5153 μὴ
2813 5080 2923 5153 γὰρ
2957 5081 3166 5149 ἀγνοεῖ,
3205 5081 3342 5135 ἀλλὰ
3378 5084 3471 5136 καὶ
3521 5083 3774 5154 χρῄζετε,

2192 5176 2267 5245 μὴ
2300 5175 2407 5243 γάρ
2455 5174 2689 5243 περιττά
2736 5174 2917 5236 ἐστιν,
2955 5172 3095 5225 ἀλλά
3146 5172 3404 5243 χρειώδη.
3454 5174 3514 5225 Et
3558 5169 3652 5226 οὖν
3686 5176 3781 5227 καὶ

2184 5268 2399 5337 Πατὴρ,
2439 5268 2534 5320 καὶ
2573 5268 2730 5334 ὑμεῖς
2780 5266 3039 5338 χρῄζετε.
3075 5266 3172 5319 καὶ
3217 5262 3354 5319 οἶδεν
3398 5268 3627 5329 ἐκεῖνος,
3664 5270 3780 5331 πῶς

2183 5362 2244 5413 οὗ
2277 5362 2471 5426 abest;
2502 5361 2724 5430 Ζητεῖτε
2756 5356 2849 5413 οὖν
2892 5359 2991 5428 τὴν
3025 5359 3307 5429 βασιλείαν
3352 5361 3449 5413 τοῦ
3482 5360 3619 5413 Θεοῦ
3648 5380 3780 5430 προ-

2184 5458 2528 5526 ηγουμένως,
2556 5458 2649 5508 καὶ
2679 5456 2779 5526 τὴν
2815 5455 2943 5526 περὶ
2972 5455 3043 5507 τὰ
3078 5455 3309 5523 βιωτικά
3336 5456 3612 5526 μέριμναν
3639 5460 3773 5509 ἀπο-

2186 5548 2514 5618 ποιήσαοοε,
2549 5548 2624 5608 ὡς
2654 5548 3035 5600 ἐκκύπτουσαν
3082 5548 3230 5615 ἡμᾶς
3261 5546 3369 5598 ἀπὸ
3419 5546 3633 5599 τούτου.
3671 5549 3777 5598 Καὶ

2186 5642 2306 5694 τότε
2332 5642 2507 5695 ταῦτα
2539 5642 2719 5696 πάντα
2748 5639 3183 5711 προστεθήσεται
3215 5642 3365 5711 ὑμῖν.
3414 5642 3581 5713 Ὁρᾷς
3606 5640 3775 5705 Θεόνς

579 5815 655 5884 (a)
684 5815 819 5870 Ellit.
850 5819 970 5873 Lul.
1000 5822 1104 5877 Sed
1130 5834 1177 5877 rt
1218 5828 1312 5879 scit
1354 5841 1371 5879 .'
1406 5829 1663 5897 quomodo
1691 5830 1829 5881 cm'm
1860 5830 2129 5897 ignoraret
2154 5833 2177 5884 7
2198 5830 2298 5886 Sed
2331 5842 2377 5884 ct
2406 5830 2542 5899 quod
2579 5849 2705 5899 Opus
2733 5832 2954 5886 habetis.
