4030 6422
239 422 353 492 8&3

962 418 1414 480 ENARRATIO
1450 418 1530 480 IN
1570 418 2094 486 EVANGELIUM
2132 426 2371 491 LUC/E.
2399 453 2468 466 ·-
2490 429 2653 493 CAP.
2698 432 2843 496 XII.

3482 428 3599 505 '834

233 541 291 594 si.
318 536 507 609 ζητεῖς
537 538 607 594 τὰ
636 536 836 609 μικρὰ,
880 535 983 590 οὐκ
1013 536 1247 608 ἀρεστὸν
1280 537 1430 608 αὐτῷ
1470 540 1670 603 ποιεῖς’
1712 557 1835 595 κατ-

1960 543 2103 603 lium
2152 544 2583 605 sollicitudinem
2620 548 2871 619 abjicite,
2913 565 3034 621 qua:
3088 551 3158 607 ab
3210 549 3303 607 illo
3351 550 3597 615 abducit,

234 629 526 699 αισχύνεις
564 629 677 699 γὰρ
700 629 761 680 τὸ
793 626 963 681 αὐτοῦ
999 627 1416 701 μεγαλόδωρον..
1447 630 1509 683 Ei
1539 628 1731 700 ζητεῖς
1786 632 1857 685 τὰ

240 723 484 794 μεγάλα,
536 721 726 775 ἐκεῖνά
767 738 828 774 τε
878 720 1048 791 λήψῃ,
1098 722 1192 774 καὶ
1253 720 1394 792 πρός
1422 739 1486 790 γε
1533 720 1860 795 προσθήκην

233 817 384 884 ἔξεις
413 815 598 870 καὶτὰ
631 816 830 886 μικρά·
859 816 906 869 εί
934 814 1044 886 γὰρ
1072 814 1174 868 ἴδοι
1203 832 1262 868 σε
1292 815 1700 886 ἀσχολούμενον
1724 819 1857 890 περὶ

231 911 337 984 τὴν
364 908 643 981 βασιλείαν
692 908 882 974 αὑτοῦ,
936 910 1242 977 ἀναγκαῖον
1291 910 1539 977 πάντως,
1572 912 1654 964 ὅτι
1711 930 1848 984 προ⁹

234 1003 500 1073 νοήσεταί
530 1018 623 1055 σου
652 1003 710 1054 ὲν
741 1003 857 1064 τοῖς
886 1002 1021 1063 σοῖς.
1056 1002 1127 1054 Ἦ
1162 1002 1287 1073 οὐχὶ
1315 1001 1413 1055 καὶ
1438 1004 1606 1074 ἡμεῖς
1638 1005 1697 1056 ἐν
1730 1006 1848 1068 ταῖς

228 1096 468 1158 οἰκείαις
492 1092 638 1149 οὕτω
669 1093 956 1164 ποιοῦμεν,
982 1094 1431 1164 μᾶλλονὲκείνων
1465 1096 1852 1167 φροντίζοντες

228 1187 345 1241 τῶν
378 1186 537 1250 ὅλους
569 1186 804 1249 ἑαυτοὺς
831 1185 1253 1240 ἐπιδεδωκότων
1283 1190 1350 1259 τῇ
1383 1188 1637 1261 ἡμετέρᾳ
1685 1189 1852 1261 θερα-

225 1277 386 1349 πείᾳ,
411 1278 508 1331 καὶ
524 1277 733 1332 τούτων
762 1276 1184 1348 προνοούμενοι,
1210 1279 1288 1342 ὡς
1315 1278 1392 1352 μὴ
1423 1283 1851 1353 προνοουμένων

224 1372 457 1439 αὑτῶν;
489 1372 552 1425 ού
586 1369 769 1441 πολλῷ
811 1369 906 1424 οῦν
946 1370 1153 1442 μᾶλλον
1185 1372 1213 1425 6
1245 1372 1495 1444 Κύριος;
1554 1374 1849 1431 Ἐκκόπτει

221 1466 413 1519 τοίνυν
444 1465 543 1537 τὴν
581 1467 713 1536 περὶ
745 1464 857 1520 τῶν
925 1454 1205 1536 βιωτικῶν
1257 1466 1533 1539 μέριμναν
1559 1469 1588 1522 6
1615 1469 1843 1543 Κύριος,

222 1560 316 1613 ἵνα
343 1560 509 1632 πείσῃ
544 1561 691 1631 ἡμᾶς
726 1559 915 1631 ζητεῖν
945 1560 1047 1626 τὴν
1105 1559 1388 1630 βασιλείαν
1426 1563 1596 1617 αὑτοῦ
1624 1580 1639 1595 ο
1684 1582 1847 1637 μεριο

224 1653 408 1724 μνῶσι
439 1654 547 1725 γὰρ
574 1652 735 1706 τοῦτο
777 1653 878 1708 οὐκ
929 1652 1167 1720 ἔνεστιν.
1206 1655 1299 1725 Μὴ
1325 1655 1520 1726 φοϐοῦ,
1550 1655 1611 1711 τὸ
1642 1657 1844 1731 μικρὸν

220 1748 502 1820 ποίμνιον,
531 1750 613 1802 ὅτι
653 1749 953 1822 εὐδόκησεν
980 1750 1009 1803 6
1039 1750 1233 1823 Πατὴρ
1264 1752 1421 1823 ὑμῶν
1474 1752 1664 1807 δοῦναι
1710 1754 1841 1826 ὑμῖν

216 1844 322 1915 τὴν
354 1842 660 1914 βασιλείαν.

297 2042 317 2077 ι
355 2022 659 2095 Πωλήσατε
687 2025 756 2078 τὰ
804 2024 1128 2097 ὑπάρχοντα
1167 2028 1350 2097 ὑμῶν,
1396 2031 1492 2085 καὶ
1522 2032 1643 2086 δότε
1679 2032 1839 2105 ὲλεη-

221 2116 505 2189 μοσύνην·
562 2117 833 2188 ποιήσατε
879 2119 1098 2185 ἑαυτοῖς
1152 2121 1419 2191 βαλάντια
1453 2128 1531 2198 μὴ
1565 2126 1839 2182 παλαιού-

216 2228 381 2284 μενα,
425 2211 703 2283 θησαυρὸν
731 2212 1093 2269 ἀνέκλειπτον
1126 2218 1184 2269 ἐν
1208 2220 1321 2283 τοῖς
1372 2223 1653 2292 οὐρανοῖς,
1698 2223 1838 2277 ὅπου

212 2306 465 2377 κλέπτης
525 2308 627 2361 οὐκ
678 2306 915 2377 ἐγγίζει,
966 2310 1090 2364 οὐδὲ
1146 2312 1247 2383 σὴς
1277 2313 1588 2387 διαφθείρει
1624 2334 1636 2346 ·
1700 2316 1839 2371 ὅπου

210 2397 329 2468 γάρ
368 2399 520 2452 ἐστιν
541 2400 568 2453 6
592 2397 872 2471 θησαυρὸς
903 2402 1081 2473 ὑμῶν,
1108 2404 1228 2457 ἐκεῖ
1257 2407 1351 2459 καὶ
1377 2408 1409 2478 ἡ
1443 2408 1651 2480 καρδία
1677 2409 1836 2479 ὑμῶν

209 2490 393 2545 ἔσται.
441 2511 460 2544 ι
495 2492 715 2564 Μικρὸν
748 2494 1003 2564 ποίμνιον
1033 2496 1297 2566 ὀνομάζει
1345 2500 1473 2563 τοὺς
1530 2502 1683 2573 αὐτῷ
1728 2520 1839 2572 μα-

214 2583 478 2654 θητεύειν
531 2586 793 2649 θέλοντας
835 2588 862 2640 ό
895 2587 1126 2660 Κύριος,
1158 2590 1190 2661 ἢ
1219 2590 1355 2645 διότι
1407 2595 1468 2647 ὲν
1517 2592 1595 2664 τῷ
1643 2595 1840 2668 κόσμῳ

209 2674 397 2746 τούτῳ
426 2677 476 2729 oi
506 2674 656 2745 ᾶγιοι
691 2680 881 2749 μικροὶ
916 2681 1013 2734 καὶ
1046 2680 1323 2753 ἐλάχιστοι
1350 2683 1440 2737 διὰ
1461 2684 1564 2757 τὴν
1589 2687 1841 2741 ἑκούσιον

208 2768 611 2841 ἀκτημοσύνην
661 2772 757 2824 καὶ
783 2773 1280 2845 ἁχρηματοσύνην,
1310 2776 1341 2847 ἢ
1366 2777 1459 2832 διὰ
1485 2778 1546 2832 τὸ
1569 2780 1839 2849 ἡττᾶσθαι

206 2860 312 2931 τῆς
369 2860 479 2915 τῶν
529 2862 783 2931 ἀγγέλων
834 2864 1081 2937 πληθύος
1134 2868 1457 2939 ἀμετρήτου
1511 2869 1702 2942 οὕσης,
1747 2874 1840 2927 καί⁵

206 2955 598 3027 ἀσυγκρείτως
638 2957 1028 3030 ὑπερεχούσης
1071 2961 1146 3015 τὰ
1176 2962 1302 3015 καθ’
1355 2964 1537 3033 ἡμᾶς·
1591 2967 1677 3020 ὄτι
1725 2968 1838 3039 γὰρ

208 3050 439 3115 πλείους
478 3052 529 3104 oi
573 3052 822 3120 ἄγγελοι,
880 3053 1042 3123 δῆλον
1094 3055 1159 3108 ὲκ
1210 3056 1315 3126 τῆς
1374 3059 1725 3131 παραῦολῆς,
1768 3063 1838 3134 ἢν

208 3138 371 3197 εἶπεν
426 3146 454 3197 6
514 3144 762 3216 Κύριος·
798 3145 882 3199 ὅτι
933 3147 1117 3217 χαίρει
1148 3149 1175 3201 6
1208 3151 1417 3221 ποιμὴν
1483 3154 1580 3207 ἐπὶ
1627 3155 1707 3226 τῷ
1756 3157 1837 3209 ἑνὶ

1968 637 2411 711 adjicienturque
2473 643 2631 699 vobis
2687 652 2819 700 tunc
2872 644 3081 700 omnia.
3132 644 3301 700 Vides
3354 645 3499 715 quod
3548 642 3597 699 si

1964 748 2130 802 parva
2164 737 2448 805 quaesieris
2471 753 2501 792 a
2537 737 2672 807 Deo,
2705 740 2842 795 nihil
2872 739 2949 795 illi
2985 750 3202 808 gratum
3236 738 3407 795 facias
3436 756 3450 793 :
3477 754 3599 793 tnu-

1960 828 2301 884 niﬁcentiam
2360 831 2509 887 enim
2542 833 2664 904 ejus
2697 834 3055 892 dehonestas.
3117 833 3215 890 Sin
3277 832 3601 897 quaesiveris

1963 939 2189 996 magna,
2215 935 2272 980 et
2308 925 2398 981 illa
2431 927 2670 997 accipies
2701 941 2757 984 et
2792 945 2917 984 cum
2974 928 3082 983 illis
3127 927 3382 997 accipies
3430 929 3596 982 etiam

1958 1032 2147 1087 parva.
2176 1016 2316 1073 Nam
2361 1034 2485 1076 cum
2537 1032 2591 1077 te
2633 1022 2840 1078 viderit
2891 1031 3222 1093 occupatum
3262 1036 3431 1092 rt‘gtlo
3471 1035 3594 1086 δυο,

1956 1109 2118 1181 plane
2146 1113 2524 1168 necessarium
2570 1123 2629 1170 ut
2676 1126 2733 1171 et
2772 1118 2869 1172 tibi
2905 1118 2958 1172 in
2993 1119 3159 1173 rebus
3218 1116 3327 1171 luis
3380 1116 3598 1187 prospi-

1958 1204 2091 1260 ciat.
2130 1205 2329 1262 Annon
2362 1219 2419 1264 et
2461 1226 2563 1267 nos
2636 1211 2689 1267 in
2726 1213 2891 1268 rebus
2930 1212 3171 1285 propriis
3209 1214 3292 1270 sic
3330 1211 3586 1282 facimus,

1953 1310 2008 1356 et
2041 1302 2215 1372 magis
2248 1319 2439 1359 curam
2477 1305 2698 1361 illorum
2736 1308 2975 1378 agimus,
3002 1308 3097 1376 qui
3136 1324 3198 1364 se
3229 1318 3373 1364 totos
3422 1308 3589 1365 nobis

1952 1395 2370 1466 manciparunt,
2399 1399 2579 1468 deque
2632 1400 2742 1456 illis
2796 1400 3015 1455 solliciti
3073 1416 3268 1457 sumus
3320 1412 3584 1472 tanquam

1952 1488 2165 1559 seipsos
2197 1489 2301 1561 ipsi
2347 1492 2667 1562 negligant?
2699 1503 2908 1564 quanto
2944 1494 3121 1565 magis
3164 1494 3222 1559 id
3258 1495 3371 1564 agit
3402 1494 3592 1553 Domi-

1953 1582 2101 1637 nus?
2124 1581 2419 1653 Propterea
2478 1584 2746 1641 Dominus
2777 1589 3024 1640 ontnlum
3076 1577 3460 1654 temporalium
3494 1603 3593 1644 cn-

1948 1686 2077 1729 ram'
2105 1674 2382 1742 rejicit,ut
2416 1692 2731 1746 quatrantus
2778 1694 3010 1749 regnum
3058 1679 3197 1745 eius,
3230 1678 3287 1734 id
3334 1681 3480 1751 quod
3525 1682 3591 1737 de

1947 1767 2345 1837 temporalibus
2387 1768 2605 1824 solliciti
2632 1786 2740 1826 non
2771 1771 3001 1827 faciunt.
3021 1769 3142 1825 Noli
3172 1768 3392 1839 timere,
3416 1774 3592 1843 pusil-

1943 1860 2031 1918 lus
2080 1878 2238 1934 grex,
2272 1864 2400 1934 quia
2444 1864 2835 1935 complacitum
2883 1876 2967 1922 est
3011 1864 3161 1921 Patri
3217 1876 3404 1926 vestro
3445 1868 3582 1924 dare

1951 1955 2105 2011 vobis
2134 1971 2386 2028 regnum.

2023 2048 2192 2104 Vens.
2218 2051 2310 2114 5‘5,
2344 2051 2436 2107 54.
2480 2071 2499 2105 ι
2549 2050 2786 2109 Vendite
2829 2070 2951 2126 qua:
2991 2057 3293 2127 possidetis
3343 2067 3398 2114 et
3444 2057 3573 2112 date

1951 2142 2386 2215 eleemosynam.
2416 2145 2614 2205 Parate
2651 2148 2808 2205 vobis
2848 2152 3107 2207 sacculos
3137 2151 3233 2221 qui
3268 2167 3376 2207 non
3427 2165 3583 2211 vete-

1946 2247 2202 2302 rascunt,
2253 2239 2578 2295 thesaurum
2611 2259 2716 2298 non
2753 2244 3103 2300 deiicientem
3165 2244 3218 2299 in
3266 2244 3446 2312 caelis,
3473 2259 3584 2317 quo

1947 2330 2038 2386 l'ur
2069 2347 2173 2387 non
2205 2334 2446 2400 accedit,
2472 2351 2653 2407 neque
2687 2337 2832 2392 tinea
2883 2339 3212 2410 corrumpit.
3266 2336 3369 2395 Ubi
3426 2340 3578 2395 enim

1948 2427 2240 2483 thesaurus
2270 2438 2456 2484 vester
2478 2440 2586 2498 est,
2610 2432 2684 2486 ibi
2717 2441 2773 2487 et
2807 2448 2907 2487 cor
2939 2443 3185 2489 vestrum
3218 2434 3347 2488 erit.
3402 2452 3421 2485 ι
3459 2432 3569 2489 Do-

1946 2522 2130 2577 minus
2165 2524 2413 2578 nominat
2448 2524 2753 2597 discipulos
2778 2536 2832 2583 et
2883 2527 3196 2583 doctrinam
3248 2544 3407 2584 suam
3443 2543 3577 2585 sus-

1944 2615 2213 2682 cipientes
2292 2618 2550 2684 pusillum
2618 2634 2839 2693 gregem
2898 2638 2912 2676 :
2973 2621 3055 2677 vel
3114 2621 3261 2690 quod
3320 2622 3579 2692 perpauci

1946 2719 2086 2762 sunt
2117 2712 2291 2765 sancti
2326 2711 2379 2765 in
2414 2712 2617 2768 mundo
2646 2714 2738 2783 qui
2768 2724 2964 2786 sponte
2999 2723 3378 2785 paupertatem
3427 2714 3575 2770 illam

1944 2802 2149 2858 obeant
2178 2822 2194 2861 :
2225 2807 2307 2860 vel
2341 2807 2487 2876 quod
2521 2807 2566 2863 si
2599 2809 2667 2862 ad
2704 2809 2935 2881 angelos.
2965 2810 3354 2876 conferantur,
3385 2825 3576 2865 unmec

1946 2911 2007 2949 ro
2045 2896 2555 2974 incomparabiliter
2582 2900 2878 2959 inferiores
2909 2906 3041 2971 sint,
3069 2906 3198 2973 quia
3234 2904 3408 2959 multo
3449 2903 3581 2974 plu-

1946 3005 2032 3045 res
2062 3000 2188 3047 sunt
2219 2994 2423 3064 angeli.
2449 2995 2519 3049 Et
2552 2996 2907 3053 manifestum
2947 3009 3032 3055 est
3066 3000 3171 3053 hoc
3219 3014 3285 3054 ex
3334 3001 3578 3070 parabo-

1943 3078 1989 3134 la
2012 3098 2176 3151 quam
2200 3081 2341 3137 dixit
2365 3084 2651 3148 Dominus,
2671 3088 2817 3156 quod
2844 3089 3080 3158 gaudeat
3110 3099 3302 3159 pastor
3332 3090 3451 3159 plus
3482 3104 3577 3145 su-

1942 3190 2040 3244 per
2074 3191 2180 3230 una
2222 3192 2326 3233 ove
2355 3179 2579 3233 iuventa
2616 3197 2741 3249 quae
2778 3184 3046 3252 perierat,
3070 3200 3233 3253 quam
3272 3200 3439 3255 super
3470 3200 3572 3240 no-

209 3237 549 3309 πλανηθέντι
598 3240 693 3291 καὶ
727 3237 1029 3307 εὑρεθέντι,
1056 3241 1087 3311 ἢ
1124 3241 1219 3295 ἐπὶ
1243 3246 1354 3307 τοῖς
1380 3247 1835 3317 ἐννενηκονταεν-

1956 3272 2180 3341 naginta
2214 3287 2409 3327 novem
2442 3290 2562 3343 quae
2597 3290 2703 3329 non
2730 3288 3077 3332 erraverunt.
3109 3278 3230 3346 Quo
3268 3280 3390 3335 loco
3422 3296 3578 3336 mon-

206 3332 311 3384 νέα
351 3332 466 3394 τοῖς
512 3331 588 3401 μὴ
637 3333 1128 3411 πεπλανημένοις·
1168 3334 1342 3402 ἔδειξε
1392 3339 1504 3410 γὰρ
1555 3341 1833 3411 ἐντεῦθεν,

203 3428 291 3481 ὅτι
322 3427 516 3497 ὥσπερ
559 3424 620 3480 τὸ
681 3425 740 3502 ἓν
776 3426 914 3497 πρὸς
963 3426 1033 3481 τὰ
1074 3428 1619 3500 ὲννενηκονταεννέα,
1679 3436 1824 3491 οὕτω

204 3522 367 3591 καὶὴ
400 3520 724 3591 ἀνθρωπίνη
784 3521 947 3591 φύσις
997 3522 1137 3594 πρὸς
1199 3526 1300 3592 τὴν
1352 3528 1681 3601 ἀγγελικὴν.
1742 3532 1834 3606 Μὴ

204 3614 405 3686 φοϐοῦ,
434 3616 591 3686 φησὶ,
627 3609 672 3669 ὢ
709 3615 908 3686 μικρὸν
940 3616 1214 3687 ποίμνιον,
1256 3621 1379 3674 ἀντὶ
1418 3622 1535 3689 τοῦ,
1573 3625 1665 3697 Μὴ
1700 3627 1832 3680 ἀπι-

207 3710 455 3779 στήσῃς,
512 3710 597 3762 ὃτι
650 3710 1021 3781 προνοήσεταί
1072 3713 1407 3779 σουόΘεὸς,
1470 3716 1579 3769 κᾶν
1639 3720 1715 3787 μὴ
1767 3722 1831 3774 σὺ

211 3805 520 3874 μεριμνᾷς.
568 3802 670 3856 Διὰ
698 3804 788 3871 τίς
834 3805 984 3859 Διότι
1031 3804 1328 3875 εὐδόκησεν
1358 3809 1600 3883 ὀΠατὴρ
1645 3812 1831 3868 δοῦναι

206 3899 343 3969 ὑμῖν
373 3898 473 3970 τὴν
524 3898 829 3969 βασιλείαν.
858 3900 1018 3955 Ἐπεὶ
1048 3901 1141 3956 οῦν
1169 3902 1269 3975 τὴν
1303 3902 1588 3973 βασιλείαν
1617 3908 1828 3974 δίδωσι,

202 3991 397 4059 πολλῷ
447 3993 650 4062 μᾶλλον
683 3994 755 4046 τὰ
788 3994 887 4062 τῆς
936 3995 1059 4065 γῆς.
1095 3996 1187 4067 Μὴ
1230 3996 1415 4051 τοίνυν
1464 4000 1713 4064 ἀπίστει,
1746 4004 1829 4056 ὅτι

204 4086 309 4137 ἐὰν
337 4084 731 4154 ἀκτημοσύνην
763 4087 1121 4157 ὲπιτηδεύσῃ,
1156 4090 1256 4159 οὐχ
1296 4092 1442 4157 ἕξεις
1466 4095 1556 4147 τὸν
1592 4113 1831 4169 προνοη-

205 4177 443 4246 σόμενόν
496 4194 615 4243 σου,
646 4178 785 4233 ἀλλὰ
828 4178 1083 4249 πώλησον
1132 4183 1201 4236 τὰ
1233 4185 1579 4259 ὑπάρχοντα,
1624 4192 1716 4243 καὶ
1741 4191 1829 4256 δὸς

203 4270 607 4342 ἐλεημοσύνην,
657 4273 752 4325 καὶ
801 4273 1036 4342 ποίησον
1096 4275 1377 4348 θησαυρὸν
1444 4282 1824 4339 ἀνέκλειπτον.

202 4361 346 4420 Εἶτα
384 4366 565 4419 πείσει
604 4366 755 4436 ἡμᾶς
784 4368 878 4421 καὶ
906 4367 1015 4422 ἀπὸ
1064 4371 1326 4440 ογισμῶν
1382 4374 1826 4447 ἁναντιρῤήτων.

214 4458 492 4513 Ἐνταῦθα
528 4460 628 4531 μὲν
649 4461 783 4532 γὰρ,
811 4462 968 4533 φησὶ,
993 4481 1014 4512 c
1054 4480 1092 4529 _<;
1119 4464 1456 4538 διαφθείρει,
1488 4471 1546 4522 ὲν
1570 4471 1828 4540 οὐρανοῖς

200 4553 261 4607 δὲ
286 4554 350 4607 οὐ
376 4553 559 4607 τοῦτο.
589 4555 705 4609 Οὐκ
747 4551 859 4625 ἆρα
910 4557 1001 4611 οῦν
1038 4558 1265 4629 λνόητον
1295 4562 1355 4615 τὸ
1386 4564 1744 4637 θησαυρίζειν
1770 4570 1829 4621 ἐν

1942 3374 2150 3419 stratur
2178 3368 2323 3433 quod
2358 3367 2502 3421 sicut
2527 3384 2693 3422 unum
2727 3385 2788 3425 se
2823 3371 2988 3426 habet
3023 3374 3091 3427 ad
3144 3374 3442 3445 nonaginta
3473 3389 3573 3430 no-

1941 3474 2087 3523 vein,
2132 3461 2208 3516 ita
2256 3461 2497 3517 humana
2538 3476 2731 3518 natura
2768 3466 2835 3520 ad
2878 3468 3211 3538 angelicam.
3238 3468 3319 3524 Ne
3365 3470 3571 3525 timeas

1940 3550 2134 3620 igitur,
2162 3554 2317 3619 dicit,
2352 3571 2385 3610 ο
2415 3556 2609 3625 pusille
2656 3574 2813 3628 grex,
2865 3560 2968 3616 hoc
3000 3573 3107 3633 est,
3139 3580 3207 3619 ne
3265 3566 3343 3622 sis
3396 3566 3576 3622 incre-

1940 3646 2119 3702 dulus.
2142 3645 2297 3703 Gerit
2329 3650 2476 3703 enim
2514 3652 2592 3705 tui
2626 3668 2817 3707 curam
2858 3670 2920 3708 ac
2955 3656 3355 3721 providentiam
3400 3660 3568 3726 Deus,

1938 3738 2105 3791 etiam
2157 3739 2200 3795 si
2243 3748 2295 3793 tu
2349 3741 2624 3797 sollicitus
2656 3758 2764 3796 non
2802 3743 2899 3799 sis.
2922 3748 3146 3811 Quare?
3182 3748 3329 3817 Quia
3369 3752 3571 3805 bonum
3626 3778 3632 3785 -

1939 3831 2113 3884 visum
2149 3843 2253 3897 est,
2279 3845 2333 3888 et
2362 3834 2542 3903 placet
2588 3836 2737 3893 Patri
2774 3850 2834 3895 ut
2860 3842 2952 3896 det
2984 3842 3142 3898 vobis
3194 3860 3443 3915 regnum.
3469 3846 3573 3912 Qui

1939 3921 2103 3990 igitur
2132 3923 2289 3979 vobis
2336 3941 2565 3995 regnum
2606 3929 2722 3992 dat,
2764 3931 2936 3987 multo
2974 3935 3152 4003 magis
3191 3945 3406 3990 terrena
3441 3952 3576 3991 con-

1937 4015 2116 4068 cedet.
2157 4013 2237 4068 Ne
2279 4016 2446 4085 igitur
2480 4018 2717 4090 diliidas.
2745 4025 2890 4093 quod
2928 4025 2973 4080 si
3009 4026 3326 4081 divitiarum
3361 4026 3575 4084 sollici-

1938 4108 2181 4161 tudinem
2215 4108 2510 4179 abjeceris,
2559 4128 2667 4168 non
2718 4114 2795 4171 sis
2848 4116 3144 4174 habiturus
3190 4120 3433 4191 aliquem
3466 4121 3563 4192 qui

1936 4200 2031 4253 tibi
2090 4202 2379 4269 provideat
2421 4224 2432 4259 :
2475 4206 2573 4261 sed
2625 4211 2805 4264 vende
2861 4225 2923 4265 ea
2979 4228 3104 4281 qua:
3165 4211 3361 4278 habes,
3404 4222 3461 4268 et
3495 4214 3565 4270 da

1934 4291 2361 4365 cleemosynam,
2387 4306 2440 4351 et
2474 4296 2562 4353 fac
2596 4299 2691 4355 tibi
2748 4303 3073 4358 thesaurum
3131 4304 3567 4363 indeﬁcientem.

1935 4385 2016 4441 Ad
2053 4388 2168 4444 hate
2209 4393 2508 4458 persuadet
2548 4394 2713 4449 nobis
2747 4398 3062 4454 rationibus
3093 4400 3297 4469 quibus
3340 4410 3569 4458 contra-

1936 4480 2122 4537 dicere
2170 4498 2277 4537 non
2338 4500 2658 4554 possumus.
2687 4487 2744 4543 In
2782 4491 2884 4545 hac
2916 4492 3066 4545 enim
3102 4495 3237 4559 vita,
3270 4494 3469 4565 inquit,
3495 4497 3567 4551 ti-

1932 4591 2036 4631 nea
2071 4579 2404 4649 corrumpit,
2434 4580 2489 4635 in
2548 4583 2705 4638 ccelis
2761 4595 2946 4638 autem
2996 4602 3108 4641 non
3146 4589 3247 4643 sic.
3276 4586 3395 4643 Non
3432 4605 3567 4659 ergo

200 4651 382 4717 τόπῳ,
414 4649 472 4701 ὲν
497 4642 540 4716 ᾧ
564 4648 872 4720 διαφθορά;
902 4646 1032 4705 Εἶτα
1056 4655 1247 4725 ἐπειδὴ
1269 4657 1361 4710 τὸν
1392 4660 1597 4729 χρυσὸν
1627 4662 1687 4714 ού
1715 4664 1833 4716 δια-

1946 4669 2257 4737 insipientis
2286 4682 2439 4726 esset
2468 4676 2735 4747 colligere
2768 4677 3060 4733 thesauros
3096 4680 3151 4733 in
3188 4681 3311 4734 let-0
3347 4682 3404 4736 in
3458 4697 3569 4751 quo

201 4740 424 4810 φθείρει
449 4742 569 4811 σὴς.
596 4738 719 4796 εἶπε
755 4746 848 4797 καὶ
874 4745 955 4810 τὸ,
990 4746 1171 4801 Ὅπου
1202 4749 1447 4820 κλέπτης
1472 4754 1571 4806 οὐκ
1595 4756 1830 4825 ἐγγίζει.

202 4833 314 4902 Et;
350 4832 451 4903 μὲν
500 4834 609 4903 γὰρ
651 4836 710 4887 οὐ
747 4836 1062 4907 διαφθείρει
1114 4840 1341 4909 χρυσὸν,
1394 4843 1531 4896 ἀλλὰ
1585 4846 1832 4915 κλέπτης

201 4925 363 4994 συλᾷ.
406 4920 539 4977 Εἶτα
571 4926 763 4997 ἐπειδὴ
787 4927 849 4979 οὑ
876 4927 1079 4992 πάντες
1107 4932 1461 4999 κλέπτονται,
1498 4939 1827 5009 προστίθησι

197 5017 295 5068 τὶν
337 5016 515 5085 μείζω
548 5019 724 5089 πάντη
750 5021 843 5073 καὶ
871 5020 1273 5095 ἀναντίρρητον
1307 5026 1592 5097 λογισμόν.
1635 5031 1813 5086 Ὅπου

198 5109 312 5178 γάρ
338 5111 487 5162 ἐστιν
520 5111 549 5163 6
580 5110 857 5184 θησαυρὸς
888 5114 1065 5182 ὑμῶν,
1105 5118 1225 5170 ἐκεῖ
1250 5122 1344 5172 καὶ
1370 5123 1401 5189 ἡ
1430 5123 1631 5193 καρδία
1667 5126 1826 5195 ὑμῶν

198 5202 382 5256 ἔσται.
421 5203 605 5256 Ἔστω
634 5204 767 5277 γὰρ,
832 5206 1021 5276 φησὶν,
1054 5209 1136 5261 ὅτι
1181 5210 1307 5263 οὕτε
1354 5213 1456 5283 σὴς
1489 5215 1822 5288 διαφθείρει,

199 5295 327 5348 οὒτε
361 5297 609 5368 κλέπτης
640 5298 878 5367 ἐγγίζει,
914 5302 1048 5354 αὐτὸ
1070 5302 1231 5356 τοῦτο
1266 5305 1328 5358 τὸ
1360 5306 1508 5377 ἔχειν
1536 5310 1637 5380 τὴν
1678 5329 1820 5383 καρ-

199 5387 324 5439 δίαν
343 5388 785 5461 προσηλωμὲνην
802 5392 882 5461 τῷ
909 5399 1396 5468 κατορωρυγμένῳ
1422 5400 1707 5475 θηραυρῷ,
1731 5409 1825 5459 καὶ

198 5482 258 5532 τὸ
280 5481 426 5532 θεῖον
450 5484 641 5553 χρῆμα
661 5486 759 5555 τῆς
785 5487 966 5558 ψυχῆς
988 5493 1053 5561 τῇ
1071 5494 1141 5562 γῇ
1167 5493 1448 5561 ἐμϐαλεῖν,
1477 5496 1651 5568 πόσης
1673 5500 1827 5565 ἄξιον

198 5576 516 5645 τιμωρίας
549 5579 767 5632 Μᾶλλον
796 5582 853 5634 δὲ
878 5583 998 5647 πῶς
1018 5586 1080 5637 οὐ
1117 5588 1358 5657 μεγίστη
1385 5592 1628 5660 τιμωρία
1649 5594 1728 5665 τῷ
1763 5613 1826 5664 γε

199 5666 330 5720 νοῦν
362 5666 546 5735 ἔχοντι
572 5687 585 5734 ;
612 5670 791 5723 Ὅπου
816 5674 843 5725 6
868 5673 1148 5746 θησαυρός
1190 5694 1306 5744 σου,
1336 5682 1454 5732 ἐκεῖ
1480 5686 1575 5736 καὶ
1612 5688 1643 5755 ἡ
1680 5705 1818 5757 καρ-

198 5757 289 5811 δία
324 5776 443 5813 σουσ
479 5765 525 5814 εί
554 5766 612 5816 ἐν
636 5768 702 5836 τῇ
731 5770 824 5838 γῇ,
855 5771 951 5822 καὶ
975 5770 1140 5842 αὕτη,
1171 5775 1219 5826 εἰ
1246 5777 1303 5827 ἑν
1333 5777 1409 5847 τῷ
1431 5778 1651 5851 οὐρανῷ
1674 5784 1820 5835 ἐκεῖ·

196 5868 308 5918 νος,
342 5855 458 5910 ἂνω
493 5858 588 5911 καὶ
619 5859 780 5932 αὕτη.
820 5862 915 5927 Τίς
940 5863 1031 5919 οῦν
1061 5869 1161 5921 οὐκ
1194 5868 1260 5922 ἂν
1310 5871 1487 5925 ἕλοιτο
1524 5871 1665 5930 εἶναι
1698 5878 1811 5932 ἄνω

1934 4768 2404 4833 corrumpuntur?
2457 4767 2654 4824 Postea
2712 4771 2839 4841 quia
2912 4789 3110 4829 aurum
3164 4790 3194 4828 a
3243 4777 3388 4831 tinea
3458 4791 3571 4833 non

1928 4857 2325 4925 corrumpitur,
2351 4859 2511 4927 dixit,
2570 4872 2626 4917 et
2671 4879 2780 4931 quo
2831 4864 2920 4918 fur
2974 4882 3082 4921 non
3133 4868 3366 4923 accedit.
3395 4866 3569 4925 Tinea

1936 4950 2165 5016 quidem
2210 4967 2319 5005 non
2360 4955 2669 5025 corrumpit
2718 4972 2939 5025 aurum,
2966 4960 3062 5013 sed
3098 4960 3188 5013 l'ur
3220 4960 3430 5030 diripit.
3463 4960 3570 5015 De-

1931 5044 2098 5113 nique
2134 5046 2265 5114 quia
2316 5062 2422 5102 non
2456 5049 2639 5102 omnia
2679 5050 2824 5105 l'urto
2879 5062 3137 5121 pereunt,
3166 5054 3354 5120 adjicit
3393 5056 3565 5109 ratio-

1928 5150 2053 5190 nem
2112 5139 2402 5206 majorem,
2451 5150 2505 5195 et
2555 5143 3001 5199 contradictione
3049 5146 3416 5216 superiorem.
3459 5146 3566 5204 Ubi

1924 5228 2072 5281 enim
2120 5240 2205 5283 est
2252 5230 2548 5287 thesaurus
2602 5246 2808 5297 vester,
2836 5236 3034 5307 inquit,
3059 5237 3172 5293 illic
3225 5247 3279 5294 et
3326 5255 3424 5295 cor
3470 5254 3570 5295 ve-

1928 5331 2101 5375 strum
2135 5325 2263 5377 erit.
2294 5323 2426 5379 Esto
2460 5327 2631 5393 enim,
2655 5330 3020 5402 inquit,quod
3051 5348 3229 5401 neque
3262 5337 3408 5387 tim-a
3444 5349 3567 5387 coro

1932 5426 2177 5484 rumpat,
2211 5433 2390 5486 neque
2422 5419 2513 5474 fur
2537 5424 2772 5478 accedat
2803 5442 2817 5477 :
2861 5426 3003 5478 istuc
3039 5426 3220 5495 ipsum
3254 5438 3437 5482 tamen
3469 5428 3567 5481 ba-

1934 5510 2062 5563 bere
2088 5525 2182 5565 cor
2209 5513 2487 5568 addictum
2528 5518 2790 5573 thesauro
2822 5518 3062 5586 defosso,
3087 5531 3141 5576 et
3170 5523 3412 5576 animam
3440 5538 3564 5593 qum

1932 5604 2117 5657 divina
2156 5610 2439 5675 possessio
2478 5623 2584 5677 est,
2637 5613 2864 5682 injicere
2923 5627 3105 5683 terrae,
3141 5616 3308 5689 375
3360 5632 3455 5684 per
3504 5632 3565 5673 se

1932 5709 2140 5768 quanto
2182 5703 2457 5772 supplicio
2492 5703 2661 5761 fuerit
2704 5708 2978 5777 dignum?
3012 5710 3122 5765 imo
3147 5710 3422 5778 quomodo
3452 5726 3560 5765 non

1930 5805 2167 5857 summo,
2197 5793 2242 5846 si
2282 5796 2406 5864 quis
2440 5798 2891 5855 animadvertat?
2923 5802 3025 5857 Ubi
3068 5804 3215 5857 enim
3268 5804 3565 5858 thesaurus

1925 5894 2070 5950 tuus,
2091 5885 2199 5942 illic
2218 5898 2381 5944 etcor
2407 5898 2558 5946 tuum
2590 5911 2603 5947 :
2630 5894 2675 5949 si
2701 5894 2754 5949 in
2780 5906 2927 5952 terra
2954 5896 3063 5964 ille,
3084 5899 3218 5955 etin
3248 5905 3392 5952 terra
3413 5896 3517 5953 hoc
3545 5913 3559 5949 :
