4030 6408
521 419 630 482 895

1442 408 2026 471 TIIEOPHYLACTI
2062 403 2474 475 BULGARIE
2514 403 2871 465 ARCHIEP.

3701 404 3809 468 896

526 535 612 593 sin
673 540 851 588 autem
908 528 961 583 in
1020 524 1160 594 cqalo
1196 525 1305 591 ille,
1348 538 1565 578 sursum
1604 532 1689 578 est
1719 531 1774 576 et
1813 520 1940 574 hoc.
1985 517 2118 584 Quis

2238 517 2314 569 ιαὶ
2340 515 2415 586 μὴ
2454 513 2560 568 ὑπὸ
2583 514 2717 583 γῆν;
2748 514 2982 583 ἄγγελος
3025 511 3166 569 εἶναι
3209 517 3300 569 καὶ
3326 515 3403 588 μὴ
3433 514 3693 582 ἀσπάλαξ
3719 509 3822 571 ύπδ

526 629 690 700 igitur
709 639 815 680 non
849 635 1064 677 sursum
1079 633 1221 682 esse,
1239 627 1292 673 et
1315 633 1418 672 non
1439 616 1539 670 sub
1556 625 1721 680 terra,
1747 613 1966 667 mallet?
1986 613 2119 680 Quis

531 715 933 783 non-diligeret
969 713 1147 781 potius
1177 725 1298 765 esse
1338 707 1768 778 angelus,quam
1807 704 1950 776 talpa
1980 717 2121 759 sem-

528 827 628 882 per
657 812 709 862 in
741 807 1111 863 subterraneis
1140 803 1360 876 latebris
1388 799 1600 870 agens?

595 895 761 949 Vens.
788 893 977 950 35-40.
1008 911 1026 943 ι
1065 891 1187 946 Sint
1213 892 1379 946 lumbi
1421 891 1586 945 vestri
1627 889 1928 957 praecincti,
1955 899 2006 942 et
2035 891 2120 942 lu-

526 1004 706 1043 cernae
733 1002 996 1050 accensae,
1022 995 1075 1039 et
1095 1001 1189 1039 vos
1221 985 1426 1039 similes
1452 985 1762 1037 horninibus
1791 993 2117 1052 exspectan-

527 1084 671 1137 tibus
706 1081 982 1135 dominum
1016 1096 1171 1132 suum
1211 1081 1426 1146 quando
1459 1090 1776 1131 revertatur
1808 1092 1836 1128 a
1874 1075 2115 1143 nuptiis:

529 1186 584 1228 ut
617 1191 738 1227 cum
773 1173 981 1228 venerit
1013 1184 1067 1226 et
1095 1170 1408 1242 pulsaverit,
1449 1168 1733 1223 confestim
1767 1168 2014 1236 aperiant
2044 1169 2114 1222 ei.

525 1263 674 1318 Beati
719 1265 862 1317 servi
898 1264 994 1325 illi,
1022 1278 1156 1330 quos
1192 1276 1310 1313 cum
1346 1258 1556 1313 venerit
1591 1259 1869 1322 dominus,
1897 1259 2120 1313 invene-

528 1355 599 1409 rit
646 1355 946 1425 vigilantes.
973 1355 1143 1420 Amen
1176 1352 1295 1405 dico
1346 1349 1498 1405 vobis
1529 1353 1670 1419 quod
1704 1351 2002 1419 praecinget
2033 1364 2113 1414 se,

529 1456 582 1499 et
622 1444 779 1498 faciet
809 1444 929 1498 illos
975 1445 1339 1505 discumbere,
1366 1450 1423 1496 et
1453 1442 1726 1496 transiens
1777 1429 2112 1495 ministrabit

531 1538 654 1591 illis.
682 1537 747 1590 Et
782 1537 824 1590 si
875 1537 1083 1590 venerit
1137 1538 1188 1590 in
1247 1535 1484 1591 secunda
1535 1535 1820 1607 vigilia,et
1853 1533 1906 1587 in
1959 1534 2114 1587 tertia

529 1631 710 1696 vigilia
743 1630 968 1695 venerit,
995 1640 1156 1697 atque
1192 1631 1266 1683 ita
1303 1630 1594 1694 invenerit,
1641 1629 1781 1684 beati
1813 1637 1943 1682 sunt
1971 1627 2116 1682 servi

533 1723 624 1776 illi.
664 1722 774 1776 lloe
805 1733 983 1776 autem
1015 1722 1230 1786 scitote,
1256 1723 1397 1791 quod
1425 1724 1469 1777 si
1504 1723 1699 1776 scisset
1726 1720 2118 1790 paterfamilias

531 1831 637 1885 qua
669 1816 796 1868 hora
825 1813 910 1868 fur
945 1825 1204 1870 venturus
1246 1814 1452 1878 fuisset,
1477 1814 1754 1884 vigilasset
1783 1813 1988 1881 utique,
2019 1827 2116 1868 nec

533 1921 723 1975 passus
774 1907 962 1960 fuisset
1012 1907 1216 1974 perfodi
1263 1907 1480 1959 donnun
1512 1919 1687 1959 suam.
1728 1903 1793 1958 Et
1823 1918 1920 1958 vos
1955 1902 2120 1971 igitur

535 2007 709 2051 estote
749 1998 942 2066 parati,
970 1997 1094 2065 quia
1125 2012 1228 2065 qua
1267 1997 1396 2049 hora
1427 2011 1531 2050 non
1566 1995 1789 2064 putatis,
1815 1990 1988 2047 Filius
2021 1994 2119 2048 bo-

537 2089 698 2141 minis
713 2091 912 2143 veniet.
947 2107 963 2139 ι
989 2087 1250 2140 Dominus
1281 2092 1565 2155 postquam
1604 2086 1928 2154 discipulum
1960 2099 2117 2139 suum

535 2183 739 2246 absque
772 2179 1060 2252 superfluis
1100 2182 1228 2236 fecit
1280 2190 1333 2235 et
1366 2181 1589 2234 nudavit
1632 2181 1699 2235 ab
1725 2179 1872 2235 omni
1913 2179 2122 2234 sollici-

539 2276 725 2329 tudine
757 2282 812 2327 et
842 2274 1137 2342 cupiditate
1173 2273 1571 2340 temporalium,
1601 2274 1738 2328 etita
1761 2272 1920 2342 plane
1948 2273 2119 2328 levem

539 2367 794 2432 reddidit,
821 2383 964 2422 nunc
996 2376 1047 2422 et
1079 2366 1386 2421 ministrum
1425 2383 1581 2421 suum
1615 2367 1765 2422 facit.
1792 2367 1925 2421 Eum
1969 2367 2114 2421 enim

539 2459 627 2527 qui
667 2457 914 2512 minister
934 2472 1055 2525 esse
1074 2458 1327 2521 voluerit,
1359 2458 1528 2513 levem
1561 2468 1616 2514 et
1648 2459 1956 2527 expeditum
1996 2471 2120 2512 esse

537 2559 772 2620 oportet;
802 2552 917 2606 ideo
941 2552 1075 2607 dicit
1102 2571 1114 2606 :
1141 2552 1259 2605 Sint
1284 2553 1449 2606 lumbi
1484 2553 1650 2607 vestri
1679 2552 1981 2622 praecincti,
2017 2552 2120 2605 hoc

537 2653 640 2709 est,
680 2643 928 2698 omnibus
971 2645 1145 2699 modis
1197 2647 1367 2714 parati
1398 2654 1570 2699 estote
1600 2645 1665 2697 ad
1699 2660 1862 2715 opera
1898 2645 2115 2698 Domini

541 2737 728 2792 vestri.
755 2736 819 2791 Et
849 2739 1080 2794 lucernae
1103 2741 1355 2794 ardentes
1385 2741 1438 2794 in
1473 2740 1724 2794 manibus
1756 2740 1974 2804 vestris,
2016 2740 2122 2794 hoc

543 2837 648 2892 cst,
694 2843 764 2882 ne
812 2828 865 2882 in
918 2831 1159 2885 tenebris
1210 2839 1263 2884 et
1329 2831 1533 2901 absque.
1562 2831 1769 2900 judicio
1809 2834 2123 2895 versemini,

536 2918 637 2973 scd
684 2920 755 2972 sit
802 2919 954 2974 vobis
982 2920 1171 2974 iumen
1204 2922 1376 2987 verbi,
1410 2923 1552 2991 quod
1591 2922 1915 2976 monstrabit
1971 2923 2125 2976 vobis

541 3024 662 3079 qum
706 3009 946 3063 facienda
981 3021 1034 3065 et
1071 3027 1188 3078 qua)
1233 3027 1342 3066 non
1398 3011 1663 3068 facienda.
1710 3011 1800 3066 Est
1837 3013 1999 3082 igitur
2033 2996 2124 3067 hic

545 3103 778 3154 mundus
819 3117 946 3156 nox.
971 3100 1140 3157 Porro
1171 3104 1433 3158 succincti
1466 3105 1663 3159 lumbis
1692 3114 1840 3170 sunt,
1866 3105 1956 3174 qui
1988 3103 2125 3159 acti-

543 3208 665 3247 vam
699 3193 1045 3263 vitamagunt
1076 3213 1089 3249 :
1118 3195 1381 3264 ejusmodi
1413 3197 1558 3276 enim
1593 3196 1871 3252 habilibus
1902 3205 2128 3252 utuntur
2158 3227 2200 3284 ρ

545 3286 1021 3355 operarii,quibus
1068 3297 1122 3341 et
1171 3287 1487 3342 ardentibus
1543 3289 1786 3344 candelis
1843 3304 1978 3358 opus
2023 3299 2127 3345 est.

545 3374 696 3445 Opus
729 3376 871 3433 enim
910 3377 1074 3432 habet
1108 3378 1221 3432 vita
1253 3379 1429 3433 activa
1459 3381 1623 3434 etiam
1652 3380 1834 3450 judicii
1869 3382 2030 3448 dono,
2072 3389 2133 3436 ut

548 3465 594 3520 is
631 3466 720 3534 qui
777 3468 1008 3520 activam
1049 3469 1213 3523 vitam
1267 3471 1398 3540 agit,
1425 3487 1528 3524 non
1585 3472 1759 3526 solum
1816 3473 1952 3528 sciat
2005 3472 2132 3542 quid

553 3567 802 3626 Oporteat
831 3558 1030 3627 facere,
1056 3561 1147 3616 sed
1173 3571 1225 3616 et
1257 3565 1547 3632 quomodo.
1569 3563 1716 3618 Multi
1749 3569 1892 3619 enim
1927 3566 2133 3620 bonum

549 3650 766 3719 quidem
823 3651 1092 3718 fecerunt,
1120 3655 1212 3707 sed
1272 3671 1377 3708 non
1425 3657 1583 3722 bene,
1618 3667 1673 3712 et
1731 3658 1864 3713 tales
1915 3661 2133 3729 quidem

553 3744 811 3798 succincti
851 3743 1069 3799 fuerunt
1104 3745 1320 3812 lumbis,
1343 3760 1396 3802 et
1421 3765 1584 3818 opera
1617 3752 1834 3820 quidem
1864 3753 2133 3819 fecerunt,

554 3835 647 3889 sed
680 3851 783 3888 non
816 3838 954 3891 bene
982 3854 995 3892 :
1029 3853 1127 3894 nec
1171 3841 1475 3895 habuerunt
1516 3845 1770 3898 ardentes
1803 3846 2054 3900 lucernas
2084 3849 2134 3901 in

554 3928 828 3994 manibus,
854 3929 956 3984 hoc
988 3939 1091 3994 est,
1133 3947 1236 3986 non
1269 3933 1574 3988 habuerunt
1609 3949 1812 3991 rectum
1850 3939 2138 4008 judicium,

557 4021 650 4073 sed
674 4020 752 4072 vel
779 4021 828 4073 in
863 4021 1061 4074 fastum
1095 4023 1424 4089 inciderunt,
1445 4025 1529 4079 vel
1555 4025 1606 4078 in
1638 4025 1783 4082 aliud
1815 4032 2140 4098 arrogantiae

558 4113 930 4182 praecipitium.
958 4115 1281 4172 Consideres
1301 4129 1481 4172 autem
1512 4129 1566 4174 et
1598 4121 1877 4191 hoc,quod
1901 4124 2137 4192 primum

558 4203 722 4260 lumbi
754 4207 923 4260 nostri
961 4209 1220 4263 succincti
1255 4211 1384 4278 sint,
1407 4211 1599 4267 deinde
1624 4213 1861 4268 lucernae
1889 4216 2135 4271 ardeant.

559 4298 800 4354 Primum
861 4303 1003 4356 enim
1061 4305 1331 4372 Operatio,
1383 4315 1438 4359 et
1487 4307 1680 4362 deinde
1732 4311 2139 4381 contemplatio,

562 4407 681 4459 quae
713 4395 908 4447 mentis
937 4401 1022 4449 est
1052 4395 1364 4451 illustratio.
1391 4397 1637 4452 Lucerna
1666 4402 1811 4454 enim
1861 4413 1944 4456 est
1991 4419 2144 4458 mens

564 4493 773 4548 nostra,
809 4500 931 4554 quae
957 4501 1077 4541 cum
1114 4487 1274 4542 habet
1318 4488 1501 4543 lumen
1560 4489 1653 4546 Dei
1705 4493 1755 4546 in
1810 4509 1868 4549 se
1908 4494 2141 4564 fulgens,

2226 609 2329 680 γῆν
2364 607 2448 661 ἀεὶ
2481 609 2536 661 ὲν
2567 609 2679 672 τοῖς
2714 608 2991 678 ὀρύγμασι
3023 608 3382 679 διαιτώμενος

2301 907 2319 940 ι
2370 889 2655 939 Ἔστωσαν
2689 883 2850 954 ὑμῶν
2872 882 3153 949 αί.ὸσφύες
3177 880 3626 952 περιεζωσμέναι
3661 885 3752 934 καὶ
3772 882 3823 934 οί

2223 977 2403 1049 λύχνοι
2432 979 2736 1048 καιόμενοι,
2766 979 2857 1029 καὶ
2899 976 3058 1045 ὑμεῖς
3087 976 3262 1044 ὅμοιοι
3297 974 3611 1044 ἀνθρώποις
3643 992 3812 1045 προσ-

2222 1073 2531 1143 δεχομένοις
2559 1071 2649 1122 τον
2688 1069 2876 1138 κύριον
2900 1067 3110 1121 ἑαυτῶν
3142 1067 3270 1119 πότε
3302 1067 3563 1119 ἀναλύσει
3601 1069 3668 1120 ἐκ
3723 1067 3823 1119 τῶν

2229 1169 2445 1237 γάμων,
2502 1166 2589 1218 ἵνα
2626 1163 2872 1225 ἐλθόντος
2905 1163 2999 1217 καὶ
3049 1161 3407 1230 κρούσαντος,
3438 1160 3646 1220 εὐθέως
3677 1161 3822 1212 ἀνοίν

2225 1261 2390 1326 ξωσιν
2433 1260 2582 1329 αὐτῷ
2605 1276 2618 1290 ⁸
2658 1258 2919 1330 μακάριοι
2951 1259 3002 1309 oi
3033 1255 3211 1309 δοῦλοι
3243 1257 3441 1309 ἐκεῖνοι
3473 1253 3568 1316 οὓς
3602 1253 3771 1306 ἐλθὼν
3797 1256 3824 1308 6

2222 1355 2410 1426 κύριος
2441 1353 2662 1422 εὑρήσει
2698 1349 3129 1422 γρηγοροῦντας.
3169 1349 3342 1417 ’Λμὴν
3369 1347 3512 1414 λέγω
3545 1348 3710 1416 ὑμῖν,
3741 1346 3822 1399 ὅτι

2223 1445 2614 1517 περιζώσεται,
2643 1446 2740 1497 καὶ
2788 1442 3075 1496 ἀνακλινεῖ
3107 1441 3329 1504 αὐτοὺς,
3381 1441 3475 1492 καὶ
3529 1439 3825 1509 παρελθὼν

2226 1541 2539 1608 διακονήσει
2592 1538 2798 1598 αὐτοῖς.
2834 1534 2944 1588 Καὶ
2977 1534 3072 1587 ὲάν
3121 1533 3250 1603 ἔλθη
3281 1534 3337 1584 ὲν
3364 1535 3429 1600 τῇ
3464 1531 3698 1600 δευτέρα
3727 1547 3829 1596 φυ-

2222 1633 2387 1702 λακῇ,
2423 1633 2515 1684 καὶ
2554 1632 2612 1682 ἐν
2635 1633 2700 1700 τῇ
2733 1629 2892 1699 τρίτῃ
2928 1627 3173 1697 φυλακῇ,
3209 1625 3302 1677 καὶ
3329 1623 3464 1694 εὑρη
3484 1622 3686 1685 οὕτως,
3727 1641 3828 1692 μα-

2223 1723 2405 1793 κάριοί
2447 1724 2588 1774 εἰσιν
2615 1722 2664 1774 oi
2710 1720 2888 1773 δοῦλοι
2935 1721 3155 1772 ἐκεῖνοι.
3214 1716 3386 1768 Τοῦτο
3411 1716 3466 1768 δὲ
3495 1715 3841 1782 γινώσκετε,-

2222 1818 2304 1869 ὃτι
2325 1817 2369 1867 εἰ
2395 1815 2511 1885 ᾔδει
2541 1817 2567 1866 6
2594 1813 2769 1867 olxo6s
2789 1812 2997 1882 σπότης
3027 1810 3158 1881 ποίᾳ
3193 1809 3314 1879 ὦρα
3341 1811 3366 1861 6
3395 1808 3639 1878 κλέπτης
3669 1807 3830 1878 ἔρχε-

2223 1926 2335 1970 ται,
2365 1907 2741 1977 ἐγρηγόρησεν
2801 1905 2890 1969 ἂν,
2924 1906 3018 1958 καὶ
3048 1905 3148 1956 ούκ
3176 1903 3243 1956 ἂν
3274 1903 3455 1971 ἀφῆκε
3503 1902 3831 1971 διορυγῆναι

2223 2001 2316 2053 τὸν
2340 1997 2488 2054 οἶκον
2523 1999 2710 2054 αὑτοῦ.
2749 1999 2860 2053 Καὶ
2893 2000 3053 2067 ὑμεῖς
3083 1992 3178 2050 οὖν
3211 1997 3427 2063 γίνεσθε
3461 1995 3705 2064 ἕτοιμοι,
3746 1997 3832 2049 ὅτι

2224 2079 2257 2165 ᾖ
2289 2094 2411 2166 ὥρα
2441 2095 2499 2146 ού
2529 2095 2759 2159 δοκεῖτε,
2794 2095 2821 2146 6
2854 2092 2987 2155 Υἱὸς
3037 2089 3134 2143 τοῦ
3167 2088 3456 2160 ἀνθρώπου
3515 2090 3761 2158 ἔρχεται.
3807 2107 3828 2141 ι

2237 2186 2557 2256 Ἀπέριττον
2594 2185 2827 2250 ποιήσας
2872 2182 2964 2235 τὸν
3016 2181 3270 2252 μαθητὴν
3324 2181 3491 2235 αὑτοῦ
3533 2183 3560 2233 ὁ
3597 2181 3828 2251 Κύριος,

2225 2278 2319 2330 καὶ
2352 2275 2650 2345 γυμνώσας
2686 2277 2851 2328 αὑτὸν
2890 2277 3070 2345 πάσης
3108 2274 3373 2345 βιωτικῆς
3425 2274 3702 2344 μερίμνης
3734 2273 3836 2326 καὶ

2230 2367 2636 2440 μετεωρισμοῦ,
2685 2368 2782 2421 καὶ
2814 2372 3020 2435 κοῦφον
3071 2367 3564 2437 ἀπεργασάμενος,
3601 2366 3702 2435 ἤδη
3736 2365 3837 2419 καὶ

2226 2460 2508 2532 ὑπηρέτην
2533 2459 2695 2514 αὑτὸν
2716 2460 2878 2512 ποιεῖ.
2905 2461 2996 2511 Δεῖ
3016 2457 3122 2529 γὰρ
3141 2459 3233 2510 τὸν
3254 2460 3552 2528 ὑπηρετεῖν
3578 2457 3833 2522 θέλοντα,

2227 2552 2431 2619 κοῦφον
2455 2547 2596 2608 εἶναι
2630 2551 2724 2603 καὶ
2745 2549 2967 2618 εὐθαλῆ,
2999 2549 3078 2601 διό
3111 2566 3276 2620 φησιν
3298 2566 3312 2582 '
3351 2551 3644 2602 Ἔστωσαν
3673 2550 3837 2620 ὑμῶν

2224 2645 2280 2696 αἱ
2315 2641 2519 2711 ὀσφύες
2551 2641 3016 2712 περιεζωσμέναι,
3051 2642 3187 2710 ὅπερ
3222 2642 3666 2710 ἑστιν,Ἕτοιμοι
3697 2642 3839 2695 πάν·

2225 2752 2348 2788 τοτε
2376 2732 2638 2800 φαίνεσθε
2676 2734 2813 2804 πρὸς
2831 2735 2898 2787 τὰ
2917 2733 3055 2802 ἔργα
3083 2733 3176 2788 τοῦ
3209 2735 3482 2787 Δεσπότου
3513 2733 3690 2802 ὑμῶν.
3722 2735 3838 2787 Καὶ

2225 2830 2274 2882 oi
2303 2827 2488 2898 λύχνοι
2543 2827 2854 2895 καιόμενοιο
2909 2825 3044 2894 ὅπερ
3097 2826 3236 2889 ἐστι,
3302 2826 3396 2896 Μὴ
3427 2827 3484 2878 ἐν
3522 2827 3708 2878 σκύτει
3739 2831 3839 2879 καὶ

2231 2920 2458 2992 ἀκρισία
2491 2919 2732 2986 διάγετε,
2761 2917 2875 2970 ἀλλ’
2905 2918 3050 2970 ἔστω
3079 2918 3234 2988 ὑμῶν
3263 2918 3323 2971 τὸ
3355 2919 3450 2972 τοῦ
3487 2917 3650 2986 λόγου
3694 2920 3834 2987 φῶς,

2233 3019 2415 3066 πάντα
2474 3012 2828 3065 ὑποδεικνύον
2880 3011 2949 3064 τὰ
2997 3012 3248 3082 πρακτέα
3296 3013 3391 3065 καὶ
3435 3013 3510 3082 μὴ
3554 3015 3831 3082 πρακτέα.

2234 3107 2429 3161 Ἔστιν
2459 3104 2554 3159 οὖν
2609 3103 2704 3171 νὺξ
2729 3104 2756 3154 ὁ
2787 3104 2992 3173 κόσμος
3037 3098 3214 3167 οὗτος.
3273 3103 3608 3174 Ἐζωσμένοι
3648 3106 3705 3158 δὲ
3734 3106 3838 3168 τὰς

2233 3198 2463 3268 ὀσφύας,
2496 3198 2544 3252 oi
2581 3198 2679 3267 τὴν
2730 3195 3042 3267 πρακτικὴν
3078 3197 3376 3266 μετιόντες.
3431 3195 3689 3250 Τοιοῦτον
3726 3199 3839 3267 γὰρ

2234 3289 2293 3342 τὸ
2323 3290 2510 3360 σχῆμα
2541 3289 2650 3342 τῶν
2707 3288 3039 3359 ἐργατικῶν,
3069 3282 3151 3353 οἷς
3183 3289 3266 3342 δεῖ
3293 3289 3387 3343 καὶ
3423 3290 3550 3352 τοὺς
3605 3289 3842 3358 λύχνους

2235 3385 2518 3452 προσεῖναι
2551 3381 2896 3452 καιομένους.
2924 3383 3017 3433 Δεῖ
3046 3382 3153 3451 γὰρ
3179 3384 3246 3454 τῇ
3288 3385 3568 3453 πρακτικῇ
3611 3385 3843 3452 προσεῖ-

2237 3494 2325 3529 ναι
2358 3475 2454 3528 καὶ
2484 3475 2544 3526 τὸ
2575 3477 2673 3544 τῆς
2709 3473 3036 3544 διακρίσεως
3085 3475 3356 3546 χάρισμα,
3388 3475 3457 3527 ἵν’
3498 3474 3616 3544 ἐχοι
3661 3477 3844 3545 διαγι-

2237 3567 2472 3619 νώσκειν
2503 3569 2531 3619 6
2561 3565 2886 3635 πρακτικὸς,
2918 3566 2978 3618 ού
3014 3566 3173 3636 μόνον
3201 3565 3254 3617 τί
3299 3566 3404 3638 χρὴ
3451 3569 3652 3632 ποιεῖν,
3701 3568 3843 3621 ἀλλά

2240 3663 2332 3715 καὶ
2369 3662 2429 3715 τὸ
2462 3662 2600 3724 πῶς.
2638 3659 2832 3712 Πολλοὶ
2861 3659 2962 3729 μὲν
2999 3657 3107 3728 γὰρ
3140 3658 3201 3710 τὸ
3233 3659 3396 3712 καλὸν
3450 3659 3745 3728 ἐποίησαν,
3781 3660 3840 3713 οὐ

2238 3753 2420 3816 καλῶς
2467 3753 2544 3806 δέ·
2580 3755 2628 3806 οί
2675 3750 2906 3804 τοιοῦτοι
2957 3749 3050 3803 οὖν
3100 3749 3200 3813 τὰς
3263 3749 3363 3820 μὲν
3433 3750 3648 3818 ὀσφύας
3698 3746 3844 3820 ἦσαν

2240 3845 2712 3917 περιεζωσμένοι·
2775 3843 3048 3914 ἔπραττον
3099 3841 3227 3912 γὰρ,
3293 3843 3420 3906 τοὺς
3486 3842 3545 3894 δὲ
3606 3841 3840 3913 λύχνους

2241 3939 2339 3992 οὐκ
2411 3933 2554 4007 εἶχον
2645 3937 3008 4007 καιομένους,
3089 3935 3425 4003 τουτέστιν,
3506 3937 3608 3990 οὐκ
3695 3934 3846 4008 εἶχον

2242 4031 2339 4102 τὴν
2371 4033 2435 4084 ὲκ
2481 4031 2765 4098 τοῦλόγου
2826 4029 3120 4100 διάκρισιν,
3169 4029 3290 4083 ἀλλΤ
3319 4030 3352 4098 ἢ
3400 4031 3479 4090 εἰς
3527 4029 3701 4098 τύψον
3752 4033 3842 4084 ἐν·

2242 4124 2461 4189 έπεσον,
2495 4125 2526 4194 ἢ
2562 4127 2640 4187 εἰς
2689 4123 2850 4188 ἄλλον
2903 4122 3164 4185 ἀπονοίας
3220 4123 3490 4193 κρημνόν.
3517 4121 3760 4190 Νοήσεις
3790 4125 3844 4178 δὲ

2243 4218 2338 4271 καὶ
2369 4217 2547 4282 τοῦτο,
2584 4219 2663 4270 ὅτι
2697 4216 2909 4286 πρῶτον
2939 4218 2994 4270 αἱ
3025 4215 3224 4284 ὀσφύες
3268 4214 3427 4285 ἡμῶν
3464 4214 3844 4285 περιζώννυν-

2245 4327 2360 4374 ται,
2392 4305 2510 4360 εἶτα
2538 4310 2586 4361 οἱ
2618 4308 2802 4377 λύχνοι
2859 4309 3127 4360 καίονται.
3171 4307 3398 4378 Πρῶτον
3449 4306 3561 4378 γάρ
3613 4307 3841 4379 πρᾶξις,

2251 4395 2374 4453 εἶτα
2410 4399 2634 4473 θεωρία,
2684 4401 2805 4469 ἥτις
2850 4400 2968 4451 ἐστὶ
3018 4399 3109 4452 τού
3151 4398 3242 4452 νοῦ
3291 4399 3579 4468 ἕλλαμψις.
3636 4401 3846 4470 Λύχνος

2247 4491 2356 4562 γάρ
2385 4494 2411 4544 6
2439 4490 2564 4554 νοῦς
2613 4490 2790 4561 ἡμῶν,
2823 4490 2878 4553 ὃς
2921 4492 3051 4544 ὅταν
3100 4490 3197 4561 ἔχῃ
3227 4490 3288 4543 τὸ
3330 4490 3446 4558 φῶς
3489 4488 3584 4543 τοῦ
3617 4491 3758 4546 Θεοῦ
3787 4495 3845 4547 ὲν

560 4583 672 4627 tum
713 4575 910 4630 dicitur
943 4579 1154 4632 ardere.
1187 4579 1388 4635 Demus
1430 4581 1595 4650 igitur
1631 4599 1878 4654 operam,
1924 4597 1984 4641 ut
2034 4589 2130 4642 vir-

2249 4585 2398 4658 αὐτῷ
2421 4585 2658 4656 λάμπον,
2689 4585 2812 4638 τότε
2847 4585 3064 4652 λέγεται
3117 4583 3370 4637 καίεσθαι
3393 4597 3408 4613 ⁸
3440 4583 3845 4654 σπουδάσωμεν

562 4674 675 4720 tute
699 4667 869 4723 simus
895 4670 1104 4737 praediti
1135 4671 1267 4724 duas
1307 4673 1567 4728 habentes
1590 4675 1839 4733 lucernas
1864 4680 2139 4747 ardentes,

561 4769 615 4814 et
668 4775 978 4816 sermonem
1033 4763 1302 4818 internum
1331 4765 1382 4818 in
1413 4765 1791 4833 alfectibus,et
1819 4787 1978 4841 quem
2016 4788 2140 4842 pro-

563 4855 874 4908 nuntiamus
903 4872 917 4909 :
947 4863 998 4909 et
1028 4855 1298 4911 internum
1332 4857 1550 4928 quidem
1586 4867 1643 4914 ut.
1687 4877 1783 4929 per
1813 4866 1992 4918 omnia
2027 4867 2143 4921 aui-

566 4960 705 4997 mam
744 4946 976 5002 illustret
1007 4967 1022 5003 :
1056 4965 1177 5004 eum
1211 4960 1390 5006 autem
1427 4968 1586 5022 quem
1625 4955 1972 5022 proferimus,
2002 4967 2057 5012 ut
2085 4959 2139 5012 in

561 5037 725 5108 376
759 5039 936 5109 lingua
968 5040 1228 5112 refulgeat
1256 5043 1486 5098 lucidus.
1515 5047 1761 5100 lnternus
1797 5063 1896 5101 nos
1945 5048 2146 5103 illumi-

566 5141 677 5196 net,
730 5132 1012 5187 doctorum
1049 5145 1226 5189 autem
1273 5151 1470 5200 sermo,
1506 5148 1560 5193 et
1593 5139 1684 5208 qui
1746 5143 2145 5210 pronuntiatur,

569 5222 722 5276 alios.
751 5225 815 5279 Et
838 5242 932 5280 nos
959 5228 1164 5282 similes
1189 5229 1355 5284 simus
1375 5231 1683 5287 hominibus
1703 5237 2147 5304 exspectantibus

567 5316 840 5373 deminum
879 5336 1033 5374 suum
1089 5322 1306 5390 quando
1357 5334 1663 5379 revertatur
1693 5343 1722 5381 a
1759 5329 1980 5396 nuptiis.
2009 5329 2145 5396 Quis

568 5417 747 5461 autem
779 5410 863 5464 hic
896 5411 1145 5466 dominus
1176 5413 1312 5468 alius
1343 5431 1503 5482 quam
1536 5417 1788 5474 Christus
1817 5418 1974 5474 Jesus
2007 5422 2028 5475 ?
2055 5424 2144 5491 qui

569 5500 857 5556 humanam
881 5506 1096 5574 quidem
1124 5509 1417 5578 assumpsit
1445 5523 1716 5577 naturam,
1737 5522 1788 5566 et
1820 5515 1961 5568 sicut
1987 5529 2149 5584 spon-

567 5609 682 5650 sam
710 5594 977 5663 copulavit
1005 5599 1125 5664 sibi,
1151 5611 1202 5654 ct
1231 5602 1449 5671 nuptias
1476 5605 1621 5672 fecit,
1649 5606 1698 5658 in
1727 5621 1958 5660 carnem.
1980 5624 2144 5660 unam

571 5687 617 5740 ei
650 5703 708 5742 se
744 5688 1083 5759 adjungendo
1117 5713 1128 5746 :
1165 5694 1270 5748 imo
1308 5713 1412 5750 non
1446 5714 1580 5752 unas
1619 5698 1746 5754 fecit
1796 5703 2147 5770 nuptias,scd

575 5781 792 5837 multas.
819 5785 1069 5848 Quotidie
1095 5789 1232 5840 enim
1279 5791 1476 5858 nuptiae
1515 5793 1646 5846 fiunt
1689 5795 1741 5847 in
1775 5795 1911 5849 ctelo
1935 5807 2149 5849 sancta-

578 5885 691 5924 rum
727 5876 1050 5940 animarum,
1098 5895 1223 5945 qum
1258 5885 1300 5934 ri
1354 5887 1692 5940 commendat
1746 5886 2071 5952 l‘au!u5,vcl
2105 5889 2147 5942 al

2245 4677 2340 4731 οὖν
2373 4679 2577 4749 ἀρετὴν
2607 4679 2816 4740 ἀσκεῖν,
2850 4677 2938 4729 ἵνα
2962 4679 3087 4739 τοὺς
3117 4673 3212 4728 δύο
3238 4674 3468 4746 λύχνους
3495 4677 3528 4745 ἡ
3540 4677 3659 4745 μῶν
3691 4694 3844 4729 καιο⁸

2250 4771 2442 4842 μένους
2482 4771 2695 4842 ἔχωμεν
2722 4809 2736 4833 ,
2780 4769 2872 4822 τόν
2919 4786 2979 4822 τε
3018 4768 3324 4823 ἐνδιάθετον
3376 4769 3560 4836 λόγον,
3613 4771 3711 4821 καὶ
3751 4769 3845 4822 τὸν

2252 4864 2610 4936 προφορικδν,
2646 4863 2738 4916 τὸν
2771 4864 2869 4932 μὲν
2909 4860 3214 4915 ἐνδιάθετον
3252 4860 3339 4914 διὰ
3389 4859 3592 4922 παντὸς
3638 4860 3844 4929 ἀστρά-

2251 4973 2454 5009 πτοντα
2477 4956 2534 5006 ὲν
2563 4957 2630 5026 τῇ
2651 4955 2819 5025 ψυχῇ,
2853 4955 2944 5008 τὸν
2971 4953 3026 5007 δὲ
3058 4953 3393 5023 προφορικὸν
3419 4955 3478 5005 ὲν
3505 4953 3571 5021 τῇ
3594 4951 3840 5021 γλώσσῃ.

2263 5049 2322 5103 Ὀ
2358 5047 2457 5118 μὲν
2490 5047 2598 5118 γὰρ
2650 5047 2797 5100 ἔνδον
2836 5048 2984 5118 ἡμᾶς
3025 5046 3272 5112 φωτίζει,
3305 5048 3330 5098 ὁ
3362 5043 3417 5098 δὲ
3459 5043 3844 5106 διδασκαλικὸς

2252 5140 2344 5192 καὶ
2373 5140 2707 5208 προφορικὸς
2733 5139 2924 5207 λύχνος
2957 5139 3082 5202 τοὺς
3110 5137 3328 5199 ἄλλους.
3368 5137 3477 5188 Καὶ
3504 5138 3666 5205 ἡμεῖς
3695 5129 3841 5203 ὦμεν

2250 5232 2424 5302 ὅμοιοι
2457 5231 2770 5301 ἀνθρώποις
2796 5229 3252 5301 προσδεχομένοις
3275 5229 3365 5281 τὸν
3384 5229 3589 5300 Κύριον
3613 5229 3842 5291 ἑαυτῶνν

2256 5326 2387 5377 πότε
2423 5325 2681 5377 ἁναλύσει
2710 5327 2772 5376 ἐκ
2802 5324 2909 5375 τῶν
2939 5324 3135 5392 γάμων
3157 5341 3170 5354 ο
3194 5322 3274 5385 τίς
3299 5321 3352 5374 δὲ
3379 5315 3535 5384 οὗτος
3561 5323 3584 5371 ο
3613 5322 3842 5390 Κύριος,

2259 5418 2288 5488 ἢ
2323 5421 2346 5469 6
2379 5417 2612 5486 Χριστὸς
2644 5419 2671 5470 ὁ
2711 5416 2949 5486 Ἰησοῦς;
2990 5418 3084 5478 Ὃς
3121 5416 3219 5486 τὴν
3270 5414 3621 5485 ἀνθρωπίνην
3685 5413 3842 5481 φύσιν

2256 5510 2546 5564 ἀναλαϐὼν
2591 5510 2665 5573 ὼς
2723 5511 2965 5580 νύμφην,
3009 5512 3101 5562 καὶ
3136 5507 3341 5571 ὲνὼσας
3414 5509 3616 5575 ἑαυτῷ,
3669 5508 3842 5574 γάμον

2255 5604 2510 5674 ἐποίησεν
2545 5606 2623 5666 είς
2656 5603 2835 5672 σάρκα
2871 5604 2997 5672 μίαν
3027 5604 3164 5671 αὐτῇ
3195 5601 3501 5670 κολληθεὶς,
3541 5600 3741 5666 μᾶλλον
3765 5601 3842 5659 δὲ.

2252 5698 2349 5768 οὐχ
2381 5697 2473 5749 ἕνα
2509 5697 2684 5765 γάμον
2717 5698 2971 5760 ποιεῖται,
3000 5697 3132 5748 ἀλλὰ
3161 5693 3410 5757 πολλούς’
3449 5693 3574 5745 καθ’
3607 5694 3843 5762 ὲκάετην

2255 5791 2362 5860 γὰρ
2398 5791 2613 5860 ἡμέραν
2660 5791 2996 5861 νυμφεύεται
3042 5793 3096 5842 ἐν
3134 5789 3348 5861 ούρανῷ
3383 5789 3480 5851 τὰς
3531 5789 3636 5841 τῶν
3671 5789 3841 5855 ἁγῐιυν

2258 5886 2451 5955 ζηχέιτς,
2486 5885 2549 5950 ξις
2596 5888 2909 5958 arguatis."
2956 5887 3098 5950 αὕτη]
3162 5885 3454 5947 Ιίιχῖι).ο;,ῆ
3529 5886 3658 5944 ῖτις
3705 5900 3838 5934 κατι
