  <div class='ocr_page' id='page_1' title='image "/cluster/home/n/w/nwhite01/storage/ocr_20150623/123/ien.35556001659978/454.png"; bbox 0 0 4030 6430; ppageno 0'>
   <div class='ocr_carea' id='block_1_1' title="bbox 262 399 374 466">
    <p class='ocr_par' dir='ltr' id='par_1_1' title="bbox 262 399 374 466">
     <span class='ocr_line' id='line_1_1' title="bbox 262 399 374 466; baseline 0.018 -2"><span class='ocrx_word' id='word_1_1' title='bbox 262 399 374 466; x_wconf 81' lang='grc' dir='ltr'><strong>89Ἱ</strong></span> 
     </span>
    </p>
   </div>
   <div class='ocr_carea' id='block_1_2' title="bbox 988 377 2884 453">
    <p class='ocr_par' dir='ltr' id='par_1_2' title="bbox 988 377 2884 453">
     <span class='ocr_line' id='line_1_2' title="bbox 988 377 2884 453; baseline -0.009 0"><span class='ocrx_word' id='word_1_2' title='bbox 988 388 1441 453; x_wconf 81' lang='lat' dir='ltr'><strong>ENARRATIO</strong></span> <span class='ocrx_word' id='word_1_3' title='bbox 1481 388 1565 449; x_wconf 90' lang='lat' dir='ltr'><strong>IN</strong></span> <span class='ocrx_word' id='word_1_4' title='bbox 1593 380 2110 449; x_wconf 84' lang='lat' dir='ltr'><strong>EVANGELIUM</strong></span> <span class='ocrx_word' id='word_1_5' title='bbox 2155 381 2399 445; x_wconf 61' lang='grc' dir='ltr'><strong>[ΗΕΒ.</strong></span> <span class='ocrx_word' id='word_1_6' title='bbox 2427 403 2498 414; x_wconf 87' lang='grc'><strong>-</strong></span> <span class='ocrx_word' id='word_1_7' title='bbox 2535 379 2698 439; x_wconf 76' lang='lat' dir='ltr'><strong>(&#39;AP.</strong></span> <span class='ocrx_word' id='word_1_8' title='bbox 2746 377 2884 438; x_wconf 82' lang='lat' dir='ltr'><strong>XII.</strong></span> 
     </span>
    </p>
   </div>
   <div class='ocr_carea' id='block_1_3' title="bbox 3511 370 3619 437">
    <p class='ocr_par' dir='ltr' id='par_1_3' title="bbox 3511 370 3619 437">
     <span class='ocr_line' id='line_1_3' title="bbox 3511 370 3619 437; baseline -0.019 -1"><span class='ocrx_word' id='word_1_9' title='bbox 3511 370 3619 437; x_wconf 78' lang='lat'><strong>833</strong></span> 
     </span>
    </p>
   </div>
   <div class='ocr_carea' id='block_1_4' title="bbox 265 453 1890 580">
    <p class='ocr_par' dir='ltr' id='par_1_4' title="bbox 265 498 1886 580">
     <span class='ocr_line' id='line_1_4' title="bbox 265 498 1886 580; baseline -0.01 -12"><span class='ocrx_word' id='word_1_10' title='bbox 265 511 512 578; x_wconf 81' lang='grc' dir='ltr'><strong>Παῦλον,</strong></span> <span class='ocrx_word' id='word_1_11' title='bbox 565 505 874 580; x_wconf 71' lang='grc' dir='ltr'><strong>παρθένους</strong></span> <span class='ocrx_word' id='word_1_12' title='bbox 916 503 1110 573; x_wconf 85' lang='grc' dir='ltr'>ἀγνάς.</span> <span class='ocrx_word' id='word_1_13' title='bbox 1168 502 1421 556; x_wconf 79' lang='grc' dir='ltr'>’Δναλύει</span> <span class='ocrx_word' id='word_1_14' title='bbox 1457 501 1516 554; x_wconf 77' lang='grc' dir='ltr'>δὲ</span> <span class='ocrx_word' id='word_1_15' title='bbox 1562 502 1628 554; x_wconf 79' lang='grc' dir='ltr'>ὲκ</span> <span class='ocrx_word' id='word_1_16' title='bbox 1673 498 1784 554; x_wconf 84' lang='grc' dir='ltr'><strong>τῶν</strong></span> <span class='ocrx_word' id='word_1_17' title='bbox 1812 500 1886 560; x_wconf 75' lang='grc' dir='ltr'>,ἐν</span> 
     </span>
    </p>
   </div>
   <div class='ocr_carea' id='block_1_5' title="bbox 1997 453 3617 580">
    <p class='ocr_par' dir='ltr' id='par_1_5' title="bbox 1997 475 3617 569">
     <span class='ocr_line' id='line_1_5' title="bbox 1997 475 3617 569; baseline -0.007 -16"><span class='ocrx_word' id='word_1_18' title='bbox 1997 498 2119 569; x_wconf 85' lang='lat' dir='ltr'><strong>quis</strong></span> <span class='ocrx_word' id='word_1_19' title='bbox 2148 497 2346 552; x_wconf 85' lang='lat' dir='ltr'><strong>similis</strong></span> <span class='ocrx_word' id='word_1_20' title='bbox 2379 493 2564 559; x_wconf 80' lang='lat' dir='ltr'><strong>Paulo,</strong></span> <span class='ocrx_word' id='word_1_21' title='bbox 2607 494 2848 569; x_wconf 79' lang='lat' dir='ltr'><strong>virgines</strong></span> <span class='ocrx_word' id='word_1_22' title='bbox 2913 499 3101 546; x_wconf 87' lang='lat' dir='ltr'><strong>castas</strong></span> <span class='ocrx_word' id='word_1_23' title='bbox 3126 490 3194 551; x_wconf 57' lang='grc' dir='ltr'><strong>β’.</strong></span> <span class='ocrx_word' id='word_1_24' title='bbox 3245 488 3408 544; x_wconf 82' lang='lat' dir='ltr'><strong>Redit</strong></span> <span class='ocrx_word' id='word_1_25' title='bbox 3436 475 3617 544; x_wconf 81' lang='lat' dir='ltr'><strong>autem</strong></span> 
     </span>
    </p>
   </div>
   <div class='ocr_carea' id='block_1_6' title="bbox 262 594 1882 677">
    <p class='ocr_par' dir='ltr' id='par_1_6' title="bbox 262 594 1882 677">
     <span class='ocr_line' id='line_1_6' title="bbox 262 594 1882 677; baseline -0.01 -16"><span class='ocrx_word' id='word_1_26' title='bbox 262 606 526 677; x_wconf 75' lang='grc' dir='ltr'><strong>οὐρανοῖς</strong></span> <span class='ocrx_word' id='word_1_27' title='bbox 563 603 782 672; x_wconf 82' lang='grc' dir='ltr'>γάμων,</span> <span class='ocrx_word' id='word_1_28' title='bbox 810 598 955 668; x_wconf 89' lang='grc' dir='ltr'><strong>τάχα</strong></span> <span class='ocrx_word' id='word_1_29' title='bbox 992 597 1093 668; x_wconf 74' lang='grc' dir='ltr'><strong>μὶν</strong></span> <span class='ocrx_word' id='word_1_30' title='bbox 1123 596 1435 659; x_wconf 81' lang='grc' dir='ltr'><strong>καθολικῶς</strong></span> <span class='ocrx_word' id='word_1_31' title='bbox 1466 597 1527 650; x_wconf 82' lang='grc' dir='ltr'>ὲν</span> <span class='ocrx_word' id='word_1_32' title='bbox 1552 598 1618 674; x_wconf 73' lang='grc' dir='ltr'>τῇ</span> <span class='ocrx_word' id='word_1_33' title='bbox 1648 594 1882 648; x_wconf 83' lang='grc' dir='ltr'><strong>καθόλου</strong></span> 
     </span>
    </p>
   </div>
   <div class='ocr_carea' id='block_1_7' title="bbox 269 686 1883 768">
    <p class='ocr_par' dir='ltr' id='par_1_7' title="bbox 269 686 1883 768">
     <span class='ocr_line' id='line_1_7' title="bbox 269 686 1883 768; baseline -0.007 -17"><span class='ocrx_word' id='word_1_34' title='bbox 269 699 582 768; x_wconf 73' lang='grc' dir='ltr'>συντελείᾳ,</span> <span class='ocrx_word' id='word_1_35' title='bbox 619 697 706 746; x_wconf 72' lang='grc' dir='ltr'>ὅτε</span> <span class='ocrx_word' id='word_1_36' title='bbox 732 692 828 745; x_wconf 88' lang='grc' dir='ltr'>ἀπ’</span> <span class='ocrx_word' id='word_1_37' title='bbox 859 688 1093 762; x_wconf 81' lang='grc' dir='ltr'>ούρανοῦ</span> <span class='ocrx_word' id='word_1_38' title='bbox 1132 687 1418 743; x_wconf 80' lang='grc' dir='ltr'>ἐλεύσεται</span> <span class='ocrx_word' id='word_1_39' title='bbox 1445 691 1503 742; x_wconf 81' lang='grc' dir='ltr'><strong>ἐν</strong></span> <span class='ocrx_word' id='word_1_40' title='bbox 1534 691 1600 759; x_wconf 75' lang='grc' dir='ltr'>τῇ</span> <span class='ocrx_word' id='word_1_41' title='bbox 1632 686 1762 762; x_wconf 81' lang='grc' dir='ltr'>δόξῃ</span> <span class='ocrx_word' id='word_1_42' title='bbox 1787 687 1883 740; x_wconf 81' lang='grc' dir='ltr'><strong>τοῦ</strong></span> 
     </span>
    </p>
   </div>
   <div class='ocr_carea' id='block_1_8' title="bbox 266 780 1885 861">
    <p class='ocr_par' dir='ltr' id='par_1_8' title="bbox 266 780 1885 861">
     <span class='ocr_line' id='line_1_8' title="bbox 266 780 1885 861; baseline -0.009 -17"><span class='ocrx_word' id='word_1_43' title='bbox 266 791 519 861; x_wconf 70' lang='grc' dir='ltr'>Πατρός.</span> <span class='ocrx_word' id='word_1_44' title='bbox 552 787 704 855; x_wconf 79' lang='grc' dir='ltr'>Τάχα</span> <span class='ocrx_word' id='word_1_45' title='bbox 735 786 791 838; x_wconf 81' lang='grc' dir='ltr'>δὲ</span> <span class='ocrx_word' id='word_1_46' title='bbox 839 785 933 838; x_wconf 82' lang='grc' dir='ltr'><strong>καὶ</strong></span> <span class='ocrx_word' id='word_1_47' title='bbox 968 782 1092 836; x_wconf 83' lang='grc' dir='ltr'>καθ’</span> <span class='ocrx_word' id='word_1_48' title='bbox 1129 781 1372 852; x_wconf 82' lang='grc' dir='ltr'>ὲκάστην</span> <span class='ocrx_word' id='word_1_49' title='bbox 1411 780 1562 852; x_wconf 84' lang='grc' dir='ltr'>ὥραν</span> <span class='ocrx_word' id='word_1_50' title='bbox 1590 782 1647 831; x_wconf 78' lang='grc' dir='ltr'><strong>ὲν</strong></span> <span class='ocrx_word' id='word_1_51' title='bbox 1676 783 1740 849; x_wconf 75' lang='grc' dir='ltr'>τῇ</span> <span class='ocrx_word' id='word_1_52' title='bbox 1786 794 1885 849; x_wconf 84' lang='grc' dir='ltr'><strong>με-</strong></span> 
     </span>
    </p>
   </div>
   <div class='ocr_carea' id='block_1_9' title="bbox 273 872 1884 957">
    <p class='ocr_par' dir='ltr' id='par_1_9' title="bbox 273 872 1884 957">
     <span class='ocr_line' id='line_1_9' title="bbox 273 872 1884 957; baseline -0.008 -19"><span class='ocrx_word' id='word_1_53' title='bbox 273 888 406 957; x_wconf 81' lang='grc' dir='ltr'>ρικῇ</span> <span class='ocrx_word' id='word_1_54' title='bbox 434 881 528 935; x_wconf 83' lang='grc' dir='ltr'><strong>τοῦ</strong></span> <span class='ocrx_word' id='word_1_55' title='bbox 560 879 682 933; x_wconf 83' lang='grc' dir='ltr'>καθ’</span> <span class='ocrx_word' id='word_1_56' title='bbox 711 878 810 932; x_wconf 76' lang='grc' dir='ltr'><strong>ἕνα</strong></span> <span class='ocrx_word' id='word_1_57' title='bbox 858 876 1143 947; x_wconf 79' lang='grc' dir='ltr'><strong>συντελείᾳ</strong></span> <span class='ocrx_word' id='word_1_58' title='bbox 1175 875 1432 945; x_wconf 81' lang='grc' dir='ltr'><strong>ἀοράτως</strong></span> <span class='ocrx_word' id='word_1_59' title='bbox 1484 873 1580 926; x_wconf 79' lang='grc' dir='ltr'>καὶ</span> <span class='ocrx_word' id='word_1_60' title='bbox 1609 872 1884 943; x_wconf 82' lang='grc' dir='ltr'>ἀπροσδο-</span> 
     </span>
    </p>
   </div>
   <div class='ocr_carea' id='block_1_10' title="bbox 269 960 1886 1049">
    <p class='ocr_par' dir='ltr' id='par_1_10' title="bbox 269 960 1886 1049">
     <span class='ocr_line' id='line_1_10' title="bbox 269 960 1886 1049; baseline -0.01 -17"><span class='ocrx_word' id='word_1_61' title='bbox 269 980 455 1049; x_wconf 77' lang='grc' dir='ltr'>κήτως</span> <span class='ocrx_word' id='word_1_62' title='bbox 493 975 865 1042; x_wconf 73' lang='grc' dir='ltr'>ἐφιστάμενος</span> <span class='ocrx_word' id='word_1_63' title='bbox 889 988 901 1001; x_wconf 88' lang='grc'>·</span> <span class='ocrx_word' id='word_1_64' title='bbox 945 980 1220 1040; x_wconf 77' lang='grc' dir='ltr'>μακάριος</span> <span class='ocrx_word' id='word_1_65' title='bbox 1251 967 1346 1021; x_wconf 78' lang='grc' dir='ltr'><strong>οὖν</strong></span> <span class='ocrx_word' id='word_1_66' title='bbox 1372 966 1604 1030; x_wconf 74' lang='grc' dir='ltr'>ἐκεῖνος,</span> <span class='ocrx_word' id='word_1_67' title='bbox 1633 960 1691 1018; x_wconf 82' lang='grc' dir='ltr'>ὃν</span> <span class='ocrx_word' id='word_1_68' title='bbox 1719 965 1886 1035; x_wconf 80' lang='grc' dir='ltr'>εὑρή-</span> 
     </span>
    </p>
   </div>
   <div class='ocr_carea' id='block_1_11' title="bbox 270 1055 1886 1139">
    <p class='ocr_par' dir='ltr' id='par_1_11' title="bbox 270 1055 1886 1139">
     <span class='ocr_line' id='line_1_11' title="bbox 270 1055 1886 1139; baseline -0.011 -13"><span class='ocrx_word' id='word_1_69' title='bbox 270 1090 357 1126; x_wconf 85' lang='grc' dir='ltr'><strong>σει</strong></span> <span class='ocrx_word' id='word_1_70' title='bbox 377 1067 819 1139; x_wconf 72' lang='grc' dir='ltr'><strong>περιεζωσμένον</strong></span> <span class='ocrx_word' id='word_1_71' title='bbox 850 1063 948 1133; x_wconf 84' lang='grc' dir='ltr'>μὲν</span> <span class='ocrx_word' id='word_1_72' title='bbox 963 1063 1062 1134; x_wconf 81' lang='grc' dir='ltr'>τὴν</span> <span class='ocrx_word' id='word_1_73' title='bbox 1085 1063 1277 1131; x_wconf 81' lang='grc' dir='ltr'>ὀσφὺν,</span> <span class='ocrx_word' id='word_1_74' title='bbox 1304 1056 1393 1114; x_wconf 72' lang='grc' dir='ltr'><strong>οἷα</strong></span> <span class='ocrx_word' id='word_1_75' title='bbox 1416 1060 1481 1130; x_wconf 84' lang='grc' dir='ltr'>δὴ</span> <span class='ocrx_word' id='word_1_76' title='bbox 1500 1060 1574 1130; x_wconf 76' lang='grc' dir='ltr'>τῷ</span> <span class='ocrx_word' id='word_1_77' title='bbox 1594 1055 1886 1131; x_wconf 78' lang='grc' dir='ltr'>πρακτικῷ</span> 
     </span>
    </p>
   </div>
   <div class='ocr_carea' id='block_1_12' title="bbox 274 1150 1883 1236">
    <p class='ocr_par' dir='ltr' id='par_1_12' title="bbox 274 1150 1883 1236">
     <span class='ocr_line' id='line_1_12' title="bbox 274 1150 1883 1236; baseline -0.009 -20"><span class='ocrx_word' id='word_1_78' title='bbox 274 1165 434 1236; x_wconf 77' lang='grc' dir='ltr'>μέρει</span> <span class='ocrx_word' id='word_1_79' title='bbox 469 1164 569 1230; x_wconf 80' lang='grc' dir='ltr'>τῆς</span> <span class='ocrx_word' id='word_1_80' title='bbox 604 1160 748 1213; x_wconf 88' lang='grc' dir='ltr'><strong>κατά</strong></span> <span class='ocrx_word' id='word_1_81' title='bbox 778 1157 1014 1228; x_wconf 80' lang='grc' dir='ltr'>Χριστὸν</span> <span class='ocrx_word' id='word_1_82' title='bbox 1055 1154 1380 1224; x_wconf 78' lang='grc' dir='ltr'><strong>φιλοσοφίας</strong></span> <span class='ocrx_word' id='word_1_83' title='bbox 1419 1151 1754 1222; x_wconf 87' lang='grc' dir='ltr'>θεραπεύειν</span> <span class='ocrx_word' id='word_1_84' title='bbox 1789 1150 1883 1203; x_wconf 81' lang='grc' dir='ltr'><strong>τὸν</strong></span> 
     </span>
    </p>
   </div>
   <div class='ocr_carea' id='block_1_13' title="bbox 270 1243 1884 1326">
    <p class='ocr_par' dir='ltr' id='par_1_13' title="bbox 270 1243 1884 1326">
     <span class='ocr_line' id='line_1_13' title="bbox 270 1243 1884 1326; baseline -0.01 -15"><span class='ocrx_word' id='word_1_85' title='bbox 270 1259 410 1311; x_wconf 81' lang='grc' dir='ltr'>Θεὸν</span> <span class='ocrx_word' id='word_1_86' title='bbox 447 1254 869 1326; x_wconf 77' lang='grc' dir='ltr'>ἑτοιμασθέντα,</span> <span class='ocrx_word' id='word_1_87' title='bbox 913 1251 1113 1321; x_wconf 75' lang='grc' dir='ltr'>ἔχοντα</span> <span class='ocrx_word' id='word_1_88' title='bbox 1153 1249 1208 1302; x_wconf 81' lang='grc' dir='ltr'><strong>δὲ</strong></span> <span class='ocrx_word' id='word_1_89' title='bbox 1236 1248 1329 1300; x_wconf 81' lang='grc' dir='ltr'><strong>τὸν</strong></span> <span class='ocrx_word' id='word_1_90' title='bbox 1365 1247 1558 1316; x_wconf 82' lang='grc' dir='ltr'>λύχνον</span> <span class='ocrx_word' id='word_1_91' title='bbox 1593 1244 1690 1297; x_wconf 78' lang='grc' dir='ltr'>τοῦ</span> <span class='ocrx_word' id='word_1_92' title='bbox 1723 1243 1884 1312; x_wconf 85' lang='grc' dir='ltr'>λόγου</span> 
     </span>
    </p>
   </div>
   <div class='ocr_carea' id='block_1_14' title="bbox 269 1337 1883 1419">
    <p class='ocr_par' dir='ltr' id='par_1_14' title="bbox 269 1337 1883 1419">
     <span class='ocr_line' id='line_1_14' title="bbox 269 1337 1883 1419; baseline -0.009 -15"><span class='ocrx_word' id='word_1_93' title='bbox 269 1353 369 1404; x_wconf 65' lang='grc' dir='ltr'>καὶ</span> <span class='ocrx_word' id='word_1_94' title='bbox 399 1351 499 1419; x_wconf 79' lang='grc' dir='ltr'>τῆς</span> <span class='ocrx_word' id='word_1_95' title='bbox 531 1347 862 1416; x_wconf 79' lang='grc' dir='ltr'>διακρίσεως</span> <span class='ocrx_word' id='word_1_96' title='bbox 902 1342 1219 1412; x_wconf 80' lang='grc' dir='ltr'>καιόμενον,</span> <span class='ocrx_word' id='word_1_97' title='bbox 1251 1341 1346 1393; x_wconf 85' lang='grc' dir='ltr'><strong>καὶ</strong></span> <span class='ocrx_word' id='word_1_98' title='bbox 1386 1341 1461 1410; x_wconf 84' lang='grc' dir='ltr'><strong>μὴ</strong></span> <span class='ocrx_word' id='word_1_99' title='bbox 1499 1339 1663 1408; x_wconf 86' lang='grc' dir='ltr'>μόνον</span> <span class='ocrx_word' id='word_1_100' title='bbox 1704 1337 1883 1408; x_wconf 80' lang='grc' dir='ltr'>πράτ-</span> 
     </span>
    </p>
   </div>
   <div class='ocr_carea' id='block_1_15' title="bbox 268 1431 1887 1504">
    <p class='ocr_par' dir='ltr' id='par_1_15' title="bbox 268 1431 1887 1504">
     <span class='ocr_line' id='line_1_15' title="bbox 268 1431 1887 1504; baseline -0.009 -7"><span class='ocrx_word' id='word_1_101' title='bbox 268 1461 436 1497; x_wconf 88' lang='grc' dir='ltr'>τοντα</span> <span class='ocrx_word' id='word_1_102' title='bbox 465 1443 525 1494; x_wconf 88' lang='grc' dir='ltr'><strong>τὸ</strong></span> <span class='ocrx_word' id='word_1_103' title='bbox 560 1440 747 1504; x_wconf 83' lang='grc' dir='ltr'>καλὸν,</span> <span class='ocrx_word' id='word_1_104' title='bbox 797 1435 945 1492; x_wconf 79' lang='grc' dir='ltr'><strong>ἀλλά</strong></span> <span class='ocrx_word' id='word_1_105' title='bbox 969 1437 1068 1490; x_wconf 75' lang='grc' dir='ltr'>καὶ</span> <span class='ocrx_word' id='word_1_106' title='bbox 1111 1434 1294 1497; x_wconf 84' lang='grc' dir='ltr'>καλῶς</span> <span class='ocrx_word' id='word_1_107' title='bbox 1317 1451 1330 1465; x_wconf 75' lang='grc' dir='ltr'><strong>ο</strong></span> <span class='ocrx_word' id='word_1_108' title='bbox 1361 1435 1427 1486; x_wconf 89' lang='grc' dir='ltr'><strong>οὑ</strong></span> <span class='ocrx_word' id='word_1_109' title='bbox 1461 1433 1567 1504; x_wconf 80' lang='grc' dir='ltr'>μὴν</span> <span class='ocrx_word' id='word_1_110' title='bbox 1621 1431 1760 1484; x_wconf 85' lang='grc' dir='ltr'><strong>ἀλλά</strong></span> <span class='ocrx_word' id='word_1_111' title='bbox 1792 1431 1887 1484; x_wconf 72' lang='grc' dir='ltr'><strong>καὶ</strong></span> 
     </span>
    </p>
   </div>
   <div class='ocr_carea' id='block_1_16' title="bbox 271 1524 1887 1604">
    <p class='ocr_par' dir='ltr' id='par_1_16' title="bbox 271 1524 1887 1604">
     <span class='ocr_line' id='line_1_16' title="bbox 271 1524 1887 1604; baseline -0.007 -17"><span class='ocrx_word' id='word_1_112' title='bbox 271 1537 372 1604; x_wconf 85' lang='grc' dir='ltr'>τὴν</span> <span class='ocrx_word' id='word_1_113' title='bbox 411 1534 671 1604; x_wconf 80' lang='grc' dir='ltr'>θεωρίαν,</span> <span class='ocrx_word' id='word_1_114' title='bbox 723 1525 834 1584; x_wconf 77' lang='grc' dir='ltr'>οἷόν</span> <span class='ocrx_word' id='word_1_115' title='bbox 876 1549 957 1583; x_wconf 89' lang='grc' dir='ltr'><strong>τιν</strong></span> <span class='ocrx_word' id='word_1_116' title='bbox 983 1547 1017 1583; x_wconf 92' lang='grc' dir='ltr'><strong>α</strong></span> <span class='ocrx_word' id='word_1_117' title='bbox 1041 1529 1236 1598; x_wconf 84' lang='grc' dir='ltr'>λύχνον</span> <span class='ocrx_word' id='word_1_118' title='bbox 1283 1527 1619 1597; x_wconf 76' lang='grc' dir='ltr'>δεξάμενον·</span> <span class='ocrx_word' id='word_1_119' title='bbox 1651 1526 1740 1578; x_wconf 77' lang='grc' dir='ltr'>διὰ</span> <span class='ocrx_word' id='word_1_120' title='bbox 1778 1524 1887 1594; x_wconf 80' lang='grc' dir='ltr'>γὰρ</span> 
     </span>
    </p>
   </div>
   <div class='ocr_carea' id='block_1_17' title="bbox 268 1618 1888 1697">
    <p class='ocr_par' dir='ltr' id='par_1_17' title="bbox 268 1618 1888 1697">
     <span class='ocr_line' id='line_1_17' title="bbox 268 1618 1888 1697; baseline -0.007 -17"><span class='ocrx_word' id='word_1_121' title='bbox 268 1627 366 1680; x_wconf 79' lang='grc' dir='ltr'><strong>τοῦ</strong></span> <span class='ocrx_word' id='word_1_122' title='bbox 408 1628 507 1697; x_wconf 85' lang='grc' dir='ltr'><strong>τὴν</strong></span> <span class='ocrx_word' id='word_1_123' title='bbox 536 1626 712 1694; x_wconf 76' lang='grc' dir='ltr'>ὀσφὺν</span> <span class='ocrx_word' id='word_1_124' title='bbox 743 1623 1114 1692; x_wconf 80' lang='grc' dir='ltr'>περιεζῶσθαι</span> <span class='ocrx_word' id='word_1_125' title='bbox 1155 1622 1502 1691; x_wconf 71' lang='grc' dir='ltr'>περιγίνεται</span> <span class='ocrx_word' id='word_1_126' title='bbox 1531 1626 1537 1632; x_wconf 86' lang='grc'><em>’</em></span> <span class='ocrx_word' id='word_1_127' title='bbox 1568 1622 1702 1689; x_wconf 79' lang='grc' dir='ltr'><strong>ἡμῖν</strong></span> <span class='ocrx_word' id='word_1_128' title='bbox 1737 1619 1830 1673; x_wconf 75' lang='grc' dir='ltr'><strong>καὶ</strong></span> <span class='ocrx_word' id='word_1_129' title='bbox 1858 1618 1888 1670; x_wconf 97' lang='lat'><strong>6</strong></span> 
     </span>
    </p>
   </div>
   <div class='ocr_carea' id='block_1_18' title="bbox 270 1696 1888 1788">
    <p class='ocr_par' dir='ltr' id='par_1_18' title="bbox 270 1696 1888 1788">
     <span class='ocr_line' id='line_1_18' title="bbox 270 1696 1888 1788; baseline -0.007 -14"><span class='ocrx_word' id='word_1_130' title='bbox 270 1696 569 1788; x_wconf 65' lang='grc' dir='ltr'>καιόμενος</span> <span class='ocrx_word' id='word_1_131' title='bbox 621 1718 814 1786; x_wconf 82' lang='grc' dir='ltr'>λύχνος</span> <span class='ocrx_word' id='word_1_132' title='bbox 865 1717 966 1785; x_wconf 73' lang='grc' dir='ltr'>τῆς</span> <span class='ocrx_word' id='word_1_133' title='bbox 1019 1714 1279 1785; x_wconf 80' lang='grc' dir='ltr'>Θεωρίας,</span> <span class='ocrx_word' id='word_1_134' title='bbox 1340 1713 1542 1782; x_wconf 84' lang='grc' dir='ltr'>μᾶλλον</span> <span class='ocrx_word' id='word_1_135' title='bbox 1592 1696 1745 1765; x_wconf 84' lang='grc' dir='ltr'>δὲοὶ</span> <span class='ocrx_word' id='word_1_136' title='bbox 1791 1710 1888 1763; x_wconf 63' lang='grc' dir='ltr'><strong>δύο</strong></span> 
     </span>
    </p>
   </div>
   <div class='ocr_carea' id='block_1_19' title="bbox 268 1804 1888 1880">
    <p class='ocr_par' dir='ltr' id='par_1_19' title="bbox 268 1804 1888 1880">
     <span class='ocr_line' id='line_1_19' title="bbox 268 1804 1888 1880; baseline -0.006 -16"><span class='ocrx_word' id='word_1_137' title='bbox 268 1811 479 1880; x_wconf 83' lang='grc' dir='ltr'>λύχνοι,</span> <span class='ocrx_word' id='word_1_138' title='bbox 505 1811 605 1872; x_wconf 55' lang='lat'><strong>62;:</strong></span> <span class='ocrx_word' id='word_1_139' title='bbox 633 1809 938 1870; x_wconf 69' lang='grc' dir='ltr'>ἐνδιάθετος</span> <span class='ocrx_word' id='word_1_140' title='bbox 993 1807 1086 1860; x_wconf 75' lang='grc' dir='ltr'>καὶ</span> <span class='ocrx_word' id='word_1_141' title='bbox 1108 1808 1135 1857; x_wconf 88' lang='lat'><strong>6</strong></span> <span class='ocrx_word' id='word_1_142' title='bbox 1162 1806 1500 1874; x_wconf 75' lang='grc' dir='ltr'>προφορικός</span> <span class='ocrx_word' id='word_1_143' title='bbox 1523 1820 1535 1834; x_wconf 86' lang='grc'><strong>·</strong></span> <span class='ocrx_word' id='word_1_144' title='bbox 1557 1804 1636 1874; x_wconf 82' lang='grc' dir='ltr'>τῷ</span> <span class='ocrx_word' id='word_1_145' title='bbox 1659 1804 1888 1872; x_wconf 82' lang='grc' dir='ltr'>τοιούτῳ</span> 
     </span>
    </p>
   </div>
   <div class='ocr_carea' id='block_1_20' title="bbox 1996 582 3616 658">
    <p class='ocr_par' dir='ltr' id='par_1_20' title="bbox 1996 582 3616 658">
     <span class='ocr_line' id='line_1_20' title="bbox 1996 582 3616 658; baseline -0.008 -11"><span class='ocrx_word' id='word_1_146' title='bbox 1996 609 2064 647; x_wconf 91' lang='lat' dir='ltr'><strong>ex</strong></span> <span class='ocrx_word' id='word_1_147' title='bbox 2095 590 2413 646; x_wconf 64' lang='lat' dir='ltr'><strong>cmieStibus</strong></span> <span class='ocrx_word' id='word_1_148' title='bbox 2457 589 2686 658; x_wconf 77' lang='lat' dir='ltr'><strong>nuptiis,</strong></span> <span class='ocrx_word' id='word_1_149' title='bbox 2733 583 2989 640; x_wconf 77' lang='lat' dir='ltr'><strong>fortassis</strong></span> <span class='ocrx_word' id='word_1_150' title='bbox 3018 583 3072 638; x_wconf 94' lang='lat' dir='ltr'><strong>in</strong></span> <span class='ocrx_word' id='word_1_151' title='bbox 3125 582 3423 638; x_wconf 83' lang='lat' dir='ltr'><strong>universali</strong></span> <span class='ocrx_word' id='word_1_152' title='bbox 3477 597 3616 637; x_wconf 90' lang='lat' dir='ltr'><strong>con-</strong></span> 
     </span>
    </p>
   </div>
   <div class='ocr_carea' id='block_1_21' title="bbox 1995 672 3602 747">
    <p class='ocr_par' dir='ltr' id='par_1_21' title="bbox 1995 672 3602 747">
     <span class='ocr_line' id='line_1_21' title="bbox 1995 672 3602 747; baseline -0.008 -6"><span class='ocrx_word' id='word_1_153' title='bbox 1995 685 2364 742; x_wconf 84' lang='lat' dir='ltr'><strong>summalinne</strong></span> <span class='ocrx_word' id='word_1_154' title='bbox 2420 680 2629 745; x_wconf 90' lang='lat' dir='ltr'><strong>mundi,</strong></span> <span class='ocrx_word' id='word_1_155' title='bbox 2690 677 2909 747; x_wconf 83' lang='lat' dir='ltr'><strong>quando</strong></span> <span class='ocrx_word' id='word_1_156' title='bbox 2961 676 3028 729; x_wconf 92' lang='lat' dir='ltr'><strong>de</strong></span> <span class='ocrx_word' id='word_1_157' title='bbox 3083 675 3241 730; x_wconf 69' lang='lat' dir='ltr'><strong>caelis</strong></span> <span class='ocrx_word' id='word_1_158' title='bbox 3298 675 3482 728; x_wconf 89' lang='lat' dir='ltr'><strong>veniet</strong></span> <span class='ocrx_word' id='word_1_159' title='bbox 3543 672 3602 728; x_wconf 87' lang='lat' dir='ltr'><strong>in</strong></span> 
     </span>
    </p>
   </div>
   <div class='ocr_carea' id='block_1_22' title="bbox 2003 766 3606 852">
    <p class='ocr_par' dir='ltr' id='par_1_22' title="bbox 2003 766 3606 852">
     <span class='ocr_line' id='line_1_22' title="bbox 2003 766 3606 852; baseline -0.006 -22"><span class='ocrx_word' id='word_1_160' title='bbox 2003 779 2174 852; x_wconf 82' lang='lat' dir='ltr'><strong>gloria</strong></span> <span class='ocrx_word' id='word_1_161' title='bbox 2260 776 2461 831; x_wconf 84' lang='lat' dir='ltr'><strong>Patris.</strong></span> <span class='ocrx_word' id='word_1_162' title='bbox 2520 772 2798 828; x_wconf 74' lang='lat' dir='ltr'><strong>Fortassis</strong></span> <span class='ocrx_word' id='word_1_163' title='bbox 2865 767 3050 823; x_wconf 84' lang='lat' dir='ltr'><strong>autem</strong></span> <span class='ocrx_word' id='word_1_164' title='bbox 3101 776 3158 823; x_wconf 88' lang='lat' dir='ltr'><strong>et</strong></span> <span class='ocrx_word' id='word_1_165' title='bbox 3220 767 3273 827; x_wconf 85' lang='lat' dir='ltr'><strong>in</strong></span> <span class='ocrx_word' id='word_1_166' title='bbox 3335 766 3606 820; x_wconf 82' lang='lat' dir='ltr'><strong>uniuscu-</strong></span> 
     </span>
    </p>
   </div>
   <div class='ocr_carea' id='block_1_23' title="bbox 1991 861 3614 942">
    <p class='ocr_par' dir='ltr' id='par_1_23' title="bbox 1991 861 3614 942">
     <span class='ocr_line' id='line_1_23' title="bbox 1991 861 3614 942; baseline -0.004 -20"><span class='ocrx_word' id='word_1_167' title='bbox 1991 873 2191 942; x_wconf 84' lang='lat' dir='ltr'><strong>jusque</strong></span> <span class='ocrx_word' id='word_1_168' title='bbox 2257 868 2478 941; x_wconf 87' lang='lat' dir='ltr'><strong>propria</strong></span> <span class='ocrx_word' id='word_1_169' title='bbox 2555 876 2733 921; x_wconf 91' lang='lat' dir='ltr'><strong>morte</strong></span> <span class='ocrx_word' id='word_1_170' title='bbox 2788 865 3205 934; x_wconf 76' lang='lat' dir='ltr'><strong>inexspectatus</strong></span> <span class='ocrx_word' id='word_1_171' title='bbox 3293 861 3614 915; x_wconf 82' lang='lat' dir='ltr'><strong>adveniens.</strong></span> 
     </span>
    </p>
   </div>
   <div class='ocr_carea' id='block_1_24' title="bbox 1995 950 3614 1034">
    <p class='ocr_par' dir='ltr' id='par_1_24' title="bbox 1995 950 3614 1034">
     <span class='ocr_line' id='line_1_24' title="bbox 1995 950 3614 1034; baseline -0.007 -17"><span class='ocrx_word' id='word_1_172' title='bbox 1995 965 2195 1019; x_wconf 78' lang='lat' dir='ltr'><strong>Beatus</strong></span> <span class='ocrx_word' id='word_1_173' title='bbox 2244 963 2410 1034; x_wconf 89' lang='lat' dir='ltr'><strong>igitur</strong></span> <span class='ocrx_word' id='word_1_174' title='bbox 2437 961 2526 1016; x_wconf 90' lang='lat' dir='ltr'><strong>ille</strong></span> <span class='ocrx_word' id='word_1_175' title='bbox 2566 956 3039 1024; x_wconf 80' lang='lat' dir='ltr'><strong>queminvenertt</strong></span> <span class='ocrx_word' id='word_1_176' title='bbox 3071 950 3367 1010; x_wconf 70' lang='lat' dir='ltr'><strong>succinctis</strong></span> <span class='ocrx_word' id='word_1_177' title='bbox 3394 953 3614 1022; x_wconf 79' lang='lat' dir='ltr'><strong>lumbis,</strong></span> 
     </span>
    </p>
   </div>
   <div class='ocr_carea' id='block_1_25' title="bbox 1998 1051 3612 1123">
    <p class='ocr_par' dir='ltr' id='par_1_25' title="bbox 1998 1051 3612 1123">
     <span class='ocr_line' id='line_1_25' title="bbox 1998 1051 3612 1123; baseline -0.008 -10"><span class='ocrx_word' id='word_1_178' title='bbox 1998 1060 2100 1114; x_wconf 90' lang='lat' dir='ltr'><strong>hoc</strong></span> <span class='ocrx_word' id='word_1_179' title='bbox 2146 1067 2250 1123; x_wconf 88' lang='lat' dir='ltr'><strong>est,</strong></span> <span class='ocrx_word' id='word_1_180' title='bbox 2279 1071 2470 1111; x_wconf 62' lang='lat' dir='ltr'><strong>Verum</strong></span> <span class='ocrx_word' id='word_1_181' title='bbox 2509 1052 2884 1113; x_wconf 84' lang='lat' dir='ltr'><strong>Christianum</strong></span> <span class='ocrx_word' id='word_1_182' title='bbox 2919 1051 3305 1122; x_wconf 83' lang='lat' dir='ltr'><strong>philosophum</strong></span> <span class='ocrx_word' id='word_1_183' title='bbox 3337 1057 3612 1118; x_wconf 84' lang='lat' dir='ltr'><strong>agentem,</strong></span> 
     </span>
    </p>
   </div>
   <div class='ocr_carea' id='block_1_26' title="bbox 1996 1144 3615 1218">
    <p class='ocr_par' dir='ltr' id='par_1_26' title="bbox 1996 1144 3615 1218">
     <span class='ocr_line' id='line_1_26' title="bbox 1996 1144 3615 1218; baseline -0.008 -10"><span class='ocrx_word' id='word_1_184' title='bbox 1996 1165 2054 1208; x_wconf 89' lang='lat' dir='ltr'><strong>et</strong></span> <span class='ocrx_word' id='word_1_185' title='bbox 2110 1154 2178 1207; x_wconf 90' lang='lat' dir='ltr'><strong>ad</strong></span> <span class='ocrx_word' id='word_1_186' title='bbox 2239 1149 2606 1206; x_wconf 85' lang='lat' dir='ltr'><strong>ministerium</strong></span> <span class='ocrx_word' id='word_1_187' title='bbox 2662 1147 2757 1204; x_wconf 92' lang='lat' dir='ltr'><strong>Dei</strong></span> <span class='ocrx_word' id='word_1_188' title='bbox 2813 1156 3285 1218; x_wconf 67' lang='lat' dir='ltr'><strong>praeparatnm,et</strong></span> <span class='ocrx_word' id='word_1_189' title='bbox 3321 1144 3615 1198; x_wconf 85' lang='lat' dir='ltr'><strong>habentem</strong></span> 
     </span>
    </p>
   </div>
   <div class='ocr_carea' id='block_1_27' title="bbox 1995 1241 3609 1314">
    <p class='ocr_par' dir='ltr' id='par_1_27' title="bbox 1995 1241 3609 1314">
     <span class='ocr_line' id='line_1_27' title="bbox 1995 1241 3609 1314; baseline -0.008 -12"><span class='ocrx_word' id='word_1_190' title='bbox 1995 1247 2279 1302; x_wconf 84' lang='lat' dir='ltr'><strong>lucernam</strong></span> <span class='ocrx_word' id='word_1_191' title='bbox 2317 1244 2548 1299; x_wconf 85' lang='lat' dir='ltr'><strong>rationis</strong></span> <span class='ocrx_word' id='word_1_192' title='bbox 2587 1251 2643 1298; x_wconf 92' lang='lat' dir='ltr'><strong>et</strong></span> <span class='ocrx_word' id='word_1_193' title='bbox 2677 1241 2871 1314; x_wconf 88' lang='lat' dir='ltr'><strong>judicii</strong></span> <span class='ocrx_word' id='word_1_194' title='bbox 2911 1241 3197 1295; x_wconf 90' lang='lat' dir='ltr'><strong>ardentem</strong></span> <span class='ocrx_word' id='word_1_195' title='bbox 3231 1257 3243 1293; x_wconf 95' lang='lat'><strong>:</strong></span> <span class='ocrx_word' id='word_1_196' title='bbox 3281 1249 3340 1292; x_wconf 91' lang='lat' dir='ltr'><strong>et</strong></span> <span class='ocrx_word' id='word_1_197' title='bbox 3379 1251 3483 1292; x_wconf 92' lang='lat' dir='ltr'><strong>non</strong></span> <span class='ocrx_word' id='word_1_198' title='bbox 3519 1248 3609 1290; x_wconf 89' lang='lat' dir='ltr'><strong>so-</strong></span> 
     </span>
    </p>
   </div>
   <div class='ocr_carea' id='block_1_28' title="bbox 1997 1331 3612 1406">
    <p class='ocr_par' dir='ltr' id='par_1_28' title="bbox 1997 1331 3612 1406">
     <span class='ocr_line' id='line_1_28' title="bbox 1997 1331 3612 1406; baseline -0.008 -12"><span class='ocrx_word' id='word_1_199' title='bbox 1997 1341 2108 1394; x_wconf 92' lang='lat' dir='ltr'><strong>lum</strong></span> <span class='ocrx_word' id='word_1_200' title='bbox 2154 1338 2444 1394; x_wconf 70' lang='lat' dir='ltr'><strong>facientem</strong></span> <span class='ocrx_word' id='word_1_201' title='bbox 2479 1337 2626 1406; x_wconf 86' lang='lat' dir='ltr'><strong>quod</strong></span> <span class='ocrx_word' id='word_1_202' title='bbox 2674 1337 2900 1398; x_wconf 89' lang='lat' dir='ltr'><strong>bonum,</strong></span> <span class='ocrx_word' id='word_1_203' title='bbox 2948 1333 3046 1388; x_wconf 88' lang='lat' dir='ltr'><strong>sed</strong></span> <span class='ocrx_word' id='word_1_204' title='bbox 3102 1335 3240 1386; x_wconf 91' lang='lat' dir='ltr'><strong>bene</strong></span> <span class='ocrx_word' id='word_1_205' title='bbox 3273 1331 3486 1402; x_wconf 72' lang='lat' dir='ltr'><strong>ctiam;</strong></span> <span class='ocrx_word' id='word_1_206' title='bbox 3518 1341 3612 1382; x_wconf 85' lang='lat' dir='ltr'><strong>ac-</strong></span> 
     </span>
    </p>
   </div>
   <div class='ocr_carea' id='block_1_29' title="bbox 1997 1421 3616 1502">
    <p class='ocr_par' dir='ltr' id='par_1_29' title="bbox 1997 1421 3616 1502">
     <span class='ocr_line' id='line_1_29' title="bbox 1997 1421 3616 1502; baseline -0.009 -14"><span class='ocrx_word' id='word_1_207' title='bbox 1997 1433 2407 1502; x_wconf 81' lang='lat' dir='ltr'><strong>cipientemqne</strong></span> <span class='ocrx_word' id='word_1_208' title='bbox 2443 1440 2497 1486; x_wconf 90' lang='lat' dir='ltr'><strong>et</strong></span> <span class='ocrx_word' id='word_1_209' title='bbox 2522 1427 3004 1498; x_wconf 71' lang='lat' dir='ltr'><strong>contemplationis</strong></span> <span class='ocrx_word' id='word_1_210' title='bbox 3057 1424 3360 1480; x_wconf 85' lang='lat' dir='ltr'><strong>lucernam.</strong></span> <span class='ocrx_word' id='word_1_211' title='bbox 3395 1421 3616 1475; x_wconf 81' lang='lat' dir='ltr'><strong>Haben-</strong></span> 
     </span>
    </p>
   </div>
   <div class='ocr_carea' id='block_1_30' title="bbox 1997 1512 3616 1592">
    <p class='ocr_par' dir='ltr' id='par_1_30' title="bbox 1997 1512 3616 1592">
     <span class='ocr_line' id='line_1_30' title="bbox 1997 1512 3616 1592; baseline -0.009 -11"><span class='ocrx_word' id='word_1_212' title='bbox 1997 1529 2069 1581; x_wconf 91' lang='lat' dir='ltr'><strong>do</strong></span> <span class='ocrx_word' id='word_1_213' title='bbox 2101 1527 2248 1580; x_wconf 90' lang='lat' dir='ltr'><strong>enim</strong></span> <span class='ocrx_word' id='word_1_214' title='bbox 2307 1525 2522 1578; x_wconf 82' lang='lat' dir='ltr'><strong>lumbos</strong></span> <span class='ocrx_word' id='word_1_215' title='bbox 2577 1523 2907 1592; x_wconf 66' lang='lat' dir='ltr'><strong>praacinctos</strong></span> <span class='ocrx_word' id='word_1_216' title='bbox 2940 1519 3044 1591; x_wconf 84' lang='grc' dir='ltr'>(α),</span> <span class='ocrx_word' id='word_1_217' title='bbox 3069 1518 3230 1572; x_wconf 87' lang='lat' dir='ltr'><strong>nobis</strong></span> <span class='ocrx_word' id='word_1_218' title='bbox 3256 1515 3501 1568; x_wconf 85' lang='lat' dir='ltr'><strong>advenit</strong></span> <span class='ocrx_word' id='word_1_219' title='bbox 3533 1512 3616 1567; x_wconf 90' lang='lat' dir='ltr'><strong>Iu-</strong></span> 
     </span>
    </p>
   </div>
   <div class='ocr_carea' id='block_1_31' title="bbox 1999 1607 3612 1685">
    <p class='ocr_par' dir='ltr' id='par_1_31' title="bbox 1999 1607 3612 1685">
     <span class='ocr_line' id='line_1_31' title="bbox 1999 1607 3612 1685; baseline -0.009 -11"><span class='ocrx_word' id='word_1_220' title='bbox 1999 1635 2164 1674; x_wconf 88' lang='lat' dir='ltr'><strong>cerna</strong></span> <span class='ocrx_word' id='word_1_221' title='bbox 2203 1617 2698 1685; x_wconf 70' lang='lat' dir='ltr'><strong>&#39;contemplationis</strong></span> <span class='ocrx_word' id='word_1_222' title='bbox 2732 1633 2746 1671; x_wconf 87' lang='lat'><strong>:</strong></span> <span class='ocrx_word' id='word_1_223' title='bbox 2780 1615 2892 1667; x_wconf 89' lang='lat' dir='ltr'><strong>imo</strong></span> <span class='ocrx_word' id='word_1_224' title='bbox 2939 1611 3123 1681; x_wconf 88' lang='lat' dir='ltr'><strong>potius</strong></span> <span class='ocrx_word' id='word_1_225' title='bbox 3182 1610 3424 1663; x_wconf 58' lang='lat' dir='ltr'><strong>lucernae</strong></span> <span class='ocrx_word' id='word_1_226' title='bbox 3471 1607 3612 1671; x_wconf 61' lang='lat' dir='ltr'><strong>duas,</strong></span> 
     </span>
    </p>
   </div>
   <div class='ocr_carea' id='block_1_32' title="bbox 1998 1698 3622 1781">
    <p class='ocr_par' dir='ltr' id='par_1_32' title="bbox 1998 1698 3622 1781">
     <span class='ocr_line' id='line_1_32' title="bbox 1998 1698 3622 1781; baseline -0.01 -14"><span class='ocrx_word' id='word_1_227' title='bbox 1998 1729 2107 1767; x_wconf 90' lang='lat' dir='ltr'><strong>una</strong></span> <span class='ocrx_word' id='word_1_228' title='bbox 2153 1726 2276 1781; x_wconf 69' lang='lat' dir='ltr'><strong>qua:</strong></span> <span class='ocrx_word' id='word_1_229' title='bbox 2304 1719 2388 1765; x_wconf 88' lang='lat' dir='ltr'><strong>est</strong></span> <span class='ocrx_word' id='word_1_230' title='bbox 2417 1710 2468 1762; x_wconf 94' lang='lat' dir='ltr'><strong>in</strong></span> <span class='ocrx_word' id='word_1_231' title='bbox 2500 1710 2686 1771; x_wconf 86' lang='lat' dir='ltr'><strong>corde,</strong></span> <span class='ocrx_word' id='word_1_232' title='bbox 2715 1714 2771 1760; x_wconf 90' lang='lat' dir='ltr'><strong>et</strong></span> <span class='ocrx_word' id='word_1_233' title='bbox 2816 1705 2988 1760; x_wconf 85' lang='lat' dir='ltr'><strong>altera</strong></span> <span class='ocrx_word' id='word_1_234' title='bbox 3043 1701 3334 1756; x_wconf 88' lang='lat' dir='ltr'><strong>sermonis.</strong></span> <span class='ocrx_word' id='word_1_235' title='bbox 3364 1698 3622 1766; x_wconf 64' lang='lat' dir='ltr'><strong>Ejusmoo</strong></span> 
     </span>
    </p>
   </div>
   <div class='ocr_carea' id='block_1_33' title="bbox 2000 1790 3615 1862">
    <p class='ocr_par' dir='ltr' id='par_1_33' title="bbox 2000 1790 3615 1862">
     <span class='ocr_line' id='line_1_33' title="bbox 2000 1790 3615 1862; baseline -0.012 0"><span class='ocrx_word' id='word_1_236' title='bbox 2000 1807 2056 1862; x_wconf 89' lang='lat' dir='ltr'><strong>di</strong></span> <span class='ocrx_word' id='word_1_237' title='bbox 2104 1805 2342 1861; x_wconf 89' lang='lat' dir='ltr'><strong>ministri</strong></span> <span class='ocrx_word' id='word_1_238' title='bbox 2389 1805 2552 1857; x_wconf 91' lang='lat' dir='ltr'><strong>etiam</strong></span> <span class='ocrx_word' id='word_1_239' title='bbox 2603 1801 2869 1857; x_wconf 86' lang='lat' dir='ltr'><strong>Dominus</strong></span> <span class='ocrx_word' id='word_1_240' title='bbox 2927 1797 3177 1851; x_wconf 88' lang='lat' dir='ltr'><strong>minister</strong></span> <span class='ocrx_word' id='word_1_241' title='bbox 3223 1790 3615 1848; x_wconf 69' lang='lat' dir='ltr'><strong>erit.Pra‘ecin-</strong></span> 
     </span>
    </p>
   </div>
   <div class='ocr_carea' id='block_1_34' title="bbox 269 1886 1890 1974">
    <p class='ocr_par' dir='ltr' id='par_1_34' title="bbox 269 1897 1884 1972">
     <span class='ocr_line' id='line_1_34' title="bbox 269 1897 1884 1972; baseline -0.005 -17"><span class='ocrx_word' id='word_1_242' title='bbox 269 1899 365 1955; x_wconf 77' lang='grc' dir='ltr'><strong>οὖν</strong></span> <span class='ocrx_word' id='word_1_243' title='bbox 397 1903 695 1972; x_wconf 84' lang='grc' dir='ltr'>θεράποντι</span> <span class='ocrx_word' id='word_1_244' title='bbox 747 1899 1008 1970; x_wconf 84' lang='grc' dir='ltr'>θεράπων</span> <span class='ocrx_word' id='word_1_245' title='bbox 1042 1899 1068 1950; x_wconf 88' lang='lat'><strong>6</strong></span> <span class='ocrx_word' id='word_1_246' title='bbox 1107 1899 1312 1967; x_wconf 82' lang='grc' dir='ltr'>Κύριος</span> <span class='ocrx_word' id='word_1_247' title='bbox 1348 1897 1582 1966; x_wconf 90' lang='grc' dir='ltr'>γίνεται.</span> <span class='ocrx_word' id='word_1_248' title='bbox 1635 1897 1884 1967; x_wconf 78' lang='grc' dir='ltr'>Περιζώ-</span> 
     </span>
    </p>
   </div>
   <div class='ocr_carea' id='block_1_35' title="bbox 1997 1886 3614 1974">
    <p class='ocr_par' dir='ltr' id='par_1_35' title="bbox 1997 1886 3614 1974">
     <span class='ocr_line' id='line_1_35' title="bbox 1997 1886 3614 1974; baseline -0.011 -19"><span class='ocrx_word' id='word_1_249' title='bbox 1997 1909 2152 1974; x_wconf 87' lang='lat' dir='ltr'><strong>getur</strong></span> <span class='ocrx_word' id='word_1_250' title='bbox 2204 1898 2378 1964; x_wconf 88' lang='lat' dir='ltr'><strong>enim,</strong></span> <span class='ocrx_word' id='word_1_251' title='bbox 2430 1895 2630 1964; x_wconf 81' lang='lat' dir='ltr'><strong>inquit,</strong></span> <span class='ocrx_word' id='word_1_252' title='bbox 2667 1905 2724 1948; x_wconf 87' lang='lat' dir='ltr'><strong>et</strong></span> <span class='ocrx_word' id='word_1_253' title='bbox 2777 1891 3109 1948; x_wconf 86' lang='lat' dir='ltr'><strong>recumbere</strong></span> <span class='ocrx_word' id='word_1_254' title='bbox 3162 1888 3285 1941; x_wconf 87' lang='lat' dir='ltr'><strong>illus</strong></span> <span class='ocrx_word' id='word_1_255' title='bbox 3337 1886 3614 1950; x_wconf 80' lang='lat' dir='ltr'><strong>laciel,et</strong></span> 
     </span>
    </p>
   </div>
   <div class='ocr_carea' id='block_1_36' title="bbox 272 1989 1885 2063">
    <p class='ocr_par' dir='ltr' id='par_1_36' title="bbox 272 1989 1885 2063">
     <span class='ocr_line' id='line_1_36' title="bbox 272 1989 1885 2063; baseline -0.006 -14"><span class='ocrx_word' id='word_1_256' title='bbox 272 2011 432 2048; x_wconf 80' lang='grc' dir='ltr'>σεται</span> <span class='ocrx_word' id='word_1_257' title='bbox 458 1995 591 2063; x_wconf 80' lang='grc' dir='ltr'>γὰρ,</span> <span class='ocrx_word' id='word_1_258' title='bbox 617 1993 776 2063; x_wconf 66' lang='grc' dir='ltr'>φησι,</span> <span class='ocrx_word' id='word_1_259' title='bbox 797 1993 890 2044; x_wconf 69' lang='grc' dir='ltr'><strong>καὶ</strong></span> <span class='ocrx_word' id='word_1_260' title='bbox 912 1991 1196 2044; x_wconf 82' lang='grc' dir='ltr'>ἀνακλινεῖ</span> <span class='ocrx_word' id='word_1_261' title='bbox 1217 1993 1440 2053; x_wconf 88' lang='grc' dir='ltr'>αὑτούς.</span> <span class='ocrx_word' id='word_1_262' title='bbox 1466 1993 1576 2044; x_wconf 77' lang='grc' dir='ltr'><strong>Καὶ</strong></span> <span class='ocrx_word' id='word_1_263' title='bbox 1596 1989 1885 2060; x_wconf 81' lang='grc' dir='ltr'>παρελθὼν</span> 
     </span>
    </p>
   </div>
   <div class='ocr_carea' id='block_1_37' title="bbox 269 2081 1885 2158">
    <p class='ocr_par' dir='ltr' id='par_1_37' title="bbox 269 2081 1885 2158">
     <span class='ocr_line' id='line_1_37' title="bbox 269 2081 1885 2158; baseline -0.004 -16"><span class='ocrx_word' id='word_1_264' title='bbox 269 2089 586 2158; x_wconf 81' lang='grc' dir='ltr'>διακονήσει</span> <span class='ocrx_word' id='word_1_265' title='bbox 644 2088 872 2149; x_wconf 84' lang='grc' dir='ltr'>αὑτοίς’</span> <span class='ocrx_word' id='word_1_266' title='bbox 939 2086 1350 2156; x_wconf 77' lang='grc' dir='ltr'>περιζώννυται</span> <span class='ocrx_word' id='word_1_267' title='bbox 1412 2087 1511 2155; x_wconf 86' lang='grc' dir='ltr'>μὲν</span> <span class='ocrx_word' id='word_1_268' title='bbox 1562 2081 1658 2137; x_wconf 77' lang='grc' dir='ltr'><strong>οὖν</strong></span> <span class='ocrx_word' id='word_1_269' title='bbox 1691 2086 1718 2135; x_wconf 88' lang='lat'><strong>6</strong></span> <span class='ocrx_word' id='word_1_270' title='bbox 1753 2084 1885 2145; x_wconf 84' lang='grc' dir='ltr'>Θεὸς</span> 
     </span>
    </p>
   </div>
   <div class='ocr_carea' id='block_1_38' title="bbox 270 2177 1886 2252">
    <p class='ocr_par' dir='ltr' id='par_1_38' title="bbox 270 2177 1886 2252">
     <span class='ocr_line' id='line_1_38' title="bbox 270 2177 1886 2252; baseline -0.004 -18"><span class='ocrx_word' id='word_1_271' title='bbox 270 2182 410 2234; x_wconf 82' lang='grc' dir='ltr'>καθὸ</span> <span class='ocrx_word' id='word_1_272' title='bbox 434 2182 535 2252; x_wconf 85' lang='grc' dir='ltr'><strong>οὑχ</strong></span> <span class='ocrx_word' id='word_1_273' title='bbox 564 2180 784 2233; x_wconf 75' lang='grc' dir='ltr'>ἃπασαν</span> <span class='ocrx_word' id='word_1_274' title='bbox 826 2179 932 2251; x_wconf 83' lang='grc' dir='ltr'>τὴν</span> <span class='ocrx_word' id='word_1_275' title='bbox 973 2180 1084 2232; x_wconf 88' lang='grc' dir='ltr'><strong>τῶν</strong></span> <span class='ocrx_word' id='word_1_276' title='bbox 1116 2177 1340 2247; x_wconf 84' lang='grc' dir='ltr'>ἀγαθῶν</span> <span class='ocrx_word' id='word_1_277' title='bbox 1395 2177 1552 2248; x_wconf 83' lang='grc' dir='ltr'>χύσιν</span> <span class='ocrx_word' id='word_1_278' title='bbox 1597 2180 1732 2248; x_wconf 76' lang='grc' dir='ltr'>ἡμῖν</span> <span class='ocrx_word' id='word_1_279' title='bbox 1762 2178 1886 2229; x_wconf 80' lang='grc' dir='ltr'>ἐπι-</span> 
     </span>
    </p>
   </div>
   <div class='ocr_carea' id='block_1_39' title="bbox 272 2270 1885 2346">
    <p class='ocr_par' dir='ltr' id='par_1_39' title="bbox 272 2270 1885 2346">
     <span class='ocr_line' id='line_1_39' title="bbox 272 2270 1885 2346; baseline -0.001 -22"><span class='ocrx_word' id='word_1_280' title='bbox 272 2278 528 2346; x_wconf 73' lang='grc' dir='ltr'>χορηγεῖ,</span> <span class='ocrx_word' id='word_1_281' title='bbox 582 2274 700 2326; x_wconf 84' lang='grc' dir='ltr'>ἀλλ’</span> <span class='ocrx_word' id='word_1_282' title='bbox 740 2272 1066 2327; x_wconf 79' lang='grc' dir='ltr'>ἀναστέλλει</span> <span class='ocrx_word' id='word_1_283' title='bbox 1118 2271 1324 2341; x_wconf 89' lang='grc' dir='ltr'>ταύτην</span> <span class='ocrx_word' id='word_1_284' title='bbox 1353 2287 1366 2300; x_wconf 89' lang='grc'><strong>·</strong></span> <span class='ocrx_word' id='word_1_285' title='bbox 1402 2271 1486 2333; x_wconf 86' lang='grc' dir='ltr'><strong>τίς</strong></span> <span class='ocrx_word' id='word_1_286' title='bbox 1518 2271 1630 2340; x_wconf 77' lang='grc' dir='ltr'>γὰρ</span> <span class='ocrx_word' id='word_1_287' title='bbox 1659 2270 1885 2324; x_wconf 89' lang='grc' dir='ltr'>δύναται</span> 
     </span>
    </p>
   </div>
   <div class='ocr_carea' id='block_1_40' title="bbox 271 2362 1886 2434">
    <p class='ocr_par' dir='ltr' id='par_1_40' title="bbox 271 2362 1886 2434">
     <span class='ocr_line' id='line_1_40' title="bbox 271 2362 1886 2434; baseline -0.001 -18"><span class='ocrx_word' id='word_1_288' title='bbox 271 2364 530 2434; x_wconf 84' lang='grc' dir='ltr'>χωρῆσαι</span> <span class='ocrx_word' id='word_1_289' title='bbox 564 2363 721 2427; x_wconf 84' lang='grc' dir='ltr'>Θεὸν,</span> <span class='ocrx_word' id='word_1_290' title='bbox 749 2365 874 2426; x_wconf 79' lang='grc' dir='ltr'>ὅσος</span> <span class='ocrx_word' id='word_1_291' title='bbox 907 2363 1062 2427; x_wconf 72' lang='grc' dir='ltr'>ἐστίς</span> <span class='ocrx_word' id='word_1_292' title='bbox 1089 2363 1198 2414; x_wconf 78' lang='grc' dir='ltr'>Καὶ</span> <span class='ocrx_word' id='word_1_293' title='bbox 1221 2362 1377 2431; x_wconf 84' lang='grc' dir='ltr'>δῆλον</span> <span class='ocrx_word' id='word_1_294' title='bbox 1402 2362 1466 2413; x_wconf 73' lang='grc' dir='ltr'>ὲκ</span> <span class='ocrx_word' id='word_1_295' title='bbox 1488 2362 1596 2414; x_wconf 91' lang='grc' dir='ltr'><strong>τῶν</strong></span> <span class='ocrx_word' id='word_1_296' title='bbox 1629 2362 1886 2433; x_wconf 74' lang='grc' dir='ltr'>Σεραφὶμ</span> 
     </span>
    </p>
   </div>
   <div class='ocr_carea' id='block_1_41' title="bbox 272 2453 1884 2528">
    <p class='ocr_par' dir='ltr' id='par_1_41' title="bbox 272 2453 1884 2528">
     <span class='ocr_line' id='line_1_41' title="bbox 272 2453 1884 2528; baseline -0.003 -18"><span class='ocrx_word' id='word_1_297' title='bbox 272 2457 711 2528; x_wconf 79' lang='grc' dir='ltr'>καλυπτομένων</span> <span class='ocrx_word' id='word_1_298' title='bbox 735 2457 825 2510; x_wconf 87' lang='grc' dir='ltr'>διὰ</span> <span class='ocrx_word' id='word_1_299' title='bbox 855 2457 954 2526; x_wconf 82' lang='grc' dir='ltr'>τὴν</span> <span class='ocrx_word' id='word_1_300' title='bbox 996 2455 1308 2525; x_wconf 74' lang='grc' dir='ltr'>ὑπερὸολὴν</span> <span class='ocrx_word' id='word_1_301' title='bbox 1351 2453 1448 2507; x_wconf 81' lang='grc' dir='ltr'>τοῦ</span> <span class='ocrx_word' id='word_1_302' title='bbox 1489 2453 1636 2506; x_wconf 85' lang='grc' dir='ltr'>θείου</span> <span class='ocrx_word' id='word_1_303' title='bbox 1673 2454 1884 2522; x_wconf 81' lang='grc' dir='ltr'>φωτός·</span> 
     </span>
    </p>
   </div>
   <div class='ocr_carea' id='block_1_42' title="bbox 272 2548 1887 2619">
    <p class='ocr_par' dir='ltr' id='par_1_42' title="bbox 272 2548 1887 2619">
     <span class='ocr_line' id='line_1_42' title="bbox 272 2548 1887 2619; baseline -0.002 -15"><span class='ocrx_word' id='word_1_304' title='bbox 272 2552 555 2604; x_wconf 86' lang='grc' dir='ltr'>ἀνακλίνει</span> <span class='ocrx_word' id='word_1_305' title='bbox 603 2552 659 2603; x_wconf 83' lang='grc' dir='ltr'>δὲ</span> <span class='ocrx_word' id='word_1_306' title='bbox 705 2552 833 2612; x_wconf 82' lang='grc' dir='ltr'>τοὺς</span> <span class='ocrx_word' id='word_1_307' title='bbox 889 2550 1090 2614; x_wconf 79' lang='grc' dir='ltr'>καλοὺς</span> <span class='ocrx_word' id='word_1_308' title='bbox 1130 2549 1353 2613; x_wconf 82' lang='grc' dir='ltr'>δούλους</span> <span class='ocrx_word' id='word_1_309' title='bbox 1391 2564 1404 2579; x_wconf 77' lang='grc'><strong><em>⁸</em></strong></span> <span class='ocrx_word' id='word_1_310' title='bbox 1450 2549 1608 2612; x_wconf 84' lang='grc' dir='ltr'>ὅλους</span> <span class='ocrx_word' id='word_1_311' title='bbox 1654 2550 1764 2619; x_wconf 78' lang='grc' dir='ltr'>γὰρ</span> <span class='ocrx_word' id='word_1_312' title='bbox 1818 2548 1887 2602; x_wconf 82' lang='grc' dir='ltr'>δι’</span> 
     </span>
    </p>
   </div>
   <div class='ocr_carea' id='block_1_43' title="bbox 273 2643 1878 2715">
    <p class='ocr_par' dir='ltr' id='par_1_43' title="bbox 273 2643 1878 2715">
     <span class='ocr_line' id='line_1_43' title="bbox 273 2643 1878 2715; baseline -0.002 -17"><span class='ocrx_word' id='word_1_313' title='bbox 273 2646 416 2699; x_wconf 83' lang='grc' dir='ltr'>ὅλων</span> <span class='ocrx_word' id='word_1_314' title='bbox 475 2643 782 2698; x_wconf 81' lang='grc' dir='ltr'>ἀναπαύει·</span> <span class='ocrx_word' id='word_1_315' title='bbox 836 2644 913 2709; x_wconf 85' lang='grc' dir='ltr'>ὼς</span> <span class='ocrx_word' id='word_1_316' title='bbox 964 2646 1130 2715; x_wconf 84' lang='grc' dir='ltr'><strong>γάρό</strong></span> <span class='ocrx_word' id='word_1_317' title='bbox 1163 2643 1599 2714; x_wconf 82' lang='grc' dir='ltr'>ἀνακεκλιμένος</span> <span class='ocrx_word' id='word_1_318' title='bbox 1653 2644 1775 2695; x_wconf 80' lang='grc' dir='ltr'>ὅλον</span> <span class='ocrx_word' id='word_1_319' title='bbox 1815 2643 1878 2694; x_wconf 90' lang='grc' dir='ltr'><strong>τὸ</strong></span> 
     </span>
    </p>
   </div>
   <div class='ocr_carea' id='block_1_44' title="bbox 277 2731 1888 2808">
    <p class='ocr_par' dir='ltr' id='par_1_44' title="bbox 277 2731 1888 2808">
     <span class='ocr_line' id='line_1_44' title="bbox 277 2731 1888 2808; baseline -0.003 -17"><span class='ocrx_word' id='word_1_320' title='bbox 277 2737 440 2808; x_wconf 82' lang='grc' dir='ltr'>σῶμα</span> <span class='ocrx_word' id='word_1_321' title='bbox 474 2737 772 2799; x_wconf 87' lang='grc' dir='ltr'>ἀναπαύει,</span> <span class='ocrx_word' id='word_1_322' title='bbox 809 2735 956 2789; x_wconf 82' lang='grc' dir='ltr'>οὑτω</span> <span class='ocrx_word' id='word_1_323' title='bbox 993 2742 1088 2789; x_wconf 75' lang='grc' dir='ltr'><strong>καὶ</strong></span> <span class='ocrx_word' id='word_1_324' title='bbox 1114 2738 1173 2789; x_wconf 77' lang='grc' dir='ltr'>ὲν</span> <span class='ocrx_word' id='word_1_325' title='bbox 1197 2739 1264 2807; x_wconf 78' lang='grc' dir='ltr'>τῇ</span> <span class='ocrx_word' id='word_1_326' title='bbox 1299 2731 1573 2806; x_wconf 83' lang='grc' dir='ltr'>μελλούσῃ</span> <span class='ocrx_word' id='word_1_327' title='bbox 1606 2734 1888 2806; x_wconf 74' lang='grc' dir='ltr'>παρουσίᾳ</span> 
     </span>
    </p>
   </div>
   <div class='ocr_carea' id='block_1_45' title="bbox 274 2830 1886 2900">
    <p class='ocr_par' dir='ltr' id='par_1_45' title="bbox 274 2830 1886 2900">
     <span class='ocr_line' id='line_1_45' title="bbox 274 2830 1886 2900; baseline -0.002 -14"><span class='ocrx_word' id='word_1_328' title='bbox 274 2831 389 2886; x_wconf 78' lang='grc' dir='ltr'>ὅλοι</span> <span class='ocrx_word' id='word_1_329' title='bbox 420 2832 488 2884; x_wconf 87' lang='grc' dir='ltr'>δι’</span> <span class='ocrx_word' id='word_1_330' title='bbox 522 2833 660 2886; x_wconf 83' lang='grc' dir='ltr'>ὅλων</span> <span class='ocrx_word' id='word_1_331' title='bbox 691 2831 741 2883; x_wconf 83' lang='grc' dir='ltr'>οἱ</span> <span class='ocrx_word' id='word_1_332' title='bbox 791 2830 938 2900; x_wconf 83' lang='grc' dir='ltr'>ἆγιοι</span> <span class='ocrx_word' id='word_1_333' title='bbox 988 2831 1389 2885; x_wconf 86' lang='grc' dir='ltr'>ἀναπαύονται.</span> <span class='ocrx_word' id='word_1_334' title='bbox 1464 2830 1738 2885; x_wconf 80' lang='grc' dir='ltr'>Ἐνταῦθα</span> <span class='ocrx_word' id='word_1_335' title='bbox 1785 2830 1886 2900; x_wconf 79' lang='grc' dir='ltr'>μὲν</span> 
     </span>
    </p>
   </div>
   <div class='ocr_carea' id='block_1_46' title="bbox 278 2915 1886 2991">
    <p class='ocr_par' dir='ltr' id='par_1_46' title="bbox 278 2915 1886 2991">
     <span class='ocr_line' id='line_1_46' title="bbox 278 2915 1886 2991; baseline 0 -18"><span class='ocrx_word' id='word_1_336' title='bbox 278 2921 395 2991; x_wconf 84' lang='grc' dir='ltr'>γὰρ</span> <span class='ocrx_word' id='word_1_337' title='bbox 436 2920 512 2989; x_wconf 81' lang='grc' dir='ltr'>τῷ</span> <span class='ocrx_word' id='word_1_338' title='bbox 544 2915 760 2989; x_wconf 81' lang='grc' dir='ltr'>σώματι</span> <span class='ocrx_word' id='word_1_339' title='bbox 800 2919 988 2974; x_wconf 78' lang='grc' dir='ltr'>ἄνεσιν</span> <span class='ocrx_word' id='word_1_340' title='bbox 1051 2921 1150 2990; x_wconf 85' lang='grc' dir='ltr'><strong>οὐχ</strong></span> <span class='ocrx_word' id='word_1_341' title='bbox 1189 2921 1567 2990; x_wconf 90' lang='grc' dir='ltr'>εὑρίσκουσιν,</span> <span class='ocrx_word' id='word_1_342' title='bbox 1616 2922 1801 2973; x_wconf 77' lang='grc' dir='ltr'>εκεῖσε</span> <span class='ocrx_word' id='word_1_343' title='bbox 1829 2919 1886 2973; x_wconf 85' lang='grc' dir='ltr'>δὲ</span> 
     </span>
    </p>
   </div>
   <div class='ocr_carea' id='block_1_47' title="bbox 278 3008 1889 3079">
    <p class='ocr_par' dir='ltr' id='par_1_47' title="bbox 278 3008 1889 3079">
     <span class='ocr_line' id='line_1_47' title="bbox 278 3008 1889 3079; baseline 0.001 -17"><span class='ocrx_word' id='word_1_344' title='bbox 278 3010 382 3062; x_wconf 78' lang='grc' dir='ltr'><strong>σὺν</strong></span> <span class='ocrx_word' id='word_1_345' title='bbox 438 3013 561 3071; x_wconf 78' lang='grc' dir='ltr'>ταῖς</span> <span class='ocrx_word' id='word_1_346' title='bbox 615 3010 818 3079; x_wconf 77' lang='grc' dir='ltr'>ψυχαῖς</span> <span class='ocrx_word' id='word_1_347' title='bbox 850 3011 945 3061; x_wconf 73' lang='grc' dir='ltr'><strong>καὶ</strong></span> <span class='ocrx_word' id='word_1_348' title='bbox 973 3008 1041 3061; x_wconf 89' lang='grc' dir='ltr'><strong>τά</strong></span> <span class='ocrx_word' id='word_1_349' title='bbox 1075 3011 1430 3079; x_wconf 78' lang='grc' dir='ltr'>πνευματικά</span> <span class='ocrx_word' id='word_1_350' title='bbox 1462 3009 1648 3063; x_wconf 86' lang='grc' dir='ltr'>αὑτῶν·</span> <span class='ocrx_word' id='word_1_351' title='bbox 1692 3011 1796 3064; x_wconf 71' lang='grc' dir='ltr'>καὶ</span> <span class='ocrx_word' id='word_1_352' title='bbox 1819 3009 1889 3064; x_wconf 84' lang='grc' dir='ltr'>τὰ</span> 
     </span>
    </p>
   </div>
   <div class='ocr_carea' id='block_1_48' title="bbox 279 3096 1890 3170">
    <p class='ocr_par' dir='ltr' id='par_1_48' title="bbox 279 3096 1890 3170">
     <span class='ocr_line' id='line_1_48' title="bbox 279 3096 1890 3170; baseline 0.001 -20"><span class='ocrx_word' id='word_1_353' title='bbox 279 3097 401 3150; x_wconf 80' lang='grc' dir='ltr'>θεῖα</span> <span class='ocrx_word' id='word_1_354' title='bbox 458 3096 693 3168; x_wconf 82' lang='grc' dir='ltr'>σώματα</span> <span class='ocrx_word' id='word_1_355' title='bbox 744 3097 1059 3168; x_wconf 67' lang='grc' dir='ltr'>ἀφθαρσίαν</span> <span class='ocrx_word' id='word_1_356' title='bbox 1119 3097 1649 3170; x_wconf 79' lang='grc' dir='ltr'>κληρονομήσαντα,</span> <span class='ocrx_word' id='word_1_357' title='bbox 1706 3098 1890 3169; x_wconf 83' lang='grc' dir='ltr'>πάσης</span> 
     </span>
    </p>
   </div>
   <div class='ocr_carea' id='block_1_49' title="bbox 277 3191 1891 3257">
    <p class='ocr_par' dir='ltr' id='par_1_49' title="bbox 277 3191 1891 3257">
     <span class='ocr_line' id='line_1_49' title="bbox 277 3191 1891 3257; baseline 0.001 -13"><span class='ocrx_word' id='word_1_358' title='bbox 277 3191 652 3254; x_wconf 36' lang='grc' dir='ltr'>ἀναπαύσεως,</span> <span class='ocrx_word' id='word_1_359' title='bbox 673 3191 1066 3254; x_wconf 79' lang='grc' dir='ltr'>ἀπολαύουσιν,</span> <span class='ocrx_word' id='word_1_360' title='bbox 1097 3193 1190 3246; x_wconf 83' lang='grc' dir='ltr'>καὶ</span> <span class='ocrx_word' id='word_1_361' title='bbox 1221 3192 1379 3246; x_wconf 71' lang='grc' dir='ltr'>ἔσται</span> <span class='ocrx_word' id='word_1_362' title='bbox 1401 3196 1428 3246; x_wconf 92' lang='lat'><strong>6</strong></span> <span class='ocrx_word' id='word_1_363' title='bbox 1447 3193 1593 3257; x_wconf 83' lang='grc' dir='ltr'>Θεὸς</span> <span class='ocrx_word' id='word_1_364' title='bbox 1613 3193 1684 3246; x_wconf 89' lang='grc' dir='ltr'><strong>τά</strong></span> <span class='ocrx_word' id='word_1_365' title='bbox 1710 3195 1891 3248; x_wconf 85' lang='grc' dir='ltr'>πάντα</span> 
     </span>
    </p>
   </div>
   <div class='ocr_carea' id='block_1_50' title="bbox 277 3284 1892 3355">
    <p class='ocr_par' dir='ltr' id='par_1_50' title="bbox 277 3284 1892 3355">
     <span class='ocr_line' id='line_1_50' title="bbox 277 3284 1892 3355; baseline 0.001 -17"><span class='ocrx_word' id='word_1_366' title='bbox 277 3287 336 3338; x_wconf 86' lang='grc' dir='ltr'>ὲν</span> <span class='ocrx_word' id='word_1_367' title='bbox 356 3286 524 3338; x_wconf 78' lang='grc' dir='ltr'>πᾶσιν</span> <span class='ocrx_word' id='word_1_368' title='bbox 558 3285 744 3347; x_wconf 88' lang='grc' dir='ltr'>αὑτοῖς</span> <span class='ocrx_word' id='word_1_369' title='bbox 763 3301 777 3315; x_wconf 89' lang='grc'><strong>·</strong></span> <span class='ocrx_word' id='word_1_370' title='bbox 801 3286 1042 3337; x_wconf 81' lang='grc' dir='ltr'>διακονεῖ</span> <span class='ocrx_word' id='word_1_371' title='bbox 1068 3284 1124 3338; x_wconf 81' lang='grc' dir='ltr'>δὲ</span> <span class='ocrx_word' id='word_1_372' title='bbox 1154 3286 1269 3348; x_wconf 82' lang='grc' dir='ltr'>τοῖς</span> <span class='ocrx_word' id='word_1_373' title='bbox 1291 3285 1486 3351; x_wconf 78' lang='grc' dir='ltr'>ἀξίοις,</span> <span class='ocrx_word' id='word_1_374' title='bbox 1517 3285 1892 3355; x_wconf 76' lang='grc' dir='ltr'>ἀμειϐόμενος</span> 
     </span>
    </p>
   </div>
   <div class='ocr_carea' id='block_1_51' title="bbox 279 3376 1893 3450">
    <p class='ocr_par' dir='ltr' id='par_1_51' title="bbox 279 3376 1893 3450">
     <span class='ocr_line' id='line_1_51' title="bbox 279 3376 1893 3450; baseline 0 -20"><span class='ocrx_word' id='word_1_375' title='bbox 279 3378 483 3440; x_wconf 73' lang='grc' dir='ltr'>αὐτοὺς</span> <span class='ocrx_word' id='word_1_376' title='bbox 512 3378 625 3439; x_wconf 88' lang='grc' dir='ltr'>τοῖς</span> <span class='ocrx_word' id='word_1_377' title='bbox 649 3376 786 3438; x_wconf 76' lang='grc' dir='ltr'>ἴσοις</span> <span class='ocrx_word' id='word_1_378' title='bbox 806 3393 819 3407; x_wconf 86' lang='lat'><strong>&#39;</strong></span> <span class='ocrx_word' id='word_1_379' title='bbox 850 3380 944 3430; x_wconf 81' lang='grc' dir='ltr'><strong>καὶ</strong></span> <span class='ocrx_word' id='word_1_380' title='bbox 965 3376 1156 3447; x_wconf 84' lang='grc' dir='ltr'>ὥσπερ</span> <span class='ocrx_word' id='word_1_381' title='bbox 1178 3377 1334 3430; x_wconf 71' lang='grc' dir='ltr'>αὑτοὶ</span> <span class='ocrx_word' id='word_1_382' title='bbox 1360 3376 1510 3447; x_wconf 87' lang='grc' dir='ltr'>αὑτῷ</span> <span class='ocrx_word' id='word_1_383' title='bbox 1535 3378 1893 3450; x_wconf 83' lang='grc' dir='ltr'>διηκόνησαν,</span> 
     </span>
    </p>
   </div>
   <div class='ocr_carea' id='block_1_52' title="bbox 279 3465 1892 3541">
    <p class='ocr_par' dir='ltr' id='par_1_52' title="bbox 279 3465 1892 3541">
     <span class='ocr_line' id='line_1_52' title="bbox 279 3465 1892 3541; baseline 0.001 -18"><span class='ocrx_word' id='word_1_384' title='bbox 279 3469 427 3524; x_wconf 84' lang='grc' dir='ltr'>οὓτω</span> <span class='ocrx_word' id='word_1_385' title='bbox 459 3473 554 3522; x_wconf 75' lang='grc' dir='ltr'><strong>καὶ</strong></span> <span class='ocrx_word' id='word_1_386' title='bbox 590 3465 753 3532; x_wconf 87' lang='grc' dir='ltr'>αὑτὸς</span> <span class='ocrx_word' id='word_1_387' title='bbox 787 3470 971 3534; x_wconf 73' lang='grc' dir='ltr'>αὐτοῖς</span> <span class='ocrx_word' id='word_1_388' title='bbox 995 3471 1293 3540; x_wconf 82' lang='grc' dir='ltr'>ὑπηρετῶν</span> <span class='ocrx_word' id='word_1_389' title='bbox 1346 3473 1442 3524; x_wconf 76' lang='grc' dir='ltr'>καὶ</span> <span class='ocrx_word' id='word_1_390' title='bbox 1484 3471 1684 3541; x_wconf 74' lang='grc' dir='ltr'>δαψιλῆ</span> <span class='ocrx_word' id='word_1_391' title='bbox 1707 3473 1892 3535; x_wconf 84' lang='grc' dir='ltr'>αὑτοῖς</span> 
     </span>
    </p>
   </div>
   <div class='ocr_carea' id='block_1_53' title="bbox 283 3565 1895 3637">
    <p class='ocr_par' dir='ltr' id='par_1_53' title="bbox 283 3565 1895 3637">
     <span class='ocr_line' id='line_1_53' title="bbox 283 3565 1895 3637; baseline 0.001 -21"><span class='ocrx_word' id='word_1_392' title='bbox 283 3565 884 3636; x_wconf 59' lang='grc' dir='ltr'>παρέχωνητράπεζαν,</span> <span class='ocrx_word' id='word_1_393' title='bbox 935 3567 1026 3629; x_wconf 72' lang='grc' dir='ltr'>καὶ</span> <span class='ocrx_word' id='word_1_394' title='bbox 1058 3565 1158 3634; x_wconf 83' lang='grc' dir='ltr'><strong>τὴν</strong></span> <span class='ocrx_word' id='word_1_395' title='bbox 1206 3565 1316 3618; x_wconf 85' lang='grc' dir='ltr'><strong>τῶν</strong></span> <span class='ocrx_word' id='word_1_396' title='bbox 1365 3565 1762 3636; x_wconf 83' lang='grc' dir='ltr'>πνευματικῶν</span> <span class='ocrx_word' id='word_1_397' title='bbox 1795 3583 1895 3637; x_wconf 90' lang='grc' dir='ltr'>χα-</span> 
     </span>
    </p>
   </div>
   <div class='ocr_carea' id='block_1_54' title="bbox 283 3656 1891 3729">
    <p class='ocr_par' dir='ltr' id='par_1_54' title="bbox 283 3656 1891 3729">
     <span class='ocr_line' id='line_1_54' title="bbox 283 3656 1891 3729; baseline -0.001 -20"><span class='ocrx_word' id='word_1_398' title='bbox 283 3657 567 3728; x_wconf 82' lang='grc' dir='ltr'>ρισμάτων</span> <span class='ocrx_word' id='word_1_399' title='bbox 596 3659 816 3728; x_wconf 72' lang='grc' dir='ltr'>τρυφὴν</span> <span class='ocrx_word' id='word_1_400' title='bbox 848 3656 1234 3728; x_wconf 77' lang='grc' dir='ltr'>χαριζόμενος.</span> <span class='ocrx_word' id='word_1_401' title='bbox 1258 3656 1510 3726; x_wconf 74' lang='grc' dir='ltr'>Φυλακὴν</span> <span class='ocrx_word' id='word_1_402' title='bbox 1536 3657 1592 3710; x_wconf 83' lang='grc' dir='ltr'>δὲ</span> <span class='ocrx_word' id='word_1_403' title='bbox 1621 3658 1891 3729; x_wconf 81' lang='grc' dir='ltr'>δευτέραν</span> 
     </span>
    </p>
   </div>
   <div class='ocr_carea' id='block_1_55' title="bbox 281 3747 1894 3821">
    <p class='ocr_par' dir='ltr' id='par_1_55' title="bbox 281 3747 1894 3821">
     <span class='ocr_line' id='line_1_55' title="bbox 281 3747 1894 3821; baseline 0 -19"><span class='ocrx_word' id='word_1_404' title='bbox 281 3751 379 3802; x_wconf 80' lang='grc' dir='ltr'><strong>καὶ</strong></span> <span class='ocrx_word' id='word_1_405' title='bbox 417 3749 610 3819; x_wconf 83' lang='grc' dir='ltr'>τρίτην</span> <span class='ocrx_word' id='word_1_406' title='bbox 636 3754 862 3818; x_wconf 79' lang='grc' dir='ltr'>νοήσαις</span> <span class='ocrx_word' id='word_1_407' title='bbox 892 3749 958 3802; x_wconf 84' lang='grc' dir='ltr'><strong>ἂν</strong></span> <span class='ocrx_word' id='word_1_408' title='bbox 983 3751 1081 3812; x_wconf 75' lang='grc' dir='ltr'>τὰς</span> <span class='ocrx_word' id='word_1_409' title='bbox 1113 3748 1410 3819; x_wconf 70' lang='grc' dir='ltr'>διαφόρους</span> <span class='ocrx_word' id='word_1_410' title='bbox 1445 3747 1596 3821; x_wconf 81' lang='grc' dir='ltr'>ὧρας</span> <span class='ocrx_word' id='word_1_411' title='bbox 1619 3752 1718 3820; x_wconf 84' lang='grc' dir='ltr'><strong>τῆς</strong></span> <span class='ocrx_word' id='word_1_412' title='bbox 1747 3749 1894 3820; x_wconf 80' lang='grc' dir='ltr'>ζωῆς</span> 
     </span>
    </p>
   </div>
   <div class='ocr_carea' id='block_1_56' title="bbox 279 3837 1895 3915">
    <p class='ocr_par' dir='ltr' id='par_1_56' title="bbox 279 3837 1895 3915">
     <span class='ocr_line' id='line_1_56' title="bbox 279 3837 1895 3915; baseline 0.002 -23"><span class='ocrx_word' id='word_1_413' title='bbox 279 3840 466 3910; x_wconf 74' lang='grc' dir='ltr'>ἡμῶν.</span> <span class='ocrx_word' id='word_1_414' title='bbox 510 3837 639 3894; x_wconf 82' lang='grc' dir='ltr'>Οἶόν</span> <span class='ocrx_word' id='word_1_415' title='bbox 673 3860 726 3895; x_wconf 91' lang='grc' dir='ltr'><strong>τι</strong></span> <span class='ocrx_word' id='word_1_416' title='bbox 769 3842 945 3911; x_wconf 86' lang='grc' dir='ltr'>λέγω·</span> <span class='ocrx_word' id='word_1_417' title='bbox 975 3845 1187 3913; x_wconf 83' lang='grc' dir='ltr'>Ὥσπερ</span> <span class='ocrx_word' id='word_1_418' title='bbox 1213 3845 1241 3895; x_wconf 87' lang='lat'><strong>6</strong></span> <span class='ocrx_word' id='word_1_419' title='bbox 1264 3844 1565 3914; x_wconf 85' lang='grc' dir='ltr'>ἀγρυπνῶν</span> <span class='ocrx_word' id='word_1_420' title='bbox 1589 3845 1648 3896; x_wconf 82' lang='grc' dir='ltr'><strong>ὲν</strong></span> <span class='ocrx_word' id='word_1_421' title='bbox 1675 3847 1742 3915; x_wconf 77' lang='grc' dir='ltr'>τῇ</span> <span class='ocrx_word' id='word_1_422' title='bbox 1773 3841 1895 3896; x_wconf 86' lang='grc' dir='ltr'>δευ-</span> 
     </span>
    </p>
   </div>
   <div class='ocr_carea' id='block_1_57' title="bbox 280 3929 1895 4006">
    <p class='ocr_par' dir='ltr' id='par_1_57' title="bbox 280 3929 1895 4006">
     <span class='ocr_line' id='line_1_57' title="bbox 280 3929 1895 4006; baseline 0.002 -22"><span class='ocrx_word' id='word_1_423' title='bbox 280 3933 420 4003; x_wconf 68' lang='grc' dir='ltr'>τέρα</span> <span class='ocrx_word' id='word_1_424' title='bbox 452 3933 547 3986; x_wconf 68' lang='grc' dir='ltr'>καὶ</span> <span class='ocrx_word' id='word_1_425' title='bbox 570 3935 732 4006; x_wconf 79' lang='grc' dir='ltr'>τρίτῃ</span> <span class='ocrx_word' id='word_1_426' title='bbox 763 3935 1004 4006; x_wconf 80' lang='grc' dir='ltr'>φυλακῇ,</span> <span class='ocrx_word' id='word_1_427' title='bbox 1039 3935 1188 3987; x_wconf 83' lang='grc' dir='ltr'>δοκεῖ</span> <span class='ocrx_word' id='word_1_428' title='bbox 1231 3929 1698 4006; x_wconf 80' lang='grc' dir='ltr'>ἑγρηγορώτατος</span> <span class='ocrx_word' id='word_1_429' title='bbox 1754 3929 1895 3988; x_wconf 83' lang='grc' dir='ltr'>εἶναι</span> 
     </span>
    </p>
   </div>
   <div class='ocr_carea' id='block_1_58' title="bbox 287 4016 1892 4096">
    <p class='ocr_par' dir='ltr' id='par_1_58' title="bbox 287 4016 1892 4096">
     <span class='ocr_line' id='line_1_58' title="bbox 287 4016 1892 4096; baseline 0.004 -23"><span class='ocrx_word' id='word_1_430' title='bbox 287 4016 476 4091; x_wconf 67' lang='grc' dir='ltr'>(αὗται</span> <span class='ocrx_word' id='word_1_431' title='bbox 511 4024 620 4094; x_wconf 74' lang='grc' dir='ltr'><strong>γὰρ</strong></span> <span class='ocrx_word' id='word_1_432' title='bbox 652 4025 707 4075; x_wconf 77' lang='grc' dir='ltr'>αἱ</span> <span class='ocrx_word' id='word_1_433' title='bbox 743 4017 886 4092; x_wconf 84' lang='grc' dir='ltr'>ὧραι</span> <span class='ocrx_word' id='word_1_434' title='bbox 916 4025 1016 4093; x_wconf 82' lang='grc' dir='ltr'><strong>τῆς</strong></span> <span class='ocrx_word' id='word_1_435' title='bbox 1046 4024 1239 4088; x_wconf 84' lang='grc' dir='ltr'>νυκτὸς</span> <span class='ocrx_word' id='word_1_436' title='bbox 1270 4024 1507 4094; x_wconf 81' lang='grc' dir='ltr'>μάλιστα</span> <span class='ocrx_word' id='word_1_437' title='bbox 1543 4024 1714 4078; x_wconf 73' lang='grc' dir='ltr'>ὕπνου</span> <span class='ocrx_word' id='word_1_438' title='bbox 1745 4041 1892 4096; x_wconf 68' lang='grc' dir='ltr'>παρσ-</span> 
     </span>
    </p>
   </div>
   <div class='ocr_carea' id='block_1_59' title="bbox 281 4113 1896 4190">
    <p class='ocr_par' dir='ltr' id='par_1_59' title="bbox 281 4113 1896 4190">
     <span class='ocr_line' id='line_1_59' title="bbox 281 4113 1896 4190; baseline 0.002 -22"><span class='ocrx_word' id='word_1_439' title='bbox 281 4118 504 4169; x_wconf 76' lang='grc' dir='ltr'>εκτικαὶ</span> <span class='ocrx_word' id='word_1_440' title='bbox 551 4119 664 4180; x_wconf 79' lang='grc' dir='ltr'>τοῖς</span> <span class='ocrx_word' id='word_1_441' title='bbox 700 4118 1016 4188; x_wconf 82' lang='grc' dir='ltr'>ἀνθρώποις</span> <span class='ocrx_word' id='word_1_442' title='bbox 1061 4120 1154 4172; x_wconf 73' lang='grc' dir='ltr'>καὶ</span> <span class='ocrx_word' id='word_1_443' title='bbox 1185 4118 1408 4189; x_wconf 80' lang='grc' dir='ltr'>πρώτου</span> <span class='ocrx_word' id='word_1_444' title='bbox 1477 4113 1699 4190; x_wconf 61' lang='grc' dir='ltr'>ὕπνου),</span> <span class='ocrx_word' id='word_1_445' title='bbox 1749 4117 1896 4172; x_wconf 83' lang='grc' dir='ltr'>οὑτω</span> 
     </span>
    </p>
   </div>
   <div class='ocr_carea' id='block_1_60' title="bbox 282 4209 1896 4285">
    <p class='ocr_par' dir='ltr' id='par_1_60' title="bbox 282 4209 1896 4285">
     <span class='ocr_line' id='line_1_60' title="bbox 282 4209 1896 4285; baseline 0.003 -24"><span class='ocrx_word' id='word_1_446' title='bbox 282 4209 396 4261; x_wconf 85' lang='grc' dir='ltr'>νόει</span> <span class='ocrx_word' id='word_1_447' title='bbox 446 4226 538 4285; x_wconf 84' lang='grc' dir='ltr'>μοι</span> <span class='ocrx_word' id='word_1_448' title='bbox 581 4211 678 4264; x_wconf 77' lang='grc' dir='ltr'><strong>καὶ</strong></span> <span class='ocrx_word' id='word_1_449' title='bbox 710 4212 769 4264; x_wconf 80' lang='grc' dir='ltr'><strong>ἐν</strong></span> <span class='ocrx_word' id='word_1_450' title='bbox 820 4213 886 4282; x_wconf 83' lang='grc' dir='ltr'>τῇ</span> <span class='ocrx_word' id='word_1_451' title='bbox 936 4210 1184 4282; x_wconf 77' lang='grc' dir='ltr'>διαφόρῳ</span> <span class='ocrx_word' id='word_1_452' title='bbox 1230 4210 1569 4264; x_wconf 84' lang='grc' dir='ltr'>καταστάσει</span> <span class='ocrx_word' id='word_1_453' title='bbox 1611 4212 1711 4282; x_wconf 78' lang='grc' dir='ltr'>τῆς</span> <span class='ocrx_word' id='word_1_454' title='bbox 1747 4212 1896 4283; x_wconf 80' lang='grc' dir='ltr'>ζωῆς</span> 
     </span>
    </p>
   </div>
   <div class='ocr_carea' id='block_1_61' title="bbox 281 4297 1893 4375">
    <p class='ocr_par' dir='ltr' id='par_1_61' title="bbox 281 4297 1893 4375">
     <span class='ocr_line' id='line_1_61' title="bbox 281 4297 1893 4375; baseline 0.003 -22"><span class='ocrx_word' id='word_1_455' title='bbox 281 4300 444 4370; x_wconf 81' lang='grc' dir='ltr'>ἡμῶν</span> <span class='ocrx_word' id='word_1_456' title='bbox 499 4297 641 4355; x_wconf 70' lang='grc' dir='ltr'>εἶναι</span> <span class='ocrx_word' id='word_1_457' title='bbox 691 4301 841 4373; x_wconf 85' lang='grc' dir='ltr'>ὥρας</span> <span class='ocrx_word' id='word_1_458' title='bbox 890 4302 992 4366; x_wconf 83' lang='grc' dir='ltr'>τὰς</span> <span class='ocrx_word' id='word_1_459' title='bbox 1043 4303 1354 4374; x_wconf 82' lang='grc' dir='ltr'>μακαρίους</span> <span class='ocrx_word' id='word_1_460' title='bbox 1406 4304 1556 4375; x_wconf 72' lang='grc' dir='ltr'>ἡμᾶς</span> <span class='ocrx_word' id='word_1_461' title='bbox 1608 4303 1893 4370; x_wconf 88' lang='grc' dir='ltr'>ποιούσας,</span> 
     </span>
    </p>
   </div>
   <div class='ocr_carea' id='block_1_62' title="bbox 281 4392 1896 4470">
    <p class='ocr_par' dir='ltr' id='par_1_62' title="bbox 281 4392 1896 4470">
     <span class='ocr_line' id='line_1_62' title="bbox 281 4392 1896 4470; baseline 0.004 -25"><span class='ocrx_word' id='word_1_462' title='bbox 281 4392 382 4446; x_wconf 77' lang='grc' dir='ltr'><strong>ὲάν</strong></span> <span class='ocrx_word' id='word_1_463' title='bbox 421 4393 744 4464; x_wconf 84' lang='grc' dir='ltr'>εὑρεθῶμεν</span> <span class='ocrx_word' id='word_1_464' title='bbox 797 4395 1227 4469; x_wconf 75' lang='grc' dir='ltr'>γρηγοροῦντες.</span> <span class='ocrx_word' id='word_1_465' title='bbox 1266 4397 1530 4467; x_wconf 82' lang='grc' dir='ltr'>Ἥρπασὲ</span> <span class='ocrx_word' id='word_1_466' title='bbox 1561 4414 1644 4462; x_wconf 89' lang='grc' dir='ltr'><strong>τις</strong></span> <span class='ocrx_word' id='word_1_467' title='bbox 1668 4395 1734 4450; x_wconf 86' lang='grc' dir='ltr'><strong>τά</strong></span> <span class='ocrx_word' id='word_1_468' title='bbox 1759 4399 1896 4470; x_wconf 83' lang='grc' dir='ltr'>χρή-</span> 
     </span>
    </p>
   </div>
   <div class='ocr_carea' id='block_1_63' title="bbox 286 4484 1892 4562">
    <p class='ocr_par' dir='ltr' id='par_1_63' title="bbox 286 4484 1892 4562">
     <span class='ocr_line' id='line_1_63' title="bbox 286 4484 1892 4562; baseline 0.002 -24"><span class='ocrx_word' id='word_1_469' title='bbox 286 4484 438 4554; x_wconf 84' lang='grc' dir='ltr'>ματά</span> <span class='ocrx_word' id='word_1_470' title='bbox 479 4501 606 4550; x_wconf 92' lang='grc' dir='ltr'>σου,</span> <span class='ocrx_word' id='word_1_471' title='bbox 644 4484 948 4556; x_wconf 84' lang='grc' dir='ltr'>τεθνήκασί</span> <span class='ocrx_word' id='word_1_472' title='bbox 1006 4504 1088 4539; x_wconf 76' lang='grc' dir='ltr'><strong>σοι</strong></span> <span class='ocrx_word' id='word_1_473' title='bbox 1138 4487 1364 4552; x_wconf 83' lang='grc' dir='ltr'>παῖδες,</span> <span class='ocrx_word' id='word_1_474' title='bbox 1417 4489 1892 4562; x_wconf 76' lang='grc' dir='ltr'>ὲσυκοφαντήθηςο</span> 
     </span>
    </p>
   </div>
   <div class='ocr_carea' id='block_1_64' title="bbox 1992 1982 3616 2063">
    <p class='ocr_par' dir='ltr' id='par_1_64' title="bbox 1992 1982 3616 2063">
     <span class='ocr_line' id='line_1_64' title="bbox 1992 1982 3616 2063; baseline -0.01 -16"><span class='ocrx_word' id='word_1_475' title='bbox 1992 1991 2316 2063; x_wconf 61' lang='grc' dir='ltr'>ριωιετίοιιε</span> <span class='ocrx_word' id='word_1_476' title='bbox 2392 1989 2731 2043; x_wconf 80' lang='lat' dir='ltr'><strong>ministrabit</strong></span> <span class='ocrx_word' id='word_1_477' title='bbox 2811 1986 2942 2038; x_wconf 91' lang='lat' dir='ltr'><strong>illis.</strong></span> <span class='ocrx_word' id='word_1_478' title='bbox 2991 1982 3360 2050; x_wconf 62' lang='lat' dir='ltr'><strong>Praecingitnr</strong></span> <span class='ocrx_word' id='word_1_479' title='bbox 3427 1982 3616 2048; x_wconf 86' lang='lat' dir='ltr'><strong>itaque</strong></span> 
     </span>
    </p>
   </div>
   <div class='ocr_carea' id='block_1_65' title="bbox 1995 2069 3615 2151">
    <p class='ocr_par' dir='ltr' id='par_1_65' title="bbox 1995 2069 3615 2151">
     <span class='ocr_line' id='line_1_65' title="bbox 1995 2069 3615 2151; baseline -0.009 -13"><span class='ocrx_word' id='word_1_480' title='bbox 1995 2087 2137 2141; x_wconf 88' lang='lat' dir='ltr'><strong>Deus</strong></span> <span class='ocrx_word' id='word_1_481' title='bbox 2171 2083 2477 2139; x_wconf 88' lang='lat' dir='ltr'><strong>secundum</strong></span> <span class='ocrx_word' id='word_1_482' title='bbox 2512 2081 2662 2151; x_wconf 86' lang='lat' dir='ltr'><strong>quod</strong></span> <span class='ocrx_word' id='word_1_483' title='bbox 2698 2095 2805 2133; x_wconf 89' lang='lat' dir='ltr'><strong>non</strong></span> <span class='ocrx_word' id='word_1_484' title='bbox 2838 2079 3084 2132; x_wconf 89' lang='lat' dir='ltr'><strong>omnium</strong></span> <span class='ocrx_word' id='word_1_485' title='bbox 3139 2075 3413 2130; x_wconf 88' lang='lat' dir='ltr'><strong>bonorum</strong></span> <span class='ocrx_word' id='word_1_486' title='bbox 3469 2069 3615 2125; x_wconf 74' lang='lat' dir='ltr'><strong>effu-</strong></span> 
     </span>
    </p>
   </div>
   <div class='ocr_carea' id='block_1_66' title="bbox 1994 2163 3617 2244">
    <p class='ocr_par' dir='ltr' id='par_1_66' title="bbox 1994 2163 3617 2244">
     <span class='ocr_line' id='line_1_66' title="bbox 1994 2163 3617 2244; baseline -0.011 -11"><span class='ocrx_word' id='word_1_487' title='bbox 1994 2179 2203 2233; x_wconf 87' lang='lat' dir='ltr'><strong>sionem</strong></span> <span class='ocrx_word' id='word_1_488' title='bbox 2237 2177 2399 2230; x_wconf 64' lang='lat' dir='ltr'><strong>no&#39;his</strong></span> <span class='ocrx_word' id='word_1_489' title='bbox 2428 2174 2768 2244; x_wconf 72' lang='lat' dir='ltr'><strong>suppeditat,</strong></span> <span class='ocrx_word' id='word_1_490' title='bbox 2799 2172 2894 2225; x_wconf 91' lang='lat' dir='ltr'><strong>sed</strong></span> <span class='ocrx_word' id='word_1_491' title='bbox 2943 2169 3092 2223; x_wconf 89' lang='lat' dir='ltr'><strong>illam</strong></span> <span class='ocrx_word' id='word_1_492' title='bbox 3148 2164 3450 2234; x_wconf 84' lang='lat' dir='ltr'><strong>&#39;restringit.</strong></span> <span class='ocrx_word' id='word_1_493' title='bbox 3479 2163 3617 2229; x_wconf 84' lang='lat' dir='ltr'><strong>Quis</strong></span> 
     </span>
    </p>
   </div>
   <div class='ocr_carea' id='block_1_67' title="bbox 1983 2256 3613 2341">
    <p class='ocr_par' dir='ltr' id='par_1_67' title="bbox 1983 2256 3613 2341">
     <span class='ocr_line' id='line_1_67' title="bbox 1983 2256 3613 2341; baseline -0.011 -13"><span class='ocrx_word' id='word_1_494' title='bbox 1983 2274 2138 2336; x_wconf 12' lang='lat' dir='ltr'><strong>(enim</strong></span> <span class='ocrx_word' id='word_1_495' title='bbox 2177 2278 2356 2341; x_wconf 86' lang='lat' dir='ltr'><strong>potest</strong></span> <span class='ocrx_word' id='word_1_496' title='bbox 2380 2282 2576 2338; x_wconf 86' lang='lat' dir='ltr'><strong>capere</strong></span> <span class='ocrx_word' id='word_1_497' title='bbox 2597 2274 2835 2336; x_wconf 82' lang='lat' dir='ltr'><strong>quantus</strong></span> <span class='ocrx_word' id='word_1_498' title='bbox 2864 2264 2934 2318; x_wconf 87' lang='lat' dir='ltr'><strong>sit</strong></span> <span class='ocrx_word' id='word_1_499' title='bbox 2966 2261 3150 2316; x_wconf 72' lang='lat' dir='ltr'><strong>Densi?</strong></span> <span class='ocrx_word' id='word_1_500' title='bbox 3173 2270 3227 2312; x_wconf 84' lang='lat' dir='ltr'><strong>et</strong></span> <span class='ocrx_word' id='word_1_501' title='bbox 3259 2256 3613 2312; x_wconf 81' lang='lat' dir='ltr'><strong>manifestum</strong></span> 
     </span>
    </p>
   </div>
   <div class='ocr_carea' id='block_1_68' title="bbox 1992 2349 3620 2430">
    <p class='ocr_par' dir='ltr' id='par_1_68' title="bbox 1992 2349 3620 2430">
     <span class='ocr_line' id='line_1_68' title="bbox 1992 2349 3620 2430; baseline -0.014 -9"><span class='ocrx_word' id='word_1_502' title='bbox 1992 2376 2075 2421; x_wconf 89' lang='lat' dir='ltr'><strong>cst</strong></span> <span class='ocrx_word' id='word_1_503' title='bbox 2107 2379 2175 2419; x_wconf 83' lang='lat' dir='ltr'><strong>ex</strong></span> <span class='ocrx_word' id='word_1_504' title='bbox 2209 2362 2524 2430; x_wconf 87' lang='lat' dir='ltr'><strong>Seraphim,</strong></span> <span class='ocrx_word' id='word_1_505' title='bbox 2550 2359 2643 2430; x_wconf 90' lang='lat' dir='ltr'><strong>qui</strong></span> <span class='ocrx_word' id='word_1_506' title='bbox 2683 2373 2743 2413; x_wconf 89' lang='lat' dir='ltr'><strong>se</strong></span> <span class='ocrx_word' id='word_1_507' title='bbox 2787 2357 3047 2424; x_wconf 83' lang='lat' dir='ltr'><strong>obtegnnt</strong></span> <span class='ocrx_word' id='word_1_508' title='bbox 3083 2360 3309 2421; x_wconf 76' lang='lat' dir='ltr'><strong>propter</strong></span> <span class='ocrx_word' id='word_1_509' title='bbox 3341 2349 3620 2403; x_wconf 86' lang='lat' dir='ltr'><strong>excellen-</strong></span> 
     </span>
    </p>
   </div>
   <div class='ocr_carea' id='block_1_69' title="bbox 1994 2443 3625 2519">
    <p class='ocr_par' dir='ltr' id='par_1_69' title="bbox 1994 2443 3625 2519">
     <span class='ocr_line' id='line_1_69' title="bbox 1994 2443 3625 2519; baseline -0.01 -6"><span class='ocrx_word' id='word_1_510' title='bbox 1994 2460 2124 2514; x_wconf 88' lang='lat' dir='ltr'><strong>tiam</strong></span> <span class='ocrx_word' id='word_1_511' title='bbox 2179 2457 2347 2510; x_wconf 87' lang='lat' dir='ltr'><strong>divini</strong></span> <span class='ocrx_word' id='word_1_512' title='bbox 2402 2454 2649 2519; x_wconf 81' lang='lat' dir='ltr'><strong>luminis.</strong></span> <span class='ocrx_word' id='word_1_513' title='bbox 2696 2450 2872 2505; x_wconf 82' lang='lat' dir='ltr'><strong>Porro</strong></span> <span class='ocrx_word' id='word_1_514' title='bbox 2915 2445 3239 2505; x_wconf 83' lang='lat' dir='ltr'><strong>recumbere</strong></span> <span class='ocrx_word' id='word_1_515' title='bbox 3274 2443 3408 2498; x_wconf 80' lang='lat' dir='ltr'><strong>facit</strong></span> <span class='ocrx_word' id='word_1_516' title='bbox 3444 2444 3625 2500; x_wconf 74' lang='lat' dir='ltr'><strong>bands</strong></span> 
     </span>
    </p>
   </div>
   <div class='ocr_carea' id='block_1_70' title="bbox 1993 2534 3618 2617">
    <p class='ocr_par' dir='ltr' id='par_1_70' title="bbox 1993 2534 3618 2617">
     <span class='ocr_line' id='line_1_70' title="bbox 1993 2534 3618 2617; baseline -0.009 -12"><span class='ocrx_word' id='word_1_517' title='bbox 1993 2565 2184 2605; x_wconf 89' lang='lat' dir='ltr'><strong>servos</strong></span> <span class='ocrx_word' id='word_1_518' title='bbox 2217 2568 2230 2603; x_wconf 87' lang='lat'><strong>:</strong></span> <span class='ocrx_word' id='word_1_519' title='bbox 2283 2560 2426 2601; x_wconf 84' lang='lat' dir='ltr'><strong>totos</strong></span> <span class='ocrx_word' id='word_1_520' title='bbox 2458 2547 2608 2601; x_wconf 92' lang='lat' dir='ltr'><strong>enim</strong></span> <span class='ocrx_word' id='word_1_521' title='bbox 2642 2559 2737 2617; x_wconf 91' lang='lat' dir='ltr'><strong>per</strong></span> <span class='ocrx_word' id='word_1_522' title='bbox 2766 2543 2950 2598; x_wconf 89' lang='lat' dir='ltr'><strong>omnia</strong></span> <span class='ocrx_word' id='word_1_523' title='bbox 2979 2542 3265 2611; x_wconf 87' lang='lat' dir='ltr'><strong>quiescere</strong></span> <span class='ocrx_word' id='word_1_524' title='bbox 3307 2534 3618 2594; x_wconf 66' lang='lat' dir='ltr'><strong>facit.&#39;i\‘am</strong></span> 
     </span>
    </p>
   </div>
   <div class='ocr_carea' id='block_1_71' title="bbox 1995 2631 3618 2711">
    <p class='ocr_par' dir='ltr' id='par_1_71' title="bbox 1995 2631 3618 2711">
     <span class='ocr_line' id='line_1_71' title="bbox 1995 2631 3618 2711; baseline -0.008 -13"><span class='ocrx_word' id='word_1_525' title='bbox 1995 2645 2145 2699; x_wconf 85' lang='lat' dir='ltr'><strong>sicut</strong></span> <span class='ocrx_word' id='word_1_526' title='bbox 2193 2643 2288 2711; x_wconf 90' lang='lat' dir='ltr'><strong>qui</strong></span> <span class='ocrx_word' id='word_1_527' title='bbox 2341 2639 2640 2705; x_wconf 88' lang='lat' dir='ltr'><strong>recumbit,</strong></span> <span class='ocrx_word' id='word_1_528' title='bbox 2670 2645 2784 2693; x_wconf 87' lang='lat' dir='ltr'><strong>toto</strong></span> <span class='ocrx_word' id='word_1_529' title='bbox 2836 2650 3069 2706; x_wconf 83' lang='lat' dir='ltr'><strong>corpore</strong></span> <span class='ocrx_word' id='word_1_530' title='bbox 3121 2633 3358 2704; x_wconf 88' lang='lat' dir='ltr'><strong>quiescit</strong></span> <span class='ocrx_word' id='word_1_531' title='bbox 3394 2649 3410 2686; x_wconf 89' lang='lat'><strong>:</strong></span> <span class='ocrx_word' id='word_1_532' title='bbox 3441 2632 3516 2685; x_wconf 91' lang='lat' dir='ltr'><strong>ita</strong></span> <span class='ocrx_word' id='word_1_533' title='bbox 3562 2631 3618 2686; x_wconf 86' lang='lat' dir='ltr'><strong>in</strong></span> 
     </span>
    </p>
   </div>
   <div class='ocr_carea' id='block_1_72' title="bbox 1993 2725 3619 2798">
    <p class='ocr_par' dir='ltr' id='par_1_72' title="bbox 1993 2725 3619 2798">
     <span class='ocr_line' id='line_1_72' title="bbox 1993 2725 3619 2798; baseline -0.009 -5"><span class='ocrx_word' id='word_1_534' title='bbox 1993 2739 2234 2794; x_wconf 88' lang='lat' dir='ltr'><strong>secundo</strong></span> <span class='ocrx_word' id='word_1_535' title='bbox 2295 2738 2531 2791; x_wconf 90' lang='lat' dir='ltr'><strong>adventu</strong></span> <span class='ocrx_word' id='word_1_536' title='bbox 2590 2749 2788 2788; x_wconf 90' lang='lat' dir='ltr'><strong>omnes</strong></span> <span class='ocrx_word' id='word_1_537' title='bbox 2833 2730 3010 2786; x_wconf 83' lang='lat' dir='ltr'><strong>sancti</strong></span> <span class='ocrx_word' id='word_1_538' title='bbox 3064 2743 3161 2798; x_wconf 85' lang='lat' dir='ltr'><strong>per</strong></span> <span class='ocrx_word' id='word_1_539' title='bbox 3228 2727 3415 2782; x_wconf 87' lang='lat' dir='ltr'><strong>omnia</strong></span> <span class='ocrx_word' id='word_1_540' title='bbox 3455 2725 3619 2795; x_wconf 83' lang='lat' dir='ltr'><strong>quie-</strong></span> 
     </span>
    </p>
   </div>
   <div class='ocr_carea' id='block_1_73' title="bbox 1995 2817 3623 2895">
    <p class='ocr_par' dir='ltr' id='par_1_73' title="bbox 1995 2817 3623 2895">
     <span class='ocr_line' id='line_1_73' title="bbox 1995 2817 3623 2895; baseline -0.012 -7"><span class='ocrx_word' id='word_1_541' title='bbox 1995 2840 2174 2889; x_wconf 76' lang='lat' dir='ltr'><strong>scent.</strong></span> <span class='ocrx_word' id='word_1_542' title='bbox 2216 2830 2429 2885; x_wconf 83' lang='lat' dir='ltr'><strong>Etenim</strong></span> <span class='ocrx_word' id='word_1_543' title='bbox 2467 2829 2522 2884; x_wconf 91' lang='lat' dir='ltr'><strong>in</strong></span> <span class='ocrx_word' id='word_1_544' title='bbox 2559 2828 2659 2883; x_wconf 87' lang='lat' dir='ltr'><strong>hac</strong></span> <span class='ocrx_word' id='word_1_545' title='bbox 2686 2828 2798 2882; x_wconf 84' lang='lat' dir='ltr'><strong>vita</strong></span> <span class='ocrx_word' id='word_1_546' title='bbox 2833 2825 3074 2895; x_wconf 81' lang='lat' dir='ltr'><strong>quietem</strong></span> <span class='ocrx_word' id='word_1_547' title='bbox 3126 2821 3374 2892; x_wconf 87' lang='lat' dir='ltr'><strong>corporis</strong></span> <span class='ocrx_word' id='word_1_548' title='bbox 3403 2835 3509 2874; x_wconf 88' lang='lat' dir='ltr'><strong>non</strong></span> <span class='ocrx_word' id='word_1_549' title='bbox 3537 2817 3623 2872; x_wconf 86' lang='lat' dir='ltr'><strong>in-</strong></span> 
     </span>
    </p>
   </div>
   <div class='ocr_carea' id='block_1_74' title="bbox 1995 2912 3622 2985">
    <p class='ocr_par' dir='ltr' id='par_1_74' title="bbox 1995 2912 3622 2985">
     <span class='ocr_line' id='line_1_74' title="bbox 1995 2912 3622 2985; baseline -0.007 -8"><span class='ocrx_word' id='word_1_550' title='bbox 1995 2925 2244 2978; x_wconf 89' lang='lat' dir='ltr'><strong>veniunt.</strong></span> <span class='ocrx_word' id='word_1_551' title='bbox 2274 2923 2418 2977; x_wconf 83' lang='lat' dir='ltr'><strong>Alibi</strong></span> <span class='ocrx_word' id='word_1_552' title='bbox 2452 2931 2633 2975; x_wconf 89' lang='lat' dir='ltr'><strong>autem</strong></span> <span class='ocrx_word' id='word_1_553' title='bbox 2689 2934 2812 2974; x_wconf 88' lang='lat' dir='ltr'><strong>cum</strong></span> <span class='ocrx_word' id='word_1_554' title='bbox 2867 2919 3162 2972; x_wconf 85' lang='lat' dir='ltr'><strong>animabus</strong></span> <span class='ocrx_word' id='word_1_555' title='bbox 3207 2912 3514 2985; x_wconf 89' lang='lat' dir='ltr'><strong>spiritualia</strong></span> <span class='ocrx_word' id='word_1_556' title='bbox 3567 2921 3622 2966; x_wconf 85' lang='lat' dir='ltr'><strong>et</strong></span> 
     </span>
    </p>
   </div>
   <div class='ocr_carea' id='block_1_75' title="bbox 1996 3007 3618 3089">
    <p class='ocr_par' dir='ltr' id='par_1_75' title="bbox 1996 3007 3618 3089">
     <span class='ocr_line' id='line_1_75' title="bbox 1996 3007 3618 3089; baseline -0.009 -17"><span class='ocrx_word' id='word_1_557' title='bbox 1996 3018 2178 3072; x_wconf 86' lang='lat' dir='ltr'><strong>divina</strong></span> <span class='ocrx_word' id='word_1_558' title='bbox 2209 3031 2400 3070; x_wconf 83' lang='lat' dir='ltr'><strong>eorum</strong></span> <span class='ocrx_word' id='word_1_559' title='bbox 2429 3027 2664 3089; x_wconf 85' lang='lat' dir='ltr'><strong>corpora</strong></span> <span class='ocrx_word' id='word_1_560' title='bbox 2689 3011 3163 3080; x_wconf 76' lang='lat' dir='ltr'><strong>incorruptionem</strong></span> <span class='ocrx_word' id='word_1_561' title='bbox 3191 3007 3618 3072; x_wconf 56' lang='lat' dir='ltr'><strong>lmreditab‘unt,</strong></span> 
     </span>
    </p>
   </div>
   <div class='ocr_carea' id='block_1_76' title="bbox 1995 3095 3619 3172">
    <p class='ocr_par' dir='ltr' id='par_1_76' title="bbox 1995 3095 3619 3172">
     <span class='ocr_line' id='line_1_76' title="bbox 1995 3095 3619 3172; baseline -0.004 -15"><span class='ocrx_word' id='word_1_562' title='bbox 1995 3113 2051 3157; x_wconf 91' lang='lat' dir='ltr'><strong>et</strong></span> <span class='ocrx_word' id='word_1_563' title='bbox 2103 3105 2255 3157; x_wconf 91' lang='lat' dir='ltr'><strong>omni</strong></span> <span class='ocrx_word' id='word_1_564' title='bbox 2311 3103 2497 3172; x_wconf 87' lang='lat' dir='ltr'><strong>quiete</strong></span> <span class='ocrx_word' id='word_1_565' title='bbox 2556 3099 2832 3166; x_wconf 78' lang='lat' dir='ltr'><strong>fruentur,</strong></span> <span class='ocrx_word' id='word_1_566' title='bbox 2862 3109 2917 3154; x_wconf 89' lang='lat' dir='ltr'><strong>et</strong></span> <span class='ocrx_word' id='word_1_567' title='bbox 2964 3100 3072 3155; x_wconf 91' lang='lat' dir='ltr'><strong>erit</strong></span> <span class='ocrx_word' id='word_1_568' title='bbox 3131 3097 3275 3153; x_wconf 88' lang='lat' dir='ltr'><strong>Dens</strong></span> <span class='ocrx_word' id='word_1_569' title='bbox 3329 3095 3513 3152; x_wconf 82' lang='lat' dir='ltr'><strong>omnia</strong></span> <span class='ocrx_word' id='word_1_570' title='bbox 3566 3097 3619 3150; x_wconf 90' lang='lat' dir='ltr'><strong>in</strong></span> 
     </span>
    </p>
   </div>
   <div class='ocr_carea' id='block_1_77' title="bbox 1997 3177 3614 3262">
    <p class='ocr_par' dir='ltr' id='par_1_77' title="bbox 1997 3177 3614 3262">
     <span class='ocr_line' id='line_1_77' title="bbox 1997 3177 3614 3262; baseline -0.004 -13"><span class='ocrx_word' id='word_1_571' title='bbox 1997 3196 2258 3249; x_wconf 90' lang='lat' dir='ltr'><strong>omnibus</strong></span> <span class='ocrx_word' id='word_1_572' title='bbox 2291 3194 2401 3257; x_wconf 75' lang='lat' dir='ltr'><strong>illis</strong></span> <span class='ocrx_word' id='word_1_573' title='bbox 2423 3193 2494 3248; x_wconf 83' lang='lat'><strong>&quot;.</strong></span> <span class='ocrx_word' id='word_1_574' title='bbox 2514 3177 2792 3255; x_wconf 70' lang='lat' dir='ltr'><strong>Ministrat</strong></span> <span class='ocrx_word' id='word_1_575' title='bbox 2823 3202 2953 3247; x_wconf 82' lang='lat' dir='ltr'><strong>vero</strong></span> <span class='ocrx_word' id='word_1_576' title='bbox 2979 3192 3182 3262; x_wconf 82' lang='lat' dir='ltr'><strong>dignis,</strong></span> <span class='ocrx_word' id='word_1_577' title='bbox 3211 3207 3311 3262; x_wconf 87' lang='lat' dir='ltr'><strong>par</strong></span> <span class='ocrx_word' id='word_1_578' title='bbox 3340 3192 3422 3246; x_wconf 87' lang='lat' dir='ltr'><strong>eis</strong></span> <span class='ocrx_word' id='word_1_579' title='bbox 3447 3189 3614 3245; x_wconf 87' lang='lat' dir='ltr'><strong>retri-</strong></span> 
     </span>
    </p>
   </div>
   <div class='ocr_carea' id='block_1_78' title="bbox 2000 3282 3617 3354">
    <p class='ocr_par' dir='ltr' id='par_1_78' title="bbox 2000 3282 3617 3354">
     <span class='ocr_line' id='line_1_78' title="bbox 2000 3282 3617 3354; baseline -0.004 -12"><span class='ocrx_word' id='word_1_580' title='bbox 2000 3287 2178 3342; x_wconf 89' lang='lat' dir='ltr'><strong>buens</strong></span> <span class='ocrx_word' id='word_1_581' title='bbox 2213 3305 2227 3341; x_wconf 93' lang='lat'><strong>:</strong></span> <span class='ocrx_word' id='word_1_582' title='bbox 2257 3297 2313 3341; x_wconf 91' lang='lat' dir='ltr'><strong>et</strong></span> <span class='ocrx_word' id='word_1_583' title='bbox 2353 3288 2502 3341; x_wconf 88' lang='lat' dir='ltr'><strong>sicut</strong></span> <span class='ocrx_word' id='word_1_584' title='bbox 2559 3287 2659 3354; x_wconf 90' lang='lat' dir='ltr'><strong>ipsi</strong></span> <span class='ocrx_word' id='word_1_585' title='bbox 2708 3286 2757 3340; x_wconf 86' lang='lat' dir='ltr'><strong>ei</strong></span> <span class='ocrx_word' id='word_1_586' title='bbox 2811 3282 3402 3348; x_wconf 63' lang='lat' dir='ltr'><strong>ministravernnt,&#39;ita</strong></span> <span class='ocrx_word' id='word_1_587' title='bbox 3450 3284 3617 3338; x_wconf 86' lang='lat' dir='ltr'><strong>etiam</strong></span> 
     </span>
    </p>
   </div>
   <div class='ocr_carea' id='block_1_79' title="bbox 2000 3376 3617 3450">
    <p class='ocr_par' dir='ltr' id='par_1_79' title="bbox 2000 3376 3617 3450">
     <span class='ocr_line' id='line_1_79' title="bbox 2000 3376 3617 3450; baseline -0.002 -17"><span class='ocrx_word' id='word_1_588' title='bbox 2000 3381 2117 3450; x_wconf 90' lang='lat' dir='ltr'><strong>ipse</strong></span> <span class='ocrx_word' id='word_1_589' title='bbox 2149 3379 2228 3435; x_wconf 88' lang='lat' dir='ltr'><strong>eis</strong></span> <span class='ocrx_word' id='word_1_590' title='bbox 2271 3378 2516 3433; x_wconf 85' lang='lat' dir='ltr'><strong>vicissim</strong></span> <span class='ocrx_word' id='word_1_591' title='bbox 2549 3379 2847 3444; x_wconf 86' lang='lat' dir='ltr'><strong>ministrat,</strong></span> <span class='ocrx_word' id='word_1_592' title='bbox 2876 3389 2928 3433; x_wconf 84' lang='lat' dir='ltr'><strong>et</strong></span> <span class='ocrx_word' id='word_1_593' title='bbox 2966 3377 3237 3448; x_wconf 87' lang='lat' dir='ltr'><strong>dapsilem</strong></span> <span class='ocrx_word' id='word_1_594' title='bbox 3259 3376 3340 3432; x_wconf 88' lang='lat' dir='ltr'><strong>eis</strong></span> <span class='ocrx_word' id='word_1_595' title='bbox 3368 3389 3617 3430; x_wconf 86' lang='lat' dir='ltr'><strong>mensam</strong></span> 
     </span>
    </p>
   </div>
   <div class='ocr_carea' id='block_1_80' title="bbox 1999 3469 3620 3542">
    <p class='ocr_par' dir='ltr' id='par_1_80' title="bbox 1999 3469 3620 3542">
     <span class='ocr_line' id='line_1_80' title="bbox 1999 3469 3620 3542; baseline -0.001 -16"><span class='ocrx_word' id='word_1_596' title='bbox 1999 3481 2245 3542; x_wconf 67' lang='lat' dir='ltr'><strong>praestat,</strong></span> <span class='ocrx_word' id='word_1_597' title='bbox 2288 3472 2558 3528; x_wconf 82' lang='lat' dir='ltr'><strong>exhibens</strong></span> <span class='ocrx_word' id='word_1_598' title='bbox 2611 3471 2978 3542; x_wconf 87' lang='lat' dir='ltr'><strong>spiritualium</strong></span> <span class='ocrx_word' id='word_1_599' title='bbox 3033 3471 3305 3525; x_wconf 90' lang='lat' dir='ltr'><strong>donorum</strong></span> <span class='ocrx_word' id='word_1_600' title='bbox 3357 3469 3620 3524; x_wconf 81' lang='lat' dir='ltr'><strong>lautitias.</strong></span> 
     </span>
    </p>
   </div>
   <div class='ocr_carea' id='block_1_81' title="bbox 1956 3563 3613 3637">
    <p class='ocr_par' dir='ltr' id='par_1_81' title="bbox 1956 3563 3613 3637">
     <span class='ocr_line' id='line_1_81' title="bbox 1956 3563 3613 3637; baseline -0.002 -18"><span class='ocrx_word' id='word_1_601' title='bbox 1956 3568 2076 3620; x_wconf 71' lang='lat' dir='ltr'><strong>.At</strong></span> <span class='ocrx_word' id='word_1_602' title='bbox 2131 3582 2229 3637; x_wconf 85' lang='lat' dir='ltr'><strong>per</strong></span> <span class='ocrx_word' id='word_1_603' title='bbox 2295 3565 2595 3621; x_wconf 85' lang='lat' dir='ltr'><strong>secundam</strong></span> <span class='ocrx_word' id='word_1_604' title='bbox 2650 3572 2706 3619; x_wconf 91' lang='lat' dir='ltr'><strong>ct</strong></span> <span class='ocrx_word' id='word_1_605' title='bbox 2761 3565 2980 3619; x_wconf 89' lang='lat' dir='ltr'><strong>tertiam</strong></span> <span class='ocrx_word' id='word_1_606' title='bbox 3041 3563 3284 3635; x_wconf 77' lang='lat' dir='ltr'><strong>vigiliam</strong></span> <span class='ocrx_word' id='word_1_607' title='bbox 3341 3563 3613 3633; x_wconf 78' lang='lat' dir='ltr'><strong>intelligas</strong></span> 
     </span>
    </p>
   </div>
   <div class='ocr_carea' id='block_1_82' title="bbox 1999 3656 3623 3728">
    <p class='ocr_par' dir='ltr' id='par_1_82' title="bbox 1999 3656 3623 3728">
     <span class='ocr_line' id='line_1_82' title="bbox 1999 3656 3623 3728; baseline -0.002 -14"><span class='ocrx_word' id='word_1_608' title='bbox 1999 3661 2148 3714; x_wconf 88' lang='lat' dir='ltr'><strong>varia</strong></span> <span class='ocrx_word' id='word_1_609' title='bbox 2190 3662 2314 3714; x_wconf 68' lang='lat' dir='ltr'><strong>vitae</strong></span> <span class='ocrx_word' id='word_1_610' title='bbox 2352 3670 2556 3714; x_wconf 58' lang='lat' dir='ltr'><strong>nostra</strong></span> <span class='ocrx_word' id='word_1_611' title='bbox 2597 3669 2845 3727; x_wconf 88' lang='lat' dir='ltr'><strong>tempora</strong></span> <span class='ocrx_word' id='word_1_612' title='bbox 2884 3676 2897 3712; x_wconf 86' lang='lat'>:</span> <span class='ocrx_word' id='word_1_613' title='bbox 2937 3669 2999 3712; x_wconf 89' lang='lat' dir='ltr'><strong>nt</strong></span> <span class='ocrx_word' id='word_1_614' title='bbox 3029 3658 3269 3728; x_wconf 82' lang='lat' dir='ltr'><strong>exempli</strong></span> <span class='ocrx_word' id='word_1_615' title='bbox 3310 3658 3483 3728; x_wconf 85' lang='lat' dir='ltr'><strong>gratia</strong></span> <span class='ocrx_word' id='word_1_616' title='bbox 3517 3656 3623 3711; x_wconf 89' lang='lat' dir='ltr'><strong>ali-</strong></span> 
     </span>
    </p>
   </div>
   <div class='ocr_carea' id='block_1_83' title="bbox 2000 3749 3618 3819">
    <p class='ocr_par' dir='ltr' id='par_1_83' title="bbox 2000 3749 3618 3819">
     <span class='ocr_line' id='line_1_83' title="bbox 2000 3749 3618 3819; baseline -0.001 -15"><span class='ocrx_word' id='word_1_617' title='bbox 2000 3751 2132 3819; x_wconf 84' lang='lat' dir='ltr'><strong>quid</strong></span> <span class='ocrx_word' id='word_1_618' title='bbox 2187 3749 2368 3805; x_wconf 85' lang='lat' dir='ltr'><strong>dicam</strong></span> <span class='ocrx_word' id='word_1_619' title='bbox 2407 3767 2420 3804; x_wconf 89' lang='lat'><strong>:</strong></span> <span class='ocrx_word' id='word_1_620' title='bbox 2456 3749 2935 3816; x_wconf 83' lang='lat' dir='ltr'><strong>Quemadmodum</strong></span> <span class='ocrx_word' id='word_1_621' title='bbox 2970 3750 3062 3818; x_wconf 89' lang='lat' dir='ltr'><strong>qni</strong></span> <span class='ocrx_word' id='word_1_622' title='bbox 3102 3750 3156 3803; x_wconf 89' lang='lat' dir='ltr'><strong>in</strong></span> <span class='ocrx_word' id='word_1_623' title='bbox 3190 3750 3488 3808; x_wconf 82' lang='lat' dir='ltr'><strong>secundam</strong></span> <span class='ocrx_word' id='word_1_624' title='bbox 3522 3757 3618 3803; x_wconf 85' lang='lat' dir='ltr'><strong>aut</strong></span> 
     </span>
    </p>
   </div>
   <div class='ocr_carea' id='block_1_84' title="bbox 2003 3841 3621 3916">
    <p class='ocr_par' dir='ltr' id='par_1_84' title="bbox 2003 3841 3621 3916">
     <span class='ocr_line' id='line_1_84' title="bbox 2003 3841 3621 3916; baseline -0.001 -20"><span class='ocrx_word' id='word_1_625' title='bbox 2003 3843 2240 3916; x_wconf 81' lang='lat' dir='ltr'><strong>tertiam</strong></span> <span class='ocrx_word' id='word_1_626' title='bbox 2271 3842 2510 3913; x_wconf 80' lang='lat' dir='ltr'><strong>vigiliam</strong></span> <span class='ocrx_word' id='word_1_627' title='bbox 2547 3841 2758 3911; x_wconf 82' lang='lat' dir='ltr'><strong>vigilat,</strong></span> <span class='ocrx_word' id='word_1_628' title='bbox 2803 3842 3258 3913; x_wconf 80' lang='lat' dir='ltr'><strong>vigilantissimns</strong></span> <span class='ocrx_word' id='word_1_629' title='bbox 3294 3856 3421 3896; x_wconf 79' lang='lat' dir='ltr'><strong>csse</strong></span> <span class='ocrx_word' id='word_1_630' title='bbox 3461 3841 3621 3901; x_wconf 75' lang='lat' dir='ltr'><strong>vide-</strong></span> 
     </span>
    </p>
   </div>
   <div class='ocr_carea' id='block_1_85' title="bbox 2001 3931 3623 4005">
    <p class='ocr_par' dir='ltr' id='par_1_85' title="bbox 2001 3931 3623 4005">
     <span class='ocr_line' id='line_1_85' title="bbox 2001 3931 3623 4005; baseline -0.001 -17"><span class='ocrx_word' id='word_1_631' title='bbox 2001 3931 2245 4005; x_wconf 88' lang='lat' dir='ltr'><strong>tur(istis</strong></span> <span class='ocrx_word' id='word_1_632' title='bbox 2271 3933 2416 3988; x_wconf 89' lang='lat' dir='ltr'><strong>enim</strong></span> <span class='ocrx_word' id='word_1_633' title='bbox 2449 3935 2597 3987; x_wconf 90' lang='lat' dir='ltr'><strong>horis</strong></span> <span class='ocrx_word' id='word_1_634' title='bbox 2629 3935 2878 3989; x_wconf 83' lang='lat' dir='ltr'><strong>homines</strong></span> <span class='ocrx_word' id='word_1_635' title='bbox 2914 3935 3156 3988; x_wconf 83' lang='lat' dir='ltr'><strong>maximo</strong></span> <span class='ocrx_word' id='word_1_636' title='bbox 3188 3944 3242 3987; x_wconf 91' lang='lat' dir='ltr'><strong>et</strong></span> <span class='ocrx_word' id='word_1_637' title='bbox 3269 3936 3445 4003; x_wconf 82' lang='lat' dir='ltr'><strong>primo</strong></span> <span class='ocrx_word' id='word_1_638' title='bbox 3472 3950 3623 3989; x_wconf 84' lang='lat' dir='ltr'><strong>som-</strong></span> 
     </span>
    </p>
   </div>
   <div class='ocr_carea' id='block_1_86' title="bbox 1999 4027 3618 4098">
    <p class='ocr_par' dir='ltr' id='par_1_86' title="bbox 1999 4027 3618 4098">
     <span class='ocr_line' id='line_1_86' title="bbox 1999 4027 3618 4098; baseline 0.001 -18"><span class='ocrx_word' id='word_1_639' title='bbox 1999 4041 2072 4080; x_wconf 88' lang='lat' dir='ltr'><strong>no</strong></span> <span class='ocrx_word' id='word_1_640' title='bbox 2107 4028 2385 4098; x_wconf 87' lang='lat' dir='ltr'><strong>tenentur)</strong></span> <span class='ocrx_word' id='word_1_641' title='bbox 2414 4029 2516 4093; x_wconf 75' lang='grc' dir='ltr'>εις,</span> <span class='ocrx_word' id='word_1_642' title='bbox 2557 4028 2809 4089; x_wconf 86' lang='lat' dir='ltr'><strong>obsecro,</strong></span> <span class='ocrx_word' id='word_1_643' title='bbox 2840 4031 3005 4082; x_wconf 89' lang='lat' dir='ltr'><strong>etiam</strong></span> <span class='ocrx_word' id='word_1_644' title='bbox 3043 4027 3317 4098; x_wconf 82' lang='lat' dir='ltr'><strong>intelligas</strong></span> <span class='ocrx_word' id='word_1_645' title='bbox 3353 4027 3404 4080; x_wconf 92' lang='lat' dir='ltr'><strong>in</strong></span> <span class='ocrx_word' id='word_1_646' title='bbox 3433 4029 3618 4083; x_wconf 85' lang='lat' dir='ltr'><strong>diver-</strong></span> 
     </span>
    </p>
   </div>
   <div class='ocr_carea' id='block_1_87' title="bbox 1999 4118 3613 4191">
    <p class='ocr_par' dir='ltr' id='par_1_87' title="bbox 1999 4118 3613 4191">
     <span class='ocr_line' id='line_1_87' title="bbox 1999 4118 3613 4191; baseline 0.001 -15"><span class='ocrx_word' id='word_1_647' title='bbox 1999 4122 2076 4177; x_wconf 89' lang='lat' dir='ltr'><strong>sis</strong></span> <span class='ocrx_word' id='word_1_648' title='bbox 2111 4123 2237 4176; x_wconf 76' lang='lat' dir='ltr'><strong>vltae</strong></span> <span class='ocrx_word' id='word_1_649' title='bbox 2265 4131 2466 4176; x_wconf 62' lang='lat' dir='ltr'><strong>nostra;</strong></span> <span class='ocrx_word' id='word_1_650' title='bbox 2497 4123 2736 4176; x_wconf 82' lang='lat' dir='ltr'><strong>statibus</strong></span> <span class='ocrx_word' id='word_1_651' title='bbox 2768 4137 2893 4176; x_wconf 85' lang='lat' dir='ltr'><strong>esse</strong></span> <span class='ocrx_word' id='word_1_652' title='bbox 2918 4122 3106 4186; x_wconf 86' lang='lat' dir='ltr'><strong>horas,</strong></span> <span class='ocrx_word' id='word_1_653' title='bbox 3129 4137 3249 4191; x_wconf 73' lang='lat' dir='ltr'><strong>qua:</strong></span> <span class='ocrx_word' id='word_1_654' title='bbox 3276 4118 3472 4176; x_wconf 81' lang='lat' dir='ltr'><strong>beatos</strong></span> <span class='ocrx_word' id='word_1_655' title='bbox 3511 4137 3613 4177; x_wconf 86' lang='lat' dir='ltr'><strong>nos</strong></span> 
     </span>
    </p>
   </div>
   <div class='ocr_carea' id='block_1_88' title="bbox 2000 4209 3620 4285">
    <p class='ocr_par' dir='ltr' id='par_1_88' title="bbox 2000 4209 3620 4285">
     <span class='ocr_line' id='line_1_88' title="bbox 2000 4209 3620 4285; baseline -0.001 -17"><span class='ocrx_word' id='word_1_656' title='bbox 2000 4214 2225 4280; x_wconf 82' lang='lat' dir='ltr'><strong>faciant,</strong></span> <span class='ocrx_word' id='word_1_657' title='bbox 2254 4215 2298 4268; x_wconf 92' lang='lat' dir='ltr'><strong>si</strong></span> <span class='ocrx_word' id='word_1_658' title='bbox 2333 4209 2620 4285; x_wconf 88' lang='lat' dir='ltr'><strong>vigilantes</strong></span> <span class='ocrx_word' id='word_1_659' title='bbox 2653 4215 2859 4268; x_wconf 75' lang='lat' dir='ltr'><strong>inventi</strong></span> <span class='ocrx_word' id='word_1_660' title='bbox 2897 4214 3190 4268; x_wconf 81' lang='lat' dir='ltr'><strong>fuerimus.</strong></span> <span class='ocrx_word' id='word_1_661' title='bbox 3238 4213 3443 4281; x_wconf 73' lang='lat' dir='ltr'><strong>Rapuit</strong></span> <span class='ocrx_word' id='word_1_662' title='bbox 3493 4213 3620 4283; x_wconf 89' lang='lat' dir='ltr'><strong>quis</strong></span> 
     </span>
    </p>
   </div>
   <div class='ocr_carea' id='block_1_89' title="bbox 2002 4306 3622 4379">
    <p class='ocr_par' dir='ltr' id='par_1_89' title="bbox 2002 4306 3622 4379">
     <span class='ocr_line' id='line_1_89' title="bbox 2002 4306 3622 4379; baseline -0.001 -17"><span class='ocrx_word' id='word_1_663' title='bbox 2002 4308 2247 4362; x_wconf 84' lang='lat' dir='ltr'><strong>divititas</strong></span> <span class='ocrx_word' id='word_1_664' title='bbox 2267 4315 2410 4373; x_wconf 87' lang='lat' dir='ltr'><strong>tuas,</strong></span> <span class='ocrx_word' id='word_1_665' title='bbox 2439 4307 2640 4362; x_wconf 91' lang='lat' dir='ltr'><strong>mortui</strong></span> <span class='ocrx_word' id='word_1_666' title='bbox 2660 4319 2790 4363; x_wconf 86' lang='lat' dir='ltr'><strong>sunt</strong></span> <span class='ocrx_word' id='word_1_667' title='bbox 2818 4307 2984 4379; x_wconf 80' lang='lat'><strong>377</strong></span> <span class='ocrx_word' id='word_1_668' title='bbox 3017 4307 3111 4360; x_wconf 85' lang='lat' dir='ltr'><strong>tibi</strong></span> <span class='ocrx_word' id='word_1_669' title='bbox 3133 4306 3253 4372; x_wconf 81' lang='lat' dir='ltr'><strong>lilii,</strong></span> <span class='ocrx_word' id='word_1_670' title='bbox 3282 4306 3622 4362; x_wconf 89' lang='lat' dir='ltr'><strong>calumniam</strong></span> 
     </span>
    </p>
   </div>
   <div class='ocr_carea' id='block_1_90' title="bbox 1999 4400 3610 4473">
    <p class='ocr_par' dir='ltr' id='par_1_90' title="bbox 1999 4400 3610 4473">
     <span class='ocr_line' id='line_1_90' title="bbox 1999 4400 3610 4473; baseline 0.002 -19"><span class='ocrx_word' id='word_1_671' title='bbox 1999 4416 2198 4473; x_wconf 82' lang='lat' dir='ltr'><strong>passus</strong></span> <span class='ocrx_word' id='word_1_672' title='bbox 2227 4415 2287 4456; x_wconf 87' lang='lat' dir='ltr'><strong>es</strong></span> <span class='ocrx_word' id='word_1_673' title='bbox 2321 4418 2334 4452; x_wconf 89' lang='lat'>:</span> <span class='ocrx_word' id='word_1_674' title='bbox 2372 4401 2416 4456; x_wconf 91' lang='lat' dir='ltr'><strong>si</strong></span> <span class='ocrx_word' id='word_1_675' title='bbox 2453 4401 2507 4455; x_wconf 92' lang='lat' dir='ltr'><strong>in</strong></span> <span class='ocrx_word' id='word_1_676' title='bbox 2543 4402 2840 4456; x_wconf 90' lang='lat' dir='ltr'><strong>iliusmodi</strong></span> <span class='ocrx_word' id='word_1_677' title='bbox 2882 4401 3220 4471; x_wconf 76' lang='lat' dir='ltr'><strong>temporibus</strong></span> <span class='ocrx_word' id='word_1_678' title='bbox 3274 4415 3381 4453; x_wconf 91' lang='lat' dir='ltr'><strong>non</strong></span> <span class='ocrx_word' id='word_1_679' title='bbox 3438 4400 3610 4457; x_wconf 73' lang='lat' dir='ltr'><strong>fueris</strong></span> 
     </span>
    </p>
   </div>
   <div class='ocr_carea' id='block_1_91' title="bbox 2002 4491 3620 4567">
    <p class='ocr_par' dir='ltr' id='par_1_91' title="bbox 2002 4491 3620 4567">
     <span class='ocr_line' id='line_1_91' title="bbox 2002 4491 3620 4567; baseline -0.001 -17"><span class='ocrx_word' id='word_1_680' title='bbox 2002 4495 2208 4564; x_wconf 87' lang='lat' dir='ltr'><strong>lapsus,</strong></span> <span class='ocrx_word' id='word_1_681' title='bbox 2234 4494 2326 4549; x_wconf 87' lang='lat' dir='ltr'><strong>sed</strong></span> <span class='ocrx_word' id='word_1_682' title='bbox 2355 4493 2586 4567; x_wconf 86' lang='lat' dir='ltr'><strong>vigilans</strong></span> <span class='ocrx_word' id='word_1_683' title='bbox 2624 4495 2879 4549; x_wconf 88' lang='lat' dir='ltr'><strong>inventus</strong></span> <span class='ocrx_word' id='word_1_684' title='bbox 2927 4509 2957 4547; x_wconf 89' lang='lat' dir='ltr'><strong>a</strong></span> <span class='ocrx_word' id='word_1_685' title='bbox 2997 4494 3109 4549; x_wconf 87' lang='lat' dir='ltr'><strong>Deo</strong></span> <span class='ocrx_word' id='word_1_686' title='bbox 3156 4503 3214 4549; x_wconf 91' lang='lat' dir='ltr'><strong>et</strong></span> <span class='ocrx_word' id='word_1_687' title='bbox 3260 4491 3519 4560; x_wconf 90' lang='lat' dir='ltr'><strong>Domino,</strong></span> <span class='ocrx_word' id='word_1_688' title='bbox 3561 4503 3620 4548; x_wconf 89' lang='lat' dir='ltr'><strong>et</strong></span> 
     </span>
    </p>
   </div>
   <div class='ocr_carea' id='block_1_92' title="bbox 284 4577 1890 4659">
    <p class='ocr_par' dir='ltr' id='par_1_92' title="bbox 284 4577 1890 4659">
     <span class='ocr_line' id='line_1_92' title="bbox 284 4577 1890 4659; baseline 0.002 -28"><span class='ocrx_word' id='word_1_689' title='bbox 284 4577 384 4631; x_wconf 66' lang='grc' dir='ltr'><strong>ἑὰν</strong></span> <span class='ocrx_word' id='word_1_690' title='bbox 415 4578 473 4629; x_wconf 79' lang='grc' dir='ltr'>ἐν</span> <span class='ocrx_word' id='word_1_691' title='bbox 513 4578 626 4659; x_wconf 76' lang='grc' dir='ltr'>τοῖς</span> <span class='ocrx_word' id='word_1_692' title='bbox 673 4578 942 4642; x_wconf 84' lang='grc' dir='ltr'>τοιούτοις</span> <span class='ocrx_word' id='word_1_693' title='bbox 1002 4583 1219 4652; x_wconf 83' lang='grc' dir='ltr'>καιροῖς</span> <span class='ocrx_word' id='word_1_694' title='bbox 1264 4581 1326 4633; x_wconf 92' lang='grc' dir='ltr'><strong>οὑ</strong></span> <span class='ocrx_word' id='word_1_695' title='bbox 1378 4583 1725 4654; x_wconf 84' lang='grc' dir='ltr'>καταπέσῃς,</span> <span class='ocrx_word' id='word_1_696' title='bbox 1775 4582 1890 4636; x_wconf 82' lang='grc' dir='ltr'>ἀλλ’</span> 
     </span>
    </p>
   </div>
   <div class='ocr_carea' id='block_1_93' title="bbox 1997 4577 3623 4659">
    <p class='ocr_par' dir='ltr' id='par_1_93' title="bbox 2004 4581 3623 4656">
     <span class='ocr_line' id='line_1_93' title="bbox 2004 4581 3623 4656; baseline -0.001 -15"><span class='ocrx_word' id='word_1_697' title='bbox 2004 4585 2139 4641; x_wconf 89' lang='lat' dir='ltr'><strong>nihil</strong></span> <span class='ocrx_word' id='word_1_698' title='bbox 2176 4585 2324 4640; x_wconf 88' lang='lat' dir='ltr'><strong>aliud</strong></span> <span class='ocrx_word' id='word_1_699' title='bbox 2365 4590 2566 4656; x_wconf 67' lang='lat' dir='ltr'><strong>praeter</strong></span> <span class='ocrx_word' id='word_1_700' title='bbox 2602 4586 2856 4639; x_wconf 88' lang='lat' dir='ltr'><strong>mandata</strong></span> <span class='ocrx_word' id='word_1_701' title='bbox 2894 4581 3114 4642; x_wconf 88' lang='lat' dir='ltr'><strong>Domini</strong></span> <span class='ocrx_word' id='word_1_702' title='bbox 3148 4583 3348 4640; x_wconf 80' lang='lat' dir='ltr'><strong>feceris</strong></span> <span class='ocrx_word' id='word_1_703' title='bbox 3384 4602 3398 4639; x_wconf 85' lang='lat'><strong>:</strong></span> <span class='ocrx_word' id='word_1_704' title='bbox 3432 4585 3623 4655; x_wconf 87' lang='lat' dir='ltr'><strong>utique</strong></span> 
     </span>
    </p>
   </div>
   <div class='ocr_carea' id='block_1_94' title="bbox 285 4650 1893 4747">
    <p class='ocr_par' dir='ltr' id='par_1_94' title="bbox 285 4650 1893 4747">
     <span class='ocr_line' id='line_1_94' title="bbox 285 4650 1893 4747; baseline 0.007 -27"><span class='ocrx_word' id='word_1_705' title='bbox 285 4650 610 4738; x_wconf 65' lang='grc' dir='ltr'>ἐγρηγορὼς</span> <span class='ocrx_word' id='word_1_706' title='bbox 639 4668 886 4739; x_wconf 74' lang='grc' dir='ltr'>εὑρεθεὶς</span> <span class='ocrx_word' id='word_1_707' title='bbox 920 4669 1000 4739; x_wconf 86' lang='grc' dir='ltr'>τῷ</span> <span class='ocrx_word' id='word_1_708' title='bbox 1027 4650 1147 4741; x_wconf 80' lang='grc' dir='ltr'><strong>Θεῷ</strong></span> <span class='ocrx_word' id='word_1_709' title='bbox 1171 4672 1268 4724; x_wconf 84' lang='grc' dir='ltr'>καὶ</span> <span class='ocrx_word' id='word_1_710' title='bbox 1291 4673 1565 4747; x_wconf 81' lang='grc' dir='ltr'>Δεσπότῃ,</span> <span class='ocrx_word' id='word_1_711' title='bbox 1599 4650 1695 4730; x_wconf 75' lang='grc' dir='ltr'><strong>καὶ</strong></span> <span class='ocrx_word' id='word_1_712' title='bbox 1725 4676 1893 4747; x_wconf 82' lang='grc' dir='ltr'>μηδὲν</span> 
     </span>
    </p>
   </div>
   <div class='ocr_carea' id='block_1_95' title="bbox 285 4759 1895 4838">
    <p class='ocr_par' dir='ltr' id='par_1_95' title="bbox 285 4759 1895 4838">
     <span class='ocr_line' id='line_1_95' title="bbox 285 4759 1895 4838; baseline 0.006 -25"><span class='ocrx_word' id='word_1_713' title='bbox 285 4759 394 4830; x_wconf 66' lang='grc' dir='ltr'><strong>ἔξω</strong></span> <span class='ocrx_word' id='word_1_714' title='bbox 424 4760 531 4814; x_wconf 90' lang='grc' dir='ltr'><strong>τῶν</strong></span> <span class='ocrx_word' id='word_1_715' title='bbox 562 4761 732 4814; x_wconf 85' lang='grc' dir='ltr'>αὑτοῦ</span> <span class='ocrx_word' id='word_1_716' title='bbox 767 4762 1001 4817; x_wconf 68' lang='grc' dir='ltr'>ἐντολῶν</span> <span class='ocrx_word' id='word_1_717' title='bbox 1055 4765 1417 4837; x_wconf 81' lang='grc' dir='ltr'>ἀναγκασθῇς</span> <span class='ocrx_word' id='word_1_718' title='bbox 1459 4768 1691 4838; x_wconf 81' lang='grc' dir='ltr'>πρᾶξαι,</span> <span class='ocrx_word' id='word_1_719' title='bbox 1722 4769 1895 4834; x_wconf 72' lang='grc' dir='ltr'>ὅντως</span> 
     </span>
    </p>
   </div>
   <div class='ocr_carea' id='block_1_96' title="bbox 285 4849 1890 4933">
    <p class='ocr_par' dir='ltr' id='par_1_96' title="bbox 285 4849 1890 4933">
     <span class='ocr_line' id='line_1_96' title="bbox 285 4849 1890 4933; baseline 0.005 -26"><span class='ocrx_word' id='word_1_720' title='bbox 285 4855 635 4924; x_wconf 70' lang='grc' dir='ltr'>ἐγρηγορότα</span> <span class='ocrx_word' id='word_1_721' title='bbox 667 4871 726 4907; x_wconf 91' lang='grc' dir='ltr'><strong>σε</strong></span> <span class='ocrx_word' id='word_1_722' title='bbox 759 4849 921 4926; x_wconf 71' lang='grc' dir='ltr'>εὗρεν</span> <span class='ocrx_word' id='word_1_723' title='bbox 951 4859 1009 4909; x_wconf 84' lang='grc' dir='ltr'>ὲν</span> <span class='ocrx_word' id='word_1_724' title='bbox 1036 4857 1398 4928; x_wconf 80' lang='grc' dir='ltr'>δευτέρᾳ-καὶ</span> <span class='ocrx_word' id='word_1_725' title='bbox 1441 4859 1603 4933; x_wconf 77' lang='grc' dir='ltr'>τρίτῃ</span> <span class='ocrx_word' id='word_1_726' title='bbox 1643 4861 1890 4933; x_wconf 76' lang='grc' dir='ltr'>φυλακῇ,</span> 
     </span>
    </p>
   </div>
   <div class='ocr_carea' id='block_1_97' title="bbox 285 4949 1897 5027">
    <p class='ocr_par' dir='ltr' id='par_1_97' title="bbox 285 4949 1897 5027">
     <span class='ocr_line' id='line_1_97' title="bbox 285 4949 1897 5027; baseline 0.005 -26"><span class='ocrx_word' id='word_1_727' title='bbox 285 4949 440 5001; x_wconf 84' lang='grc' dir='ltr'>τουτέ</span> <span class='ocrx_word' id='word_1_728' title='bbox 453 4964 593 5012; x_wconf 88' lang='grc' dir='ltr'>στιν,</span> <span class='ocrx_word' id='word_1_729' title='bbox 629 4950 688 5002; x_wconf 83' lang='grc' dir='ltr'>ὲν</span> <span class='ocrx_word' id='word_1_730' title='bbox 720 4949 898 5020; x_wconf 82' lang='grc' dir='ltr'>καιρῷ</span> <span class='ocrx_word' id='word_1_731' title='bbox 924 4950 1106 5022; x_wconf 82' lang='grc' dir='ltr'>δεινῷ,</span> <span class='ocrx_word' id='word_1_732' title='bbox 1134 4952 1231 5004; x_wconf 78' lang='grc' dir='ltr'>καὶ</span> <span class='ocrx_word' id='word_1_733' title='bbox 1266 4951 1435 5007; x_wconf 77' lang='grc' dir='ltr'>ὕπνον</span> <span class='ocrx_word' id='word_1_734' title='bbox 1463 4954 1772 5027; x_wconf 79' lang='grc' dir='ltr'>θανατώδη,</span> <span class='ocrx_word' id='word_1_735' title='bbox 1800 4958 1897 5010; x_wconf 76' lang='grc' dir='ltr'><strong>καὶ</strong></span> 
     </span>
    </p>
   </div>
   <div class='ocr_carea' id='block_1_98' title="bbox 287 5043 1897 5119">
    <p class='ocr_par' dir='ltr' id='par_1_98' title="bbox 287 5043 1897 5119">
     <span class='ocr_line' id='line_1_98' title="bbox 287 5043 1897 5119; baseline 0.006 -24"><span class='ocrx_word' id='word_1_736' title='bbox 287 5043 647 5096; x_wconf 82' lang='grc' dir='ltr'>κατάπτωσιν</span> <span class='ocrx_word' id='word_1_737' title='bbox 679 5047 799 5108; x_wconf 83' lang='grc' dir='ltr'>ταῖς</span> <span class='ocrx_word' id='word_1_738' title='bbox 830 5046 1062 5115; x_wconf 84' lang='grc' dir='ltr'>χαύναις</span> <span class='ocrx_word' id='word_1_739' title='bbox 1097 5046 1300 5118; x_wconf 76' lang='grc' dir='ltr'>ψυχαῖς</span> <span class='ocrx_word' id='word_1_740' title='bbox 1330 5049 1632 5119; x_wconf 85' lang='grc' dir='ltr'>παρέχοντι</span> <span class='ocrx_word' id='word_1_741' title='bbox 1657 5065 1669 5077; x_wconf 89' lang='grc'><strong>·</strong></span> <span class='ocrx_word' id='word_1_742' title='bbox 1693 5051 1775 5103; x_wconf 74' lang='grc' dir='ltr'><strong>δεῖ</strong></span> <span class='ocrx_word' id='word_1_743' title='bbox 1802 5049 1897 5105; x_wconf 84' lang='grc' dir='ltr'>οὖν</span> 
     </span>
    </p>
   </div>
   <div class='ocr_carea' id='block_1_99' title="bbox 286 5136 1896 5214">
    <p class='ocr_par' dir='ltr' id='par_1_99' title="bbox 286 5136 1896 5214">
     <span class='ocr_line' id='line_1_99' title="bbox 286 5136 1896 5214; baseline 0.005 -25"><span class='ocrx_word' id='word_1_744' title='bbox 286 5136 702 5206; x_wconf 71' lang='grc' dir='ltr'>ἐγρηγόρσεωςο</span> <span class='ocrx_word' id='word_1_745' title='bbox 735 5137 1092 5211; x_wconf 79' lang='grc' dir='ltr'>οἰκοδεσπότῃ</span> <span class='ocrx_word' id='word_1_746' title='bbox 1127 5140 1237 5212; x_wconf 76' lang='grc' dir='ltr'>γὰρ</span> <span class='ocrx_word' id='word_1_747' title='bbox 1267 5138 1553 5210; x_wconf 83' lang='grc' dir='ltr'>ἐοίκαμεν,</span> <span class='ocrx_word' id='word_1_748' title='bbox 1589 5142 1648 5206; x_wconf 87' lang='grc' dir='ltr'>ὃς</span> <span class='ocrx_word' id='word_1_749' title='bbox 1696 5146 1744 5196; x_wconf 79' lang='grc' dir='ltr'><strong>εί</strong></span> <span class='ocrx_word' id='word_1_750' title='bbox 1793 5144 1896 5214; x_wconf 82' lang='grc' dir='ltr'><strong>μὲν</strong></span> 
     </span>
    </p>
   </div>
   <div class='ocr_carea' id='block_1_100' title="bbox 287 5230 1904 5310">
    <p class='ocr_par' dir='ltr' id='par_1_100' title="bbox 287 5230 1904 5310">
     <span class='ocr_line' id='line_1_100' title="bbox 287 5230 1904 5310; baseline 0.007 -29"><span class='ocrx_word' id='word_1_751' title='bbox 287 5230 585 5299; x_wconf 82' lang='grc' dir='ltr'>ἀγρυπνεῖ,</span> <span class='ocrx_word' id='word_1_752' title='bbox 612 5231 674 5283; x_wconf 81' lang='grc' dir='ltr'><strong>οὑ</strong></span> <span class='ocrx_word' id='word_1_753' title='bbox 699 5230 925 5286; x_wconf 85' lang='grc' dir='ltr'>δύναται</span> <span class='ocrx_word' id='word_1_754' title='bbox 963 5233 1120 5286; x_wconf 79' lang='grc' dir='ltr'>οὐδὲν</span> <span class='ocrx_word' id='word_1_755' title='bbox 1151 5234 1298 5288; x_wconf 86' lang='grc' dir='ltr'><strong>κατά</strong></span> <span class='ocrx_word' id='word_1_756' title='bbox 1327 5234 1437 5288; x_wconf 89' lang='grc' dir='ltr'><strong>τῶν</strong></span> <span class='ocrx_word' id='word_1_757' title='bbox 1468 5235 1636 5290; x_wconf 82' lang='grc' dir='ltr'>αὑτοῦ</span> <span class='ocrx_word' id='word_1_758' title='bbox 1678 5238 1904 5310; x_wconf 77' lang='grc' dir='ltr'>χρημάο</span> 
     </span>
    </p>
   </div>
   <div class='ocr_carea' id='block_1_101' title="bbox 287 5324 1902 5406">
    <p class='ocr_par' dir='ltr' id='par_1_101' title="bbox 287 5324 1902 5406">
     <span class='ocr_line' id='line_1_101' title="bbox 287 5324 1902 5406; baseline 0.01 -33"><span class='ocrx_word' id='word_1_759' title='bbox 287 5338 399 5374; x_wconf 87' lang='grc' dir='ltr'><strong>των</strong></span> <span class='ocrx_word' id='word_1_760' title='bbox 422 5325 450 5375; x_wconf 88' lang='lat'><strong>6</strong></span> <span class='ocrx_word' id='word_1_761' title='bbox 476 5324 739 5395; x_wconf 82' lang='grc' dir='ltr'>κλέπτης·</span> <span class='ocrx_word' id='word_1_762' title='bbox 768 5328 815 5378; x_wconf 85' lang='grc' dir='ltr'><strong>εί</strong></span> <span class='ocrx_word' id='word_1_763' title='bbox 841 5326 897 5379; x_wconf 83' lang='grc' dir='ltr'>δὲ</span> <span class='ocrx_word' id='word_1_764' title='bbox 927 5325 1181 5397; x_wconf 81' lang='grc' dir='ltr'>ὑπνώδης</span> <span class='ocrx_word' id='word_1_765' title='bbox 1207 5328 1352 5395; x_wconf 77' lang='grc' dir='ltr'>ἐστὶ,</span> <span class='ocrx_word' id='word_1_766' title='bbox 1376 5329 1556 5384; x_wconf 84' lang='grc' dir='ltr'>πάντα</span> <span class='ocrx_word' id='word_1_767' title='bbox 1584 5331 1723 5403; x_wconf 80' lang='grc' dir='ltr'>ἄρας</span> <span class='ocrx_word' id='word_1_768' title='bbox 1751 5334 1902 5406; x_wconf 83' lang='grc' dir='ltr'>οίχή-</span> 
     </span>
    </p>
   </div>
   <div class='ocr_carea' id='block_1_102' title="bbox 292 5417 1901 5490">
    <p class='ocr_par' dir='ltr' id='par_1_102' title="bbox 292 5417 1901 5490">
     <span class='ocr_line' id='line_1_102' title="bbox 292 5417 1901 5490; baseline 0.009 -24"><span class='ocrx_word' id='word_1_769' title='bbox 292 5431 473 5470; x_wconf 82' lang='grc' dir='ltr'>σεται.</span> <span class='ocrx_word' id='word_1_770' title='bbox 511 5417 768 5488; x_wconf 83' lang='grc' dir='ltr'>Κλέπτην</span> <span class='ocrx_word' id='word_1_771' title='bbox 800 5418 858 5470; x_wconf 82' lang='grc' dir='ltr'>δὲ</span> <span class='ocrx_word' id='word_1_772' title='bbox 885 5420 1125 5474; x_wconf 77' lang='grc' dir='ltr'>ἐνταῦθα</span> <span class='ocrx_word' id='word_1_773' title='bbox 1151 5421 1333 5475; x_wconf 83' lang='grc' dir='ltr'>νοοῦσι</span> <span class='ocrx_word' id='word_1_774' title='bbox 1367 5422 1472 5490; x_wconf 84' lang='grc' dir='ltr'><strong>μέν</strong></span> <span class='ocrx_word' id='word_1_775' title='bbox 1493 5431 1648 5489; x_wconf 82' lang='grc' dir='ltr'>’τινες</span> <span class='ocrx_word' id='word_1_776' title='bbox 1679 5426 1774 5479; x_wconf 75' lang='grc' dir='ltr'><strong>καὶ</strong></span> <span class='ocrx_word' id='word_1_777' title='bbox 1807 5427 1901 5481; x_wconf 89' lang='grc' dir='ltr'><strong>τὸν</strong></span> 
     </span>
    </p>
   </div>
   <div class='ocr_carea' id='block_1_103' title="bbox 289 5506 1900 5592">
    <p class='ocr_par' dir='ltr' id='par_1_103' title="bbox 289 5506 1900 5592">
     <span class='ocr_line' id='line_1_103' title="bbox 289 5506 1900 5592; baseline 0.01 -33"><span class='ocrx_word' id='word_1_778' title='bbox 289 5506 562 5574; x_wconf 74' lang='grc' dir='ltr'>διάϐολον,</span> <span class='ocrx_word' id='word_1_779' title='bbox 605 5509 798 5582; x_wconf 86' lang='grc' dir='ltr'>ὥσπερ</span> <span class='ocrx_word' id='word_1_780' title='bbox 830 5514 926 5567; x_wconf 58' lang='grc' dir='ltr'><strong>καὶ⁵</strong></span> <span class='ocrx_word' id='word_1_781' title='bbox 958 5509 1109 5567; x_wconf 84' lang='grc' dir='ltr'>οἶκον</span> <span class='ocrx_word' id='word_1_782' title='bbox 1143 5514 1244 5586; x_wconf 83' lang='grc' dir='ltr'><strong>τὴν</strong></span> <span class='ocrx_word' id='word_1_783' title='bbox 1273 5514 1474 5585; x_wconf 76' lang='grc' dir='ltr'>ψυχὴν,</span> <span class='ocrx_word' id='word_1_784' title='bbox 1507 5519 1900 5592; x_wconf 85' lang='grc' dir='ltr'>οίκοδεσπότην</span> 
     </span>
    </p>
   </div>
   <div class='ocr_carea' id='block_1_104' title="bbox 289 5598 1900 5688">
    <p class='ocr_par' dir='ltr' id='par_1_104' title="bbox 289 5598 1900 5688">
     <span class='ocr_line' id='line_1_104' title="bbox 289 5598 1900 5688; baseline 0.011 -37"><span class='ocrx_word' id='word_1_785' title='bbox 289 5598 385 5652; x_wconf 86' lang='grc' dir='ltr'><strong>τὸν</strong></span> <span class='ocrx_word' id='word_1_786' title='bbox 438 5600 762 5673; x_wconf 76' lang='grc' dir='ltr'>ἄνθρωπον·</span> <span class='ocrx_word' id='word_1_787' title='bbox 809 5605 871 5659; x_wconf 92' lang='grc' dir='ltr'><strong>οὑ</strong></span> <span class='ocrx_word' id='word_1_788' title='bbox 907 5606 1015 5678; x_wconf 79' lang='grc' dir='ltr'>μὴν</span> <span class='ocrx_word' id='word_1_789' title='bbox 1060 5607 1207 5662; x_wconf 77' lang='grc' dir='ltr'>ἔοικε</span> <span class='ocrx_word' id='word_1_790' title='bbox 1269 5610 1591 5681; x_wconf 84' lang='grc' dir='ltr'>πρόσφορος</span> <span class='ocrx_word' id='word_1_791' title='bbox 1625 5608 1791 5668; x_wconf 77' lang='grc' dir='ltr'>ἐῖναι</span> <span class='ocrx_word' id='word_1_792' title='bbox 1832 5618 1900 5688; x_wconf 83' lang='grc' dir='ltr'>τῇ</span> 
     </span>
    </p>
   </div>
   <div class='ocr_carea' id='block_1_105' title="bbox 368 5740 1470 5811">
    <p class='ocr_par' dir='ltr' id='par_1_105' title="bbox 368 5740 1470 5811">
     <span class='ocr_line' id='line_1_105' title="bbox 368 5740 1470 5811; baseline 0.016 -15"><span class='ocrx_word' id='word_1_793' title='bbox 368 5740 438 5775; x_wconf 78' lang='grc' dir='ltr'><strong>η’</strong></span> <span class='ocrx_word' id='word_1_794' title='bbox 474 5741 519 5799; x_wconf 89' lang='grc' dir='ltr'><strong>ιι</strong></span> <span class='ocrx_word' id='word_1_795' title='bbox 555 5741 685 5800; x_wconf 91' lang='lat' dir='ltr'><strong>Cor.</strong></span> <span class='ocrx_word' id='word_1_796' title='bbox 720 5760 802 5810; x_wconf 75' lang='grc' dir='ltr'><strong>ιι,</strong></span> <span class='ocrx_word' id='word_1_797' title='bbox 838 5741 895 5800; x_wconf 77' lang='lat'><strong>2.</strong></span> <span class='ocrx_word' id='word_1_798' title='bbox 973 5744 1018 5777; x_wconf 70' lang='grc'><strong>³⁷</strong></span> <span class='ocrx_word' id='word_1_799' title='bbox 1048 5743 1219 5800; x_wconf 82' lang='lat' dir='ltr'><strong>tCor.</strong></span> <span class='ocrx_word' id='word_1_800' title='bbox 1250 5761 1344 5811; x_wconf 81' lang='lat' dir='ltr'><strong>xv.</strong></span> <span class='ocrx_word' id='word_1_801' title='bbox 1378 5745 1470 5800; x_wconf 74' lang='lat'><strong>‘28.</strong></span> 
     </span>
    </p>
   </div>
   <div class='ocr_carea' id='block_1_106' title="bbox 2005 4676 3620 4753">
    <p class='ocr_par' dir='ltr' id='par_1_106' title="bbox 2005 4676 3620 4753">
     <span class='ocr_line' id='line_1_106' title="bbox 2005 4676 3620 4753; baseline -0.001 -21"><span class='ocrx_word' id='word_1_802' title='bbox 2005 4679 2316 4753; x_wconf 83' lang='lat' dir='ltr'><strong>vigilantem</strong></span> <span class='ocrx_word' id='word_1_803' title='bbox 2351 4688 2402 4734; x_wconf 89' lang='lat' dir='ltr'><strong>te</strong></span> <span class='ocrx_word' id='word_1_804' title='bbox 2438 4679 2493 4732; x_wconf 89' lang='lat' dir='ltr'><strong>itt</strong></span> <span class='ocrx_word' id='word_1_805' title='bbox 2541 4678 2781 4733; x_wconf 69' lang='lat' dir='ltr'><strong>secunda</strong></span> <span class='ocrx_word' id='word_1_806' title='bbox 2812 4688 2868 4733; x_wconf 88' lang='lat' dir='ltr'><strong>et</strong></span> <span class='ocrx_word' id='word_1_807' title='bbox 2903 4681 3069 4734; x_wconf 87' lang='lat' dir='ltr'><strong>tertia</strong></span> <span class='ocrx_word' id='word_1_808' title='bbox 3101 4676 3286 4748; x_wconf 90' lang='lat' dir='ltr'><strong>vigilia</strong></span> <span class='ocrx_word' id='word_1_809' title='bbox 3321 4677 3620 4744; x_wconf 87' lang='lat' dir='ltr'><strong>invenerit,</strong></span> 
     </span>
    </p>
   </div>
   <div class='ocr_carea' id='block_1_107' title="bbox 2010 4770 3627 4843">
    <p class='ocr_par' dir='ltr' id='par_1_107' title="bbox 2010 4770 3627 4843">
     <span class='ocr_line' id='line_1_107' title="bbox 2010 4770 3627 4843; baseline -0.001 -17"><span class='ocrx_word' id='word_1_810' title='bbox 2010 4770 2115 4827; x_wconf 86' lang='lat' dir='ltr'><strong>hoc</strong></span> <span class='ocrx_word' id='word_1_811' title='bbox 2143 4781 2228 4826; x_wconf 87' lang='lat' dir='ltr'><strong>est</strong></span> <span class='ocrx_word' id='word_1_812' title='bbox 2281 4772 2335 4825; x_wconf 92' lang='lat' dir='ltr'><strong>in</strong></span> <span class='ocrx_word' id='word_1_813' title='bbox 2368 4771 2681 4843; x_wconf 89' lang='lat' dir='ltr'><strong>periculoso</strong></span> <span class='ocrx_word' id='word_1_814' title='bbox 2710 4784 2766 4827; x_wconf 90' lang='lat' dir='ltr'><strong>et</strong></span> <span class='ocrx_word' id='word_1_815' title='bbox 2810 4773 2962 4842; x_wconf 87' lang='lat' dir='ltr'><strong>gravi</strong></span> <span class='ocrx_word' id='word_1_816' title='bbox 2996 4781 3266 4842; x_wconf 84' lang='lat' dir='ltr'><strong>tempore,</strong></span> <span class='ocrx_word' id='word_1_817' title='bbox 3294 4773 3439 4842; x_wconf 88' lang='lat' dir='ltr'><strong>quod</strong></span> <span class='ocrx_word' id='word_1_818' title='bbox 3476 4787 3627 4827; x_wconf 91' lang='lat' dir='ltr'><strong>mor-</strong></span> 
     </span>
    </p>
   </div>
   <div class='ocr_carea' id='block_1_108' title="bbox 2001 4851 3623 4944">
    <p class='ocr_par' dir='ltr' id='par_1_108' title="bbox 2001 4851 3623 4944">
     <span class='ocr_line' id='line_1_108' title="bbox 2001 4851 3623 4944; baseline -0.002 -20"><span class='ocrx_word' id='word_1_819' title='bbox 2001 4869 2223 4944; x_wconf 81' lang='lat' dir='ltr'><strong>tiferum</strong></span> <span class='ocrx_word' id='word_1_820' title='bbox 2303 4884 2559 4924; x_wconf 89' lang='lat' dir='ltr'><strong>somnum</strong></span> <span class='ocrx_word' id='word_1_821' title='bbox 2612 4878 2670 4924; x_wconf 90' lang='lat' dir='ltr'><strong>et</strong></span> <span class='ocrx_word' id='word_1_822' title='bbox 2719 4883 2910 4926; x_wconf 81' lang='lat' dir='ltr'><strong>casum</strong></span> <span class='ocrx_word' id='word_1_823' title='bbox 2986 4851 3273 4923; x_wconf 83' lang='lat' dir='ltr'><strong>dissolutis</strong></span> <span class='ocrx_word' id='word_1_824' title='bbox 3333 4868 3623 4922; x_wconf 76' lang='lat' dir='ltr'><strong>animabus</strong></span> 
     </span>
    </p>
   </div>
   <div class='ocr_carea' id='block_1_109' title="bbox 1998 4958 3622 5033">
    <p class='ocr_par' dir='ltr' id='par_1_109' title="bbox 1998 4958 3622 5033">
     <span class='ocr_line' id='line_1_109' title="bbox 1998 4958 3622 5033; baseline -0.001 -17"><span class='ocrx_word' id='word_1_825' title='bbox 1998 4966 2228 5033; x_wconf 68' lang='lat' dir='ltr'><strong>praebet.</strong></span> <span class='ocrx_word' id='word_1_826' title='bbox 2261 4960 2413 5031; x_wconf 90' lang='lat' dir='ltr'><strong>Opus</strong></span> <span class='ocrx_word' id='word_1_827' title='bbox 2468 4962 2652 5032; x_wconf 83' lang='lat' dir='ltr'><strong>itaque</strong></span> <span class='ocrx_word' id='word_1_828' title='bbox 2684 4962 2855 5016; x_wconf 78' lang='lat' dir='ltr'><strong>fuerit</strong></span> <span class='ocrx_word' id='word_1_829' title='bbox 2893 4961 3201 5033; x_wconf 83' lang='lat' dir='ltr'><strong>vigilantia.</strong></span> <span class='ocrx_word' id='word_1_830' title='bbox 3224 4958 3622 5016; x_wconf 77' lang='lat' dir='ltr'><strong>Patril‘amilias</strong></span> 
     </span>
    </p>
   </div>
   <div class='ocr_carea' id='block_1_110' title="bbox 2000 5054 3616 5129">
    <p class='ocr_par' dir='ltr' id='par_1_110' title="bbox 2000 5054 3616 5129">
     <span class='ocr_line' id='line_1_110' title="bbox 2000 5054 3616 5129; baseline 0.001 -20"><span class='ocrx_word' id='word_1_831' title='bbox 2000 5057 2148 5129; x_wconf 87' lang='lat' dir='ltr'><strong>enim</strong></span> <span class='ocrx_word' id='word_1_832' title='bbox 2199 5055 2701 5126; x_wconf 86' lang='lat' dir='ltr'><strong>assimilamur,qui</strong></span> <span class='ocrx_word' id='word_1_833' title='bbox 2740 5057 2783 5110; x_wconf 90' lang='lat' dir='ltr'><strong>si</strong></span> <span class='ocrx_word' id='word_1_834' title='bbox 2820 5055 3314 5126; x_wconf 86' lang='lat' dir='ltr'><strong>vigila.verit,nihil</strong></span> <span class='ocrx_word' id='word_1_835' title='bbox 3350 5071 3418 5109; x_wconf 88' lang='lat' dir='ltr'><strong>ex</strong></span> <span class='ocrx_word' id='word_1_836' title='bbox 3449 5054 3616 5110; x_wconf 86' lang='lat' dir='ltr'><strong>rebus</strong></span> 
     </span>
    </p>
   </div>
   <div class='ocr_carea' id='block_1_111' title="bbox 2001 5148 3624 5221">
    <p class='ocr_par' dir='ltr' id='par_1_111' title="bbox 2001 5148 3624 5221">
     <span class='ocr_line' id='line_1_111' title="bbox 2001 5148 3624 5221; baseline -0.001 -15"><span class='ocrx_word' id='word_1_837' title='bbox 2001 5151 2122 5218; x_wconf 83' lang='lat' dir='ltr'><strong>ejus</strong></span> <span class='ocrx_word' id='word_1_838' title='bbox 2170 5149 2390 5206; x_wconf 80' lang='lat' dir='ltr'><strong>auferre</strong></span> <span class='ocrx_word' id='word_1_839' title='bbox 2423 5161 2683 5221; x_wconf 86' lang='lat' dir='ltr'><strong>poterunt</strong></span> <span class='ocrx_word' id='word_1_840' title='bbox 2721 5151 2912 5219; x_wconf 81' lang='lat' dir='ltr'><strong>fures;</strong></span> <span class='ocrx_word' id='word_1_841' title='bbox 2949 5151 3035 5207; x_wconf 88' lang='lat' dir='ltr'><strong>sin</strong></span> <span class='ocrx_word' id='word_1_842' title='bbox 3079 5161 3263 5208; x_wconf 88' lang='lat' dir='ltr'><strong>autem</strong></span> <span class='ocrx_word' id='word_1_843' title='bbox 3288 5148 3624 5206; x_wconf 82' lang='lat' dir='ltr'><strong>somniculo-</strong></span> 
     </span>
    </p>
   </div>
   <div class='ocr_carea' id='block_1_112' title="bbox 2004 5243 3622 5307">
    <p class='ocr_par' dir='ltr' id='par_1_112' title="bbox 2004 5243 3622 5307">
     <span class='ocr_line' id='line_1_112' title="bbox 2004 5243 3622 5307; baseline 0.001 -8"><span class='ocrx_word' id='word_1_844' title='bbox 2004 5259 2099 5299; x_wconf 89' lang='lat' dir='ltr'><strong>sus</strong></span> <span class='ocrx_word' id='word_1_845' title='bbox 2132 5243 2316 5307; x_wconf 81' lang='lat' dir='ltr'><strong>fuerit,</strong></span> <span class='ocrx_word' id='word_1_846' title='bbox 2357 5243 2558 5300; x_wconf 84' lang='lat' dir='ltr'><strong>ablatis</strong></span> <span class='ocrx_word' id='word_1_847' title='bbox 2618 5246 2876 5301; x_wconf 89' lang='lat' dir='ltr'><strong>omnibus</strong></span> <span class='ocrx_word' id='word_1_848' title='bbox 2909 5244 2996 5300; x_wconf 80' lang='lat' dir='ltr'><strong>fur</strong></span> <span class='ocrx_word' id='word_1_849' title='bbox 3033 5247 3238 5301; x_wconf 88' lang='lat' dir='ltr'><strong>evadit.</strong></span> <span class='ocrx_word' id='word_1_850' title='bbox 3279 5243 3386 5299; x_wconf 89' lang='lat' dir='ltr'><strong>Per</strong></span> <span class='ocrx_word' id='word_1_851' title='bbox 3442 5244 3622 5300; x_wconf 82' lang='lat' dir='ltr'><strong>furem</strong></span> 
     </span>
    </p>
   </div>
   <div class='ocr_carea' id='block_1_113' title="bbox 2001 5323 3622 5408">
    <p class='ocr_par' dir='ltr' id='par_1_113' title="bbox 2001 5323 3622 5408">
     <span class='ocr_line' id='line_1_113' title="bbox 2001 5323 3622 5408; baseline 0.001 -17"><span class='ocrx_word' id='word_1_852' title='bbox 2001 5338 2228 5408; x_wconf 88' lang='lat' dir='ltr'><strong>quidam</strong></span> <span class='ocrx_word' id='word_1_853' title='bbox 2267 5339 2370 5393; x_wconf 88' lang='lat' dir='ltr'><strong>hoc</strong></span> <span class='ocrx_word' id='word_1_854' title='bbox 2403 5338 2521 5394; x_wconf 84' lang='lat' dir='ltr'><strong>loco</strong></span> <span class='ocrx_word' id='word_1_855' title='bbox 2571 5323 2882 5408; x_wconf 87' lang='lat' dir='ltr'><strong>intelligunt</strong></span> <span class='ocrx_word' id='word_1_856' title='bbox 2931 5339 3406 5405; x_wconf 86' lang='lat' dir='ltr'><strong>diabolnm,sicut</strong></span> <span class='ocrx_word' id='word_1_857' title='bbox 3433 5350 3486 5393; x_wconf 92' lang='lat' dir='ltr'><strong>et</strong></span> <span class='ocrx_word' id='word_1_858' title='bbox 3525 5352 3622 5408; x_wconf 79' lang='lat' dir='ltr'><strong>per</strong></span> 
     </span>
    </p>
   </div>
   <div class='ocr_carea' id='block_1_114' title="bbox 2002 5431 3622 5503">
    <p class='ocr_par' dir='ltr' id='par_1_114' title="bbox 2002 5431 3622 5503">
     <span class='ocr_line' id='line_1_114' title="bbox 2002 5431 3622 5503; baseline -0.001 -15"><span class='ocrx_word' id='word_1_859' title='bbox 2002 5434 2225 5489; x_wconf 92' lang='lat' dir='ltr'><strong>domum</strong></span> <span class='ocrx_word' id='word_1_860' title='bbox 2283 5433 2552 5500; x_wconf 88' lang='lat' dir='ltr'><strong>animam,</strong></span> <span class='ocrx_word' id='word_1_861' title='bbox 2581 5442 2637 5487; x_wconf 90' lang='lat' dir='ltr'><strong>et</strong></span> <span class='ocrx_word' id='word_1_862' title='bbox 2662 5431 3143 5503; x_wconf 81' lang='lat' dir='ltr'><strong>patremfamilias,</strong></span> <span class='ocrx_word' id='word_1_863' title='bbox 3166 5431 3477 5499; x_wconf 88' lang='lat' dir='ltr'><strong>hominem;</strong></span> <span class='ocrx_word' id='word_1_864' title='bbox 3526 5431 3622 5487; x_wconf 86' lang='lat' dir='ltr'><strong>sed</strong></span> 
     </span>
    </p>
   </div>
   <div class='ocr_carea' id='block_1_115' title="bbox 2003 5520 3616 5595">
    <p class='ocr_par' dir='ltr' id='par_1_115' title="bbox 2003 5520 3616 5595">
     <span class='ocr_line' id='line_1_115' title="bbox 2003 5520 3616 5595; baseline -0.002 -17"><span class='ocrx_word' id='word_1_865' title='bbox 2003 5541 2111 5579; x_wconf 91' lang='lat' dir='ltr'><strong>non</strong></span> <span class='ocrx_word' id='word_1_866' title='bbox 2149 5534 2379 5595; x_wconf 88' lang='lat' dir='ltr'><strong>apparet</strong></span> <span class='ocrx_word' id='word_1_867' title='bbox 2437 5523 2713 5594; x_wconf 79' lang='lat' dir='ltr'><strong>expositio</strong></span> <span class='ocrx_word' id='word_1_868' title='bbox 2767 5524 2904 5582; x_wconf 79' lang='lat' dir='ltr'><strong>satis</strong></span> <span class='ocrx_word' id='word_1_869' title='bbox 2954 5521 3373 5580; x_wconf 77' lang='lat' dir='ltr'><strong>accommodata</strong></span> <span class='ocrx_word' id='word_1_870' title='bbox 3425 5520 3616 5581; x_wconf 85' lang='lat' dir='ltr'><strong>textui.</strong></span> 
     </span>
    </p>
   </div>
   <div class='ocr_carea' id='block_1_116' title="bbox 2000 5615 3618 5688">
    <p class='ocr_par' dir='ltr' id='par_1_116' title="bbox 2000 5615 3618 5688">
     <span class='ocr_line' id='line_1_116' title="bbox 2000 5615 3618 5688; baseline -0.002 -16"><span class='ocrx_word' id='word_1_871' title='bbox 2000 5616 2132 5674; x_wconf 86' lang='lat' dir='ltr'><strong>Furi</strong></span> <span class='ocrx_word' id='word_1_872' title='bbox 2159 5617 2305 5674; x_wconf 87' lang='lat' dir='ltr'><strong>enim</strong></span> <span class='ocrx_word' id='word_1_873' title='bbox 2331 5618 2432 5674; x_wconf 91' lang='lat' dir='ltr'><strong>hoc</strong></span> <span class='ocrx_word' id='word_1_874' title='bbox 2456 5617 2579 5674; x_wconf 89' lang='lat' dir='ltr'><strong>loco</strong></span> <span class='ocrx_word' id='word_1_875' title='bbox 2599 5615 2922 5675; x_wconf 87' lang='lat' dir='ltr'><strong>Dominicus</strong></span> <span class='ocrx_word' id='word_1_876' title='bbox 2950 5618 3220 5675; x_wconf 86' lang='lat' dir='ltr'><strong>adventus</strong></span> <span class='ocrx_word' id='word_1_877' title='bbox 3246 5623 3618 5688; x_wconf 84' lang='lat' dir='ltr'><strong>comparatur,</strong></span> 
     </span>
    </p>
   </div>
   <div class='ocr_carea' id='block_1_117' title="bbox 368 5886 2094 5962">
    <p class='ocr_par' dir='ltr' id='par_1_117' title="bbox 368 5886 2094 5962">
     <span class='ocr_line' id='line_1_117' title="bbox 368 5886 2094 5962; baseline 0.002 -20"><span class='ocrx_word' id='word_1_878' title='bbox 368 5886 447 5962; x_wconf 64' lang='lat' dir='ltr'><strong>ta)</strong></span> <span class='ocrx_word' id='word_1_879' title='bbox 483 5887 627 5944; x_wconf 84' lang='lat' dir='ltr'><strong>Edit.</strong></span> <span class='ocrx_word' id='word_1_880' title='bbox 669 5887 792 5945; x_wconf 86' lang='lat' dir='ltr'><strong>Lut.</strong></span> <span class='ocrx_word' id='word_1_881' title='bbox 823 5887 1045 5958; x_wconf 83' lang='lat' dir='ltr'><strong>omittit,</strong></span> <span class='ocrx_word' id='word_1_882' title='bbox 1089 5886 1328 5946; x_wconf 81' lang='lat' dir='ltr'><strong>habendo</strong></span> <span class='ocrx_word' id='word_1_883' title='bbox 1363 5893 1499 5946; x_wconf 82' lang='lat' dir='ltr'><strong>enim</strong></span> <span class='ocrx_word' id='word_1_884' title='bbox 1525 5886 1729 5944; x_wconf 79' lang='lat' dir='ltr'><strong>lumbos</strong></span> <span class='ocrx_word' id='word_1_885' title='bbox 1755 5889 2094 5958; x_wconf 76' lang='lat' dir='ltr'><strong>pra&#39;cinclos.</strong></span> 
     </span>
    </p>
   </div>
  </div>
