4030 6398
497 341 605 407 903

1418 336 2006 414 THEOPllYLACfI‘I
2057 311 2475 398 BULGARLs
2506 337 2870 402 ARCHIEP.

3697 341 3804 405 904

503 457 804 513 secundum
837 452 1433 524 Apostolum,quaudo
1463 453 1702 521 Spiritus
1751 452 1851 508 Dei
1889 452 2072 509 habita

2204 451 2520 524 εὑρίσκεται
2563 452 2720 519 τότες
2756 452 2817 506 τὸ
2865 449 2976 523 γὰρ
3027 449 3477 523 διχοτομηθῆναι,
3508 453 3679 508 τοῦτο
3711 471 3806 525 ση-

503 547 561 604 in
592 547 746 601 nobis
776 545 843 598 ⁸⁸.
878 542 980 609 Qui
1022 551 1210 597 autem
1271 556 1379 596 non
1431 541 1677 596 ambulat
1716 541 1934 611 spiritu,
1986 542 2083 596 sed

502 640 559 696 in
600 653 762 694 carne
783 645 889 700 est,
938 646 993 692 et
1033 650 1228 706 expers
1275 633 1526 691 inventus
1562 634 1889 690 fuerit-vitae
1922 633 2089 704 spiri-

505 731 696 794 tualis,
737 746 861 785 cum
903 729 1200 788 incredulis
1244 729 1551 793 ordinatur,
1612 739 1800 799 utpote
1823 727 1912 798 qui
1963 742 2090 781 cum

500 822 784 879 incredulo
816 824 1017 878 mundo
1055 824 1466 878 condemnatur
1493 841 1506 875 :
1535 823 1792 891 quoniam
1815 819 1951 876 nihil
1983 819 2092 874 uti-

499 914 672 990 litatis
699 919 768 972 ab
795 927 1086 987 apparente
1133 916 1237 972 ﬁde
1289 916 1541 987 percipit.
1584 913 1725 970 Vera
1775 915 1927 971 enim
1961 913 2095 973 ﬁdes

499 1010 560 1062 lu
587 1009 704 1078 ipso
740 1023 843 1062 non
887 1006 1016 1062 fuit.
1051 1005 1183 1061 Nam
1233 1009 1277 1063 si
1320 1008 1372 1061 in
1423 1021 1489 1062 eo
1526 1005 1718 1061 fuisset
1757 1019 1886 1059 vera
1931 1003 2089 1069 ﬁdes,

499 1099 849 1168 dispensator
883 1098 1056 1154 fidelis
1083 1100 1295 1155 fuisset.
1322 1098 1520 1154 Verum
1551 1113 1710 1152 nunc
1737 1098 1862 1166 quia
1895 1097 2089 1151 bibens

500 1203 556 1244 et
586 1207 645 1244 se
678 1192 955 1246 inebrians
982 1191 1102 1256 fuit,
1132 1199 1186 1245 et
1234 1206 1322 1247 res
1362 1190 1580 1245 Domini
1609 1203 1990 1259 conumpcns,
2024 1188 2089 1241 fi-

496 1282 624 1338 dem
659 1299 840 1339 veram
874 1299 980 1338 non
1004 1285 1216 1349 habuit,
1254 1299 1375 1353 quae
1408 1283 1645 1353 exigitur
1678 1297 1708 1336 a
1741 1282 2088 1352 dispensato-

497 1374 692 1430 ribus:
723 1373 859 1428 bene
888 1391 1017 1446 ergo
1044 1391 1167 1430 cum
1217 1374 1667 1446 inlidisponitur
1725 1375 1904 1444 portio
1948 1374 2086 1442 ejus.

498 1465 749 1522 Privatus
776 1469 922 1523 enim
952 1471 1094 1524 dono
1136 1481 1191 1526 et
1221 1471 1476 1534 nudatus,
1509 1467 1735 1522 mutilus
1785 1467 2082 1532 invenitur,

496 1567 550 1618 et
583 1574 691 1612 non
727 1559 964 1627 integer.

2166 546 2400 617 μαίνει,
2441 544 2518 598 Τὸ
2555 543 2882 617 στερηθῆναι
2903 543 3006 615 τῆς
3036 544 3282 615 χάριτος.
3320 545 3665 626 Εὑρίσκεται
3694 549 3800 620 γὰρ

2191 639 2221 690 6
2252 635 2489 700 ἐλεεινὸς
2520 636 2645 690 τότε
2682 635 2822 711 σὰρξ
2859 631 2936 689 ὣν
2992 638 3087 690 καὶ
3118 638 3180 690 οὐ
3219 636 3467 708 πνεῦμα·
3522 641 3652 692 ἐπεὶ
3680 641 3797 694 τότε

2193 727 2365 798 ἐσμὲν
2396 730 2453 782 ἐν
2477 727 2782 798 πνεύματι,
2804 728 2944 783 κατὰ
2965 729 3054 782 τὸν
3084 729 3430 796 Ἀπόστολον,
3457 729 3549 784 ὅτε
3572 729 3798 801 Πνεῦμα

2199 818 2342 874 Θεοῦ
2364 821 2509 873 οἰκεῖ
2564 822 2620 872 ἐν
2663 822 2794 894 ημῖν
2821 835 2834 849 ⁶
2884 822 2912 873 6
2946 819 3003 872 δὲ
3038 820 3114 890 μὴ
3149 820 3426 890 πνεύματι
3472 823 3794 892 στοιχήσας,

2194 913 2310 967 ἀλλ’
2339 913 2398 966 ἐν
2436 911 2603 984 σαρκὶ
2644 911 2742 977 ὢν,
2786 913 2878 965 καὶ
2930 913 3162 984 ἄμοιρος
3195 914 3445 984 εὑρεθεὶς
3478 932 3621 968 πνευ
3637 931 3796 986 ματιο

2193 1003 2300 1073 κῆς
2334 1003 2634 1069 πολιτείας,
2666 1001 2807 1072 μετὰ
2830 1002 2938 1054 τῶν
2969 1002 3219 1056 ἀπίστων
3250 1003 3536 1068 τάττεται,
3575 999 3666 1056 οἶα
3699 1001 3795 1054 σὺν

2189 1095 2268 1166 τῷ
2305 1095 2524 1166 ἀπίστῳ
2551 1093 2747 1165 κόσμῳ
2785 1095 3283 1165 κατακρινόμενος,
3307 1096 3383 1158 ὠς
3442 1095 3619 1165 μηδὲν
3644 1094 3791 1162 ὡφε-

2188 1188 2376 1260 λήθεὶς
2409 1188 2518 1242 ἀπὸ
2563 1188 2666 1257 τῆς
2697 1186 2968 1255 δοκούσης
3020 1187 3260 1251 πίστεως
3290 1205 3304 1219 ο
3335 1190 3370 1260 ή
3420 1188 3532 1258 γὰρ
3583 1187 3794 1258 ἀληθὴς

2191 1281 2380 1345 πίστις
2432 1281 2490 1334 ἐν
2529 1279 2681 1351 αὐτῷ
2740 1281 2840 1333 οὑκ
2872 1276 2940 1351 ἦν
2979 1297 2991 1312 ·
3027 1281 3074 1333 εί
3111 1280 3220 1350 γὰρ
3247 1281 3456 1352 ἀληθὴς
3511 1282 3701 1344 πίστις
3734 1283 3793 1333 ἑν

2192 1373 2347 1444 αὐτῷ
2373 1369 2462 1444 ἦν,
2500 1374 2786 1444 οἰκονόμος
2816 1372 2882 1426 ἂν
2927 1369 2995 1444 ἧν
3045 1373 3236 1435 πιστός
3263 1386 3277 1400 ·
3321 1372 3418 1426 νῦν
3449 1373 3506 1426 δέ
3540 1375 3670 1428 ἐπεὶ
3701 1375 3791 1426 πί-

2193 1481 2301 1517 νων
2341 1461 2432 1531 ἦν,
2469 1465 2564 1516 καὶ
2599 1463 2838 1536 μεθύων,
2870 1466 2965 1519 καὶ
2993 1465 3322 1535 διαφθείρων
3355 1467 3424 1517 τὰ
3459 1466 3790 1530 δεσποτικὰ,

2195 1557 2297 1612 οὐκ
2328 1551 2445 1628 εἶχε
2473 1557 2575 1626 τὴν
2616 1557 2790 1628 ἀληθῆ
2825 1563 3033 1624 πίστιν,
3069 1561 3138 1630 ἣν
3159 1559 3521 1614 ἀπαιτοῦνται
3556 1563 3604 1615 οἱ
3638 1563 3790 1616 οἱκο-

495 1652 650 1721 νόμοι
674 1667 688 1682 ⁸
724 1652 902 1717 καλῶς
931 1655 1041 1725 ἄρα
1069 1653 1206 1724 μετὰ
1231 1653 1339 1706 τῶν
1369 1655 1617 1723 ἀπτίστων¹
1643 1653 1852 1708 τίθεται
1888 1652 1950 1706 τὸ
1989 1651 2154 1723 μέρος
2187 1649 2358 1704 αὑτοῦ
2380 1666 2396 1682 '
2430 1650 2719 1720 στερηθεὶς
2759 1653 2868 1723 γὰρ
2899 1653 2996 1706 τοῦ
3045 1655 3390 1726 χαρίσματος
3421 1657 3514 1712 καὶ
3555 1673 3787 1726 γυμνωο

496 1742 636 1807 θεὶς,
656 1745 886 1809 ,κολοϐὸς
917 1747 1230 1815 εὑρίσκεται
1269 1747 1368 1799 καὶ
1403 1749 1501 1817 οὐχ
1537 1745 1853 1816 ὁλόκληρος.

568 1838 737 1894 Vrsas.
767 1841 854 1904 47,
891 1839 982 1898 48.
1013 1858 1031 1890 ι
1078 1841 1174 1896 Ille
1202 1853 1395 1896 autem
1444 1857 1638 1898 servus
1687 1843 1780 1914 qui
1831 1838 2078 1910 cognovit

2260 1857 2280 1890 ι
2325 1838 2566 1901 Ἐκεῖνος
2604 1837 2660 1893 δὲ
2693 1841 2721 1892 6
2764 1838 2950 1903 δοῦλος
3008 1840 3036 1892 6
3089 1841 3252 1909 γνοὺς
3307 1841 3368 1895 τὸ
3423 1844 3644 1915 θέλημα
3687 1845 3784 1898 τοῦ

494 1931 834 1986 Volunt-atem
868 1933 1218 1998 dominisui,
1265 1950 1362 1990 nec
1404 1952 1463 2008 se
1517 1937 1860 2006 praeparavit,
1910 1949 2086 2004 neque

496 2023 800 2076 secundum
850 2023 1184 2082 voluntatem
1225 2025 1346 2095 ejus
1399 2027 1544 2092 fecit,
1583 2029 1757 2099 plagis
1808 2029 2085 2097 vapulabit

496 2111 682 2166 multis
706 2128 721 2177 ;
744 2111 835 2180 qui
857 2122 1172 2168 autem-non
1191 2117 1463 2185 cognovit,
1480 2127 1531 2170 et
1557 2117 1686 2172 feeit
1705 2120 1863 2186 digna
1887 2119 2080 2189 plagis,

490 2202 774 2272 fvapulabit
793 2208 999 2273 paucis.
1021 2204 1188 2261 Porro
1202 2209 1504 2278 cuicunque
1520 2209 1746 2268 multum
1772 2211 1955 2266 datum
1974 2222 2079 2276 est,

494 2295 726 2350 multum
757 2309 1028 2364 quaeretur
1071 2300 1139 2355 ab
1170 2315 1234 2354 eo
1270 2318 1284 2353 :
1317 2311 1371 2354 et
1418 2302 1506 2354 cui
1561 2304 2084 2358 commendaverunt

498 2386 754 2452 multum,
787 2388 920 2457 plus
955 2391 1326 2455 petentabeo.
1363 2390 1653 2447 »11001000
1677 2394 1907 2462 amplius
1930 2397 2085 2464 quid-

495 2472 619 2528 datn
669 2491 733 2529 ac
762 2479 1058 2532 terribilius
1093 2480 1248 2534 nobis
1275 2481 1616 2536 demonstrat
1644 2485 1928 2540 Dominus.
1965 2486 2080 2541 Non

495 2569 672 2623 solum
699 2570 865 2636 enim,
892 2571 1278 2644 iuquit,gratia
1317 2577 1612 2630 nudabitur
1628 2581 1719 2647 qui
1747 2579 1870 2633 talis
1893 2589 1996 2646 est,
2031 2589 2084 2634 et

498 2659 634 2713 uiltil
672 2660 772 2714 sibi
819 2665 1058 2731 proderit
1095 2665 1198 2719 hoc
1224 2675 1284 2718 ut
1313 2665 1576 2722 liberetur
1601 2684 1631 2722 a
1667 2670 1864 2739 pmuis,
1901 2673 1993 2726 sed
2027 2671 2082 2726 et

498 2750 724 2818 majoris
754 2753 1230 2829 condetuuationis
1248 2770 1411 2824 causa
1435 2758 1540 2813 erit
1567 2759 1848 2831 dignitatis
1877 2764 2082 2834 magni-

499 2845 650 2899 tudo.
674 2843 791 2910 Quo
820 2845 937 2916 plus
969 2848 1116 2902 enim
1160 2849 1269 2905 scit
1317 2851 1410 2925 qui
1438 2861 1648 2920 peccat,
1683 2863 1834 2909 tanto
1864 2856 2082 2925 gravioo

494 2950 612 2994 rem
644 2952 862 3001 pmnant
899 2940 1002 2994 sibi
1065 2943 1321 3000 accersit.
1353 2943 1421 2997 Et
1486 2947 1559 3005 in.
1593 2949 1947 3017 sequentibus
1977 2949 2077 3006 hoc

499 3027 844 3082 manifestius
873 3026 951 3085 iit.
985 3029 1085 3084 Cui
1126 3031 1272 3088 enim
1293 3033 1492 3100 datum
1518 3045 1603 3091 est
1635 3038 1888 3106 multum,
1923 3040 1992 3094 ab
2013 3055 2079 3095 eo

494 3118 811 3187 requirctttr
851 3121 1014 3175 etiam
1049 3123 1324 3178 multum:
1359 3135 1413 3180 et
1435 3127 1520 3181 cui
1551 3134 2078 3188 commendaverunt

2186 1932 2374 2002 κυρίου
2407 1931 2598 1996 αὑτοῦ,
2623 1931 2721 1985 καὶ
2763 1933 2839 2003 μὴ
2863 1933 3160 2002 ἑτοιμάσας
3182 1934 3315 2006 μηδὲ
3359 1937 3600 2008 ποιήσας
3633 1939 3774 2008 πρὸς

2185 2024 2248 2077 τὸ
2280 2024 2494 2094 θέλημα
2522 2023 2714 2092 αὑτοῦ,
2743 2025 3042 2097 δαρήσεται
3070 2028 3269 2092 πολλάς
3293 2043 3309 2058 ο
3340 2030 3367 2082 6
3389 2030 3447 2082 δέ
3480 2031 3558 2101 μὴ
3587 2032 3779 2100 γνοὺς,

2191 2118 2421 2187 ποιήσας
2444 2117 2498 2170 δὲ
2518 2117 2645 2191 ἄξια
2669 2117 2915 2189 πληγῶν,
2943 2120 3240 2191 δαρήσεται
3263 2121 3451 2192 όλῖγας
3477 2138 3491 2152 ·
3514 2126 3686 2179 παντὶ
3721 2127 3778 2181 δὲ

2186 2200 2231 2274 ᾧ
2260 2207 2416 2276 ἐδόθη
2450 2207 2606 2274 πολὺ,
2660 2209 2794 2264 πολὺ
2828 2210 3192 2282 ζητηθήσεται
3219 2215 3348 2285 παρ’
3381 2215 3574 2282 αὑτοῦ,
3606 2219 3708 2273 καὶ

2187 2299 2491 2369 παρέθεντο
2526 2302 2684 2368 πολὺ,
2740 2305 3136 2375 περισσότερον
3171 2307 3490 2377 αἰτήσουσιν
3523 2312 3714 2368 αὐτόν.
3755 2332 3772 2364 ι

2199 2393 2466 2448 Ἐνταῦθα
2489 2396 2584 2448 καὶ
2614 2396 2797 2448 πλεῖόν
2832 2414 2882 2450 τι
2920 2398 3017 2450 καὶ
3047 2398 3428 2472 φοϐερώτερον
3452 2403 3773 2459 ὑποδείκνυο

2185 2503 2270 2540 σιν
2297 2488 2428 2558 ἡμῖν
2459 2490 2486 2542 6
2518 2489 2747 2560 Κύριος.
2813 2491 2888 2544 Οὐ
2925 2491 3086 2560 μόνον
3125 2494 3252 2566 γὰρ,
3296 2496 3451 2566 φησὶ,
3490 2499 3586 2552 τοῦ
3617 2500 3782 2572 χαρί-

2188 2592 2396 2646 σματος
2439 2579 2861 2649 γυμνωθήεεται
2901 2581 2931 2632 6
2975 2582 3239 2658 τοιοῦτος,
3297 2585 3393 2638 καὶ
3438 2587 3595 2644 οὐδὲν
3624 2590 3779 2661 αὐτῷ

2187 2669 2549 2738 συμϐαλεῖται
2601 2672 2737 2741 πρὸς
2782 2673 3103 2745 ἀπαλλαγὴν
3155 2677 3266 2731 τῶν
3304 2680 3608 2751 κοὶάσεων,
3640 2686 3781 2741 ἀλλὰ.

2185 2763 2280 2815 καὶ
2315 2762 2564 2832 μείζονος
2586 2764 2736 2835 αὐτῷ
2766 2769 3152 2839 κατακρίσεως
3180 2770 3356 2824 αἴτιον
3383 2776 3683 2846 γενήσεται
3717 2779 3780 2833 τὸ

2183 2852 2280 2910 τοῦ
2302 2854 2615 2926 ἀξιώματος
2639 2847 2892 2928 μέγεθος.
2933 2861 3084 2933 Ὀσῳ
3117 2861 3228 2933 γὰρ
3253 2864 3547 2932 γινώσκων
3583 2869 3776 2924 Emat-

2185 2963 2271 3012 σε,
2320 2948 2567 3021 τοσούτῳ
2623 2948 2848 3020 μείζονα
2905 2953 3005 3023 τὴν
3051 2954 3326 3026 τιμωρίαν
3377 2959 3561 3029 ἑαυτῷ
3615 2980 3777 3033 περι·-

2183 3039 2442 3092 ποιεῖται.
2483 3040 2601 3092 Καὶ
2620 3038 2709 3094 διὰ
2757 3039 2866 3094 τῶν
2898 3041 3098 3114 ἐφεξῆς
3141 3044 3198 3098 δέ
3237 3048 3577 3121 σαφέστερον
3607 3052 3776 3112 ,τοῦτο

2183 3134 2356 3187 ποιεῖ.
2418 3126 2488 3204 Ὦ
2518 3133 2628 3205 γὰρ
2655 3133 2832 3201 ἐδόθη,
2857 3136 3013 3206 φησὶ,
3037 3137 3194 3204 πολὺ,
3234 3139 3330 3192 καὶ
3357 3143 3493 3196 πολὺ
3531 3144 3773 3219 ζητηθή-

494 3208 751 3274 multum,
790 3209 915 3280 plus
939 3220 1124 3282 petent
1153 3215 1221 3270 ab
1249 3229 1334 3270 eo.
1362 3214 1465 3271 Per
1502 3218 1604 3273 hoc
1629 3220 1772 3275 enim
1804 3222 2074 3292 signatur,

2461 3199 2473 3204 _
2528 3199 2539 3203 -
2599 3199 2611 3205 -
2798 3199 2808 3201 ρ
2869 3199 2931 3206 -.
2998 3199 3007 3203 -
3181 3199 3190 3204 -
3539 3199 3600 3216 -.
3659 3199 3744 3219 .ν.

2184 3241 2337 3279 σεται
2371 3226 2502 3298 παρ’
2531 3226 2722 3294 αὐτοῦ,
2761 3231 2855 3282 καὶ
2881 3223 2925 3299 ᾧ
2954 3230 3260 3301 παρέθεντο
3295 3237 3460 3301 πολὺ,
3514 3243 3775 3310 περισσό-

492 3313 711 3371 ptenam
774 3318 934 3372 quam
986 3318 1270 3363 merentur.
1301 3310 1579 3378 doctores,
1610 3313 1779 3386 380
1834 3315 2076 3374 futuram

494 3391 775 3461 majorem.
819 3393 984 3450 Datur
1027 3398 1208 3469 igitur
1267 3409 1322 3458 et
1362 3408 1784 3461 commendatur
1833 3407 2076 3465 doctori-

494 3481 598 3537 bus
645 3503 660 3540 :
703 3487 864 3541 datur
898 3490 1135 3558 quidem,
1164 3503 1219 3548 ut
1279 3495 1452 3565 gratia
1505 3500 1729 3553 sanandi
1759 3501 1993 3570 morbos,
2023 3510 2078 3557 et

491 3574 728 3632 faciendi
755 3581 1040 3650 miracula,
1079 3589 1493 3643 commendatur
1526 3600 1706 3646 autem
1739 3592 1820 3648 cis
1843 3595 1991 3650 verbi
2024 3606 2079 3652 et

481 3668 757 3746 doctrinae
790 3671 1012 3729 donum.
1055 3677 1270 3732 Etcum
1297 3679 1456 3745 dixit,
1494 3680 1685 3752 Datur,
1713 3699 1821 3748 non
1850 3688 2075 3756 subjun-

492 3758 591 3828 git,
624 3759 876 3830 Amplius
910 3765 1166 3834 exigeut:
1199 3773 1302 3823 sed
1335 3787 1460 3826 cum
1494 3773 1653 3844 dixit,
1711 3776 2074 3844 Commenda-

493 3859 603 3915 tur,
665 3862 720 3907 et
748 3855 993 3922 profecto
1046 3859 1247 3916 donum
1293 3866 1447 3919 verbi
1492 3883 1631 3935 opus
1670 3871 1835 3925 habet
1869 3872 2072 3940 labore,

489 3952 546 3998 et
570 3945 808 4015 amplius
835 3945 1070 4018 exigitur
1095 3969 1123 4006 a
1150 3955 1488 4028 doctoribus.
1511 3958 1739 4030 Oportet
1760 3963 1908 4017 enim
1949 3980 2072 4022 eum

488 4047 601 4097 nos.
641 4048 765 4091 esse
815 4039 1058 4096 desidem
1094 4059 1158 4100 ac
1209 4047 1482 4118 ignavum,
1559 4055 1654 4109 sed
1713 4056 2075 4127 multiplicare

489 4122 750 4182 talentum
771 4131 938 4185 verbi.
960 4131 1254 4202 lgitur,cui
1282 4143 1830 4214 commendaverunt,
1867 4122 2073 4204 intelli-

488 4230 616 4284 gere
647 4219 833 4287 debes,
856 4224 941 4277 cui
968 4225 1196 4282 multum
1231 4231 1416 4286 datum
1446 4236 1512 4289 ad
1557 4252 1798 4293 usuram.
1837 4240 2068 4297 Usuram

488 4307 632 4360 cnim
692 4315 1130 4372 commendatum
1184 4330 1240 4374 et
1271 4323 1576 4391 depositum
1632 4329 1719 4384 liic
1765 4335 1959 4403 signat.
1999 4335 2067 4388 At

488 4406 616 4450 sunt
663 4402 754 4469 qui
798 4417 1044 4472 quierant
1082 4427 1097 4467 :
1156 4411 1334 4478 Esto,-
1367 4414 1529 4484 bene,
1581 4402 1837 4487 puniatur
1869 4426 1914 4480 is
1947 4428 2068 4496 quis

489 4488 592 4543 scit
635 4491 970 4555 voluntatem
1019 4498 1254 4568 Domini,
1286 4516 1342 4560 et
1378 4521 1486 4577 non
1527 4509 1656 4565 facit
1705 4530 1719 4569 :
1775 4517 1864 4584 qui
1887 4488 2067 4573 autem

498 4583 703 4647 nescit,
757 4599 926 4669 quare
967 4592 1224 4658 punitur?
1283 4595 1361 4655 Eo
1401 4599 1542 4668 quod
1600 4583 1866 4668 potuisset
1909 4610 2091 4666 etiam”

488 4669 605 4763 ipse
637 4673 864 4740 discere,
899 4689 953 4732 et
986 4684 1178 4749 noluit,
1217 4688 1308 4763 sed
1333 4690 1485 4759 piger
1511 4689 1634 4757 fuit,
1675 4694 1793 4763 ipse
1823 4697 1875 4752 in
1905 4709 2072 4757 causa

489 4758 596 4816 fuit
650 4768 948 4834 quominus
999 4758 1709 4853 didicerit-{quapropter
1768 4790 2073 4857 punimtdus

493 4864 579 4947 est
634 4862 779 4929 quod
823 4874 1013 4932 sponte
1052 4883 1157 4923 non
1209 4871 1420 4929 didicit.
1467 4872 1806 4947 Timeamus,
1833 4881 2060 4943 fratres.

490 4944 632 5001 Nam
658 4951 702 5004 si
739 4952 782 5034 is
821 4957 911 5024 qui
942 4960 1074 5015 nihil
1100 4962 1228 5028 scit,
1265 4967 1487 5023 omnino
1508 4969 1707 5040 dignus
1741 4944 1824 5028 est
1855 4976 2066 5048 plagis;

490 5055 610 5109 quae
640 5051 921 5105 excusatio
950 5052 1201 5110 liberabit
1233 5073 1328 5114 eos
1349 5063 1440 5130 qui
1466 5063 1706 5120 scienter
1729 5067 2067 5140 delinquunt,

495 5135 730 5189 maxime
769 5142 812 5194 si
842 5143 1091 5203 doctores
1116 5146 1350 5207 fuerint?
1383 5152 1614 5213 Gravior
1645 5160 1792 5218 enim
1821 5135 1908 5219 est
1951 5166 2065 5222 biec

493 5223 890 5289 condemnatio.
1830 5237 1832 5239 ’

570 5486 726 5548 Vens.
760 5494 851 5562 49,
885 5499 972 5556 50.
1012 5522 1030 5555 ι
1068 5502 1248 5575 Ignem
1283 5513 1405 5566 veni
1448 5515 1712 5575 missurus
1741 5522 1793 5577 in
1826 5533 2064 5582 terram:

493 5589 544 5632 et
597 5585 725 5651 quid
758 5603 895 5655 voto,
938 5595 982 5647 si
1036 5597 1146 5667 jam
1197 5618 1461 5664 accensus
1504 5611 1623 5667 est?
1660 5611 1765 5671 Sed
1796 5615 2067 5689 baptismo

567 5756 610 5790 ⁸⁹
647 5756 805 5818 Rom,
842 5777 959 5831 vm,
999 5767 1051 5820 ο.

2181 3335 2343 3388 τερον
2367 3321 2686 3391 αἰτήσουσιν
2711 3322 2898 3377 αὐτόν.
2925 3323 3025 3378 Διὰ
3053 3321 3264 3380 τούτων
3316 3329 3428 3400 γὰρ
3464 3332 3771 3389 αἰνίττεται

2183 3408 2281 3485 τὴν
2311 3410 2428 3474 τοῖς
2450 3411 2793 3478 διδασκάλοις
2821 3414 3188 3489 ὀφειλομένην
3222 3421 3503 3493 τιμωρίαν
3545 3427 3773 3495 μείζονα

2182 3500 2474 3572 ἐσομένην.
2504 3506 2613 3558 Καὶ
2635 3500 2835 3561 δίδοται
2868 3508 2960 3561 οῦν
2985 3512 3096 3573 τοῖς
3122 3512 3488 3580 διδασκάλοις
3522 3519 3622 3572 καὶ
3654 3536 3764 3573 πα-

2184 3592 2607 3659 ρακατατίθεται
2634 3612 2649 3627 ο
2685 3597 2891 3654 δίδοται
2941 3600 3063 3670 μὲν,
3115 3599 3227 3659 οἷον
3260 3607 3320 3660 τὸ
3376 3610 3626 3681 χάρισμα
3672 3613 3768 3667 τοῦ

2181 3685 2622 3758 θαυματουργεῖν
2681 3693 2777 3744 καὶ
2841 3694 3026 3748 ίᾶσθαι
3079 3695 3291 3764 νόσους,
3369 3705 3756 3771 παρακατατί-

2180 3776 2331 3832 θεται
2371 3781 2427 3833 δέ
2470 3782 2657 3859 αὐτοῖς
2687 3783 2748 3834 τὸ
2793 3783 2887 3836 τοῦ
2918 3786 3077 3855 λόγου
3110 3790 3207 3844 καὶ
3258 3791 3358 3862 τῆς
3411 3793 3766 3863 διδασκαλίας

2179 3874 2450 3945 χάρισμα.
2489 3876 2613 3930 Ἐπὶ
2650 3877 2749 3948 μὲν
2789 3879 2884 3936 οῦν
2915 3868 3032 3948 τοῦ,
3096 3885 3455 3954 Δίδοται,οὑκ
3486 3888 3644 3947 εἶπεν
3684 3896 3768 3950 ὅτι

2179 3970 3004 4046 Περισσότερονηἁπαιτήσουσιν
3042 3994 3055 4008 ⁶
3092 3980 3185 4036 ἐπὶ
3239 3982 3293 4036 δὲ
3331 3985 3448 4048 τοῦ,
3496 3988 3764 4060 Παρακα-

2177 4063 2460 4120 τατίθεται
2489 4081 2504 4096 ⁸
2537 4067 2634 4120 καὶ
2677 4068 2788 4152 γὰρ
2841 4070 3010 4137 ὅντως
3043 4073 3105 4126 τὸ
3138 4075 3244 4150 ,τοῦ
3295 4075 3458 4146 λόγου
3520 4083 3767 4152 χάρισμα

2177 4155 2515 4225 ἐπεργασίας
2572 4148 2764 4226 δεῖται,
2823 4163 2919 4215 καὶ
2978 4148 3292 4221 ἀπαιτεῖται
3349 4171 3376 4222 6
3434 4148 3763 4238 διδάσκαλος

2176 4248 2583 4320 περισσότερον.
2641 4251 2736 4302 Δεῖ
2787 4252 2893 4324 γὰρ
2928 4253 3093 4310 αὑτὸν
3135 4257 3210 4328 μὴ
3279 4258 3572 4329 ῥᾳθυμεῖν,
3631 4264 3764 4318 ἀλλὰ

2175 4339 2500 4404 πλεονάζειν
2528 4342 2589 4395 τὸ
2614 4344 2709 4398 τοῦ
2733 4345 2892 4414 λόγου
2930 4347 3194 4402 τάλαντον
3219 4367 3231 4382 ·
3268 4351 3331 4404 τὸ
3375 4354 3580 4423 τοίνυν,
3623 4376 3760 4430 παρ-

2175 4432 2502 4503 ετέθη,άντὶ
2519 4433 2638 4502 τοῦ,
2666 4431 2710 4505 ᾧ
2742 4438 3030 4510 ἐδανείσθη
3063 4443 3218 4509 πολὺ,
3241 4445 3480 4514 ὀφείλεις
3505 4454 3672 4504 νοεῖν·
3706 4453 3765 4506 τὸ

2097 4524 2286 4614 Βγὰρ
2356 4526 2582 4614 δάνειον.
2628 4532 3108 4604 παρακαταθήκην
3155 4537 3390 4590 ἐνταῦθα
3451 4540 3759 4613 ὠνόμασεν.

2192 4615 2348 4668 Ἀ).λὰ
2367 4617 2531 4686 ζητοῦ
2542 4612 2592 4676 σί
2614 4623 2994 4688 τινες,“Εστω,
3027 4626 3206 4692 καλῶς
3223 4635 3584 4701 τιμωρεῖταιό
3602 4639 3763 4705 γνοὺς

2175 4706 2236 4759 τὸ
2255 4703 2469 4778 θέλημα
2484 4709 2577 4762 τοῦ
2600 4711 2883 4785 δεσπότου,
2910 4716 3003 4768 καὶ
3028 4715 3102 4789 μὴ
3124 4719 3313 4784 ποιῶν,
3331 4721 3360 4772 ὁ
3386 4721 3444 4776 δέ
3479 4727 3555 4796 μὴ
3575 4703 3759 4794 γνοὺς,

2177 4795 2320 4849 διατί
2351 4803 2673 4869 τιμωρεῖται
2692 4819 2707 4871 ;
2728 4803 2872 4856 Διότι
2902 4803 3199 4875 δυνάμενος
3226 4813 3422 4880 μαθεῖν
3449 4795 3553 4868 και
3575 4817 3756 4883 αὐτὸς,

2175 4887 2324 4955 ὅμως
2357 4889 2457 4941 οὐκ
2485 4891 2769 4964 ἠθέλησεν,
2795 4895 2910 4948 ἀλλ’
2933 4897 3042 4953 ἀπὸ
3082 4899 3355 4970 ῥᾳθυμίας
3386 4906 3556 4971 αὐτὸς
3579 4910 3760 4980 ἐαυτῷ

2177 4979 2350 5041 αἴτιος
2396 4980 2491 5034 τοῦ
2523 4983 2599 5054 μὴ
2637 4985 2834 5054 μαθεῖν
2868 4989 3114 5057 γέγονεν,
3148 4991 3289 5046 ὥστε
3322 4995 3410 5049 διὰ
3452 4999 3613 5053 τοῦτο
3668 4979 3756 5057 xo-

2173 5068 2419 5137 λαστέος,
2454 5072 2535 5126 ὅτι
2573 5074 2714 5130 ἐκὼν
2744 5078 2844 5130 οὐκ
2871 5078 3066 5151 ἔμαθε.
3091 5082 3398 5155 Φρίξωμεν,
3424 5089 3648 5160 ἀδελφοί
3674 5111 3684 5123 ·
3714 5096 3760 5149 εἰ

2174 5161 2283 5231 γὰρ
2311 5165 2339 5216 6
2363 5165 2488 5235 μηδ’
2517 5165 2654 5232 ὅλως
2686 5172 2869 5235 γνοὺς,
2931 5171 3080 5238 ἄξιος
3107 5175 3357 5247 πληγῶν,
3401 5185 3554 5248 ποῖος
3583 5188 3760 5241 ἀπαλο

2173 5252 2321 5317 λάξει
2357 5255 2515 5325 λόγος
2564 5262 2689 5323 τοὺς
2751 5262 2810 5316 ἐν
2859 5263 3058 5337 γνώσει
3123 5268 3610 5345 πλημμελοῦντας,
3666 5281 3757 5333 καὶ

2177 5347 2410 5416 μάλιστα
2444 5352 2492 5403 εί
2521 5353 2616 5404 καὶ
2657 5353 2970 5410 διδάσκαλοι
3017 5356 3129 5415 εἷεν
3156 5381 3171 5430 ;
3203 5367 3615 5442 Φορτικώτερον
3651 5374 3758 5444 γὰρ

2171 5439 2231 5492 τὸ
2268 5441 2474 5496 τούτων
2514 5447 2856 5520 κατάκριμα.

2249 5555 2266 5588 ι
2308 5537 2428 5611 Πῦρ
2456 5534 2629 5622 ἦλθον
2654 5541 2837 5603 βαλεῖν
2867 5550 2948 5610 είς
2994 5550 3093 5622 τήν
3124 5554 3227 5624 γῆν
3253 5570 3265 5583 ·
3300 5558 3396 5611 καὶ
3426 5559 3480 5611 τί
3511 5560 3673 5623 θέλω,
3710 5561 3756 5614 εξ

2173 5627 2275 5699 ήδη
2319 5629 2581 5704 ἀνήφθη;
2640 5635 2935 5710 Βάπτισμα
2970 5641 3024 5696 δὲ
3060 5644 3168 5715 ἔχω
3221 5646 3615 5723 βαπτισθῆναι,
3664 5668 3753 5710 και
