4030 6442
251 416 361 478 905

947 411 1392 476 ENARRATIO
1435 411 1517 472 IN
1559 404 2067 471 EVANGELIUM
2102 405 2344 468 LUCE.
2374 432 2442 440 -
2482 405 2645 465 CAP.
2687 404 2823 466 XII.

3451 405 3558 469 906

253 525 386 587 πῶς
414 522 712 594 συνέχομαι
752 521 854 584 ἓως
875 514 938 574 οῦ
989 523 1214 592 τελεσθῇ
1246 540 1259 587 ;
1306 542 1323 572 ι
1363 521 1483 589 Πῦρ
1522 522 1724 576 νοεῖται
1753 517 1849 586 μὲν

1962 514 2136 571 habeo
2184 515 2479 583 baptizari,
2524 525 2576 569 et
2637 513 2918 584 quomodo
2988 513 3342 586 constringor
3397 518 3573 576 donec

244 617 346 669 καὶ
385 615 441 669 τὸ
465 617 752 686 κήρυγμα,
814 616 843 666 6
886 615 1045 683 λόγος
1076 615 1187 686 γὰρ
1234 614 1372 686 πῦρ·
1403 612 1712 667 κατεσθίων
1743 611 1853 664 πᾶν

248 708 458 773 ὑλῶδες
514 708 609 761 καὶ
662 707 1007 777 συρφετῶδες
1041 707 1242 777 νόημα,
1293 708 1386 760 καὶ
1434 705 1500 758 τὰ
1542 703 1737 757 εἴδωλα
1771 701 1855 767 ἐξ·

248 802 533 870 αφανίζων
559 801 749 865 ὁποίας
776 801 842 853 ἂν
867 801 999 871 ὕλης
1030 797 1162 855 εἷεν.
1194 802 1417 854 Νοείται
1439 799 1496 852 δὲ
1519 799 1615 852 καὶ
1643 800 1669 850 ό
1691 795 1854 866 ζῆλος

247 900 277 950 ὁ
330 896 471 964 ὑπὲρ
500 895 593 948 τοῦ
636 896 806 949 καλοῦ
843 897 901 950 ὲν
953 898 1171 967 ἑκάστῳ
1224 896 1381 967 ἡμῶν
1433 895 1850 965 άναπτόμενος’

242 990 391 1059 τάχα
415 989 471 1043 δὲ
505 990 601 1043 καὶ
636 983 794 1049 οὗτος
820 990 910 1044 διὰ
971 991 1065 1045 τὸν
1120 990 1279 1058 λόγον
1310 988 1405 1043 τοῦ
1456 987 1594 1041 Θεοῦ
1629 986 1855 1057 γινόμε-

247 1101 364 1148 νος,
401 1083 506 1136 οὐκ
537 1084 766 1138 ἀπέοικε
798 1083 892 1138 τοῦ
959 1084 1234 1156 προτέρου
1259 1099 1271 1111 ·
1307 1083 1485 1152 τούτῳ
1511 1081 1577 1151 δὴ
1609 1078 1690 1150 τῷ
1720 1079 1853 1147 πυρὶ

246 1175 501 1243 βούλεται
555 1178 583 1230 6
619 1175 826 1243 Κύριος
879 1176 1220 1230 ἀνάπτεσθαι
1274 1175 1372 1238 τὰς
1409 1173 1639 1246 καρδίας
1667 1170 1848 1242 ήμῶν’

243 1269 332 1320 δεῖ
363 1269 473 1336 γὰρ
502 1269 650 1339 ἡμᾶς
682 1267 846 1338 ζῆλον
879 1268 1148 1338 διάπυρον
1178 1267 1321 1337 ὑπὲρ
1342 1267 1436 1319 τοῦ
1467 1264 1635 1318 καλοῦ
1672 1264 1851 1334 ἔχειν·

244 1363 310 1415 τ’»
343 1361 476 1434 γὰρ,
491 1363 542 1414 τί
564 1361 723 1428 θέλω,
743 1363 863 1416 ἀντὶ
887 1355 1004 1426 τοῦ,
1028 1363 1194 1416 πόσον
1218 1361 1379 1428 θέλω,
1403 1361 1451 1414 εἰ
1476 1359 1576 1431 ἤδη
1601 1356 1851 1429 ἀνήφθης

259 1451 620 1506 Ἑπισπεύδει
692 1453 803 1524 γὰρ
840 1451 939 1524 τὴν
973 1453 1172 1522 ἄναψιν
1242 1452 1436 1505 τούτου
1494 1449 1589 1504 τοῦ
1657 1449 1851 1520 πυρὸς,

250 1543 440 1608 καθὼς
474 1547 569 1599 καὶ
601 1547 630 1598 6
678 1545 891 1609 Παῦλος
947 1546 1098 1614 λέγει
1128 1563 1143 1578 ’
1169 1546 1260 1617 Τῷ
1295 1544 1578 1614 πνεύματι
1606 1542 1848 1607 ζέοντες.

247 1640 364 1693 Καὶ
396 1634 596 1694 πάλιν·
635 1640 795 1712 Ζηλῶ
823 1641 934 1712 γὰρ
964 1641 1110 1711 ὑμᾶς
1137 1640 1276 1695 Θεοῦ
1319 1641 1492 1712 ζήλῳ.
1551 1637 1849 1706 Βάπτισμα

245 1735 307 1786 δὲ
359 1733 452 1787 τὸν
499 1733 734 1788 θάνατον
784 1733 981 1789 ἑαυτοῦ
1023 1735 1196 1805 λέγει.
1256 1734 1477 1803 Ἐπειδὴ
1510 1733 1619 1803 γάρ
1659 1731 1720 1784 τὸ
1741 1730 1854 1800 πῦρ

254 1827 419 1882 τοῦτο
473 1830 574 1882 οὐκ
623 1829 801 1891 άλλως
838 1829 1064 1902 ἔμελλεν
1127 1830 1460 1901 ἀναφθῆναι,
1497 1832 1546 1883 εἰ
1591 1830 1667 1900 μὴ
1714 1828 1854 1900 μετά

246 1922 344 1974 τὸν
378 1921 613 1976 θάνατον
646 1921 814 1976 αὐτοῦ
856 1941 868 1954 ·
908 1927 1004 1977 καὶ
1058 1924 1170 1995 γάρ
1218 1925 1409 1978 ἔκτοτε
1473 1923 1535 1978 τὸ
1591 1925 1855 1996 κήρυγμα

249 2015 349 2068 καὶ
383 2016 412 2067 6
440 2013 603 2084 ζῆλος
624 2015 836 2086 ηὐξήθη
862 2033 876 2047 ·
921 2015 1009 2068 διὰ
1038 2016 1197 2070 τοῦτο
1235 2016 1433 2086 ἐπάγει
1475 2017 1569 2070 καὶ
1604 2017 1733 2087 περί
1758 2013 1854 2068 τοῦ

247 2108 511 2174 θανάτου,
547 2109 838 2180 ὀνομάζων
869 2109 1034 2164 αὐτὸν
1086 2110 1398 2182 βάπτισμα.
1453 2110 1773 2180 Ἐπιθυμῶν
1799 2109 1855 2162 δὲ

245 2198 440 2254 τούτου
479 2200 706 2271 σφόδρα,
749 2203 882 2272 φησί
906 2219 918 2231 ·
947 2204 1058 2257 Καὶ
1088 2204 1208 2267 πῶς
1240 2204 1559 2274 συνέχομαι,
1587 2205 1708 2256 άντὶ
1733 2203 1852 2269 τοῦ,

245 2291 420 2345 πόσον
491 2291 764 2366 φροντίζω
837 2295 931 2347 καὶ
989 2293 1270 2367 θλίϐομαι,
1324 2295 1429 2358 ἕως
1482 2289 1545 2349 οὗ
1587 2295 1854 2366 τελεσθῇς

242 2385 400 2454 Διψῶ
434 2385 540 2458 γὰρ
576 2388 667 2440 τὸν
697 2388 836 2461 ὑπὲρ
868 2389 970 2459 τῆς
1001 2389 1223 2443 πάντων
1251 2390 1528 2461 σωτηρίας
1584 2389 1840 2443 θάνατον.

246 2479 369 2552 Πῦρ
400 2481 457 2535 δὲ
502 2478 634 2554 ἦλθε
677 2483 863 2553 βαλεῖν
914 2487 942 2537 6
974 2483 1197 2556 Κύριος,
1238 2484 1298 2537 οὑ
1337 2486 1500 2553 μόνον
1547 2485 1640 2536 ἐπὶ
1669 2483 1856 2536 πᾶσαν

241 2576 352 2645 τὴν
378 2576 507 2646 γῆν,
539 2579 618 2640 εἰς
649 2577 716 2646 ἦν
750 2578 778 2629 ὁ
810 2576 972 2645 λόγος
1001 2577 1096 2630 καὶ
1147 2578 1179 2646 ἡ
1219 2576 1404 2640 πίστις
1434 2575 1691 2646 ήπλώθη,
1718 2575 1856 2634 άλλά

243 2670 344 2726 καὶ
375 2670 467 2721 ἐπὶ
489 2670 587 2741 τὴν
639 2671 878 2724 ἑκάστου
925 2670 1132 2742 ψυχὴν,
1163 2671 1269 2740 γῆν
1313 2670 1412 2740 μὲν
1461 2667 1628 2722 οὖσαν
1680 2670 1854 2721 ἀκαν-

248 2763 494 2833 θηφόρον
519 2765 614 2816 καὶ
637 2762 913 2834 ἄκαρπον,
944 2764 1050 2815 ὑπὸ
1080 2762 1136 2814 δὲ
1169 2762 1263 2816 τοῦ
1293 2761 1439 2816 θείου
1459 2761 1624 2830 λόγου
1656 2760 1850 2830 ὥσπερ

243 2857 429 2928 πυρός
467 2857 884 2928 διακαιομένην,
941 2856 1037 2909 καλ⁴
1077 2851 1338 2926 δεκτικὴν
1394 2855 1693 2925 γινομένην
1741 2853 1854 2907 τῶν

243 2947 414 3002 Θείων
444 2949 808 3019 σπερμάτων,
830 2949 925 3002 καὶ
947 2946 1304 3019 καρποφοροῦ
1315 2965 1411 3000 σαν
1436 2945 1852 3017 πνευματικῶς.

241 3043 422 3096 ’Ὅταν
476 3042 587 3114 γὰρ
635 3026 840 3113 atque
897 3059 1042 3105 τινος
1097 3041 1277 3113 ψυχῆς
1345 3042 1599 3114 ἀοράτως
1652 3043 1686 3111 ή
1732 3041 1855 3094 θεία

240 3137 435 3210 χάρις,
459 3135 609 3188 δοκεῖ
635 3134 936 3204 φλέγεσθαι
961 3133 1040 3203 τῷ
1070 3133 1207 3187 Θεοῦ
1243 3135 1420 3205 πόθῳ,
1463 3134 1540 3199 ὡς
1574 3135 1677 3187 οὐκ
1704 3134 1852 3187 ἔστιν

242 3231 444 3292 εἰπεῖν,
475 3227 667 3299 ὥσπερ
692 3228 885 3296 ἀμέλει
913 3227 1007 3280 καὶ
1044 3228 1094 3279 οἰ
1125 3227 1256 3299 περὶ
1287 3227 1543 3280 Κλεόπαν
1566 3228 1646 3300 τῷ
1667 3229 1850 3282 τοιού-

239 3340 324 3394 τῳ
357 3323 491 3392 πυρὶ
520 3324 620 3391 τῆς
657 3319 753 3373 τοῦ
782 3321 918 3373 Θεοῦ
944 3319 1385 3391 ὑπο-ρλεγόμενοι
1410 3321 1662 3391 ἀοράτως
1689 3322 1852 3394 χάρι-

238 3435 362 3482 τος,
407 3418 542 3488 Οὐχὶ
603 3419 636 3488 ἡ
687 3418 884 3486 καρδία
921 3419 1081 3488 ἡμῶν
1138 3417 1406 3487 καιομένη
1459 3411 1529 3487 ἦν
1583 3417 1644 3468 ἐν
1688 3416 1849 3485 ἡμῖν;

239 3515 456 3582 ἔλεγον.
487 3514 636 3576 Εῖτις
675 3513 770 3567 οῦν
802 3513 970 3566 ἔπαθε
1008 3513 1067 3566 τὸ
1101 3510 1343 3566 τοιοῦτον
1399 3510 1598 3574 πάθος,
1641 3510 1853 3563 εἴσεται

242 3606 312 3659 τὸ
371 3606 692 3675 λεγόμενον.
754 3606 1030 3673 Πάσχουσι
1098 3605 1154 3657 δὲ
1200 3604 1391 3657 πολλοὶ
1431 3603 1528 3656 καὶ
1589 3601 1854 3665 πολλάκις

241 3698 782 3766 ἀναγινωσκομένων
842 3696 1005 3750 θείων
1079 3696 1339 3766 Γραφῶν,
1387 3696 1420 3765 ἢ
1486 3694 1618 3764 βίων
1678 3696 1854 3763 ἁγίων

242 3789 536 3860 Πατέρων,
570 3790 602 3859 ἢ
639 3790 1058 3860 παραινούντων
1091 3789 1255 3842 τινῶν
1303 3790 1398 3842 καὶ
1456 3789 1848 3854 διδασκόντων,

233 3883 624 3954 διακαιόμενοι
660 3883 799 3954 πρὸς
837 3883 898 3936 τὸ
938 3883 1102 3936 καλὸν
1150 3882 1252 3946 τάς
1297 3883 1498 3953 ψυχὰς,
1535 3881 1630 3935 καὶ
1655 3884 1702 3935 οἰ
1752 3882 1851 3951 μὲν

235 3978 376 4048 ἄχρι
409 3977 621 4041 τέλους,
657 3978 706 4029 οἱ
734 3977 788 4029 δὲ
831 3977 1148 4047 παραυτίκα
1173 3975 1700 4046 ἀποψυχραίνονται.

322 4088 343 4122 α
383 4071 626 4132 Δοκεῖτε,
659 4070 742 4122 ὅτι
777 4069 1002 4141 εἰρήνην
1040 4070 1432 4140 παρεγενόμην
1466 4069 1653 4122 δοῦναι
1690 4069 1748 4120 ὲν
1783 4070 1848 4139 τῇ

234 4160 354 4230 γῇς
392 4159 549 4228 Οὐχὶ,
582 4159 736 4228 λέγω
779 4159 929 4226 ὑμῖν,
963 4158 1137 4229 ἀλλ’ἢ
1175 4159 1543 4229 διαμερισμόν
1565 4175 1581 4190 ·
1634 4158 1848 4211 ἔσονται

233 4258 354 4324 γὰρ
385 4253 493 4305 άπδ
520 4253 614 4304 τοῦ
641 4252 737 4306 νῦν
768 4253 931 4305 πέντε
965 4253 1021 4304 ὲν
1047 4253 1183 4322 οἴκῳ
1213 4253 1296 4305 ἐνὶ
1320 4252 1844 4324 διαμεμερισμένοι,

233 4346 393 4415 τρεῖς
429 4343 524 4396 ἰπὶ
571 4344 716 4407 δυσὶ,
757 4343 976 4397 καὶδύο
1014 4343 1108 4395 ἐπὶ
1151 4345 1332 4414 τρισὶν
1387 4345 1848 4415 διαμερισθήσον-

232 4456 354 4503 ται,
391 4437 572 4509 πατὴρ
607 4439 701 4491 ἐπὶ
723 4437 843 4508 υἱῷ.
878 4438 974 4490 καὶ
1000 4435 1116 4501 υίὸς
1147 4438 1244 4490 ἐπὶ
1274 4439 1481 4510 πατρί·
1524 4441 1709 4509 μήτηρ
1755 4441 1848 4493 ἐπὶ

234 4532 504 4603 θυγατρὶ.
537 4531 632 4583 καὶ
665 4531 917 4602 θυγάτηρ
964 4532 1055 4584 ἐπὶ
1090 4532 1292 4603 μητρί·
1351 4533 1590 4603 πενθερὰ
1621 4534 1712 4585 ἐπὶ
1747 4533 1846 4604 τὴν

1879 3277 1928 3340 C

1963 609 2318 679 perﬁciatur?
2367 629 2384 659 ι
2445 609 2547 664 l’er
2608 610 2792 681 ignem
2845 610 3066 678 quidem
3124 619 3173 662 et
3249 611 3572 680 praedicatio

1962 704 2308 773 intelligitur.
2363 702 2559 758 Sermo
2618 703 2764 757 enim
2807 702 2949 773 ignis
2990 711 3097 767 est,
3149 705 3243 772 qui
3293 709 3574 760 consumit

1959 812 2180 852 nminem
2221 797 2570 851 materialcm
2618 807 2674 851 et
2727 795 3108 865 imperfectam
3154 800 3573 869 cOgitationem,

1960 902 2014 946 et
2047 891 2342 946 simulacra
2376 891 2561 946 aholet
2609 889 2992 961 cujuscunque
3040 890 3252 947 fuerint
3307 895 3572 950 materia.

1959 984 2286 1054 Intelligitur
2312 985 2479 1040 etiam
2509 991 2563 1037 et
2599 984 2752 1037 zelus
2783 998 2882 1052 pro
2915 986 3119 1041 virtute
3155 987 3214 1040 in
3245 1001 3577 1060 unoquoque

1961 1089 2214 1133 nostrum
2263 1094 2578 1134 accensus:
2622 1079 2880 1137 fortassis
2934 1091 3119 1137 autem
3168 1091 3224 1138 et
3274 1083 3324 1138 is
3348 1093 3433 1139 est
3483 1086 3576 1154 qui

1961 1183 2189 1242 propter
2222 1171 2450 1226 verbum
2482 1174 2573 1228 Dei
2609 1174 2690 1236 ﬁt,
2737 1191 2844 1229 non
2877 1175 3165 1230 dissimilis
3205 1185 3390 1230 autem
3421 1187 3510 1234 est
3536 1195 3564 1230 a

1961 1264 2187 1335 priore:
2223 1265 2328 1320 hoc
2373 1264 2521 1318 enim
2575 1265 2703 1336 igne
2745 1267 2858 1321 vult
2913 1267 3058 1322 Deus
3119 1269 3348 1323 accendi
3408 1271 3574 1325 corda

1964 1368 2172 1411 nostra.
2217 1356 2490 1414 Debemus
2511 1359 2742 1429 ignitum
2783 1375 2882 1429 pro
2905 1359 3111 1414 virtute
3138 1361 3315 1416 zelum
3350 1363 3577 1419 habere.

1962 1449 2142 1516 Unde,
2177 1451 2307 1520 quid
2344 1451 2490 1514 volo,
2547 1451 2598 1504 id
2627 1460 2734 1516 est,
2768 1462 3036 1520 quantum
3087 1451 3232 1518 volo,
3271 1452 3315 1506 si
3339 1453 3453 1523 jam
3482 1471 3578 1508 ac-

1961 1559 2162 1600 census
2212 1543 2331 1598 est?
2370 1542 2540 1614 Urget
2582 1545 2731 1599 enim
2771 1554 2831 1598 ut
2887 1545 3226 1600 accendatur
3282 1546 3426 1616 ignis
3462 1547 3575 1607 ille.

1962 1638 2104 1693 sicut
2141 1648 2197 1694 et
2244 1638 2449 1694 Paulus
2485 1639 2621 1694 dicit
2677 1658 2688 1693 :
2735 1638 2945 1710 Spiritu
2988 1638 3294 1696 ferventes.
3350 1640 3416 1695 Et
3454 1657 3575 1697 rur-w

1962 1746 2084 1785 sum
2122 1749 2134 1785 :
2165 1730 2419 1786 [Eumlor
2445 1732 2596 1787 enim
2630 1747 2726 1787 vos
2755 1732 3108 1789 aemulatione
3143 1731 3261 1790 Dei.
3297 1734 3575 1805 Baptisma

1963 1836 2147 1879 autem
2174 1834 2409 1880 mortem
2444 1839 2598 1880 suam
2619 1826 2774 1880 dicit.
2813 1825 3086 1892 Quoniam
3127 1828 3276 1882 enim
3310 1829 3452 1900 ignis
3485 1829 3576 1884 ille

1963 1933 2071 1972 nou
2122 1918 2285 1972 aliter
2340 1919 2727 1974 accendendus
2768 1931 2911 1985 erat,
2967 1935 3132 1990 quam
3184 1933 3306 1992 post
3341 1933 3575 1978 mortem

1961 2011 2120 2080 ejus:
2153 2026 2278 2064 nam
2311 2026 2376 2066 ex
2407 2026 2473 2065 eo
2496 2022 2740 2081 tempore
2762 2012 3079 2080 praedicatio
3119 2021 3175 2069 et
3202 2013 3354 2069 zelus
3387 2030 3583 2071 creve-

1956 2117 2109 2180 runt,
2147 2118 2434 2176 propterea
2470 2106 2658 2160 subdit
2694 2107 2860 2160 etiam
2895 2107 2959 2161 de
2991 2116 3190 2169 morte.
3230 2108 3566 2177 baptismum

1963 2198 2108 2253 illam
2143 2215 2371 2253 vocans.
2400 2197 2553 2255 llauc
2584 2207 2765 2254 autem
2798 2199 2957 2254 valde
2981 2199 3326 2264 desiderans,
3352 2200 3532 2272 inquit
3558 2219 3572 2254 :

1962 2293 2029 2348 Et
2076 2293 2356 2364 quomodo
2383 2294 2749 2365 conslringor,
2786 2295 2889 2348 hoc
2929 2304 3036 2356 est,
3093 2309 3258 2364 quam
3303 2295 3579 2351 sollicitus

1961 2404 2080 2444 sum
2120 2404 2186 2444 ac
2256 2403 2500 2459 premor,
2566 2389 2740 2443 donec
2792 2387 3160 2458 perﬁciatur?
3223 2387 3363 2444 Sitio
3426 2390 3576 2444 enim

1965 2492 2196 2537 mortem
2256 2496 2358 2553 pro
2385 2482 2634 2536 omnium
2668 2478 2870 2536 salute.
2903 2480 3084 2550 Ignem
3113 2481 3260 2535 venit
3306 2482 3580 2536 missurus

1963 2596 2067 2635 non
2102 2579 2277 2634 solum
2315 2580 2366 2632 in
2407 2592 2628 2632 omnem
2670 2586 2899 2642 terram,
2958 2577 3010 2629 in
3045 2591 3209 2646 quam
3261 2577 3580 2646 prmdicatio

1961 2686 2013 2728 et
2042 2673 2178 2728 ﬁdes
2207 2671 2502 2742 explanata
2537 2680 2690 2734 sunt,
2725 2674 2819 2725 sed
2847 2669 3283 2740 uniuscujusque
3306 2671 3575 2729 animam.

1961 2780 2082 2836 qua!
2113 2774 2263 2820 terra
2319 2763 2541 2833 quidem
2598 2763 2821 2830 Spinosa
2858 2771 2942 2818 est
2981 2773 3036 2817 et
3086 2763 3312 2828 sterilis,
3352 2779 3381 2816 a
3412 2765 3580 2818 verbo

1961 2869 2144 2914 autem
2180 2859 2276 2914 Dei
2306 2857 2466 2929 quasi
2495 2857 2620 2928 igne
2653 2871 2945 2922 succensa,
2985 2865 3041 2912 et
3075 2857 3387 2910 divinorum
3412 2858 3581 2913 semi-

1964 2971 2091 3010 num
2119 2969 2317 3024 capax,
2348 2961 2401 3006 et
2425 2950 2800 3022 spiritualium
2835 2949 3052 3017 frugum
3079 2950 3232 3004 ferax
3265 2949 3433 3004 facta.
3465 2951 3568 3006 Ubi

1959 3050 2106 3105 enim
2168 3049 2400 3116 alicujus
2455 3047 2654 3102 animae
2706 3045 3060 3101 invisibiliter
3137 3046 3322 3100 divina
3402 3047 3578 3115 gratia

1960 3143 2277 3210 ccutigerit,
2303 3141 2520 3195 videtur
2550 3140 2830 3195 desiderio
2861 3139 2953 3193 Dei
3003 3154 3168 3208 supra
3211 3155 3377 3208 quam
3409 3139 3575 3211 381

1960 3234 2066 3288 dici
2095 3242 2263 3303 queat
2293 3231 2549 3302 ﬂagrare,
2583 3231 3049 3301 quemadmodum
3099 3241 3156 3287 et
3194 3231 3429 3303 CleOpas
3484 3234 3582 3288 lla.

1961 3326 2159 3397 grabat
2188 3325 2378 3380 divino
2398 3325 2522 3394 igne
2552 3338 2676 3379 cum
2698 3324 2946 3379 diceret:
2983 3321 3176 3379 Nonne
3203 3339 3302 3380 cor
3325 3336 3578 3382 nostrqu

1960 3435 2260 3476 accensum
2305 3428 2421 3474 erat
2471 3419 2528 3474 in
2589 3418 2750 3474 nobis
2782 3418 2870 3472 "?
2905 3417 3171 3490 Quisquis
3221 3420 3393 3491 igitur
3438 3420 3582 3475 hanc

1961 3511 2316 3565 aﬁ‘ectionem
2344 3518 2611 3581 expertus
2638 3519 2748 3573 εει,
2791 3509 2898 3564 scit
2924 3510 3054 3579 quid
3091 3511 3364 3566 dicamus.
3399 3510 3583 3581 Βιρε-

1965 3608 2183 3658 riuntur
2206 3614 2392 3659 autem
2444 3603 2601 3657 multi
2627 3605 2795 3658 etiam
2833 3603 3059 3673 quando
3081 3602 3340 3673 leguntur
3373 3603 3578 3659 divinae

1959 3698 2286 3767 Scriptura,
2329 3696 2418 3752 vel
2443 3697 2571 3752 vitae
2651 3705 2973 3752 sanctorum
3054 3696 3302 3762 Patrum,
3361 3698 3445 3751 vel
3527 3703 3576 3753 si

1958 3796 2364 3847 admoneamur
2387 3790 2472 3846 vel
2505 3792 2830 3854 doceantur,
2863 3791 3144 3859 quomodo
3200 3791 3581 3845 accendantur

1958 3888 2158 3942 animae
2180 3888 2246 3940 ad
2276 3885 2591 3942 faciendum
2635 3886 2862 3940 bonum.
2911 3883 2978 3938 Et
3004 3885 3094 3939 alii
3123 3886 3350 3955 quidem
3405 3901 3580 3958 usque

1957 3983 2024 4035 ad
2056 3981 2218 4035 ﬁnem
2252 3978 2506 4049 ﬂagrant,
2538 3978 2630 4032 alii
2659 3993 2790 4032 vero
2819 3979 3006 4032 statim
3054 3977 3385 4049 frigescunt.

2027 4075 2192 4128 Vens.
2231 4071 2423 4126 51-55.
2455 4089 2472 4122 ι
2507 4070 2716 4124 Putatis
2745 4071 2888 4138 quod
2923 4085 3114 4139 pacem
3161 4072 3404 4124 venerim
3435 4069 3575 4124 mis-

1955 4183 2118 4220 surus
2165 4167 2216 4219 in
2262 4164 2512 4218 terram?
2547 4163 2689 4226 Non,
2726 4163 2850 4217 dico
2897 4163 3077 4226 vobis,
3120 4162 3233 4217 imo
3267 4165 3579 4232 separatio-

1955 4273 2104 4313 nem.
2139 4257 2310 4311 Erunt
2350 4257 2495 4310 enim
2553 4270 2619 4309 ex
2677 4254 2781 4308 hoc
2823 4254 3073 4324 quinque
3131 4254 3182 4307 in
3244 4257 3411 4310 domo
3467 4271 3576 4309 una

1955 4354 2140 4414 divisi,
2180 4362 2290 4405 tres
2322 4351 2588 4405 adversus
2628 4349 2791 4412 duos,
2829 4356 2883 4403 et
2915 4349 3022 4402 duo
3055 4359 3248 4403 contra
3283 4358 3397 4404 tres
3428 4348 3563 4405 divi-

1955 4447 2177 4509 dentur,
2223 4453 2381 4512 pater
2437 4443 2702 4495 adversus
2760 4440 2958 4507 ﬁlittm,
2997 4451 3051 4494 et
3115 4440 3260 4497 ﬁlius
3313 4445 3578 4498 adversus

1955 4551 2165 4610 patrem
2201 4553 2214 4597 :
2265 4546 2441 4590 mater
2484 4536 2754 4591 adversus
2792 4535 2984 4599 ﬁliam,
3020 4545 3076 4588 et
3137 4535 3247 4590 filia
3303 4524 3575 4592 adversus

232 4628 465 4699 νύμφην
518 4626 714 4697 αὐτῆς,
743 4627 837 4680 καὶ
901 4627 1088 4698 νύμφη
1130 4627 1222 4679 ἐπὶ
1270 4626 1370 4697 τὴν
1431 4627 1706 4697 πενθερὰν
1750 4629 1849 4681 αὖ.

1960 4643 2189 4688 matrem
2232 4646 2465 4686 :socrus
2501 4631 2768 4684 adversus
2823 4645 3018 4682 nurum
3081 4644 3265 4693 suam,
3308 4637 3362 4685 et
3404 4645 3576 4684 nurus

230 4722 363 4790 τῆς.
404 4738 424 4772 ›
466 4721 700 4789 Χριστὸς
745 4720 844 4790 μέν
895 4721 1043 4773 ἐστιν
1086 4722 1119 4792 ἡ
1182 4721 1373 4792 εἰρήνη
1435 4723 1615 4791 ἡμῶν,
1685 4721 1843 4792 πλὴν,

233 4816 359 4869 Οὐκ
407 4809 573 4884 ἦλθον
604 4855 618 4878 ,
677 4815 844 4884 φησὶν
878 4855 892 4876 ,
932 4815 1157 4885 εἰρήνην
1211 4815 1417 4868 δοῦναι.
1473 4815 1639 4868 Ὅθεν
1707 4817 1846 4868 αἰνὶ-

235 4925 419 4978 γματι
482 4909 626 4960 ἔοικε
683 4907 1105 4978 τὸλεγόμενον.
1171 4909 1421 4977 Λέγομεν
1475 4909 1589 4976 οῦν,
1651 4910 1727 4973 ὡς
1780 4911 1842 4963 οὐ

229 5003 394 5055 πᾶσα
426 5001 620 5071 εἰρήνη
679 4999 886 5068 άψογος
923 4999 1017 5053 καί
1055 5001 1216 5071 καλὴ,
1247 5001 1364 5053 ἀλλ’
1408 5001 1557 5053 ἔστιν
1605 5002 1843 5068 ὲπισᾳα-

227 5096 333 5167 λῆς
390 5095 676 5159 πολλάκις,
701 5096 798 5148 καὶ
841 5095 1037 5166 πόρρω
1093 5099 1193 5166 τῆς
1242 5095 1392 5159 θείας
1433 5097 1658 5166 ἀγάπης
1714 5096 1841 5167 βάλ-

229 5190 406 5242 λουσα
439 5206 451 5217 ·
477 5183 589 5241 οἷον
613 5189 742 5242 ὃταν
773 5189 1174 5258 είρηνεῦωμεν,
1211 5189 1306 5241 καὶ
1347 5190 1734 5258 συμφωνῶμεν
1755 5189 1847 5241 ἐπὶ

234 5281 540 5334 καταλύσει
570 5284 668 5352 τῆς
695 5281 955 5350 ἀληθείας
974 5299 988 5314 ο
1017 5283 1224 5349 ταύτην
1251 5281 1343 5335 οῦν
1362 5283 1460 5351 τὴν
1488 5284 1712 5354 εἰρήνην
1746 5286 1846 5335 οὐκ

229 5372 372 5444 ἦλθε
413 5373 597 5425 δοῦναι
642 5375 900 5444 Χριστὸς,
948 5375 1261 5427 τουναντίον
1299 5374 1398 5444 μὲν
1449 5375 1543 5428 οὖν
1593 5375 1845 5446 βούλεται

235 5463 392 5531 ἡμεῖς
439 5461 798 5532 διαφέρεσθαι
831 5467 970 5533 πρὸς
1004 5467 1270 5535 ἀλλήλους
1294 5468 1435 5537 ὑπὲρ
1465 5469 1559 5521 τοῦ
1598 5470 1787 5531 καλοῦ,
1820 5470 1847 5520 '6

227 5558 328 5608 καὶ
361 5557 419 5605 ἐν
457 5555 533 5622 τῷ
579 5554 807 5626 διωγμῷ
839 5559 1065 5623 γέγονεν
1091 5577 1105 5591 ·
1139 5563 1196 5611 ὲν
1233 5562 1313 5611 ἑνὶ
1341 5562 1450 5630 γὰρ
1486 5563 1620 5631 οἴκῳ
1653 5564 1836 5632 πατὴρ

225 5649 442 5717 Ἕλλην
496 5648 596 5718 υἱῷ
656 5651 830 5719 πιστῷ
863 5653 1164 5721 διετέρετο,
1210 5657 1300 5706 καὶ
1339 5656 1520 5723 μήτηρ
1581 5657 1836 5726 θυγατρὶ,

223 5744 327 5795 καὶ
366 5745 427 5794 τὸ
486 5742 743 5811 ἔμπαλίν.
799 5747 920 5806 Πίος
965 5749 1019 5796 δὲ
1074 5748 1246 5799 εικὼν
1302 5749 1462 5799 πέντε
1499 5751 1553 5800 ἓν
1589 5751 1664 5802 ἐνὶ
1705 5754 1836 5821 οἴκῳ

307 5927 351 5954 ί¹ἶ
390 5925 514 5977 [λιν.
564 5943 708 5981 κεῖῐν,
755 5930 836 5978 7H.

567 6033 712 6068 ἰζ’-νζ,
778 6047 782 6062 ,
882 6034 963 6070 IIII
1052 6031 1175 6064 t“."~
1243 6033 1280 6066 ',

562 6045 784 6082 ιιι-*Η
885 6046 966 6084 Iuli
1054 6045 1313 6088 ’μιιῐιιιι

1963 4727 2227 4782 adversus
2251 4739 2471 4780 socrum
2513 4739 2691 4777 suam.
2743 4742 2761 4773 ι
2798 4721 3055 4778 Christus
3091 4723 3310 4793 quidem
3353 4732 3436 4780 cst
3465 4738 3573 4794 pax

1962 4827 2174 4881 nostra,
2237 4818 2354 4877 sed,
2402 4815 2520 4870 Non
2550 4816 2700 4878 veni,
2760 4815 2959 4884 inquit,
3010 4815 3285 4870 missurus
3330 4829 3519 4885 pacem
3560 4834 3574 4868 :

1957 4912 2103 4966 unde
2136 4908 2482 4980 :enigmatice
2533 4909 2638 4963 hoc
2696 4907 2905 4962 dictum
2964 4919 3068 4962 est.
3103 4907 3350 4961 Dicimus
3405 4907 3576 4978 igitur

1955 5003 2098 5073 quod
2142 5018 2247 5056 non
2289 5001 2474 5056 omnis
2517 5016 2620 5071 pax
2665 5001 2941 5070 vituperio
2973 5009 3146 5064 caret,
3180 5008 3236 5055 et
3285 5000 3429 5054 bona
3461 5009 3570 5060 est,

1955 5099 2048 5154 sed
2102 5106 2184 5151 est
2225 5111 2368 5166 saape
2412 5111 2514 5166 pax
2560 5094 2889 5166 periculosa,
2925 5104 2980 5148 et
3048 5094 3240 5164 procul
3305 5109 3335 5147 a
3387 5093 3568 5146 divina

1955 5191 2226 5242 charitate
2269 5190 2541 5256 rejiciens,
2575 5198 2764 5257 utpote
2810 5189 3032 5255 quando
3073 5203 3259 5256 pacem
3306 5187 3572 5241 haltetuu<

1953 5291 2004 5334 et
2069 5283 2465 5350 unuspiramus.
2516 5283 2567 5332 in
2625 5282 3058 5334 destructionem
3111 5280 3379 5333 Veritatis.
3422 5279 3570 5333 Hauc

1952 5374 2096 5427 enim
2147 5389 2336 5442 pacem
2375 5390 2479 5428 non
2512 5375 2656 5427 venit
2698 5374 2950 5430 Christus
2988 5385 3044 5426 ut
3096 5375 3273 5437 daret,
3307 5377 3401 5428 sed
3433 5391 3571 5427 cou-

1956 5468 2185 5520 trarium
2241 5466 2352 5519 vult
2397 5488 2407 5520 :
2446 5483 2640 5537 nempe
2686 5476 2738 5519 ut
2774 5467 3141 5522 dissideatnus
3188 5479 3413 5536 propter
3469 5467 3568 5519 bo-

1955 5577 2106 5620 num,
2147 5561 2290 5628 quod
2330 5568 2385 5613 et
2429 5562 2478 5613 in
2535 5561 2916 5630 persecutione
2972 5560 3175 5614 factum
3215 5569 3321 5612 est.
3356 5559 3412 5612 In
3459 5575 3566 5612 una

1951 5655 2097 5707 enim
2132 5658 2292 5708 domo
2347 5662 2501 5722 pater
2550 5655 2770 5723 gentilis
2825 5671 2851 5706 a
2913 5653 3024 5707 ﬁlio
3072 5653 3218 5707 ﬁdeli
3255 5652 3564 5714 diﬁ‘erebat,

1953 5765 2006 5803 et.
2065 5760 2237 5802 maler
2287 5765 2314 5802 rt
2363 5749 2493 5815 ﬁlia,
2527 5760 2581 5801 ct
2644 5760 2857 5802 contra.
2903 5748 3190 5812 Quomodo
3251 5758 3432 5799 autem
3482 5747 3557 5795 di-
