4030 6402
523 389 624 454 907

1419 366 2000 438 THEOPHYLACTI
2036 356 2454 423 BULGARL‘E
2494 352 2853 417 ARCIHEP.

3697 337 3802 404 903

520 500 713 564 cendo,
746 497 997 567 Quinque
1057 494 1132 548 .in
1194 490 1358 546 domo
1412 505 1516 544 una
1581 486 1738 542 divisi
1817 488 2003 546 erunt,
2051 476 2106 529 in

2218 468 2742 541 διαμεμερισμένους
2809 462 3056 526 ἔσεσθαι,
3101 461 3158 513 ὲν
3207 461 3276 530 τῇ
3311 455 3702 530 ἀπαριθμήσει
3749 453 3808 519 ἐξ

516 590 930 648 enumeratione
977 601 1068 641 sex
1124 597 1387 653 per-senas
1444 579 1661 650 posuit?
1697 576 1942 632 Dicimus
1994 571 2097 640 igi-

519 668 803 752 tur'quod
864 691 966 733 una
1009 689 1240 747 persona
1289 673 1372 729 bis
1408 680 1683 742 assumpta
1729 665 2001 724 est.'Filia
2047 669 2103 718 et

520 787 686 829 nurus
741 769 930 827 eadem
974 777 1074 826 est
1118 779 1370 838 persona.
1428 761 1564 817 Filia
1595 762 1740 817 enim
1789 758 2009 822 dicitur,
2057 753 2101 809 si

519 865 584 920 ad
635 873 861 919 matrem
919 860 1190 917 referatur
1227 875 1242 912 :
1273 870 1441 912 nurus
1482 852 1800 920 vero,si~ad
1857 864 2099 906 socrum.

518 961 652 1016 Tres
678 963 842 1034 igitur
874 955 1239 1021 eruntdivisi,
1275 964 1432 1026 pater
1468 963 1521 1008 et
1573 960 1747 1006 mater
1795 957 1850 1004 et
1888 961 2102 1011 socrus,

517 1057 777 1111 adversus
833 1055 990 1117 duos,
1029 1050 1200 1106 ﬁlium
1255 1057 1310 1104 et
1363 1046 1551 1102 ﬁliam.
1585 1043 1724 1100 Filia
1786 1043 1931 1098 enim
1981 1054 2101 1096 cum

518 1163 624 1203 una
665 1161 893 1216 persona
925 1145 1015 1207 sit,
1043 1145 1181 1206 duas
1212 1141 1506 1217 relationes
1542 1137 1794 1205 suscipit,
1816 1144 1870 1191 et
1905 1148 2102 1189 secun-

517 1243 644 1295 dum
699 1240 804 1294 hoc
846 1237 1060 1291 videtur
1095 1233 1287 1304 duplex
1326 1213 1562 1300 persona
1612 1228 1770 1283 matri
1816 1235 1871 1282 et
1926 1239 2084 1280 socru

518 1328 733 1385 collata.
768 1325 1014 1402 Intelligo
1058 1335 1236 1380 autem
1293 1322 1614 1392 simpliciter
1655 1333 1749 1389 per
1793 1326 2005 1389 patrem
2056 1330 2110 1370 et

519 1429 748 1477 matrem
808 1427 867 1476 et
930 1433 1168 1483 socrum,
1219 1425 1402 1472 vetera
1454 1413 1638 1469 omnia
1704 1429 1716 1466 :
1784 1425 1880 1479 per
1932 1408 2102 1464 ﬁllum

522 1523 702 1569 autem
731 1522 787 1565 et
833 1511 1019 1576 ﬁliam,
1047 1509 1229 1565 omnia
1277 1522 1435 1564 nova.
1473 1508 1663 1574 Itaque
1707 1503 1968 1561 Dominus
1996 1501 2110 1555 vult

519 1613 580 1660 ut
604 1619 700 1660 sua
724 1617 865 1658 nova
885 1613 940 1656 et
965 1599 1146 1656 divina
1180 1607 1447 1670 pracepta
1491 1607 1545 1652 et
1567 1596 1820 1666 dogmata
1867 1604 2110 1666 pugnent

505 1711 642 1754 -cum
694 1693 935 1763 antiquis
958 1691 1159 1747 nostris
1184 1689 1468 1747 sceleratis
1493 1689 1736 1742 moribus
1787 1695 1843 1742 et
1884 1687 2111 1754 dogma-

522 1788 623 1843 tis.
687 1784 929 1856 lntellige
1017 1791 1198 1838 autem
1251 1782 1413 1835 etiam
1481 1780 1564 1834 sic
1608 1796 1622 1832 :
1676 1775 1840 1831 Pater
1892 1774 2110 1845 quidem

521 1894 698 1944 mens,
733 1877 880 1932 ﬂlius
927 1889 1053 1930 vero
1100 1874 1260 1928 ratio.
1291 1871 1495 1926 Divisio
1543 1872 1736 1924 horum
1776 1867 1833 1922 fit
1878 1866 1930 1920 in
1977 1880 2110 1920 una-

523 1983 738 2037 quaque
768 1965 952 2032 domo,
983 1949 1220 2020 hominis
1254 1963 1499 2030 inquam,
1536 1972 1591 2016 ut
1646 1959 1987 2013 manifestius
2022 1957 2108 2011 di-

523 2075 668 2124 cam,
706 2057 975 2112 illustrata
1025 2054 1124 2109 fuit
1177 2068 1328 2108 mens
1365 2051 1607 2124 Dionysii
1657 2049 2018 2119 Areopagitae,
2057 2057 2111 2102 et

521 2151 961 2224 praedicationem
1022 2147 1310 2217 suscepit,
1365 2144 1689 2214 repugnavit
1738 2149 1922 2198 autem
1994 2141 2115 2211 ejus

524 2244 860 2314 menti,quat
921 2251 1030 2298 tam
1079 2239 1333 2296 alacriter
1378 2238 1536 2294 fidem
1585 2237 1845 2305 suscepit,
1897 2235 2114 2304 gentilis

523 2337 682 2402 ratio,
714 2342 930 2389 tentans
971 2331 1265 2388 ostendere
1321 2330 1624 2385 dialecticis
1678 2327 1993 2393 teudiculis,
2055 2336 2113 2381 ut

523 2428 646 2483 illas
700 2437 1046 2496 Sequeretur.
1085 2424 1249 2479 Vides
1276 2423 1594 2478 divisionem
1627 2421 1798 2491 patris
1822 2431 1875 2475 et
1902 2419 1994 2473 ﬁlii
2033 2421 2110 2474 in-

523 2532 606 2579 ter
649 2538 706 2578 se
734 2520 1156 2593 repugnantium
1202 2526 1423 2588 propter
1459 2517 1735 2572 Christum
1768 2527 1821 2569 et
1849 2515 2113 2584 pradica-

521 2614 1018 2672 tionem?Matreur
1073 2625 1290 2682 quoque
1338 2619 1393 2666 et
1450 2624 1666 2664 socrum
1693 2606 1911 2661 vocabis
1961 2621 2115 2661 men-

523 2718 656 2776 tem,
679 2709 844 2762 liliutn
867 2720 998 2763 vero
1029 2717 1083 2760 et
1117 2719 1310 2758 nurum
1345 2717 1563 2756 sensum
1599 2718 1612 2753 :
1681 2698 1846 2770 382
1887 2709 1938 2754 et
1973 2702 2116 2754 inter

523 2801 623 2854 has
658 2808 736 2854 est
767 2813 940 2868 pugna
971 2805 1193 2868 propter
1225 2794 1529 2858 Christum,
1566 2793 1882 2860 insurgente
1934 2800 2115 2845 mente

521 2898 712 2944 contra
768 2903 989 2944 sensum
1021 2904 1034 2938 :
1072 2885 1286 2956 quando
1333 2899 1485 2940 mens
1523 2884 1746 2939 suadet"
1778 2883 2112 2952 praeferenda

523 2994 630 3036 non
662 2976 806 3033 ﬂuxa
825 2977 1007 3042 ﬂuxis,
1054 2974 1458 3043 iuvisibiliaque
1485 2973 1818 3038 visibilibus,
1845 2973 2114 3040 habetque

525 3072 591 3125 ad
626 3071 728 3125 hoc
755 3067 1253 3124 demonstrationes
1279 3066 1482 3121 multas
1507 3064 1822 3133 adiutrices.
1855 3064 2115 3120 Commit-

2205 565 2471 636 πρόσωπα
2500 563 2711 614 τέθεικε
2742 577 2754 626 ;
2782 558 3032 628 Λέγομεν
3062 550 3160 608 οὖν
3190 554 3273 606 ὅτι
3313 551 3372 606 ἓν
3403 551 3706 622 πρόσωπον
3724 547 3808 614 δὶς

2206 656 2440 729 ἐλήφθη.
2488 655 2555 708 Ἠ
2584 653 2832 723 θυγάτηρ
2863 650 2971 722 γὰρ
2990 650 3087 703 καὶ
3117 646 3358 718 ήνύμφη
3385 645 3447 698 τὸ
3475 643 3613 697 αὐτὸ
3637 641 3807 714 πρόσ⁸

2205 753 2357 812 ωπόν
2408 752 2579 814 ἐστιν,
2615 748 2692 811 ὡς
2740 745 2877 816 πρὸς
2925 743 3028 815 μὲν
3073 737 3167 796 οὖν
3222 740 3321 812 τὴν
3380 738 3600 810 μητέρα
3641 751 3809 807 προσ-

2206 843 2643 914 λαμϐανόμενον,
2679 839 2930 908 θυγάτηρ
2963 833 3280 904 ὠνομάσθη,
3330 831 3407 894 ὡς
3435 828 3503 897 ,δὲ
3543 828 3682 899 πρὸς
3713 827 3808 898 τὴν

2206 932 2512 1003 πενθεράν,
2567 929 2778 999 νύμφη.
2831 929 2993 997 Τρεῖς
3048 925 3142 980 οὖν
3202 924 3422 987 ἔσονται
3484 921 3813 990 διαμεμεριο

2211 1025 2419 1096 σμένοι,
2453 1023 2483 1076 ὁ
2513 1023 2720 1094 πατὴρ,
2767 1021 2919 1091 καὶὴ
2968 1020 3173 1089 μήτηρ,
3214 1017 3309 1070 καὶ
3341 1017 3373 1086 ἡ
3416 1013 3686 1084 πενθερὰ,
3718 1011 3808 1064 ἐπὶ

2209 1119 2350 1184 δυσὶ,
2383 1115 2632 1170 τουτέστι
2661 1113 2737 1186 τῷ
2775 1110 2886 1183 υἱῷ
2930 1113 3029 1165 καὶ⁵
3064 1113 3136 1180 τῆ-
3164 1105 3417 1177 θυγατρί.
3462 1105 3526 1158 Ἥ
3559 1104 3672 1174 γὰρ
3715 1102 3779 1155 θυ

2211 1210 2411 1288 γάτηρ,
2445 1209 2520 1271 ὡς
2577 1207 2812 1278 ἔφαμεν,
2870 1204 2928 1257 ἓν
2965 1202 3257 1274 πρόσωπον
3304 1194 3463 1261 οὖσα,
3518 1197 3659 1249 καθὸ
3719 1194 3812 1247 δύο

2212 1284 2427 1373 σχέσεις
2445 1299 2789 1370 ἀναδέχεται,
2831 1297 2971 1351 κατά
2997 1292 3157 1348 τοῦτο
3185 1293 3333 1346 δοκεῖ
3357 1284 3501 1342 εἶναι
3525 1288 3623 1342 δύο
3645 1287 3814 1356 πρόσ-

2211 1413 2358 1458 ωπα,
2386 1395 2451 1464 τῇ
2496 1397 2664 1464 μητρὶ
2690 1389 3112 1464 προστεθημένη
3137 1389 3232 1441 καὶ
3276 1388 3343 1458 τῇ
3373 1384 3636 1453 πενθερᾷ.
3683 1382 3815 1436 Νόει

2216 1488 2272 1542 δέ
2330 1504 2421 1557 μοι
2457 1487 2643 1549 ἁπλῶς
2681 1485 2895 1554 πατέρα
2951 1483 3046 1536 καὶ
3107 1481 3322 1552 μητέρα
3375 1480 3471 1533 καὶ
3533 1475 3814 1546 πενθεράν

2222 1583 2401 1635 πάντα
2432 1580 2501 1633 τὰ
2545 1577 2776 1644 παλαιὰ,
2802 1578 2918 1630 υἱὸν
2949 1576 3008 1629 δὲ
3055 1575 3150 1629 καὶ
3197 1572 3498 1644 θυγατέρα,
3523 1559 3720 1622 ’πάντα
3746 1566 3817 1620 τά

2215 1670 2310 1723 νέα
2346 1686 2358 1699 ·
2392 1670 2420 1722 ὁ
2442 1668 2622 1723 τοίνυν
2652 1667 2857 1737 Κύριος
2906 1668 3040 1721 πᾶσι
3088 1667 3200 1728 τοῖς
3230 1665 3465 1726 παλαοῖς
3497 1661 3666 1733 ἡμῶν
3720 1661 3818 1714 καὶ

2220 1763 2566 1833 ἁμαρτωλοῖς
2596 1761 2744 1814 ἔθεσι
2768 1761 2863 1814 καὶ
2885 1758 3123 1829 δόγμασι
3168 1755 3444 1826 μάχεσθαι
3474 1755 3542 1806 τὰ
3564 1755 3664 1806 νέα
3719 1751 3819 1804 καὶ

2217 1858 2338 1910 θεῖα
2381 1853 2549 1909 αὐτοῦ
2599 1853 2913 1923 ἐντάλματα
2952 1853 3044 1904 καὶ
3099 1849 3358 1918 δόγματα·
3378 1846 3655 1916 βούλεται.
3684 1843 3821 1897 Νόει

2215 1949 2271 2001 δὲ
2304 1952 2395 2001 καὶ
2442 1947 2649 2010 οὕτως’
2689 1945 2882 2015 Πατὴρ
2931 1945 3031 2014 μὲν
3059 1945 3088 1997 ὁ
3135 1944 3279 2007 νοῦς,
3313 1942 3426 2004 υἱὸς
3461 1940 3518 1993 δὲ
3560 1940 3588 1991 ὀ
3629 1938 3815 2006 λόγος,

2220 2042 2484 2113 μερισμὸς
2518 2039 2613 2095 οὖν
2648 2041 2854 2094 τούτων
2876 2041 3098 2107 ἐγένετο
3125 2038 3181 2092 ὲν
3205 2037 3284 2108 τῷ
3304 2037 3383 2088 ἑνὶ
3419 2033 3578 2104 οἴκῳ,
3610 2033 3689 2102 τῷ
3724 2034 3820 2085 ἀν·-

2217 2133 2424 2204 Ορώπῳ
2458 2133 2621 2202 φημὶ,
2653 2126 2765 2184 οἷον
2790 2131 2877 2184 ἵνα
2924 2129 3260 2198 σαφέστερον
3295 2127 3457 2187 εἴπω,
3499 2123 3821 2195 ἐνελάμφθη

2216 2226 2243 2277 ὁ
2274 2223 2399 2286 νοῦς
2423 2225 2516 2277 τοῦ
2550 2222 2944 2292 ’Δρεοπαγίτου
2974 2219 3278 2282 Διονυσίου,
3307 2217 3404 2270 καλ⁸
3435 2215 3497 2267 τὸ
3545 2215 3822 2284 κήρυγμα

2218 2318 2439 2384 ἐδέξατο
2472 2335 2484 2349 ’
2513 2316 2808 2370 ἀνθίστατο
2861 2314 2920 2367 δὲ
2952 2313 3148 2367 τούτου
3175 2311 3254 2381 τῷ
3288 2307 3367 2362 νοῒ
3396 2306 3475 2376 τῷ
3515 2305 3819 2359 ἀναποδεί-

2218 2428 2361 2474 κτως
2407 2407 2691 2479 δεξαμένῳ
2721 2407 2818 2476 τὴν
2868 2407 3052 2459 πίστιν
3109 2406 3136 2458 ὁ
3191 2405 3347 2471 λόγος
3383 2403 3411 2452 ὁ
3467 2398 3815 2467 Ἑλληνικὰ,

2215 2500 2594 2554 ἀποδεικνύειν
2638 2497 3007 2568 πειρώμενος,
3045 2497 3139 2551 καὶ
3181 2494 3558 2555 διαλεκτικαῖς
3604 2492 3825 2561 ἐφόδοις

2214 2591 2533 2647 ἀκολουθεῖν
2558 2588 2908 2658 ἀναγκάζων.
2961 2589 3125 2658 Ὁρᾷς
3153 2585 3421 2655 μερισμὸν
3467 2584 3676 2652 πατρὸς
3726 2584 3826 2634 καὶ

2215 2685 2332 2740 υἱοῦ
2365 2686 2692 2756 μαχομένων
2722 2682 2973 2753 ἀλλήλοις
3023 2681 3114 2733 διά
3147 2679 3384 2748 Χριστὸν
3412 2678 3507 2731 καὶ
3547 2679 3606 2729 τὸ
3641 2676 3825 2747 κήρυο

2216 2794 2373 2845 γμας
2406 2777 2517 2830 Καὶ
2545 2776 2759 2846 μητέρα
2786 2774 2842 2826 δὲ
2871 2774 2964 2826 καὶ
2995 2771 3267 2840 πενθερὰν
3318 2769 3582 2830 καλέσαις
3620 2767 3687 2820 ἀν
3721 2766 3825 2836 τὴν

2216 2865 2480 2932 διάνοιαν,
2511 2864 2791 2934 θυγατέρα
2840 2863 2898 2917 δὲ
2948 2862 3044 2915 καὶ
3093 2861 3316 2930 νύμφην
3370 2859 3472 2930 τὴν
3531 2857 3824 2928 αἴσθησιν.

2217 2958 2330 3011 Καὶ
2376 2957 2604 3020 ταύταις
2667 2951 2762 3010 οὖν
2815 2956 2964 3026 μάχη
3034 2954 3250 3007 ἵσταται
3307 2951 3396 3005 διὰ
3445 2950 3710 3023 Χριστὸν,
3752 2951 3825 3020 τῇ

2221 3048 2319 3120 μὲν
2375 3049 2590 3121 διανοίᾳ
2640 3047 2783 3100 κατά
2839 3047 2940 3117 τῆς
2995 3045 3286 3116 αἰθήσεως,
3328 3046 3458 3098 ὅταν
3518 3044 3551 3114 ὴ
3611 3041 3830 3095 διάνοια

526 3164 658 3217 titur
687 3173 865 3217 autem
895 3168 951 3217 et
982 3159 1178 3214 bellum
1216 3173 1410 3213 sensus
1442 3165 1632 3212 contra
1667 3165 1926 3210 mentem.
1966 3155 2110 3208 Sen-

2221 3143 2382 3215 πείθῃ
2447 3143 2724 3214 προτιμᾷν
2779 3141 2847 3195 τὰ
2893 3141 2970 3212 μὴ
3031 3138 3234 3211 ῥευστὰ
3288 3135 3398 3189 τῶν
3458 3135 3831 3207 ρευστῶν,τά.

525 3269 619 3308 sus
645 3252 788 3308 enim
825 3267 923 3322 per
955 3250 1217 3306 miracula
1247 3258 1301 3304 et
1333 3249 1488 3318 signa
1545 3263 1664 3316 quae
1699 3246 1952 3301 videntur
1986 3262 2112 3317 pcr-

525 3345 719 3398 ductus
753 3343 821 3398 ad
853 3342 1044 3407 ﬁdem,
1081 3356 1187 3395 non
1230 3339 1403 3394 credit
1438 3339 1635 3394 mentis
1664 3338 2119 3409 cogitationibus:

528 3451 701 3504 neque
732 3435 876 3490 enim
925 3434 1203 3504 gentilium
1233 3431 1728 3487 demonstrationes
1778 3432 1891 3484 vult
1941 3433 2118 3500 sequi,

529 3545 648 3596 quae
673 3527 1003 3597 compellunt
1031 3526 1138 3580 illis
1183 3528 1529 3580 attendentes
1558 3540 1663 3579 non
1720 3525 1942 3579 credere
1976 3527 2120 3594 quod

529 3621 670 3675 Deus
702 3619 873 3675 lactus
927 3620 1000 3674 sit
1047 3620 1229 3679 homo,
1274 3619 1355 3674 vel
1417 3618 1560 3688 quod
1622 3619 1772 3688 virgo
1826 3618 2118 3686 pepererit.

527 3713 844 3783 llujusmodi
876 3722 1000 3767 sunt
1028 3711 1312 3781 gentilium
1347 3712 1720 3775 deliramenta,
1763 3720 1972 3764 uatum
2007 3725 2122 3764 ser-

529 3805 751 3859 vientia.
783 3804 853 3857 At
890 3817 1085 3858 sensus
1112 3817 1206 3872 per
1237 3801 1497 3855 miracula
1523 3817 1644 3870 qua:
1679 3801 1951 3865 videntur,
1990 3815 2121 3868 prte-

525 3898 758 3951 stautior
788 3896 934 3950 omni
966 3881 1441 3949 demonstratione
1472 3903 1579 3956 est,
1617 3895 1684 3945 ad
1721 3891 1810 3947 Dei
1849 3894 2118 3962 cognitio-

527 4004 648 4042 nem
669 3989 1062 4042 mauuducens.
1091 3986 1203 4042 Non
1228 3987 1403 4042 omnis
1428 3987 1591 4054 igitur
1621 4002 1724 4056 pax
1750 3995 1803 4040 et
1828 3987 2117 4040 concordia

527 4082 666 4134 bona
727 4087 831 4146 est,
862 4079 955 4133 sed
1001 4088 1086 4133 est
1125 4080 1342 4148 quando
1391 4089 1446 4131 et
1496 4092 1676 4148 pugna
1724 4086 1774 4131 et
1832 4078 2113 4132 dissidium

525 4173 707 4226 divina
767 4172 1012 4240 quaedam
1076 4183 1161 4223 res
1226 4166 1686 4223 videturui‘t'ullus
1734 4166 1896 4236 igitur
1970 4177 2114 4220 amet

529 4264 719 4328 malos,
742 4273 797 4318 et
830 4264 1077 4332 quamvis
1109 4275 1262 4333 pater
1289 4272 1343 4317 et
1398 4274 1573 4315 mater
1611 4261 1971 4315 adversentur
2007 4262 2111 4332 legi

525 4353 753 4418 Christi,
788 4357 1194 4425 repugnandum
1249 4363 1330 4407 est
1382 4352 1460 4406 eis
1496 4350 1727 4421 perinde
1758 4366 1820 4405 ac
1868 4351 2112 4407 hostibus

529 4455 798 4500 verllults.

2225 3238 2435 3306 ἀόρατα
2477 3235 2585 3288 τῶν
2634 3234 2874 3305 ὁρατῶν,
2904 3233 3001 3285 καὶ
3053 3230 3155 3303 ἔχῃ
3197 3229 3333 3300 πρὸς
3393 3227 3558 3280 τοῦτο
3614 3227 3829 3290 πολλὸς

2223 3330 2528 3395 ἀποδείξεις
2572 3325 2891 3397 συνεργούς.
2927 3325 3086 3380 Ἔστι
3115 3324 3171 3377 δὲ
3196 3324 3284 3376 ὅτε
3330 3323 3424 3376 καὶ
3459 3323 3528 3392 τῇ
3567 3319 3831 3391 αἰσθήσ;ι

2226 3421 2367 3476 κατὰ
2416 3423 2514 3490 τῆς
2575 3419 2814 3482 διανοίας
2865 3416 3102 3486 πόλεμος
3164 3415 3586 3485 συγκροτεῖταιο
3622 3415 3657 3484 ἡ
3713 3415 3830 3483 γὰρ

2225 3516 2479 3586 αἴσθησις
2531 3513 2621 3566 διὰ
2688 3512 2798 3565 τῶν
2850 3510 3150 3580 θαυμάτων
3207 3509 3301 3560 καὶ
3357 3506 3466 3559 τῶν
3523 3507 3830 3576 ὁρωμένιιν

2226 3609 2470 3678 σημείων
2523 3605 3016 3676 χειραγωγουμένη
3068 3603 3203 3672 πρὸς
3237 3601 3446 3667 πίστιν,
3471 3600 3533 3652 οὺ
3571 3597 3827 3651 πείθεται

2222 3702 2336 3762 τοῖς
2371 3699 2469 3768 τῆς
2519 3698 2760 3759 διανοίας
2806 3695 3112 3764 λογισμοῖς,
3151 3694 3271 3746 οὐδὲ
3308 3696 3429 3756 ταῖς
3475 3692 3826 3768 Ἑλληνικαῖς

2222 3794 2558 3860 ἀποδείξεσιν
2579 3791 2810 3844 ἕπεσθαι
2830 3789 3100 3860 βούλεται,
3124 3787 3673 3855 συνανσαγκαζούσαις
3699 3791 3830 3851 τοῖς

2223 3887 2594 3958 προσέχοντας
2623 3887 2818 3947 αὐταῖς
2849 3882 2924 3953 μὴ
2954 3881 3260 3945 πιστεύειν,
3288 3882 3369 3933 ὅτι
3400 3880 3538 3943 Θεὸς
3591 3879 3828 3949 γέγονεν

2219 3979 2593 4049 ἀνθρωπος,ἢ
2648 3978 2730 4030 ὅτι
2765 3976 3036 4046 παρθένος
3081 3973 3258 4027 ἔτεκε.
3295 3970 3539 4025 Τοιαῦτα
3591 3971 3704 4045 γάρ
3757 3970 3817 4026 τί

2218 4074 2330 4125 τῶν
2363 4072 2524 4141 φύσει
2572 4067 2940 4123 δουλεύοντων
2999 4066 3336 4137 Ἑλληνικῶν
3399 4065 3686 4135 λογισμῶν
3722 4067 3826 4137 λη·-

2219 4169 2461 4237 ρήματα.
2511 4165 2574 4217 Ὴ
2623 4163 2808 4232 μέντοι
2870 4160 3129 4230 αἴσθησις
3189 4161 3277 4214 διά
3351 4160 3462 4213 τῶν
3521 4161 3827 4231 ὁρωμένων

2217 4261 2513 4331 θαυμάτων
2575 4257 2840 4328 κρείττων
2891 4257 3075 4324 πάσης
3121 4256 3455 4321 ἀποδείξεώς
3494 4257 3615 4308 ἐστι
3681 4259 3826 4327 πρὸς

2217 4353 2549 4422 θεογνωσίαν
2596 4348 2937 4420 χειραγωγός
2966 4366 2978 4377 ·
3018 4348 3078 4399 ού
3127 4349 3278 4400 πᾶσα
3331 4344 3424 4401 οὖν
3481 4351 3680 4421 εἰρήνη
3727 4354 3826 4404 καὶ

2219 4444 2512 4518 συμφωνία
2553 4442 2744 4506 καλὸν,
2796 4439 2910 4492 ἀλλ’
2953 4437 3101 4491 ἔστιν
3137 4439 3224 4491 ὅτε
3265 4440 3359 4491 καὶ
3397 4441 3548 4510 μάχη
3581 4443 3676 4493 καὶ
3705 4442 3828 4494 διά-

526 4559 715 4606 στασις
736 4541 877 4595 θεῖόν
903 4559 955 4594 τι
998 4541 1187 4612 χρῆμα
1229 4540 1395 4594 δοκεῖ’
1426 4540 1617 4610 μηδεὶς
1668 4542 1846 4596 τοίνυν
1887 4546 2183 4614 φιλιαζέτω
2220 4553 2332 4612 τοῖς
2365 4543 2645 4615 πονηροῖς,
2673 4538 2806 4591 ἀλλά
2835 4536 2938 4591 κᾶν
2971 4536 3175 4608 πατὴρ,
3221 4537 3322 4590 κᾶν
3359 4538 3547 4608 μήτηρ
3586 4538 3826 4592 ἐναντίοι

525 4639 885 4709 εὑρίσκωνται
926 4635 1003 4708 τῷ
1055 4637 1294 4708 Χριστοῦ
1350 4639 1524 4708 νόμῳ,
1552 4638 1892 4710 πολεμητέον
1924 4629 2111 4713 αὐτοῖς
2159 4651 2234 4712 ὼς
2287 4646 2385 4713 τῆς
2417 4639 2674 4709 ἀληθείας
2706 4637 2940 4707 ἐχθροῖς.

604 4731 762 4783 Vens.
797 4728 986 4784 54-59.
1036 4747 1054 4779 ι
1092 4730 1313 4784 Dicebat
1359 4740 1538 4782 autem
1573 4731 1638 4783 ad
1687 4737 1875 4799 turbas
1927 4755 1940 4789 :
1976 4737 2109 4792 Cum
2148 4749 2190 4804 Ι)

523 4823 771 4876 videritis
801 4822 998 4875 nubem
1023 4822 1289 4875 orientem
1319 4823 1386 4875 ab
1429 4837 1652 4886 occasu,
1681 4828 1861 4878 statim
1899 4829 2106 4896 dicitis,

525 4916 699 4969 imber
739 4914 905 4979 venit,
935 4923 990 4968 et
1037 4915 1109 4968 ita
1160 4913 1216 4967 lit
1255 4933 1268 4969 :
1307 4924 1360 4968 el
1396 4929 1518 4967 cum
1575 4925 1819 4970 austrum
1869 4917 2109 4992 ﬂantem,

524 5007 707 5061 dicitis
750 5008 894 5074 quod
948 5015 1115 5061 aestus
1164 5007 1291 5070 erit,
1329 5014 1383 5060 et
1440 5005 1880 5078 1ίι.11γι)υοι·ἱιερ,
1920 5014 2110 5070 laeiem

524 5101 647 5154 coeli
688 5110 740 5152 et
781 5110 938 5154 terra:
992 5098 1166 5153 nostis
1213 5101 1464 5168 probare,
1496 5100 1596 5153 hoc
1660 5112 1841 5154 autem
1904 5113 2114 5176 tempus

527 5194 616 5259 qui
661 5192 718 5242 ﬁt
773 5200 830 5243 ut
867 5206 972 5244 non
1029 5189 1433 5259 probetis‘lCur
1479 5203 1658 5246 autem
1699 5208 1766 5246 ex
1821 5197 2113 5266 vobisipsis

527 5297 631 5336 non
660 5281 912 5347 iudicatis
936 5283 1292 5349 quodjustutn
1320 5283 1440 5336 est?
1472 5281 1607 5337 Cum
1643 5286 1785 5338 enim
1808 5288 1959 5342 vadis
1985 5305 2107 5342 cum

526 5372 838 5425 adversario
875 5383 964 5425 tuo
999 5373 1063 5424 ad
1113 5374 1516 5442 magistratum,
1547 5374 1599 5426 in
1635 5377 1720 5428 via
1753 5375 1818 5430 da
1859 5393 2104 5447 cperam,

523 5476 582 5518 ut
629 5464 878 5518 lihtrcris
915 5467 978 5519 ab
1035 5465 1236 5530 illu,ne
1293 5469 1428 5520 forte
1463 5470 1743 5537 pertrahat
1777 5483 1825 5523 te
1874 5473 1937 5525 ad
1968 5473 2105 5542 judi-

522 5566 665 5615 cent,
702 5563 754 5605 et
779 5552 943 5621 judex
999 5556 1176 5608 tradat
1211 5565 1259 5609 te
1287 5559 1549 5622 exactori,
1587 5569 1641 5611 et
1680 5571 1902 5614 exactor
1934 5563 2105 5632 conji-

525 5646 631 5698 ciat
678 5653 728 5698 te
794 5648 844 5698 in
898 5662 1195 5702 carcerem.
1235 5648 1366 5702 Dico
1417 5651 1532 5716 tibi,
1569 5666 1672 5704 non
1723 5655 1894 5707 exiliis
1959 5655 2104 5721 inde,

524 5737 694 5790 donec
750 5738 996 5791 ultimum
1067 5740 1228 5792 etiam
1287 5742 1550 5795 minutum
1623 5746 1833 5798 reddas.
1878 5765 1894 5796 ι
1949 5746 2107 5800 Pus:-

525 5844 684 5895 quam
740 5829 805 5883 de
890 5830 1271 5899 praedicatione
1333 5835 1632 5901 disseruit,
1692 5837 1980 5909 ignemque
2052 5854 2104 5897 et

2302 4755 2319 4790 ι
2352 4734 2546 4802 Ἔλεγε
2586 4731 2642 4784 δὲ
2691 4730 2922 4792 καὶτοῖς
2965 4727 3166 4797 ὄχλοις,
3206 4728 3376 4780 Ὅταν
3409 4730 3558 4800 ίδητε
3586 4733 3826 4802 νεφέλην

2216 4826 2620 4882 ἀνατέλλουσαν
2652 4823 2759 4875 ἀπὸ
2786 4820 3030 4888 δυσμῶν,
3065 4820 3268 4885 εὐθέως
3304 4822 3518 4890 λέγετε,
3555 4824 3640 4876 δτι
3676 4828 3822 4894 Ὀμ-

2219 4922 2347 4994 6ρος
2389 4919 2632 4990 ἔρχεται,
2678 4915 2773 4968 καὶ
2831 4915 3042 4983 γίνεται
3101 4915 3309 4980 οὕτως’
3341 4919 3437 4971 καὶ
3487 4918 3618 4970 ὅταν
3667 4921 3825 4974 νότον

2220 5013 2471 5071 πνέοντα,
2540 5010 2725 5078 λέγετε
2793 5008 2876 5060 ὅτι
2907 5007 3150 5062 Καύσων
3203 5001 3381 5077 ἔσται,
3437 5010 3531 5062 καὶ
3581 5012 3822 5077 γίνεται.

2230 5103 2576 5173 Ὑποκριται,
2616 5102 2675 5155 τὸ
2707 5102 3003 5173 πρόσωπον
3031 5101 3133 5172 τῆς
3178 5102 3280 5172 γῆς
3330 5103 3426 5155 καὶ
3454 5103 3549 5155 τοῦ
3582 5105 3822 5174 ούρανοῦ

2218 5198 2393 5252 οἴδατε
2454 5196 2794 5262 δοκιμάζειν,
2832 5198 2922 5248 τὸν
2973 5196 3031 5248 δὲ
3087 5198 3282 5265 καιρὸν
3338 5197 3529 5249 τοῦτον
3583 5198 3701 5262 πῶς
3759 5200 3822 5251 οὐ

2218 5290 2542 5360 δοκιμάζετε
2575 5289 2678 5352 ;Ἰ“ί
2725 5287 2781 5340 δὲ
2817 5289 2911 5340 καὶ
2957 5288 3050 5356 ἀφ’
3106 5290 3315 5341 ἑαυτῶν
3383 5289 3444 5341 οὐ
3486 5291 3700 5359 κρίνετε
3761 5294 3820 5344 τὸ

2216 5385 2460 5449 δίκαιον;
2514 5384 2605 5446 Ὠς
2639 5382 2748 5454 γάρ
2784 5382 3019 5450 ὑπάγεις
3075 5384 3215 5453 μετά
3273 5382 3366 5436 τοῦ
3404 5387 3685 5440 ἀντιδίκου
3721 5403 3817 5438 σου

2213 5476 2297 5528 ἐπ’
2345 5475 2602 5545 ἄρχοντα,
2637 5479 2694 5529 ἐν
2737 5477 2803 5544 τῇ
2865 5476 2971 5547 ὁδῷ
3022 5477 3110 5537 δὸς
3148 5479 3414 5546 ἐργασίαν
3462 5479 3817 5548 ἀπηλλάχθη

2217 5570 2310 5620 ἀπ’
2343 5568 2531 5632 αὑτοῦ,
2697 5586 2826 5621 ποτε
2853 5571 3143 5639 κατασύρῃ
3177 5587 3235 5621 σε
3273 5569 3411 5642 πρὸς
3464 5574 3556 5624 τὸν
3594 5577 3812 5642 κριτὴν,

2214 5661 2308 5710 καὶ
2352 5661 2379 5710 ὁ
2427 5660 2621 5731 κριτὴς
2700 5676 2758 5710 σε
2825 5659 3056 5727 παραδῴ
3110 5661 3187 5729 τῷ
3247 5661 3524 5730 πράκτορι
3562 5700 3576 5724 ,
3630 5664 3723 5712 καὶ
3785 5663 3812 5712 ὁ

2217 5751 2483 5821 πράκτωρ
2532 5770 2588 5803 σε
2641 5751 2777 5821 βάλῃ
2825 5754 2904 5814 εἰς
2936 5754 3184 5821 φυλακήν
3217 5769 3230 5781 '
3263 5753 3407 5819 λέγω
3463 5770 3564 5807 σοι.
3603 5755 3662 5805 ού
3733 5756 3809 5822 μὴ

2249 5846 2317 5863 μνη

2253 5861 2298 5877 nat‘

2216 5845 2436 5911 $55303;
2481 5846 2729 5910 ἐκεῖθεν,
2793 5846 2896 5908 ἕως
2951 5840 3010 5898 οὗ
3063 5847 3153 5898 καὶ
3208 5845 3266 5898 τὸ
3329 5848 3559 5916 ἔσχατον
3612 5848 3805 5899 ζιελ-ξω
