4030 6462
178 477 282 539 {09

857 465 1307 528 ΕΝΛΒΗΑἸῚΟ
1355 466 1431 525 ΙΝ
1472 464 1776 528 EVANGE

1894 464 1979 526 1M
2016 464 2228 526 LUCJE
2273 459 2522 524 —T2AP.
2548 462 2720 522 Xlll.

3377 459 3484 525 910

177 590 414 662 ἀποδῷς.
481 611 498 640 ι
582 585 800 655 Ἐπειδὴ
864 587 996 654 περὶ
1055 579 1148 637 τοῦ
1200 582 1560 653 κηρύγματος
1609 581 1776 635 διελέ-

1894 579 2122 652 gladium
2154 575 2458 634 nominavit
2500 594 2513 630 :
2549 577 2675 644 quia
2714 571 3014 628 verisimile
3048 577 3167 626 erat
3197 570 3483 625 audientes

179 686 304 758 χθη,
333 682 566 751 καὶπῦρ
618 678 751 732 αὐτὸ
792 678 883 730 καὶ
935 677 1214 747 μάχαιραν
1246 675 1532 745 ὠνόμασεν
1573 691 1587 707 ο
1623 674 1769 737 εῐκδς

178 781 232 833 δὲ
275 773 342 847 ἦν
388 776 514 836 τοὺς
559 771 862 834 ἀκούοντας
905 768 1302 838 ταράσσεσθαι,
1343 769 1419 838 μὴ
1490 768 1771 830 συνιέντας

176 872 228 926 τί
268 873 386 924 ἐστι
442 866 501 920 τὸ
554 866 867 936 λεγόμενον,
905 863 1071 933 φησίν
1097 878 1111 893 ι
1145 864 1229 916 ὅτι
1275 862 1492 932 ’Ὠσπερ
1526 861 1626 924 τὰς
1676 860 1772 913 τοῦ

177 963 340 1032 ἀέρος
378 959 676 1029 ποιότητας
723 957 834 1012 ἀπό
886 972 1051 1008 τινων
1082 954 1326 1022 σημείων
1352 951 1770 1019 διαγινώσκετε,

176 1049 352 1112 οὕτως
409 1048 516 1101 εδει
555 1048 649 1101 καὶ
692 1047 788 1118 τὴν
820 1045 960 1116 ὲμὴν
1012 1043 1323 1110 παρουσίαν
1379 1039 1775 1109 ἐπιγινώσκειν

175 1143 285 1196 ἀπό
317 1157 377 1194 τε
401 1139 509 1192 τῶν
540 1137 872 1208 λεγὺμένων,
898 1136 1006 1189 ἀπό
1028 1152 1088 1189 τε
1115 1134 1224 1188 τῶν
1255 1133 1654 1204 πραττομένων
1680 1133 1772 1185 ὑπ’

175 1234 334 1306 ἐμοῦ.
374 1235 482 1288 Καὶ
498 1234 609 1302 γὰρ
637 1233 687 1284 οἱ
717 1230 865 1299 λόγοι
899 1246 1001 1299 μου
1037 1227 1344 1282 δεικνύουσι
1401 1244 1468 1296 με
1498 1225 1776 1280 ἐναντιούο

176 1346 338 1400 μενον
385 1329 538 1400 ὑμῖν,
570 1328 663 1380 καὶ
693 1327 760 1380 τὰ
786 1324 922 1396 ἔργα
956 1324 1014 1377 δὲ
1042 1323 1264 1393 ὁμοίως.
1311 1321 1501 1387 Ὑμεῖς
1532 1322 1631 1391 μὲν
1664 1319 1776 1390 γὰρ

174 1420 406 1476 τελῶναι
438 1420 535 1474 καὶ
577 1419 850 1490 ἅρπαγες,
890 1414 1001 1483 ἐγὼ
1043 1415 1099 1467 δὲ
1132 1415 1232 1467 οὐκ
1270 1412 1377 1483 ἔχω
1409 1413 1512 1465 ποῦ
1541 1412 1642 1483 τὴν
1681 1430 1776 1466 κε-

176 1514 357 1583 φαλὴν
380 1511 581 1566 κλίναι.
606 1509 756 1564 Ἔδει
774 1509 867 1561 οὖν
895 1507 1062 1576 ὑμᾶς,
1088 1505 1239 1559 ὥσπε
1247 1522 1279 1576 ρ
1297 1506 1405 1558 ἀπὸ
1426 1505 1528 1576 τῆς
1546 1503 1776 1574 νεφέλης

175 1603 583 1675 τεκμαίρεσθαι
625 1601 715 1654 τὸν
767 1599 995 1670 δμϐρον,
1049 1597 1145 1651 καὶ
1191 1599 1297 1651 ἀπὸ
1343 1597 1439 1650 τοῦ
1473 1598 1628 1650 νότου
1686 1599 1779 1652 τὸν

176 1698 459 1763 καύσωνα,
486 1694 628 1749 οὕτω
655 1711 748 1747 και
777 1693 869 1746 τὸν
892 1692 1085 1762 καιρὸν
1107 1694 1206 1762 τῆς
1239 1693 1378 1762 ἐμῆς
1405 1691 1609 1762 δηλαδὴ
1633 1708 1778 1760 παρ-

175 1791 369 1853 ουσίας
412 1786 880 1856 δοκιμάζειν,,καὶ
922 1784 1380 1856 τεκμηριοῦσθαι,
1418 1787 1500 1838 ὅτι
1550 1787 1652 1837 οὐκ
1701 1787 1779 1837 εί-

177 1884 355 1955 ρήνην
387 1876 552 1953 ἦλθον
583 1880 794 1944 δοῦναι,
828 1877 944 1935 ἀλλ’
985 1877 1191 1948 ὄμϐρον
1234 1878 1329 1930 καὶ
1358 1878 1628 1948 ταραχήν.
1661 1876 1769 1928 Νε-

1881 674 2106 737 turbari,
2138 686 2243 725 non
2276 669 2638 739 intelligentes
2662 665 2714 719 id
2737 665 2885 735 quod
2919 663 3226 727 dicebatur,
3261 662 3441 731 inquit
3468 682 3480 714 :

1875 764 2346 834 Quemadmodum
2375 760 2519 816 aeris
2559 755 2854 828 qualitates
2886 771 2915 810 a
2953 755 3279 826 quibusdam
3314 753 3486 825 signis

1876 857 2238 929 cognoscitis,
2280 855 2361 909 sic
2408 852 2694 924 oportebat
2731 860 2789 905 ct
2833 863 3014 904 meum
3057 847 3350 902 adventum
3393 859 3488 900 co-

1883 962 2150 1022 gnoscere
2165 962 2230 1002 ex
2264 946 2349 1002 his
2377 959 2499 1015 quas
2545 943 2830 1004 dicuntur,
2865 949 2919 995 et
2947 954 3015 994 ex
3070 938 3154 992 his
3185 951 3308 1006 quae
3334 952 3364 989 a
3398 950 3486 989 me

1881 1046 2034 1099 (lunt.
2083 1041 2300 1098 Etenim
2337 1053 2620 1095 sermones
2669 1037 2774 1091 mei
2808 1035 3191 1090 demonStrant
3223 1045 3310 1084 me
3350 1045 3488 1085 con-

1881 1134 2108 1190 trarium
2135 1127 2312 1197 vobis,
2341 1127 2601 1186 similiter
2632 1135 2689 1182 et
2732 1139 2920 1194 opt-ra.
2949 1121 3087 1177 Nam
3121 1136 3218 1177 vos
3264 1120 3486 1191 quidem

1880 1229 2155 1300 publicani
2211 1238 2266 1281 et
2319 1234 2588 1295 raptores,
2620 1237 2719 1291 ego
2779 1228 2961 1274 autem
3014 1232 3124 1272 non
3176 1217 3351 1271 habeo
3397 1216 3487 1268 ubi

1881 1332 2047 1396 caput
2088 1321 2370 1379 reclinem.
2399 1319 2708 1391 Oportebat
2740 1318 2906 1388 igitur
2927 1329 3045 1376 vos,
3074 1312 3240 1366 veluti
3270 1326 3298 1363 a
3335 1310 3486 1364 nubi-

1885 1423 1988 1476 bus
2020 1420 2273 1482 imbrem,
2323 1428 2378 1472 et
2424 1417 2492 1470 ab
2545 1424 2732 1470 austro
2785 1418 2980 1466 mstuut
3027 1406 3374 1476 conjectatis,
3411 1404 3491 1457 sie

1881 1513 2046 1570 etiam
2083 1521 2297 1579 tempus
2329 1510 2488 1580 hujus
2508 1505 2613 1562 mei
2653 1505 2920 1559 adventus
2948 1501 3208 1572 probare,
3245 1507 3302 1553 et
3350 1511 3490 1550 con-

1879 1609 2087 1678 jeetare
2121 1605 2266 1677 quod
2310 1618 2418 1657 non
2473 1601 2716 1655 venerim
2762 1600 2976 1652 mittere
3010 1611 3224 1668 pacem,
3256 1593 3350 1649 sed
3386 1593 3489 1648 itn~

1887 1703 2037 1758 brem
2065 1709 2121 1756 et
2164 1697 2553 1754 turbationem.
2585 1693 2765 1748 Nubes
2811 1692 2956 1745 enim
2993 1701 3047 1743 et
3094 1690 3219 1758 ipse
3249 1700 3395 1751 sum,
3438 1697 3494 1738 ct

1887 1796 1954 1849 ab
1986 1792 2271 1850 occidente
2299 1791 2553 1844 humana:
2582 1795 2792 1840 natura:
2835 1784 2996 1838 venio
3026 1795 3149 1850 quae
3199 1778 3354 1849 prius
3391 1775 3493 1830 fuit

1889 1887 2131 1952 humilis,
2182 1893 2238 1940 et
2281 1896 2533 1953 magnam
2588 1894 2656 1933 ex
2689 1886 2915 1947 peccato
2953 1873 3243 1943 caliginem
3281 1872 3493 1925 habuit.

176 1976 316 2048 φέλη
347 1976 458 2046 γάρ
484 1977 601 2044 εξμι
632 1974 726 2028 καὶ
749 1973 931 2036 αὐτὸς,
962 1973 1057 2025 καὶ
1093 1971 1203 2025 ἀπὸ
1239 1969 1462 2040 δυσμῶν
1517 1971 1773 2040 ἔρχομαι,

1894 1981 1997 2037 Sed
2037 1984 2202 2036 etiam
2245 1978 2366 2033 veni
2432 1977 2614 2045 ignem
2650 1972 2891 2035 mittere,
2931 1979 2985 2023 et
3041 1978 3237 2022 aestum
3285 1962 3491 2018 facere.

175 2071 275 2138 τῆς
306 2068 659 2136 ἀνθρωπίνης
691 2067 907 2136 φύσεως
932 2065 1097 2134 λέγω,
1134 2065 1232 2133 τῆς
1271 2063 1464 2135 πρώην
1494 2063 1781 2133 χθαμαλῆς

173 2181 234 2215 τε
289 2164 386 2215 καὶ
417 2163 583 2215 πολὺν
621 2161 712 2213 τὸν
746 2163 809 2213 ὲκ
849 2160 946 2231 τῆς
1004 2159 1280 2230 ἁμαρτίας
1326 2159 1492 2228 ζόφον
1527 2158 1779 2227 ἐχούσης.

175 2257 340 2311 Ἀλλὰ
371 2256 466 2310 καὶ
511 2255 622 2325 πῦρ
665 2251 827 2325 ἦλθον
860 2253 1067 2324 βαλεῖν,
1098 2253 1198 2309 καὶ
1246 2253 1502 2306 καύσωνα
1535 2252 1779 2319 ποιῆσαι·

174 2349 330 2410 νότος
360 2347 469 2417 γάρ
505 2349 647 2416 είμι,
684 2346 904 2416 πνεῦμα
950 2345 1176 2415 θερμὸν,
1217 2345 1311 2398 κα)⁸
1354 2347 1454 2414 τῆς
1485 2341 1580 2396 τοῦ
1609 2342 1785 2414 βορρᾶ

173 2441 520 2510 ψυχρότητος
568 2439 848 2492 ἀντίθετον
885 2455 897 2466 ·
937 2439 1060 2491 ἐπεὶ
1091 2440 1188 2491 καὶ
1234 2438 1342 2491 ἀπὸ
1377 2438 1477 2508 τῆς
1527 2437 1780 2508 Βηθλεὲμ

177 2537 412 2605 ἐφάνην,
467 2534 590 2602 ἥτις
658 2532 796 2602 πρὸς
861 2533 1014 2584 νότον
1082 2534 1278 2586 κεῖται.
1347 2531 1534 2583 Ταῦτα
1587 2529 1780 2593 είπὼν,

173 2628 427 2682 διδάσκει
450 2627 650 2689 αὐτοὺς
671 2625 769 2679 καὶ
813 2625 942 2695 περὶ
967 2626 1207 2696 εἰρήνης
1238 2625 1425 2679 λοιπὶν
1452 2625 1744 2690 ὲπαινετῆς
1764 2640 1780 2655 ·

176 2722 306 2774 ἐπεὶ
346 2722 453 2790 γὰρ
504 2719 672 2783 ἔδειξε
703 2719 803 2789 τὴν
846 2718 1143 2788 ἐπαινετὴν
1196 2718 1503 2780 διάστασιν,
1539 2718 1782 2770 δείκνυσι

173 2813 274 2867 καὶ
300 2812 399 2880 τὴν
430 2811 736 2882 ἀμώμητον
764 2814 1010 2881 εἰρήνην·
1049 2810 1143 2864 καί
1175 2827 1362 2879 φησιν,
1389 2811 1469 2865 ὅτι
1524 2811 1780 2864 Ἐπειδὰν

171 2908 204 2958 ὁ
251 2905 523 2968 ἀντίδικος
584 2904 719 2976 ἕλκῃ
766 2920 827 2957 σε
881 2905 959 2965 εἰς
1014 2905 1392 2974 δικαστήριον,
1439 2905 1497 2956 ὲν
1555 2906 1620 2975 τῇ
1677 2903 1784 2974 ὁδῷ

175 2996 508 3062 σπούδασον,
556 2995 849 3065 ἀγώνισαι·
895 2995 958 3049 τὸ
1004 2996 1116 3066 γὰρ
1158 2995 1256 3060 Δὸς
1299 2997 1589 3068 ἐργασίαν,
1623 2994 1782 3049 τοῦτο

173 3090 357 3162 δηλοῖ·
396 3091 459 3143 τὸ
503 3090 683 3143 πάντα
727 3087 931 3160 τρόπον
967 3087 1384 3160 ἐπινοήσασθαι,
1419 3089 1493 3151 ὼς
1515 3087 1580 3142 ἂν
1611 3088 1782 3142 ἁπαλ-

171 3183 354 3251 λαγῇς
395 3179 491 3234 ἀπ’
527 3181 692 3234 αὑτοῦ
723 3193 739 3209 ⁸
791 3181 883 3234 καὶ
935 3181 1110 3244 ἄλλως
1146 3181 1226 3248 δὲ,
1257 3181 1319 3234 τὸ
1365 3182 1464 3245 Δὸς
1493 3181 1780 3251 ὲργασίανυ

171 3277 406 3340 νοεῖται,
457 3275 579 3328 ἀντὶ
615 3273 735 3339 τοῦ,
765 3273 868 3329 κᾶν
927 3275 1093 3346 μηδὲν
1124 3276 1279 3346 ἔχῃς,
1313 3274 1650 3344 δανείσθητι,
1683 3275 1780 3329 καὶ

171 3370 270 3431 δὸς
313 3368 601 3440 ἐργασίαν,
664 3367 944 3434 τουτέστι,
983 3367 1165 3435 τόκον,
1194 3367 1336 3438 ὑπὲρ
1380 3368 1476 3424 τοῦ
1527 3369 1775 3441 ἀπηλλά-

175 3460 309 3532 χθαι
343 3460 535 3528 αὑτοῦ,
567 3462 796 3531 Μήποτε
832 3459 1120 3531 κατασύρῃ
1163 3477 1223 3514 σε
1260 3465 1397 3532 πρὸς
1445 3461 1538 3514 τὸν
1568 3463 1785 3533 κριτὴν,

177 3555 278 3610 καὶ
314 3557 342 3609 ό
395 3555 591 3625 κριτής
650 3569 709 3606 σε
753 3553 981 3624 παραδῷ
1037 3553 1116 3622 τῷ
1179 3555 1474 3626 πράκτορι,
1539 3555 1787 3610 τουτέστι

177 3645 263 3719 τῷ
317 3647 902 3717 ἀπαιτητῇ,κάκεὶ’νος
950 3646 1090 3720 βάλῃ
1141 3665 1201 3700 σε
1239 3649 1320 3711 είς
1368 3649 1645 3719 φυλακὴν,
1679 3648 1786 3713 ἓως

176 3733 244 3794 οὗ
280 3738 466 3791 καὶτὸ
498 3738 730 3809 ἔσχατον
762 3739 960 3792 λεπτὸν
1010 3739 1248 3810 ἀποδῷς.
1287 3741 1476 3793 Ταῦτα
1521 3740 1579 3792 δὲ
1633 3741 1786 3806 λέγει

174 3835 210 3886 ὁ
275 3831 506 3902 Κύριος,
550 3830 802 3900 ἐκφοϐῶν
857 3831 945 3884 διὰ
985 3831 1189 3885 τούτων
1235 3833 1361 3895 τοὺς
1420 3833 1785 3903 παχυτέρους,

182 3926 281 3979 καὶ
310 3926 450 3996 πρὸς
465 3926 526 3978 τὸ
549 3925 859 3994 εἰρηνεύειν
893 3923 1142 3991 συνάγων
1164 3941 1176 3954 ⁸
1219 3923 1374 3990 εἰδὼς
1407 3926 1517 3996 γὰρ
1546 3926 1628 3978 ὅτι
1662 3927 1787 3989 τοὺς

177 4017 585 4088 γεωδεστέρους
631 4018 660 4069 ὁ
707 4016 805 4085 τῆς
848 4017 1053 4087 ζημίας
1091 4017 1254 4084 φόϐος
1305 4020 1401 4076 καὶ
1452 4018 1560 4071 τῶν
1617 4020 1778 4071 κολά-

184 4128 327 4164 σεων
387 4109 693 4172 συστέλλει,
722 4108 811 4161 διὰ
863 4109 1022 4161 τοῦτο
1075 4108 1250 4164 ταῦτά
1305 4115 1477 4180 φησι’
1520 4110 1787 4164 Νοοῦνται

182 4205 240 4258 δὲ
276 4201 451 4256 ταῦτα
516 4201 610 4256 καὶ¹
662 4201 750 4254 διὰ
773 4202 865 4252 τὸν
915 4201 1167 4254 διάϐολον
1198 4202 1467 4264 ἀντίδικος
1501 4203 1610 4273 γὰρ
1633 4197 1787 4266 οὗτος

185 4295 344 4367 ἡμῶν
370 4311 385 4325 ·
415 4296 475 4347 ὲν
506 4297 572 4364 τῇ
619 4294 724 4364 ὁδῷ
774 4290 891 4357 οὖν,
922 4293 997 4363 τῷ
1035 4292 1135 4363 βίῳ
1189 4292 1366 4364 τούτῳ
1397 4294 1566 4362 λέγω,
1609 4296 1782 4356 ὄντες,

185 4387 588 4457 σπουδάσωμεν
628 4387 997 4458 ἐργαζόμενοι
1051 4387 1148 4455 τὴν
1180 4387 1407 4456 ἀρετὴν,
1437 4388 1787 4459 ἀπηλλάχθαι

187 4478 284 4535 ἀπ’
313 4479 502 4545 αὑτοῦ,
531 4479 624 4533 καὶ
672 4478 841 4548 μηδὲν
874 4478 1055 4531 κοινὸν
1096 4478 1239 4548 ἔχειν
1274 4483 1412 4550 πρὸς
1452 4481 1641 4545 αὑτὸν,
1676 4483 1780 4549 μή·

186 4588 319 4623 ποτε
377 4572 435 4623 ὲν
488 4573 551 4641 τῇ
616 4571 885 4640 μελλούσῃ
963 4571 1144 4641 κρίσει
1206 4571 1435 4642 παραδῴ
1495 4575 1642 4642 ἡμᾶς
1703 4573 1783 4644 τῷ

1887 2085 2096 2136 Auster
2135 2077 2281 2132 enim
2339 2088 2483 2139 sum,
2519 2070 2746 2140 spiritus
2791 2065 3052 2126 fervidus,
3097 2073 3151 2116 et.
3209 2061 3493 2129 lrigiditati

1888 2173 2160 2246 aquilonis
2195 2169 2510 2226 contrarius
2544 2184 2556 2219 :
2587 2159 3033 2236 quandoquidem
3063 2159 3115 2210 in
3173 2156 3493 2210 Bethlchem

1890 2268 2138 2340 apparui,
2186 2279 2308 2337 qum
2358 2262 2425 2318 ad
2491 2269 2738 2314 austrum
2789 2258 2893 2310 sita
2944 2261 3046 2308 est.
3112 2251 3175 2304 Et
3219 2250 3308 2304 ubi
3381 2248 3499 2301 hau:

1890 2339 2051 2424 dixit,
2104 2360 2264 2413 docet
2317 2369 2413 2409 eos
2464 2351 2630 2407 etiam
2690 2348 2756 2402 de
2811 2343 3070 2400 laudabili
3143 2356 3297 2408 pace.
3358 2339 3494 2405 Quia

1887 2453 2034 2507 eniut
2069 2449 2386 2505 ostenderat
2427 2447 2709 2500 laudatum
2745 2438 2913 2512 383
2951 2435 3265 2499 discidium,
3304 2443 3498 2488 osten-

1889 2548 1967 2603 dit
2027 2555 2083 2600 et
2143 2538 2686 2611 irreprehcnsibilem
2737 2550 2951 2606 pacem,
2982 2543 3036 2587 et
3089 2528 3312 2599 inquit:
3356 2526 3495 2582 Cum

1887 2636 2241 2693 adversarius
2309 2630 2554 2702 rapuerit
2614 2639 2666 2683 te
2712 2629 2778 2682 ad
2845 2623 3113 2687 tribunal,
3160 2621 3213 2676 in
3279 2619 3366 2674 via
3427 2621 3496 2671 da

1887 2745 2134 2803 cperam,
2169 2727 2369 2784 festina
2404 2734 2457 2779 ct
2490 2724 2699 2788 labora,
2725 2721 2780 2776 id
2808 2719 2956 2775 enim
2989 2714 3263 2788 signiﬁcat
3286 2713 3376 2776 δὸς
3405 2714 3499 2782 ἑρ-

1887 2824 2107 2896 γασίαν,
2145 2821 2212 2875 da
2235 2833 2484 2890 operam,
2517 2817 2622 2871 hoc
2672 2825 2779 2876 est,
2811 2826 3005 2867 omnes
3044 2808 3237 2865 modos
3291 2805 3495 2878 cogita,

1887 2920 2087 2992 quibus
2123 2916 2191 2971 ab
2217 2930 2282 2971 eo
2305 2912 2582 2969 libereris.
2617 2909 2715 2964 Vel
2756 2908 2916 2963 aliter
2943 2923 2957 2958 :
2988 2904 3060 2958 Da
3111 2916 3363 2974 operam,
3395 2901 3498 2955 hoc

1887 3022 1991 3077 est,
2024 3010 2191 3066 etiam
2228 3009 2274 3064 si
2311 3004 2448 3061 nihil
2485 3004 2712 3066 habeas,
2750 3001 3030 3063 fenerare,
3061 3004 3115 3050 et
3140 2996 3208 3049 da
3245 3008 3498 3063 operam,

1889 3106 1992 3160 hoc
2029 3114 2115 3160 est
2159 3116 2405 3163 usuram,
2439 3107 2497 3151 ut
2523 3095 2772 3150 libereris
2805 3091 2874 3146 ab
2913 3091 3028 3157 illo,
3062 3089 3355 3158 nequando
3385 3095 3498 3138 tru-

1889 3199 1983 3253 hat
2011 3206 2060 3251 te
2077 3196 2146 3250 ad
2173 3194 2434 3264 judicent,
2455 3202 2509 3246 et
2527 3189 2695 3262 judex
2721 3189 2897 3242 tradat
2921 3195 2973 3241 te
2998 3182 3267 3245 exactori,
3286 3189 3343 3234 ct
3365 3193 3499 3233 exa-

1887 3301 2004 3347 etur
2034 3287 2285 3360 projiciut
2316 3295 2368 3340 te
2402 3285 2454 3338 in
2478 3294 2784 3343 carcerem,
2820 3279 2995 3333 donec
3029 3274 3280 3331 ultimum
3309 3272 3496 3325 minu-

1894 3393 2008 3439 tum
2057 3381 2273 3436 reddas.
2306 3376 2435 3432 llzcc
2477 3385 2658 3431 autem
2712 3372 2847 3428 dicit
2897 3369 3158 3424 Dominus
3211 3377 3502 3422 exterrens

1892 3490 1989 3544 per
2028 3473 2147 3526 haae
2178 3469 2505 3531 crassiores,
2545 3475 2601 3520 et
2633 3464 2699 3520 ad
2729 3478 2916 3533 pacem
2947 3460 3249 3516 faciendam
3275 3472 3502 3525 cogens,

1891 3570 2072 3626 sciens
2106 3567 2250 3637 quod
2300 3579 2396 3617 eos
2439 3560 2530 3631 qui
2579 3554 2766 3628 magis
2796 3564 3092 3612 terrestres
3142 3562 3291 3619 sunt,
3321 3560 3504 3607 metus

1891 3660 2075 3717 damni
2116 3668 2174 3713 et
2206 3655 2596 3724 suppliciorum
2655 3650 2775 3720 plus
2805 3647 3084 3712 emendet,
3117 3655 3175 3701 et
3210 3655 3500 3715 propterea

1899 3753 2034 3808 dicit
2072 3752 2207 3806 haec.
2243 3747 2631 3816 Iutelliguntur
2675 3752 2859 3797 autem
2897 3742 3013 3794 haec
3056 3739 3224 3792 etiam
3275 3738 3342 3792 de
3385 3737 3504 3790 dia-

1893 3845 2038 3904 bolo.
2076 3843 2167 3914 qui
2222 3850 2406 3895 noster
2435 3835 2789 3892 adversarius
2821 3843 2925 3888 est.
2956 3833 3092 3888 Cum
3122 3830 3290 3902 igitur
3316 3831 3370 3884 in
3413 3831 3495 3884 via

1894 3936 2057 4006 hujus
2108 3934 2232 3988 vitae
2277 3945 2489 3995 sumus,
2524 3929 2720 3984 demus
2774 3941 3025 3997 operam,
3063 3924 3361 3979 virtutibus
3409 3939 3505 3978 va~

1892 4029 2091 4090 cando,
2125 4035 2184 4080 ut
2209 4027 2278 4079 ab
2309 4041 2374 4078 eo
2414 4023 2734 4085 liberemur,
2773 4029 2830 4072 et
2865 4017 3012 4074 ‘nihil
3046 4030 3344 4072 commune
3375 4031 3499 4071 eum

1893 4134 1959 4173 eo
2011 4121 2336 4182 habeamus,
2366 4113 2657 4185 nequando
2715 4115 2768 4167 in
2819 4111 3006 4165 futuro
3048 4109 3257 4178 judicio
3319 4108 3504 4163 tradat

1895 4227 1995 4266 nos
2027 4210 2220 4281 judici.
2257 4209 2438 4278 Opera
2487 4207 2635 4261 enim
2670 4206 2788 4276 ejus
2823 4220 2946 4275 quae
2987 4206 3040 4259 in
3069 4204 3172 4258 hac
3207 4204 3317 4257 vita
3371 4203 3505 4257 fael-

1895 4319 2039 4367 mus,
2089 4302 2175 4356 illa
2226 4303 2448 4357 tradunt
2484 4315 2584 4355 nos
2618 4300 2815 4369 jndici,
2855 4309 2910 4352 et
2956 4297 3128 4366 jndex
3169 4295 3337 4351 tradit
3401 4311 3505 4351 nos

1894 4397 2163 4461 exuetori,
2212 4396 2444 4449 ἀειειιιοιιὶ
2506 4393 2723 4448 cuidam
2785 4406 2885 4447 nos
2927 4389 3211 4460 torquenti
3252 4399 3310 4443 et
3362 4391 3500 4443 atill-

1894 4491 2144 4559 genti,et
2187 4496 2375 4556 postea
2421 4487 2576 4555 punit
2639 4501 2737 4540 nos
2810 4487 2984 4539 donec
3041 4485 3208 4537 etiam
3264 4484 3503 4538 minuto-

1897 4597 2016 4634 rum
2076 4588 2433 4649 peccaturum
2485 4591 2702 4645 ptenam
2755 4577 3015 4641 luamus,
3073 4585 3128 4630 et
3185 4590 3502 4629 mensuram

183 4661 374 4730 κριτῇ.
407 4660 490 4712 Τὰ
531 4661 643 4730 γὰρ
683 4659 818 4730 ἔργα
849 4660 1014 4713 αὑτοῦ
1060 4661 1095 4714 ἃ
1145 4662 1380 4716 ἐνταῦθα
1418 4665 1780 4735 ἐποιήσαμεν,

1903 4689 2078 4743 ptume
2139 4671 2485 4742 impleamus.
2558 4668 2846 4740 Nunquam
2922 4681 3106 4724 autem
3139 4670 3363 4739 impleta
3423 4681 3505 4724 est

181 4753 332 4806 αὐτὰ
385 4753 774 4823 παραδιδόασιν
800 4755 948 4824 ἡμᾶς
982 4757 1048 4823 τῇ
1109 4755 1315 4824 κρίσει,
1351 4757 1448 4808 καὶ
1504 4760 1530 4808 ὁ
1592 4759 1787 4826 κριτὴς

184 4844 268 4914 τῷ
324 4847 597 4917 πράκτορι
643 4847 1013 4916 παραδίδωσιν
1059 4849 1227 4917 ἡμᾶς,
1278 4855 1627 4921 τιμωρητικῇ
1680 4869 1787 4904 τινι

187 4938 286 4990 καὶ
318 4939 602 5004 κακοποιῷ
641 4941 891 5008 δυνάμειο
920 4942 1014 4994 καὶ
1047 4941 1234 4994 λοιπὸν
1260 4947 1589 5013 τιμωρεῖται
1618 4947 1786 5016 ἡμᾶς,

183 5031 354 5103 ἄχρις
396 5031 462 5086 ἂν
500 5032 594 5086 καὶ
635 5033 744 5086 τῶν
775 5033 992 5087 λεπτῶν
1029 5035 1452 5104 ἁμαρτημάτων
1497 5036 1654 5100 δίκας
1685 5038 1791 5090 δὼ-

1892 4783 2066 4838 pmnm
2122 4780 2400 4829 mensura,
2440 4780 2661 4834 semper
2713 4780 2845 4835 ergo
2905 4767 3219 4836 puniemur.
3250 4763 3308 4819 Si
3354 4766 3501 4820 enim

1891 4865 1944 4916 in
1989 4875 2210 4916 carcere
2256 4859 2603 4914 manebimus
2642 4859 2815 4913 donec
2867 4868 3181 4914 extremum
3228 4859 3502 4914 minutum

1893 4954 2209 5016 reddamus,
2244 4962 2299 5006 et
2338 4967 2616 5021 nunquam
2668 4953 2933 5008 reddituri
2978 4969 3204 5018 sumus,
3278 4952 3503 5007 manife-

1894 5053 2038 5094 stum
2100 5042 2244 5110 quod
2277 5052 2544 5095 aeternum
2607 5043 2680 5096 sit
2724 5042 2967 5098 futurum
3002 5044 3353 5114 suliplieium.

184 5142 313 5194 μεν,
350 5127 444 5177 καί
479 5125 540 5177 τὸ
583 5127 683 5195 τῆς
731 5126 1007 5188 κολάσεως
1051 5128 1253 5198 μέτρον
1307 5129 1780 5200 ἐκπληρώσωμεν.
1826 5134 2102 5187 Οὐδέποτε
2157 5133 2464 5205 πληροῦται
2519 5135 2580 5186 τὸ
2625 5138 2725 5205 τῆς
2797 5136 3076 5200 κολάσεως
3124 5137 3345 5208 μέτρον,
3415 5141 3506 5192 ἀεὶ

178 5220 293 5288 ἄρα
326 5217 800 5289 κολασθησόμεθσι.
844 5220 906 5271 ΕΞ
947 5221 1055 5288 γὰρ
1086 5221 1215 5290 ἄχρι
1246 5221 1367 5272 τότε
1419 5225 1499 5284 εἰς
1536 5224 1783 5294 φυλακὴν
1826 5227 2092 5296 ἐσόμεθα.
2129 5229 2286 5299 ἄχρις
2311 5230 2378 5281 ἂν
2408 5230 2471 5282 τὸ
2535 5227 2765 5300 ἔσχατον
2824 5230 3024 5284 λεπτὸν
3057 5232 3373 5302 ἀποδῶμεν,
3408 5237 3504 5285 οὐ·

176 5313 378 5362 δὲποτε
409 5311 463 5363 δὲ
491 5311 764 5381 μέλλομεν
800 5310 1116 5375 ἀποδοῦναι,
1151 5315 1415 5385 πρόδηλον
1444 5316 1517 5378 ώς
1545 5317 1713 5379 ἀΐδιος
1747 5322 1779 5388 ἡ
1824 5322 2053 5384 κόλασις
2111 5323 2286 5374 ἔσται.

793 5405 1043 5458 ΚΕΦΑᾹ.
1082 5404 1176 5457 ll".

179 5494 330 5573 [Isz
359 5492 480 5546 τῶν
503 5495 869 5575 Ιίαλιλαίωγ,
897 5494 993 5575 καὶ
1016 5494 1134 5575 τῷν·
1152 5495 1221 5548 ἐν
1248 5496 1328 5575 τιῷ
1354 5501 1400 5550 Σ
1405 5498 1614 5567 nitntur.
1646 5502 1785 5566 Περὶ

253 5564 604 5652 τῆς-,συκῆς
640 5569 876 5652 καρπὸν·
908 5564 995 5652 μὴ
1035 5566 1435 5652 ἐγεγκρρσῃς.
1485 5564 1630 5652 [le-pl
1677 5564 1785 5637 τῆς

253 5637 528 5718 ἐχούσης
559 5636 798 5718 πνεῦμα
830 5636 1172 5718 rigas-retu?
1211 5640 1353 5718 [ζερὶ
1401 5641 1510 5693 τοῦ
1558 5636 1783 5694 κόκκου

251 5707 563 5779 σινάπεως
590 5707 924 5775 παραϐολὴ,
955 5708 1188 5776 καὶτῆς
1239 5709 1447 5778 ζύμης.
1490 5714 1627 5779 Περὶ
1675 5714 1781 5764 τοῦ

250 5777 788 5854 ιέὲεξεγίκσέτήσέιντοςζ
830 5780 890 5854 ἐἰ
935 5780 1200 5854 βλέποι-οξ
1242 5777 1586 5854 σωζόμενοιζ
1643 5785 1780 5849 Περὶ

247 5848 373 5898 τῶν
401 5849 695 5900 εἰπόντων
720 5848 798 5911 τῷ
830 5848 1028 5914 ’1ησοῦ
1050 5850 1147 5902 διὰ
1185 5848 1472 5917 Ἡρώδην.

253 5958 268 5988 ¹
321 5939 584 6008 Π³.⁹ἧ³³“¹
615 5938 670 5992 δέ
707 5955 848 6000 τινες
881 5942 938 5992 ἑν
969 5940 1118 6010 αὖτῷ
1161 5942 1235 6010 τ’ῖι
1283 5943 1460 6014 armet?)
1499 5945 1782 6011 ἀπαγγέλ-

2488 5414 2724 5470 CAPUT
2761 5416 2901 5470 Xlll.

1895 5502 1971 5556 De
2003 5501 2242 5583 (latitavit;
2273 5507 2400 5583 et
2435 5508 2700 5583 quierant
2735 5508 2791 5583 in
2823 5508 2998 5564 Siloa.
3025 5509 3100 5564 De
3132 5511 3239 5577 ﬁcu
3265 5513 3500 5581 fructmn

1968 5592 2068 5648 non
2088 5578 2303 5640 ferente.
2330 5576 2404 5628 De
2434 5580 2652 5632 muliere
2679 5581 2898 5647 spiritus
2942 5583 3172 5648 inﬁrmi.
3224 5576 3499 5640 Parabola

1961 5646 2025 5696 de
2081 5661 2250 5714 grano
2298 5649 2490 5723 _sina_pt'
2534 5661 2582 5702 et
2639 5646 2913 5723 [crementor
2973 5646 3047 5704 De
3111 5651 3500 5723 interrogante,

1963 5718 2308 5837 rftlumdpauci
2347 5720 2592 5773 salvam“
2630 5725 2756 5774 sint.
2811 5721 2890 5774 De
2935 5724 3206 5777 nuntiatis
3257 5718 3387 5779 Je'su
3436 5718 3498 5781 ob

2019 5803 2106 5837 ero
2150 5804 2250 5837 em.

2019 5803 2228 5840 eroaem
2240 5830 2250 5840 .

1969 5946 2136 6006 νιῖειθ.
2164 5951 2275 6004 1-ὅ.
2316 5970 2328 6002 ι
2359 5953 2598 6005 Aderant
2621 5966 2797 6009 autem
2828 5955 3052 6024 quidam
3084 5960 3274 6014 eodem
3299 5960 3348 6013 in
3373 5970 3502 6014 tent-
