4030 6404
181 346 295 410 9l3

828 343 1280 407 ENARRATIO
1324 343 1405 404 1N
1447 338 1954 404 EVANGELIUM
2007 341 2243 403 LUC.‘E.
2278 367 2337 376 -·
2371 343 2528 402 CAP.
2565 341 2740 402 XIII.

3400 330 3509 400 914

180 459 298 511 τῶν
345 458 558 531 καρπὸν
613 463 669 512 ὲν
716 461 878 532 αὐτῇ,
911 464 1004 514 καὶ
1028 463 1127 532 οὐχ
1166 457 1329 531 εὗρεν
1363 481 1373 491 ·
1410 455 1532 515 εἶπε
1559 460 1614 513 δὲ
1653 458 1792 529 πρὸς

1917 471 1947 510 :t
1980 459 2129 513 venit
2160 474 2413 528 quaerens
2462 459 2703 513 fructum
2758 458 2810 512 iu
2871 455 2986 522 illa,
3018 462 3071 510 et
3121 469 3227 510 non
3277 453 3508 510 invenit.

180 553 281 604 τὸν
311 552 728 622 ἀμπελουργόν·
793 553 924 606 Ἰδοὺ
973 555 1102 623 τρία
1151 555 1244 624 ἔτη
1316 550 1551 624 ἔρχομαι
1611 550 1793 620 ζητῶν

181 645 405 715 καρπὸν
438 645 494 695 ὲν
541 646 606 713 τῇ
643 648 781 716 συκῇ
816 645 1012 716 ταύτῃ,
1041 649 1137 700 καὶ
1174 648 1273 717 οὐχ
1326 646 1598 717 εὑρίσκω·
1631 644 1793 697 ἐκκο-

179 737 292 807 ψ’.ν
356 737 550 809 αὐτὴν,
587 737 671 792 ἵνα
728 741 780 792 τί
828 741 924 794 καὶ
969 740 1069 809 τὴν
1129 743 1233 809 γῆν
1289 742 1590 812 καταργεῖ;
1627 740 1687 792 Ὀ
1739 739 1796 792 δὲ

184 829 520 898 ἀποκριθεὶς
579 831 727 898 λέγει
799 833 992 900 αύτῷ·
1038 831 1236 902 Κύριε,
1273 833 1411 902 ἄφες
1469 833 1643 905 αὐτὴν
1697 833 1794 885 καὶ

185 920 355 973 τοῦτο
397 921 459 974 τὸ
522 922 660 985 ἔτος,
703 923 807 986 ἕως
865 924 988 976 ὅτου
1034 925 1228 994 σκάψω
1281 926 1415 996 περὶ
1475 924 1649 997 αὐτὴν
1700 925 1798 978 καὶ

190 1012 346 1083 βαλῶ
410 1014 612 1083 κοπρίςξ⁴
649 1055 665 1078 ,
734 1017 836 1069 κᾶν
903 1016 1004 1086 μὲν
1055 1019 1262 1089 ποιήσῃ
1322 1018 1539 1088 καρπόν
1574 1035 1588 1050 °
1634 1019 1683 1072 ei
1741 1017 1798 1071 δὲ

194 1107 368 1178 μήγε,
429 1109 510 1171 εἰς
546 1107 608 1161 τὸ
661 1107 859 1179 μέλλον
909 1110 1170 1179 ἐκκόψεις
1216 1111 1412 1182 αὐτὴν.
1455 1129 1473 1162 i
1540 1109 1798 1165 Ἀκολού-

192 1199 306 1263 θως
366 1192 579 1268 εἶσάγει
617 1201 717 1272 τὴν
776 1201 1106 1274 παραϐολὴν
1160 1203 1368 1274 ταύτην
1401 1218 1414 1231 ·
1451 1203 1646 1274 ἐπειδὴ
1692 1202 1799 1272 γὰρ

191 1287 372 1356 εἶπεν,
405 1294 501 1346 .ὄτι
548 1294 675 1346 Ἐὰν
729 1293 802 1364 μὴ
840 1298 1216 1366 μετανοήσητε
1255 1335 1270 1363 ,
1320 1295 1613 1349 ἀπολεῖσθε
1639 1337 1653 1360 ,
1709 1295 1801 1348 El-

191 1386 372 1448 κότως
429 1386 791 1440 ὲπισυνάπτει
816 1388 918 1457 τὴν
973 1388 1295 1460 παραὸολὴν
1331 1389 1560 1459 ταύτην.
1609 1388 1800 1441 Ἔστιν

191 1478 292 1533 οὖν
325 1479 464 1547 συκῆ
502 1482 533 1550 ή
572 1479 738 1548 γενεὰ
767 1480 880 1533 τῶν
921 1481 1197 1535 ’ῐουδαίων
1243 1483 1423 1553 φύλλα
1458 1485 1594 1553 μόνα
1627 1481 1802 1553 πικρὰ

191 1571 454 1636 ποιοῦσα,
495 1573 710 1642 καρπὸν
756 1574 812 1628 δὲ
861 1576 936 1644 μὴ
990 1576 1337 1648 παρέχουσα.
1385 1579 1475 1630 Ἐν
1505 1576 1583 1648 τῷ
1614 1579 1799 1646 ἀμπε-

192 1665 328 1720 λῶνι
358 1665 414 1719 δὲ
448 1665 540 1718 τοῦ
582 1665 718 1718 Θεοῦ
752 1667 961 1731 ἵστατο,
1003 1671 1069 1739 τῇ
1111 1668 1358 1739 πολιτεία
1395 1673 1461 1739 τῇ
1505 1670 1798 1741 Ἰουδαϊκῇ.

205 1757 269 1813 '0
300 1758 694 1828 οίκοδεσπότης
743 1761 771 1811 6
811 1759 1048 1828 Χριστὸς
1087 1760 1286 1826 ἐλθὼν,
1317 1764 1411 1814 καὶ
1447 1762 1629 1832 ζητῶν
1663 1778 1804 1831 καρ-

196 1849 300 1902 πὸν
331 1850 569 1913 πίστεως
614 1852 710 1904 καὶ
764 1851 1141 1922 ἁγαθοεργίας
1183 1856 1241 1904 ὲν
1297 1854 1459 1924 αὐτῇ,
1497 1854 1598 1924 οὐχ
1647 1849 1798 1924 εὗρε.

197 1942 341 2015 Τρία
368 1943 425 1996 δὲ
467 1944 563 2013 ἔτη
601 1941 758 2012 ἦλθε,
790 1945 877 1999 διὰ
909 1947 1177 2012 Μωσέως,
1226 1947 1315 2000 διὰ
1351 1947 1678 2018 προφητῶν,
1711 1947 1804 2002 καί⁵

194 2036 259 2091 τὸ
290 2039 474 2108 τρίτον
505 2038 577 2090 δι’
623 2038 850 2092 ἑαυτοῦο
893 2039 1124 2111 ὕστερον
1175 2044 1360 2112 μέντοι
1410 2044 1485 2113 μὴ
1534 2044 1806 2114 μετανοή-

197 2147 402 2196 σαντας
434 2131 661 2201 ἐξέκοψε
703 2136 798 2203 τῆς
827 2133 920 2187 τοῦ
951 2135 1088 2188 Θεοῦ
1130 2137 1374 2204 ἀγάπης·
1436 2135 1538 2188 ούκ
1571 2135 1651 2188 ἔτι
1694 2135 1802 2205 γὰρ

195 2222 349 2278 litvo;
381 2225 612 2294 Κυρίου,
647 2225 739 2278 καὶ
771 2226 902 2290 λαὸς
931 2227 1087 2294 ἅγιος
1117 2227 1410 2280 καλοῦνται
1434 2243 1447 2257 ο
1478 2229 1560 2290 εἰς
1583 2229 1676 2280 τὸν
1708 2227 1802 2280 τό·

199 2332 299 2370 πον
327 2315 386 2367 δὲ
436 2316 618 2368 αὐτῶν
659 2318 1105 2388 ἁντεισήχθησαν
1151 2320 1219 2373 τὰ
1254 2319 1382 2387 ἔθνη
1415 2318 1482 2371 τὶ
1525 2319 1805 2390 δυνάμενα

199 2413 601 2480 καρποξορεῖν.
643 2412 884 2482 Νοηθεέη
921 2412 964 2463 δ’
1003 2412 1067 2465 ἂν
1102 2414 1196 2465 καὶ
1222 2415 1252 2483 ή
1283 2414 1551 2482 σύμπασα
1589 2413 1804 2485 ἀνθρω-

200 2499 377 2570 πότης
411 2503 547 2570 συκῆ
571 2520 583 2533 ·
618 2504 1010 2572 οἰκοδεσπότης
1033 2547 1046 2566 ,
1079 2506 1107 2557 6
1137 2503 1270 2567 Θεὸς
1303 2509 1399 2557 καὶ
1431 2505 1623 2574 Πατήρ
1647 2519 1660 2533 ’
1697 2507 1807 2575 ἀμ-

200 2592 509 2663 πελουργὸς
536 2594 594 2648 δὲ
639 2595 666 2646 ὁ
701 2595 830 2658 Υἱὸς
876 2595 970 2649 τοῦ
1016 2595 1183 2648 Θεοῦ·
1218 2597 1583 2665 φιλοπονῆσαι
1616 2597 1674 2651 δὲ
1711 2597 1809 2650 καὶ⁵

199 2687 519 2757 ἐκκαθᾶραι
563 2690 656 2740 τὸν
692 2690 995 2759 ἀμπελῶνα
1039 2689 1198 2760 ἡμῶν
1252 2690 1565 2759 ἐνδημῆσας
1604 2707 1616 2720 ·
1648 2693 1808 2744 ἐκκο-

203 2779 376 2848 πῆναι
399 2779 604 2850 ταύτην
623 2780 719 2852 τὴν
744 2784 920 2852 συκῆν
946 2782 1020 2844 ὡς
1044 2783 1296 2852 ἄκαρπον
1320 2783 1419 2834 ούκ
1439 2783 1504 2853 ἐᾷ
1526 2787 1552 2835 6
1574 2783 1808 2853 Χριστὸς

201 2873 433 2925 τοιαῦτα
461 2872 636 2940 λέγων
661 2893 674 2906 ο
715 2893 732 2925 ι
780 2877 953 2942 Ἀφες
994 2876 1167 2945 αὐτὴν
1197 2878 1293 2928 καὶ
1324 2875 1483 2928 τοῦτο
1514 2877 1575 2928 τὸ
1608 2877 1747 2938 ἔτος.
1786 2897 1804 2929 ι

205 2963 270 3017 ΕΞ
304 2964 392 3018 διὰ
432 2965 598 3034 νόμον
631 2967 725 3019 καὶ
777 2967 1077 3037 προφητῶν
1111 2968 1212 3020 οὐκ
1244 2967 1679 3035 ὲϐελτιώθησαν,
1714 2970 1811 3022 καὶ

207 3057 502 3127 μετανοίας
545 3061 758 3126 καρπὸν
815 3061 916 3111 οὐκ
968 3060 1280 3125 ἐπέδωκαν,
1340 3061 1480 3114 ἀλλά
1538 3079 1598 3129 γε
1654 3061 1810 3130 κάγὼ

203 3151 322 3212 τοῖς
355 3150 510 3217 ἐμοῖς
544 3150 797 3220 ἀρδεύσω
831 3151 1060 3215 τούτους
1087 3153 1328 3221 δόγμασι
1361 3155 1458 3207 καὶ
1491 3154 1803 3224 παθήμασι,
1836 3172 1883 3235 C

203 3241 312 3296 κᾶν
355 3243 454 3312 μὲν
500 3246 769 3314 ποιήσωσι
801 3245 1017 3314 καρπὸν
1055 3246 1388 3311 εὐπειθείας,
1427 3247 1477 3298 εί
1509 3246 1565 3300 δὲ
1610 3247 1691 3318 μή
1719 3265 1806 3315 γε,

204 3335 288 3394 είς
326 3337 388 3385 το
431 3334 626 3403 μέλλον
679 3335 938 3405 ἐκκόψεις
994 3335 1190 3407 αὐτὴν,
1245 3337 1346 3405 τῆς
1408 3335 1517 3390 τῶν
1577 3337 1811 3391 δικαίων

209 3430 433 3499 μερίδος
467 3429 717 3499 ἐκτεμὼν
749 3431 972 3492 αὐτούς.
1009 3432 1106 3484 Ἐκ
1135 3431 1322 3501 τρίτου
1368 3432 1426 3487 δὲ
1465 3431 1680 3503 καρπὸν
1710 3433 1810 3502 ζη-

202 3521 436 3591 τηθείσα
476 3524 509 3594 ἡ
549 3523 710 3590 φύσις
746 3523 929 3593 ἡμῶν,
976 3524 1077 3577 οὐκ
1120 3525 1433 3578 ὲπέδωκενο
1468 3526 1617 3591 ἅπαξ
1672 3525 1807 3596 μὲν,

205 3615 300 3669 ὅτε
332 3619 389 3668 ὲν
420 3614 498 3686 τῷ
534 3618 854 3688 παραδείσῳ
885 3620 985 3688 τὴν
1018 3619 1246 3686 ἐντολὴν
1275 3619 1609 3690 παρέϐημεν
1630 3637 1643 3651 ·
1683 3621 1811 3674 δεύ-

206 3724 370 3775 τερον
401 3707 478 3773 ὃὲ,
511 3709 600 3761 ὅτε
647 3712 706 3762 ὲν
759 3709 837 3780 τῷ
892 3710 1043 3781 νόμῳ
1097 3713 1577 3782 ἐμοσχοποίησαν,
1641 3734 1658 3766 ι
1717 3718 1812 3768 καὶ

205 3800 516 3872 ἠλλάξαντο
547 3802 646 3873 τὴν
680 3799 839 3870 δόξαν
866 3803 961 3856 τοῦ
992 3804 1130 3857 Θεοῦ
1164 3808 1220 3859 ὲν
1255 3805 1568 3878 ὁμοιώματι
1605 3807 1812 3880 μόσχου

207 3892 488 3956 ἐσθίοντος
533 3895 748 3966 χόρτον.
792 3916 810 3948 ι
868 3897 979 3950 Καὶ
1031 3899 1244 3968 τρίτον,
1297 3900 1387 3952 ὅτε
1440 3900 1531 3954 τὸν
1584 3903 1813 3973 Σωτῆρα

208 3985 314 4040 καὶ
381 3988 585 4058 Κύριον
634 3991 1062 4061 παρῃτήσαντο,
1119 3977 1387 4054 εἰπόντες·
1445 3993 1562 4046 Οὐκ
1609 3993 1813 4063 ἔχομεν

211 4075 464 4148 βασιλέα,
507 4081 552 4132 εί
584 4079 660 4151 μὴ
687 4080 963 4152 Καίσαρα.
998 4083 1111 4136 Kzl.
1149 4085 1176 4135 6
1211 4084 1334 4138 καθ’
1365 4084 1463 4138 ἕνα
1515 4085 1588 4151 δὲ,
1618 4088 1811 4158 ἡμῶν,

212 4170 360 4240 συκῆ
394 4173 543 4225 ἐστιν
573 4174 630 4225 ὲν
654 4173 732 4243 τῷ
758 4175 1156 4244 ἁμπελῶνιτοῦ
1189 4179 1350 4240 Θεοῦ,
1382 4183 1448 4249 τῇ
1479 4168 1810 4252 Ἐκκλησία,

210 4264 248 4334 ἢ
305 4263 494 4325 ἁπλῶς
530 4266 738 4332 εἰπεῖν,
791 4267 868 4338 τῷ
901 4268 1096 4338 κόσμῳ
1149 4269 1325 4339 τούτῳ
1375 4272 1812 4342 πεφυτευμένος.

213 4359 482 4428 Ἔρχεται
509 4357 604 4412 οὖν
631 4358 815 4429 ζητῶν
856 4361 1073 4432 καρπὸν
1105 4363 1131 4414 6
1156 4361 1311 4427 Θεὸς,
1338 4365 1433 4416 καὶ
1463 4365 1559 4416 ἐὰν
1585 4365 1721 4437 εὕρῃ
1752 4384 1812 4419 σε

208 4452 502 4521 ἄκαρπον,
537 4453 842 4522 ἐκκοπῆναι
879 4455 972 4508 τοῦ
1007 4454 1124 4525 βίου
1164 4455 1356 4526 τούτου
1392 4460 1720 4527 προστάττει
1745 4478 1756 4490 ·
1787 4461 1817 4514 6

1832 1812 1879 1872 Β

1906 554 2049 608 Dixit
2088 565 2270 608 autem
2313 554 2379 606 ad
2431 554 2698 608 cultorem
2757 552 2928 606 vineae
2965 569 2978 605 :
3021 549 3160 603 Ecce
3205 547 3334 600 anni
3397 557 3506 599 tres

1901 657 2030 699 sunt
2082 649 2134 700 in
2169 662 2277 714 quo
2315 647 2471 698 venio
2500 686 2512 702 .
2553 659 2806 710 qumrens
2852 641 3090 696 fructum
3128 640 3182 692 in
3236 640 3336 692 lit-u
3383 639 3507 696 huc,

1902 747 1951 791 et
1995 755 2099 791 non
2148 738 2366 791 invenio
2411 754 2424 790 :
2469 735 2691 790 sucr-ide
2752 735 2945 787 illam:
2989 735 3053 785 ad
3099 731 3226 800 quid
3263 730 3343 783 vel
3403 737 3514 783 ter-

1904 845 2019 885 ram
2079 830 2360 898 occupat?
2401 832 2469 884 At
2510 829 2599 881 ille
2651 829 2994 896 respondens
3045 824 3181 878 dixit
3217 823 3292 876 illi
3343 839 3356 875 :
3410 823 3515 877 Do-

1903 922 2072 985 mine,
2130 920 2248 973 sine
2285 920 2433 973 illam
2478 928 2534 973 et
2589 918 2692 972 hoc
2758 933 2902 971 anno
2956 915 3132 969 donec
3177 912 3369 967 fodere
3414 915 3516 966 eir-

1904 1011 2236 1077 camillam,
2292 1022 2347 1066 et
2393 1012 2596 1066 misero
2651 1021 2892 1072 stercus,
2941 1019 2997 1063 et
3043 1007 3088 1063 si
3158 1007 3382 1076 quidem
3445 992 3552 1057 Ιυ-¹

1905 1106 2357 1161 ceritfructnm:
2413 1104 2498 1160 sin
2554 1102 2762 1168 minus,
2821 1103 2872 1154 in
2934 1108 3211 1170 posterum
3264 1098 3516 1152 δυοςὶιια

1907 1199 2080 1254 illam.
2127 1218 2146 1251 ι
2177 1197 2326 1252 Bona
2383 1195 2772 1266 consequentia
2824 1192 3139 1262 parabolam
3203 1191 3344 1244 hanc
3387 1188 3515 1258 jun-

1904 1293 1983 1362 git
2039 1310 2052 1346 :
2099 1301 2387 1361 postquam
2461 1289 2612 1344 enim
2700 1287 2887 1349 dixit,
2945 1283 3054 1337 Nisi
3118 1283 3459 1350 resipueritis
3495 1323 3519 1344 ,,

1907 1385 2185 1457 peribitis,
2243 1383 2444 1439 merito
2491 1391 2546 1438 et
2598 1382 2758 1435 istam
2807 1379 3122 1450 parabolam
3183 1377 3389 1443 adjicit,
3421 1375 3525 1430 Est

1905 1478 2074 1550 385
2119 1477 2285 1547 igitur
2321 1475 2492 1539 ﬁcus,
2547 1471 2860 1527 Judreorum
2894 1470 3173 1540 generatio
3211 1467 3339 1521 folia
3393 1475 3516 1520 tan-

1907 1580 2020 1625 tum
2064 1583 2252 1624 amara
2309 1566 2542 1630 faciens,
2579 1575 2632 1619 et
2674 1564 2880 1619 nullum
2936 1564 3173 1617 fructum
3209 1557 3516 1630 proferens.

1908 1662 1963 1718 In
2016 1663 2172 1719 vinea
2224 1671 2407 1716 autem
2455 1661 2547 1714 Dei
2587 1659 2776 1724 stetit,
2819 1671 3013 1724 nempe
3063 1655 3114 1709 in
3150 1652 3374 1708 Judaica
3433 1653 3516 1703 vi-

1910 1756 2069 1811 vendi
2103 1755 2339 1810 ratione.
2381 1751 2792 1808 Paterfamilias
2841 1759 3023 1803 autem
3061 1747 3316 1800 Christus
3372 1743 3520 1798 venit

1909 1860 1962 1905 et
2005 1849 2255 1919 quaesivit
2304 1847 2543 1902 fraetum
2600 1844 2723 1899 tidei
2779 1844 3158 1910 bonorumque
3197 1854 3427 1909 Opernm
3463 1839 3515 1889 in

1909 1957 1994 2008 ea,
2028 1958 2092 1996 ac
2129 1957 2232 1995 non
2270 1940 2500 1994 invenit.
2547 1937 2748 1992 Tribus
2785 1945 2969 1989 autem
3009 1932 3166 1986 annis
3197 1933 3368 1994 venit,
3421 1946 3520 2000 per

1912 2035 2122 2099 Mosen,
2156 2023 2252 2105 per
2288 2034 2610 2103 prophetas,
2662 2040 2716 2084 et
2752 2046 2849 2099 per
2897 2029 3135 2096 seipsum
3191 2026 3354 2080 tertio
3401 2043 3412 2079 :
3466 2035 3523 2078 et

1880 2129 2036 2197 .quia
2067 2127 2447 2196 pmnitentiam
2489 2140 2594 2180 non
2621 2133 2871 2192 egerunt,
2915 2138 2944 2175 a
2977 2120 3268 2175 dilectione
3300 2117 3391 2172 Dei
3426 2131 3522 2171 eos

1911 2221 2152 2275 ab.ecuit
2195 2238 2205 2272 :
2246 2235 2352 2272 non
2405 2218 2545 2271 ultra
2580 2217 2724 2270 enim
2756 2231 2888 2285 gens
2922 2211 3134 2267 Domini
3185 2221 3238 2265 et
3291 2210 3522 2280 populus

1913 2324 2135 2371 sanctus
2173 2323 2413 2366 vocatur.
2455 2311 2507 2362 In
2546 2310 2723 2364 locum
2753 2317 2934 2363 autem
2968 2320 3157 2361 eorum
3194 2304 3522 2358 introductae

1915 2420 2045 2465 sunt
2080 2419 2296 2479 gentes,
2323 2423 2442 2477 qua:
2471 2406 2710 2459 fructum
2747 2402 2934 2458 facere
2959 2400 3161 2462 valent.
3197 2398 3523 2468 lntelligitur

1911 2516 1966 2560 et
2000 2518 2096 2575 per
2128 2504 2290 2558 ficum
2327 2509 2500 2555 totum
2535 2499 2836 2552 humanum
2891 2509 3061 2565 genus
3094 2512 3107 2548 ;
3147 2507 3246 2564 per
3275 2502 3518 2563 patrem-

1915 2597 2152 2652 familias
2183 2595 2346 2650 Pater
2382 2603 2435 2649 et
2471 2594 2610 2648 Deus
2646 2610 2659 2647 :
2693 2606 2788 2661 per
2819 2588 3087 2644 cultorem
3119 2588 3315 2651 ViltetB,
3347 2585 3522 2640 Filius

1915 2689 2048 2753 Dei,
2088 2688 2177 2750 ο.τὶ
2232 2686 2518 2740 nobiscum
2568 2681 2951 2752 peregrinatus
2986 2688 3071 2733 est
3120 2688 3178 2731 ut
3218 2676 3421 2731 coleret
3471 2688 3525 2730 et.

1917 2788 2173 2848 purgaret
2221 2779 2456 2831 vineam.
2497 2775 2753 2831 Christus
2819 2784 3002 2828 autem
3058 2773 3220 2826 fiemn
3271 2770 3419 2825 illaut
3467 2783 3526 2826 ut

1917 2873 2160 2928 sterilem
2192 2870 2441 2927 exsecari
2481 2885 2585 2924 non
2617 2868 2774 2931 sinit,
2807 2869 2998 2922 dicens
3037 2885 3050 2922 :
3089 2887 3106 2918 ι
3143 2865 3274 2921 Sine
3300 2866 3447 2920 illam
3472 2876 3527 2919 et

1918 2966 2020 3020 hoc
2056 2979 2222 3021 anno.
2264 2983 2280 3016 ι
2319 2963 2472 3019 Licet
2501 2963 2644 3018 enim
2677 2977 2773 3032 per
2806 2961 2979 3039 legem
3006 2970 3062 3016 et
3089 2959 3388 3030 prophetas
3416 2975 3522 3013 non

1918 3055 2123 3112 fuerint
2159 3057 2288 3113 facti
2351 3054 2648 3120 meliores,
2686 3068 2863 3123 neque
2909 3052 3246 3123 painitentiaa
3283 3050 3523 3106 fructum

1919 3151 2199 3205 fecerint:
2237 3158 2481 3204 attamen
2529 3164 2614 3203 me
2663 3147 2928 3217 irrigante
2969 3147 3104 3199 meis
3155 3144 3422 3200 doctrinis
3475 3155 3529 3199 et

1922 3242 2267 3312 passionibus
2307 3240 2592 3308 fortassis,
2623 3238 2831 3294 facient
2881 3237 3120 3293 fructum
3178 3236 3527 3292 obedientiae.

1924 3334 2021 3391 Sin
2059 3335 2261 3402 minus,
2299 3335 2352 3387 in
2385 3341 2723 3405 postremum
2755 3330 3042 3386 exsecabis
3091 3329 3262 3396 illam,
3291 3331 3531 3385 exsectis

1923 3429 2031 3484 illis
2057 3443 2086 3482 a
2119 3427 2393 3497 iustorum
2431 3425 2675 3495 regione.
2715 3422 2824 3480 Ter
2857 3434 3039 3477 autem
3069 3426 3357 3492 quaesitum
3393 3425 3444 3476 in
3470 3439 3532 3477 se

1923 3521 2160 3575 fructum
2199 3529 2394 3574 natura
2433 3529 2620 3573 nostra
2654 3533 2763 3573 non
2803 3517 2972 3572 dedit.
3010 3515 3256 3571 Primum
3289 3521 3436 3572 enim
3475 3518 3528 3572 in

1924 3613 2176 3682 paradiso
2202 3612 2518 3665 mandatum
2543 3610 2883 3678 praevaricati
2919 3625 3109 3663 sumus
3140 3627 3152 3662 :
3181 3610 3379 3663 deinde
3407 3625 3529 3663 cmn

1924 3705 2145 3758 daretur
2177 3701 2284 3768 lex,
2322 3701 2494 3755 vitulo
2529 3700 2692 3766 facto,
2728 3720 2746 3753 ι
2784 3711 2990 3755 mutata
3027 3712 3108 3754 est
3141 3702 3314 3771 gloria
3350 3701 3442 3756 Dei
3478 3702 3530 3754 in

1924 3797 2340 3853 similitudinem
2374 3797 2527 3850 vituli
2577 3796 2917 3851 comedentis
2962 3794 3144 3850 fenum
3175 3797 3216 3826 “
3263 3814 3309 3852 ι.
3349 3796 3534 3852 'l‘ertio

1925 3893 2142 3964 quando
2192 3891 2453 3946 Dominus
2509 3901 2563 3947 et
2619 3890 2872 3947 Salvator
2911 3892 3215 3961 abuegatus
3252 3901 3336 3945 est
3374 3907 3401 3944 a
3453 3891 3532 3942 di-

1925 3986 2198 4049 centibus,
2255 3982 2374 4039 Non
2428 3983 2698 4040 habemus
2752 3999 2933 4054 regem
2974 3984 3075 4037 nisi
3133 3983 3433 4037 Ctesarem.
3470 3979 3535 4031 Et

1927 4077 2304 4148 unusquisque
2345 4085 2594 4132 nostrum
2631 4078 2766 4132 ficus
2815 4087 2898 4132 est
2929 4078 2983 4132 in
3015 4078 3170 4131 vinea
3208 4076 3446 4141 Domini,
3481 4077 3533 4129 in

1925 4172 2169 4228 Ecclesia
2198 4171 2451 4237 scilicet,
2486 4171 2569 4226 vel
2601 4171 2928 4240 simpliciter
2959 4173 3212 4238 dicendo,
3247 4172 3297 4224 in
3333 4170 3537 4224 mundo

1927 4266 2031 4320 hoc
2062 4263 2329 4334 plantata.
2361 4260 2524 4318 Venit
2567 4263 2733 4333 igitur
2762 4263 2911 4319 Deus
2939 4279 3192 4332 quarrens
3243 4262 3482 4316 fructum
3519 4277 3531 4313 :

1925 4367 1980 4414 et
2009 4359 2056 4412 si
2089 4358 2364 4413 invenerit
2392 4370 2442 4412 te
2468 4359 2676 4426 absque
2722 4356 2923 4423 fructu,
2983 4357 3140 4428 jubet
3205 4366 3264 4411 ut
3311 4371 3375 4411 ex
3436 4357 3540 4410 hac

1929 4452 2036 4505 vita
2073 4450 2353 4506 exseceris
2408 4465 2422 4515 ;
2475 4460 2531 4503 at
2566 4451 2744 4503 cultor
2795 4449 2972 4505 vinea:
3025 4449 3299 4518 supplicat
3334 4458 3395 4502 ut
3441 4448 3539 4501 tibi

209 4543 273 4597 δὲ
303 4545 690 4613 ἀμπελουργὸς
719 4545 956 4600 ἱκετεύει
1002 4547 1322 4616 φείσασθαι.
1366 4550 1462 4612 Τίς
1492 4549 1550 4604 δὲ
1579 4552 1605 4602 ό
1639 4553 1808 4622 ἀμπε-

1931 4553 2206 4614 parcatnr.
2241 4543 2377 4610 Quis
2410 4553 2595 4599 autem
2649 4542 2739 4596 ille
2775 4543 2957 4596 cultor
2989 4542 3200 4596 vineae?
3254 4539 3353 4596 Vel
3407 4555 3541 4594 suus

209 4635 483 4707 λουργός;
525 4639 595 4691 Ἦ
627 4639 655 4692 6
682 4638 916 4708 ἄγγελος
951 4641 978 4692 ὁ
1016 4640 1248 4693 ἑκάστου
1284 4641 1490 4710 φύλαξ,
1525 4642 1558 4714 ἢ
1592 4645 1688 4696 καὶ
1721 4645 1818 4697 αύ-

209 4730 306 4791 τὸς
336 4731 365 4783 6
394 4729 682 4800 ἄνθρωπος
709 4749 722 4763 ·
769 4732 1001 4796 ἕκαστος
1048 4733 1159 4804 γὰρ
1211 4735 1376 4796 αὐτὸς
1428 4735 1610 4804 ἐαυτῷ
1640 4737 1820 4805 ἀμπε-

212 4821 469 4891 λουργός.
513 4824 781 4888 Πολλάκις
831 4824 926 4878 οὖν
973 4827 1307 4897 ἀρρωστίαις
1344 4826 1741 4892 θανατώδεαιν,
1783 4831 1817 4899 ἦ

213 4908 401 4973 ἄλλοις
432 4911 697 4976 κινδύνοις
729 4931 792 4968 πε
806 4916 1142 4985 ριπεσόντες,
1175 4918 1366 4984 Ἄφες,
1412 4911 1456 4970 ὧ
1492 4918 1690 4990 Κύριε,
1721 4920 1814 4973 λέ-

216 5019 415 5075 γομεν,
453 5005 548 5058 καὶ
579 5005 743 5060 τοῦτο
777 5008 835 5060 τὸ
863 5008 1002 5073 ἔτος,
1044 5011 1140 5062 καὶ
1186 5012 1627 5082 μετανοήσομεν·
1662 5012 1822 5067 τοῦτο

217 5097 334 5167 γὰρ
369 5097 521 5167 δηλοῖ
549 5099 610 5151 τὸ
652 5100 881 5170 σκάψαι,
917 5101 1017 5154 καὶ
1068 5102 1388 5172 περισαλεῖν
1420 5104 1649 5176 κοπρίᾳ.
1677 5106 1821 5160 Σκά-

221 5207 427 5244 πτεται
459 5191 557 5261 μὲν
588 5193 697 5261 γὰρ
724 5193 756 5261 ἡ
784 5192 955 5264 ψυχὴ,
978 5194 1119 5246 ἱταν
1149 5195 1241 5246 τὸν
1264 5195 1392 5264 χοῦν
1413 5196 1520 5249 τῶν
1548 5195 1823 5265 βιωτικῶν

220 5283 526 5354 φροντίδων
556 5285 1022 5357 ἁποτινὰσσηται.
1073 5287 1168 5342 καὶ
1207 5288 1562 5358 κουφίζηται.
1601 5290 1825 5360 Κόπρια

219 5376 278 5430 δὲ
314 5376 456 5447 αὐτῇ
503 5378 950 5448 περιϐάλλονται,
995 5383 1026 5452 ἢ
1076 5385 1173 5453 τῆς
1215 5384 1550 5454 ἀτιμοτέρας
1590 5385 1818 5453 ἀγωγῆς

217 5469 319 5525 καὶ
363 5471 515 5542 παρὰ
551 5474 772 5526 πάντων
803 5476 1304 5546 καταπατουμένης
1344 5477 1621 5548 θερμότης
1650 5495 1663 5510 ο
1693 5479 1825 5532 ὅταν

220 5564 334 5634 γάρ
363 5581 448 5626 τις
490 5566 599 5618 ἀπὸ
626 5566 784 5636 δόξης
814 5570 893 5630 εἰς
925 5567 1114 5633 ἄδοξον
1159 5569 1274 5640 βίον
1317 5572 1512 5624 ἑαυτὸν
1559 5571 1830 5644 empsim

222 5655 317 5710 διὰ
350 5655 449 5725 τὴν
478 5656 580 5724 τῆς
612 5655 794 5725 ψυχῆς
843 5660 1143 5732 σωτηρίαν,
1175 5661 1382 5734 κόπρια
1409 5663 1627 5733 λέγεται
1668 5681 1825 5735 περι-

309 5841 346 5870 ¹¹
389 5839 528 5897 l'sal.
559 5861 646 5913 GV,
683 5846 774 5901 ‘20.

1929 4639 2196 4708 cujusque
2233 4645 2420 4693 custos
2451 4636 2697 4708 angelus,
2737 4636 2819 4692 vel
2851 4637 3014 4690 etiam
3054 4637 3216 4690 homo
3240 4637 3390 4705 ipse:
3421 4650 3535 4689 sua:

1929 4738 2076 4790 enim
2111 4736 2285 4790 vinea:
2315 4734 2551 4804 quisque
2579 4732 2757 4788 cultor
2787 4742 2896 4788 est.
2937 4733 3092 4802 Saepe
3124 4732 3290 4803 igitur
3326 4747 3448 4785 cmn
3485 4731 3537 4784 in

1927 4829 2157 4885 lethales
2193 4827 2416 4883 morbos
2457 4827 2541 4880 vel
2576 4825 2680 4879 alia
2719 4824 2961 4896 pericula
2994 4825 3286 4878 incidimus
3322 4841 3333 4875 :
3381 4824 3536 4887 Sine,

1929 4938 1961 4977 ο
2009 4919 2258 4985 Domine,
2288 4919 2547 4983 dicimus,
2599 4918 2764 4972 etiam
2803 4919 2907 4971 hoc
2937 4932 3101 4982 anno,
3173 4927 3227 4971 et
3270 4918 3542 4984 poeniten-

1934 5015 2063 5068 tiam
2094 5028 2341 5082 agemus.
2374 5010 2487 5066 Hoc
2523 5012 2669 5066 enim
2712 5010 2988 5081 significat
3018 5008 3206 5064 fodere
3237 5019 3293 5064 et
3324 5010 3544 5064 mittere

1928 5107 2073 5162 circa
2107 5105 2255 5158 illam
2293 5115 2529 5158 stercus.
2562 5103 2790 5158 Foditur
2832 5103 3036 5172 quippe
3079 5103 3283 5165 anima,
3323 5103 3542 5170 quando

1933 5198 2216 5253 decutitur
2241 5197 2624 5266 temporalium
2652 5210 2910 5250 curarum
2928 5194 3137 5264 pulvis,
3165 5203 3219 5249 et
3250 5194 3542 5248 alleviatur

1933 5293 2070 5362 ipsa.
2113 5290 2339 5347 Stercus
2376 5305 2506 5344 vero
2559 5289 2904 5359 circumponi
2961 5288 3142 5358 signat
3181 5287 3452 5341 fervorem
3491 5295 3541 5340 et

1933 5384 2284 5440 severitatem
2322 5383 2375 5438 in
2410 5382 2493 5435 via
2542 5381 2745 5444 viliori,
2781 5379 3117 5449 paenitentiae
3148 5377 3377 5441 scilicet,
3422 5392 3542 5444 qure

1935 5479 2004 5534 ab
2037 5477 2292 5534 omnibus
2322 5477 2712 5531 conten-.nitur.
2764 5474 2996 5541 Quando
3023 5473 3168 5528 enim
3193 5471 3316 5540 quis
3366 5487 3393 5522 ιι
3424 5471 3540 5539 glo-

1939 5573 2020 5627 ria
2055 5571 2106 5626 in
2145 5570 2311 5623 vitam
2363 5567 2652 5638 ingloriam
2687 5580 2746 5620 se
2786 5563 3030 5620 demittit
3066 5571 3288 5633 prepter
3308 5559 3543 5617 salutent

1938 5663 2156 5730 animm,
2214 5670 2430 5717 stercus
2467 5660 2614 5715 circa
2669 5658 2905 5714 animam
2963 5657 3177 5711 mittere
3225 5652 3429 5709 dicitur
3477 5654 3545 5707 ad
