4030 6398
595 281 701 348 915

1502 286 1599 348 Tll
1613 285 1808 347 EOI’H
1821 284 2084 346 YLACTI
2131 283 2548 346 BULGARIE
2585 288 2624 346 A
2639 288 2818 347 RCHI
2837 289 2940 347 EP.

3753 291 3854 355 916

594 394 695 449 hoc
733 401 789 448 ut
845 395 1076 448 fructum
1120 395 1297 449 faciat.
1349 396 1401 450 Si
1457 397 1675 464 quidem
1727 395 2020 450 fecerimus
2055 394 2138 448 frn

2277 392 2467 450 ϐαλεῖν
2511 398 2577 466 τῇ
2622 396 2769 466 ψυχῇ
2822 398 2956 466 πρὸς
3014 397 3072 448 τὸ
3124 399 3590 470 καρποφορῆσαν
3650 398 3747 451 ἐὰν
3781 403 3875 470 μέν

591 499 740 541 ctum
781 507 795 543 :
835 489 917 542 sin
958 490 1156 554 minus,
1190 506 1295 544 non
1326 491 1464 545 ultra
1493 491 1751 559 relinquit
1791 505 1887 545 nos
1919 490 1974 544 in
2015 490 2171 546 vinea

590 595 686 632 sua
711 618 727 644 ,
768 581 862 635 sed
897 589 1114 634 exsecat
1145 594 1172 634 a
1212 581 1434 648 mundo,
1489 592 1545 634 ut
1584 597 1653 635 ne
1687 581 1892 635 frustra
1937 596 2171 650 occupe-

591 689 709 726 mus
745 674 942 727 loenm.
979 674 1325 728 Peccatorem
1353 676 1494 730 enim
1528 675 1649 742 quis
1675 673 1865 728 videns
1894 675 1984 728 ditt
2015 675 2169 730 diffe-

593 775 818 829 rentem,
853 765 1160 828 offenditur,
1219 778 1272 820 et
1323 767 1475 836 pejor
1511 770 1571 821 fit
1619 784 1632 825 :
1668 778 1722 822 et
1761 769 1841 822 sic
1897 768 2169 823 invenitur

589 863 845 919 peccator
873 873 1044 926 neque
1073 857 1188 926 ipse
1218 856 1448 911 fructum
1483 857 1722 924 faciens,
1750 867 1805 916 et
1840 858 2003 912 alium
2033 873 2169 927 quo-

585 963 690 1016 que
733 947 1029 1017 impediens
1086 966 1152 1001 ne
1185 950 1352 1021 386
1401 950 1637 1006 fructum
1696 952 1881 1006 faciat.
1920 952 2071 1019 Quod
2121 952 2164 1005 si

583 1049 868 1092 exsrcetur
897 1055 958 1093 cx
1020 1043 1122 1094 hac
1164 1042 1295 1104 vita,
1353 1042 1599 1098 fortassis
1649 1044 1683 1096 ii
1737 1045 1824 1112 qui
1885 1053 2162 1099 exsectum

585 1132 839 1196 viderint,
864 1134 966 1187 hoc
997 1135 1181 1188 animo
1212 1151 1395 1188 secum
1429 1136 1845 1204 perpendentes,
1877 1137 2164 1190 mutabun-

582 1235 668 1276 tur
698 1236 749 1277 et
784 1225 1016 1279 fructum
1049 1227 1269 1280 facient.
1307 1227 1503 1283 Tribus
1537 1238 1716 1282 autent
1755 1228 1912 1282 annis
1965 1227 2165 1282 dicitur

584 1317 973 1382 paterfamilias
1023 1320 1202 1371 vrnire
1273 1319 1339 1374 ad
1396 1321 1588 1384 ficum,
1643 1321 1890 1377 fortassis
1943 1329 2164 1391 propter

580 1424 690 1466 tres
720 1413 864 1479 leges
893 1428 1028 1482 quas
1068 1415 1225 1468 nobis
1256 1413 1400 1466 dedit
1435 1425 1488 1470 et
1536 1416 1733 1485 quibus
1765 1415 1830 1469 ad
1882 1429 1982 1470 nos
2015 1415 2163 1468 venit

583 1505 875 1568 Dominus,
925 1521 1043 1573 quzc
1094 1517 1220 1559 sunt
1277 1508 1569 1572 naturalis,
1623 1507 1845 1575 legalis,
1891 1517 1947 1562 et
1999 1507 2162 1577 Spiri-

580 1597 759 1653 tualis.
792 1596 1080 1666 Oportebat
1113 1614 1245 1653 sane
1278 1615 1375 1654 nos
1401 1599 1631 1654 naturali
1659 1599 1775 1669 lege
1799 1598 2162 1653 commonitos

577 1691 810 1743 fructum
866 1691 1042 1744 facere
1092 1711 1104 1745 :
1165 1708 1289 1746 nam
1350 1703 1540 1747 natura
1593 1694 1753 1748 docet
1797 1694 1926 1761 quid
1981 1691 2160 1746 facere

575 1791 826 1846 oporteat
861 1801 874 1834 :
905 1793 959 1835 at
990 1785 1113 1852 quia
1151 1785 1201 1838 in
1239 1785 1398 1840 nobis
1451 1786 1750 1840 naturalem
1795 1785 2001 1838 invenit
2031 1783 2156 1838 inu-

577 1873 748 1936 tilem,
778 1875 918 1927 dedit
943 1887 995 1929 et
1024 1875 1309 1930 Mosaieam
1344 1877 1514 1946 legem
1543 1887 1752 1931 natura:
1783 1876 2110 1946 adjutricem
2139 1896 2153 1930 ι

575 1982 693 2033 qua:
742 1982 863 2020 cum
927 1977 980 2021 et
1025 1969 1134 2037 ipsa
1188 1969 1401 2022 irvcnta
1447 1979 1528 2023 est
1576 1969 1891 2037 infrugifera
1939 1979 2158 2038 propter

577 2068 814 2110 nostram
845 2060 1130 2122 desidiam,
1164 2063 1371 2118 addidit
1400 2074 1452 2117 et
1475 2063 1838 2132 spiritualcm.
1866 2063 1970 2119 Ubi
1994 2065 2157 2132 igitur

577 2162 688 2204 tres
725 2151 830 2205 illa:
862 2169 966 2206 non
1003 2154 1281 2210 meliorem
1329 2157 1666 2212 reddiderint
1701 2158 2004 2227 cujuspiam
2042 2159 2158 2212 aui-

579 2259 745 2308 mam,
783 2261 956 2313 neque
991 2247 1404 2314 longanimitate
1444 2259 1496 2304 et
1545 2252 1916 2305 misericordia
1969 2250 2061 2305 Dei
2101 2250 2158 2304 fit

572 2334 933 2396 emendatior,
969 2347 1094 2390 tunc
1123 2348 1304 2404 postea
1340 2354 1560 2394 monere
1590 2356 1693 2393 non
1725 2341 1862 2393 ultra
1903 2341 2103 2396 sinitur
2143 2360 2154 2396 :

578 2442 683 2478 non
730 2427 874 2479 enim
931 2427 1072 2480 Deus
1104 2443 1246 2496 saepe
1280 2429 1854 2497 procrastinationibns
1888 2429 2152 2485 illnditnr.

567 2518 704 2588 Quid
737 2526 915 2572 autem
947 2519 991 2574 si
1029 2535 1123 2588 per
1152 2531 1262 2574 tres
1319 2537 1489 2576 annos
1539 2533 1756 2578 :ctatum
1795 2534 1967 2578 status
1997 2525 2157 2579 intel—

568 2587 737 2677 ligas?
771 2587 1100 2677 Pueritiam,
1160 2612 1259 2665 hoc
1313 2621 1396 2668 est
1444 2614 1864 2669 adolescentiam
1934 2627 2060 2670 octo
2103 2626 2155 2670 et

573 2701 765 2751 decem
819 2714 1085 2754 annorum
1131 2720 1143 2753 :
1200 2703 1434 2766 virilem,
1475 2713 1528 2757 et
1578 2704 1791 2758 tertiam
1842 2721 2027 2760 eorum
2064 2707 2154 2776 qui

565 2792 675 2858 jam
709 2792 980 2861 incipiunt
1024 2793 1141 2847 fieri
1175 2796 1362 2848 vetuli.
1409 2796 1637 2861 Quando
1685 2799 1851 2867 igitur
1896 2801 1948 2854 in
1993 2801 2156 2856 tertio

569 2899 732 2948 anno,
767 2883 868 2938 hoc
891 2898 975 2939 est
1022 2897 1263 2950 senecta,
1291 2903 1395 2942 non
1421 2889 1616 2944 damus
1643 2891 1871 2958 fructus,
1897 2901 1950 2946 et
1977 2892 2155 2947 adhuc

569 2977 939 3045 permittimur
973 2979 1155 3035 vivere
1205 2990 1264 3033 ut
1322 2980 1641 3044 adjiciamus
1695 2994 1927 3050 stercus,
1985 2983 2150 3038 vilem

2275 487 2368 541 οὖν
2399 491 2715 560 ποιήσωμεν
2755 489 2985 558 καρπὸν,
3019 492 3066 542 εί
3089 489 3144 542 δὲ
3194 492 3362 561 μήγε,
3413 491 3605 546 οὐκέτι
3641 494 3862 562 ἀφίησιν

2277 584 2425 653 ἡμᾶς
2457 586 2517 635 ἐν
2559 583 2635 652 τῷ
2676 583 2961 653 ἀμπελῶνι
2993 583 3161 638 αὑτοῦ
3183 627 3196 649 ,
3247 585 3365 639 ἀλλ’
3397 588 3668 642 ἐκκόπτει
3720 589 3869 642 τοῦδε

2275 674 2369 726 τοῦ
2406 675 2638 744 κόσμου,
2671 677 2758 728 ἵνα
2787 675 2862 746 μὴ
2887 677 3255 746 καταργῶμεν
3284 679 3374 731 τὸν
3404 681 3577 733 τόπον
3598 698 3612 712 ·
3649 681 3742 733 τὸν
3765 680 3869 752 γὰρ

2277 765 2606 835 ἁμαρτωλὸν
2639 768 3076 838 πολυχρονοῦντα
3110 769 3324 838 βλέπων
3373 788 3459 834 τις
3481 811 3495 834 ,
3541 771 3865 841 βλάπτεται,

2275 860 2367 910 καὶ
2402 857 2602 929 χείρων
2634 861 2844 928 γίνεται
2867 879 2878 890 ⁸
2914 864 3009 915 καὶ
3043 862 3219 927 οὕτως
3270 865 3593 935 εὑρίσκεται
3631 869 3660 919 6
3691 869 3869 938 ἁμαρ-

2272 952 2440 1015 τωλὸς
2487 941 2630 1024 μήτε
2683 956 2846 1020 αὐτὸς
2899 960 3298 1028 καρποφορῶν,
3355 959 3453 1012 καὶ
3490 959 3642 1029 ἄλλῳ
3696 963 3867 1030 ἐμπο-

2269 1046 2433 1111 δίζων
2461 1047 2751 1119 δυναμένῳ
2798 1055 3192 1122 καρποφορεῖν.
3243 1053 3303 1105 Εἰ
3351 1053 3407 1107 δὲ
3445 1056 3663 1124 ἐκκοπῇ
3711 1053 3866 1108 τοῦδε

2269 1137 2364 1192 τοῦ
2407 1138 2561 1210 βίου,
2615 1141 2758 1211 τάχα
2812 1143 2861 1194 οἱ
2919 1144 3228 1198 ἐκκοπέντα
3279 1145 3444 1197 αὑτὸν
3499 1145 3742 1209 ίδόντες,
3788 1148 3866 1209 εἰς

2271 1231 2630 1302 συναίσθησιν
2677 1233 2989 1303 ἐρχόμενοι,
3031 1235 3466 1304 μεταϐαλοῦνται
3517 1239 3612 1290 καὶ
3662 1256 3868 1306 acapno-

2268 1325 2592 1393 φορήσουσι.
2644 1326 2784 1394 Τρία
2836 1325 2892 1379 δὲ
2927 1327 3020 1397 ἔτη
3075 1327 3294 1396 λέγεται
3344 1329 3606 1400 ἔρχεσθαι
3653 1333 3681 1383 6
3720 1331 3868 1383 οίκο-

2267 1413 2542 1485 δεσπότης
2567 1417 2661 1469 ἐπὶ
2691 1416 2789 1486 τὴν
2827 1419 3020 1488 συκῆν,
3053 1419 3196 1490 τάχα
3230 1421 3328 1491 μὲν
3359 1424 3454 1474 καὶ
3491 1421 3582 1475 διὰ
3622 1423 3686 1475 τὺ
3718 1425 3867 1494 τρεῖς

2265 1500 2405 1560 εἶναι
2449 1509 2575 1572 τοὺς
2620 1508 2945 1579 δεδομένους
2993 1515 3126 1582 ἡμῖν
3162 1513 3381 1582 νόμους,
3436 1515 3504 1567 δι’
3537 1510 3613 1569 ὧν
3641 1515 3866 1586 ἔρχεται

2268 1596 2404 1664 πρὸς
2447 1597 2596 1667 ἡμᾶς
2629 1601 2658 1651 6
2705 1598 2946 1673 Κύριος
3004 1602 3111 1654 εἰσὶ
3158 1602 3214 1654 δὲ
3251 1598 3417 1669 οὗτοι,
3465 1607 3492 1656 6
3540 1607 3804 1673 φυσικὸς,
3839 1607 3867 1658 6

2264 1689 2521 1758 νομικὸς,
2579 1691 2671 1744 καὶ
2725 1694 2751 1744 6
2798 1695 3190 1762 πνευματικός.
3248 1696 3396 1749 Ἔδει
3460 1698 3562 1766 μὲν
3615 1697 3728 1766 γὰρ
3784 1699 3863 1765 τῷ

2265 1778 2484 1850 φυσικῷ
2517 1781 2667 1851 νόμῳ
2711 1782 3140 1853 παιδευομένους
3189 1787 3336 1854 ἡμᾶς
3383 1791 3784 1857 καρποφορεῖν·
3827 1789 3860 1855 ἡ

2263 1872 2368 1940 γὰρ
2403 1869 2564 1938 φύσις
2591 1872 2758 1942 αὐτὴν
2787 1874 3028 1927 διδάσκει
3062 1876 3121 1928 τὸ
3147 1876 3293 1929 ὀέσνο
3334 1880 3456 1930 ἐπεὶ
3483 1879 3540 1930 δὲ
3582 1879 3866 1949 ἄχρηστον

2262 1954 2421 2028 εὗρεν
2466 1965 2523 2015 ἐν
2577 1967 2707 2033 ἡμῖν
2743 1966 2832 2018 τὺν
2885 1968 3138 2034 φυσικὸν,
3199 1969 3367 2021 ἔδωκε
3412 1972 3504 2022 τὸν
3558 1970 3867 2024 Μωσαῐκὸν

2265 2055 2458 2126 βοηθὸν
2491 2056 2585 2108 "66
2631 2058 2864 2124 φυσικοῦ
2896 2061 3064 2128 νόμου
3091 2079 3103 2090 ·
3157 2061 3232 2124 ὼς
3260 2062 3316 2113 δὲ
3357 2063 3445 2114 καὶ
3480 2056 3637 2123 οὗτος
3681 2063 3863 2131 ἄχρη-

2262 2165 2382 2210 στος
2415 2149 2500 2201 διὰ
2532 2149 2628 2220 τὴν
2664 2151 2936 2221 ρᾳθυμίαν
2988 2153 3144 2221 ἡμῶν
3185 2153 3502 2224 εὑρίσκετο.
3553 2152 3741 2206 δίδωσι
3773 2155 3868 2209 τῖν

2267 2241 2633 2309 πνευματικόν
2684 2244 2813 2294 ὅταν
2837 2241 2928 2296 οὖν
2959 2247 3006 2297 οἱ
3037 2248 3184 2312 τρεῖς
3214 2242 3359 2298 οὗτοι
3391 2246 3466 2316 μὴ
3491 2245 3858 2316 βελτιώσουσι

2260 2336 2359 2402 τήν
2383 2352 2524 2398 τινος
2556 2336 2753 2407 cpi-mw.
2786 2338 2918 2407 μηδέ
2950 2338 3054 2391 ὑπὸ
3082 2339 3179 2409 τῆς
3210 2341 3566 2411 μακροζωῖας
3594 2345 3694 2396 καὶ
3730 2343 3864 2411 φιλ-

2259 2428 2577 2499 ανθρωπίας
2651 2432 3010 2502 βελτιωἿείη,
3085 2434 3204 2486 τότε
3262 2434 3325 2503 δὴ
3383 2437 3462 2497 εἰς
3523 2435 3586 2488 τὸ
3661 2437 3864 2504 μέλλον

2259 2521 2443 2576 οὐκέτι
2479 2523 2635 2576 ἐᾶται
2677 2541 2688 2554 ·
2721 2525 2781 2576 οὐ
2819 2526 2927 2593 γὰρ
2973 2525 3232 2589 πολλάκις
3278 2525 3624 2590 ἐξαπατᾶται
3662 2531 3694 2581 6
3726 2529 3867 2594 Θεὸς

2259 2618 2377 2677 ταῖς
2407 2617 2835 2688 ὑπερημερὶαις.
2873 2619 3102 2688 Μήποτε
3133 2621 3188 2673 δε
3226 2623 3320 2674 καὶ
3350 2622 3480 2693 τρία
3514 2624 3614 2694 ἔτη
3651 2625 3864 2696 νοήσῃς

2261 2709 2358 2771 τὰς
2399 2711 2547 2778 τρεῖς
2579 2713 2942 2776 καταστάσεις
2975 2714 3083 2766 τῶν
3117 2716 3377 2784 ἡλικιῶν;
3413 2715 3525 2788 Τὴν
3557 2719 3856 2787 παιδικὴν,

2261 2800 2380 2868 ἦτοι
2417 2800 2526 2853 τῶν
2559 2804 2886 2872 μειρακίων,
2925 2808 3046 2877 ἥτις
3077 2809 3207 2878 περὶ
3244 2809 3312 2862 τὰ
3346 2809 3732 2866 ὀκτωκαίδεκα
3759 2813 3861 2884 ἐτη

2259 2892 2571 2958 λογίζεται’
2616 2896 2718 2966 τὴν
2765 2898 3059 2970 ἀνδρικὴν,
3098 2903 3192 2953 καὶ
3224 2903 3324 2972 τὴν
3375 2902 3567 2974 τρίτην
3591 2904 3705 2958 τῶν
3753 2906 3858 2977 ἤδη

2257 2984 2581 3054 ἀρξαμένων
2613 2989 2951 3043 πολιοῦσθαι.
3009 2992 3182 3045 Ὅταν
3226 2989 3320 3046 οὖν
3376 2996 3432 3047 ἐν
3455 2995 3532 3064 τῷ
3565 2997 3738 3068 γήρᾳ,
3778 2998 3862 3067 τῷ

571 3067 907 3135 paenitentiae
943 3068 1111 3121 vitam
1143 3079 1365 3139 propter
1398 3069 1677 3125 Christum
1712 3074 2062 3143 accipientes,
2097 3083 2149 3127 et

2257 3077 2426 3146 τρίτῳ
2450 3077 2583 3140 ἐτει,
2614 3080 2674 3132 οὐ
2710 3081 2893 3152 δῶμεν
2924 3085 3196 3154 καρποὺς,
3232 3085 3326 3138 καὶ
3360 3085 3441 3139 ἔτι
3476 3067 3862 3159 συγχωρηθῶ-

569 3158 764 3212 deinde
790 3159 955 3212 etiam
987 3169 1113 3213 tunc
1149 3165 1462 3225 mentimur,
1496 3178 1603 3218 non
1649 3165 1788 3218 ultra
1823 3165 1976 3220 nobis
2021 3181 2146 3235 par-

565 3257 652 3303 cet
695 3247 971 3313 Dominus,
1004 3253 1098 3305 sed
1127 3253 1358 3318 excidet,
1391 3265 1448 3307 ut
1495 3270 1562 3310 ne
1589 3255 1786 3311 frustra
1820 3273 2151 3327 occupemus

568 3348 793 3404 terram,
867 3351 919 3395 et
971 3341 1123 3396 alios
1175 3343 1530 3400 offendamus.
1592 3347 1660 3402 Et
1714 3351 1826 3403 bace
1879 3352 2150 3419 expositio

563 3435 841 3504 proposito
877 3437 1042 3490 textui
1075 3451 1312 3493 consona
1357 3439 1484 3492 milii
1522 3443 1751 3495 videtur.

635 3695 793 3750 Vens.
840 3695 1021 3749 10-17.
1073 3716 1090 3748 ι
1143 3696 1375 3753 Docebat
1427 3710 1606 3755 autem
1657 3703 1706 3754 in
1761 3720 1862 3756 una
1911 3720 2145 3775 synago-

561 3805 751 3857 garum
791 3788 1047 3843 Sabbatis
1094 3810 1104 3847 :
1137 3803 1189 3846 et
1225 3809 1349 3846 ecce
1373 3796 1566 3849 mulier
1614 3813 1734 3866 quae
1767 3798 1999 3853 habebat
2031 3802 2145 3870 spi-

561 3882 723 3935 ritum
745 3882 1078 3938 infirmitatis
1110 3888 1267 3941 annis
1291 3889 1478 3941 deceru
1512 3900 1563 3942 et
1593 3900 1738 3954 octo,
1762 3901 1985 3961 eratque
2015 3909 2145 3946 con-

559 3979 754 4036 tracta,
790 3988 891 4026 nec
939 3974 1159 4027 omnino
1211 3986 1420 4043 poterat
1456 3979 1669 4048 erigere
1719 3992 1883 4050 caput
1938 4000 2142 4052 :quam

558 4081 679 4116 cum
717 4066 922 4118 videret
954 4065 1129 4130 Jesns,
1163 4073 1378 4123 vocavit
1409 4087 1525 4125 eam
1570 4075 1635 4126 ad
1678 4090 1757 4138 se,
1791 4086 1842 4128 et
1881 4078 1957 4131 ait
2013 4078 2086 4132 illi
2125 4097 2136 4132 :

562 4155 775 4217 Mulier,
811 4157 1038 4211 liberata
1072 4173 1131 4211 es
1159 4162 1226 4211 ab
1260 4161 1574 4218 infirmitate
1623 4175 1734 4219 tua.
1774 4167 1838 4220 Et
1884 4170 2140 4239 imposuit

559 4247 633 4300 illi
665 4264 882 4312 manus,
914 4259 969 4304 et
1005 4249 1290 4305 confestim
1325 4265 1506 4308 erecta
1537 4266 1656 4319 est,
1709 4269 1763 4313 et
1801 4261 2140 4328 gloriﬁcabat

559 4343 748 4394 tteinn.
804 4340 1159 4410 Respondeas
1208 4357 1390 4398 autem
1429 4348 1687 4418 princeps
1722 4348 2023 4423 Synagoga:
2058 4357 2142 4408 in-

553 4431 786 4500 dignans
807 4433 950 4500 quod
976 4431 1215 4486 Sabbato
1234 4448 1477 4490 sanasset
1498 4435 1681 4503 Iesus,
1703 4442 1918 4496 dicebat
1945 4446 2134 4500 turluez

2257 4464 2591 4528 ὶγανακτῶν,
2622 4470 2646 4520 6

558 4525 662 4579 Sex
693 4525 807 4579 dies
835 4536 960 4582 sunt
990 4527 1042 4580 in
1073 4527 1267 4597 quibus
1293 4539 1507 4596 oportet
1535 4537 1748 4601 Operari
1787 4552 1799 4588 :
1831 4539 1882 4590 in
1917 4538 1984 4591 iis
2007 4554 2162 4608 ergo-

558 4620 736 4672 venite
768 4629 826 4671 ut
858 4621 1157 4684 sanemini,
1189 4630 1241 4674 et
1273 4637 1377 4675 non
1408 4623 1458 4676 in
1489 4624 1573 4678 die
1601 4626 1843 4684 Sabbati.
1891 4629 2137 4703 liespon—
2181 4647 2184 4649 '

553 4713 687 4765 deus
720 4722 901 4766 autem
947 4713 1013 4767 ad
1055 4713 1202 4766 illum
1250 4713 1512 4772 Dominus
1562 4720 1698 4775 dixit
1736 4741 1748 4774 :
1807 4722 2134 4795 Ilypocrita,

553 4807 927 4876 unusquisque
960 4816 1198 4862 vestrum
1233 4807 1471 4866 Sabbato
1510 4827 1689 4870 nonne
1741 4820 1900 4871 solvit
1944 4821 2136 4874 bovem

552 4915 709 4952 suum
762 4908 858 4953 aut
909 4899 1125 4955 asinum
1173 4916 1203 4957 a
1238 4905 1488 4976 praesepi,
1542 4918 1595 4961 et
1645 4910 1796 4963 ducit
1841 4916 2139 4981 aquatum?

553 4990 704 5044 llanc
735 5002 917 5045 autem
951 4991 1114 5047 filiam
1155 4994 1387 5051 Abralue
1408 5037 1422 5061 ,
1449 5014 1609 5067 quam
1636 5000 1877 5074 alligavit
1902 5005 2136 5064 Satanas

548 5097 678 5138 ecce
717 5085 902 5138 decem
951 5096 1005 5138 ct
1053 5095 1178 5141 octo
1230 5090 1424 5152 annis,
1469 5106 1574 5145 non
1625 5097 1870 5162 oportuit
1926 5096 2059 5152 solvi
2104 5114 2132 5152 a

552 5175 764 5230 vinculo
837 5176 940 5231 isto
987 5178 1076 5233 die
1127 5178 1388 5234 Sabbati?
1431 5181 1496 5235 Et
1546 5199 1668 5239 euzu
1718 5188 1832 5244 lucc
1891 5189 2129 5254 diceret,

545 5269 942 5323 erubescebant
969 5285 1159 5327 omnes
1213 5275 1508 5330 adversarii
1551 5277 1705 5347 ejus,
1748 5291 1801 5335 et
1828 5283 2006 5338 omnis
2037 5300 2132 5354 po-

548 5359 707 5427 pulus
737 5359 1007 5428 gaudebat
1034 5377 1198 5431 super
1229 5366 1502 5422 universis
1532 5384 1648 5435 quae
1669 5372 1904 5441 gloriose
1933 5373 2134 5432 flebant

546 5452 612 5504 ub
647 5466 735 5505 eo.
779 5470 798 5503 ι
841 5453 1055 5509 Morbus
1098 5456 1185 5511 ille
1227 5458 1438 5512 mulieri
1473 5461 1686 5518 diabolo
1735 5464 2005 5538 aflligente
2037 5487 2128 5526 ac-

544 5543 783 5606 ciderat,
819 5545 958 5599 sicut
993 5558 1047 5600 et
1081 5547 1337 5605 Dominus
1373 5551 1528 5619 dicit,
1558 5570 1720 5624 quam
1757 5560 1996 5631 alligavit
2028 5564 2113 5618 Sa-

548 5645 701 5690 tanas
732 5637 917 5691 decem
961 5648 1015 5693 et
1049 5651 1171 5695 octo
1220 5648 1398 5701 annis.
1447 5647 1578 5700 Nam
1611 5649 1858 5708 fortassis
1906 5670 2127 5726 propter

544 5739 766 5795 peccata
818 5732 1138 5788 derelictam
1175 5752 1200 5788 ιι
1238 5737 1343 5793 Deo
1380 5741 1584 5808 punitit
1639 5745 1886 5802 Satanas.
1931 5750 2123 5810 Omnia

2254 3186 2355 3239 μεν
2385 3170 2550 3239 ζῆσαι
2580 3173 2717 3243 πρὸς
2761 3175 2821 3228 τὺ
2857 3178 3178 3248 περιϐαλεῖν
3222 3180 3450 3251 κόπρια,
3506 3182 3606 3250 τὴν
3644 3183 3861 3254 ἄτιμον

2247 3263 2340 3316 διὰ
2373 3264 2610 3334 Χριστὸν
2655 3267 2800 3338 ζωὴν
2850 3271 3295 3344 ἐπανῃρημένοι,
3349 3269 3471 3327 εἶτα
3525 3277 3626 3328 καὶ
3674 3276 3861 3342 οὕτως

2249 3352 2590 3423 ψευσόμεθα.
2645 3358 2743 3410 οὐκ
2779 3359 2860 3412 ξτι
2898 3363 3149 3428 φείσεται
3189 3364 3348 3435 ἡμῶν
3387 3368 3414 3420 6
3465 3367 3698 3436 Κύριος,
3735 3370 3859 3424 ἀλλ’

2248 3444 2505 3513 ἐκκόψει,
2543 3445 2630 3498 ἵνα
2682 3450 2757 3517 μὴ
2807 3453 3181 3523 καταργῶμεν
3221 3457 3318 3524 τὴν
3356 3460 3460 3526 γῆν
3512 3460 3609 3511 καὶ
3657 3460 3858 3526 ἄλλους

2250 3536 2598 3603 βλάπτοντες.
2644 3539 2793 3609 Αὕτη
2848 3545 2877 3612 ἡ
2911 3545 3174 3615 ἐξήγησις
3209 3548 3356 3601 δοκεῖ
3383 3566 3474 3620 μοι
3501 3546 3644 3605 εἶναι
3676 3569 3860 3623 προσ-

2249 3645 2346 3696 φυε
2361 3629 2520 3700 στέρα
2549 3632 2624 3701 τῷ
2657 3633 2843 3704 σκοπῷ
2872 3636 2948 3706 τῷ
2983 3643 3353 3711 προκειμένῳ.

2325 3742 2341 3770 i
2383 3717 2494 3775 Ἦν
2534 3724 2589 3776 δέ
2647 3727 2914 3782 διδάσκων
2960 3733 3017 3783 ἐν
3076 3735 3178 3801 μιᾷ
3232 3734 3340 3787 τῶν
3391 3739 3744 3807 συναγωγῶν
3800 3743 3859 3794 ἐν

2248 3815 2357 3875 τοῖς
2412 3816 2688 3869 Σάϐϐασιο
2743 3823 2839 3872 καὶ
2895 3823 3004 3876 ἰδοὺ
3054 3827 3190 3896 γυνὴ
3249 3823 3314 3896 ἦν
3376 3832 3595 3900 πνεῦμα
3651 3832 3860 3903 ἔχουσα

2250 3904 2536 3970 ἀσθενείας
2571 3908 2664 3980 ἐτη
2698 3912 2829 3964 δέκα
2858 3917 2952 3968 καὶ
2978 3917 3147 3980 ὀκτὼ,
3190 3922 3296 3973 καὶ
3332 3916 3400 3992 ἦν
3430 3924 3854 3991 συγκύπτουσα,

2248 3997 2342 4050 καὶ
2386 3998 2460 4068 μὴ
2513 3999 2787 4074 δυναμένη
2823 4006 3102 4078 ἀνακύψαι
3151 4013 3231 4075 εἰς
3268 4013 3329 4066 τὸ
3380 4016 3690 4081 παντελές·
3730 4019 3856 4073 ίδὼν

2243 4088 2299 4140 δὲ
2334 4089 2506 4160 αὐτὴν
2545 4092 2572 4145 6
2620 4094 2838 4165 Ἰησοῦς
2876 4103 3294 4174 προσεφώνησε,
3338 4109 3432 4160 καὶ
3476 4104 3636 4162 εἶπεν
3674 4113 3852 4182 αὑτῇο

2245 4181 2434 4247 Γύναι,
2473 4186 2809 4242 ἀπολέλυσαι
2838 4193 2932 4262 τῆς
2964 4195 3254 4262 ἀσθενείας
3283 4217 3376 4253 σου
3401 4217 3414 4232 ο
3452 4204 3548 4254 κα)⁵
3574 4204 3854 4275 ἐπέθηκεν

2244 4273 2380 4346 αὐτῇ
2423 4277 2521 4340 τὰς
2561 4283 2787 4348 χεῖρας,
2833 4288 2928 4339 καὶ
2959 4293 3310 4362 παραχρῆμα
3357 4296 3701 4367 ἀνωρθώθη,
3742 4273 3852 4355 καὶ

2505 4375 2598 4426 τὸν
2629 4375 2787 4432 Θεόν,
2827 4379 3182 4452 Ἀποκριθεὶς
3225 4386 3279 4438 δὲ
3322 4388 3349 4440 6
3388 4389 3853 4462 ἀρχισυνάγωγος

2249 4555 2403 4623 ἔλεγε
2435 4558 2512 4624 τῷ
2555 4559 2727 4629 ὄχλῳ·
2781 4563 2879 4627 Ἐξ
2913 4567 3118 4638 ἡμέραι
3159 4573 3314 4635 εἰσὶν,
3348 4574 3404 4626 ἐν
3438 4570 3528 4638 αἷς
3559 4578 3644 4631 δεῖ
3679 4585 3848 4651 ἐργά-

2249 4648 2458 4710 ςεσθαι·
2497 4651 2555 4704 ἐν
2592 4653 2823 4718 ταύταις
2855 4656 2948 4711 οὖν
2988 4661 3276 4730 ἐρχόμενοι
3315 4663 3709 4739 θεραπεύεσθε,
3757 4678 3849 4727 καὶ

2252 4742 2323 4811 μὴ
2354 4745 2420 4812 τῇ
2459 4743 2645 4816 ἡμέρᾳ
2694 4747 2794 4836 τοῦ
2846 4750 3149 4808 Σαϐϐάτου.
3189 4755 3495 4830 Ἀπεκρίθη
3532 4761 3589 4815 δέ
3642 4766 3791 4836 αὐτῷ
3823 4770 3848 4818 6

2249 4836 2492 4906 Κύριος,
2530 4840 2623 4891 καὶ
2664 4835 2842 4894 εἶπεν·
2891 4842 3225 4916 ’Υποκριτὰ,
3276 4849 3506 4916 ἕκαστος
3567 4855 3724 4925 ὑμῶν
3770 4859 3847 4929 τῷ

2247 4927 2513 4996 Σαϐϐάτῳ
2544 4930 2604 4983 ού
2640 4931 2757 4985 λύει
2806 4934 2899 4988 τὸν
2949 4937 3079 5007 βοῦν
3118 4940 3284 4995 αὑτοῦ
3309 4982 3323 5005 ,
3361 4944 3394 5017 ἢ
3446 4945 3538 4998 τὸν
3571 4947 3694 5001 ὄνον
3737 4927 3846 5006 ἀπὶ

2243 5021 2344 5088 τῆς
2403 5022 2636 5095 φάτνης,
2683 5030 2779 5079 καὶ
2828 5029 3140 5098 ἀπαγαγὼν
3196 5034 3447 5100 ποτίζει;
3505 5039 3729 5112 Ταύτην
3789 5045 3844 5098 δὲ

2245 5112 2524 5185 θυγατέρα
2566 5117 2821 5190 Ἀϐραὰμ
2851 5120 3041 5189 οὖσαν,
3076 5125 3142 5195 ἣν
3176 5125 3369 5197 ἔδησεν
3401 5130 3427 5182 6
3455 5130 3705 5197 Σατανᾶς
3732 5136 3841 5190 ἰδοὺ

2241 5206 2376 5260 δέκα
2405 5209 2506 5262 καὶ
2537 5209 2684 5262 ὀκτὼ
2707 5211 2824 5282 ἐτη,
2857 5215 2958 5269 οὐκ
2986 5215 3095 5270 ἔδει
3126 5218 3356 5289 λυθῆναι
3379 5223 3600 5278 ἀπὸτοῦ
3632 5227 3840 5296 δεσμοῦ

2240 5299 2433 5352 τούτου
2477 5303 2542 5373 τῇ
2573 5304 2758 5376 ἡμέρᾳ
2788 5306 2884 5360 τοῦ
2909 5308 3221 5379 Σαϐϐάτου;
3254 5313 3363 5366 Καὶ
3386 5316 3560 5371 ταῦτα
3589 5319 3841 5387 λέγοντος

2239 5394 2438 5461 αὑτοῦ,
2475 5398 2884 5470 κατῃσχύνοντο
2913 5403 3115 5469 πάντες
3151 5408 3198 5459 οἱ
3238 5409 3616 5482 ἀντικείμενοι
3656 5418 3831 5486 αὐτῷ,

2240 5489 2333 5541 καὶ
2381 5490 2489 5553 πᾶς
2546 5491 2573 5544 6
2614 5491 2772 5562 ὄχλος
2818 5494 3042 5566 ἔχαιρεν
3085 5499 3177 5552 ἐπὶ
3234 5504 3371 5555 πᾶσι
3425 5507 3539 5570 τοῖς
3601 5508 3836 5574 ἐνδόξοις

2237 5582 2347 5642 τοῖς
2383 5583 2693 5652 γινομένοις
2733 5586 2824 5638 ὑπ’
2869 5589 3061 5644 αὑτοῦ.
3113 5611 3130 5644 ι
3181 5590 3271 5658 Ἐξ
3303 5595 3570 5667 ἐπηρείας
3593 5600 3832 5654 διαϐολι-

2239 5669 2342 5738 κῆς
2373 5671 2434 5724 τὸ
2459 5672 2633 5746 πάθος
2657 5675 2819 5729 τοῦτο
2847 5681 2913 5749 τῇ
2948 5685 3171 5747 γυναικὶ
3201 5685 3428 5758 συνέϐη,
3468 5690 3613 5742 καθά
3643 5692 3707 5758 δὴ
3741 5692 3832 5744 καὶ

2237 5765 2262 5815 ὁ
2307 5765 2509 5836 Κύριός
2541 5773 2734 5839 φησιν·
2773 5772 2834 5840 ἦν
2870 5773 3056 5841 ἕδησςν
3095 5779 3118 5828 ζ·
3154 5779 3395 5844 Σατανᾶς
3433 5781 3523 5852 ἔτη
3566 5783 3696 5836 δέκα
3737 5787 3826 5836 καὶ
