  <div class='ocr_page' id='page_1' title='image "/cluster/home/n/w/nwhite01/storage/ocr_20150623/123/ien.35556001659978/464.png"; bbox 0 0 4030 6428; ppageno 0'>
   <div class='ocr_carea' id='block_1_1' title="bbox 255 358 368 426">
    <p class='ocr_par' dir='ltr' id='par_1_1' title="bbox 255 358 368 426">
     <span class='ocr_line' id='line_1_1' title="bbox 255 358 368 426; baseline -0.035 0"><span class='ocrx_word' id='word_1_1' title='bbox 255 358 368 426; x_wconf 74' lang='lat'><strong>9-17</strong></span> 
     </span>
    </p>
   </div>
   <div class='ocr_carea' id='block_1_2' title="bbox 975 349 2881 417">
    <p class='ocr_par' dir='ltr' id='par_1_2' title="bbox 975 349 2881 417">
     <span class='ocr_line' id='line_1_2' title="bbox 975 349 2881 417; baseline -0.001 -5"><span class='ocrx_word' id='word_1_2' title='bbox 975 352 1425 414; x_wconf 66' lang='lat' dir='ltr'><strong>ENARRATIO</strong></span> <span class='ocrx_word' id='word_1_3' title='bbox 1466 353 1544 412; x_wconf 79' lang='lat' dir='ltr'><strong>IN</strong></span> <span class='ocrx_word' id='word_1_4' title='bbox 1595 353 2103 417; x_wconf 77' lang='lat' dir='ltr'><strong>EVANGELIUM</strong></span> <span class='ocrx_word' id='word_1_5' title='bbox 2142 354 2380 417; x_wconf 63' lang='lat' dir='ltr'><strong>LUC/E.</strong></span> <span class='ocrx_word' id='word_1_6' title='bbox 2408 378 2479 393; x_wconf 87' lang='lat'><strong>--</strong></span> <span class='ocrx_word' id='word_1_7' title='bbox 2510 353 2673 413; x_wconf 67' lang='lat' dir='ltr'><strong>CAP.</strong></span> <span class='ocrx_word' id='word_1_8' title='bbox 2703 349 2881 412; x_wconf 79' lang='lat' dir='ltr'><strong>XIII.</strong></span> 
     </span>
    </p>
   </div>
   <div class='ocr_carea' id='block_1_3' title="bbox 3492 343 3600 409">
    <p class='ocr_par' dir='ltr' id='par_1_3' title="bbox 3492 343 3600 409">
     <span class='ocr_line' id='line_1_3' title="bbox 3492 343 3600 409; baseline 0 -1"><span class='ocrx_word' id='word_1_9' title='bbox 3492 343 3600 409; x_wconf 78' lang='lat'><strong>918</strong></span> 
     </span>
    </p>
   </div>
   <div class='ocr_carea' id='block_1_4' title="bbox 257 451 1874 535">
    <p class='ocr_par' dir='ltr' id='par_1_4' title="bbox 257 462 1874 535">
     <span class='ocr_line' id='line_1_4' title="bbox 257 462 1874 535; baseline -0.007 -10"><span class='ocrx_word' id='word_1_10' title='bbox 257 470 436 526; x_wconf 65' lang='grc' dir='ltr'>ὀκτώ.</span> <span class='ocrx_word' id='word_1_11' title='bbox 512 469 674 530; x_wconf 81' lang='grc' dir='ltr'>Ἴσως</span> <span class='ocrx_word' id='word_1_12' title='bbox 731 463 841 535; x_wconf 74' lang='grc' dir='ltr'><strong>γὰρ</strong></span> <span class='ocrx_word' id='word_1_13' title='bbox 912 463 1003 516; x_wconf 71' lang='grc' dir='ltr'><strong>διὰ</strong></span> <span class='ocrx_word' id='word_1_14' title='bbox 1065 462 1392 532; x_wconf 76' lang='grc' dir='ltr'>πταίσματά</span> <span class='ocrx_word' id='word_1_15' title='bbox 1450 480 1574 518; x_wconf 90' lang='grc' dir='ltr'>τινα</span> <span class='ocrx_word' id='word_1_16' title='bbox 1633 465 1874 532; x_wconf 74' lang='grc' dir='ltr'>ἐγκατα-</span> 
     </span>
    </p>
   </div>
   <div class='ocr_carea' id='block_1_5' title="bbox 1985 451 3598 535">
    <p class='ocr_par' dir='ltr' id='par_1_5' title="bbox 1985 451 3598 530">
     <span class='ocr_line' id='line_1_5' title="bbox 1985 451 3598 530; baseline -0.003 -11"><span class='ocrx_word' id='word_1_17' title='bbox 1985 466 2133 520; x_wconf 89' lang='lat' dir='ltr'><strong>enim</strong></span> <span class='ocrx_word' id='word_1_18' title='bbox 2163 467 2307 522; x_wconf 86' lang='lat' dir='ltr'><strong>mala</strong></span> <span class='ocrx_word' id='word_1_19' title='bbox 2331 451 2589 519; x_wconf 84' lang='lat' dir='ltr'><strong>humanis</strong></span> <span class='ocrx_word' id='word_1_20' title='bbox 2614 461 2942 530; x_wconf 82' lang='lat' dir='ltr'><strong>corporibus</strong></span> <span class='ocrx_word' id='word_1_21' title='bbox 2969 457 3139 513; x_wconf 86' lang='lat' dir='ltr'><strong>Satan</strong></span> <span class='ocrx_word' id='word_1_22' title='bbox 3166 456 3352 524; x_wconf 85' lang='lat' dir='ltr'><strong>infert,</strong></span> <span class='ocrx_word' id='word_1_23' title='bbox 3380 461 3598 528; x_wconf 79' lang='lat' dir='ltr'><strong>quando</strong></span> 
     </span>
    </p>
   </div>
   <div class='ocr_carea' id='block_1_6' title="bbox 254 559 1872 632">
    <p class='ocr_par' dir='ltr' id='par_1_6' title="bbox 254 559 1872 632">
     <span class='ocr_line' id='line_1_6' title="bbox 254 559 1872 632; baseline -0.004 -14"><span class='ocrx_word' id='word_1_24' title='bbox 254 563 581 632; x_wconf 82' lang='grc' dir='ltr'>λειφθεῖσαν</span> <span class='ocrx_word' id='word_1_25' title='bbox 608 563 716 616; x_wconf 79' lang='grc' dir='ltr'><strong>ὑπὸ</strong></span> <span class='ocrx_word' id='word_1_26' title='bbox 748 559 886 612; x_wconf 87' lang='grc' dir='ltr'>Θεοῦ</span> <span class='ocrx_word' id='word_1_27' title='bbox 922 560 1252 631; x_wconf 77' lang='grc' dir='ltr'>ἐτιμωρεῖτο</span> <span class='ocrx_word' id='word_1_28' title='bbox 1279 561 1305 611; x_wconf 88' lang='lat'><strong>6</strong></span> <span class='ocrx_word' id='word_1_29' title='bbox 1351 559 1619 623; x_wconf 82' lang='grc' dir='ltr'><strong>Σατανᾶς.</strong></span> <span class='ocrx_word' id='word_1_30' title='bbox 1657 559 1872 631; x_wconf 83' lang='grc' dir='ltr'>Παραί-</span> 
     </span>
    </p>
   </div>
   <div class='ocr_carea' id='block_1_7' title="bbox 257 652 1871 731">
    <p class='ocr_par' dir='ltr' id='par_1_7' title="bbox 257 652 1871 731">
     <span class='ocr_line' id='line_1_7' title="bbox 257 652 1871 731; baseline 0.002 -25"><span class='ocrx_word' id='word_1_31' title='bbox 257 678 382 723; x_wconf 78' lang='grc' dir='ltr'>τιος</span> <span class='ocrx_word' id='word_1_32' title='bbox 413 659 522 731; x_wconf 78' lang='grc' dir='ltr'>γάρ</span> <span class='ocrx_word' id='word_1_33' title='bbox 575 660 692 710; x_wconf 87' lang='grc' dir='ltr'>ὲστι</span> <span class='ocrx_word' id='word_1_34' title='bbox 733 659 850 720; x_wconf 85' lang='grc' dir='ltr'>τοῖς</span> <span class='ocrx_word' id='word_1_35' title='bbox 894 655 1002 708; x_wconf 82' lang='grc' dir='ltr'>τῶν</span> <span class='ocrx_word' id='word_1_36' title='bbox 1038 653 1351 724; x_wconf 83' lang='grc' dir='ltr'>ἀνθρώπων</span> <span class='ocrx_word' id='word_1_37' title='bbox 1401 652 1618 723; x_wconf 77' lang='grc' dir='ltr'>σώμασι</span> <span class='ocrx_word' id='word_1_38' title='bbox 1651 655 1871 709; x_wconf 85' lang='grc' dir='ltr'>πάντων</span> 
     </span>
    </p>
   </div>
   <div class='ocr_carea' id='block_1_8' title="bbox 259 746 1871 821">
    <p class='ocr_par' dir='ltr' id='par_1_8' title="bbox 259 746 1871 821">
     <span class='ocr_line' id='line_1_8' title="bbox 259 746 1871 821; baseline -0.004 -14"><span class='ocrx_word' id='word_1_39' title='bbox 259 755 374 807; x_wconf 74' lang='grc' dir='ltr'><strong>τῶν</strong></span> <span class='ocrx_word' id='word_1_40' title='bbox 407 752 690 821; x_wconf 79' lang='grc' dir='ltr'>δυσχερῶν</span> <span class='ocrx_word' id='word_1_41' title='bbox 720 792 732 814; x_wconf 96' lang='grc'><strong>,</strong></span> <span class='ocrx_word' id='word_1_42' title='bbox 770 752 899 804; x_wconf 81' lang='grc' dir='ltr'>ὅταν</span> <span class='ocrx_word' id='word_1_43' title='bbox 937 746 1146 803; x_wconf 81' lang='grc' dir='ltr'>ἄνωθεν</span> <span class='ocrx_word' id='word_1_44' title='bbox 1192 748 1344 818; x_wconf 85' lang='grc' dir='ltr'><strong>παρά</strong></span> <span class='ocrx_word' id='word_1_45' title='bbox 1391 747 1531 801; x_wconf 78' lang='grc' dir='ltr'>Θεοῦ</span> <span class='ocrx_word' id='word_1_46' title='bbox 1579 765 1871 821; x_wconf 75' lang='grc' dir='ltr'>συγχωρη-</span> 
     </span>
    </p>
   </div>
   <div class='ocr_carea' id='block_1_9' title="bbox 261 839 1875 915">
    <p class='ocr_par' dir='ltr' id='par_1_9' title="bbox 261 839 1875 915">
     <span class='ocr_line' id='line_1_9' title="bbox 261 839 1875 915; baseline -0.004 -16"><span class='ocrx_word' id='word_1_47' title='bbox 261 847 421 915; x_wconf 84' lang='grc' dir='ltr'>θείη·</span> <span class='ocrx_word' id='word_1_48' title='bbox 462 845 586 897; x_wconf 69' lang='grc' dir='ltr'>ἐπεὶ</span> <span class='ocrx_word' id='word_1_49' title='bbox 622 846 718 897; x_wconf 71' lang='grc' dir='ltr'><strong>καὶ</strong></span> <span class='ocrx_word' id='word_1_50' title='bbox 759 843 817 905; x_wconf 74' lang='grc' dir='ltr'><strong>ἐξ</strong></span> <span class='ocrx_word' id='word_1_51' title='bbox 867 841 1046 912; x_wconf 77' lang='grc' dir='ltr'>ἀρχῆς</span> <span class='ocrx_word' id='word_1_52' title='bbox 1075 841 1244 902; x_wconf 69' lang='grc' dir='ltr'>αὐτὸς</span> <span class='ocrx_word' id='word_1_53' title='bbox 1273 843 1406 910; x_wconf 81' lang='grc' dir='ltr'>ἡμῖν</span> <span class='ocrx_word' id='word_1_54' title='bbox 1446 839 1710 908; x_wconf 78' lang='grc' dir='ltr'><strong>πρόξενος</strong></span> <span class='ocrx_word' id='word_1_55' title='bbox 1751 842 1875 908; x_wconf 83' lang='grc' dir='ltr'>ἐγε-</span> 
     </span>
    </p>
   </div>
   <div class='ocr_carea' id='block_1_10' title="bbox 261 930 1928 1008">
    <p class='ocr_par' dir='ltr' id='par_1_10' title="bbox 261 930 1928 1008">
     <span class='ocr_line' id='line_1_10' title="bbox 261 930 1928 1008; baseline -0.008 -17"><span class='ocrx_word' id='word_1_56' title='bbox 261 941 414 1006; x_wconf 66' lang='grc' dir='ltr'>γόνει</span> <span class='ocrx_word' id='word_1_57' title='bbox 485 936 579 989; x_wconf 88' lang='grc' dir='ltr'><strong>τοῦ</strong></span> <span class='ocrx_word' id='word_1_58' title='bbox 651 936 906 988; x_wconf 78' lang='grc' dir='ltr'><strong>ἐκπεσεῖν</strong></span> <span class='ocrx_word' id='word_1_59' title='bbox 977 936 1075 1002; x_wconf 83' lang='grc' dir='ltr'>μὲν</span> <span class='ocrx_word' id='word_1_60' title='bbox 1136 932 1234 1002; x_wconf 80' lang='grc' dir='ltr'>τῆς</span> <span class='ocrx_word' id='word_1_61' title='bbox 1269 932 1631 1002; x_wconf 79' lang='grc' dir='ltr'><strong>ἀφθαρσίας,</strong></span> <span class='ocrx_word' id='word_1_62' title='bbox 1709 936 1799 1002; x_wconf 82' lang='grc' dir='ltr'><strong>ἐφ’</strong></span> <span class='ocrx_word' id='word_1_63' title='bbox 1926 975 1928 978; x_wconf 76' lang='grc'>,</span> 
     </span>
    </p>
   </div>
   <div class='ocr_carea' id='block_1_11' title="bbox 260 1026 1874 1098">
    <p class='ocr_par' dir='ltr' id='par_1_11' title="bbox 260 1026 1874 1098">
     <span class='ocr_line' id='line_1_11' title="bbox 260 1026 1874 1098; baseline -0.002 -17"><span class='ocrx_word' id='word_1_64' title='bbox 260 1029 624 1097; x_wconf 68' lang='grc' dir='ltr'>ἐκτίσθημεν,</span> <span class='ocrx_word' id='word_1_65' title='bbox 672 1027 881 1097; x_wconf 86' lang='grc' dir='ltr'>νοσερῷ</span> <span class='ocrx_word' id='word_1_66' title='bbox 921 1027 979 1080; x_wconf 82' lang='grc' dir='ltr'><strong>δὲ</strong></span> <span class='ocrx_word' id='word_1_67' title='bbox 1029 1027 1243 1095; x_wconf 84' lang='grc' dir='ltr'>σώματι</span> <span class='ocrx_word' id='word_1_68' title='bbox 1291 1027 1383 1084; x_wconf 70' lang='grc' dir='ltr'><strong>καὶ</strong></span> <span class='ocrx_word' id='word_1_69' title='bbox 1411 1026 1604 1078; x_wconf 73' lang='grc' dir='ltr'>παθῶν</span> <span class='ocrx_word' id='word_1_70' title='bbox 1639 1026 1874 1098; x_wconf 83' lang='grc' dir='ltr'>δεκτικῴ</span> 
     </span>
    </p>
   </div>
   <div class='ocr_carea' id='block_1_12' title="bbox 263 1117 1871 1192">
    <p class='ocr_par' dir='ltr' id='par_1_12' title="bbox 263 1117 1871 1192">
     <span class='ocr_line' id='line_1_12' title="bbox 263 1117 1871 1192; baseline -0.002 -19"><span class='ocrx_word' id='word_1_71' title='bbox 263 1120 670 1190; x_wconf 74' lang='grc' dir='ltr'>προσδεοῆναιο</span> <span class='ocrx_word' id='word_1_72' title='bbox 705 1121 830 1182; x_wconf 78' lang='grc' dir='ltr'>τοὺς</span> <span class='ocrx_word' id='word_1_73' title='bbox 865 1117 1229 1189; x_wconf 77' lang='grc' dir='ltr'>δερματίνους</span> <span class='ocrx_word' id='word_1_74' title='bbox 1271 1120 1381 1188; x_wconf 75' lang='grc' dir='ltr'>γὰρ</span> <span class='ocrx_word' id='word_1_75' title='bbox 1419 1119 1671 1192; x_wconf 68' lang='grc' dir='ltr'>χιτῶνας</span> <span class='ocrx_word' id='word_1_76' title='bbox 1711 1118 1871 1172; x_wconf 84' lang='grc' dir='ltr'>τοῦτο</span> 
     </span>
    </p>
   </div>
   <div class='ocr_carea' id='block_1_13' title="bbox 259 1211 1871 1284">
    <p class='ocr_par' dir='ltr' id='par_1_13' title="bbox 259 1211 1871 1284">
     <span class='ocr_line' id='line_1_13' title="bbox 259 1211 1871 1284; baseline 0.002 -22"><span class='ocrx_word' id='word_1_77' title='bbox 259 1213 500 1280; x_wconf 78' lang='grc' dir='ltr'>νοοῦμεν</span> <span class='ocrx_word' id='word_1_78' title='bbox 547 1213 786 1274; x_wconf 83' lang='grc' dir='ltr'>πάντως.</span> <span class='ocrx_word' id='word_1_79' title='bbox 829 1213 886 1264; x_wconf 89' lang='lat'><strong>&#39;0</strong></span> <span class='ocrx_word' id='word_1_80' title='bbox 936 1213 1120 1281; x_wconf 83' lang='grc' dir='ltr'>μέντοι</span> <span class='ocrx_word' id='word_1_81' title='bbox 1154 1211 1361 1280; x_wconf 75' lang='grc' dir='ltr'>Κύριος</span> <span class='ocrx_word' id='word_1_82' title='bbox 1413 1211 1871 1284; x_wconf 75' lang='grc' dir='ltr'>θεοπρεπεστὰτῃ</span> 
     </span>
    </p>
   </div>
   <div class='ocr_carea' id='block_1_14' title="bbox 263 1303 1873 1375">
    <p class='ocr_par' dir='ltr' id='par_1_14' title="bbox 263 1303 1873 1375">
     <span class='ocr_line' id='line_1_14' title="bbox 263 1303 1873 1375; baseline -0.001 -19"><span class='ocrx_word' id='word_1_83' title='bbox 263 1307 422 1374; x_wconf 80' lang='grc' dir='ltr'>φωνῇ</span> <span class='ocrx_word' id='word_1_84' title='bbox 479 1305 574 1357; x_wconf 70' lang='grc' dir='ltr'>καὶ</span> <span class='ocrx_word' id='word_1_85' title='bbox 629 1303 879 1368; x_wconf 80' lang='grc' dir='ltr'>ἐξουσίας</span> <span class='ocrx_word' id='word_1_86' title='bbox 921 1303 1172 1375; x_wconf 78' lang='grc' dir='ltr'>γεμούσῃ</span> <span class='ocrx_word' id='word_1_87' title='bbox 1220 1304 1320 1372; x_wconf 80' lang='grc' dir='ltr'>τῆς</span> <span class='ocrx_word' id='word_1_88' title='bbox 1366 1304 1628 1371; x_wconf 70' lang='grc' dir='ltr'>γυναικὸς</span> <span class='ocrx_word' id='word_1_89' title='bbox 1663 1304 1873 1373; x_wconf 85' lang='grc' dir='ltr'>ταύτης</span> 
     </span>
    </p>
   </div>
   <div class='ocr_carea' id='block_1_15' title="bbox 259 1393 1871 1465">
    <p class='ocr_par' dir='ltr' id='par_1_15' title="bbox 259 1393 1871 1465">
     <span class='ocr_line' id='line_1_15' title="bbox 259 1393 1871 1465; baseline -0.004 -17"><span class='ocrx_word' id='word_1_90' title='bbox 259 1397 363 1465; x_wconf 77' lang='grc' dir='ltr'>τὴν</span> <span class='ocrx_word' id='word_1_91' title='bbox 413 1396 569 1448; x_wconf 83' lang='grc' dir='ltr'>νόσον</span> <span class='ocrx_word' id='word_1_92' title='bbox 620 1395 859 1447; x_wconf 77' lang='grc' dir='ltr'>ἐλαύνει.</span> <span class='ocrx_word' id='word_1_93' title='bbox 907 1394 1218 1464; x_wconf 81' lang='grc' dir='ltr'>Ἐπιτίοησι</span> <span class='ocrx_word' id='word_1_94' title='bbox 1277 1393 1334 1445; x_wconf 79' lang='grc' dir='ltr'>δὲ</span> <span class='ocrx_word' id='word_1_95' title='bbox 1392 1397 1487 1447; x_wconf 76' lang='grc' dir='ltr'><strong>καὶ</strong></span> <span class='ocrx_word' id='word_1_96' title='bbox 1528 1395 1625 1458; x_wconf 77' lang='grc' dir='ltr'><strong>τὰς</strong></span> <span class='ocrx_word' id='word_1_97' title='bbox 1678 1399 1871 1465; x_wconf 67' lang='grc' dir='ltr'>χεῖρας</span> 
     </span>
    </p>
   </div>
   <div class='ocr_carea' id='block_1_16' title="bbox 263 1485 1872 1557">
    <p class='ocr_par' dir='ltr' id='par_1_16' title="bbox 263 1485 1872 1557">
     <span class='ocr_line' id='line_1_16' title="bbox 263 1485 1872 1557; baseline 0.002 -21"><span class='ocrx_word' id='word_1_98' title='bbox 263 1489 446 1557; x_wconf 77' lang='grc' dir='ltr'>αὐτῇ,</span> <span class='ocrx_word' id='word_1_99' title='bbox 484 1488 569 1539; x_wconf 79' lang='grc' dir='ltr'><strong>ἵνα</strong></span> <span class='ocrx_word' id='word_1_100' title='bbox 609 1485 907 1555; x_wconf 81' lang='grc' dir='ltr'>μάθωμεν,</span> <span class='ocrx_word' id='word_1_101' title='bbox 940 1487 1020 1538; x_wconf 88' lang='grc' dir='ltr'><strong>ὃτι</strong></span> <span class='ocrx_word' id='word_1_102' title='bbox 1063 1485 1161 1555; x_wconf 81' lang='grc' dir='ltr'><strong>τὴν</strong></span> <span class='ocrx_word' id='word_1_103' title='bbox 1193 1485 1286 1536; x_wconf 85' lang='grc' dir='ltr'><strong>τοῦ</strong></span> <span class='ocrx_word' id='word_1_104' title='bbox 1333 1485 1495 1550; x_wconf 83' lang='grc' dir='ltr'>λόγου</span> <span class='ocrx_word' id='word_1_105' title='bbox 1533 1485 1765 1554; x_wconf 82' lang='grc' dir='ltr'>δύναμίν</span> <span class='ocrx_word' id='word_1_106' title='bbox 1813 1504 1872 1539; x_wconf 87' lang='grc' dir='ltr'><strong>τε</strong></span> 
     </span>
    </p>
   </div>
   <div class='ocr_carea' id='block_1_17' title="bbox 260 1574 1872 1649">
    <p class='ocr_par' dir='ltr' id='par_1_17' title="bbox 260 1574 1872 1649">
     <span class='ocr_line' id='line_1_17' title="bbox 260 1574 1872 1649; baseline 0.001 -19"><span class='ocrx_word' id='word_1_107' title='bbox 260 1580 359 1630; x_wconf 71' lang='grc' dir='ltr'>καὶ</span> <span class='ocrx_word' id='word_1_108' title='bbox 395 1579 679 1647; x_wconf 81' lang='grc' dir='ltr'>ἐνέργειαν</span> <span class='ocrx_word' id='word_1_109' title='bbox 719 1578 750 1646; x_wconf 80' lang='grc' dir='ltr'>ἡ</span> <span class='ocrx_word' id='word_1_110' title='bbox 791 1574 921 1644; x_wconf 86' lang='grc' dir='ltr'>ἁγία</span> <span class='ocrx_word' id='word_1_111' title='bbox 972 1578 1254 1646; x_wconf 68' lang='grc' dir='ltr'>πεφόρηκε</span> <span class='ocrx_word' id='word_1_112' title='bbox 1287 1577 1424 1646; x_wconf 77' lang='grc' dir='ltr'>σάρξ</span> <span class='ocrx_word' id='word_1_113' title='bbox 1451 1593 1464 1608; x_wconf 75' lang='grc'><em>’</em></span> <span class='ocrx_word' id='word_1_114' title='bbox 1510 1578 1617 1631; x_wconf 83' lang='grc' dir='ltr'>ίδία</span> <span class='ocrx_word' id='word_1_115' title='bbox 1654 1578 1764 1648; x_wconf 73' lang='grc' dir='ltr'>γὰρ</span> <span class='ocrx_word' id='word_1_116' title='bbox 1804 1575 1872 1649; x_wconf 77' lang='grc' dir='ltr'>ἦν</span> 
     </span>
    </p>
   </div>
   <div class='ocr_carea' id='block_1_18' title="bbox 258 1669 1868 1740">
    <p class='ocr_par' dir='ltr' id='par_1_18' title="bbox 258 1669 1868 1740">
     <span class='ocr_line' id='line_1_18' title="bbox 258 1669 1868 1740; baseline -0.001 -16"><span class='ocrx_word' id='word_1_117' title='bbox 258 1669 459 1735; x_wconf 77' lang='grc' dir='ltr'>αὐτοῦ,</span> <span class='ocrx_word' id='word_1_118' title='bbox 493 1673 586 1722; x_wconf 70' lang='grc' dir='ltr'><strong>καὶ</strong></span> <span class='ocrx_word' id='word_1_119' title='bbox 619 1671 717 1740; x_wconf 86' lang='grc' dir='ltr'><strong>οὐχ</strong></span> <span class='ocrx_word' id='word_1_120' title='bbox 756 1671 945 1740; x_wconf 81' lang='grc' dir='ltr'>ἑτέρου</span> <span class='ocrx_word' id='word_1_121' title='bbox 976 1670 1124 1733; x_wconf 70' lang='grc' dir='ltr'>τινος</span> <span class='ocrx_word' id='word_1_122' title='bbox 1153 1669 1287 1740; x_wconf 83' lang='grc' dir='ltr'>παρ’</span> <span class='ocrx_word' id='word_1_123' title='bbox 1314 1670 1478 1723; x_wconf 68' lang='grc' dir='ltr'>αὑτὸν</span> <span class='ocrx_word' id='word_1_124' title='bbox 1511 1671 1666 1734; x_wconf 73' lang='grc' dir='ltr'>ὄντος</span> <span class='ocrx_word' id='word_1_125' title='bbox 1696 1689 1868 1735; x_wconf 71' lang='grc' dir='ltr'>καταο</span> 
     </span>
    </p>
   </div>
   <div class='ocr_carea' id='block_1_19' title="bbox 264 1746 1868 1834">
    <p class='ocr_par' dir='ltr' id='par_1_19' title="bbox 264 1761 1868 1834">
     <span class='ocr_line' id='line_1_19' title="bbox 264 1761 1868 1834; baseline 0.001 -19"><span class='ocrx_word' id='word_1_126' title='bbox 264 1764 437 1830; x_wconf 81' lang='grc' dir='ltr'>μόνας</span> <span class='ocrx_word' id='word_1_127' title='bbox 486 1764 582 1813; x_wconf 83' lang='grc' dir='ltr'><strong>καὶ</strong></span> <span class='ocrx_word' id='word_1_128' title='bbox 649 1761 1075 1823; x_wconf 81' lang='grc' dir='ltr'>ίδιοῦποστάτως</span> <span class='ocrx_word' id='word_1_129' title='bbox 1118 1763 1558 1831; x_wconf 80' lang='grc' dir='ltr'>κεχωρισμένον,</span> <span class='ocrx_word' id='word_1_130' title='bbox 1613 1765 1756 1817; x_wconf 68' lang='grc' dir='ltr'><strong>καθά</strong></span> <span class='ocrx_word' id='word_1_131' title='bbox 1806 1765 1868 1834; x_wconf 79' lang='grc' dir='ltr'>δὴ</span> 
     </span>
    </p>
   </div>
   <div class='ocr_carea' id='block_1_20' title="bbox 257 1854 1869 1926">
    <p class='ocr_par' dir='ltr' id='par_1_20' title="bbox 257 1854 1869 1926">
     <span class='ocr_line' id='line_1_20' title="bbox 257 1854 1869 1926; baseline -0.001 -19"><span class='ocrx_word' id='word_1_132' title='bbox 257 1855 544 1924; x_wconf 82' lang='grc' dir='ltr'>,Νεστορίῳ</span> <span class='ocrx_word' id='word_1_133' title='bbox 574 1854 650 1923; x_wconf 80' lang='grc' dir='ltr'><strong>τῷ</strong></span> <span class='ocrx_word' id='word_1_134' title='bbox 699 1854 954 1906; x_wconf 81' lang='grc' dir='ltr'>δυσσεϐεῖ</span> <span class='ocrx_word' id='word_1_135' title='bbox 982 1855 1150 1907; x_wconf 82' lang='grc' dir='ltr'>δοκεῖ.</span> <span class='ocrx_word' id='word_1_136' title='bbox 1209 1855 1273 1906; x_wconf 85' lang='lat' dir='ltr'><strong>&#39;II</strong></span> <span class='ocrx_word' id='word_1_137' title='bbox 1303 1856 1400 1926; x_wconf 75' lang='grc' dir='ltr'><strong>μὲν</strong></span> <span class='ocrx_word' id='word_1_138' title='bbox 1448 1856 1540 1909; x_wconf 84' lang='grc' dir='ltr'><strong>οῦν</strong></span> <span class='ocrx_word' id='word_1_139' title='bbox 1592 1856 1869 1924; x_wconf 69' lang='grc' dir='ltr'>ἁγαοὸτης</span> 
     </span>
    </p>
   </div>
   <div class='ocr_carea' id='block_1_21' title="bbox 259 1946 1874 2019">
    <p class='ocr_par' dir='ltr' id='par_1_21' title="bbox 259 1946 1874 2019">
     <span class='ocr_line' id='line_1_21' title="bbox 259 1946 1874 2019; baseline 0.002 -20"><span class='ocrx_word' id='word_1_140' title='bbox 259 1946 359 2000; x_wconf 84' lang='grc' dir='ltr'><strong>τοῦ</strong></span> <span class='ocrx_word' id='word_1_141' title='bbox 403 1946 608 2018; x_wconf 81' lang='grc' dir='ltr'>Κυρίου</span> <span class='ocrx_word' id='word_1_142' title='bbox 651 1946 901 2016; x_wconf 70' lang='grc' dir='ltr'>τοιαύτη,</span> <span class='ocrx_word' id='word_1_143' title='bbox 966 1951 1080 1999; x_wconf 59' lang='grc' dir='ltr'><strong>καί</strong></span> <span class='ocrx_word' id='word_1_144' title='bbox 1113 1946 1261 2000; x_wconf 85' lang='grc' dir='ltr'>οῦτω</span> <span class='ocrx_word' id='word_1_145' title='bbox 1302 1949 1361 2000; x_wconf 85' lang='grc' dir='ltr'><strong>τὸ</strong></span> <span class='ocrx_word' id='word_1_146' title='bbox 1404 1949 1605 2002; x_wconf 81' lang='grc' dir='ltr'>οἰκεῖον</span> <span class='ocrx_word' id='word_1_147' title='bbox 1646 1951 1874 2019; x_wconf 87' lang='grc' dir='ltr'>πλάσμα</span> 
     </span>
    </p>
   </div>
   <div class='ocr_carea' id='block_1_22' title="bbox 265 2040 1873 2112">
    <p class='ocr_par' dir='ltr' id='par_1_22' title="bbox 265 2040 1873 2112">
     <span class='ocr_line' id='line_1_22' title="bbox 265 2040 1873 2112; baseline 0.001 -20"><span class='ocrx_word' id='word_1_148' title='bbox 265 2041 521 2111; x_wconf 57' lang='grc' dir='ltr'>ἱχλέησεν.</span> <span class='ocrx_word' id='word_1_149' title='bbox 588 2041 645 2092; x_wconf 89' lang='lat'><strong>&#39;0</strong></span> <span class='ocrx_word' id='word_1_150' title='bbox 679 2041 736 2092; x_wconf 84' lang='grc' dir='ltr'>δὲ</span> <span class='ocrx_word' id='word_1_151' title='bbox 785 2040 844 2107; x_wconf 76' lang='grc' dir='ltr'><strong>ἐξ</strong></span> <span class='ocrx_word' id='word_1_152' title='bbox 893 2042 1069 2111; x_wconf 69' lang='grc' dir='ltr'>ἀρχῆς</span> <span class='ocrx_word' id='word_1_153' title='bbox 1133 2041 1232 2110; x_wconf 78' lang='grc' dir='ltr'>τὴν</span> <span class='ocrx_word' id='word_1_154' title='bbox 1287 2043 1526 2108; x_wconf 88' lang='grc' dir='ltr'>γυναῖκα</span> <span class='ocrx_word' id='word_1_155' title='bbox 1587 2042 1873 2112; x_wconf 78' lang='grc' dir='ltr'>δεσμήσας</span> 
     </span>
    </p>
   </div>
   <div class='ocr_carea' id='block_1_23' title="bbox 259 2129 1872 2204">
    <p class='ocr_par' dir='ltr' id='par_1_23' title="bbox 259 2129 1872 2204">
     <span class='ocr_line' id='line_1_23' title="bbox 259 2129 1872 2204; baseline 0.001 -18"><span class='ocrx_word' id='word_1_156' title='bbox 259 2137 534 2197; x_wconf 75' lang='grc' dir='ltr'>Σατανᾶς,</span> <span class='ocrx_word' id='word_1_157' title='bbox 581 2134 882 2204; x_wconf 82' lang='grc' dir='ltr'>ἀχθόμενος</span> <span class='ocrx_word' id='word_1_158' title='bbox 913 2138 980 2203; x_wconf 80' lang='grc' dir='ltr'>τῇ</span> <span class='ocrx_word' id='word_1_159' title='bbox 1009 2133 1220 2204; x_wconf 82' lang='grc' dir='ltr'>ταύτης</span> <span class='ocrx_word' id='word_1_160' title='bbox 1251 2133 1426 2198; x_wconf 84' lang='grc' dir='ltr'>λύσει,</span> <span class='ocrx_word' id='word_1_161' title='bbox 1457 2129 1546 2187; x_wconf 71' lang='grc' dir='ltr'>οἷα</span> <span class='ocrx_word' id='word_1_162' title='bbox 1579 2134 1750 2186; x_wconf 82' lang='grc' dir='ltr'>Οέλων</span> <span class='ocrx_word' id='word_1_163' title='bbox 1780 2137 1872 2188; x_wconf 79' lang='grc' dir='ltr'>ἐπὶ</span> 
     </span>
    </p>
   </div>
   <div class='ocr_carea' id='block_1_24' title="bbox 260 2224 1873 2295">
    <p class='ocr_par' dir='ltr' id='par_1_24' title="bbox 260 2224 1873 2295">
     <span class='ocr_line' id='line_1_24' title="bbox 260 2224 1873 2295; baseline 0.001 -18"><span class='ocrx_word' id='word_1_164' title='bbox 260 2228 430 2278; x_wconf 79' lang='grc' dir='ltr'>πλέον</span> <span class='ocrx_word' id='word_1_165' title='bbox 466 2225 861 2294; x_wconf 80' lang='grc' dir='ltr'>κακουχεῖσοαι</span> <span class='ocrx_word' id='word_1_166' title='bbox 890 2226 1085 2293; x_wconf 69' lang='grc' dir='ltr'>αὐτὴν,</span> <span class='ocrx_word' id='word_1_167' title='bbox 1123 2227 1316 2294; x_wconf 79' lang='grc' dir='ltr'>δεσμεῖ</span> <span class='ocrx_word' id='word_1_168' title='bbox 1346 2224 1437 2277; x_wconf 80' lang='grc' dir='ltr'><strong>τὸν</strong></span> <span class='ocrx_word' id='word_1_169' title='bbox 1481 2226 1873 2295; x_wconf 68' lang='grc' dir='ltr'>ἀρχισυνάγω-</span> 
     </span>
    </p>
   </div>
   <div class='ocr_carea' id='block_1_25' title="bbox 260 2315 1871 2386">
    <p class='ocr_par' dir='ltr' id='par_1_25' title="bbox 260 2315 1871 2386">
     <span class='ocr_line' id='line_1_25' title="bbox 260 2315 1871 2386; baseline 0 -18"><span class='ocrx_word' id='word_1_170' title='bbox 260 2334 360 2383; x_wconf 81' lang='grc' dir='ltr'><strong>γον</strong></span> <span class='ocrx_word' id='word_1_171' title='bbox 408 2315 488 2384; x_wconf 81' lang='grc' dir='ltr'><strong>τῷ</strong></span> <span class='ocrx_word' id='word_1_172' title='bbox 549 2315 752 2384; x_wconf 64' lang='grc' dir='ltr'>φθόνῳ,</span> <span class='ocrx_word' id='word_1_173' title='bbox 797 2317 892 2368; x_wconf 67' lang='grc' dir='ltr'><strong>καὶ</strong></span> <span class='ocrx_word' id='word_1_174' title='bbox 926 2316 1012 2367; x_wconf 76' lang='grc' dir='ltr'><strong>διὰ</strong></span> <span class='ocrx_word' id='word_1_175' title='bbox 1058 2318 1151 2368; x_wconf 88' lang='grc' dir='ltr'><strong>τοῦ</strong></span> <span class='ocrx_word' id='word_1_176' title='bbox 1200 2317 1471 2386; x_wconf 80' lang='grc' dir='ltr'>στόματος</span> <span class='ocrx_word' id='word_1_177' title='bbox 1519 2317 1711 2369; x_wconf 85' lang='grc' dir='ltr'>τούτου</span> <span class='ocrx_word' id='word_1_178' title='bbox 1771 2320 1871 2368; x_wconf 77' lang='grc' dir='ltr'><strong>επ⁴</strong></span> 
     </span>
    </p>
   </div>
   <div class='ocr_carea' id='block_1_26' title="bbox 261 2408 1870 2479">
    <p class='ocr_par' dir='ltr' id='par_1_26' title="bbox 261 2408 1870 2479">
     <span class='ocr_line' id='line_1_26' title="bbox 261 2408 1870 2479; baseline 0.001 -19"><span class='ocrx_word' id='word_1_179' title='bbox 261 2411 495 2478; x_wconf 77' lang='grc' dir='ltr'>ηρεάζει</span> <span class='ocrx_word' id='word_1_180' title='bbox 526 2409 604 2477; x_wconf 84' lang='grc' dir='ltr'>τῷ</span> <span class='ocrx_word' id='word_1_181' title='bbox 630 2408 892 2478; x_wconf 80' lang='grc' dir='ltr'>Οαύματι’</span> <span class='ocrx_word' id='word_1_182' title='bbox 917 2408 1090 2472; x_wconf 69' lang='grc' dir='ltr'>οὕτως</span> <span class='ocrx_word' id='word_1_183' title='bbox 1114 2409 1221 2479; x_wconf 79' lang='grc' dir='ltr'>ἄρα</span> <span class='ocrx_word' id='word_1_184' title='bbox 1252 2408 1530 2478; x_wconf 81' lang='grc' dir='ltr'>πανταχοῦ</span> <span class='ocrx_word' id='word_1_185' title='bbox 1551 2411 1660 2472; x_wconf 88' lang='grc' dir='ltr'>τοῖς</span> <span class='ocrx_word' id='word_1_186' title='bbox 1686 2410 1870 2472; x_wconf 85' lang='grc' dir='ltr'>καλοῖς</span> 
     </span>
    </p>
   </div>
   <div class='ocr_carea' id='block_1_27' title="bbox 262 2501 1874 2574">
    <p class='ocr_par' dir='ltr' id='par_1_27' title="bbox 262 2501 1874 2574">
     <span class='ocr_line' id='line_1_27' title="bbox 262 2501 1874 2574; baseline 0 -19"><span class='ocrx_word' id='word_1_187' title='bbox 262 2503 594 2556; x_wconf 79' lang='grc' dir='ltr'>ἐπιτίθεται.</span> <span class='ocrx_word' id='word_1_188' title='bbox 647 2501 977 2569; x_wconf 85' lang='grc' dir='ltr'>Ἀγανακτεῖ</span> <span class='ocrx_word' id='word_1_189' title='bbox 1018 2502 1110 2555; x_wconf 82' lang='grc' dir='ltr'><strong>οῦν</strong></span> <span class='ocrx_word' id='word_1_190' title='bbox 1144 2505 1225 2555; x_wconf 81' lang='grc' dir='ltr'><strong>ὅτι</strong></span> <span class='ocrx_word' id='word_1_191' title='bbox 1264 2505 1320 2555; x_wconf 85' lang='grc' dir='ltr'><strong>ἐν</strong></span> <span class='ocrx_word' id='word_1_192' title='bbox 1351 2503 1618 2574; x_wconf 78' lang='grc' dir='ltr'>Σαϐϐάτῳ</span> <span class='ocrx_word' id='word_1_193' title='bbox 1650 2507 1680 2572; x_wconf 79' lang='grc' dir='ltr'>ἡ</span> <span class='ocrx_word' id='word_1_194' title='bbox 1711 2505 1874 2573; x_wconf 73' lang='grc' dir='ltr'>Οεραο</span> 
     </span>
    </p>
   </div>
   <div class='ocr_carea' id='block_1_28' title="bbox 262 2595 1870 2668">
    <p class='ocr_par' dir='ltr' id='par_1_28' title="bbox 262 2595 1870 2668">
     <span class='ocr_line' id='line_1_28' title="bbox 262 2595 1870 2668; baseline 0.004 -22"><span class='ocrx_word' id='word_1_195' title='bbox 262 2595 399 2647; x_wconf 84' lang='grc' dir='ltr'>πεία</span> <span class='ocrx_word' id='word_1_196' title='bbox 448 2595 664 2662; x_wconf 74' lang='grc' dir='ltr'>γέγονε,</span> <span class='ocrx_word' id='word_1_197' title='bbox 701 2595 760 2646; x_wconf 82' lang='grc' dir='ltr'>ὃν</span> <span class='ocrx_word' id='word_1_198' title='bbox 799 2597 826 2647; x_wconf 89' lang='lat'><strong>6</strong></span> <span class='ocrx_word' id='word_1_199' title='bbox 857 2595 1064 2665; x_wconf 87' lang='grc' dir='ltr'>Κύριος</span> <span class='ocrx_word' id='word_1_200' title='bbox 1121 2599 1470 2668; x_wconf 75' lang='grc' dir='ltr'>χαριεστάτῳ</span> <span class='ocrx_word' id='word_1_201' title='bbox 1502 2599 1870 2668; x_wconf 79' lang='grc' dir='ltr'>ὑποδείγματι</span> 
     </span>
    </p>
   </div>
   <div class='ocr_carea' id='block_1_29' title="bbox 261 2686 1876 2762">
    <p class='ocr_par' dir='ltr' id='par_1_29' title="bbox 261 2686 1876 2762">
     <span class='ocr_line' id='line_1_29' title="bbox 261 2686 1876 2762; baseline 0.004 -25"><span class='ocrx_word' id='word_1_202' title='bbox 261 2687 379 2740; x_wconf 77' lang='grc' dir='ltr'>τῶν</span> <span class='ocrx_word' id='word_1_203' title='bbox 423 2687 638 2752; x_wconf 85' lang='grc' dir='ltr'>ἀλόγων</span> <span class='ocrx_word' id='word_1_204' title='bbox 690 2686 847 2750; x_wconf 81' lang='grc' dir='ltr'>ζώων</span> <span class='ocrx_word' id='word_1_205' title='bbox 908 2690 1156 2758; x_wconf 78' lang='grc' dir='ltr'><strong>ἐλέγχει·</strong></span> <span class='ocrx_word' id='word_1_206' title='bbox 1214 2690 1341 2742; x_wconf 76' lang='grc' dir='ltr'>ὅθεν</span> <span class='ocrx_word' id='word_1_207' title='bbox 1386 2692 1446 2743; x_wconf 73' lang='grc' dir='ltr'><strong>οὐ</strong></span> <span class='ocrx_word' id='word_1_208' title='bbox 1507 2692 1679 2762; x_wconf 89' lang='grc' dir='ltr'>μόνος,</span> <span class='ocrx_word' id='word_1_209' title='bbox 1710 2694 1876 2755; x_wconf 74' lang='grc' dir='ltr'>αὐτὸς</span> 
     </span>
    </p>
   </div>
   <div class='ocr_carea' id='block_1_30' title="bbox 262 2781 1875 2847">
    <p class='ocr_par' dir='ltr' id='par_1_30' title="bbox 262 2781 1875 2847">
     <span class='ocr_line' id='line_1_30' title="bbox 262 2781 1875 2847; baseline 0.003 -14"><span class='ocrx_word' id='word_1_210' title='bbox 262 2785 380 2845; x_wconf 88' lang='grc' dir='ltr'>τοῖς</span> <span class='ocrx_word' id='word_1_211' title='bbox 413 2781 683 2843; x_wconf 78' lang='grc' dir='ltr'>τοιούτοις</span> <span class='ocrx_word' id='word_1_212' title='bbox 713 2781 919 2847; x_wconf 79' lang='grc' dir='ltr'>λόγοις,</span> <span class='ocrx_word' id='word_1_213' title='bbox 960 2782 1098 2836; x_wconf 82' lang='grc' dir='ltr'><strong>ἀλλά</strong></span> <span class='ocrx_word' id='word_1_214' title='bbox 1130 2783 1225 2835; x_wconf 65' lang='grc' dir='ltr'><strong>καὶ</strong></span> <span class='ocrx_word' id='word_1_215' title='bbox 1261 2783 1470 2847; x_wconf 83' lang='grc' dir='ltr'>πάντες</span> <span class='ocrx_word' id='word_1_216' title='bbox 1513 2786 1562 2836; x_wconf 87' lang='grc' dir='ltr'><strong>οί</strong></span> <span class='ocrx_word' id='word_1_217' title='bbox 1597 2785 1749 2840; x_wconf 84' lang='grc' dir='ltr'>ἄλλοι</span> <span class='ocrx_word' id='word_1_218' title='bbox 1779 2788 1875 2840; x_wconf 88' lang='grc' dir='ltr'>ἀν-</span> 
     </span>
    </p>
   </div>
   <div class='ocr_carea' id='block_1_31' title="bbox 261 2874 1872 2948">
    <p class='ocr_par' dir='ltr' id='par_1_31' title="bbox 261 2874 1872 2948">
     <span class='ocr_line' id='line_1_31' title="bbox 261 2874 1872 2948; baseline 0.004 -21"><span class='ocrx_word' id='word_1_219' title='bbox 261 2877 571 2945; x_wconf 75' lang='grc' dir='ltr'>τικείμενοι</span> <span class='ocrx_word' id='word_1_220' title='bbox 601 2874 678 2943; x_wconf 81' lang='grc' dir='ltr'>τῷ</span> <span class='ocrx_word' id='word_1_221' title='bbox 725 2875 902 2948; x_wconf 73' lang='grc' dir='ltr'>Ἰησοῦ</span> <span class='ocrx_word' id='word_1_222' title='bbox 933 2876 1043 2928; x_wconf 81' lang='grc' dir='ltr'><strong>ἀπὸ</strong></span> <span class='ocrx_word' id='word_1_223' title='bbox 1082 2875 1192 2927; x_wconf 83' lang='grc' dir='ltr'>τῶν</span> <span class='ocrx_word' id='word_1_224' title='bbox 1233 2876 1406 2944; x_wconf 84' lang='grc' dir='ltr'>λόγων</span> <span class='ocrx_word' id='word_1_225' title='bbox 1441 2877 1872 2948; x_wconf 77' lang='grc' dir='ltr'>κατῃσχύνοντο.</span> 
     </span>
    </p>
   </div>
   <div class='ocr_carea' id='block_1_32' title="bbox 263 2964 1875 3042">
    <p class='ocr_par' dir='ltr' id='par_1_32' title="bbox 263 2964 1875 3042">
     <span class='ocr_line' id='line_1_32' title="bbox 263 2964 1875 3042; baseline 0 -18"><span class='ocrx_word' id='word_1_226' title='bbox 263 2971 405 3024; x_wconf 82' lang='grc' dir='ltr'>Δίαν</span> <span class='ocrx_word' id='word_1_227' title='bbox 465 2969 575 3039; x_wconf 79' lang='grc' dir='ltr'><strong>γάρ</strong></span> <span class='ocrx_word' id='word_1_228' title='bbox 621 2964 690 3039; x_wconf 75' lang='grc' dir='ltr'>ἦν</span> <span class='ocrx_word' id='word_1_229' title='bbox 740 2968 967 3037; x_wconf 84' lang='grc' dir='ltr'>ἀνόητον</span> <span class='ocrx_word' id='word_1_230' title='bbox 1033 2968 1094 3021; x_wconf 84' lang='grc' dir='ltr'><strong>τὸ</strong></span> <span class='ocrx_word' id='word_1_231' title='bbox 1148 2969 1392 3023; x_wconf 77' lang='grc' dir='ltr'>κωλύειν</span> <span class='ocrx_word' id='word_1_232' title='bbox 1462 2969 1875 3042; x_wconf 76' lang='grc' dir='ltr'>θεραπευθῆναι</span> 
     </span>
    </p>
   </div>
   <div class='ocr_carea' id='block_1_33' title="bbox 263 3060 1876 3132">
    <p class='ocr_par' dir='ltr' id='par_1_33' title="bbox 263 3060 1876 3132">
     <span class='ocr_line' id='line_1_33' title="bbox 263 3060 1876 3132; baseline 0 -18"><span class='ocrx_word' id='word_1_233' title='bbox 263 3061 557 3130; x_wconf 75' lang='grc' dir='ltr'>ἀιθρωττον</span> <span class='ocrx_word' id='word_1_234' title='bbox 591 3061 650 3112; x_wconf 85' lang='grc' dir='ltr'><strong>ἐν</strong></span> <span class='ocrx_word' id='word_1_235' title='bbox 703 3060 992 3129; x_wconf 84' lang='grc' dir='ltr'>Σαϐϐάτῳ,</span> <span class='ocrx_word' id='word_1_236' title='bbox 1039 3060 1128 3113; x_wconf 62' lang='grc' dir='ltr'>διὰ</span> <span class='ocrx_word' id='word_1_237' title='bbox 1165 3061 1267 3131; x_wconf 75' lang='grc' dir='ltr'><strong>τὴν</strong></span> <span class='ocrx_word' id='word_1_238' title='bbox 1318 3061 1523 3131; x_wconf 79' lang='grc' dir='ltr'>ἀργίαν</span> <span class='ocrx_word' id='word_1_239' title='bbox 1563 3061 1729 3131; x_wconf 79' lang='grc' dir='ltr'>δῆθεν</span> <span class='ocrx_word' id='word_1_240' title='bbox 1775 3063 1876 3132; x_wconf 75' lang='grc' dir='ltr'>τὴν</span> 
     </span>
    </p>
   </div>
   <div class='ocr_carea' id='block_1_34' title="bbox 263 3149 1942 3233">
    <p class='ocr_par' dir='ltr' id='par_1_34' title="bbox 263 3149 1942 3233">
     <span class='ocr_line' id='line_1_34' title="bbox 263 3149 1942 3233; baseline 0.001 -29"><span class='ocrx_word' id='word_1_241' title='bbox 263 3151 372 3204; x_wconf 77' lang='grc' dir='ltr'><strong>ὑπὸ</strong></span> <span class='ocrx_word' id='word_1_242' title='bbox 417 3151 512 3203; x_wconf 88' lang='grc' dir='ltr'><strong>τοῦ</strong></span> <span class='ocrx_word' id='word_1_243' title='bbox 558 3151 727 3221; x_wconf 85' lang='grc' dir='ltr'>νόμου</span> <span class='ocrx_word' id='word_1_244' title='bbox 770 3149 847 3221; x_wconf 83' lang='grc' dir='ltr'>τῷ</span> <span class='ocrx_word' id='word_1_245' title='bbox 890 3150 1157 3221; x_wconf 74' lang='grc' dir='ltr'>Σαϐϐάτῳ</span> <span class='ocrx_word' id='word_1_246' title='bbox 1205 3151 1733 3220; x_wconf 67' lang='grc' dir='ltr'>προστεταγμένην,</span> <span class='ocrx_word' id='word_1_247' title='bbox 1809 3155 1872 3207; x_wconf 79' lang='lat' dir='ltr'><strong>Ui</strong></span> <span class='ocrx_word' id='word_1_248' title='bbox 1905 3179 1942 3233; x_wconf 60' lang='grc' dir='ltr'><strong>(ς</strong></span> 
     </span>
    </p>
   </div>
   <div class='ocr_carea' id='block_1_35' title="bbox 267 3240 1860 3316">
    <p class='ocr_par' dir='ltr' id='par_1_35' title="bbox 267 3240 1860 3316">
     <span class='ocr_line' id='line_1_35' title="bbox 267 3240 1860 3316; baseline 0.001 -18"><span class='ocrx_word' id='word_1_249' title='bbox 267 3245 370 3314; x_wconf 56' lang='grc' dir='ltr'><strong>μὲν</strong></span> <span class='ocrx_word' id='word_1_250' title='bbox 400 3240 494 3299; x_wconf 81' lang='grc' dir='ltr'><strong>οὖν</strong></span> <span class='ocrx_word' id='word_1_251' title='bbox 525 3245 894 3314; x_wconf 79' lang='grc' dir='ltr'>ἀντικείμενοι</span> <span class='ocrx_word' id='word_1_252' title='bbox 923 3244 1000 3314; x_wconf 86' lang='grc' dir='ltr'><strong>τῷ</strong></span> <span class='ocrx_word' id='word_1_253' title='bbox 1041 3245 1214 3316; x_wconf 81' lang='grc' dir='ltr'>Ἰησοῦ</span> <span class='ocrx_word' id='word_1_254' title='bbox 1245 3245 1353 3298; x_wconf 74' lang='grc' dir='ltr'><strong>ἀπὸ</strong></span> <span class='ocrx_word' id='word_1_255' title='bbox 1390 3245 1496 3298; x_wconf 82' lang='grc' dir='ltr'>τῶν</span> <span class='ocrx_word' id='word_1_256' title='bbox 1527 3244 1706 3314; x_wconf 83' lang='grc' dir='ltr'>λόγων</span> <span class='ocrx_word' id='word_1_257' title='bbox 1734 3263 1860 3299; x_wconf 67' lang='grc' dir='ltr'>κατα</span> 
     </span>
    </p>
   </div>
   <div class='ocr_carea' id='block_1_36' title="bbox 266 3337 1872 3411">
    <p class='ocr_par' dir='ltr' id='par_1_36' title="bbox 266 3337 1872 3411">
     <span class='ocr_line' id='line_1_36' title="bbox 266 3337 1872 3411; baseline 0.001 -20"><span class='ocrx_word' id='word_1_258' title='bbox 266 3339 602 3411; x_wconf 73' lang='grc' dir='ltr'>ῃσχόνοντο,</span> <span class='ocrx_word' id='word_1_259' title='bbox 655 3340 706 3391; x_wconf 76' lang='grc' dir='ltr'>οἱ</span> <span class='ocrx_word' id='word_1_260' title='bbox 761 3338 818 3390; x_wconf 74' lang='grc' dir='ltr'>δὲ</span> <span class='ocrx_word' id='word_1_261' title='bbox 850 3338 998 3407; x_wconf 74' lang='grc' dir='ltr'>ὄχλοι</span> <span class='ocrx_word' id='word_1_262' title='bbox 1034 3337 1254 3409; x_wconf 73' lang='grc' dir='ltr'>ἔχαιρον</span> <span class='ocrx_word' id='word_1_263' title='bbox 1286 3340 1378 3392; x_wconf 77' lang='grc' dir='ltr'>ἐπὶ</span> <span class='ocrx_word' id='word_1_264' title='bbox 1409 3341 1523 3401; x_wconf 91' lang='grc' dir='ltr'>τοῖς</span> <span class='ocrx_word' id='word_1_265' title='bbox 1556 3337 1762 3407; x_wconf 76' lang='grc' dir='ltr'>ἔργοις,</span> <span class='ocrx_word' id='word_1_266' title='bbox 1797 3340 1872 3403; x_wconf 82' lang='grc' dir='ltr'><strong>ὡς</strong></span> 
     </span>
    </p>
   </div>
   <div class='ocr_carea' id='block_1_37' title="bbox 268 3430 1876 3504">
    <p class='ocr_par' dir='ltr' id='par_1_37' title="bbox 268 3430 1876 3504">
     <span class='ocr_line' id='line_1_37' title="bbox 268 3430 1876 3504; baseline -0.001 -18"><span class='ocrx_word' id='word_1_267' title='bbox 268 3433 474 3486; x_wconf 78' lang='grc' dir='ltr'>ἐκεῖνοί</span> <span class='ocrx_word' id='word_1_268' title='bbox 506 3449 568 3500; x_wconf 91' lang='grc' dir='ltr'><strong>γε</strong></span> <span class='ocrx_word' id='word_1_269' title='bbox 599 3435 708 3492; x_wconf 81' lang='grc' dir='ltr'>τοῖς</span> <span class='ocrx_word' id='word_1_270' title='bbox 755 3431 938 3500; x_wconf 79' lang='grc' dir='ltr'>ἔργοις</span> <span class='ocrx_word' id='word_1_271' title='bbox 970 3432 1070 3483; x_wconf 84' lang='grc' dir='ltr'><strong>ούκ</strong></span> <span class='ocrx_word' id='word_1_272' title='bbox 1103 3430 1347 3500; x_wconf 69' lang='grc' dir='ltr'>ἔχαιρον,</span> <span class='ocrx_word' id='word_1_273' title='bbox 1390 3433 1504 3484; x_wconf 88' lang='grc' dir='ltr'>ἀλλ’</span> <span class='ocrx_word' id='word_1_274' title='bbox 1549 3433 1876 3504; x_wconf 81' lang='grc' dir='ltr'>ἐξετήκοντο</span> 
     </span>
    </p>
   </div>
   <div class='ocr_carea' id='block_1_38' title="bbox 267 3524 1872 3597">
    <p class='ocr_par' dir='ltr' id='par_1_38' title="bbox 267 3524 1872 3597">
     <span class='ocr_line' id='line_1_38' title="bbox 267 3524 1872 3597; baseline 0.002 -19"><span class='ocrx_word' id='word_1_275' title='bbox 267 3525 819 3595; x_wconf 78' lang='grc' dir='ltr'>Οαυματουργοῦντος</span> <span class='ocrx_word' id='word_1_276' title='bbox 873 3524 966 3577; x_wconf 90' lang='grc' dir='ltr'><strong>τοῦ</strong></span> <span class='ocrx_word' id='word_1_277' title='bbox 1021 3525 1285 3594; x_wconf 75' lang='grc' dir='ltr'>Χριστοῦ.</span> <span class='ocrx_word' id='word_1_278' title='bbox 1334 3527 1396 3577; x_wconf 79' lang='lat' dir='ltr'><strong>Ui</strong></span> <span class='ocrx_word' id='word_1_279' title='bbox 1456 3525 1512 3578; x_wconf 82' lang='grc' dir='ltr'>δὲ</span> <span class='ocrx_word' id='word_1_280' title='bbox 1567 3526 1662 3578; x_wconf 85' lang='grc' dir='ltr'><strong>τοῦ</strong></span> <span class='ocrx_word' id='word_1_281' title='bbox 1713 3526 1872 3597; x_wconf 79' lang='grc' dir='ltr'>ὄχλου</span> 
     </span>
    </p>
   </div>
   <div class='ocr_carea' id='block_1_39' title="bbox 267 3613 1874 3688">
    <p class='ocr_par' dir='ltr' id='par_1_39' title="bbox 267 3613 1874 3688">
     <span class='ocr_line' id='line_1_39' title="bbox 267 3613 1874 3688; baseline 0.001 -18"><span class='ocrx_word' id='word_1_282' title='bbox 267 3613 357 3671; x_wconf 74' lang='grc' dir='ltr'>οἷα</span> <span class='ocrx_word' id='word_1_283' title='bbox 421 3618 799 3687; x_wconf 76' lang='grc' dir='ltr'>ὠφελούμενοι</span> <span class='ocrx_word' id='word_1_284' title='bbox 852 3621 915 3670; x_wconf 82' lang='grc' dir='ltr'>ὲκ</span> <span class='ocrx_word' id='word_1_285' title='bbox 944 3617 1054 3671; x_wconf 82' lang='grc' dir='ltr'><strong>τῶν</strong></span> <span class='ocrx_word' id='word_1_286' title='bbox 1086 3619 1356 3687; x_wconf 76' lang='grc' dir='ltr'>σημείων,</span> <span class='ocrx_word' id='word_1_287' title='bbox 1395 3618 1641 3688; x_wconf 77' lang='grc' dir='ltr'>ἔχαιρον,</span> <span class='ocrx_word' id='word_1_288' title='bbox 1675 3621 1874 3672; x_wconf 74' lang='grc' dir='ltr'>ἰάσεων</span> 
     </span>
    </p>
   </div>
   <div class='ocr_carea' id='block_1_40' title="bbox 265 3711 1875 3781">
    <p class='ocr_par' dir='ltr' id='par_1_40' title="bbox 265 3711 1875 3781">
     <span class='ocr_line' id='line_1_40' title="bbox 265 3711 1875 3781; baseline 0.001 -16"><span class='ocrx_word' id='word_1_289' title='bbox 265 3712 659 3775; x_wconf 77' lang='grc' dir='ltr'>ἀπολαύοντες.</span> <span class='ocrx_word' id='word_1_290' title='bbox 697 3711 884 3763; x_wconf 85' lang='grc' dir='ltr'>Ταῦτα</span> <span class='ocrx_word' id='word_1_291' title='bbox 917 3711 974 3763; x_wconf 83' lang='grc' dir='ltr'>δέ</span> <span class='ocrx_word' id='word_1_292' title='bbox 1005 3730 1095 3781; x_wconf 89' lang='grc' dir='ltr'><strong>μοι</strong></span> <span class='ocrx_word' id='word_1_293' title='bbox 1126 3711 1373 3780; x_wconf 73' lang='grc' dir='ltr'>λάμϐανε</span> <span class='ocrx_word' id='word_1_294' title='bbox 1403 3713 1468 3765; x_wconf 71' lang='grc' dir='ltr'>τὰ</span> <span class='ocrx_word' id='word_1_295' title='bbox 1495 3713 1754 3781; x_wconf 77' lang='grc' dir='ltr'>θαύματα</span> <span class='ocrx_word' id='word_1_296' title='bbox 1782 3715 1875 3768; x_wconf 74' lang='grc' dir='ltr'><strong>καὶ</strong></span> 
     </span>
    </p>
   </div>
   <div class='ocr_carea' id='block_1_41' title="bbox 267 3800 1870 3875">
    <p class='ocr_par' dir='ltr' id='par_1_41' title="bbox 267 3800 1870 3875">
     <span class='ocr_line' id='line_1_41' title="bbox 267 3800 1870 3875; baseline 0.002 -23"><span class='ocrx_word' id='word_1_297' title='bbox 267 3803 360 3853; x_wconf 79' lang='grc' dir='ltr'><strong>ἐπὶ</strong></span> <span class='ocrx_word' id='word_1_298' title='bbox 392 3800 481 3852; x_wconf 77' lang='grc' dir='ltr'><strong>τὸν</strong></span> <span class='ocrx_word' id='word_1_299' title='bbox 517 3800 668 3862; x_wconf 77' lang='grc' dir='ltr'>ὲντὸς</span> <span class='ocrx_word' id='word_1_300' title='bbox 724 3800 1045 3865; x_wconf 80' lang='grc' dir='ltr'>ἄνθρωπον·</span> <span class='ocrx_word' id='word_1_301' title='bbox 1092 3801 1402 3868; x_wconf 80' lang='grc' dir='ltr'>συγκύπτει</span> <span class='ocrx_word' id='word_1_302' title='bbox 1447 3806 1556 3870; x_wconf 73' lang='grc' dir='ltr'>γὰρ</span> <span class='ocrx_word' id='word_1_303' title='bbox 1607 3810 1644 3873; x_wconf 63' lang='lat'><strong>2‘,</strong></span> <span class='ocrx_word' id='word_1_304' title='bbox 1691 3805 1870 3875; x_wconf 68' lang='grc' dir='ltr'>ψυχὴ,</span> 
     </span>
    </p>
   </div>
   <div class='ocr_carea' id='block_1_42' title="bbox 269 3893 1876 3967">
    <p class='ocr_par' dir='ltr' id='par_1_42' title="bbox 269 3893 1876 3967">
     <span class='ocr_line' id='line_1_42' title="bbox 269 3893 1876 3967; baseline 0.001 -19"><span class='ocrx_word' id='word_1_305' title='bbox 269 3896 399 3948; x_wconf 81' lang='grc' dir='ltr'>ὅταν</span> <span class='ocrx_word' id='word_1_306' title='bbox 447 3895 540 3946; x_wconf 75' lang='grc' dir='ltr'>ἐπὶ</span> <span class='ocrx_word' id='word_1_307' title='bbox 585 3893 684 3956; x_wconf 73' lang='grc' dir='ltr'><strong>τὰς</strong></span> <span class='ocrx_word' id='word_1_308' title='bbox 741 3894 942 3961; x_wconf 49' lang='lat' dir='ltr'><strong>vlim;</strong></span> <span class='ocrx_word' id='word_1_309' title='bbox 999 3894 1168 3962; x_wconf 75' lang='grc' dir='ltr'>μόνας</span> <span class='ocrx_word' id='word_1_310' title='bbox 1220 3895 1511 3964; x_wconf 74' lang='grc' dir='ltr'>φροντίδας</span> <span class='ocrx_word' id='word_1_311' title='bbox 1568 3897 1718 3967; x_wconf 76' lang='grc' dir='ltr'>νεύῃ,</span> <span class='ocrx_word' id='word_1_312' title='bbox 1781 3897 1876 3949; x_wconf 82' lang='grc' dir='ltr'><strong>καὶ</strong></span> 
     </span>
    </p>
   </div>
   <div class='ocr_carea' id='block_1_43' title="bbox 271 3984 1875 4059">
    <p class='ocr_par' dir='ltr' id='par_1_43' title="bbox 271 3984 1875 4059">
     <span class='ocr_line' id='line_1_43' title="bbox 271 3984 1875 4059; baseline 0 -21"><span class='ocrx_word' id='word_1_313' title='bbox 271 3987 440 4059; x_wconf 81' lang='grc' dir='ltr'>μηδὲν</span> <span class='ocrx_word' id='word_1_314' title='bbox 476 3986 726 4054; x_wconf 75' lang='grc' dir='ltr'>οὐράνιον</span> <span class='ocrx_word' id='word_1_315' title='bbox 763 3986 794 4053; x_wconf 79' lang='grc' dir='ltr'><strong>ἦ</strong></span> <span class='ocrx_word' id='word_1_316' title='bbox 852 3984 994 4038; x_wconf 86' lang='grc' dir='ltr'>θεῖον</span> <span class='ocrx_word' id='word_1_317' title='bbox 1040 3987 1420 4056; x_wconf 73' lang='grc' dir='ltr'>φαντάζηται·</span> <span class='ocrx_word' id='word_1_318' title='bbox 1470 3987 1551 4039; x_wconf 81' lang='grc' dir='ltr'><strong>διὸ</strong></span> <span class='ocrx_word' id='word_1_319' title='bbox 1589 3991 1679 4039; x_wconf 74' lang='grc' dir='ltr'><strong>καὶ</strong></span> <span class='ocrx_word' id='word_1_320' title='bbox 1731 3988 1875 4040; x_wconf 79' lang='grc' dir='ltr'>ὀκτὼ</span> 
     </span>
    </p>
   </div>
   <div class='ocr_carea' id='block_1_44' title="bbox 267 4079 1872 4152">
    <p class='ocr_par' dir='ltr' id='par_1_44' title="bbox 267 4079 1872 4152">
     <span class='ocr_line' id='line_1_44' title="bbox 267 4079 1872 4152; baseline 0 -19"><span class='ocrx_word' id='word_1_321' title='bbox 267 4081 365 4134; x_wconf 71' lang='grc' dir='ltr'>καὶ</span> <span class='ocrx_word' id='word_1_322' title='bbox 399 4079 534 4132; x_wconf 81' lang='grc' dir='ltr'>δέκα</span> <span class='ocrx_word' id='word_1_323' title='bbox 556 4079 651 4144; x_wconf 76' lang='grc' dir='ltr'><strong>ἔτη</strong></span> <span class='ocrx_word' id='word_1_324' title='bbox 686 4082 864 4132; x_wconf 78' lang='grc' dir='ltr'>νοσεῖν</span> <span class='ocrx_word' id='word_1_325' title='bbox 895 4079 1134 4146; x_wconf 76' lang='grc' dir='ltr'>λέγεται.</span> <span class='ocrx_word' id='word_1_326' title='bbox 1164 4081 1336 4132; x_wconf 79' lang='grc' dir='ltr'>Ὅταν</span> <span class='ocrx_word' id='word_1_327' title='bbox 1365 4081 1474 4150; x_wconf 83' lang='grc' dir='ltr'><strong>γάρ</strong></span> <span class='ocrx_word' id='word_1_328' title='bbox 1509 4098 1594 4143; x_wconf 90' lang='grc' dir='ltr'><strong>τις</strong></span> <span class='ocrx_word' id='word_1_329' title='bbox 1619 4085 1749 4152; x_wconf 76' lang='grc' dir='ltr'>περὶ</span> <span class='ocrx_word' id='word_1_330' title='bbox 1773 4083 1872 4152; x_wconf 82' lang='grc' dir='ltr'>τὴν</span> 
     </span>
    </p>
   </div>
   <div class='ocr_carea' id='block_1_45' title="bbox 266 4173 1874 4246">
    <p class='ocr_par' dir='ltr' id='par_1_45' title="bbox 266 4173 1874 4246">
     <span class='ocr_line' id='line_1_45' title="bbox 266 4173 1874 4246; baseline 0 -19"><span class='ocrx_word' id='word_1_331' title='bbox 266 4177 504 4246; x_wconf 68' lang='grc' dir='ltr'>τήρησιν</span> <span class='ocrx_word' id='word_1_332' title='bbox 543 4173 650 4227; x_wconf 84' lang='grc' dir='ltr'>τῶν</span> <span class='ocrx_word' id='word_1_333' title='bbox 700 4173 931 4226; x_wconf 69' lang='grc' dir='ltr'>ὲντολιίν</span> <span class='ocrx_word' id='word_1_334' title='bbox 979 4173 1072 4225; x_wconf 88' lang='grc' dir='ltr'><strong>τοῦ</strong></span> <span class='ocrx_word' id='word_1_335' title='bbox 1103 4173 1249 4226; x_wconf 82' lang='grc' dir='ltr'>θείου</span> <span class='ocrx_word' id='word_1_336' title='bbox 1279 4175 1487 4246; x_wconf 53' lang='grc' dir='ltr'>μόμου,</span> <span class='ocrx_word' id='word_1_337' title='bbox 1527 4176 1732 4240; x_wconf 76' lang='grc' dir='ltr'>αἵτινές</span> <span class='ocrx_word' id='word_1_338' title='bbox 1769 4177 1874 4228; x_wconf 85' lang='grc' dir='ltr'>είσι</span> 
     </span>
    </p>
   </div>
   <div class='ocr_carea' id='block_1_46' title="bbox 263 4247 1874 4339">
    <p class='ocr_par' dir='ltr' id='par_1_46' title="bbox 263 4247 1874 4339">
     <span class='ocr_line' id='line_1_46' title="bbox 263 4247 1874 4339; baseline 0.001 -19"><span class='ocrx_word' id='word_1_339' title='bbox 263 4267 424 4330; x_wconf 76' lang='grc' dir='ltr'>δέκα,</span> <span class='ocrx_word' id='word_1_340' title='bbox 456 4267 550 4320; x_wconf 69' lang='grc' dir='ltr'><strong>καὶ</strong></span> <span class='ocrx_word' id='word_1_341' title='bbox 578 4265 711 4335; x_wconf 75' lang='grc' dir='ltr'>περὶ</span> <span class='ocrx_word' id='word_1_342' title='bbox 734 4266 834 4336; x_wconf 81' lang='grc' dir='ltr'>τὴν</span> <span class='ocrx_word' id='word_1_343' title='bbox 866 4264 1060 4318; x_wconf 76' lang='grc' dir='ltr'>ἐλπίδα</span> <span class='ocrx_word' id='word_1_344' title='bbox 1085 4265 1180 4318; x_wconf 89' lang='grc' dir='ltr'><strong>τοῦ</strong></span> <span class='ocrx_word' id='word_1_345' title='bbox 1210 4247 1399 4334; x_wconf 83' lang='grc' dir='ltr'>ὀγδόου</span> <span class='ocrx_word' id='word_1_346' title='bbox 1423 4269 1620 4331; x_wconf 73' lang='grc' dir='ltr'>αἰῶνος</span> <span class='ocrx_word' id='word_1_347' title='bbox 1648 4269 1874 4339; x_wconf 73' lang='grc' dir='ltr'>ἀσθενῆ,</span> 
     </span>
    </p>
   </div>
   <div class='ocr_carea' id='block_1_47' title="bbox 267 4357 1872 4435">
    <p class='ocr_par' dir='ltr' id='par_1_47' title="bbox 267 4357 1872 4435">
     <span class='ocr_line' id='line_1_47' title="bbox 267 4357 1872 4435; baseline 0.002 -22"><span class='ocrx_word' id='word_1_348' title='bbox 267 4360 402 4413; x_wconf 78' lang='grc' dir='ltr'>δέκα</span> <span class='ocrx_word' id='word_1_349' title='bbox 437 4360 533 4412; x_wconf 77' lang='grc' dir='ltr'>καὶ</span> <span class='ocrx_word' id='word_1_350' title='bbox 564 4357 712 4411; x_wconf 81' lang='grc' dir='ltr'>ὀκτὼ</span> <span class='ocrx_word' id='word_1_351' title='bbox 745 4359 841 4430; x_wconf 73' lang='grc' dir='ltr'>ἐτη</span> <span class='ocrx_word' id='word_1_352' title='bbox 873 4359 1213 4426; x_wconf 74' lang='grc' dir='ltr'>συγκόπτειν</span> <span class='ocrx_word' id='word_1_353' title='bbox 1249 4360 1504 4430; x_wconf 85' lang='grc' dir='ltr'>λέγεται·</span> <span class='ocrx_word' id='word_1_354' title='bbox 1549 4363 1579 4430; x_wconf 75' lang='grc' dir='ltr'>ἢ</span> <span class='ocrx_word' id='word_1_355' title='bbox 1612 4363 1711 4434; x_wconf 68' lang='grc' dir='ltr'>οὺχ</span> <span class='ocrx_word' id='word_1_356' title='bbox 1738 4365 1766 4418; x_wconf 83' lang='lat'><strong>6</strong></span> <span class='ocrx_word' id='word_1_357' title='bbox 1805 4366 1872 4435; x_wconf 84' lang='grc' dir='ltr'><strong>τῇ</strong></span> 
     </span>
    </p>
   </div>
   <div class='ocr_carea' id='block_1_48' title="bbox 269 4453 1874 4524">
    <p class='ocr_par' dir='ltr' id='par_1_48' title="bbox 269 4453 1874 4524">
     <span class='ocr_line' id='line_1_48' title="bbox 269 4453 1874 4524; baseline -0.007 -4"><span class='ocrx_word' id='word_1_358' title='bbox 269 4455 342 4523; x_wconf 75' lang='grc' dir='ltr'><strong>’ίῇ</strong></span> <span class='ocrx_word' id='word_1_359' title='bbox 378 4453 813 4524; x_wconf 75' lang='grc' dir='ltr'>προσκείμενος,</span> <span class='ocrx_word' id='word_1_360' title='bbox 862 4453 955 4506; x_wconf 77' lang='grc' dir='ltr'><strong>καὶ</strong></span> <span class='ocrx_word' id='word_1_361' title='bbox 999 4454 1336 4524; x_wconf 83' lang='grc' dir='ltr'>ἁμαρτάνων</span> <span class='ocrx_word' id='word_1_362' title='bbox 1369 4457 1457 4510; x_wconf 73' lang='grc' dir='ltr'>ἀεὶ</span> <span class='ocrx_word' id='word_1_363' title='bbox 1496 4457 1596 4520; x_wconf 76' lang='grc' dir='ltr'><strong>τάς</strong></span> <span class='ocrx_word' id='word_1_364' title='bbox 1630 4475 1688 4509; x_wconf 88' lang='grc' dir='ltr'><strong>τε</strong></span> <span class='ocrx_word' id='word_1_365' title='bbox 1723 4459 1874 4510; x_wconf 82' lang='grc' dir='ltr'>ὲντο-</span> 
     </span>
    </p>
   </div>
   <div class='ocr_carea' id='block_1_49' title="bbox 1983 550 3599 625">
    <p class='ocr_par' dir='ltr' id='par_1_49' title="bbox 1983 550 3599 625">
     <span class='ocr_line' id='line_1_49' title="bbox 1983 550 3599 625; baseline -0.002 -14"><span class='ocrx_word' id='word_1_366' title='bbox 1983 556 2032 611; x_wconf 92' lang='lat' dir='ltr'><strong>ei</strong></span> <span class='ocrx_word' id='word_1_367' title='bbox 2086 572 2114 609; x_wconf 87' lang='lat' dir='ltr'><strong>a</strong></span> <span class='ocrx_word' id='word_1_368' title='bbox 2161 557 2392 611; x_wconf 92' lang='lat' dir='ltr'><strong>Domino</strong></span> <span class='ocrx_word' id='word_1_369' title='bbox 2435 554 2826 625; x_wconf 86' lang='lat' dir='ltr'><strong>permittitur:</strong></span> <span class='ocrx_word' id='word_1_370' title='bbox 2877 550 3324 622; x_wconf 90' lang='lat' dir='ltr'><strong>quandoquidem</strong></span> <span class='ocrx_word' id='word_1_371' title='bbox 3356 552 3518 606; x_wconf 86' lang='lat' dir='ltr'><strong>nobis</strong></span> <span class='ocrx_word' id='word_1_372' title='bbox 3545 564 3599 607; x_wconf 86' lang='lat' dir='ltr'><strong>et</strong></span> 
     </span>
    </p>
   </div>
   <div class='ocr_carea' id='block_1_50' title="bbox 1985 643 3598 720">
    <p class='ocr_par' dir='ltr' id='par_1_50' title="bbox 1985 643 3598 720">
     <span class='ocr_line' id='line_1_50' title="bbox 1985 643 3598 720; baseline 0 -19"><span class='ocrx_word' id='word_1_373' title='bbox 1985 648 2052 702; x_wconf 89' lang='lat' dir='ltr'><strong>ab</strong></span> <span class='ocrx_word' id='word_1_374' title='bbox 2093 647 2252 702; x_wconf 90' lang='lat' dir='ltr'><strong>initio</strong></span> <span class='ocrx_word' id='word_1_375' title='bbox 2281 658 2475 702; x_wconf 90' lang='lat' dir='ltr'><strong>auctor</strong></span> <span class='ocrx_word' id='word_1_376' title='bbox 2526 646 2625 700; x_wconf 87' lang='lat' dir='ltr'><strong>fuit</strong></span> <span class='ocrx_word' id='word_1_377' title='bbox 2670 645 2838 720; x_wconf 66' lang='lat'><strong>337</strong></span> <span class='ocrx_word' id='word_1_378' title='bbox 2887 655 2944 699; x_wconf 92' lang='lat' dir='ltr'><strong>ut</strong></span> <span class='ocrx_word' id='word_1_379' title='bbox 2978 643 3047 699; x_wconf 89' lang='lat' dir='ltr'><strong>ab</strong></span> <span class='ocrx_word' id='word_1_380' title='bbox 3100 645 3514 714; x_wconf 80' lang='lat' dir='ltr'><strong>incorruptione</strong></span> <span class='ocrx_word' id='word_1_381' title='bbox 3545 645 3598 700; x_wconf 84' lang='lat' dir='ltr'><strong>In</strong></span> 
     </span>
    </p>
   </div>
   <div class='ocr_carea' id='block_1_51' title="bbox 1983 736 3600 810">
    <p class='ocr_par' dir='ltr' id='par_1_51' title="bbox 1983 736 3600 810">
     <span class='ocr_line' id='line_1_51' title="bbox 1983 736 3600 810; baseline -0.001 -16"><span class='ocrx_word' id='word_1_382' title='bbox 1983 756 2091 810; x_wconf 86' lang='lat' dir='ltr'><strong>qua</strong></span> <span class='ocrx_word' id='word_1_383' title='bbox 2130 741 2336 795; x_wconf 90' lang='lat' dir='ltr'><strong>conditi</strong></span> <span class='ocrx_word' id='word_1_384' title='bbox 2369 741 2596 805; x_wconf 87' lang='lat' dir='ltr'><strong>fuimus,</strong></span> <span class='ocrx_word' id='word_1_385' title='bbox 2627 740 3033 802; x_wconf 79' lang='lat' dir='ltr'><strong>excideremus,</strong></span> <span class='ocrx_word' id='word_1_386' title='bbox 3063 747 3118 791; x_wconf 91' lang='lat' dir='ltr'><strong>et</strong></span> <span class='ocrx_word' id='word_1_387' title='bbox 3143 736 3364 791; x_wconf 83' lang='lat' dir='ltr'><strong>infirmo</strong></span> <span class='ocrx_word' id='word_1_388' title='bbox 3392 737 3600 806; x_wconf 83' lang='lat' dir='ltr'><strong>passio-</strong></span> 
     </span>
    </p>
   </div>
   <div class='ocr_carea' id='block_1_52' title="bbox 1983 830 3596 904">
    <p class='ocr_par' dir='ltr' id='par_1_52' title="bbox 1983 830 3596 904">
     <span class='ocr_line' id='line_1_52' title="bbox 1983 830 3596 904; baseline -0.002 -16"><span class='ocrx_word' id='word_1_389' title='bbox 1983 850 2224 904; x_wconf 83' lang='lat' dir='ltr'><strong>numqne</strong></span> <span class='ocrx_word' id='word_1_390' title='bbox 2249 833 2441 903; x_wconf 86' lang='lat' dir='ltr'><strong>capaci</strong></span> <span class='ocrx_word' id='word_1_391' title='bbox 2483 835 2704 901; x_wconf 86' lang='lat' dir='ltr'><strong>corpori</strong></span> <span class='ocrx_word' id='word_1_392' title='bbox 2757 831 2964 900; x_wconf 78' lang='lat' dir='ltr'><strong>alligati</strong></span> <span class='ocrx_word' id='word_1_393' title='bbox 2991 847 3265 887; x_wconf 85' lang='lat' dir='ltr'><strong>essemus.</strong></span> <span class='ocrx_word' id='word_1_394' title='bbox 3301 830 3416 888; x_wconf 93' lang='lat' dir='ltr'><strong>IIoc</strong></span> <span class='ocrx_word' id='word_1_395' title='bbox 3449 832 3596 885; x_wconf 85' lang='lat' dir='ltr'><strong>enim</strong></span> 
     </span>
    </p>
   </div>
   <div class='ocr_carea' id='block_1_53' title="bbox 1984 923 3595 997">
    <p class='ocr_par' dir='ltr' id='par_1_53' title="bbox 1984 923 3595 997">
     <span class='ocr_line' id='line_1_53' title="bbox 1984 923 3595 997; baseline -0.002 -17"><span class='ocrx_word' id='word_1_396' title='bbox 1984 943 2082 996; x_wconf 88' lang='lat' dir='ltr'><strong>per</strong></span> <span class='ocrx_word' id='word_1_397' title='bbox 2117 927 2376 997; x_wconf 86' lang='lat' dir='ltr'><strong>pelliceas</strong></span> <span class='ocrx_word' id='word_1_398' title='bbox 2409 927 2626 980; x_wconf 75' lang='lat' dir='ltr'><strong>tunicas</strong></span> <span class='ocrx_word' id='word_1_399' title='bbox 2652 925 3032 995; x_wconf 81' lang='lat' dir='ltr'><strong>intelligimus.</strong></span> <span class='ocrx_word' id='word_1_400' title='bbox 3071 924 3142 978; x_wconf 81' lang='lat' dir='ltr'><strong>At</strong></span> <span class='ocrx_word' id='word_1_401' title='bbox 3171 923 3434 979; x_wconf 86' lang='lat' dir='ltr'><strong>Dominus</strong></span> <span class='ocrx_word' id='word_1_402' title='bbox 3460 940 3595 980; x_wconf 79' lang='lat' dir='ltr'><strong>voce</strong></span> 
     </span>
    </p>
   </div>
   <div class='ocr_carea' id='block_1_54' title="bbox 1982 1016 3602 1088">
    <p class='ocr_par' dir='ltr' id='par_1_54' title="bbox 1982 1016 3602 1088">
     <span class='ocr_line' id='line_1_54' title="bbox 1982 1016 3602 1088; baseline -0.001 -15"><span class='ocrx_word' id='word_1_403' title='bbox 1982 1020 2096 1075; x_wconf 90' lang='lat' dir='ltr'><strong>Deo</strong></span> <span class='ocrx_word' id='word_1_404' title='bbox 2132 1017 2456 1088; x_wconf 79' lang='lat' dir='ltr'><strong>dignissima</strong></span> <span class='ocrx_word' id='word_1_405' title='bbox 2501 1025 2885 1087; x_wconf 86' lang='lat' dir='ltr'><strong>potestateque</strong></span> <span class='ocrx_word' id='word_1_406' title='bbox 2917 1017 3078 1086; x_wconf 88' lang='lat' dir='ltr'><strong>plena</strong></span> <span class='ocrx_word' id='word_1_407' title='bbox 3100 1054 3116 1080; x_wconf 88' lang='lat'><strong>,</strong></span> <span class='ocrx_word' id='word_1_408' title='bbox 3152 1016 3408 1070; x_wconf 83' lang='lat' dir='ltr'><strong>mulieris</strong></span> <span class='ocrx_word' id='word_1_409' title='bbox 3439 1017 3602 1072; x_wconf 82' lang='lat' dir='ltr'><strong>istius</strong></span> 
     </span>
    </p>
   </div>
   <div class='ocr_carea' id='block_1_55' title="bbox 1981 1107 3600 1181">
    <p class='ocr_par' dir='ltr' id='par_1_55' title="bbox 1981 1107 3600 1181">
     <span class='ocr_line' id='line_1_55' title="bbox 1981 1107 3600 1181; baseline -0.004 -15"><span class='ocrx_word' id='word_1_410' title='bbox 1981 1112 2230 1166; x_wconf 83' lang='lat' dir='ltr'><strong>morbum</strong></span> <span class='ocrx_word' id='word_1_411' title='bbox 2265 1111 2439 1181; x_wconf 77' lang='lat' dir='ltr'><strong>fugat.</strong></span> <span class='ocrx_word' id='word_1_412' title='bbox 2475 1111 2712 1179; x_wconf 85' lang='lat' dir='ltr'><strong>Imponit</strong></span> <span class='ocrx_word' id='word_1_413' title='bbox 2741 1118 2922 1164; x_wconf 85' lang='lat' dir='ltr'><strong>autem</strong></span> <span class='ocrx_word' id='word_1_414' title='bbox 2945 1109 2994 1162; x_wconf 88' lang='lat' dir='ltr'><strong>ei</strong></span> <span class='ocrx_word' id='word_1_415' title='bbox 3022 1118 3079 1162; x_wconf 88' lang='lat' dir='ltr'><strong>et</strong></span> <span class='ocrx_word' id='word_1_416' title='bbox 3109 1122 3305 1162; x_wconf 90' lang='lat' dir='ltr'><strong>manus</strong></span> <span class='ocrx_word' id='word_1_417' title='bbox 3340 1116 3399 1161; x_wconf 88' lang='lat' dir='ltr'><strong>ut</strong></span> <span class='ocrx_word' id='word_1_418' title='bbox 3423 1107 3600 1162; x_wconf 86' lang='lat' dir='ltr'><strong>disca-</strong></span> 
     </span>
    </p>
   </div>
   <div class='ocr_carea' id='block_1_56' title="bbox 1982 1199 3592 1272">
    <p class='ocr_par' dir='ltr' id='par_1_56' title="bbox 1982 1199 3592 1272">
     <span class='ocr_line' id='line_1_56' title="bbox 1982 1199 3592 1272; baseline -0.004 -14"><span class='ocrx_word' id='word_1_419' title='bbox 1982 1221 2104 1261; x_wconf 92' lang='lat' dir='ltr'><strong>mus</strong></span> <span class='ocrx_word' id='word_1_420' title='bbox 2151 1207 2292 1272; x_wconf 89' lang='lat' dir='ltr'><strong>quod</strong></span> <span class='ocrx_word' id='word_1_421' title='bbox 2327 1205 2422 1258; x_wconf 91' lang='lat' dir='ltr'><strong>Dei</strong></span> <span class='ocrx_word' id='word_1_422' title='bbox 2463 1217 2774 1258; x_wconf 77' lang='lat' dir='ltr'><strong>sermonem</strong></span> <span class='ocrx_word' id='word_1_423' title='bbox 2804 1201 3180 1270; x_wconf 78' lang='lat' dir='ltr'><strong>virtutemque</strong></span> <span class='ocrx_word' id='word_1_424' title='bbox 3226 1207 3279 1254; x_wconf 88' lang='lat' dir='ltr'><strong>et</strong></span> <span class='ocrx_word' id='word_1_425' title='bbox 3312 1199 3592 1262; x_wconf 84' lang='lat' dir='ltr'><strong>operatio-</strong></span> 
     </span>
    </p>
   </div>
   <div class='ocr_carea' id='block_1_57' title="bbox 1982 1291 3594 1359">
    <p class='ocr_par' dir='ltr' id='par_1_57' title="bbox 1982 1291 3594 1359">
     <span class='ocr_line' id='line_1_57' title="bbox 1982 1291 3594 1359; baseline -0.006 -10"><span class='ocrx_word' id='word_1_426' title='bbox 1982 1314 2104 1352; x_wconf 78' lang='lat' dir='ltr'><strong>nem</strong></span> <span class='ocrx_word' id='word_1_427' title='bbox 2141 1307 2328 1352; x_wconf 86' lang='lat' dir='ltr'><strong>sancta</strong></span> <span class='ocrx_word' id='word_1_428' title='bbox 2365 1311 2494 1349; x_wconf 88' lang='lat' dir='ltr'><strong>caro</strong></span> <span class='ocrx_word' id='word_1_429' title='bbox 2544 1295 2820 1350; x_wconf 79' lang='lat' dir='ltr'><strong>habuerit.</strong></span> <span class='ocrx_word' id='word_1_430' title='bbox 2854 1292 2963 1347; x_wconf 88' lang='lat' dir='ltr'><strong>Sua</strong></span> <span class='ocrx_word' id='word_1_431' title='bbox 3004 1294 3149 1346; x_wconf 86' lang='lat' dir='ltr'><strong>enim</strong></span> <span class='ocrx_word' id='word_1_432' title='bbox 3186 1291 3407 1359; x_wconf 84' lang='lat' dir='ltr'><strong>propria</strong></span> <span class='ocrx_word' id='word_1_433' title='bbox 3457 1299 3594 1354; x_wconf 89' lang='lat' dir='ltr'><strong>erat,</strong></span> 
     </span>
    </p>
   </div>
   <div class='ocr_carea' id='block_1_58' title="bbox 1979 1384 3598 1457">
    <p class='ocr_par' dir='ltr' id='par_1_58' title="bbox 1979 1384 3598 1457">
     <span class='ocr_line' id='line_1_58' title="bbox 1979 1384 3598 1457; baseline -0.005 -13"><span class='ocrx_word' id='word_1_434' title='bbox 1979 1401 2032 1444; x_wconf 92' lang='lat' dir='ltr'><strong>et</strong></span> <span class='ocrx_word' id='word_1_435' title='bbox 2077 1405 2184 1443; x_wconf 92' lang='lat' dir='ltr'><strong>non</strong></span> <span class='ocrx_word' id='word_1_436' title='bbox 2229 1389 2460 1443; x_wconf 87' lang='lat' dir='ltr'><strong>alterius</strong></span> <span class='ocrx_word' id='word_1_437' title='bbox 2492 1385 2797 1457; x_wconf 69' lang='lat' dir='ltr'><strong>cuiuspiam</strong></span> <span class='ocrx_word' id='word_1_438' title='bbox 2833 1385 2939 1440; x_wconf 88' lang='lat' dir='ltr'><strong>sibi</strong></span> <span class='ocrx_word' id='word_1_439' title='bbox 2991 1384 3339 1444; x_wconf 85' lang='lat' dir='ltr'><strong>assistentis,</strong></span> <span class='ocrx_word' id='word_1_440' title='bbox 3377 1391 3432 1436; x_wconf 90' lang='lat' dir='ltr'><strong>et</strong></span> <span class='ocrx_word' id='word_1_441' title='bbox 3473 1397 3598 1450; x_wconf 86' lang='lat' dir='ltr'><strong>pro-</strong></span> 
     </span>
    </p>
   </div>
   <div class='ocr_carea' id='block_1_59' title="bbox 1983 1475 3598 1554">
    <p class='ocr_par' dir='ltr' id='par_1_59' title="bbox 1983 1475 3598 1554">
     <span class='ocr_line' id='line_1_59' title="bbox 1983 1475 3598 1554; baseline -0.006 -16"><span class='ocrx_word' id='word_1_442' title='bbox 1983 1486 2218 1554; x_wconf 87' lang='lat' dir='ltr'><strong>prietate</strong></span> <span class='ocrx_word' id='word_1_443' title='bbox 2270 1499 2521 1553; x_wconf 69' lang='lat' dir='ltr'><strong>persona:</strong></span> <span class='ocrx_word' id='word_1_444' title='bbox 2579 1479 2861 1551; x_wconf 79' lang='lat' dir='ltr'><strong>separati,</strong></span> <span class='ocrx_word' id='word_1_445' title='bbox 2921 1481 3067 1534; x_wconf 88' lang='lat' dir='ltr'><strong>sicut</strong></span> <span class='ocrx_word' id='word_1_446' title='bbox 3115 1478 3286 1546; x_wconf 90' lang='lat' dir='ltr'><strong>impio</strong></span> <span class='ocrx_word' id='word_1_447' title='bbox 3341 1475 3598 1530; x_wconf 84' lang='lat' dir='ltr'><strong>Nestorio</strong></span> 
     </span>
    </p>
   </div>
   <div class='ocr_carea' id='block_1_60' title="bbox 1979 1570 3599 1645">
    <p class='ocr_par' dir='ltr' id='par_1_60' title="bbox 1979 1570 3599 1645">
     <span class='ocr_line' id='line_1_60' title="bbox 1979 1570 3599 1645; baseline -0.007 -14"><span class='ocrx_word' id='word_1_448' title='bbox 1979 1579 2216 1631; x_wconf 89' lang='lat' dir='ltr'><strong>videtur.</strong></span> <span class='ocrx_word' id='word_1_449' title='bbox 2253 1577 2422 1645; x_wconf 78' lang='lat' dir='ltr'><strong>Igitur</strong></span> <span class='ocrx_word' id='word_1_450' title='bbox 2452 1585 2601 1630; x_wconf 90' lang='lat' dir='ltr'><strong>tanta</strong></span> <span class='ocrx_word' id='word_1_451' title='bbox 2634 1575 2855 1642; x_wconf 78' lang='lat' dir='ltr'><strong>quidem</strong></span> <span class='ocrx_word' id='word_1_452' title='bbox 2900 1570 3120 1626; x_wconf 87' lang='lat' dir='ltr'><strong>Domini</strong></span> <span class='ocrx_word' id='word_1_453' title='bbox 3155 1570 3501 1640; x_wconf 83' lang='lat' dir='ltr'><strong>benignitas,</strong></span> <span class='ocrx_word' id='word_1_454' title='bbox 3539 1577 3599 1620; x_wconf 90' lang='lat' dir='ltr'><strong>ut</strong></span> 
     </span>
    </p>
   </div>
   <div class='ocr_carea' id='block_1_61' title="bbox 1978 1662 3599 1740">
    <p class='ocr_par' dir='ltr' id='par_1_61' title="bbox 1978 1662 3599 1740">
     <span class='ocr_line' id='line_1_61' title="bbox 1978 1662 3599 1740; baseline -0.009 -18"><span class='ocrx_word' id='word_1_455' title='bbox 1978 1670 2200 1740; x_wconf 85' lang='lat' dir='ltr'><strong>praprio</strong></span> <span class='ocrx_word' id='word_1_456' title='bbox 2251 1668 2514 1739; x_wconf 79' lang='lat' dir='ltr'><strong>ﬁgmento</strong></span> <span class='ocrx_word' id='word_1_457' title='bbox 2572 1667 2892 1720; x_wconf 87' lang='lat' dir='ltr'><strong>misericors</strong></span> <span class='ocrx_word' id='word_1_458' title='bbox 2943 1671 3113 1718; x_wconf 87' lang='lat' dir='ltr'><strong>esset.</strong></span> <span class='ocrx_word' id='word_1_459' title='bbox 3174 1662 3410 1714; x_wconf 75' lang='lat' dir='ltr'><strong>Satanas</strong></span> <span class='ocrx_word' id='word_1_460' title='bbox 3466 1674 3599 1713; x_wconf 85' lang='lat' dir='ltr'><strong>vero</strong></span> 
     </span>
    </p>
   </div>
   <div class='ocr_carea' id='block_1_62' title="bbox 1978 1755 3598 1833">
    <p class='ocr_par' dir='ltr' id='par_1_62' title="bbox 1978 1755 3598 1833">
     <span class='ocr_line' id='line_1_62' title="bbox 1978 1755 3598 1833; baseline -0.008 -15"><span class='ocrx_word' id='word_1_461' title='bbox 1978 1766 2069 1833; x_wconf 89' lang='lat' dir='ltr'><strong>qui</strong></span> <span class='ocrx_word' id='word_1_462' title='bbox 2108 1764 2262 1833; x_wconf 92' lang='lat' dir='ltr'><strong>prius</strong></span> <span class='ocrx_word' id='word_1_463' title='bbox 2310 1762 2600 1816; x_wconf 86' lang='lat' dir='ltr'><strong>mulierem</strong></span> <span class='ocrx_word' id='word_1_464' title='bbox 2645 1759 2990 1828; x_wconf 76' lang='lat' dir='ltr'><strong>alligaverat,</strong></span> <span class='ocrx_word' id='word_1_465' title='bbox 3035 1757 3211 1811; x_wconf 84' lang='lat' dir='ltr'><strong>morbi</strong></span> <span class='ocrx_word' id='word_1_466' title='bbox 3264 1755 3598 1808; x_wconf 84' lang='lat' dir='ltr'><strong>solutionem</strong></span> 
     </span>
    </p>
   </div>
   <div class='ocr_carea' id='block_1_63' title="bbox 1980 1846 3597 1921">
    <p class='ocr_par' dir='ltr' id='par_1_63' title="bbox 1980 1846 3597 1921">
     <span class='ocr_line' id='line_1_63' title="bbox 1980 1846 3597 1921; baseline -0.005 -13"><span class='ocrx_word' id='word_1_467' title='bbox 1980 1857 2194 1921; x_wconf 86' lang='lat' dir='ltr'><strong>dolens,</strong></span> <span class='ocrx_word' id='word_1_468' title='bbox 2237 1863 2291 1909; x_wconf 90' lang='lat' dir='ltr'><strong>et</strong></span> <span class='ocrx_word' id='word_1_469' title='bbox 2339 1870 2460 1908; x_wconf 79' lang='lat' dir='ltr'><strong>eam</strong></span> <span class='ocrx_word' id='word_1_470' title='bbox 2508 1853 2742 1921; x_wconf 85' lang='lat' dir='ltr'><strong>amplius</strong></span> <span class='ocrx_word' id='word_1_471' title='bbox 2792 1851 3034 1918; x_wconf 72' lang='lat' dir='ltr'><strong>afﬂigere</strong></span> <span class='ocrx_word' id='word_1_472' title='bbox 3082 1851 3350 1917; x_wconf 86' lang='lat' dir='ltr'><strong>cupiens,</strong></span> <span class='ocrx_word' id='word_1_473' title='bbox 3407 1846 3597 1916; x_wconf 79' lang='lat' dir='ltr'><strong>alligat</strong></span> 
     </span>
    </p>
   </div>
   <div class='ocr_carea' id='block_1_64' title="bbox 1981 1941 3596 2018">
    <p class='ocr_par' dir='ltr' id='par_1_64' title="bbox 1981 1941 3596 2018">
     <span class='ocr_line' id='line_1_64' title="bbox 1981 1941 3596 2018; baseline -0.006 -18"><span class='ocrx_word' id='word_1_474' title='bbox 1981 1949 2283 2018; x_wconf 83' lang='lat' dir='ltr'><strong>principem</strong></span> <span class='ocrx_word' id='word_1_475' title='bbox 2319 1946 2623 2017; x_wconf 76' lang='lat' dir='ltr'><strong>Synagogae</strong></span> <span class='ocrx_word' id='word_1_476' title='bbox 2659 1945 2884 2008; x_wconf 89' lang='lat' dir='ltr'><strong>invidia,</strong></span> <span class='ocrx_word' id='word_1_477' title='bbox 2913 1955 2962 1999; x_wconf 92' lang='lat' dir='ltr'><strong>et</strong></span> <span class='ocrx_word' id='word_1_478' title='bbox 2998 1959 3179 2014; x_wconf 86' lang='lat' dir='ltr'><strong>peros</strong></span> <span class='ocrx_word' id='word_1_479' title='bbox 3201 1943 3325 2011; x_wconf 82' lang='lat' dir='ltr'><strong>ejus</strong></span> <span class='ocrx_word' id='word_1_480' title='bbox 3354 1941 3596 1994; x_wconf 82' lang='lat' dir='ltr'><strong>miracu-</strong></span> 
     </span>
    </p>
   </div>
   <div class='ocr_carea' id='block_1_65' title="bbox 1982 2033 3598 2102">
    <p class='ocr_par' dir='ltr' id='par_1_65' title="bbox 1982 2033 3598 2102">
     <span class='ocr_line' id='line_1_65' title="bbox 1982 2033 3598 2102; baseline -0.007 -6"><span class='ocrx_word' id='word_1_481' title='bbox 1982 2043 2091 2097; x_wconf 87' lang='lat' dir='ltr'><strong>lum</strong></span> <span class='ocrx_word' id='word_1_482' title='bbox 2129 2042 2544 2098; x_wconf 81' lang='lat' dir='ltr'><strong>calumniatur:</strong></span> <span class='ocrx_word' id='word_1_483' title='bbox 2603 2054 2756 2092; x_wconf 89' lang='lat' dir='ltr'><strong>more</strong></span> <span class='ocrx_word' id='word_1_484' title='bbox 2803 2038 2951 2090; x_wconf 87' lang='lat' dir='ltr'><strong>enim</strong></span> <span class='ocrx_word' id='word_1_485' title='bbox 3013 2052 3116 2091; x_wconf 88' lang='lat' dir='ltr'><strong>suo</strong></span> <span class='ocrx_word' id='word_1_486' title='bbox 3180 2035 3340 2089; x_wconf 90' lang='lat' dir='ltr'><strong>bonis</strong></span> <span class='ocrx_word' id='word_1_487' title='bbox 3395 2033 3598 2102; x_wconf 87' lang='lat' dir='ltr'><strong>ubique</strong></span> 
     </span>
    </p>
   </div>
   <div class='ocr_carea' id='block_1_66' title="bbox 1983 2128 3596 2204">
    <p class='ocr_par' dir='ltr' id='par_1_66' title="bbox 1983 2128 3596 2204">
     <span class='ocr_line' id='line_1_66' title="bbox 1983 2128 3596 2204; baseline -0.007 -17"><span class='ocrx_word' id='word_1_488' title='bbox 1983 2135 2232 2204; x_wconf 89' lang='lat' dir='ltr'><strong>imponit.</strong></span> <span class='ocrx_word' id='word_1_489' title='bbox 2268 2133 2590 2203; x_wconf 78' lang='lat' dir='ltr'><strong>Indignatur</strong></span> <span class='ocrx_word' id='word_1_490' title='bbox 2621 2147 2752 2200; x_wconf 82' lang='lat' dir='ltr'><strong>ergo</strong></span> <span class='ocrx_word' id='word_1_491' title='bbox 2778 2129 2925 2200; x_wconf 87' lang='lat' dir='ltr'><strong>quod</strong></span> <span class='ocrx_word' id='word_1_492' title='bbox 2962 2129 3014 2180; x_wconf 90' lang='lat' dir='ltr'><strong>in</strong></span> <span class='ocrx_word' id='word_1_493' title='bbox 3043 2128 3290 2182; x_wconf 79' lang='lat' dir='ltr'><strong>Sabbato</strong></span> <span class='ocrx_word' id='word_1_494' title='bbox 3321 2137 3548 2180; x_wconf 85' lang='lat' dir='ltr'><strong>sanatur</strong></span> <span class='ocrx_word' id='word_1_495' title='bbox 3584 2149 3596 2182; x_wconf 72' lang='grc' dir='ltr'><strong>ε</strong></span> 
     </span>
    </p>
   </div>
   <div class='ocr_carea' id='block_1_67' title="bbox 1983 2218 3597 2301">
    <p class='ocr_par' dir='ltr' id='par_1_67' title="bbox 1983 2218 3597 2301">
     <span class='ocr_line' id='line_1_67' title="bbox 1983 2218 3597 2301; baseline -0.007 -20"><span class='ocrx_word' id='word_1_496' title='bbox 1983 2244 2146 2299; x_wconf 85' lang='lat' dir='ltr'><strong>qucm</strong></span> <span class='ocrx_word' id='word_1_497' title='bbox 2202 2227 2467 2280; x_wconf 88' lang='lat' dir='ltr'><strong>Dominus</strong></span> <span class='ocrx_word' id='word_1_498' title='bbox 2526 2220 2913 2301; x_wconf 70' lang='lat' dir='ltr'><strong>pulcherrimis</strong></span> <span class='ocrx_word' id='word_1_499' title='bbox 2979 2219 3248 2287; x_wconf 80' lang='lat' dir='ltr'><strong>exemplis</strong></span> <span class='ocrx_word' id='word_1_500' title='bbox 3308 2218 3597 2272; x_wconf 91' lang='lat' dir='ltr'><strong>brutorutn</strong></span> 
     </span>
    </p>
   </div>
   <div class='ocr_carea' id='block_1_68' title="bbox 1979 2309 3601 2388">
    <p class='ocr_par' dir='ltr' id='par_1_68' title="bbox 1979 2309 3601 2388">
     <span class='ocr_line' id='line_1_68' title="bbox 1979 2309 3601 2388; baseline -0.007 -12"><span class='ocrx_word' id='word_1_501' title='bbox 1979 2321 2299 2376; x_wconf 78' lang='lat' dir='ltr'><strong>anitmlium</strong></span> <span class='ocrx_word' id='word_1_502' title='bbox 2343 2318 2543 2388; x_wconf 83' lang='lat' dir='ltr'><strong>arguit.</strong></span> <span class='ocrx_word' id='word_1_503' title='bbox 2607 2317 2762 2371; x_wconf 83' lang='lat' dir='ltr'><strong>Unde</strong></span> <span class='ocrx_word' id='word_1_504' title='bbox 2800 2331 2906 2368; x_wconf 89' lang='lat' dir='ltr'><strong>non</strong></span> <span class='ocrx_word' id='word_1_505' title='bbox 2961 2314 3079 2382; x_wconf 78' lang='lat' dir='ltr'><strong>ipse</strong></span> <span class='ocrx_word' id='word_1_506' title='bbox 3130 2322 3342 2367; x_wconf 89' lang='lat' dir='ltr'><strong>tantum</strong></span> <span class='ocrx_word' id='word_1_507' title='bbox 3401 2309 3601 2365; x_wconf 90' lang='lat' dir='ltr'><strong>talibus</strong></span> 
     </span>
    </p>
   </div>
   <div class='ocr_carea' id='block_1_69' title="bbox 1980 2404 3597 2472">
    <p class='ocr_par' dir='ltr' id='par_1_69' title="bbox 1980 2404 3597 2472">
     <span class='ocr_line' id='line_1_69' title="bbox 1980 2404 3597 2472; baseline -0.009 -4"><span class='ocrx_word' id='word_1_508' title='bbox 1980 2411 2351 2472; x_wconf 84' lang='lat' dir='ltr'><strong>sermonibus,</strong></span> <span class='ocrx_word' id='word_1_509' title='bbox 2407 2409 2500 2464; x_wconf 90' lang='lat' dir='ltr'><strong>sed</strong></span> <span class='ocrx_word' id='word_1_510' title='bbox 2551 2418 2607 2462; x_wconf 88' lang='lat' dir='ltr'><strong>et</strong></span> <span class='ocrx_word' id='word_1_511' title='bbox 2657 2422 2851 2461; x_wconf 84' lang='lat' dir='ltr'><strong>omnes</strong></span> <span class='ocrx_word' id='word_1_512' title='bbox 2881 2407 2974 2460; x_wconf 87' lang='lat' dir='ltr'><strong>alii</strong></span> <span class='ocrx_word' id='word_1_513' title='bbox 3024 2405 3114 2472; x_wconf 88' lang='lat' dir='ltr'><strong>qui</strong></span> <span class='ocrx_word' id='word_1_514' title='bbox 3156 2404 3597 2458; x_wconf 71' lang='lat' dir='ltr'><strong>adiersabantur</strong></span> 
     </span>
    </p>
   </div>
   <div class='ocr_carea' id='block_1_70' title="bbox 1979 2498 3598 2569">
    <p class='ocr_par' dir='ltr' id='par_1_70' title="bbox 1979 2498 3598 2569">
     <span class='ocr_line' id='line_1_70' title="bbox 1979 2498 3598 2569; baseline -0.008 -8"><span class='ocrx_word' id='word_1_515' title='bbox 1979 2506 2134 2567; x_wconf 83' lang='lat' dir='ltr'><strong>Jesu,</strong></span> <span class='ocrx_word' id='word_1_516' title='bbox 2175 2505 2674 2559; x_wconf 88' lang='lat' dir='ltr'><strong>confundebantur.</strong></span> <span class='ocrx_word' id='word_1_517' title='bbox 2723 2499 2933 2569; x_wconf 75' lang='lat' dir='ltr'><strong>Magnae</strong></span> <span class='ocrx_word' id='word_1_518' title='bbox 2966 2501 3113 2553; x_wconf 88' lang='lat' dir='ltr'><strong>cnim</strong></span> <span class='ocrx_word' id='word_1_519' title='bbox 3148 2498 3399 2553; x_wconf 66' lang='lat' dir='ltr'><strong>stultitiae</strong></span> <span class='ocrx_word' id='word_1_520' title='bbox 3439 2502 3598 2559; x_wconf 77' lang='lat' dir='ltr'><strong>erat,</strong></span> 
     </span>
    </p>
   </div>
   <div class='ocr_carea' id='block_1_71' title="bbox 1981 2591 3598 2669">
    <p class='ocr_par' dir='ltr' id='par_1_71' title="bbox 1981 2591 3598 2669">
     <span class='ocr_line' id='line_1_71' title="bbox 1981 2591 3598 2669; baseline -0.007 -16"><span class='ocrx_word' id='word_1_521' title='bbox 1981 2600 2274 2669; x_wconf 84' lang='lat' dir='ltr'><strong>prohibere</strong></span> <span class='ocrx_word' id='word_1_522' title='bbox 2343 2599 2623 2652; x_wconf 85' lang='lat' dir='ltr'><strong>hominem</strong></span> <span class='ocrx_word' id='word_1_523' title='bbox 2694 2594 2882 2650; x_wconf 90' lang='lat' dir='ltr'><strong>sanari</strong></span> <span class='ocrx_word' id='word_1_524' title='bbox 2943 2594 2996 2647; x_wconf 88' lang='lat' dir='ltr'><strong>in</strong></span> <span class='ocrx_word' id='word_1_525' title='bbox 3064 2591 3310 2645; x_wconf 68' lang='lat' dir='ltr'><strong>Sabbato</strong></span> <span class='ocrx_word' id='word_1_526' title='bbox 3374 2599 3598 2658; x_wconf 85' lang='lat' dir='ltr'><strong>propter</strong></span> 
     </span>
    </p>
   </div>
   <div class='ocr_carea' id='block_1_72' title="bbox 1981 2685 3598 2762">
    <p class='ocr_par' dir='ltr' id='par_1_72' title="bbox 1981 2685 3598 2762">
     <span class='ocr_line' id='line_1_72' title="bbox 1981 2685 3598 2762; baseline -0.009 -13"><span class='ocrx_word' id='word_1_527' title='bbox 1981 2695 2152 2749; x_wconf 90' lang='lat' dir='ltr'><strong>otium</strong></span> <span class='ocrx_word' id='word_1_528' title='bbox 2184 2691 2330 2762; x_wconf 89' lang='lat' dir='ltr'><strong>quod</strong></span> <span class='ocrx_word' id='word_1_529' title='bbox 2364 2691 2544 2761; x_wconf 71' lang='lat' dir='ltr'><strong>aliqua</strong></span> <span class='ocrx_word' id='word_1_530' title='bbox 2578 2705 2640 2755; x_wconf 82' lang='lat' dir='ltr'><strong>ex</strong></span> <span class='ocrx_word' id='word_1_531' title='bbox 2691 2698 2845 2758; x_wconf 91' lang='lat' dir='ltr'><strong>parte</strong></span> <span class='ocrx_word' id='word_1_532' title='bbox 2898 2689 2952 2739; x_wconf 92' lang='lat' dir='ltr'><strong>in</strong></span> <span class='ocrx_word' id='word_1_533' title='bbox 2988 2685 3234 2740; x_wconf 89' lang='lat' dir='ltr'><strong>Sabbato</strong></span> <span class='ocrx_word' id='word_1_534' title='bbox 3267 2685 3350 2738; x_wconf 80' lang='lat' dir='ltr'><strong>lex</strong></span> <span class='ocrx_word' id='word_1_535' title='bbox 3387 2696 3598 2753; x_wconf 83' lang='lat' dir='ltr'><strong>praece-</strong></span> 
     </span>
    </p>
   </div>
   <div class='ocr_carea' id='block_1_73' title="bbox 1982 2777 3604 2857">
    <p class='ocr_par' dir='ltr' id='par_1_73' title="bbox 1982 2777 3604 2857">
     <span class='ocr_line' id='line_1_73' title="bbox 1982 2777 3604 2857; baseline -0.007 -16"><span class='ocrx_word' id='word_1_536' title='bbox 1982 2797 2160 2857; x_wconf 90' lang='lat' dir='ltr'><strong>perat.</strong></span> <span class='ocrx_word' id='word_1_537' title='bbox 2201 2785 2373 2854; x_wconf 85' lang='lat' dir='ltr'><strong>Igitnr</strong></span> <span class='ocrx_word' id='word_1_538' title='bbox 2405 2786 2498 2854; x_wconf 93' lang='lat' dir='ltr'><strong>qui</strong></span> <span class='ocrx_word' id='word_1_539' title='bbox 2530 2783 2970 2838; x_wconf 86' lang='lat' dir='ltr'><strong>adversabantur</strong></span> <span class='ocrx_word' id='word_1_540' title='bbox 2997 2779 3152 2844; x_wconf 91' lang='lat' dir='ltr'><strong>.lesu,</strong></span> <span class='ocrx_word' id='word_1_541' title='bbox 3189 2777 3604 2833; x_wconf 86' lang='lat' dir='ltr'><strong>confundeban-</strong></span> 
     </span>
    </p>
   </div>
   <div class='ocr_carea' id='block_1_74' title="bbox 1983 2867 3599 2946">
    <p class='ocr_par' dir='ltr' id='par_1_74' title="bbox 1983 2867 3599 2946">
     <span class='ocr_line' id='line_1_74' title="bbox 1983 2867 3599 2946; baseline -0.008 -13"><span class='ocrx_word' id='word_1_542' title='bbox 1983 2889 2092 2934; x_wconf 90' lang='lat' dir='ltr'><strong>tur.</strong></span> <span class='ocrx_word' id='word_1_543' title='bbox 2124 2877 2324 2932; x_wconf 79' lang='lat' dir='ltr'><strong>Turba:</strong></span> <span class='ocrx_word' id='word_1_544' title='bbox 2359 2889 2544 2930; x_wconf 90' lang='lat' dir='ltr'><strong>autem</strong></span> <span class='ocrx_word' id='word_1_545' title='bbox 2581 2877 2896 2946; x_wconf 84' lang='lat' dir='ltr'><strong>gaudebant</strong></span> <span class='ocrx_word' id='word_1_546' title='bbox 2931 2873 2984 2928; x_wconf 92' lang='lat' dir='ltr'><strong>in</strong></span> <span class='ocrx_word' id='word_1_547' title='bbox 3018 2871 3318 2941; x_wconf 88' lang='lat' dir='ltr'><strong>operibus,</strong></span> <span class='ocrx_word' id='word_1_548' title='bbox 3355 2870 3497 2924; x_wconf 89' lang='lat' dir='ltr'><strong>sicut</strong></span> <span class='ocrx_word' id='word_1_549' title='bbox 3522 2867 3599 2921; x_wconf 92' lang='lat' dir='ltr'><strong>illi</strong></span> 
     </span>
    </p>
   </div>
   <div class='ocr_carea' id='block_1_75' title="bbox 1981 2949 3609 3042">
    <p class='ocr_par' dir='ltr' id='par_1_75' title="bbox 1981 2949 3609 3042">
     <span class='ocr_line' id='line_1_75' title="bbox 1981 2949 3609 3042; baseline -0.008 -17"><span class='ocrx_word' id='word_1_550' title='bbox 1981 2973 2242 3041; x_wconf 83' lang='lat' dir='ltr'><strong>operibus</strong></span> <span class='ocrx_word' id='word_1_551' title='bbox 2280 2986 2385 3025; x_wconf 90' lang='lat' dir='ltr'><strong>non</strong></span> <span class='ocrx_word' id='word_1_552' title='bbox 2433 2971 2781 3042; x_wconf 77' lang='lat' dir='ltr'><strong>gaudebant,</strong></span> <span class='ocrx_word' id='word_1_553' title='bbox 2833 2968 2926 3021; x_wconf 90' lang='lat' dir='ltr'><strong>sed</strong></span> <span class='ocrx_word' id='word_1_554' title='bbox 2954 2963 3330 3025; x_wconf 86' lang='lat' dir='ltr'><strong>insaniebant,</strong></span> <span class='ocrx_word' id='word_1_555' title='bbox 3379 2949 3609 3016; x_wconf 60' lang='lat' dir='ltr'><strong>Chrislo&#39;</strong></span> 
     </span>
    </p>
   </div>
   <div class='ocr_carea' id='block_1_76' title="bbox 1983 3054 3604 3132">
    <p class='ocr_par' dir='ltr' id='par_1_76' title="bbox 1983 3054 3604 3132">
     <span class='ocr_line' id='line_1_76' title="bbox 1983 3054 3604 3132; baseline -0.009 -11"><span class='ocrx_word' id='word_1_556' title='bbox 1983 3066 2219 3121; x_wconf 80' lang='lat' dir='ltr'><strong>faciente</strong></span> <span class='ocrx_word' id='word_1_557' title='bbox 2248 3064 2538 3132; x_wconf 64' lang='lat' dir='ltr'><strong>miracula.</strong></span> <span class='ocrx_word' id='word_1_558' title='bbox 2577 3066 2642 3117; x_wconf 83' lang='lat' dir='ltr'><strong>At</strong></span> <span class='ocrx_word' id='word_1_559' title='bbox 2671 3062 2847 3116; x_wconf 71' lang='lat' dir='ltr'><strong>turba:</strong></span> <span class='ocrx_word' id='word_1_560' title='bbox 2893 3075 2958 3114; x_wconf 81' lang='lat' dir='ltr'><strong>ex</strong></span> <span class='ocrx_word' id='word_1_561' title='bbox 2989 3054 3272 3112; x_wconf 87' lang='lat' dir='ltr'><strong>miraculis</strong></span> <span class='ocrx_word' id='word_1_562' title='bbox 3302 3055 3604 3109; x_wconf 85' lang='lat' dir='ltr'><strong>utilitatem</strong></span> 
     </span>
    </p>
   </div>
   <div class='ocr_carea' id='block_1_77' title="bbox 1983 3146 3604 3228">
    <p class='ocr_par' dir='ltr' id='par_1_77' title="bbox 1983 3146 3604 3228">
     <span class='ocr_line' id='line_1_77' title="bbox 1983 3146 3604 3228; baseline -0.008 -16"><span class='ocrx_word' id='word_1_563' title='bbox 1983 3157 2374 3228; x_wconf 86' lang='lat' dir='ltr'><strong>percipientes.</strong></span> <span class='ocrx_word' id='word_1_564' title='bbox 2429 3147 2777 3224; x_wconf 76' lang='lat' dir='ltr'><strong>gaudebant,</strong></span> <span class='ocrx_word' id='word_1_565' title='bbox 2822 3152 3063 3206; x_wconf 81' lang='lat' dir='ltr'><strong>maxime</strong></span> <span class='ocrx_word' id='word_1_566' title='bbox 3095 3149 3240 3220; x_wconf 85' lang='lat' dir='ltr'><strong>quod</strong></span> <span class='ocrx_word' id='word_1_567' title='bbox 3300 3146 3604 3204; x_wconf 86' lang='lat' dir='ltr'><strong>sanationi-</strong></span> 
     </span>
    </p>
   </div>
   <div class='ocr_carea' id='block_1_78' title="bbox 1983 3240 3604 3318">
    <p class='ocr_par' dir='ltr' id='par_1_78' title="bbox 1983 3240 3604 3318">
     <span class='ocr_line' id='line_1_78' title="bbox 1983 3240 3604 3318; baseline -0.007 -13"><span class='ocrx_word' id='word_1_568' title='bbox 1983 3253 2084 3306; x_wconf 92' lang='lat' dir='ltr'><strong>bus</strong></span> <span class='ocrx_word' id='word_1_569' title='bbox 2115 3253 2457 3306; x_wconf 82' lang='lat' dir='ltr'><strong>fruerentur.</strong></span> <span class='ocrx_word' id='word_1_570' title='bbox 2502 3247 2785 3318; x_wconf 81' lang='lat' dir='ltr'><strong>Intelligas</strong></span> <span class='ocrx_word' id='word_1_571' title='bbox 2838 3253 3046 3309; x_wconf 89' lang='lat' dir='ltr'><strong>autem,</strong></span> <span class='ocrx_word' id='word_1_572' title='bbox 3085 3257 3223 3309; x_wconf 92' lang='lat' dir='ltr'><strong>oro,</strong></span> <span class='ocrx_word' id='word_1_573' title='bbox 3275 3240 3604 3296; x_wconf 87' lang='lat' dir='ltr'><strong>miraculum</strong></span> 
     </span>
    </p>
   </div>
   <div class='ocr_carea' id='block_1_79' title="bbox 1984 3334 3602 3399">
    <p class='ocr_par' dir='ltr' id='par_1_79' title="bbox 1984 3334 3602 3399">
     <span class='ocr_line' id='line_1_79' title="bbox 1984 3334 3602 3399; baseline -0.007 -1"><span class='ocrx_word' id='word_1_574' title='bbox 1984 3344 2129 3399; x_wconf 89' lang='lat' dir='ltr'><strong>istud</strong></span> <span class='ocrx_word' id='word_1_575' title='bbox 2168 3345 2333 3398; x_wconf 86' lang='lat' dir='ltr'><strong>etiam</strong></span> <span class='ocrx_word' id='word_1_576' title='bbox 2371 3343 2438 3396; x_wconf 92' lang='lat' dir='ltr'><strong>de</strong></span> <span class='ocrx_word' id='word_1_577' title='bbox 2471 3343 2691 3396; x_wconf 91' lang='lat' dir='ltr'><strong>interno</strong></span> <span class='ocrx_word' id='word_1_578' title='bbox 2739 3338 2989 3394; x_wconf 80' lang='lat' dir='ltr'><strong>homine.</strong></span> <span class='ocrx_word' id='word_1_579' title='bbox 3042 3337 3376 3392; x_wconf 87' lang='lat' dir='ltr'><strong>Incurvatur</strong></span> <span class='ocrx_word' id='word_1_580' title='bbox 3417 3334 3602 3389; x_wconf 91' lang='lat' dir='ltr'><strong>anima</strong></span> 
     </span>
    </p>
   </div>
   <div class='ocr_carea' id='block_1_80' title="bbox 1982 3414 3602 3508">
    <p class='ocr_par' dir='ltr' id='par_1_80' title="bbox 1982 3414 3602 3508">
     <span class='ocr_line' id='line_1_80' title="bbox 1982 3414 3602 3508; baseline -0.006 -18"><span class='ocrx_word' id='word_1_581' title='bbox 1982 3424 2203 3508; x_wconf 78' lang='lat' dir='ltr'><strong>quando</strong></span> <span class='ocrx_word' id='word_1_582' title='bbox 2236 3438 2302 3491; x_wconf 89' lang='lat' dir='ltr'><strong>ad</strong></span> <span class='ocrx_word' id='word_1_583' title='bbox 2360 3447 2612 3491; x_wconf 78' lang='lat' dir='ltr'><strong>terrenas</strong></span> <span class='ocrx_word' id='word_1_584' title='bbox 2664 3445 2876 3489; x_wconf 84' lang='lat' dir='ltr'><strong>tantum</strong></span> <span class='ocrx_word' id='word_1_585' title='bbox 2929 3447 3092 3488; x_wconf 88' lang='lat' dir='ltr'><strong>curas</strong></span> <span class='ocrx_word' id='word_1_586' title='bbox 3133 3431 3348 3499; x_wconf 65' lang='lat' dir='ltr'><strong>vergit,</strong></span> <span class='ocrx_word' id='word_1_587' title='bbox 3377 3414 3432 3485; x_wconf 85' lang='lat' dir='ltr'><strong>et</strong></span> <span class='ocrx_word' id='word_1_588' title='bbox 3464 3426 3602 3483; x_wconf 89' lang='lat' dir='ltr'><strong>nihil</strong></span> 
     </span>
    </p>
   </div>
   <div class='ocr_carea' id='block_1_81' title="bbox 1985 3524 3602 3598">
    <p class='ocr_par' dir='ltr' id='par_1_81' title="bbox 1985 3524 3602 3598">
     <span class='ocr_line' id='line_1_81' title="bbox 1985 3524 3602 3598; baseline -0.006 -12"><span class='ocrx_word' id='word_1_589' title='bbox 1985 3533 2215 3588; x_wconf 63' lang='lat' dir='ltr'><strong>caeleste</strong></span> <span class='ocrx_word' id='word_1_590' title='bbox 2254 3533 2334 3587; x_wconf 79' lang='lat' dir='ltr'><strong>vel</strong></span> <span class='ocrx_word' id='word_1_591' title='bbox 2360 3533 2605 3586; x_wconf 89' lang='lat' dir='ltr'><strong>divinum</strong></span> <span class='ocrx_word' id='word_1_592' title='bbox 2641 3545 2828 3585; x_wconf 86' lang='lat' dir='ltr'><strong>secum</strong></span> <span class='ocrx_word' id='word_1_593' title='bbox 2871 3528 3130 3598; x_wconf 84' lang='lat' dir='ltr'><strong>concipit.</strong></span> <span class='ocrx_word' id='word_1_594' title='bbox 3165 3524 3378 3580; x_wconf 89' lang='lat' dir='ltr'><strong>Idcirco</strong></span> <span class='ocrx_word' id='word_1_595' title='bbox 3413 3525 3602 3579; x_wconf 86' lang='lat' dir='ltr'><strong>decem</strong></span> 
     </span>
    </p>
   </div>
   <div class='ocr_carea' id='block_1_82' title="bbox 1987 3617 3605 3693">
    <p class='ocr_par' dir='ltr' id='par_1_82' title="bbox 1987 3617 3605 3693">
     <span class='ocr_line' id='line_1_82' title="bbox 1987 3617 3605 3693; baseline -0.007 -12"><span class='ocrx_word' id='word_1_596' title='bbox 1987 3637 2036 3681; x_wconf 82' lang='lat' dir='ltr'><strong>et</strong></span> <span class='ocrx_word' id='word_1_597' title='bbox 2075 3636 2201 3681; x_wconf 90' lang='lat' dir='ltr'><strong>octo</strong></span> <span class='ocrx_word' id='word_1_598' title='bbox 2232 3627 2395 3679; x_wconf 88' lang='lat' dir='ltr'><strong>annis</strong></span> <span class='ocrx_word' id='word_1_599' title='bbox 2429 3633 2701 3693; x_wconf 61' lang='lat' dir='ltr'><strong>aegrotare</strong></span> <span class='ocrx_word' id='word_1_600' title='bbox 2749 3622 2974 3677; x_wconf 87' lang='lat' dir='ltr'><strong>dicitur.</strong></span> <span class='ocrx_word' id='word_1_601' title='bbox 3025 3619 3259 3686; x_wconf 79' lang='lat' dir='ltr'><strong>Quando</strong></span> <span class='ocrx_word' id='word_1_602' title='bbox 3299 3617 3448 3672; x_wconf 88' lang='lat' dir='ltr'><strong>enim</strong></span> <span class='ocrx_word' id='word_1_603' title='bbox 3479 3617 3605 3686; x_wconf 91' lang='lat' dir='ltr'><strong>quis</strong></span> 
     </span>
    </p>
   </div>
   <div class='ocr_carea' id='block_1_83' title="bbox 1985 3709 3608 3778">
    <p class='ocr_par' dir='ltr' id='par_1_83' title="bbox 1985 3709 3608 3778">
     <span class='ocr_line' id='line_1_83' title="bbox 1985 3709 3608 3778; baseline -0.006 -8"><span class='ocrx_word' id='word_1_604' title='bbox 1985 3720 2038 3770; x_wconf 93' lang='lat' dir='ltr'><strong>in</strong></span> <span class='ocrx_word' id='word_1_605' title='bbox 2075 3715 2468 3770; x_wconf 90' lang='lat' dir='ltr'><strong>observatione</strong></span> <span class='ocrx_word' id='word_1_606' title='bbox 2500 3714 2888 3768; x_wconf 90' lang='lat' dir='ltr'><strong>mandatorum</strong></span> <span class='ocrx_word' id='word_1_607' title='bbox 2921 3711 3119 3766; x_wconf 67' lang='lat' dir='ltr'><strong>divina:</strong></span> <span class='ocrx_word' id='word_1_608' title='bbox 3149 3709 3287 3778; x_wconf 89' lang='lat' dir='ltr'><strong>legis</strong></span> <span class='ocrx_word' id='word_1_609' title='bbox 3322 3723 3446 3778; x_wconf 75' lang='lat' dir='ltr'><strong>quae</strong></span> <span class='ocrx_word' id='word_1_610' title='bbox 3477 3714 3608 3762; x_wconf 90' lang='lat' dir='ltr'><strong>sunt</strong></span> 
     </span>
    </p>
   </div>
   <div class='ocr_carea' id='block_1_84' title="bbox 1983 3800 3608 3876">
    <p class='ocr_par' dir='ltr' id='par_1_84' title="bbox 1983 3800 3608 3876">
     <span class='ocr_line' id='line_1_84' title="bbox 1983 3800 3608 3876; baseline -0.005 -14"><span class='ocrx_word' id='word_1_611' title='bbox 1983 3812 2197 3874; x_wconf 84' lang='lat' dir='ltr'><strong>decem,</strong></span> <span class='ocrx_word' id='word_1_612' title='bbox 2238 3818 2292 3863; x_wconf 90' lang='lat' dir='ltr'><strong>et</strong></span> <span class='ocrx_word' id='word_1_613' title='bbox 2329 3807 2381 3861; x_wconf 91' lang='lat' dir='ltr'><strong>in</strong></span> <span class='ocrx_word' id='word_1_614' title='bbox 2435 3822 2534 3876; x_wconf 72' lang='lat' dir='ltr'><strong>spe</strong></span> <span class='ocrx_word' id='word_1_615' title='bbox 2569 3806 2751 3861; x_wconf 88' lang='lat' dir='ltr'><strong>octavi</strong></span> <span class='ocrx_word' id='word_1_616' title='bbox 2788 3806 2973 3860; x_wconf 75' lang='lat' dir='ltr'><strong>smculi</strong></span> <span class='ocrx_word' id='word_1_617' title='bbox 3007 3803 3263 3858; x_wconf 87' lang='lat' dir='ltr'><strong>infirmus</strong></span> <span class='ocrx_word' id='word_1_618' title='bbox 3295 3800 3486 3866; x_wconf 88' lang='lat' dir='ltr'><strong>fuerit,</strong></span> <span class='ocrx_word' id='word_1_619' title='bbox 3513 3801 3608 3854; x_wconf 84' lang='lat' dir='ltr'><strong>de-</strong></span> 
     </span>
    </p>
   </div>
   <div class='ocr_carea' id='block_1_85' title="bbox 1983 3897 3608 3956">
    <p class='ocr_par' dir='ltr' id='par_1_85' title="bbox 1983 3897 3608 3956">
     <span class='ocr_line' id='line_1_85' title="bbox 1983 3897 3608 3956; baseline -0.005 0"><span class='ocrx_word' id='word_1_620' title='bbox 1983 3917 2101 3956; x_wconf 87' lang='lat' dir='ltr'><strong>cem</strong></span> <span class='ocrx_word' id='word_1_621' title='bbox 2134 3911 2188 3956; x_wconf 92' lang='lat' dir='ltr'><strong>et</strong></span> <span class='ocrx_word' id='word_1_622' title='bbox 2229 3911 2354 3956; x_wconf 90' lang='lat' dir='ltr'><strong>octo</strong></span> <span class='ocrx_word' id='word_1_623' title='bbox 2389 3902 2549 3956; x_wconf 90' lang='lat' dir='ltr'><strong>annis</strong></span> <span class='ocrx_word' id='word_1_624' title='bbox 2580 3899 2782 3955; x_wconf 82' lang='lat' dir='ltr'><strong>dicitur</strong></span> <span class='ocrx_word' id='word_1_625' title='bbox 2814 3899 3117 3954; x_wconf 85' lang='lat' dir='ltr'><strong>incurvari.</strong></span> <span class='ocrx_word' id='word_1_626' title='bbox 3167 3899 3366 3952; x_wconf 80' lang='lat' dir='ltr'><strong>Annon</strong></span> <span class='ocrx_word' id='word_1_627' title='bbox 3415 3897 3608 3951; x_wconf 87' lang='lat' dir='ltr'><strong>incur-</strong></span> 
     </span>
    </p>
   </div>
   <div class='ocr_carea' id='block_1_86' title="bbox 1984 3990 3609 4060">
    <p class='ocr_par' dir='ltr' id='par_1_86' title="bbox 1984 3990 3609 4060">
     <span class='ocr_line' id='line_1_86' title="bbox 1984 3990 3609 4060; baseline -0.002 -15"><span class='ocrx_word' id='word_1_628' title='bbox 1984 4005 2147 4048; x_wconf 84' lang='lat' dir='ltr'><strong>vatur</strong></span> <span class='ocrx_word' id='word_1_629' title='bbox 2195 4003 2251 4048; x_wconf 94' lang='lat' dir='ltr'><strong>et</strong></span> <span class='ocrx_word' id='word_1_630' title='bbox 2283 3992 2636 4046; x_wconf 83' lang='lat' dir='ltr'><strong>contrahitur</strong></span> <span class='ocrx_word' id='word_1_631' title='bbox 2685 3991 2776 4060; x_wconf 91' lang='lat' dir='ltr'><strong>qui</strong></span> <span class='ocrx_word' id='word_1_632' title='bbox 2827 3991 3069 4046; x_wconf 88' lang='lat' dir='ltr'><strong>terrenis</strong></span> <span class='ocrx_word' id='word_1_633' title='bbox 3107 3990 3364 4045; x_wconf 82' lang='lat' dir='ltr'><strong>addictus</strong></span> <span class='ocrx_word' id='word_1_634' title='bbox 3415 3994 3609 4059; x_wconf 85' lang='lat' dir='ltr'><strong>peccat</strong></span> 
     </span>
    </p>
   </div>
   <div class='ocr_carea' id='block_1_87' title="bbox 1984 4081 3605 4157">
    <p class='ocr_par' dir='ltr' id='par_1_87' title="bbox 1984 4081 3605 4157">
     <span class='ocr_line' id='line_1_87' title="bbox 1984 4081 3605 4157; baseline -0.003 -17"><span class='ocrx_word' id='word_1_635' title='bbox 1984 4100 2226 4157; x_wconf 89' lang='lat' dir='ltr'><strong>semper,</strong></span> <span class='ocrx_word' id='word_1_636' title='bbox 2274 4085 2532 4140; x_wconf 88' lang='lat' dir='ltr'><strong>mandata</strong></span> <span class='ocrx_word' id='word_1_637' title='bbox 2581 4086 2881 4156; x_wconf 88' lang='lat' dir='ltr'><strong>reprobat,</strong></span> <span class='ocrx_word' id='word_1_638' title='bbox 2927 4091 2982 4138; x_wconf 89' lang='lat' dir='ltr'><strong>et</strong></span> <span class='ocrx_word' id='word_1_639' title='bbox 3039 4083 3284 4137; x_wconf 88' lang='lat' dir='ltr'><strong>futurum</strong></span> <span class='ocrx_word' id='word_1_640' title='bbox 3342 4081 3605 4136; x_wconf 84' lang='lat' dir='ltr'><strong>saeculum</strong></span> 
     </span>
    </p>
   </div>
   <div class='ocr_carea' id='block_1_88' title="bbox 1985 4175 3607 4249">
    <p class='ocr_par' dir='ltr' id='par_1_88' title="bbox 1985 4175 3607 4249">
     <span class='ocr_line' id='line_1_88' title="bbox 1985 4175 3607 4249; baseline -0.003 -15"><span class='ocrx_word' id='word_1_641' title='bbox 1985 4195 2092 4234; x_wconf 91' lang='lat' dir='ltr'><strong>non</strong></span> <span class='ocrx_word' id='word_1_642' title='bbox 2181 4189 2466 4249; x_wconf 83' lang='lat' dir='ltr'><strong>exspectat</strong></span> <span class='ocrx_word' id='word_1_643' title='bbox 2492 4180 2515 4232; x_wconf 85' lang='lat'><strong>?</strong></span> <span class='ocrx_word' id='word_1_644' title='bbox 2580 4178 2687 4234; x_wconf 88' lang='lat' dir='ltr'><strong>Sed</strong></span> <span class='ocrx_word' id='word_1_645' title='bbox 2773 4177 3045 4233; x_wconf 86' lang='lat' dir='ltr'><strong>Dominus</strong></span> <span class='ocrx_word' id='word_1_646' title='bbox 3117 4177 3171 4230; x_wconf 91' lang='lat' dir='ltr'><strong>in</strong></span> <span class='ocrx_word' id='word_1_647' title='bbox 3247 4175 3491 4230; x_wconf 87' lang='lat' dir='ltr'><strong>Sabbato</strong></span> <span class='ocrx_word' id='word_1_648' title='bbox 3551 4181 3607 4230; x_wconf 83' lang='lat' dir='ltr'><strong>et</strong></span> 
     </span>
    </p>
   </div>
   <div class='ocr_carea' id='block_1_89' title="bbox 1988 4266 3606 4343">
    <p class='ocr_par' dir='ltr' id='par_1_89' title="bbox 1988 4266 3606 4343">
     <span class='ocr_line' id='line_1_89' title="bbox 1988 4266 3606 4343; baseline -0.003 -18"><span class='ocrx_word' id='word_1_649' title='bbox 1988 4271 2276 4343; x_wconf 85' lang='lat' dir='ltr'><strong>Synagoga</strong></span> <span class='ocrx_word' id='word_1_650' title='bbox 2347 4280 2507 4326; x_wconf 86' lang='lat' dir='ltr'><strong>sanat</strong></span> <span class='ocrx_word' id='word_1_651' title='bbox 2586 4271 2749 4326; x_wconf 82' lang='lat' dir='ltr'><strong>talem</strong></span> <span class='ocrx_word' id='word_1_652' title='bbox 2809 4270 3077 4324; x_wconf 88' lang='lat' dir='ltr'><strong>animam.</strong></span> <span class='ocrx_word' id='word_1_653' title='bbox 3148 4267 3382 4335; x_wconf 87' lang='lat' dir='ltr'><strong>Quando</strong></span> <span class='ocrx_word' id='word_1_654' title='bbox 3455 4266 3606 4321; x_wconf 90' lang='lat' dir='ltr'><strong>enim</strong></span> 
     </span>
    </p>
   </div>
   <div class='ocr_carea' id='block_1_90' title="bbox 1980 4358 3595 4432">
    <p class='ocr_par' dir='ltr' id='par_1_90' title="bbox 1980 4358 3595 4432">
     <span class='ocr_line' id='line_1_90' title="bbox 1980 4358 3595 4432; baseline -0.003 -18"><span class='ocrx_word' id='word_1_655' title='bbox 1980 4362 2105 4432; x_wconf 88' lang='lat' dir='ltr'><strong>quis</strong></span> <span class='ocrx_word' id='word_1_656' title='bbox 2153 4364 2206 4418; x_wconf 93' lang='lat' dir='ltr'><strong>in</strong></span> <span class='ocrx_word' id='word_1_657' title='bbox 2253 4362 2436 4432; x_wconf 88' lang='lat' dir='ltr'><strong>seipso</strong></span> <span class='ocrx_word' id='word_1_658' title='bbox 2478 4361 2701 4432; x_wconf 81' lang='lat' dir='ltr'><strong>colligit</strong></span> <span class='ocrx_word' id='word_1_659' title='bbox 2761 4360 3128 4416; x_wconf 87' lang='lat' dir='ltr'><strong>confessionis</strong></span> <span class='ocrx_word' id='word_1_660' title='bbox 3184 4358 3595 4429; x_wconf 82' lang='lat' dir='ltr'><strong>cegitationes:</strong></span> 
     </span>
    </p>
   </div>
   <div class='ocr_carea' id='block_1_91' title="bbox 1981 4451 3605 4525">
    <p class='ocr_par' dir='ltr' id='par_1_91' title="bbox 1981 4451 3605 4525">
     <span class='ocr_line' id='line_1_91' title="bbox 1981 4451 3605 4525; baseline -0.002 -17"><span class='ocrx_word' id='word_1_661' title='bbox 1981 4453 2152 4511; x_wconf 87' lang='lat' dir='ltr'><strong>Judas</strong></span> <span class='ocrx_word' id='word_1_662' title='bbox 2202 4456 2347 4510; x_wconf 90' lang='lat' dir='ltr'><strong>enim</strong></span> <span class='ocrx_word' id='word_1_663' title='bbox 2397 4455 2673 4510; x_wconf 82' lang='lat' dir='ltr'><strong>confessio</strong></span> <span class='ocrx_word' id='word_1_664' title='bbox 2707 4453 2931 4525; x_wconf 78' lang='lat' dir='ltr'><strong>dicitur,</strong></span> <span class='ocrx_word' id='word_1_665' title='bbox 2983 4465 3038 4508; x_wconf 92' lang='lat' dir='ltr'><strong>et</strong></span> <span class='ocrx_word' id='word_1_666' title='bbox 3093 4451 3395 4508; x_wconf 90' lang='lat' dir='ltr'><strong>Sabbatum</strong></span> <span class='ocrx_word' id='word_1_667' title='bbox 3430 4458 3605 4514; x_wconf 81' lang='lat' dir='ltr'><strong>tenet,</strong></span> 
     </span>
    </p>
   </div>
   <div class='ocr_carea' id='block_1_92' title="bbox 269 4541 1874 4620">
    <p class='ocr_par' dir='ltr' id='par_1_92' title="bbox 269 4545 1874 4620">
     <span class='ocr_line' id='line_1_92' title="bbox 269 4545 1874 4620; baseline 0.001 -20"><span class='ocrx_word' id='word_1_668' title='bbox 269 4547 372 4610; x_wconf 82' lang='grc' dir='ltr'><strong>λάς</strong></span> <span class='ocrx_word' id='word_1_669' title='bbox 399 4546 604 4610; x_wconf 76' lang='grc' dir='ltr'>ἀθετεῖ,</span> <span class='ocrx_word' id='word_1_670' title='bbox 637 4549 730 4601; x_wconf 81' lang='grc' dir='ltr'><strong>καὶ</strong></span> <span class='ocrx_word' id='word_1_671' title='bbox 761 4548 854 4600; x_wconf 79' lang='grc' dir='ltr'><strong>τὸν</strong></span> <span class='ocrx_word' id='word_1_672' title='bbox 888 4545 1160 4616; x_wconf 78' lang='grc' dir='ltr'>μέλλοντα</span> <span class='ocrx_word' id='word_1_673' title='bbox 1189 4549 1364 4602; x_wconf 77' lang='grc' dir='ltr'>αἰῶνα</span> <span class='ocrx_word' id='word_1_674' title='bbox 1389 4549 1448 4602; x_wconf 73' lang='grc' dir='ltr'><strong>οὐ</strong></span> <span class='ocrx_word' id='word_1_675' title='bbox 1480 4549 1874 4620; x_wconf 75' lang='grc' dir='ltr'>προσδέχεται;</span> 
     </span>
    </p>
   </div>
   <div class='ocr_carea' id='block_1_93' title="bbox 1985 4541 3604 4620">
    <p class='ocr_par' dir='ltr' id='par_1_93' title="bbox 1989 4541 3604 4613">
     <span class='ocr_line' id='line_1_93' title="bbox 1989 4541 3604 4613; baseline -0.003 -11"><span class='ocrx_word' id='word_1_676' title='bbox 1989 4547 2091 4603; x_wconf 90' lang='lat' dir='ltr'><strong>hoc</strong></span> <span class='ocrx_word' id='word_1_677' title='bbox 2125 4557 2232 4613; x_wconf 90' lang='lat' dir='ltr'><strong>est,</strong></span> <span class='ocrx_word' id='word_1_678' title='bbox 2269 4547 2502 4602; x_wconf 85' lang='lat' dir='ltr'><strong>feriatur</strong></span> <span class='ocrx_word' id='word_1_679' title='bbox 2542 4563 2573 4602; x_wconf 93' lang='lat' dir='ltr'><strong>a</strong></span> <span class='ocrx_word' id='word_1_680' title='bbox 2619 4547 2779 4602; x_wconf 82' lang='lat' dir='ltr'><strong>malis</strong></span> <span class='ocrx_word' id='word_1_681' title='bbox 2817 4565 2830 4600; x_wconf 76' lang='grc' dir='ltr'><strong>ι</strong></span> <span class='ocrx_word' id='word_1_682' title='bbox 2869 4555 3001 4601; x_wconf 91' lang='lat' dir='ltr'><strong>tunc</strong></span> <span class='ocrx_word' id='word_1_683' title='bbox 3046 4560 3170 4602; x_wconf 90' lang='lat' dir='ltr'><strong>eum</strong></span> <span class='ocrx_word' id='word_1_684' title='bbox 3207 4554 3373 4600; x_wconf 90' lang='lat' dir='ltr'><strong>sanat</strong></span> <span class='ocrx_word' id='word_1_685' title='bbox 3419 4541 3604 4609; x_wconf 72' lang='lat' dir='ltr'><strong>Iesus,</strong></span> 
     </span>
    </p>
   </div>
   <div class='ocr_carea' id='block_1_94' title="bbox 270 4638 1875 4716">
    <p class='ocr_par' dir='ltr' id='par_1_94' title="bbox 270 4638 1875 4716">
     <span class='ocr_line' id='line_1_94' title="bbox 270 4638 1875 4716; baseline 0.002 -24"><span class='ocrx_word' id='word_1_686' title='bbox 270 4638 419 4693; x_wconf 78' lang='grc' dir='ltr'>Ἀλλ’</span> <span class='ocrx_word' id='word_1_687' title='bbox 449 4641 478 4692; x_wconf 89' lang='grc' dir='ltr'>ὁ</span> <span class='ocrx_word' id='word_1_688' title='bbox 511 4639 716 4709; x_wconf 82' lang='grc' dir='ltr'>Κύριος</span> <span class='ocrx_word' id='word_1_689' title='bbox 745 4643 803 4694; x_wconf 83' lang='grc' dir='ltr'>ὲν</span> <span class='ocrx_word' id='word_1_690' title='bbox 832 4642 1096 4713; x_wconf 87' lang='grc' dir='ltr'>Σαϐϐάτῳ</span> <span class='ocrx_word' id='word_1_691' title='bbox 1120 4643 1214 4695; x_wconf 69' lang='grc' dir='ltr'>καὶ</span> <span class='ocrx_word' id='word_1_692' title='bbox 1243 4642 1547 4713; x_wconf 78' lang='grc' dir='ltr'>Συναγωγῇ</span> <span class='ocrx_word' id='word_1_693' title='bbox 1576 4642 1875 4716; x_wconf 81' lang='grc' dir='ltr'>Θεραπεύει</span> 
     </span>
    </p>
   </div>
   <div class='ocr_carea' id='block_1_95' title="bbox 267 4729 1878 4810">
    <p class='ocr_par' dir='ltr' id='par_1_95' title="bbox 267 4729 1878 4810">
     <span class='ocr_line' id='line_1_95' title="bbox 267 4729 1878 4810; baseline 0.002 -26"><span class='ocrx_word' id='word_1_694' title='bbox 267 4731 372 4801; x_wconf 75' lang='grc' dir='ltr'>τὴν</span> <span class='ocrx_word' id='word_1_695' title='bbox 425 4729 682 4802; x_wconf 83' lang='grc' dir='ltr'>τοιαύτην</span> <span class='ocrx_word' id='word_1_696' title='bbox 722 4731 924 4802; x_wconf 75' lang='grc' dir='ltr'>ψυχήν.</span> <span class='ocrx_word' id='word_1_697' title='bbox 978 4733 1152 4810; x_wconf 75' lang='grc' dir='ltr'>Ὅταν</span> <span class='ocrx_word' id='word_1_698' title='bbox 1186 4736 1295 4803; x_wconf 86' lang='grc' dir='ltr'>γὰρ</span> <span class='ocrx_word' id='word_1_699' title='bbox 1347 4734 1635 4804; x_wconf 84' lang='grc' dir='ltr'>συναγάγῃ</span> <span class='ocrx_word' id='word_1_700' title='bbox 1683 4751 1766 4797; x_wconf 89' lang='grc' dir='ltr'><strong>τις</strong></span> <span class='ocrx_word' id='word_1_701' title='bbox 1821 4735 1878 4788; x_wconf 77' lang='grc' dir='ltr'>ὲν</span> 
     </span>
    </p>
   </div>
   <div class='ocr_carea' id='block_1_96' title="bbox 271 4821 1878 4895">
    <p class='ocr_par' dir='ltr' id='par_1_96' title="bbox 271 4821 1878 4895">
     <span class='ocr_line' id='line_1_96' title="bbox 271 4821 1878 4895; baseline 0.003 -20"><span class='ocrx_word' id='word_1_702' title='bbox 271 4821 459 4892; x_wconf 73' lang='grc' dir='ltr'>ἑαυτῷ</span> <span class='ocrx_word' id='word_1_703' title='bbox 492 4823 620 4886; x_wconf 75' lang='grc' dir='ltr'>τοὺς</span> <span class='ocrx_word' id='word_1_704' title='bbox 653 4823 752 4891; x_wconf 76' lang='grc' dir='ltr'>τῆς</span> <span class='ocrx_word' id='word_1_705' title='bbox 809 4824 1257 4894; x_wconf 78' lang='grc' dir='ltr'>ὲξομολογήσεως</span> <span class='ocrx_word' id='word_1_706' title='bbox 1287 4827 1587 4895; x_wconf 84' lang='grc' dir='ltr'>λογισμούς</span> <span class='ocrx_word' id='word_1_707' title='bbox 1610 4844 1622 4857; x_wconf 88' lang='grc'>·</span> <span class='ocrx_word' id='word_1_708' title='bbox 1674 4827 1878 4891; x_wconf 85' lang='grc' dir='ltr'>Ἰούδας</span> 
     </span>
    </p>
   </div>
   <div class='ocr_carea' id='block_1_97' title="bbox 269 4915 1874 4991">
    <p class='ocr_par' dir='ltr' id='par_1_97' title="bbox 269 4915 1874 4991">
     <span class='ocr_line' id='line_1_97' title="bbox 269 4915 1874 4991; baseline 0.002 -21"><span class='ocrx_word' id='word_1_709' title='bbox 269 4919 384 4985; x_wconf 69' lang='grc' dir='ltr'>γὰρ</span> <span class='ocrx_word' id='word_1_710' title='bbox 439 4915 834 4988; x_wconf 79' lang='grc' dir='ltr'>ἐξομολόγησις</span> <span class='ocrx_word' id='word_1_711' title='bbox 881 4918 1144 4987; x_wconf 83' lang='grc' dir='ltr'>λέγεται·</span> <span class='ocrx_word' id='word_1_712' title='bbox 1205 4919 1302 4972; x_wconf 75' lang='grc' dir='ltr'>καὶ</span> <span class='ocrx_word' id='word_1_713' title='bbox 1353 4918 1634 4974; x_wconf 82' lang='grc' dir='ltr'>Σάϐϐατον</span> <span class='ocrx_word' id='word_1_714' title='bbox 1683 4920 1874 4991; x_wconf 85' lang='grc' dir='ltr'>σχοίη,</span> 
     </span>
    </p>
   </div>
   <div class='ocr_carea' id='block_1_98' title="bbox 269 5009 1872 5081">
    <p class='ocr_par' dir='ltr' id='par_1_98' title="bbox 269 5009 1872 5081">
     <span class='ocr_line' id='line_1_98' title="bbox 269 5009 1872 5081; baseline 0.001 -20"><span class='ocrx_word' id='word_1_715' title='bbox 269 5009 553 5062; x_wconf 76' lang='grc' dir='ltr'>τουτέστιν</span> <span class='ocrx_word' id='word_1_716' title='bbox 583 5009 783 5080; x_wconf 83' lang='grc' dir='ltr'>ἀργίαν</span> <span class='ocrx_word' id='word_1_717' title='bbox 813 5011 923 5063; x_wconf 79' lang='grc' dir='ltr'><strong>ἀπὸ</strong></span> <span class='ocrx_word' id='word_1_718' title='bbox 970 5009 1080 5063; x_wconf 82' lang='grc' dir='ltr'><strong>τῶν</strong></span> <span class='ocrx_word' id='word_1_719' title='bbox 1134 5010 1348 5075; x_wconf 83' lang='grc' dir='ltr'>κακῶν,</span> <span class='ocrx_word' id='word_1_720' title='bbox 1395 5011 1517 5064; x_wconf 86' lang='grc' dir='ltr'>τότε</span> <span class='ocrx_word' id='word_1_721' title='bbox 1572 5010 1872 5081; x_wconf 82' lang='grc' dir='ltr'>Θεραπεύει</span> 
     </span>
    </p>
   </div>
   <div class='ocr_carea' id='block_1_99' title="bbox 270 5103 1871 5178">
    <p class='ocr_par' dir='ltr' id='par_1_99' title="bbox 270 5103 1871 5178">
     <span class='ocr_line' id='line_1_99' title="bbox 270 5103 1871 5178; baseline 0.002 -22"><span class='ocrx_word' id='word_1_722' title='bbox 270 5103 440 5156; x_wconf 79' lang='grc' dir='ltr'>αὑτὸν</span> <span class='ocrx_word' id='word_1_723' title='bbox 469 5105 497 5156; x_wconf 91' lang='lat'><strong>6</strong></span> <span class='ocrx_word' id='word_1_724' title='bbox 545 5104 776 5173; x_wconf 82' lang='grc' dir='ltr'>Ἰησοῦς,</span> <span class='ocrx_word' id='word_1_725' title='bbox 797 5106 857 5157; x_wconf 85' lang='grc' dir='ltr'><strong>οὐ</strong></span> <span class='ocrx_word' id='word_1_726' title='bbox 893 5106 1038 5176; x_wconf 81' lang='grc' dir='ltr'>λόγῳ</span> <span class='ocrx_word' id='word_1_727' title='bbox 1068 5105 1218 5176; x_wconf 83' lang='grc' dir='ltr'>μόνῳ</span> <span class='ocrx_word' id='word_1_728' title='bbox 1251 5105 1426 5175; x_wconf 82' lang='grc' dir='ltr'>λέγων</span> <span class='ocrx_word' id='word_1_729' title='bbox 1464 5105 1613 5178; x_wconf 83' lang='grc' dir='ltr'>αὑτῴ</span> <span class='ocrx_word' id='word_1_730' title='bbox 1644 5106 1871 5161; x_wconf 83' lang='grc' dir='ltr'>Ἀπολέ-</span> 
     </span>
    </p>
   </div>
   <div class='ocr_carea' id='block_1_100' title="bbox 1993 4637 3608 4696">
    <p class='ocr_par' dir='ltr' id='par_1_100' title="bbox 1993 4637 3608 4696">
     <span class='ocr_line' id='line_1_100' title="bbox 1993 4637 3608 4696; baseline -0.002 -3"><span class='ocrx_word' id='word_1_731' title='bbox 1993 4656 2098 4695; x_wconf 83' lang='grc' dir='ltr'>ιιοιι</span> <span class='ocrx_word' id='word_1_732' title='bbox 2130 4654 2388 4695; x_wconf 87' lang='lat' dir='ltr'><strong>sermone</strong></span> <span class='ocrx_word' id='word_1_733' title='bbox 2426 4647 2640 4695; x_wconf 87' lang='lat' dir='ltr'><strong>tantum</strong></span> <span class='ocrx_word' id='word_1_734' title='bbox 2686 4641 2880 4696; x_wconf 88' lang='lat' dir='ltr'><strong>dicens</strong></span> <span class='ocrx_word' id='word_1_735' title='bbox 2913 4641 2963 4694; x_wconf 90' lang='lat' dir='ltr'><strong>ei</strong></span> <span class='ocrx_word' id='word_1_736' title='bbox 2996 4657 3009 4694; x_wconf 89' lang='lat'><strong>:</strong></span> <span class='ocrx_word' id='word_1_737' title='bbox 3057 4638 3346 4694; x_wconf 86' lang='lat' dir='ltr'><strong>Liberatus</strong></span> <span class='ocrx_word' id='word_1_738' title='bbox 3391 4647 3512 4691; x_wconf 90' lang='lat' dir='ltr'><strong>esto</strong></span> <span class='ocrx_word' id='word_1_739' title='bbox 3536 4637 3608 4690; x_wconf 91' lang='lat' dir='ltr'><strong>ab</strong></span> 
     </span>
    </p>
   </div>
   <div class='ocr_carea' id='block_1_101' title="bbox 1990 4731 3608 4805">
    <p class='ocr_par' dir='ltr' id='par_1_101' title="bbox 1990 4731 3608 4805">
     <span class='ocr_line' id='line_1_101' title="bbox 1990 4731 3608 4805; baseline -0.003 -15"><span class='ocrx_word' id='word_1_740' title='bbox 1990 4736 2314 4791; x_wconf 89' lang='lat' dir='ltr'><strong>iulirmitate</strong></span> <span class='ocrx_word' id='word_1_741' title='bbox 2365 4745 2455 4791; x_wconf 88' lang='lat' dir='ltr'><strong>tua</strong></span> <span class='ocrx_word' id='word_1_742' title='bbox 2511 4753 2526 4790; x_wconf 87' lang='lat'><strong>:</strong></span> <span class='ocrx_word' id='word_1_743' title='bbox 2581 4749 2680 4792; x_wconf 86' lang='lat' dir='ltr'><strong>seu</strong></span> <span class='ocrx_word' id='word_1_744' title='bbox 2733 4748 2789 4792; x_wconf 89' lang='lat' dir='ltr'><strong>et</strong></span> <span class='ocrx_word' id='word_1_745' title='bbox 2843 4751 3035 4792; x_wconf 88' lang='lat' dir='ltr'><strong>manus</strong></span> <span class='ocrx_word' id='word_1_746' title='bbox 3087 4737 3396 4805; x_wconf 89' lang='lat' dir='ltr'><strong>imponens.</strong></span> <span class='ocrx_word' id='word_1_747' title='bbox 3453 4731 3608 4802; x_wconf 80' lang='lat' dir='ltr'><strong>Opus</strong></span> 
     </span>
    </p>
   </div>
   <div class='ocr_carea' id='block_1_102' title="bbox 1989 4825 3606 4900">
    <p class='ocr_par' dir='ltr' id='par_1_102' title="bbox 1989 4825 3606 4900">
     <span class='ocr_line' id='line_1_102' title="bbox 1989 4825 3606 4900; baseline -0.004 -14"><span class='ocrx_word' id='word_1_748' title='bbox 1989 4831 2136 4886; x_wconf 87' lang='lat' dir='ltr'><strong>enim</strong></span> <span class='ocrx_word' id='word_1_749' title='bbox 2193 4841 2279 4888; x_wconf 88' lang='lat' dir='ltr'><strong>est</strong></span> <span class='ocrx_word' id='word_1_750' title='bbox 2335 4831 2496 4886; x_wconf 88' lang='lat' dir='ltr'><strong>nobis</strong></span> <span class='ocrx_word' id='word_1_751' title='bbox 2545 4839 2604 4884; x_wconf 88' lang='lat' dir='ltr'><strong>ut</strong></span> <span class='ocrx_word' id='word_1_752' title='bbox 2646 4829 2714 4884; x_wconf 86' lang='lat' dir='ltr'><strong>ad</strong></span> <span class='ocrx_word' id='word_1_753' title='bbox 2763 4830 3106 4900; x_wconf 81' lang='lat' dir='ltr'><strong>operandam</strong></span> <span class='ocrx_word' id='word_1_754' title='bbox 3164 4843 3332 4900; x_wconf 90' lang='lat' dir='ltr'><strong>opera</strong></span> <span class='ocrx_word' id='word_1_755' title='bbox 3382 4825 3606 4880; x_wconf 84' lang='lat' dir='ltr'><strong>virtutis</strong></span> 
     </span>
    </p>
   </div>
   <div class='ocr_carea' id='block_1_103' title="bbox 1989 4916 3601 4991">
    <p class='ocr_par' dir='ltr' id='par_1_103' title="bbox 1989 4916 3601 4991">
     <span class='ocr_line' id='line_1_103' title="bbox 1989 4916 3601 4991; baseline -0.005 -14"><span class='ocrx_word' id='word_1_756' title='bbox 1989 4922 2362 4991; x_wconf 80' lang='lat' dir='ltr'><strong>suscipiamus</strong></span> <span class='ocrx_word' id='word_1_757' title='bbox 2395 4930 2451 4975; x_wconf 89' lang='lat' dir='ltr'><strong>et</strong></span> <span class='ocrx_word' id='word_1_758' title='bbox 2481 4921 2794 4976; x_wconf 88' lang='lat' dir='ltr'><strong>divinarum</strong></span> <span class='ocrx_word' id='word_1_759' title='bbox 2828 4937 3090 4977; x_wconf 89' lang='lat' dir='ltr'><strong>manuum</strong></span> <span class='ocrx_word' id='word_1_760' title='bbox 3128 4916 3601 4988; x_wconf 85' lang='lat' dir='ltr'><strong>cooperationcm,</strong></span> 
     </span>
    </p>
   </div>
   <div class='ocr_carea' id='block_1_104' title="bbox 1989 5010 3603 5086">
    <p class='ocr_par' dir='ltr' id='par_1_104' title="bbox 1989 5010 3603 5086">
     <span class='ocr_line' id='line_1_104' title="bbox 1989 5010 3603 5086; baseline -0.003 -16"><span class='ocrx_word' id='word_1_761' title='bbox 1989 5026 2046 5070; x_wconf 88' lang='lat' dir='ltr'><strong>et</strong></span> <span class='ocrx_word' id='word_1_762' title='bbox 2087 5031 2196 5071; x_wconf 91' lang='lat' dir='ltr'><strong>non</strong></span> <span class='ocrx_word' id='word_1_763' title='bbox 2235 5031 2329 5086; x_wconf 89' lang='lat' dir='ltr'><strong>per</strong></span> <span class='ocrx_word' id='word_1_764' title='bbox 2369 5013 2546 5070; x_wconf 83' lang='lat' dir='ltr'><strong>solum</strong></span> <span class='ocrx_word' id='word_1_765' title='bbox 2593 5015 2823 5070; x_wconf 83' lang='lat' dir='ltr'><strong>verbum</strong></span> <span class='ocrx_word' id='word_1_766' title='bbox 2853 5021 2908 5068; x_wconf 88' lang='lat' dir='ltr'><strong>et</strong></span> <span class='ocrx_word' id='word_1_767' title='bbox 2954 5013 3354 5069; x_wconf 88' lang='lat' dir='ltr'><strong>instructiones</strong></span> <span class='ocrx_word' id='word_1_768' title='bbox 3393 5010 3603 5065; x_wconf 88' lang='lat' dir='ltr'><strong>erudiri</strong></span> 
     </span>
    </p>
   </div>
   <div class='ocr_carea' id='block_1_105' title="bbox 1987 5106 3423 5178">
    <p class='ocr_par' dir='ltr' id='par_1_105' title="bbox 1987 5106 3423 5178">
     <span class='ocr_line' id='line_1_105' title="bbox 1987 5106 3423 5178; baseline -0.004 -14"><span class='ocrx_word' id='word_1_769' title='bbox 1987 5109 2255 5173; x_wconf 89' lang='lat' dir='ltr'><strong>contenti,</strong></span> <span class='ocrx_word' id='word_1_770' title='bbox 2299 5118 2556 5178; x_wconf 85' lang='lat' dir='ltr'><strong>putemus</strong></span> <span class='ocrx_word' id='word_1_771' title='bbox 2600 5123 2700 5162; x_wconf 89' lang='lat' dir='ltr'><strong>nos</strong></span> <span class='ocrx_word' id='word_1_772' title='bbox 2739 5106 3033 5163; x_wconf 85' lang='lat' dir='ltr'><strong>sanitatem</strong></span> <span class='ocrx_word' id='word_1_773' title='bbox 3071 5114 3423 5161; x_wconf 79' lang='lat' dir='ltr'><strong>consecutos.</strong></span> 
     </span>
    </p>
   </div>
   <div class='ocr_carea' id='block_1_106' title="bbox 272 5195 3605 5272">
    <p class='ocr_par' dir='ltr' id='par_1_106' title="bbox 272 5195 3605 5272">
     <span class='ocr_line' id='line_1_106' title="bbox 272 5195 3605 5272; baseline 0 -24"><span class='ocrx_word' id='word_1_774' title='bbox 272 5197 436 5251; x_wconf 85' lang='grc' dir='ltr'>λυσαι</span> <span class='ocrx_word' id='word_1_775' title='bbox 467 5195 569 5265; x_wconf 80' lang='grc' dir='ltr'>τῆς</span> <span class='ocrx_word' id='word_1_776' title='bbox 606 5195 896 5261; x_wconf 81' lang='grc' dir='ltr'>ἀσθενείας</span> <span class='ocrx_word' id='word_1_777' title='bbox 930 5214 1049 5261; x_wconf 87' lang='grc' dir='ltr'>σου,</span> <span class='ocrx_word' id='word_1_778' title='bbox 1117 5197 1255 5252; x_wconf 75' lang='grc' dir='ltr'>ἀλλὰ</span> <span class='ocrx_word' id='word_1_779' title='bbox 1329 5203 1423 5252; x_wconf 72' lang='grc' dir='ltr'><strong>καὶ</strong></span> <span class='ocrx_word' id='word_1_780' title='bbox 1489 5200 1590 5264; x_wconf 85' lang='grc' dir='ltr'><strong>τὰς</strong></span> <span class='ocrx_word' id='word_1_781' title='bbox 1641 5203 1830 5270; x_wconf 87' lang='grc' dir='ltr'>χεῖρας</span> <span class='ocrx_word' id='word_1_782' title='bbox 1896 5199 2112 5264; x_wconf 80' lang='grc' dir='ltr'>ἐπιθείς</span> <span class='ocrx_word' id='word_1_783' title='bbox 2179 5200 2262 5254; x_wconf 84' lang='grc' dir='ltr'><strong>δεῖ</strong></span> <span class='ocrx_word' id='word_1_784' title='bbox 2331 5198 2441 5272; x_wconf 90' lang='grc' dir='ltr'><strong>γάρ</strong></span> <span class='ocrx_word' id='word_1_785' title='bbox 2496 5200 2646 5272; x_wconf 79' lang='grc' dir='ltr'>ἡμᾶς</span> <span class='ocrx_word' id='word_1_786' title='bbox 2709 5198 2806 5253; x_wconf 73' lang='grc' dir='ltr'><strong>καὶ</strong></span> <span class='ocrx_word' id='word_1_787' title='bbox 2859 5197 2959 5269; x_wconf 81' lang='grc' dir='ltr'>τὴν</span> <span class='ocrx_word' id='word_1_788' title='bbox 3012 5197 3121 5251; x_wconf 83' lang='grc' dir='ltr'><strong>τῶν</strong></span> <span class='ocrx_word' id='word_1_789' title='bbox 3178 5197 3342 5252; x_wconf 84' lang='grc' dir='ltr'>Θείων</span> <span class='ocrx_word' id='word_1_790' title='bbox 3400 5195 3605 5269; x_wconf 83' lang='grc' dir='ltr'>χειρῶν</span> 
     </span>
    </p>
   </div>
   <div class='ocr_carea' id='block_1_107' title="bbox 275 5287 3604 5366">
    <p class='ocr_par' dir='ltr' id='par_1_107' title="bbox 275 5287 3604 5366">
     <span class='ocr_line' id='line_1_107' title="bbox 275 5287 3604 5366; baseline 0.001 -25"><span class='ocrx_word' id='word_1_791' title='bbox 275 5287 574 5355; x_wconf 84' lang='grc' dir='ltr'>συνεργίαν</span> <span class='ocrx_word' id='word_1_792' title='bbox 606 5289 744 5358; x_wconf 83' lang='grc' dir='ltr'>πρὸς</span> <span class='ocrx_word' id='word_1_793' title='bbox 796 5290 857 5342; x_wconf 82' lang='grc' dir='ltr'><strong>τὸ</strong></span> <span class='ocrx_word' id='word_1_794' title='bbox 897 5289 1161 5360; x_wconf 84' lang='grc' dir='ltr'>πράττειν</span> <span class='ocrx_word' id='word_1_795' title='bbox 1195 5291 1264 5344; x_wconf 77' lang='grc' dir='ltr'>τὰ</span> <span class='ocrx_word' id='word_1_796' title='bbox 1309 5293 1408 5360; x_wconf 78' lang='grc' dir='ltr'>τῆς</span> <span class='ocrx_word' id='word_1_797' title='bbox 1467 5292 1666 5362; x_wconf 84' lang='grc' dir='ltr'>ἀρετῆς</span> <span class='ocrx_word' id='word_1_798' title='bbox 1714 5291 1852 5362; x_wconf 74' lang='grc' dir='ltr'>ἔργα</span> <span class='ocrx_word' id='word_1_799' title='bbox 1898 5292 2179 5360; x_wconf 80' lang='grc' dir='ltr'>δέξασθαι,</span> <span class='ocrx_word' id='word_1_800' title='bbox 2217 5294 2314 5348; x_wconf 74' lang='grc' dir='ltr'>καὶ</span> <span class='ocrx_word' id='word_1_801' title='bbox 2389 5293 2467 5366; x_wconf 83' lang='grc' dir='ltr'>μὴ</span> <span class='ocrx_word' id='word_1_802' title='bbox 2528 5294 2618 5349; x_wconf 86' lang='grc' dir='ltr'>διὰ</span> <span class='ocrx_word' id='word_1_803' title='bbox 2682 5293 2847 5362; x_wconf 86' lang='grc' dir='ltr'>λόγου</span> <span class='ocrx_word' id='word_1_804' title='bbox 2891 5294 3056 5366; x_wconf 88' lang='grc' dir='ltr'>μόνου</span> <span class='ocrx_word' id='word_1_805' title='bbox 3097 5292 3194 5347; x_wconf 76' lang='grc' dir='ltr'>καὶ</span> <span class='ocrx_word' id='word_1_806' title='bbox 3235 5292 3604 5362; x_wconf 83' lang='grc' dir='ltr'>κατηχήσεως</span> 
     </span>
    </p>
   </div>
   <div class='ocr_carea' id='block_1_108' title="bbox 270 5378 1639 5454">
    <p class='ocr_par' dir='ltr' id='par_1_108' title="bbox 270 5378 1639 5454">
     <span class='ocr_line' id='line_1_108' title="bbox 270 5378 1639 5454; baseline 0.004 -22"><span class='ocrx_word' id='word_1_807' title='bbox 270 5379 375 5449; x_wconf 79' lang='grc' dir='ltr'><strong>τὴν</strong></span> <span class='ocrx_word' id='word_1_808' title='bbox 405 5378 707 5451; x_wconf 82' lang='grc' dir='ltr'>θεραπείαν</span> <span class='ocrx_word' id='word_1_809' title='bbox 735 5379 919 5434; x_wconf 87' lang='grc' dir='ltr'>λαϐεῖν</span> <span class='ocrx_word' id='word_1_810' title='bbox 949 5381 1244 5447; x_wconf 86' lang='grc' dir='ltr'>δοκοῦντας</span> <span class='ocrx_word' id='word_1_811' title='bbox 1278 5384 1639 5454; x_wconf 78' lang='grc' dir='ltr'>ἀρκεσθῆναι.</span> 
     </span>
    </p>
   </div>
   <div class='ocr_carea' id='block_1_109' title="bbox 355 5470 1882 5546">
    <p class='ocr_par' dir='ltr' id='par_1_109' title="bbox 355 5470 1882 5546">
     <span class='ocr_line' id='line_1_109' title="bbox 355 5470 1882 5546; baseline 0.006 -23"><span class='ocrx_word' id='word_1_812' title='bbox 355 5490 373 5523; x_wconf 76' lang='grc' dir='ltr'><strong>ι</strong></span> <span class='ocrx_word' id='word_1_813' title='bbox 408 5473 602 5542; x_wconf 87' lang='grc' dir='ltr'>Ἔλεγε</span> <span class='ocrx_word' id='word_1_814' title='bbox 633 5472 713 5537; x_wconf 80' lang='grc' dir='ltr'><strong>δὲ,</strong></span> <span class='ocrx_word' id='word_1_815' title='bbox 742 5470 862 5526; x_wconf 88' lang='grc' dir='ltr'>Τίνι</span> <span class='ocrx_word' id='word_1_816' title='bbox 887 5475 1053 5545; x_wconf 81' lang='grc' dir='ltr'>ὁμοία</span> <span class='ocrx_word' id='word_1_817' title='bbox 1079 5478 1228 5529; x_wconf 72' lang='grc' dir='ltr'>ἐστὶν</span> <span class='ocrx_word' id='word_1_818' title='bbox 1252 5476 1286 5546; x_wconf 83' lang='grc' dir='ltr'>ἡ</span> <span class='ocrx_word' id='word_1_819' title='bbox 1317 5475 1565 5546; x_wconf 81' lang='grc' dir='ltr'>βασιλεία</span> <span class='ocrx_word' id='word_1_820' title='bbox 1601 5475 1695 5531; x_wconf 84' lang='grc' dir='ltr'><strong>τοῦ</strong></span> <span class='ocrx_word' id='word_1_821' title='bbox 1721 5477 1882 5546; x_wconf 86' lang='grc' dir='ltr'>Θεοῦ,</span> 
     </span>
    </p>
   </div>
   <div class='ocr_carea' id='block_1_110' title="bbox 275 5564 1888 5641">
    <p class='ocr_par' dir='ltr' id='par_1_110' title="bbox 275 5564 1888 5641">
     <span class='ocr_line' id='line_1_110' title="bbox 275 5564 1888 5641; baseline 0.004 -23"><span class='ocrx_word' id='word_1_822' title='bbox 275 5565 375 5618; x_wconf 75' lang='grc' dir='ltr'>καὶ</span> <span class='ocrx_word' id='word_1_823' title='bbox 404 5564 512 5618; x_wconf 87' lang='grc' dir='ltr'>τίνι</span> <span class='ocrx_word' id='word_1_824' title='bbox 560 5565 818 5634; x_wconf 86' lang='grc' dir='ltr'>ὁμοιώσω</span> <span class='ocrx_word' id='word_1_825' title='bbox 850 5567 1058 5638; x_wconf 76' lang='grc' dir='ltr'>αὑτήν;</span> <span class='ocrx_word' id='word_1_826' title='bbox 1106 5567 1301 5638; x_wconf 69' lang='grc' dir='ltr'>Ὁμοία</span> <span class='ocrx_word' id='word_1_827' title='bbox 1346 5569 1465 5621; x_wconf 65' lang='grc' dir='ltr'>ἐστὶ</span> <span class='ocrx_word' id='word_1_828' title='bbox 1507 5569 1697 5641; x_wconf 84' lang='grc' dir='ltr'>κόκκῳ</span> <span class='ocrx_word' id='word_1_829' title='bbox 1734 5571 1888 5625; x_wconf 82' lang='grc' dir='ltr'>σινά-</span> 
     </span>
    </p>
   </div>
   <div class='ocr_carea' id='block_1_111' title="bbox 275 5657 1882 5735">
    <p class='ocr_par' dir='ltr' id='par_1_111' title="bbox 275 5657 1882 5735">
     <span class='ocr_line' id='line_1_111' title="bbox 275 5657 1882 5735; baseline 0.002 -21"><span class='ocrx_word' id='word_1_830' title='bbox 275 5676 450 5727; x_wconf 69' lang='grc' dir='ltr'>πεως,</span> <span class='ocrx_word' id='word_1_831' title='bbox 480 5657 538 5712; x_wconf 79' lang='grc' dir='ltr'>ὃν</span> <span class='ocrx_word' id='word_1_832' title='bbox 570 5658 754 5715; x_wconf 85' lang='grc' dir='ltr'>λαϐὼν</span> <span class='ocrx_word' id='word_1_833' title='bbox 781 5661 1071 5735; x_wconf 78' lang='grc' dir='ltr'>ἄνθρωπος</span> <span class='ocrx_word' id='word_1_834' title='bbox 1107 5661 1302 5717; x_wconf 76' lang='grc' dir='ltr'>ἔϐαλεν</span> <span class='ocrx_word' id='word_1_835' title='bbox 1337 5665 1417 5726; x_wconf 88' lang='grc' dir='ltr'>εἰς</span> <span class='ocrx_word' id='word_1_836' title='bbox 1445 5662 1628 5731; x_wconf 81' lang='grc' dir='ltr'>κῆπον</span> <span class='ocrx_word' id='word_1_837' title='bbox 1664 5664 1882 5731; x_wconf 79' lang='grc' dir='ltr'>ἑαυτοῦ,</span> 
     </span>
    </p>
   </div>
   <div class='ocr_carea' id='block_1_112' title="bbox 276 5752 1886 5826">
    <p class='ocr_par' dir='ltr' id='par_1_112' title="bbox 276 5752 1886 5826">
     <span class='ocr_line' id='line_1_112' title="bbox 276 5752 1886 5826; baseline 0.004 -20"><span class='ocrx_word' id='word_1_838' title='bbox 276 5754 373 5806; x_wconf 74' lang='grc' dir='ltr'><strong>καὶ</strong></span> <span class='ocrx_word' id='word_1_839' title='bbox 402 5752 643 5822; x_wconf 78' lang='grc' dir='ltr'>ηὔξησε,</span> <span class='ocrx_word' id='word_1_840' title='bbox 679 5753 774 5807; x_wconf 72' lang='grc' dir='ltr'><strong>καὶ</strong></span> <span class='ocrx_word' id='word_1_841' title='bbox 819 5754 1038 5823; x_wconf 82' lang='grc' dir='ltr'>ἐγένετο</span> <span class='ocrx_word' id='word_1_842' title='bbox 1087 5756 1168 5818; x_wconf 81' lang='grc' dir='ltr'><strong>εἰς</strong></span> <span class='ocrx_word' id='word_1_843' title='bbox 1215 5754 1432 5826; x_wconf 73' lang='grc' dir='ltr'>δένδρον</span> <span class='ocrx_word' id='word_1_844' title='bbox 1470 5757 1636 5826; x_wconf 85' lang='grc' dir='ltr'>μέγα,</span> <span class='ocrx_word' id='word_1_845' title='bbox 1690 5760 1784 5812; x_wconf 74' lang='grc' dir='ltr'><strong>καὶ</strong></span> <span class='ocrx_word' id='word_1_846' title='bbox 1817 5758 1886 5812; x_wconf 89' lang='grc' dir='ltr'><strong>τά</strong></span> 
     </span>
    </p>
   </div>
   <div class='ocr_carea' id='block_1_113' title="bbox 283 5837 1884 5916">
    <p class='ocr_par' dir='ltr' id='par_1_113' title="bbox 283 5837 1884 5916">
     <span class='ocr_line' id='line_1_113' title="bbox 283 5837 1884 5916; baseline 0.004 -21"><span class='ocrx_word' id='word_1_847' title='bbox 283 5841 511 5897; x_wconf 81' lang='grc' dir='ltr'>πετεινά</span> <span class='ocrx_word' id='word_1_848' title='bbox 539 5842 631 5896; x_wconf 86' lang='grc' dir='ltr'><strong>τοῦ</strong></span> <span class='ocrx_word' id='word_1_849' title='bbox 661 5844 896 5914; x_wconf 67' lang='grc' dir='ltr'>οὐρανοῦ</span> <span class='ocrx_word' id='word_1_850' title='bbox 948 5837 1379 5916; x_wconf 69' lang='grc' dir='ltr'>κατεσκήνωσαν</span> <span class='ocrx_word' id='word_1_851' title='bbox 1417 5848 1472 5901; x_wconf 74' lang='grc' dir='ltr'><strong>ἐν</strong></span> <span class='ocrx_word' id='word_1_852' title='bbox 1521 5849 1635 5912; x_wconf 82' lang='grc' dir='ltr'>τοῖς</span> <span class='ocrx_word' id='word_1_853' title='bbox 1669 5847 1884 5914; x_wconf 76' lang='grc' dir='ltr'>κλάδοις</span> 
     </span>
    </p>
   </div>
   <div class='ocr_carea' id='block_1_114' title="bbox 2060 5467 3670 5542">
    <p class='ocr_par' dir='ltr' id='par_1_114' title="bbox 2060 5467 3670 5542">
     <span class='ocr_line' id='line_1_114' title="bbox 2060 5467 3670 5542; baseline -0.009 -7"><span class='ocrx_word' id='word_1_854' title='bbox 2060 5479 2231 5535; x_wconf 74' lang='lat' dir='ltr'><strong>Vsus.</strong></span> <span class='ocrx_word' id='word_1_855' title='bbox 2284 5474 2473 5532; x_wconf 68' lang='grc' dir='ltr'><strong>18-2ἳ.</strong></span> <span class='ocrx_word' id='word_1_856' title='bbox 2507 5491 2554 5525; x_wconf 76' lang='grc'><strong>.‹</strong></span> <span class='ocrx_word' id='word_1_857' title='bbox 2617 5471 2848 5528; x_wconf 87' lang='lat' dir='ltr'><strong>Dicebat</strong></span> <span class='ocrx_word' id='word_1_858' title='bbox 2896 5485 3079 5542; x_wconf 86' lang='lat' dir='ltr'><strong>ergo:</strong></span> <span class='ocrx_word' id='word_1_859' title='bbox 3137 5467 3238 5524; x_wconf 82' lang='lat' dir='ltr'><strong>Cui</strong></span> <span class='ocrx_word' id='word_1_860' title='bbox 3288 5467 3467 5523; x_wconf 82' lang='lat' dir='ltr'><strong>simile</strong></span> <span class='ocrx_word' id='word_1_861' title='bbox 3519 5475 3607 5521; x_wconf 90' lang='lat' dir='ltr'><strong>est</strong></span> <span class='ocrx_word' id='word_1_862' title='bbox 3667 5475 3670 5478; x_wconf 77' lang='lat'><em>‘</em></span> 
     </span>
    </p>
   </div>
   <div class='ocr_carea' id='block_1_115' title="bbox 1990 5558 3606 5638">
    <p class='ocr_par' dir='ltr' id='par_1_115' title="bbox 1990 5558 3606 5638">
     <span class='ocr_line' id='line_1_115' title="bbox 1990 5558 3606 5638; baseline -0.006 -14"><span class='ocrx_word' id='word_1_863' title='bbox 1990 5583 2222 5638; x_wconf 84' lang='lat' dir='ltr'><strong>regnum</strong></span> <span class='ocrx_word' id='word_1_864' title='bbox 2255 5565 2390 5620; x_wconf 84' lang='lat' dir='ltr'><strong>Dei?</strong></span> <span class='ocrx_word' id='word_1_865' title='bbox 2426 5573 2482 5621; x_wconf 82' lang='lat' dir='ltr'><strong>et</strong></span> <span class='ocrx_word' id='word_1_866' title='bbox 2516 5564 2607 5620; x_wconf 85' lang='lat' dir='ltr'><strong>cui</strong></span> <span class='ocrx_word' id='word_1_867' title='bbox 2641 5563 2826 5620; x_wconf 85' lang='lat' dir='ltr'><strong>simile</strong></span> <span class='ocrx_word' id='word_1_868' title='bbox 2851 5562 3050 5619; x_wconf 78' lang='lat' dir='ltr'><strong>faciam</strong></span> <span class='ocrx_word' id='word_1_869' title='bbox 3085 5561 3259 5616; x_wconf 82' lang='lat' dir='ltr'><strong>illud?</strong></span> <span class='ocrx_word' id='word_1_870' title='bbox 3288 5558 3480 5614; x_wconf 86' lang='lat' dir='ltr'><strong>Simile</strong></span> <span class='ocrx_word' id='word_1_871' title='bbox 3520 5569 3606 5614; x_wconf 81' lang='lat' dir='ltr'><strong>est</strong></span> 
     </span>
    </p>
   </div>
   <div class='ocr_carea' id='block_1_116' title="bbox 1989 5652 3601 5734">
    <p class='ocr_par' dir='ltr' id='par_1_116' title="bbox 1989 5652 3601 5734">
     <span class='ocr_line' id='line_1_116' title="bbox 1989 5652 3601 5734; baseline -0.006 -19"><span class='ocrx_word' id='word_1_872' title='bbox 1989 5676 2160 5734; x_wconf 78' lang='lat' dir='ltr'><strong>grano</strong></span> <span class='ocrx_word' id='word_1_873' title='bbox 2195 5660 2374 5730; x_wconf 88' lang='lat' dir='ltr'><strong>sinapi</strong></span> <span class='ocrx_word' id='word_1_874' title='bbox 2414 5659 2560 5730; x_wconf 89' lang='lat' dir='ltr'><strong>quod</strong></span> <span class='ocrx_word' id='word_1_875' title='bbox 2595 5669 2883 5728; x_wconf 89' lang='lat' dir='ltr'><strong>acceptum</strong></span> <span class='ocrx_word' id='word_1_876' title='bbox 2921 5657 3086 5711; x_wconf 90' lang='lat' dir='ltr'><strong>homo</strong></span> <span class='ocrx_word' id='word_1_877' title='bbox 3118 5655 3263 5711; x_wconf 86' lang='lat' dir='ltr'><strong>misit</strong></span> <span class='ocrx_word' id='word_1_878' title='bbox 3296 5653 3349 5708; x_wconf 93' lang='lat' dir='ltr'><strong>in</strong></span> <span class='ocrx_word' id='word_1_879' title='bbox 3381 5652 3601 5709; x_wconf 90' lang='lat' dir='ltr'><strong>hortum</strong></span> 
     </span>
    </p>
   </div>
   <div class='ocr_carea' id='block_1_117' title="bbox 1990 5752 3604 5824">
    <p class='ocr_par' dir='ltr' id='par_1_117' title="bbox 1990 5752 3604 5824">
     <span class='ocr_line' id='line_1_117' title="bbox 1990 5752 3604 5824; baseline -0.006 -14"><span class='ocrx_word' id='word_1_880' title='bbox 1990 5771 2171 5824; x_wconf 87' lang='lat' dir='ltr'><strong>suum,</strong></span> <span class='ocrx_word' id='word_1_881' title='bbox 2212 5764 2268 5810; x_wconf 90' lang='lat' dir='ltr'><strong>et</strong></span> <span class='ocrx_word' id='word_1_882' title='bbox 2309 5754 2510 5823; x_wconf 88' lang='lat' dir='ltr'><strong>crevit,</strong></span> <span class='ocrx_word' id='word_1_883' title='bbox 2545 5764 2601 5808; x_wconf 89' lang='lat' dir='ltr'><strong>et</strong></span> <span class='ocrx_word' id='word_1_884' title='bbox 2635 5754 2810 5810; x_wconf 84' lang='lat' dir='ltr'><strong>evasit</strong></span> <span class='ocrx_word' id='word_1_885' title='bbox 2847 5752 2900 5808; x_wconf 92' lang='lat' dir='ltr'><strong>in</strong></span> <span class='ocrx_word' id='word_1_886' title='bbox 2931 5756 3186 5808; x_wconf 87' lang='lat' dir='ltr'><strong>arborem</strong></span> <span class='ocrx_word' id='word_1_887' title='bbox 3218 5764 3500 5818; x_wconf 83' lang='lat' dir='ltr'><strong>magnam,</strong></span> <span class='ocrx_word' id='word_1_888' title='bbox 3549 5758 3604 5801; x_wconf 90' lang='lat' dir='ltr'><strong>et</strong></span> 
     </span>
    </p>
   </div>
   <div class='ocr_carea' id='block_1_118' title="bbox 1991 5843 3604 5921">
    <p class='ocr_par' dir='ltr' id='par_1_118' title="bbox 1991 5843 3604 5921">
     <span class='ocr_line' id='line_1_118' title="bbox 1991 5843 3604 5921; baseline -0.007 -15"><span class='ocrx_word' id='word_1_889' title='bbox 1991 5851 2246 5906; x_wconf 71' lang='lat' dir='ltr'><strong>volucres</strong></span> <span class='ocrx_word' id='word_1_890' title='bbox 2271 5847 2441 5921; x_wconf 77' lang='lat'><strong>388</strong></span> <span class='ocrx_word' id='word_1_891' title='bbox 2476 5847 2601 5905; x_wconf 73' lang='grc' dir='ltr'><strong>ρωΙὶ</strong></span> <span class='ocrx_word' id='word_1_892' title='bbox 2643 5845 3035 5905; x_wconf 84' lang='lat' dir='ltr'><strong>nidulabautur</strong></span> <span class='ocrx_word' id='word_1_893' title='bbox 3068 5847 3120 5900; x_wconf 94' lang='lat' dir='ltr'><strong>in</strong></span> <span class='ocrx_word' id='word_1_894' title='bbox 3153 5843 3320 5901; x_wconf 81' lang='lat' dir='ltr'><strong>ramis</strong></span> <span class='ocrx_word' id='word_1_895' title='bbox 3359 5843 3501 5915; x_wconf 85' lang='lat' dir='ltr'><strong>ejus.</strong></span> <span class='ocrx_word' id='word_1_896' title='bbox 3540 5843 3604 5895; x_wconf 82' lang='lat' dir='ltr'><strong>Et</strong></span> 
     </span>
    </p>
   </div>
  </div>
