4030 6402
535 323 637 385 9ἑο

1384 321 1966 382 Tl-iE(JPilYL.-‘t(3'l‘i
2012 316 2423 381 BULGAHM‘J
2465 312 2820 375 ARCHIEP.

3702 298 3805 364 910

535 450 730 487 uerum
768 434 901 489 dixit
935 453 947 487 :
986 434 1082 488 Cui
1133 431 1311 487 simile
1357 432 1551 487 faciam
1592 447 1814 502 regnum
1853 431 1980 485 Dei?
2028 431 2099 484 Si-

2224 425 2410 482 αὐτοῦ.
2448 425 2615 478 Πάλιν
2657 417 2800 475 εἷπε·
2832 417 2951 471 Τίνι
2981 413 3233 481 ὁμοιώσω
3260 414 3358 486 τὴν
3393 412 3680 484 βασιλείαν
3711 412 3803 463 τοῦ

532 524 660 576 mile
689 535 785 578 esto
807 525 1098 587 fermento,
1128 525 1267 593 quod
1292 536 1573 590 acceptum
1606 525 1796 578 tnulier
1828 525 2112 578 ahScOndit

533 615 584 666 iu
622 612 810 666 farinae
842 623 958 667 sata
1007 615 1108 667 tria
1136 657 1150 680 ,
1191 615 1366 668 donec
1415 614 1768 668 fermentetur
1803 623 1996 668 totum.
2044 614 2112 669 Et

532 705 641 757 ibat
670 721 765 772 per
795 707 1045 763 civitates
1076 718 1129 762 et
1161 708 1381 762 castella
1417 709 1643 772 docens,
1679 719 1730 761 et
1774 711 1875 762 iter
1907 708 2111 763 faciens

530 794 984 868 Hierosolymam.
1028 819 1044 851 ι
1088 799 1269 853 Grano
1327 800 1500 869 sinapi
1559 809 1836 869 ('Otupatat
1887 815 2108 869 regnum

531 890 645 943 ltei.
680 888 926 960 Regnum
960 900 1140 944 autem
1175 892 1267 944 Dei
1305 893 1621 962 prtcdicatio
1660 904 1765 956 i=5t,
1799 904 1854 946 et
1885 894 2106 946 verbum

528 982 644 1035 Dei.
680 982 782 1036 Per
815 983 1260 1052 praedicationem
1289 985 1435 1040 enim
1473 985 1720 1054 regnavit
1746 985 1797 1038 in
1827 986 2112 1040 animabus

527 1073 828 1128 hominum.
885 1075 1178 1130 Enimvero
1212 1076 1354 1129 sicut
1404 1077 1579 1144 sinapi
1632 1075 1842 1130 videtur
1891 1078 2109 1143 quidem

525 1179 747 1232 parvum
789 1181 944 1230 esse,
999 1167 1220 1221 multam
1253 1175 1432 1220 autem
1481 1168 1641 1222 habet
1694 1167 1975 1231 virtutem,
2032 1169 2104 1222 ita

522 1262 574 1310 e't
621 1272 802 1311 serum
851 1259 1128 1328 Evangelii
1170 1261 1542 1314 contemnitur
1583 1260 1802 1329 quidem
1839 1276 1865 1314 a
1898 1261 2102 1328 multis,

521 1359 576 1402 et
631 1359 851 1418 apparet
890 1365 1015 1405 esse
1052 1351 1279 1404 stultitia
1326 1371 1339 1405 :
1397 1367 1518 1406 cum
1583 1369 1711 1407 vero
1755 1353 1905 1408 illum
1944 1355 2105 1409 homo

522 1441 848 1510 susceperit,
882 1451 936 1496 et
971 1443 1180 1498 miserit
1206 1445 1256 1497 in
1291 1445 1508 1499 hortum
1547 1461 1658 1499 sua:
1691 1448 1906 1512 animze,
1945 1447 2106 1501 arbo—

524 1549 636 1586 rem
673 1549 922 1603 uiaguam
974 1534 1123 1600 facit,
1157 1537 1226 1588 ita
1261 1547 1317 1589 ut
1353 1547 1407 1591 et
1437 1554 1614 1592 ramos
1650 1539 1859 1604 dilatet,
1916 1554 1977 1592 ac
2017 1555 2108 1594 v0-

519 1625 686 1678 latilia
711 1627 853 1690 caeli,
887 1627 988 1681 hoc
1015 1637 1123 1694 est,
1159 1629 1406 1684 homines
1439 1632 1527 1700 qui
1571 1632 1622 1684 in
1665 1633 1897 1686 sublime
1927 1632 2107 1686 volare

523 1717 790 1777 nituntur.
836 1719 992 1773 nidos
1017 1719 1256 1776 habeant
1290 1723 1342 1775 in
1376 1723 1563 1780 ramis.
1603 1725 1704 1791 Qui
1734 1727 1879 1780 erum
1919 1743 2106 1796 super-

2218 520 2353 575 Θεοῦ
2379 539 2394 583 ;
2437 518 2632 589 Ὁμοία
2663 516 2780 568 ἐστὶ
2818 512 2988 583 ζύμῃ,
3018 511 3084 580 ἣν
3118 508 3360 562 λαϐοῦσα
3401 505 3546 577 γυνὴ
3571 505 3804 578 ἔκρυψεν

2219 619 2296 675 εἰς
2345 612 2575 682 ἀλεύρου
2614 610 2750 662 σάτα
2784 607 2941 675 τρία,
2975 605 3081 665 ἓως
3122 594 3182 654 οὗ
3219 599 3482 696 ἐζυμώθη
3520 599 3666 653 ὅλον.
3699 598 3806 650 Καὶ

2215 703 2560 774 διεπορεύετο
2593 701 2730 754 κατά
2769 698 2952 761 πόλεις
3015 696 3109 748 καὶ
3142 692 3334 762 κώμας
3383 690 3681 752 διδάσκων,
3715 690 3808 742 καὶ

2216 798 2444 868 πορείαν
2481 792 2807 861 ποιούμενος
2856 791 2935 851 εἰς
2974 784 3358 856 Ἰερουσαλήμ.
3407 801 3426 833 ι
3481 782 3690 848 Κόκκῳ
3725 797 3803 832 σι-

2215 891 2431 949 νάπεως
2462 883 2804 955 παραϐάλλει
2850 882 2950 950 τὴν
2983 877 3259 948 βασιλείαν
3296 874 3391 927 τοῦ
3444 873 3617 926 Θεοῦ·
3653 872 3806 942 βασι-

2218 983 2337 1035 λεία
2377 982 2432 1034 δὲ
2461 979 2597 1032 Θεοῦ
2631 981 2658 1031 6
2685 977 2842 1044 λόγος
2905 975 2997 1029 καὶ
3031 974 3091 1025 τὸ
3125 973 3411 1042 κήρυγμα.
3448 968 3551 1020 Διά
3577 966 3687 1036 γάρ
3711 961 3804 1017 τοῦ

2215 1077 2573 1148 κηρύγματος
2614 1071 2970 1126 ἐϐασίλευσεν
2998 1070 3089 1121 ἐπὶ
3121 1066 3220 1128 τάς
3248 1061 3428 1133 ψυχάς
3456 1061 3568 1114 τῶν
3595 1057 3808 1128 ἀνθρὼ-

2213 1187 2353 1221 πων.
2388 1169 2600 1234 Ὥσπερ
2627 1163 2721 1218 οὖν
2750 1163 2811 1215 τὸ
2851 1162 3040 1231 σίνηπι
3075 1159 3224 1212 δοκεῖ
3269 1157 3366 1225 μὲν
3401 1149 3546 1206 εἶναι
3583 1152 3805 1220 μικρὸν,

2211 1260 2415 1329 πολλὴν
2447 1259 2503 1312 δὲ
2538 1259 2638 1328 τὴν
2677 1255 2912 1324 δύναμιν
2941 1253 3055 1323 ἔχει
3077 1291 3090 1313 ,
3133 1249 3278 1302 οὕτω
3313 1247 3408 1300 καὶ
3441 1247 3468 1298 ὁ
3509 1243 3671 1312 λόγος
3709 1239 3807 1294 τοῦ

2210 1353 2549 1421 Εὐαγγελίου
2601 1349 3029 1420 καταφρονεῖται
3078 1344 3178 1413 μὲν
3233 1343 3346 1403 τοῖς
3416 1338 3657 1400 πολλοῖς,
3713 1336 3808 1388 καὶ

2208 1451 2356 1503 δοκεῖ
2393 1465 2576 1517 μωρία
2609 1441 2784 1509 εἶναι,
2821 1442 3005 1494 λαϐὼν
3054 1439 3109 1491 δὲ
3142 1435 3306 1489 αὑτὸν
3355 1432 3676 1504 ἅνθρωπος,
3710 1427 3810 1482 καὶ

2212 1541 2389 1611 βαλὼν
2429 1541 2509 1601 εἰς
2571 1538 2746 1607 κῆπον
2803 1532 2992 1596 αὑτοῦ,
3050 1531 3219 1602 ἧγουν
3269 1529 3336 1597 τῇ
3387 1523 3586 1578 ἑαυτοῦ
3632 1522 3807 1591 ψυχῇ,

2209 1634 2425 1703 δένδρον
2465 1632 2608 1701 μέγα
2644 1631 2807 1689 ποιεῖ,
2852 1626 2994 1679 ὥστε
3030 1623 3258 1684 κλάδους
3290 1616 3440 1686 αύτῷ
3475 1617 3768 1686 προσεῖναι
3791 1653 3807 1676 ,

2211 1730 2305 1782 καὶ
2349 1727 2418 1780 τά
2453 1723 2674 1777 πετεινὰ
2727 1722 2821 1776 τοῦ
2870 1716 3138 1790 ούρανοῦ,
3206 1716 3343 1781 ὅπερ
3395 1711 3512 1762 ἔστι
3556 1710 3684 1771 τοὺς
3737 1704 3811 1759 τά

519 1811 687 1878 gressi
723 1822 848 1866 sunt
884 1815 1201 1880 terrestria,
1231 1817 1282 1869 in
1327 1819 1490 1872 ramis
1530 1821 1956 1889 praedicationis,
2007 1821 2099 1876 hoc

2214 1821 2393 1891 ὑψηλά
2423 1819 2677 1880 θέλοντας
2723 1813 2982 1868 πέτεσθαι
3027 1807 3372 1879 ἀνθρώπους,
3412 1799 3811 1870 κατασκηνοῦν

517 1913 622 1969 est,
663 1903 899 1959 dilatatis
927 1910 1218 1962 sententiis
1265 1909 1551 1977 quiescunt
1581 1929 1595 1978 ;
1640 1924 1698 1966 ut
1727 1915 1955 1982 exempli
1981 1931 2106 1985 gra-

522 1994 594 2047 tia
628 1995 754 2062 quid
784 1997 957 2049 dicam
1013 2015 1026 2051 :
1078 1999 1322 2053 Granum
1353 2003 1583 2071 sumpsit
1621 2001 1843 2067 Paulus,
1881 2020 2103 2073 parvam

519 2085 809 2141 Amnis)”
848 2087 1302 2155 instructionem,
1347 2095 1442 2145 sed
1477 2093 1778 2162 plantatum
1835 2097 1936 2148 hoc
1979 2110 2102 2165 gra-

519 2193 646 2229 num
678 2177 728 2231 in
767 2179 923 2233 horto
955 2179 1073 2248 ejus
1109 2181 1323 2249 pingui,
1368 2196 1549 2236 ramos
1585 2181 1736 2249 fecit,
1773 2183 1993 2246 multas,
2025 2185 2106 2236 in-

519 2283 707 2335 quam,
742 2279 792 2322 et
836 2269 1007 2324 bonas
1043 2272 1323 2326 doctrinas
1356 2287 1419 2327 ac
1469 2273 1750 2342 epistolas,
1806 2275 1856 2326 in
1909 2275 2106 2343 quibus

518 2357 906 2415 nidulabantur
938 2379 1043 2417 non
1071 2365 1246 2417 solum
1282 2365 1335 2417 hi
1363 2365 1454 2434 qui
1480 2375 1608 2420 tunc
1637 2368 1896 2422 sublimes
1924 2379 2106 2424 mente

515 2457 565 2502 et
600 2450 894 2518 sapientia,
943 2453 1018 2506 uti
1064 2453 1365 2518 Corinthii,
1413 2456 1739 2528 Dionysius,
1780 2459 2106 2517 llierotheus

511 2550 568 2593 et
635 2541 723 2596 alii
789 2544 1027 2613 plurimi,
1079 2549 1172 2601 sed
1217 2556 1271 2602 et
1319 2550 1411 2617 qui
1472 2544 1698 2619 reliquis
1749 2554 2100 2621 temporibus.

517 2634 702 2690 Potest
774 2653 869 2704 per
916 2654 1145 2706 granum
1207 2642 1414 2712 sinapis
1472 2643 1694 2715 intelligi
1737 2654 1812 2701 ett
1845 2645 2106 2702 Dominus

515 2729 663 2797 ipse,
699 2730 822 2784 vilis
854 2731 998 2785 enim
1027 2733 1334 2802 videbatur,
1368 2752 1490 2790 nam
1523 2736 1661 2791 fabri
1697 2739 1862 2802 illius,
1894 2751 1946 2792 et
1974 2757 2100 2809 pau-

515 2820 804 2885 perrimus.
833 2823 900 2874 At
929 2824 1016 2876 ubi
1043 2824 1243 2878 cecidit
1286 2827 1336 2879 in
1368 2842 1463 2880 cor
1493 2839 1672 2894 terra},
1706 2846 1828 2882 cum
1858 2842 2104 2886 mortuus

511 2919 678 2975 esset,
724 2922 776 2965 et
815 2912 1061 2981 sepultus
1106 2916 1158 2968 in
1214 2917 1394 2982 horto,
1434 2934 1614 2974 ramos
1663 2923 1919 2991 pulchros
1971 2941 2094 2992 apo-

510 3002 685 3057 stolos
725 3003 874 3068 fecit,
914 3005 966 3058 in
1017 3009 1213 3074 quibus
1261 3010 1546 3078 quiescunt
1592 3030 1781 3070 onmes
1831 3017 1920 3085 qui
1952 3019 2103 3086 prius

512 3095 860 3162 agitabantur
891 3108 946 3150 et
978 3099 1317 3154 vexabantur
1351 3118 1378 3154 a
1406 3105 1600 3172 Spiritu
1636 3108 1840 3161 CI‘I'OliS
1865 3151 1878 3174 ,
1911 3126 2104 3179 nempe

509 3185 785 3256 gentiles;
829 3190 919 3256 qui
965 3194 1429 3259 comparabantur
1489 3197 1835 3262 volatilibus,
1884 3213 2103 3270 propter

514 3289 754 3333 mentem
805 3281 966 3336 facile
1034 3284 1326 3349 mobilem,
1387 3298 1442 3341 et
1488 3288 1725 3343 illusioni
1787 3294 2103 3360 obnoxiam,

511 3386 826 3442 magnaeque
868 3375 1125 3430 levitatis.
1179 3378 1347 3433 'l‘ales
1399 3383 1541 3434 enim
1587 3397 1712 3437 sunt
1769 3400 1962 3440 onmes
2012 3390 2101 3461 qui

508 3471 722 3526 errant,
768 3465 1072 3523 volatilibus
1119 3469 1273 3534 coeli,
1309 3473 1411 3524 hoc
1459 3483 1544 3527 eat
1580 3477 1743 3536 aeris,
1792 3479 2098 3535 as.~.imilati.

512 3554 712 3610 lterum
748 3551 1082 3613 assimilatur
1129 3561 1401 3617 fermento
1438 3566 1654 3621 divinus
1700 3585 1904 3633 sertno,
1955 3574 2098 3641 quod

508 3659 780 3717 sumptum
821 3651 1036 3718 mulier,
1083 3654 1185 3707 hoc
1225 3665 1308 3710 est
1376 3658 1613 3712 lmmaua
1653 3675 1867 3726 natura,
1917 3666 2101 3718 oet-ul-

509 3743 643 3795 tavit
678 3743 729 3796 in
763 3743 953 3800 farina:
984 3748 1256 3812 sata‘tria,
1303 3750 1400 3803 hoc
1428 3762 1532 3815 est,
1570 3755 1622 3806 in
1672 3770 1892 3823 corpus,
1941 3759 2102 3827 spiri-

514 3847 648 3897 tum,
687 3845 741 3887 et
771 3835 1046 3903 animam,
1096 3838 1166 3890 ita
1221 3850 1278 3893 ut
1331 3842 1421 3894 illa
1468 3846 1907 3911 sanctiticentur,
1960 3850 2103 3902 sicut

509 3927 641 3981 dicit
676 3928 865 3982 beatus
926 3928 1161 3997 Paulus,
1230 3933 1429 4004 ﬁatque
1479 3953 1580 3989 una
1647 3943 2100 4009 courtemperatio

507 4020 890 4074 comuunione
939 4037 1060 4077 cum
1113 4022 1318 4094 Spiritu
1359 4039 1570 4082 sancto.
1637 4029 1879 4099 lntellige
1915 4044 2096 4088 autem

506 4127 604 4181 per
661 4114 939 4169 mulierem
994 4119 1230 4172 animam
1265 4140 1276 4173 :
1317 4133 1432 4175 sata
1468 4139 1599 4178 vero
1639 4126 1740 4178 tria
1769 4135 1880 4180 tres
1914 4139 2099 4194 partes

508 4205 647 4272 ejus,
701 4206 1046 4270 rationalem,
1097 4212 1603 4278 concupiscibilem,
1640 4225 1694 4268 et
1739 4215 2093 4272 irascibilem.

508 4294 562 4349 Si
594 4297 717 4365 quis
749 4296 914 4366 igitur
943 4299 994 4352 in
1029 4301 1202 4354 tribUs
1243 4302 1348 4356 illis
1382 4306 1629 4371 partibus
1661 4323 1969 4364 sermonem
2003 4311 2094 4367 Dei

503 4390 832 4451 occultat-it,
869 4393 1031 4446 lacict
1088 4395 1232 4448 illam
1290 4406 1457 4451 totam
1503 4402 1875 4468 spiritualem,
1918 4405 1989 4458 ita
2039 4415 2096 4460 ut

508 4481 791 4535 rationalis
821 4499 925 4536 non
958 4484 1168 4538 labatur
1199 4486 1248 4539 in
1279 4489 1572 4553 doctrinis,
1602 4507 1775 4560 neque
1805 4496 2094 4552 irascibilis

501 4579 557 4627 et‘
583 4575 1029 4642 CtllCllpiSL’ibiiiS
1075 4579 1281 4644 absque
1317 4580 1526 4634 ratione
1561 4580 1827 4647 ferantur,
1862 4589 1951 4640 sed
1987 4589 2093 4642 l'cr-

508 4677 814 4720 lliClIlt'ltlUl‘
846 4679 900 4721 et
932 4669 1306 4724 assimilentur
1333 4676 1571 4727 sermoni
1601 4675 1714 4730 Dei.
1745 4677 2090 4736 Perambula-

504 4760 593 4812 bat
619 4776 745 4813 vero
772 4759 930 4816 Jesus
958 4779 1053 4832 per
1081 4780 1244 4833 pagos
1279 4773 1332 4819 et
1364 4767 1612 4822 civitates
1637 4770 1865 4826 docens.
1904 4773 2089 4842 Neque

503 4851 641 4905 itain
670 4868 832 4919 parva
855 4856 998 4906 venit
1018 4856 1210 4923 oppida
1236 4867 1286 4910 et
1308 4874 1494 4926 pagos,
1518 4868 1573 4912 ut
1599 4877 1820 4928 magnas
1842 4864 2088 4920 civitates

503 4947 800 5016 negligeret
833 4963 846 4998 :
887 4947 937 5000 id
978 4951 1120 5017 quod
1146 4951 1356 5004 faciunt
1390 4954 1480 5021 qui
1517 4954 1703 5008 volunt
1733 4956 2091 5024 simpliciores

502 5037 774 5105 decipere,
797 5056 973 5107 neque
997 5041 1067 5093 ita
1099 5045 1244 5096 venit
1272 5044 1612 5112 incivitates,
1633 5047 1802 5117 389
1824 5059 1879 5102 nt
1908 5061 2087 5103 osten-

503 5138 653 5180 ι.ιιυι·
688 5145 732 5182 et
776 5132 1044 5198 gloriosus
1083 5148 1278 5199 parvas
1337 5137 1609 5206 negligens
1657 5157 1669 5192 :
1707 5141 1799 5192 sed
1845 5152 1904 5194 ut
1937 5159 2086 5196 com-

504 5221 681 5272 munis
716 5221 993 5286 Dominus,
1029 5223 1136 5277 into
1186 5235 1241 5276 ut
1279 5238 1433 5292 pater
1490 5231 1578 5296 qui
1608 5232 1851 5284 omnium
1899 5248 2086 5286 curam

503 5316 635 5381 agit,
675 5314 870 5380 ubique
907 5318 1123 5370 circuit.
1160 5316 1414 5387 Nunquid
1444 5330 1624 5374 autem
1661 5323 1732 5374 ita
1771 5325 1964 5376 transit
1996 5341 2090 5390 per

503 5416 760 5459 externas
799 5409 1069 5474 civitates,
1101 5412 1152 5464 in
1185 5412 1382 5480 quibus
1413 5429 1516 5466 non
1550 5424 1626 5467 tot
1661 5427 1817 5468 erant
1851 5418 2087 5486 legispe-

502 5498 636 5550 riti:
690 5515 717 5550 a
755 5497 1058 5558 Jerusalem
1096 5515 1278 5559 autem
1330 5508 1498 5577 fugit,
1550 5518 1735 5577 utpote
1787 5510 2088 5567 formidans

505 5590 824 5656 reprehendi
871 5609 898 5644 a
945 5594 1295 5666 legisperitis,
1336 5600 1417 5652 vel
1459 5604 1746 5672 suspicans
1785 5620 1850 5659 ne
1898 5604 1964 5658 ab
2008 5608 2087 5662 eis

576 5766 760 5820 “ait.
802 5783 872 5835 lx,
918 5769 1000 5834 tl,
1042 5771 1120 5822 ιε.

2213 1919 2272 1969 ὲν
2301 1913 2511 1974 τούτοις
2546 1913 2660 1972 τοῖς
2707 1907 2943 1967 κλάδοις.
2989 1904 3052 1956 Οἱ
3100 1901 3210 1970 γὰρ
3237 1899 3348 1953 τῶν
3389 1897 3599 1966 γηΐνων
3631 1895 3813 1961 ὑπερ-

2211 2009 2477 2075 κείμενοι,
2517 2006 2574 2056 ὲν
2601 2004 2714 2064 τοῖς
2748 1999 2965 2060 κλάδοις
3002 1993 3095 2048 τοῦ
3124 1993 3506 2064 κηρύγματος,
3545 1989 3667 2057 ἦτοι
3695 1987 3815 2048 τοῖς

2209 2099 2558 2170 ἠπλωμένοις
2607 2097 2872 2166 νοήμασιν
2911 2091 3320 2144 ἀναπαύονται·
3383 2078 3499 2136 οἷόν
3549 2081 3601 2132 τί
3637 2095 3810 2148 φημι,

2211 2197 2411 2248 κόκκον
2450 2190 2644 2245 ἔλαϐεν
2683 2191 2709 2242 6
2743 2186 2971 2246 Παῦλος,
3008 2184 3107 2254 τὴν
3160 2178 3365 2251 μικράν
3409 2174 3507 2229 τοῦ
3550 2172 3810 2226 Ἀνανίου

2212 2289 2544 2356 κατήχησιν·
2573 2283 2708 2336 ἀλλὰ
2741 2279 3017 2349 φυτεύσας
3041 2274 3231 2328 τοῦτον
3270 2272 3361 2324 τὸν
3395 2270 3600 2321 κόκκον
3630 2267 3691 2318 ὲν
3734 2263 3814 2335 τῷ

2211 2383 2357 2434 πίονι
2410 2377 2576 2432 αὑτοῦ
2630 2377 2817 2445 κήπῳ,
2852 2372 3084 2432 κλάδους
3132 2369 3380 2434 ἐποίησε,
3414 2361 3516 2425 τὰς
3575 2360 3812 2422 πολλάς,

2210 2475 2375 2544 φημὶ,
2410 2473 2502 2525 καὶ
2538 2469 2708 2530 καλάς
2738 2462 3115 2526 διδασκαλίας,
3153 2461 3246 2512 καὶ
3284 2455 3602 2516 ἐπιστολάς,
3637 2454 3699 2505 ἐν
3722 2445 3814 2513 αἷς

2210 2543 2579 2636 κατεσκήνουν
2609 2562 2669 2614 οὐ
2696 2560 2857 2631 μόνον
2895 2558 2944 2609 οἱ
2971 2556 3093 2607 τότε
3127 2550 3320 2622 ὑψηλοὶ
3344 2551 3437 2601 καὶ
3475 2545 3632 2614 σοφοὶ
3668 2543 3816 2597 κατά

2209 2659 2333 2710 νοῦν
2358 2656 2452 2709 καὶ
2483 2655 2693 2720 σοφίαν,
2716 2646 2819 2704 οἶοι
2850 2651 2897 2701 οἱ
2924 2645 3223 2716 Κορίνθιοι,
3245 2643 3273 2694 6
3297 2639 3601 2699 Διονύσιος,
3634 2638 3664 2689 6
3713 2635 3813 2688 Ἱε-

2211 2746 2397 2815 ρόθεος
2422 2743 2517 2796 καὶ
2539 2743 2689 2796 ἄλλοι
2718 2739 2981 2802 πλεῖστοι,
3011 2736 3147 2789 ἀλλά
3186 2733 3280 2787 καὶ
3297 2733 3343 2784 οἱ
3380 2729 3500 2782 καθ’
3535 2727 3816 2788 ἑκάστους

2209 2837 2455 2907 καιρούς.
2479 2837 2714 2887 Δύναται
2746 2834 2946 2895 κόκκος
2980 2830 3252 2889 σινάπεως
3288 2825 3554 2895 νοηθῆναι
3582 2825 3680 2874 καὶ
3715 2823 3817 2874 αύ-

2207 2932 2299 2993 τὸς
2337 2933 2363 2983 ὁ
2402 2929 2626 2999 Κύριος,
2669 2925 2893 2995 εὐτελὴς
2937 2923 3034 2992 μὲν
3065 2923 3123 2974 τὸ
3157 2919 3511 2989 φαινόμενον·
3549 2914 3816 2975 τέκτονος

2207 3023 2315 3094 γὰρ
2342 3023 2475 3086 υἱὸς,
2507 3022 2599 3075 καὶ
2625 3020 2950 3080 πενέστατος
2970 3035 2983 3048 ο
3008 3013 3190 3068 πεσὼν
3218 3012 3274 3065 δὲ
3297 3013 3353 3064 ὲν
3386 3013 3454 3081 τῇ
3485 3008 3685 3079 καρδίᾳ
3710 3008 3812 3076 τῆς

2132 3135 2173 3192 C
2208 3113 2312 3180 γῆς
2340 3111 2426 3164 διά
2467 3110 2560 3163 τοῦ
2604 3107 2984 3178 νεκρωθῆναι,
3020 3105 3114 3157 καὶ
3143 3107 3199 3157 ὲν
3245 3101 3323 3173 τῷ
3365 3103 3531 3170 κήπῳ
3571 3097 3810 3192 ταφεὶς,

2210 3205 2436 3265 κλάδους
2483 3203 2718 3273 ὡραίους
2787 3199 2912 3260 τοὺς
2974 3194 3307 3256 ἀποστόλους
3363 3191 3648 3260 ἐποίησεν,
3725 3181 3811 3251 οἷς

2207 3297 2654 3352 ὲπαναπαύονται
2714 3294 2914 3353 πάντες
2990 3290 3040 3342 οἱ
3118 3286 3312 3356 πρώην
3370 3281 3813 3354 περιφερόμενα

2209 3391 2372 3444 παντὶ
2407 3388 2681 3456 πνεύματι
2716 3389 2814 3456 τῆς
2855 3383 3086 3454 πλάνης,
3135 3379 3246 3434 οἷον
3277 3379 3328 3432 oi
3377 3376 3437 3442 ἐξ
3486 3375 3660 3429 ὲθνῶν
3711 3391 3814 3427 12¢-

2205 3484 2400 3544 τεινοῖς
2439 3478 2919 3549 παραϐαλλόμενοι
2949 3475 3036 3540 διὰ
3085 3472 3147 3524 τὸ
3186 3469 3279 3524 τοῦ
3319 3464 3587 3536 λογισμοῦ
3641 3465 3815 3518 εὐπε-

2210 3576 2486 3645 ριάγωγον
2519 3574 2612 3626 καὶ
2646 3569 3074 3639 εύεξαπάτητον,
3107 3566 3201 3619 καὶ
3232 3563 3435 3632 πολλῆς
3469 3563 3645 3630 γέμον
3675 3576 3812 3612 κονο

2207 3670 2464 3738 φότητος.
2499 3666 2745 3720 Τοιοῦτοι
2769 3664 2878 3732 γὰρ
2904 3663 3104 3722 πάντες
3135 3661 3183 3712 οί
3212 3657 3581 3726 πλανώμενοι,
3613 3671 3810 3706 πετει-

2206 3764 2316 3823 νοῖς
2353 3759 2444 3812 τοῦ
2481 3757 2734 3829 ούρανοῦ,
2768 3755 3022 3808 τουτέστι
3053 3753 3147 3806 τοῦ
3194 3752 3354 3821 ἀέρος
3385 3749 3651 3810 ἐοικότες.
3686 3748 3811 3801 Πά-

2204 3854 2287 3906 λιν
2331 3853 2475 3905 ἐοικε
2528 3851 2674 3920 ζύμῃ
2725 3850 2753 3901 6
2785 3850 2930 3912 θεῖος
2980 3847 3160 3915 λόγος,
3209 3845 3275 3915 ῆν
3317 3842 3561 3896 λαϐοῦσα
3618 3842 3788 3911 γυνὴ.

2203 3944 2483 3995 τουτέστιν
2546 3942 2578 4010 ἡ
2609 3937 2922 4008 ἀνθρωπεία
2955 3936 3140 4004 φύσις,
3177 3930 3413 4003 ἔκρυψεν
3445 3931 3528 3992 εἰς
3561 3930 3806 4000 ἀλεύρου

2205 4034 2345 4087 σάτα
2384 4032 2542 4102 τρία,
2591 4033 2871 4084 τουτέστιν
2919 4032 2998 4094 εἰς
3053 4029 3248 4098 σῶμα,
3298 4027 3504 4098 ψυχὴν,
3554 4025 3805 4097 πνεῦμα,

2201 4126 2343 4177 ὥστε
2395 4123 2724 4192 ἁγιασθῆναι
2770 4118 2980 4181 ταῦτα,
3013 4117 3157 4171 καθά
3201 4131 3366 4186 φησιν
3431 4115 3460 4166 6
3520 4115 3807 4184 μακάριος

2202 4218 2434 4283 Παῦλος,
2470 4217 2562 4270 καὶ
2606 4213 2859 4283 γενέσθαι
2893 4211 2952 4264 ἓν
2985 4213 3216 4282 φύραμα
3261 4211 3328 4280 τῇ
3359 4207 3498 4278 πρὸς
3544 4208 3606 4259 τὸ
3640 4208 3805 4275 ἆγιον

2202 4309 2426 4378 Πνεῦμα
2458 4307 2734 4378 κοινωνίᾳ.
2760 4305 3004 4374 Νοήσαις
3035 4304 3080 4356 δ’
3110 4302 3176 4354 διν
3199 4302 3437 4368 γυναῖκα
3465 4298 3567 4369 τὴν
3592 4297 3799 4370 ψυχὴν,

2203 4402 2341 4454 σάτα
2371 4401 2426 4461 δὲ
2486 4400 2615 4470 τρία
2649 4399 2708 4452 τὸ
2743 4397 3005 4468 τριμερὲς
3031 4395 3221 4465 αὐτῆς,
3259 4393 3498 4461 λογικὸν,
3535 4391 3800 4460 θυμικὸν.

2203 4498 2295 4549 καὶ
2326 4494 2745 4567 ἐπιθυμητικόν.
2778 4491 2840 4544 Ei
2875 4490 2968 4544 οῦν
2998 4508 3081 4553 τις
3122 4491 3179 4541 ὲν
3220 4487 3299 4557 τῷ
3328 4488 3590 4557 τριμερεῖ
3618 4486 3802 4554 τούτῳ

2203 4589 2548 4658 κατακρύψει
2583 4588 2672 4640 τὸν
2707 4586 2864 4654 λόγον
2899 4584 2994 4637 τοῦ
3027 4581 3187 4645 Θεοῦ,
3229 4582 3446 4648 ποιήσει
3479 4579 3603 4632 ὅλον
3636 4577 3801 4631 τοῦτο

2203 4682 2593 4751 πνευματικὸν,
2627 4680 2767 4731 ὥστε
2808 4679 2947 4748 μήτε
2991 4677 3053 4729 τὸ
3079 4673 3391 4743 λογιστικὸν
3419 4676 3477 4725 ὲν
3525 4676 3640 4734 τοῖς
3670 4673 3802 4740 δόγ-

2200 4795 2334 4846 μασι
2358 4773 2707 4843 σφάλλεσθαι,
2738 4774 2872 4841 μήτε
2899 4771 3070 4840 θυμὸν
3090 4772 3182 4823 καὶ
3203 4768 3504 4838 ἐπιθυμίαν
3529 4767 3798 4836 ἀλόγιστα

2198 4868 2488 4939 φέρεσθαι,
2528 4866 2662 4918 ἀλλὰ
2714 4863 3072 4934 ζυμωθῆναι,
3130 4867 3223 4919 καὶ
3271 4863 3675 4934 ἐξομοιωθῆναι
3715 4862 3798 4933 τῷ

2198 4964 2340 5030 λόγῳ
2371 4960 2463 5012 τοῦ
2499 4958 2657 5011 Θεοῦ.
2700 4957 3063 5027 Διεπορεύετο
3093 4959 3148 5011 δὲ
3182 4960 3209 5009 ὁ
3251 4956 3461 5026 Ἰησοῦς
3506 4959 3652 5009 κατὰ
3692 4957 3796 5010 πὸ-

2199 5053 2310 5114 λεις
2364 5052 2454 5104 καὶ
2479 5050 2672 5120 κώμας
2704 5049 2990 5104 διδάσκωνο
3020 5048 3142 5102 οὔτε
3172 5049 3281 5121 γάρ
3307 5049 3417 5100 τῶν
3444 5049 3665 5118 μικρῶν
3691 5050 3793 5118 μὲν

2199 5145 2505 5205 ἐπέϐαινεν,
2563 5137 2671 5195 οἷαι
2719 5144 2775 5195 at
2813 5143 3028 5212 κῶμαι,
3067 5143 3174 5194 τῶν
3224 5142 3279 5194 δὲ
3316 5141 3525 5194 πόλεων
3559 5143 3789 5208 ἡμέλει,

2187 5241 2323 5306 ὅπερ
2368 5237 2610 5290 ποιοῦσιν
2659 5239 2706 5288 οἱ
2737 5239 2860 5298 τοὺς
2893 5237 3290 5306 ἀφελεστέρους
3336 5236 3620 5305 ὲξαπατᾷν
3668 5235 3792 5303 βον-

2188 5331 2427 5400 λόμενοι,
2459 5328 2583 5381 οὔτε
2605 5329 2712 5382 τῶν
2733 5330 2939 5381 πόλεων
2964 5329 3260 5382 ἐπιϐαίνων
3278 5329 3354 5390 ὡς
3403 5328 3790 5395 φιλενδείκτης

2190 5425 2284 5476 καὶ
2311 5422 2463 5493 φίλος
2491 5423 2673 5490 δόξης,
2706 5422 2816 5476 τῶν
2855 5423 3070 5492 μικρῶν
3109 5423 3322 5491 ἠμέλει,
3349 5422 3463 5477 ἀλλ’
3491 5422 3567 5482 ὼς
3608 5421 3788 5482 κοινὸς

2185 5516 2482 5584 δεσπότης,
2542 5513 2742 5582 μᾶλλον
2787 5514 2843 5567 δὲ
2897 5514 3077 5584 πατὴρ
3115 5516 3330 5568 πάντων
3380 5515 3786 5586 προνοούμενος

2190 5607 2468 5676 πανταχοῦ
2528 5608 2764 5680 περιῄει.
2806 5602 2936 5676 Ἆρ’
2991 5603 3085 5660 οῦν
3137 5606 3233 5670 τὰς
3291 5607 3388 5678 μὲν
3429 5607 3534 5672 ἔξω
3599 5618 3782 5680 πόλεις
