4030 6408
269 378 371 441 92!

956 374 1411 435 ΕΝΑΒΗΑΤΙΟ
1448 370 1529 431 ΙΝ
1570 370 1871 433 EVANGE

1982 368 2083 429 ΗΜ
2119 369 2359 430 [Πολι.
2424 394 2492 405 -
2524 370 2688 430 CAP.
2734 369 2912 429 XIII.

3499 364 3613 431 922

270 489 629 559 περιήρχετο,
670 489 727 540 ἐν
779 482 866 548 αἷς
918 486 978 537 οὐ
1029 484 1280 537 τοσοῦτοι
1331 481 1475 554 ἦσαν
1525 479 1865 551 νομομαθεῖς

2000 481 2322 535 occidatur?
2357 480 2475 534 Non
2512 491 2594 535 est
2626 482 2729 535 hoc
2770 481 3088 545 dicendum,
3134 480 3228 535 sed
3276 490 3332 536 et
3365 480 3487 543 iter,
3524 484 3611 535 in-

267 582 373 652 τὴν
404 583 458 635 δέ
502 579 860 653 Ἰερουσαλὴμ
890 580 1295 650 ἀπεδίδρασκεν
1316 618 1331 642 ,
1382 577 1480 629 ἅτε
1540 574 1728 638 δεδιὼς
1760 576 1887 637 τοὺς

269 676 431 745 παρὰ
464 676 571 727 τῶν
610 672 941 743 νομομαθῶν
996 672 1290 741 ἐλέγχους,
1340 672 1373 741 ἢ
1416 669 1512 733 ,τὸν
1555 670 1620 722 ἐκ
1675 667 1887 720 τούτων

271 771 506 826 θάνατον
546 768 938 841 ὑφορώμενος;
993 770 1108 822 Οὐκ
1166 766 1316 821 ἐστιν
1369 768 1567 831 εἰπεῖν,
1614 765 1753 818 ἀλλά
1820 765 1917 817 καὶ
1958 766 2224 835 πορείαν,
2264 767 2436 837 φησι,
2497 767 2829 837 ποιούμενος
2877 768 2959 830 είς

1997 575 2146 644 quit,
2200 574 2410 628 faciens
2450 576 2501 627 in
2552 574 3016 645 Hierosolymam.
3074 574 3175 630 Ubi
3221 576 3367 629 enim
3423 577 3612 645 plures

1998 676 2289 739 aegrotant,
2333 684 2398 722 eo
2431 670 2610 737 magis
2643 668 2871 722 festinat
2909 667 3176 722 medicus.

3037 766 3400 837 Ἰερουσαλήμ
3422 782 3435 796 ⁶
3482 766 3612 821 ἔνθα

269 864 386 935 γὰρ
424 864 641 925 πλείους
675 864 723 915 οἱ
755 862 1061 926 νοσοῦντες,
1096 863 1278 914 ἐκεῖσε
1319 860 1523 931 μᾶλλον
1580 859 1879 912 είσωθείτω
1921 862 1948 912 6
1986 860 2194 928 ἰατρός.

355 982 371 1012 ι
427 957 563 1021 Εἶπε
603 960 659 1013 δέ
694 977 777 1023 τις
815 958 964 1029 αὐτῷ
992 976 1008 993 ’
1045 958 1243 1029 Κύριε,
1270 962 1317 1011 εἰ
1349 958 1520 1026 ὀλίγοι
1546 959 1597 1011 οί
1631 956 1881 1027 σωζόμε-

272 1070 384 1119 vet;
420 1054 480 1108 ’0
500 1054 556 1108 δὲ
587 1048 707 1108 εῐπε
732 1053 869 1124 πρὸς
886 1052 1106 1116 αὐτούς’
1130 1051 1488 1120 Ἀγωνίζεσθε
1509 1052 1771 1105 εἰσελθεῖν
1792 1049 1883 1104 διὰ

269 1148 375 1216 τῆς
402 1149 592 1218 στενῆς
617 1147 817 1217 πύλης,
844 1146 926 1199 ὅτι
955 1147 1163 1208 πολλοὶ,
1191 1148 1335 1213 λέγω
1363 1146 1511 1215 ὑμῖν,
1548 1146 1881 1216 ζητήσουσιν

271 1237 562 1302 εἰσελθεῖν,
595 1237 691 1291 καὶ
712 1237 813 1290 οὐκ
840 1236 1173 1306 ἰσχύσουσιν.
1205 1236 1327 1303 Ἀφ’
1358 1230 1419 1291 οῦ
1452 1234 1497 1289 δ’
1522 1234 1724 1306 ἐγερθῇ
1746 1236 1775 1288 6
1800 1236 1880 1288 οί-

271 1332 609 1401 κοδεσπότης
631 1372 645 1395 ,
683 1332 776 1383 καὶ
811 1330 1113 1401 ἀποκλείσῃ
1142 1330 1241 1399 τὴν
1273 1328 1477 1399 θύραν,
1516 1329 1610 1383 καὶ
1638 1328 1879 1399 ἄρξησθε

268 1424 379 1490 ἔξω
411 1425 653 1489 ἑστάναι,
680 1423 774 1477 καὶ
806 1422 1023 1492 κρούειν
1052 1425 1152 1491 τὴν
1194 1421 1391 1491 θύραν,
1436 1420 1691 1489 λέγοντες
1720 1437 1729 1449 ·
1763 1420 1879 1473 Κύ-

270 1535 383 1588 ριε,
413 1516 605 1587 Κύριε,
641 1517 850 1580 ἄνοιξον
891 1518 1041 1585 ἡμῖν’
1080 1516 1175 1567 καὶ
1205 1516 1530 1585 ἀποκριθές
1567 1517 1685 1586 ἐρεῖ
1714 1516 1875 1585 ὑμῖν,

270 1611 390 1663 Οὐκ
420 1607 537 1662 οἶδα
564 1611 706 1679 ὑμᾶς
754 1609 921 1661 πόθεν
972 1609 1098 1661 ἐστέ
1137 1624 1152 1638 ο
1180 1609 1301 1660 τότε
1365 1594 1599 1679 ἄρξεσθε
1654 1609 1836 1675 λέγειν
1860 1622 1875 1638 ⁸

280 1700 595 1773 Ἐφάγομεν
653 1701 884 1754 ἐνώπιόν
938 1718 1051 1765 σου,
1087 1702 1183 1753 καὶ
1208 1702 1459 1769 ἐπίομεν,
1504 1702 1598 1753 καὶ
1631 1702 1689 1752 ἐν
1757 1702 1877 1763 ταῖς

264 1796 557 1859 πλατείαις
608 1794 768 1863 ἡμῶν
824 1793 1088 1859 ἐδίδαξας.
1113 1794 1220 1846 Καὶ
1254 1795 1389 1864 ἐρεῖ,
1415 1793 1574 1861 Λέγω
1608 1794 1756 1863 ὑμῖν,
1778 1793 1879 1847 ούκ

2075 956 2234 1013 Vens.
2267 958 2461 1013 25-30.
2513 977 2530 1008 ι
2562 955 2652 1011 Ait
2705 966 2890 1011 autem
2946 956 3018 1011 illi
3048 957 3268 1025 quidam
3299 974 3313 1010 :
3358 955 3607 1021 Domine,

1994 1068 2060 1106 an
2091 1054 2246 1122 pauci
2304 1063 2431 1107 sunt
2461 1052 2553 1118 qui
2610 1052 2847 1106 salutem
2889 1050 3422 1122 couseqnntui-‘lllle
3480 1066 3609 1105 vero

1992 1146 2133 1201 dixit
2159 1148 2226 1200 ad
2252 1145 2373 1202 illos
2400 1164 2412 1199 :
2446 1145 2775 1201 Contendite
2809 1147 3017 1199 intrare
3044 1161 3141 1215 per
3158 1154 3447 1213 angustam
3477 1160 3608 1213 por-

1991 1245 2125 1306 tam,
2172 1240 2300 1309 quia
2350 1240 2530 1308 multi,
2586 1240 2706 1295 dico
2771 1240 2951 1306 vobis,
2984 1249 3242 1309 quaerent
3298 1240 3610 1305 intrare,ot

1988 1352 2093 1389 non
2131 1346 2405 1403 p0tcrunt.
2444 1334 2579 1390 Cum
2616 1343 2800 1389 autem
2836 1344 3195 1403 experrectus
3220 1335 3390 1389 fuerit
3416 1346 3604 1404 pater-

1984 1428 2244 1493 familias,
2265 1439 2319 1484 et
2348 1430 2611 1483 clauserit
2634 1428 2859 1492 ostium,
2890 1441 2945 1482 et
2967 1427 3244 1498 cmperitis
3277 1426 3411 1482 loris
3434 1438 3606 1493 stare,

1983 1533 2039 1579 et
2073 1522 2288 1593 pulsare
2308 1524 2535 1585 ostium,
2564 1522 2807 1577 dicentes
2840 1541 2853 1576 :
2890 1521 3146 1584 Domine,
3168 1520 3420 1585 Domine,
3452 1521 3603 1591 πριιιί

1986 1618 2143 1671 nobis
2183 1634 2195 1671 :
2229 1629 2281 1670 et
2315 1615 2661 1685 respondens
2686 1615 2833 1669 dicet
2876 1614 3032 1669 vobis
3060 1632 3072 1667 :
3101 1612 3300 1669 Nescio
3335 1628 3437 1667 vos
3460 1615 3604 1668 unde

1983 1710 2108 1765 sitis
2143 1728 2155 1765 :
2204 1719 2332 1765 tunc
2387 1710 2662 1778 incipietis
2701 1710 2819 1763 dice
2836 1724 2892 1762 re
2926 1725 2939 1761 :
2977 1706 3202 1761 Edimus
3230 1721 3417 1761 coram
3449 1714 3522 1770 te,
3551 1715 3607 1759 et

1985 1806 2245 1869 bibimus,
2265 1814 2319 1860 et
2345 1806 2396 1857 in
2431 1803 2624 1873 plateis
2655 1803 2860 1857 nostris
2884 1802 3141 1856 docuisti.
3176 1800 3240 1855 Et
3262 1799 3408 1856 dicet
3430 1815 3445 1854 :
3467 1800 3601 1855 Dico

261 1884 386 1940 οἰδα
418 1889 559 1958 ὑμᾶς
612 1888 778 1941 πόθεν
806 1889 951 1953 ἐστε,
986 1887 1266 1957 ἀπόστητε
1296 1889 1389 1941 ἀπ’
1419 1888 1553 1957 ἐμοῦ
1590 1890 1794 1951 πάντες
1821 1888 1871 1940 οἱ

1984 1899 2158 1963 vobis,
2187 1897 2370 1952 nescio
2408 1910 2506 1953 vos
2533 1896 2677 1950 unde
2709 1894 2851 1950 sitis.
2891 1893 3166 1949 Discedite
3191 1912 3217 1947 a
3260 1908 3369 1959 me,
3406 1908 3605 1948 clunes

262 1983 502 2053 ἐργάται
544 1981 644 2050 τῆς
683 1982 924 2045 ἀδικίας.
955 1981 1108 2035 Ἐκεῖ
1136 1981 1289 2034 ἔσται
1324 1984 1351 2034 6
1379 1981 1682 2052 κλαυθμὸς,
1721 1983 1815 2035 καὶ
1842 1983 1870 2035 ὀ

263 2074 517 2145 βρυγμὸς
567 2076 675 2129 τῶν
702 2075 936 2129 ὀδόντων
972 2094 984 2109 ο
1016 2078 1146 2130 ὅταν
1194 2075 1403 2147 ὄψησθε
1466 2076 1742 2147 Ἀὖραάμ,
1778 2077 1874 2130 καὶ

259 2169 474 2230 Ἰσαὰκ,
508 2171 603 2222 καὶ
651 2168 873 2232 Ἰακὼϐ,
908 2170 1003 2222 καὶ
1046 2170 1258 2232 πάντας
1315 2170 1442 2232 τοὺς
1471 2170 1761 2241 προφήτας
1814 2172 1873 2223 ἐν

258 2263 330 2331 τῇ
360 2260 611 2330 βασιλείᾳ
642 2261 737 2314 τοῦ
768 2261 926 2324 Θεοῦ,
966 2262 1112 2332 ὑμᾶς
1140 2261 1196 2314 δέ
1228 2260 1670 2332 ἐκὸαλλομένους
1720 2261 1827 2326 ἔξω
1858 2279 1871 2293 ο

260 2356 361 2406 καὶ
401 2350 626 2423 ἥξουσιν
671 2354 779 2407 ἀπὸ
840 2355 1146 2408 Ἀνατολῶν
1182 2357 1277 2409 καὶ
1324 2356 1582 2425 Δνδσμῶν,
1632 2357 1726 2410 καὶ
1765 2358 1874 2409 ἀπὸ

261 2446 451 2516 Βοῤῥᾶ
482 2448 577 2499 καὶ
600 2447 797 2508 Νότου,
834 2448 932 2500 καὶ
958 2448 1420 2519 ἀνακλιθήσονται
1448 2450 1505 2501 ἐν
1526 2452 1590 2519 τῇ
1624 2449 1873 2521 βασιλείᾳ

258 2538 355 2593 τοῦ
388 2538 547 2593 Θεοῦ.
593 2541 705 2592 Καὶ
763 2540 871 2593 ἰδοὺ
918 2543 1055 2594 είσὶν
1119 2542 1337 2612 ἔσχατοι
1386 2542 1435 2595 οἳ
1473 2542 1686 2595 ἔσονται
1723 2545 1875 2614 πρῶ-

258 2645 366 2693 τοι,
402 2629 493 2681 καί
527 2630 633 2682 είσι
668 2631 875 2702 πρῶτοι
908 2633 956 2685 οἳ
990 2633 1204 2687 ἔσονται
1236 2634 1476 2705 ἔσχατοι.
1518 2656 1535 2687 ι
1593 2636 1795 2704 Ὀλίγοι
1824 2639 1872 2691 οἱ

265 2722 571 2791 σωζόμενοι
604 2724 692 2777 διὰ
726 2725 787 2778 τὸ
828 2726 902 2795 μὴ
929 2729 1199 2797 ἐγχωρεῖν
1228 2728 1457 2792 πολλοὺς
1494 2728 1752 2794 δέξασθαι
1776 2731 1874 2801 τὴν

265 2814 466 2882 στενήν
512 2830 523 2841 ·
551 2814 699 2867 ἐστιν
732 2815 827 2868 οὖν
856 2821 882 2868 ὁ
918 2817 1306 2887 οἰκοδεσπότης
1337 2820 1365 2872 6
1395 2820 1624 2889 Κύριος,
1661 2839 1874 2889 συγκα-

260 2906 435 2960 λεῖται
460 2908 516 2960 δέ
548 2910 763 2972 πάντας
817 2910 1141 2980 ἀνθρώπους
1165 2914 1243 2975 είς
1267 2913 1535 2979 ἑστίασιν,
1580 2914 1673 2967 καὶ
1730 2917 1871 2968 ἀπό-

258 2998 455 3054 λαυσιν
482 3001 591 3054 τῶν
619 3002 983 3069 ἁδαπανήτων
1016 3004 1240 3072 ἀγαθῶν
1261 3020 1275 3034 ·
1308 3007 1423 3058 ὅσοι
1460 3009 1557 3075 μὲν
1589 3007 1683 3061 οῦν
1703 3025 1875 3062 σπου-

259 3091 403 3147 balet
434 3094 563 3164 ἄχρι
600 3098 697 3148 καὶ
744 3096 845 3165 τῆς
876 3097 968 3151 τοῦ
1003 3099 1232 3166 ἀρίστου
1264 3101 1416 3170 ὥρας
1469 3102 1873 3168 σπουδάζουσιν

258 3189 551 3243 εἰσελθεῖν.
599 3191 755 3243 Ὅσοι
786 3192 841 3243 δέ
896 3192 1287 3263 νωθρέστεροι,
1316 3196 1412 3247 καὶ
1447 3198 1589 3265 μετά
1640 3201 1741 3267 τὴν
1776 3200 1870 3252 τοῦ

258 3286 486 3357 ἀρίστου
511 3285 662 3355 ὥραν
684 3288 994 3358 ἐρχόμενοι,
1025 3290 1428 3345 ἀποκλείονται.
1464 3292 1559 3356 Τίς
1590 3293 1646 3345 δὲ
1681 3296 1713 3363 ή
1749 3294 1869 3365 ὥρα

259 3377 355 3430 τοῦ
419 3379 675 3449 ἀρίστου,
723 3380 755 3451 ἢ
787 3384 813 3434 ὁ
864 3383 1059 3454 παρὼν
1092 3383 1245 3453 βίος;
1280 3379 1451 3449 Οὗτος
1485 3388 1597 3459 γὰρ
1646 3388 1815 3452 ὅντως
1844 3389 1873 3441 6

258 3471 450 3543 καιρὸς
486 3474 710 3543 ἄριστον
744 3475 825 3536 εἰς
855 3475 953 3546 τὴν
978 3477 1112 3545 πρὸς
1165 3478 1226 3530 τὸ
1264 3480 1586 3549 ἐστιαθῆναι
1622 3499 1873 3552 πνευμα-

253 3567 418 3635 τικὴν
458 3568 801 3635 ἐτοιμασίαν.
838 3570 960 3638 ’Λφ’
999 3566 1059 3624 οὗ
1106 3572 1287 3625 τοίνυν
1351 3575 1551 3646 ἐγερθῇ
1585 3579 1611 3630 6
1663 3579 1873 3631 οἰκοδε-

260 3660 497 3728 σπότης,
540 3662 845 3727 τουτέστιν,
904 3666 982 3726 είς
1031 3668 1217 3733 κρίσιν
1274 3668 1567 3741 ἐξαναστῇ,
1612 3673 1707 3725 καὶ
1739 3674 1872 3726 ἀπο-

254 3756 452 3828 κλείση
488 3760 587 3828 τὴν
619 3759 815 3829 Θύραν,
842 3762 940 3831 τὴν
964 3763 1063 3829 τῆς
1115 3765 1343 3834 ἀρετῆς,
1380 3769 1544 3837 φημὶ,
1581 3768 1724 3831 ὁδὸν,
1748 3771 1872 3839 ἦτις

259 3852 399 3921 μετά
441 3852 540 3925 τὴν
574 3853 831 3907 ἐντεῦθεν
866 3854 1176 3910 ἁποὸίωσιν
1204 3860 1302 3930 οὐχ
1355 3860 1607 3915 όδεύεται
1632 3879 1648 3893 ’
1680 3866 1739 3917 ἐν
1789 3866 1870 3935 τῷ

256 3942 359 4013 βίῳ
384 3942 494 4013 γὰρ
524 3943 675 3997 οὖσιν
699 3946 830 4014 ἡμῖν
862 3946 1107 3999 όδεύεται
1135 3949 1166 4016 ή
1192 3948 1291 4016 τῆς
1341 3949 1549 4018 ἀρετῆς
1572 3951 1693 4014 ὁδός
1719 3968 1733 3983 ο
1766 3954 1870 4021 ἀρ-

251 4052 444 4106 χονται
478 4036 577 4105 μὲν
600 4037 649 4089 οἱ
693 4036 1067 4109 ἀμελέστερον
1099 4038 1337 4093 ἐνταῦθα
1380 4040 1649 4111 ζήσαντες
1697 4046 1867 4112 κρού-

252 4144 337 4180 ειν
354 4128 453 4195 τὴν
489 4127 697 4197 θύραν·
723 4130 849 4182 τότε
890 4131 1001 4200 γὰρ
1033 4130 1097 4200 δὴ
1147 4132 1269 4185 τότε
1318 4132 1405 4185 διὰ
1454 4134 1553 4203 τῆς
1603 4135 1867 4207 ἀνονήτου

253 4222 545 4291 μετανοίας
595 4223 698 4293 τὴν
721 4223 823 4293 τῆς
846 4224 1049 4294 ἀρετῆς
1108 4225 1227 4279 ὁδὸν
1284 4227 1622 4298 ἀναζητοῦσι
1686 4230 1870 4300 λόγοις

248 4312 453 4385 ψιλοῖς,
476 4310 588 4368 οἶόν
621 4334 733 4368 τισι
790 4317 1009 4387 κρότοις
1039 4319 1133 4372 καὶ
1165 4318 1394 4382 κτύποις
1430 4323 1870 4395 ἀνακαλούμενοι

247 4405 480 4475 ταύτην,
510 4408 621 4461 τῶν
653 4409 832 4480 ἔργων
862 4412 1133 4465 ἀπόντων.
1174 4413 1231 4465 'O
1256 4413 1314 4467 δὲ
1338 4414 1731 4487 οἰκοδεσπότης
1761 4420 1862 4489 ἤδη

247 4499 478 4565 δικαίως
536 4501 895 4567 ἀποκλείσας,
924 4507 1309 4574 προσποιεῖται
1345 4508 1481 4577 μηδὲ
1531 4511 1731 4563 εἰδέναι
1768 4512 1868 4565 πό-

1984 1992 2076 2061 qui
2122 1990 2358 2061 patratis
2408 1990 2782 2057 iniquitatem.
2831 1988 2902 2042 Ibi
2931 1988 3038 2042 erit
3072 1986 3257 2056 ﬂetus,
3288 1998 3343 2043 et
3402 1988 3606 2043 stridor

1981 2085 2251 2146 dentium,
2272 2098 2395 2137 cum
2420 2082 2677 2137 videbitis
2701 2080 3005 2146 Abraham,
3033 2092 3086 2135 et
3114 2080 3292 2147 Isaac,
3316 2090 3369 2135 et
3397 2077 3595 2146 Iacob,

1979 2189 2034 2234 et
2062 2193 2255 2233 omnes
2291 2177 2587 2247 prophetas
2615 2176 2671 2230 in
2741 2191 2911 2246 regno
2951 2174 3065 2243 Dei,
3106 2190 3203 2229 vos
3278 2185 3465 2230 autem
3499 2190 3602 2229 ex-

1989 2273 2118 2343 pelli
2156 2272 2325 2326 foras.
2358 2271 2422 2325 Et
2450 2272 2672 2325 venient
2719 2270 2788 2325 ab
2822 2267 3049 2324 Oriente
3091 2278 3145 2322 et
3196 2267 3515 2331 Occidente,
3546 2275 3602 2321 ct

1978 2362 2249 2435 Aquilone
2300 2374 2354 2417 et
2406 2365 2627 2426 Austro,
2660 2371 2714 2417 et
2776 2363 3112 2417 accumbent
3167 2363 3222 2437 ip
3269 2377 3439 2430 regno
3476 2359 3597 2415 Dei.

1978 2459 2043 2513 Et
2080 2472 2207 2514 ccce
2256 2466 2383 2513 Sunt
2437 2456 2722 2527 postremi,
2759 2458 2847 2525 qui
2890 2468 3053 2512 erunt
3111 2457 3273 2525 primi
3324 2466 3421 2510 :et
3469 2464 3600 2510 sunt

1978 2552 2292 2623 primi,qui
2348 2562 2512 2606 erunt
2567 2551 2854 2622 postremi.
2902 2570 2919 2602 ι
2964 2550 3124 2604 Pauci
3162 2558 3289 2603 sunt
3343 2548 3434 2617 qui
3486 2547 3597 2603 sal-

1981 2661 2197 2711 vantur,
2264 2664 2330 2703 eo
2387 2649 2531 2717 quod
2592 2656 2823 2717 angusta
2884 2647 2972 2699 via
3025 2644 3227 2699 multos
3286 2657 3392 2697 non
3450 2641 3597 2695 reci-

1981 2745 2114 2813 piat.
2152 2743 2243 2796 Est
2272 2750 2451 2796 autem
2483 2741 2745 2796 Dominus
2778 2738 3199 2810 paterfamilias,
3236 2736 3327 2805 qui
3387 2750 3597 2790 convo-

1979 2844 2068 2889 cat
2091 2850 2283 2889 Olllllt’S
2316 2834 2569 2889 homines
2600 2835 2663 2888 ad
2694 2834 2982 2903 prandium
3008 2840 3061 2886 et
3094 2829 3410 2885 lruitionem
3438 2838 3601 2883 aeter-

1981 2946 2173 2983 norum
2206 2929 2497 2984 bonorum.
2529 2928 2731 2983 Omnes
2758 2928 2942 2995 itaque
2999 2925 3201 2980 virtute
3229 2923 3445 2994 praediti
3503 2939 3597 2977 us-

1978 3040 2083 3093 que
2118 3026 2183 3079 ad
2219 3023 2430 3092 prandii
2468 3030 2682 3090 tempus
2736 3020 3070 3075 studuerunt
3120 3019 3372 3073 intrare:
3402 3031 3599 3072 omnes

1981 3128 2162 3171 autem
2202 3117 2464 3173 desidiosi
2494 3128 2548 3171 et
2584 3115 2790 3184 ignavi,
2826 3116 2919 3183 qui
2960 3123 3084 3184 post
3112 3126 3327 3182 tempus
3378 3110 3597 3182 prandii

1983 3221 2273 3274 venerunt,
2308 3210 2699 3263 excluduntur.
2766 3208 2907 3262 [lora
2958 3217 3141 3262 autem
3198 3206 3412 3275 prandii
3449 3219 3594 3274 prae-

1979 3321 2108 3361 sens
2152 3303 2258 3357 vita
2302 3314 2403 3358 est.
2444 3302 2558 3357 Hoc
2614 3303 2762 3357 enim
2816 3313 3029 3370 tempus
3058 3302 3246 3369 utique
3302 3300 3596 3371 prandium

1982 3408 2088 3459 est,
2128 3414 2235 3467 quo
2265 3411 2644 3468 praeparantur
2680 3406 2737 3448 ut
2764 3395 3037 3463 spirituali
3066 3394 3323 3451 convivio
3346 3393 3596 3461 excipia-

1985 3508 2128 3547 mur.
2163 3492 2298 3546 Cum
2346 3502 2529 3545 autem
2594 3488 3023 3561 expergefactus
3067 3489 3232 3541 fuerit
3278 3486 3603 3556 paterfami-

1979 3584 2098 3649 lias,
2132 3584 2235 3638 hoc
2261 3594 2365 3648 est,
2398 3585 2466 3637 ad
2509 3583 2782 3652 judicium
2848 3583 3180 3643 surrexerit,
3222 3596 3285 3633 ac
3337 3580 3598 3634 clauserit

1971 3676 2222 3745 ianuam,
2253 3676 2471 3729 virtutis
2498 3676 2622 3728 dico
2653 3674 2817 3739 viam,
2848 3689 3011 3742 quam
3042 3672 3255 3741 ingredi
3310 3688 3418 3725 non
3469 3686 3597 3739 pos-

1976 3783 2167 3824 sumus
2195 3776 2483 3837 postquam
2521 3765 2651 3821 hinc
2676 3765 3130 3835 emigravcrimus
3154 3782 3167 3817 :
3194 3764 3412 3832 quando
3448 3764 3595 3817 enim

1994 3862 2046 3916 in
2098 3863 2208 3915 vita
2265 3874 2475 3924 sumus,
2512 3858 2640 3911 iniri
2693 3866 2875 3926 potest
2904 3859 2989 3911 via
3022 3857 3285 3911 virtutis:
3322 3856 3597 3925 incipiunt

1976 3956 2197 4026 quidem
2225 3966 2352 4012 tunc
2380 3956 2546 4025 hiqui
2572 3953 2941 4023 negligentius
2975 3951 3029 4006 iu
3060 3952 3162 4005 hac
3190 3952 3299 4005 vita
3335 3950 3593 4015 vixerint,

1979 4048 2202 4119 pulsare
2236 4047 2486 4117 januam,
2518 4057 2675 4114 tunc,
2714 4047 2963 4115 inquam,
3003 4056 3131 4099 tunc
3186 4059 3281 4112 per
3347 4044 3593 4099 inutilem

1980 4143 2361 4213 pmuitentiatn
2392 4144 2612 4199 virtutis
2640 4144 2785 4198 viam
2838 4142 3152 4212 requirunt,
3194 4138 3360 4193 nudis
3412 4138 3596 4193 verbis

1977 4234 2134 4304 quasi
2170 4235 2575 4304 pulsationibus
2630 4246 2688 4290 et
2756 4233 3083 4303 strepitibus
3133 4232 3461 4303 quibusdam
3502 4246 3593 4283 re-

1980 4338 2241 4383 vocantes
2299 4326 2470 4391 illam,
2525 4326 2789 4396 cperibus
2844 4335 3027 4379 tamen
3086 4333 3366 4378 carentes.
3432 4319 3597 4374 Pater

1986 4436 2120 4475 vero
2148 4420 2382 4474 lainilias
2415 4435 2539 4473 cum
2571 4435 2668 4475 eos
2713 4420 2860 4487 juste
2913 4418 3240 4482 excluserit,
3284 4415 3597 4471 dissimulat

1979 4514 2124 4569 scire
2149 4513 2291 4567 unde
2328 4513 2461 4576 sint,
2523 4522 2578 4567 et
2616 4512 2815 4566 merito
2844 4530 2857 4565 :
2892 4520 3019 4566 sunt
3063 4510 3209 4564 enim
3235 4523 3301 4563 ex
3330 4507 3547 4562 diabolo
3578 4526 3592 4561 :

252 4592 348 4645 θεν
380 4592 520 4646 εἰσίν
555 4609 569 4623 ³
604 4594 855 4659 εἰκότως,
892 4597 1000 4649 εἰσὶ
1029 4598 1127 4667 μὲν
1150 4599 1257 4669 γὰρ
1300 4601 1362 4653 ἐκ
1392 4601 1487 4654 τοῦ
1532 4602 1805 4669 διαϐόλου,
1837 4606 1864 4658 ὁ

1982 4608 2242 4662 Dominus
2297 4617 2479 4661 autem
2540 4608 2824 4677 cognoscit
2865 4620 3015 4660 suos.
3047 4604 3159 4659 Hoc
3213 4613 3398 4658 autem
3447 4602 3593 4671 quod

248 4687 307 4742 δὲ
335 4686 542 4759 Κύριος
564 4690 687 4752 τοὺς
714 4690 868 4753 ὄντας
911 4691 1080 4745 αὐτοῦ
1111 4694 1389 4761 γινώσκει.
1420 4695 1493 4747 Τὸ
1520 4698 1598 4759 δέ,
1636 4697 1871 4766 Ἑφάγο-

252 4798 357 4852 μεν
382 4782 480 4834 καὶ
511 4784 740 4851 ἐπίομεν
772 4782 1007 4836 ἐνώπιόν
1038 4803 1156 4850 σου,
1192 4788 1286 4839 καὶ
1314 4790 1372 4840 ἐν
1396 4792 1518 4850 ταῖς
1574 4792 1872 4855 πλατείαις

248 4874 413 4944 ἡμῶν
460 4875 725 4940 ἐδίδαξας,
766 4878 862 4928 καὶ
921 4877 1109 4941 ἁπλῶς
1167 4879 1268 4948 μὲν
1314 4880 1491 4945 οὕτως
1552 4885 1692 4953 πρὸς
1744 4888 1871 4951 τοὺς

246 4965 309 5030 ἐξ
375 4963 597 5036 Ἰσραὴλ
659 4968 899 5034 λέγεται.
933 4969 1044 5020 Καὶ
1080 4968 1190 5040 γὰρ
1240 4970 1299 5034 ἐξ
1334 4974 1515 5026 αὐτῶν
1549 4979 1575 5029 6
1633 4978 1875 5046 Χριστὸς

248 5055 395 5108 κατὰ
448 5058 650 5125 σάρκα,
725 5060 821 5111 καὶ
870 5061 1056 5124 αὐτοῖς
1109 5063 1367 5133 συνήσθιε
1430 5070 1525 5120 καὶ
1578 5071 1856 5127 συνέπινε.

250 5149 402 5219 Πλὴν
438 5150 576 5204 ἀλλὰ
609 5152 702 5204 καὶ
734 5152 1069 5224 ὑψηλότερον
1090 5156 1314 5211 δύναται
1342 5161 1602 5230 νοηθῆναι
1630 5165 1709 5230 τὸ,
1754 5168 1870 5220 Ἑν-

248 5240 424 5294 ώπιόν
461 5259 556 5295 σου
603 5246 881 5314 ἐφάγομεν
912 5249 1005 5299 καὶ
1056 5250 1285 5317 ἐπίομεν
1316 5267 1327 5280 ·
1374 5254 1470 5323 τὴν
1498 5254 1607 5325 γὰρ
1634 5261 1867 5327 νομικὴν

247 5335 539 5399 τελοῦντες
561 5336 843 5408 λατρείαν,
873 5341 965 5393 καὶ
990 5343 1458 5413 προσκομίξοντες
1495 5348 1572 5417 τῷ
1617 5349 1737 5420 Θεῷ
1769 5352 1865 5415 τὰς

249 5426 318 5479 δι’
335 5426 569 5496 αἵματος
594 5428 807 5496 θυσίας,
829 5431 1017 5500 ἤσθιον
1047 5436 1139 5486 καὶ
1162 5437 1554 5507 ηύφραίνοντο,
1582 5443 1867 5512 ἠκροῶντο

244 5518 304 5572 δὲ
336 5518 434 5572 καὶ
461 5518 573 5571 τῶν
599 5519 759 5574 θείων
782 5522 980 5591 βίϐλων
1013 5526 1069 5577 ἐν
1099 5530 1217 5590 ταῖς
1240 5537 1605 5599 συναγωγαῖς.
1637 5536 1865 5602 Πάντως

246 5612 357 5680 γὰρ
389 5612 417 5663 6
458 5611 665 5682 Κύριος
692 5615 785 5667 καὶ
820 5615 909 5669 διὰ
961 5617 1068 5670 τῶν
1114 5622 1413 5690 προφητῶν
1460 5625 1765 5682 ὲδὶδασκεν’
1800 5632 1860 5683 οὐ

248 5706 361 5777 γὰρ
385 5705 452 5759 τὰ
476 5707 686 5761 ἑαυτῶν
711 5710 1056 5781 οίπροφῆται
1086 5717 1471 5785 προετίθεσαν,
1504 5722 1646 5775 ἀλλὰ
1674 5726 1741 5778 τὰ
1766 5727 1861 5778 τοῦ

249 5799 385 5853 Θεοῦ
416 5801 780 5872 ὑπηγόρευον,
806 5803 885 5856 διὸ
918 5806 1009 5857 καὶ
1042 5806 1248 5876 ἔλεγον,
1278 5808 1416 5865 Τάδε
1452 5814 1597 5881 λέγει
1634 5818 1858 5886 Κύριος.

254 5893 467 5948 υῧκυυν
495 5898 693 5967 ﬁgam;
728 5900 835 5964 τοῖς
874 5897 1151 5969 Ἰουδαίοις
1192 5906 1269 5969 είς
1297 5907 1583 5965 δικαίωσιν
1618 5914 1645 5983 ἠ
1681 5916 1745 5966 ’κ’
1784 5918 1857 5968 αἱ·

1980 4700 2111 4754 dicit
2140 4716 2153 4752 :
2186 4699 2543 4754 Comcdimus
2570 4708 2623 4751 et
2650 4699 2896 4754 bibimus
2917 4712 3105 4751 coram
3136 4707 3205 4761 te,
3235 4697 3371 4752 etin
3400 4696 3595 4766 plateis

1976 4792 2181 4845 nostris
2220 4788 2457 4844 docuisti
2500 4788 2863 4858 :simpliciter
2898 4791 3121 4859 quidem
3176 4788 3242 4842 ad
3303 4787 3591 4843 lsraelitas

1978 4883 2201 4937 dicitur.
2283 4882 2503 4937 Etenim
2561 4882 2830 4937 Dominus
2880 4898 2945 4936 ex
3001 4880 3169 4952 390
3228 4882 3361 4950 ipsis
3432 4892 3594 4935 natus

1976 4988 2063 5032 est
2087 4978 2387 5032 secundum
2422 4992 2670 5043 carnem,
2705 4988 2760 5032 et
2795 4992 2921 5032 cum
2952 4978 3033 5032 eis
3067 4977 3310 5032 comedit
3334 4990 3399 5030 ac
3432 4976 3593 5033 bibit.

1975 5070 2040 5123 Et
2073 5081 2253 5141 potest
2284 5071 2450 5126 etiam
2477 5072 2771 5125 sublimius
2801 5071 3025 5140 intelligi
3056 5087 3069 5124 :
3100 5070 3295 5125 Coram
3318 5078 3370 5124 te
3405 5086 3594 5125 come-

1976 5167 2154 5220 dimus
2182 5176 2235 5220 et
2272 5166 2537 5219 bibimus.
2591 5164 2847 5234 chalem
2881 5165 3027 5219 enim
3086 5163 3437 5233 perlicienles
3478 5149 3596 5217 cul-

1982 5270 2119 5322 tum,
2153 5268 2208 5313 et
2236 5258 2533 5312 ollerentes
2570 5259 2679 5312 Deo
2716 5267 2945 5312 cruenta
3004 5258 3300 5322 sacrilicia,
3333 5260 3593 5313 comede—

1977 5360 2104 5403 runt
2138 5359 2189 5403 et
2220 5350 2384 5404 laetati
2417 5362 2547 5404 sunt
2580 5370 2592 5405 :
2626 5350 2924 5405 audierunt
2946 5361 3126 5403 autem
3148 5350 3364 5404 divinos
3424 5350 3593 5403 libros

1973 5443 2025 5497 in
2074 5444 2644 5514 synagogis.0mnino
2673 5447 2817 5498 enim
2860 5454 2913 5498 et
2936 5460 3031 5514 per
3067 5446 3365 5513 prophetas
3403 5444 3590 5498 Domi-

1974 5554 2073 5591 nus
2097 5540 2303 5592 docuit.
2331 5537 2518 5607 Neque
2537 5540 2684 5592 enim
2718 5540 3003 5610 prophetae
3036 5555 3137 5594 sua
3162 5540 3409 5609 ipsorum
3437 5540 3587 5594 dicta

1972 5632 2350 5702 proferebant,
2385 5634 2479 5687 sed
2532 5632 2717 5686 divina
2785 5633 3162 5703 praedicabant
3204 5652 3217 5688 :
3253 5644 3589 5703 Quapropter

1970 5725 2331 5780 etdiccbant:
2364 5726 2488 5780 [hoc
2522 5726 2657 5779 dicit
2684 5727 2969 5782 Dominus.
3002 5725 3120 5781 Non
3158 5726 3325 5796 igitur
3350 5723 3586 5779 suﬁicic-

1970 5821 2060 5873 hat
2103 5818 2309 5873 Judaais
2326 5822 2390 5873 ad
2417 5820 2871 5887 justilicationcm
2906 5822 3085 5876 cultus
3116 5823 3204 5877 ille
3236 5836 3330 5891 per
3357 5822 3583 5889 sangui-

1972 5918 2051 5970 nis
2102 5913 2445 5982 cﬂ‘uzicncm,
2498 5932 2605 5972 nou
2648 5919 2940 5975 acccdcntc
2998 5919 3125 5984 lidc,
3158 5932 3279 5989 qua:
3316 5915 3581 5988 justiticat
