4030 6454
495 335 602 400 923

1381 329 1970 394 THEOPHYLACTI
2015 329 2429 391 BULGARLE
2469 327 2824 388 ARCHIEP.

3615 292 3783 382 ἐει

493 442 743 516 impium.
778 443 842 499 Et
889 425 1267 510 meisiqnoque
1304 440 1632 498 Christianis
1679 440 1920 509 quidem,
1954 442 2077 494 vita:

2201 441 2375 492 Mier
2434 437 2686 508 λατρεία,
2722 437 2798 507 μὴ
2839 429 3285 507 προσηκαμένοις
3331 428 3430 502 τὴν
3467 428 3658 483 πίστιν
3683 427 3786 502 τὴν

495 546 676 592 autem
700 535 994 597 dissoluue,
1027 534 1142 588 haec
1163 542 1492 604 congruunt.
1519 527 1599 586 Ᾱιι
1630 546 1734 585 non
1768 542 1822 586 et
1846 522 2073 584 mandu-

496 643 680 683 camus
713 642 908 696 corpus
938 627 1201 692 divinum,
1231 634 1285 680 et
1315 626 1548 679 bibimus
1610 625 1930 696 sanguinem
1985 623 2076 678 Dei

496 736 682 774 coram
713 734 801 786 eo,
843 719 1085 787 quOtidie
1107 718 1173 772 ad
1199 718 1477 788 mysticam
1507 733 1753 772 mensam
1810 717 2079 770 acceden-

499 824 604 874 tes,
639 820 696 866 et
725 812 879 867 docet
921 812 971 864 in
1033 811 1154 863 latis
1199 810 1485 863 animabus
1544 810 1747 863 nostris
1789 808 2080 862 Dominus?

495 904 658 968 Atqui
694 903 832 956 nulla
858 904 979 956 inde
1010 901 1240 964 utilitas,
1269 903 1310 955 si
1335 901 1608 955 auditores
1638 901 1830 954 divina:
1856 901 2076 968 quident

499 995 629 1065 legis
658 995 870 1056 ﬁamus,
913 1005 968 1047 et
989 1008 1112 1060 \nOn
1144 993 1380 1047 factores
1411 1009 1426 1046 :
1468 993 1579 1047 imo
1610 1001 1797 1045 contra
1831 992 1896 1044 ad
1960 1005 2076 1042 ma-

493 1088 667 1156 jnrem
719 1095 1112 1140 tormentorum
1165 1085 1509 1139 occasionem
1578 1082 1850 1136 audivisse
1905 1081 2078 1143 cedet,

505 1179 646 1230 sicut
679 1186 732 1232 et
762 1175 1590 1231 divinarum.sanctiﬁcationum
1628 1175 1864 1240 sumptio
1902 1178 1967 1225 ad
1996 1173 2080 1242 ju-

497 1268 720 1320 dicium.
758 1265 993 1321 O‘oSo-rVa
1034 1267 1176 1331 quod
1210 1266 1394 1333 reiecti
1433 1277 1560 1319 sunt
1591 1264 1687 1331 illi,
1723 1265 1953 1332 quorum
2027 1267 2077 1316 in

499 1359 691 1428 plateis
715 1360 878 1414 docet.
900 1358 1157 1412 Dominus
1198 1378 1212 1412 :
1241 1373 1427 1412 verum
1445 1358 1488 1412 si
1520 1359 1692 1425 ipsum
1731 1357 2080 1412 habuerimus

498 1451 803 1514 docentem,
839 1465 942 1502 non
974 1451 1024 1502 in
1079 1450 1290 1514 plateis,
1333 1452 1427 1503 sed
1479 1450 1531 1502 in
1565 1451 1806 1520 angustis
1854 1461 1908 1503 et
1940 1452 2082 1503 tritis

497 1552 553 1595 et
581 1543 918 1612 compunctis
967 1543 1243 1604 cordibus,
1288 1557 1391 1597 non
1451 1543 1657 1595 erimus
1713 1542 1923 1610 rejerti.
1963 1539 2079 1594 Jam

500 1635 601 1688 hoc
636 1637 776 1703 quod
835 1635 1033 1703 inquit,
1069 1635 1179 1690 lllic
1207 1636 1310 1689 erit
1347 1637 1609 1703 ploratus.
1661 1637 1879 1704 quando
1936 1635 2084 1688 vide-

501 1726 627 1780 bitis
657 1727 950 1794 Abraham,
989 1740 1038 1782 et
1061 1728 1226 1792 Isaac,
1257 1738 1308 1781 ot
1339 1725 1528 1791 Jacob,
1590 1729 1842 1796 congruit
1867 1727 2080 1796 quidem

2187 531 2503 587 δικαιοῦσαν
2535 531 2626 584 τὸν
2653 529 2844 598 ἀσεϐῆ.
2879 528 2988 581 Καὶ
3018 529 3132 589 τοῖς
3158 526 3279 578 κατ’
3305 522 3405 596 ἐμὲ
3423 521 3484 577 δὲ
3511 522 3787 592 Χριστια-

2187 629 2298 689 νοῖς
2323 625 2441 694 μὲν,
2476 623 2707 692 ἀμελέσι
2729 621 2784 674 δὲ
2810 621 2907 690 τὴν
2935 619 3104 689 ζωὴν,
3137 617 3434 688 ἀρμόσειεν
3465 614 3536 670 ἂν
3565 613 3783 669 ταῦτα*

2188 719 2220 789 ἦ
2247 716 2368 786 οὐχὶ
2404 717 2498 769 καὶ
2530 717 2692 786 ἡμεῖς
2724 712 3012 784 τρώγομεν
3039 710 3099 763 τὸ
3125 711 3264 762 θεῖον
3294 707 3453 778 σῶμα
3478 747 3495 772 ,
3547 707 3647 761 καὶ
3694 706 3788 761 πί-

2193 826 2360 879 νομεν
2398 808 2460 860 τὸ
2498 802 2640 877 αἷμα
2698 805 2793 858 τοῦ
2837 803 2974 857 Θεοῦ
3024 805 3253 856 ἐνώπιον
3289 799 3456 854 αὐτοῦ
3487 799 3615 854 καθ’
3651 801 3787 855 ἑκά-

2192 919 2332 971 στην
2363 903 2427 970 τῇ
2473 901 2710 969 μυστικῇ
2743 896 2989 968 τραπέζῃ
3017 895 3369 965 προσιόντες,
3406 895 3506 947 καὶ
3532 892 3786 946 διδάσκει

2187 997 2248 1047 ὲν
2270 997 2386 1056 ταῖς
2433 992 2712 1054 πλατείαις
2747 991 2947 1060 ψυχαῖς
2977 990 3132 1060 ἡμῶν
3165 991 3192 1041 ὁ
3229 987 3470 1061 Κύριοςς
3522 987 3665 1040 Ἀλλ’
3693 987 3788 1040 ob-

2187 1087 2276 1138 δὲν
2299 1086 2508 1154 ὄφελος,
2538 1088 2585 1138 εἰ
2639 1087 2908 1154 ἀκροαταὶ
2954 1083 3045 1135 τοῦ
3092 1081 3237 1134 θείου
3267 1082 3435 1152 νόμου
3491 1081 3786 1151 γινόμεθα,

2191 1178 2281 1229 καῖ
2317 1178 2376 1229 οὗ
2421 1174 2678 1245 ποιηταί·
2712 1172 3024 1228 τούναντίον
3060 1171 3158 1240 μὲν
3184 1169 3276 1222 οῦν
3311 1169 3515 1239 μᾶλλον
3552 1169 3633 1228 εἰς
3664 1184 3785 1236 μει-

2189 1269 2360 1330 ξὸνων
2388 1267 2637 1338 βασάνων
2660 1266 2919 1318 ὑπόθεσιν
2941 1265 3075 1333 ἡμῖν
3097 1263 3128 1328 ή
3163 1260 3447 1330 ἀκρόασις,
3469 1258 3661 1327 ὥσπερ
3693 1257 3791 1310 καὶ

2191 1363 2223 1424 ἡ
2246 1361 2355 1412 τῶν
2396 1361 2556 1413 θείων
2602 1359 2959 1427 ἀγιασμάτων
3007 1354 3309 1424 μετάληψις
3337 1354 3418 1415 εἱς
3444 1355 3619 1421 κρῖμα
3649 1349 3789 1402 καθ-

2193 1453 2427 1508 ίσταται.
2467 1453 2866 1522 Παρατήρησον
2920 1450 2976 1502 δὲ
3000 1452 3080 1503 ὅτι
3109 1447 3410 1514 ἁπόϐλητοί
3466 1447 3608 1497 εἰσιν
3643 1437 3790 1495 ἐκεῖ·

2191 1564 2292 1607 νει,
2324 1538 2397 1598 ὧν
2434 1546 2489 1596 ἐν
2521 1547 2640 1605 ταῖς
2675 1543 2960 1605 πλατείαις
2987 1541 3225 1593 διδάσκει
3255 1542 3282 1592 ὁ
3318 1538 3522 1606 Κύριος
3547 1553 3558 1567 ·
3589 1535 3665 1597 ὡς
3693 1536 3790 1587 sev

2193 1654 2255 1704 γε
2287 1636 2604 1700 διδάσκοντα
2626 1635 2792 1687 αὐτὸν
2813 1634 3025 1704 ἔχωμεν
3045 1634 3144 1684 οὐκ
3175 1633 3231 1684 ἐν
3258 1629 3564 1694 πλατείαις,
3590 1628 3706 1681 ἀλλ’
3730 1633 3792 1681 ἐν

2195 1733 2412 1792 στεναῖς
2445 1731 2538 1783 καὶ
2571 1728 2964 1799 τεθλιμμέναις
2997 1730 3092 1780 καὶ
3124 1725 3631 1794 κατανενυγμέναις
3653 1741 3789 1793 καρ-

510 1830 564 1871 et
623 1817 877 1873 lsraelitis
917 1821 1113 1888 quibus
1167 1821 1266 1873 ista
1302 1819 1535 1882 dicebat,
1561 1828 1614 1874 et
1661 1820 1745 1873 his
1777 1821 1869 1896 qui
1929 1819 2087 1871 hodie

2201 1826 2350 1886 Ξίαις,
2397 1825 2495 1880 οὐκ
2542 1822 2840 1893 ἀπόϐλητοι
2872 1822 3129 1891 ἐσόμεθα.
3160 1823 3232 1874 Τὸ
3258 1821 3314 1873 δὲ
3365 1821 3512 1872 Ἐκεῖ
3551 1819 3704 1872 ἔσται
3759 1819 3790 1870 ὁ

500 1926 622 1966 sunt
672 1915 955 1968 increduli.
984 1912 1152 1968 Judtci
1187 1930 1316 1968 sane
1351 1925 1498 1968 tanto
1556 1915 1726 1985 magis
1751 1913 2078 1982 torqueban-

502 2017 587 2060 tur
607 2007 872 2061 audiendo
904 2009 1037 2062 alios
1071 2025 1134 2062 ex
1161 2009 1412 2077 gentibus
1457 2008 1816 2077 requiescere,
1849 2016 1898 2060 et
1930 2008 2085 2075 quie-

501 2110 604 2153 tem
639 2099 917 2154 habituros
946 2099 1372 2154 cuutsAbcaham
1405 2111 1456 2153 et
1488 2101 1751 2170 patrihus,
1808 2115 1866 2156 se
1898 2111 2080 2152 autem

499 2192 862 2261 expellendos.
900 2192 1141 2247 Pertinet
1166 2194 1296 2246 item
1329 2205 1383 2247 et
1407 2200 1472 2247 ad
1501 2210 1618 2256 nos,
1656 2195 1744 2262 qui
1798 2209 1906 2248 neu
1952 2196 2084 2247 bene

499 2298 790 2353 operamnr
814 2299 935 2338 cum
975 2285 1078 2340 lide
1110 2304 1120 2338 :
1165 2295 1218 2340 et
1250 2301 1348 2340 nos
1386 2288 1601 2354 quidem
1636 2287 1686 2340 in
1726 2288 1838 2354 lege
1870 2286 2077 2341 Christi

500 2374 1002 2443 gloriamur,qnam
1037 2391 1157 2431 mox
1193 2389 1376 2444 postea
1428 2378 1857 2444 transgredimur
1894 2389 1948 2431 et
1997 2393 2081 2430 re-

500 2466 811 2535 probamus.
837 2466 1000 2520 Primi
1035 2469 1248 2536 quidem
1271 2483 1391 2522 esse
1419 2469 1683 2532 videmur,
1715 2480 1900 2536 utpote
1933 2485 1958 2522 a
1985 2485 2081 2524 cu-

501 2559 711 2613 nabulis
756 2560 1100 2626 instructi,et
1127 2575 1322 2616 nomen
1377 2560 1579 2614 Christi
1611 2559 1856 2615 ierentes
1912 2581 1922 2614 :
1982 2578 2082 2631 po-

499 2651 688 2705 s'remi
715 2663 893 2706 autem
916 2654 1142 2716 erimus,
1166 2654 1401 2721 praelatis
1424 2655 1713 2723 gentilibus
1737 2655 2081 2723 quibusdam,

502 2744 595 2809 qui
627 2745 678 2797 in
713 2745 816 2799 line
849 2746 968 2799 vitae
995 2761 1105 2799 sum
1128 2747 1378 2810 credunt,
1407 2755 1458 2801 et
1496 2746 1606 2801 Deo
1640 2745 1918 2816 placentes
1954 2763 2080 2816 par-

506 2851 630 2888 vum
667 2836 790 2890 vita:
822 2845 1033 2903 tempus
1057 2848 1248 2906 agunt.

2195 1918 2494 1986 κλαυθμὸς,
2522 1918 2651 1970 ὅταν
2684 1914 2892 1985 ὄψησθε
2911 1916 3186 1986 Ἀϐραὰμ,
3215 1916 3308 1968 καὶ
3353 1915 3542 1968 Ἰσαὰκ
3568 1918 3663 1967 καὶ
3682 1916 3789 1966 Ἰα-

2193 2009 2330 2073 κὼϐ,
2374 2010 2601 2078 ἁρμόζει
2653 2008 2752 2078 μὲν
2805 2010 2896 2060 καὶ
2933 2010 3047 2070 τοῖς
3097 2006 3484 2075 Ἰσραηλίταις,
3525 2007 3665 2076 πρὸς
3696 2007 3788 2068 οῦς

2192 2102 2364 2154 ταῦτα
2397 2100 2689 2164 διελέγετο,
2726 2101 2819 2152 καὶ
2853 2099 2930 2152 ἔτι
2949 2101 3058 2160 τοῖς
3080 2098 3220 2149 κατά
3254 2097 3482 2166 καιροὺς
3507 2098 3784 2159 ἀπίστοις.

2192 2193 2254 2247 Oi
2286 2193 2393 2263 γὰρ
2439 2191 2680 2246 Ἰουδαῖοι
2727 2189 2903 2256 τούτῳ
2941 2188 3177 2260 μάλιστα
3209 2187 3493 2243 ὲδάκνοντο
3519 2187 3596 2259 τῷ
3622 2188 3788 2243 ὁκοί-

2195 2307 2300 2349 ειν,
2331 2290 2410 2341 ὅτι
2445 2288 2595 2342 ἄλλοι
2630 2287 2727 2356 μὲν
2758 2288 2804 2339 οἱ
2843 2285 2902 2350 ἐξ
2965 2285 3133 2338 ἐθνῶν
3190 2284 3604 2338 ἀναπαύσονται
3647 2284 3787 2353 μετά

2204 2379 2460 2446 ’Δϐραάμ
2488 2379 2581 2430 καὶ
2628 2377 2735 2429 τῶν
2767 2379 3046 2447 πατέρων,
3079 2379 3234 2430 αὐτοὶ
3278 2376 3335 2429 δὲ
3366 2375 3735 2445 ἐξωθήσονται
3769 2393 3782 2406 ·

2194 2471 2428 2539 ἁρμόζει
2454 2471 2506 2523 δὲ
2541 2472 2634 2521 καὶ
2683 2472 2817 2538 ἡμῖν
2874 2475 2986 2530 τοῖς
3037 2470 3112 2538 μὴ
3158 2468 3433 2522 ἀκόλουθα
3476 2471 3542 2538 τῇ
3604 2469 3787 2521 πίστει

2192 2561 2495 2631 πράττουσι
2528 2578 2538 2588 ”
2574 2564 2669 2614 καὶ
2703 2562 2865 2631 ἡμεῖς
2895 2561 3006 2632 γὰρ
3046 2563 3104 2613 ὲν
3130 2560 3211 2631 τῷ
3245 2561 3396 2631 νόμῳ
3425 2560 3520 2614 τοῦ
3552 2561 3788 2629 Χριστοῦ

2199 2654 2570 2723 καυχώμενοι,
2594 2650 2713 2706 εἶτα
2738 2654 2824 2706 διὰ
2855 2653 2951 2722 τῆς
2990 2653 3355 2724 παραϐάσεως
3402 2653 3595 2706 τούτου
3661 2653 3788 2706 ἀθε-

2190 2746 2406 2810 τοῦντες
2432 2747 2615 2810 αὑτὶν,
2650 2746 2858 2817 πρῶτοι
2894 2746 2991 2815 μὲν
3012 2745 3087 2815 τῷ
3117 2746 3294 2798 δοκεῖν
3322 2747 3512 2813 ἐσμεν,
3545 2743 3620 2806 ῶς
3657 2760 3792 2797 κατ-

2191 2840 2489 2909 ηχηθέντες
2531 2843 2594 2892 ἐκ
2627 2838 2962 2909 σπαργάνων
3010 2837 3190 2891 αὐτῶν
3231 2838 3323 2889 τὸν
3369 2836 3530 2905 λόγον
3577 2837 3792 2889 καὶτὸν

502 2928 740 3003 Χριστὸν
797 2930 1154 2999 φορέσαντες,
1188 2928 1408 3000 ἔσχατοι
1451 2930 1508 2983 δὲ
1565 2931 1806 3000 ἐσόμεθα
1851 2929 2082 2984 ἐθνικῶν
2123 2931 2288 3000 τυχὸν
2324 2933 2801 3003 προτιμηθέντων,
2865 2933 2974 2986 τῶν
3011 2936 3148 3004 πρὸς
3173 2932 3248 3003 τῷ
3295 2931 3444 2986 τέλει
3504 2929 3599 2984 τοῦ
3669 2929 3787 3001 βίου

501 3021 928 3084 πιστευσάντων,
961 3022 1054 3075 καὶ
1086 3023 1332 3093 ἀρεστῶς
1354 3025 1430 3094 τῷ
1455 3025 1574 3095 Θεῷ
1603 3024 1972 3094 διαγαγόντων
1997 3024 2089 3078 τὸν
2129 3025 2311 3094 ὀλίγον
2334 3026 2434 3096 τῆς
2466 3027 2611 3096 ζωῆς
2641 3027 2852 3097 χρόνον.

570 3117 733 3172 Vens.
769 3113 958 3173 31-35.
1015 3133 1032 3164 ι
1070 3113 1267 3169 Eodem
1307 3120 1391 3172 die
1456 3128 1805 3173 accesserunt
1862 3118 2078 3188 quidam
2112 3127 2157 3183 ο

503 3200 1168 3266 Pharisaeorumdicentes
1197 3210 1269 3262 illi
1305 3228 1316 3262 :
1360 3210 1476 3272 lix},
1509 3222 1564 3264 et
1595 3211 1730 3264 vade
1763 3211 1886 3265 hinc
1927 3230 1938 3265 :
1966 3212 2090 3277 quia

505 3303 746 3357 Herodes
780 3306 894 3357 vult
933 3315 981 3359 te
1010 3301 1280 3359 occidere.
1319 3302 1379 3354 Et
1413 3303 1485 3355 ait
1515 3303 1662 3357 illis:
1697 3304 1792 3368 Ite,
1827 3314 1880 3357 et
1929 3304 2096 3358 dicite

502 3396 643 3465 vulpi
670 3397 820 3449 huic:
858 3396 995 3450 Ecce
1016 3398 1174 3466 ejicio
1196 3395 1477 3457 dcctnonia,
1505 3405 1555 3448 et
1585 3396 1848 3449 sanitates
1878 3395 2101 3462 perﬁcio

503 3489 679 3550 hodie,
705 3499 908 3549 etcras,
931 3497 984 3541 et
1012 3489 1165 3542 tertia
1198 3490 1285 3543 die
1312 3502 1676 3542 consummor.
1702 3487 2086 3557 Verumtamen

499 3591 708 3650 oportet
760 3598 844 3637 me
891 3583 1049 3637 hodie
1083 3593 1136 3635 et
1171 3598 1293 3635 cras
1321 3590 1370 3636 et
1405 3581 1650 3648 proximo
1677 3581 1762 3633 die
1808 3579 2098 3647 proﬁcisci,

502 3675 627 3741 quia
661 3674 771 3726 ﬂeti
796 3689 899 3725 non
946 3682 1121 3741 potest
1163 3683 1218 3725 ttt
1249 3673 1507 3740 prepheta
1546 3683 1730 3736 pereat
1756 3682 1906 3723 extra
1941 3669 2101 3724 Jeru-

504 3762 688 3816 salem.
732 3781 749 3812 ι
791 3763 990 3816 Invidia
1013 3763 1360 3817 tabescebant
1379 3762 1648 3818 maledicti
1669 3761 1836 3815 Judzci
1857 3773 1909 3812 et
1926 3761 2102 3816 Domi-

504 3870 634 3906 num
671 3863 878 3922 terrere
909 3855 1172 3920 nituntur,
1208 3863 1260 3906 et
1297 3854 1591 3908 minantem
1611 3855 1658 3908 ei
1697 3851 1904 3907 t‘aciunt
1935 3852 2103 3907 llero-

501 3945 622 4000 dem
664 3961 675 3997 :
709 3945 1120 4000 nolebantenim
1147 3961 1268 3999 eum
1303 3947 1496 3999 videre
1526 3944 1814 3999 facientem
1843 3946 2103 3999 miracula

504 4053 571 4090 ne
629 4039 975 4091 multitudine
1003 4039 1388 4092 miraculorum
1427 4038 1610 4090 turbas
1640 4038 1742 4091 sibi
1767 4038 2080 4092 conciliaret

498 4139 558 4180 et
607 4128 805 4183 virtute
858 4130 1008 4182 verbi
1066 4131 1128 4182 ad
1167 4144 1226 4183 se
1273 4117 1533 4182 alliceret.
1592 4128 1902 4183 l‘raztexunt
1942 4106 2105 4204 ἱείιιιέ

517 4219 810 4286 Herodem,
834 4232 886 4276 et
923 4222 1243 4287 ﬁnguntsibi
1266 4221 1568 4277 Sa'lvatoris
1595 4237 1778 4277 curam
1808 4238 1948 4279 esse.
1988 4223 2108 4292 lpse

500 4313 660 4386 391
727 4326 906 4370 autem
940 4317 1102 4370 corda
1152 4317 1364 4370 illorum
1421 4316 1638 4381 sciens,
1699 4326 1978 4370 mansuete
2041 4324 2099 4369 et

503 4407 821 4462 adumbrate
859 4424 954 4476 pro
980 4424 1128 4462 more
1167 4424 1263 4462 suo
1291 4407 1371 4462 eis
1396 4409 1686 4476 respOndet
1713 4427 1725 4462 :
1758 4407 1926 4464 Dicite
1953 4410 2098 4479 vulpi

2272 3139 2289 3170 ι
2340 3120 2427 3172 Ἐν
2477 3121 2616 3190 αὐτῇ
2659 3121 2724 3190 τῇ
2763 3120 2943 3189 ἡμέρα
2975 3115 3284 3186 προσῆλθόν
3325 3132 3467 3178 τινες
3507 3115 3795 3182 Φαρισαῖοι

2209 3212 2462 3279 λέγοντες
2517 3210 2664 3281 αὺτῷ
2693 3227 2704 3239 '
2743 3210 2989 3275 Ἔξελθε,
3019 3209 3112 3262 καὶ
3137 3208 3372 3277 πορεύου
3404 3206 3684 3266 ἐντεῦθεν,
3713 3207 3794 3258 ὅτι

2219 3302 2465 3373 Ἡρώδης
2497 3303 2640 3357 θέλει
2701 3321 2760 3356 σε
2820 3305 3161 3357 ἀποκτεῖναι.
3195 3295 3503 3367 Καὶξεῖπεν
3555 3300 3743 3356 αὐτοῖς
3776 3315 3789 3328 ·

2206 3395 2570 3463 Πορευθέντες
2600 3397 2789 3448 shuts
2814 3396 2885 3464 τῇ
2908 3395 3160 3448 ἀλώπεκι
3178 3393 3371 3465 ταύτῃ,
3392 3391 3522 3446 Ἰδοὺ
3548 3392 3797 3445 ἐκϐάλλω

2203 3486 2474 3555 δαιμόνια,
2515 3486 2608 3540 καὶ
2659 3486 2830 3547 ἰάσεις
2863 3482 3101 3537 ὲπιτελῶ
3134 3485 3371 3552 σήμερον
3430 3483 3524 3535 καὶ
3577 3479 3792 3551 αὔριον,

2207 3563 2301 3631 καὶ
2333 3582 2397 3649 τῇ
2426 3580 2585 3650 τρίτῃ
2611 3578 2945 3650 τελειοῦμαι.
2986 3575 3134 3650 Πλὴν
3163 3577 3243 3630 δξῖ
3292 3593 3360 3648 με
3421 3576 3666 3646 σήμερον
3697 3576 3792 3628 καὶ

2207 3672 2394 3742 αῦριον
2420 3673 2514 3726 καὶ
2531 3676 2596 3743 τῇ
2622 3673 2858 3742 ἐχομένῃ
2892 3671 3246 3741 πορεύεσθαι,
3279 3673 3357 3723 ὅτι
3388 3671 3489 3723 οὐκ
3515 3669 3792 3739 ἐνδέχεται

2210 3765 2495 3836 προφήτην
2519 3763 2810 3817 ἀπολέσθαι
2839 3764 2945 3828 ἔξω
2981 3761 3358 3833 Ἰερουσαλήμ.
3395 3781 3412 3814 ι
3451 3762 3637 3831 Φθόνῳ
3683 3761 3797 3812 δια-

2208 3857 2500 3927 τηκόμεναι
2525 3857 2570 3908 οἱ
2600 3857 2899 3924 κατάρατοι
2921 3857 3207 3925 Φαρισαῖοι
3249 3853 3508 3921 ἐκφοϐεῖν
3561 3852 3797 3923 πειρῶν-

2209 3967 2298 4003 ται
2325 3950 2415 4002 τὸν
2442 3948 2648 4019 Κύριον
2673 3949 2767 4000 καὶ
2790 3948 2883 4001 τὸν
2923 3947 3169 4018 Ἡρώδην
3198 3945 3589 3999 ὲπαπειλοῦσιν
3610 3944 3760 4015 αὐτῷ
3781 3959 3793 3972 ·

2209 4041 2268 4091 οὐ
2305 4040 2413 4108 γάρ
2444 4040 2634 4109 ἤθελον
2654 4039 2817 4092 αὑτὸν
2842 4040 2976 4109 όρᾷν
3008 4037 3557 4107 θαυματουργοῦντα.
3588 4037 3676 4091 ενα
3725 4036 3797 4108 μὴ

2208 4129 2283 4200 τῷ
2318 4131 2516 4199 πλήθει
2543 4131 2650 4184 τῶν
2682 4129 2926 4200 σημείων
2962 4130 3266 4199 ἐφέλκηται
3292 4130 3420 4193 τοὺς
3447 4129 3663 4200 ὄχλους,
3703 4131 3796 4182 καὶ

2208 4225 2272 4292 τῇ
2327 4222 2422 4275 τοῦ
2471 4223 2633 4289 λόγου
2696 4223 2929 4290 δυνάμει
2987 4222 3262 4276 διδάσκων
3303 4222 3613 4291 ἐπιστρέφῃ
3666 4222 3799 4291 πρὸς

2212 4311 2891 4381 ὲκυτόν.11ροφασίζονται
2940 4306 3034 4364 οῦν
3105 4310 3197 4362 τὸν
3245 4310 3514 4382 Ἡρώδην.
3554 4313 3651 4364 καὶ
3701 4315 3800 4381 κή-

2211 4405 2395 4457 δεσθαι
2460 4404 2551 4457 τοῦ
2607 4405 2863 4474 Σωτῆρος
2925 4403 3374 4475 σχηματίζονται.
3445 4405 3686 4468 Ἐκεῖνος
3748 4405 3799 4458 δὲ

509 4500 650 4554 huic.
686 4499 750 4552 Et
779 4502 987 4555 videtur
1009 4503 1222 4569 quidem
1254 4501 1517 4556 Ilerodem
1549 4502 1819 4570 appellare
1849 4503 2084 4571 vulpem,

2201 4494 2355 4558 ei5tbg
2381 4495 2480 4557 τὰς
2510 4495 2740 4564 καρδίας
2787 4493 2988 4560 αὐτῶν,
3043 4495 3233 4564 πράως
3277 4511 3337 4546 τε
3371 4497 3466 4548 καὶ
3509 4513 3800 4549 συνεσκιαο

510 4595 603 4647 sed
657 4592 960 4646 Pharisatus
999 4602 1167 4656 uetat,
1201 4595 1244 4645 si
1270 4595 1390 4662 quis
1431 4595 1721 4662 diligenter
1756 4599 2084 4651 consideret.

509 4686 624 4740 Non
657 4687 800 4739 enim
835 4687 992 4749 dixit,
1031 4687 1173 4754 \‘Ulpi
1203 4687 1300 4750 illi,
1345 4690 1440 4742 sed
1476 4689 1621 4752 huic,
1655 4691 1829 4743 media
1861 4691 2088 4757 quadam

508 4793 642 4834 voce
678 4795 827 4842 usus,
867 4779 1027 4847 idque
1081 4779 1238 4834 scite.
1276 4779 1551 4848 Singulari
1589 4795 1813 4834 numero
1863 4782 2092 4835 dicendo

509 4872 747 4941 vulpem,
795 4871 1060 4926 Herodem
1095 4872 1212 4925 illos
1238 4874 1505 4940 su5picari
1545 4871 1672 4925 fecit
1701 4891 1711 4925 :
1748 4872 1976 4926 dicendo
2001 4888 2092 4924 au-

509 4974 638 5030 tem,
688 4964 828 5026 huic,
884 4956 1023 5032 quod
1086 4975 1170 5017 est
1235 4979 1531 5031 pronomen
1588 4964 2093 5029 demonstrativum,

511 5055 809 5108 in~innavit
840 5056 974 5108 istos
1014 5054 1159 5123 ipsos
1192 5070 1312 5108 esse
1346 5055 1561 5108 dolosos
1591 5055 1730 5108 illos.
1760 5053 1821 5107 Et
1857 5053 2098 5119 profecto

515 5145 766 5200 Pharismi
806 5163 912 5216 prac
943 5163 1000 5201 sc
1053 5147 1297 5200 ferebant
1350 5148 1615 5215 malignos
1669 5145 2096 5213 rcrsipcllosque

516 5237 749 5306 vulpium
785 5254 980 5292 mures.
1019 5239 1149 5292 Vide
1180 5250 1381 5300 autem,
1433 5256 1550 5299 orn,
1582 5238 1852 5307 quomodo
1881 5237 2100 5290 malitia:

512 5343 699 5382 eorum
737 5330 1068 5395 reSpondeat.
1091 5330 1227 5395 Quia
1254 5331 1395 5382 enim
1416 5330 1711 5398 illipropzcr
1736 5332 1998 5383 sanitates
2020 5328 2108 5380 in-

512 5420 786 5484 videbant,
820 5429 873 5474 et
897 5421 1226 5476 incutiebant
1252 5422 1300 5478 ci
1327 5432 1521 5475 metum
1549 5438 1613 5477 ex
1639 5422 1869 5486 llerode,
1899 5422 2102 5476 idcirco

518 5513 635 5583 ipse
661 5515 709 5567 id
736 5517 876 5581 quod
909 5513 1118 5569 sciebat
1142 5514 1244 5571 illis
1273 5516 1618 5584 potissimum
1668 5516 1877 5580 dolere,
1926 5515 2052 5570 dicit
2087 5531 2098 5566 :

522 5605 663 5658 Ecce
701 5606 845 5658 enim
871 5620 994 5674 ego,
1030 5606 1225 5674 inquit,
1258 5608 1518 5662 sanitates
1540 5607 1780 5677 perﬁcio,
1816 5619 1872 5662 et
1902 5610 2104 5661 daemo-

526 5694 612 5748 nia
665 5695 842 5762 ejicio.
885 5693 1042 5762 Nam,
1099 5699 1242 5750 sicut
1288 5699 1604 5767 prmdictutn
1663 5706 1770 5764 cst,
1817 5708 2101 5769 propterea

529 5786 934 5844 insectabantur
966 5802 1110 5854 eum,
1151 5799 1205 5844 ut
1235 5803 1300 5845 nc
1334 5789 1612 5849 miraculi:
1646 5790 1878 5848 υδιυηδίε
1904 5789 2104 5845 multos

2199 4587 2431 4656 σμένως,
2459 4587 2532 4648 ώς
2571 4587 2692 4650 ἔθος
2719 4587 2890 4655 αὐτῷ,
2928 4587 3286 4658 ἀποκρίνεται
3323 4590 3506 4650 αὐτοῖς
3529 4631 3544 4653 ,
3579 4590 3670 4642 καί
3699 4605 3799 4658 φη-

2200 4699 2303 4742 σιν,
2338 4681 2540 4732 Εἴπατε
2577 4682 2642 4748 τῇ
2678 4680 2924 4732 ἀλώπεκι
2961 4680 3169 4754 ταύτῃ
3209 4682 3304 4734 καὶ
3344 4681 3495 4735 δοκεῖ
3526 4679 3628 4750 μὲν
3655 4680 3798 4734 ἀλώ-

2202 4790 2345 4824 πεκα
2378 4771 2467 4824 τὸν
2511 4773 2760 4842 Ἡρώδην
2813 4771 3126 4841 ὀνομάζειν,
3176 4775 3303 4836 τοὺς
3358 4760 3697 4844 Φαρισαίους
3745 4773 3800 4825 δὲ

2206 4865 2424 4933 μᾶλλον,
2458 4863 2621 4927 εἴτις
2679 4864 2926 4933 ἀκριϐῶς
2990 4864 3264 4936 σκοποίη..
3291 4866 3366 4918 Οὐ
3407 4867 3517 4936 γάρ
3549 4863 3696 4933 εἶπε,
3736 4867 3800 4936 τῇ

2201 4956 2446 5009 ’ἀλώπεκι
2478 4957 2688 5027 ἐκείνῃ,
2743 4955 2879 5010 ἀλλά
2912 4957 3108 5029 ταύτῃ,
3169 4958 3311 5029 μέσῃ
3358 4960 3465 5011 τινὶ
3516 4957 3798 5029 χρώμενος

2207 5050 2379 5118 φωνῇ,
2413 5048 2501 5100 καί
2527 5065 2590 5115 γε
2620 5048 2860 5116 εὐφυῶς.
2887 5050 2988 5104 Διά
3013 5051 3114 5120 μὲν
3147 5052 3257 5121 γὰρ
3272 5052 3366 5104 τοῦ
3398 5052 3600 5114 ἑνικῶς
3632 5053 3805 5104 εἰπεῖν

2206 5139 2470 5201 ἀλώπεκι,
2509 5141 2600 5193 τὸν
2647 5140 2893 5213 Ἡρώδην
2933 5143 3167 5196 δέδωκεν
3209 5144 3441 5207 ἐκείνοις
3482 5144 3799 5209 ὑπολαϐεῖν,

2206 5230 2290 5283 διὰ
2322 5232 2376 5284 δὲ
2400 5232 2492 5285 τοῦ
2529 5232 2822 5298 δεικτικῶς
2875 5235 3042 5303 φάναι
3078 5235 3276 5310 ταύτῃ,
3326 5237 3525 5300 αὐτοὺς
3556 5237 3800 5300 ἐκείνους

2207 5325 2333 5388 τοὺς
2388 5325 2641 5394 δολεροὺς
2673 5327 2922 5397 ᾐνίξατο·
2956 5327 3034 5398 τῷ
3065 5328 3180 5380 ὄντι
3213 5328 3323 5398 γὰρ
3352 5329 3414 5381 τὸ
3449 5326 3549 5398 τῆς
3587 5329 3800 5383 ἀλώπε-

2209 5434 2300 5479 κος
2331 5417 2638 5487 πανοῦργον
2701 5419 2798 5472 καὶ
2843 5419 3146 5489 δύστροπον
3170 5423 3217 5474 οἱ
3261 5423 3546 5492 Φαρισαῖοι
3587 5421 3798 5475 ἐπεδεί-

2211 5527 2391 5564 κνυτο.
2430 5511 2571 5579 Ὅρα
2601 5511 2656 5564 δέ
2690 5529 2780 5580 μοι
2804 5513 2922 5576 πῶς
2959 5514 3096 5581 πρὸς
3123 5513 3223 5584 τὴν
3255 5515 3598 5585 κακουργίαν
3624 5514 3801 5568 αὐτῶν

2211 5603 2569 5672 ἀποκρίνεται
2604 5605 2810 5668 αὐτοῖς.
2832 5606 2987 5658 Ἐπεὶ
3012 5607 3121 5676 γὰρ
3151 5607 3349 5660 ἐκεῖνοι
3380 5605 3471 5660 διὰ
3498 5608 3599 5669 τάς
3632 5607 3802 5668 ῑάσεις

2214 5697 2537 5766 φθονοῦντες
2564 5699 2654 5750 τὸν
2677 5700 2741 5751 ἐκ
2768 5698 2862 5751 τοῦ
2901 5699 3143 5770 Ἡρώδου
3175 5700 3340 5769 φόϐον
3367 5701 3516 5772 αὑτῷ
3534 5703 3798 5766 ὲπέσειον,

2222 5789 2403 5857 αὐτὸς,
2441 5790 2576 5861 ὅπερ
2613 5789 2880 5862 ἠπίστατο
2911 5791 3102 5848 λυπεῖν
3133 5793 3400 5862 ἐκείνους,
3431 5794 3591 5848 τοῦτο
3622 5795 3762 5864 λέγει
3784 5805 3798 5824 ⁸
