4030 6412
325 333 434 394 923

1048 332 1498 394 ENARllA'l‘IO
1533 333 1613 394 IN
1661 333 2166 395 EVANGELIUM
2205 334 2447 397 LUC/E.
2489 358 2560 372 -
2599 336 2764 396 CAP.
2803 334 2980 396 XIII.

3550 334 3659 400 926

340 449 474 503 Ἰδοὺ
506 447 632 517 γὰρ,
668 446 855 518 φησὶν,
901 443 1134 498 ἐπι-τελῶ
1164 444 1360 510 ἰάσεις,
1395 446 1491 497 καὶ
1522 444 1782 514 δαιμόνια
1834 446 1921 498 ἐκ-

2038 445 2106 497 ad
2171 444 2505 499 credendum
2536 443 2643 500 sibi
2699 443 2964 500 alliceret.
3032 442 3207 500 lludie
3249 458 3383 500 vero
3426 454 3481 500 et
3534 462 3662 502 eras

327 541 513 594 ϐάλλω
531 557 544 571 ·
575 540 649 604 ὼς
675 541 785 610 γὰρ
817 537 1166 607 προείρηται,
1191 537 1277 589 διὰ
1301 535 1462 590 τοῦτο
1493 537 1720 589 ἐδίωκον
1749 537 1934 600 αὑτὸν,

329 637 418 688 ἴνα
452 637 528 704 μὴ
564 638 629 704 τῇ
661 634 772 686 τῶν
825 630 1148 702 παραδόξων
1194 630 1456 692 ἐπιδείξει
1491 629 1778 700 χρώμενος
1839 647 1938 682 σα-

325 729 536 800 γηνεύῃ
565 728 792 789 πολλοὺς
825 727 906 789 είς
937 723 998 778 τὸ
1035 723 1314 777 πιστεύειν
1339 721 1505 791 αὐτῷ.
1547 723 1619 775 Τὸ
1643 722 1722 786 δὲ,
1765 725 1938 792 σήμε-

329 843 422 895 ρον
450 823 543 875 καὶ
571 821 781 892 αὔριον,
833 820 1087 881 πλείονας
1125 816 1346 886 ἡμέρας
1383 816 1557 886 δηλοῖ.
1588 817 1806 885 Ὠσπερ
1841 816 1935 869 οῦν

325 920 421 970 καὶ
469 918 630 985 ἡμεῖς
683 913 963 982 εἰώθαμεν
1009 913 1070 965 ἐν
1104 913 1170 982 τῇ
1225 910 1449 980 συνήθει
1500 911 1693 980 ὁμιλίᾳ
1727 910 1930 977 λέγειν,

329 1012 582 1080 Σήμερον
634 1007 728 1062 καὶ
754 1007 948 1078 αύριον
971 1005 1182 1074 γίνεται
1218 1004 1363 1070 τόδε,
1399 1004 1460 1057 οὐ
1486 1004 1709 1067 πάντως
1735 1003 1898 1056 τοσού
1915 1032 1933 1043 -

322 1121 403 1172 τῳ
431 1103 768 1171 διαστήματι
820 1101 880 1153 τὸ
910 1099 1072 1166 ἔργον
1103 1097 1535 1165 περικλεῖοντες,
1575 1096 1714 1149 ἀλλὰ
1748 1095 1809 1148 τὸ
1831 1113 1930 1150 τα-

322 1195 462 1264 χέως
493 1193 820 1262 γενήσεσθαι
841 1190 1132 1260 δηλοῦντες
1155 1210 1168 1222 ι
1202 1188 1377 1252 οὕτως
1403 1185 1498 1242 οῦν
1523 1190 1620 1242 καὶ
1648 1189 1932 1259 όΧριστὸς

321 1287 519 1352 εἰπὼν,
545 1289 627 1340 ὅτι
654 1287 852 1348 ’ἰάσεις
899 1283 1136 1337 ἐπιτελῶ
1158 1284 1426 1352 σήμερον,
1464 1284 1561 1338 καὶ
1589 1280 1806 1350 αὔριον,
1836 1283 1930 1334 καὶ

320 1384 388 1452 τῇ
409 1381 569 1452 τρίτῃ
597 1381 779 1450 ἡμέρᾳ
815 1377 1131 1446 τελειοῦμαι
1159 1415 1174 1441 ,
1200 1377 1261 1428 ού
1293 1375 1512 1438 πάντως
1540 1375 1699 1428 τοῦτο
1728 1375 1927 1446 ἐδήλω-

323 1494 408 1540 σε,
456 1477 518 1529 τὸ
570 1476 627 1526 ἐν
665 1475 729 1543 τῇ
777 1473 936 1545 τρίτῃ
970 1473 1154 1541 ἡμέρᾳ
1189 1471 1508 1538 ἀναγκαίως
1541 1469 1925 1540 τελειωθῆναι,

319 1572 458 1624 άλλά
482 1570 543 1622 τὸ
571 1567 852 1637 συντόμως
873 1567 965 1617 τὸν
997 1565 1233 1638 θάνατον
1266 1562 1434 1616 αὑτοῦ
1469 1562 1801 1632 γενήσεσθαι
1829 1562 1925 1629 δη-

317 1661 421 1715 λοῖ.
452 1660 600 1729 Πλὴν
623 1658 704 1710 δεῖ
737 1674 802 1726 με
837 1657 1082 1725 σήμερον
1130 1652 1226 1705 καὶ
1263 1650 1478 1719 αύριον,
1509 1649 1760 1703 τουτέστι
1802 1648 1927 1717 χρό-

317 1772 410 1806 νον
434 1754 577 1816 τινὰ,
617 1751 942 1822 προσμεῖναι
973 1747 1207 1801 ἐνταῦθα
1245 1743 1796 1814 θαυματουργοῦντα,
1831 1743 1926 1794 καὶ

316 1853 386 1921 τῇ
421 1848 655 1918 ἐχομένῃ
677 1843 1006 1915 πορεύεσθαι
1038 1844 1117 1903 είς
1155 1839 1542 1908 Ἰερουσαλήμο
1581 1838 1758 1890 ἐκεῖσε
1818 1834 1927 1903 γὰρ

318 1941 578 2011 ⁴ξιφώρισα
607 1936 828 2008 ἐμαυτῷ
858 1936 918 1988 τὸ
950 1933 1145 1998 πάθος.
1185 1933 1410 2003 Ἐπειδὴ
1440 1930 1550 2002 γὰρ
1581 1933 1780 1984 ἐκεῖνοι
1810 1928 1926 1980 ἐλε-

317 2051 416 2096 γον
443 2031 593 2100 αύτῷ
619 2049 629 2061 ·
664 2028 912 2093 Ἔξελθε,
949 2027 1031 2080 ὃτι
1079 2025 1327 2096 Ἡρώδης
1353 2024 1539 2094 μέλλει
1572 2039 1631 2074 σε
1657 2021 1926 2089 φονεύειν,

313 2127 374 2178 ἐν
408 2127 474 2192 τῇ
513 2122 774 2192 Γαλιλαίᾳ
804 2120 860 2173 δέ
906 2116 1082 2173 ταῦτα
1123 2118 1335 2184 ἔλεγον,
1366 2117 1585 2185 ἐκείνης
1610 2116 1720 2184 γὰρ
1751 2112 1928 2181 Ἡρώ-

313 2217 410 2288 δης
439 2211 602 2287 ἦρχε,
657 2214 932 2266 δείκνυσιν
965 2213 1174 2274 αὐτοῖς,
1224 2212 1307 2263 ὅτι
1348 2211 1439 2263 καὶ
1489 2209 1664 2263 πολλὰ
1702 2208 1928 2279 βουλευ-

311 2310 499 2379 ομένῳ
539 2306 756 2378 Ἡρώδῃ
791 2308 894 2359 οὐκ
942 2306 1096 2357 ἔσται
1128 2303 1292 2357 αὐτὸν
1345 2303 1582 2356 ἀνελεῖνο
1614 2303 1676 2356 ού
1709 2304 1818 2374 γὰρ
1869 2308 1928 2358 ἐν

312 2401 600 2469 Γαλιλαίᾳ,
624 2399 738 2452 ἀλλ’
767 2400 824 2450 ἐν
855 2396 1220 2468 Ἰερουσαλὴμ
1248 2394 1588 2468 προώρισται
1626 2396 1775 2467 αὐτῷ
1816 2415 1925 2450 πα-

313 2491 453 2542 θεῖν.
491 2490 610 2540 ’Ίνα
641 2487 698 2540 δέ
736 2503 818 2538 σοι
853 2485 948 2539 καὶ
980 2487 1040 2538 τὸ
1078 2486 1244 2555 ῥητὸν
1295 2485 1388 2538 τοῦ
1445 2485 1930 2554 Εὑαγγε).ίου’σαο

321 2584 593 2651 φέστερον
619 2579 894 2650 ἐκθῶμαι,
957 2579 1034 2650 μὴ
1065 2580 1269 2649 νοήσῃς
1313 2579 1397 2632 ὅτι
1431 2580 1513 2632 δεῖ
1551 2599 1618 2650 με
1684 2583 1915 2653 σήμεροι

317 2676 417 2728 καὶ
445 2673 638 2745 αὔριον
689 2673 1048 2744 πορεύεσθαι,
1081 2671 1218 2725 ἀλλὰ
1271 2672 1432 2742 στῆθι
1465 2673 1593 2744 ἄχρι
1621 2672 1717 2726 τοῦ
1753 2678 1926 2745 σήμε-

319 2783 412 2834 ρον
456 2765 551 2818 καὶ
604 2763 794 2834 αὔριον
815 2779 828 2794 ·
864 2763 960 2816 καὶ
989 2762 1166 2826 οὕτως
1197 2763 1324 2814 είπέ
1357 2762 1440 2827 τὸ,
1470 2765 1536 2832 τῇ
1559 2762 1799 2833 ἐχομένῃ
1827 2779 1926 2814 πο-

311 2857 594 2925 ρεύεσθαι,
653 2851 765 2910 οἷον
797 2855 1063 2918 πολλάκις
1108 2853 1475 2925 ἀριθμοῦντες
1516 2854 1796 2925 εἰώθαμεν
1830 2855 1924 2907 λέ.

309 2969 453 3019 γειν,
505 2950 654 3019 Ἐγὼ
685 2951 945 3021 κυριακῇ
994 2948 1228 3020 δευτέρᾳ
1282 2948 1375 3001 καὶ
1405 2948 1568 3019 τρίτῃ
1602 2947 1920 3018 ἐξέρχομαι,

307 3048 409 3116 οὐχ
438 3046 514 3108 ὼς
558 3043 769 3115 μέλλων
805 3044 901 3097 καὶ
931 3044 990 3095 ἐν
1014 3045 1078 3112 τῇ
1106 3043 1389 3114 κυριακῇ,
1424 3043 1520 3095 καὶ
1554 3043 1610 3096 ἐν
1633 3044 1700 3112 τῇ
1736 3042 1920 3096 δευτέ-

2045 537 2377 610 pluresdies
2405 538 2687 608 signiﬁcat
2717 556 2730 592 :
2763 537 3230 609 quemadmodum
3270 548 3320 594 et
3357 555 3457 595 nos
3501 541 3660 596 lami-

2042 631 2163 685 liari
2197 646 2452 686 sermone
2507 631 2891 687 consuevimus
2942 633 3123 686 dicere
3167 647 3183 685 :
3232 629 3405 686 Ilodie
3437 642 3493 687 et
3533 649 3660 688 cras

2043 725 2136 778 ﬁet
2173 724 2276 778 hoc
2315 740 2329 778 :
2379 739 2488 779 non
2549 725 2777 779 omnino
2823 723 2965 778 intra
3022 733 3130 777 tam
3165 723 3332 778 breve
3396 725 3658 793 temporis

2041 816 2393 870 intervallum
2445 833 2560 871 rem
2598 816 3146 879 circumscribentes,
3178 817 3273 870 sed
3306 817 3497 871 statim
3533 816 3648 870 ﬁeri

2039 907 2439 976 signiﬁcantes,
2475 909 2547 962 ita
2591 908 2755 962 etiam
2790 907 3066 971 Christus,
3113 907 3302 962 dicens
3335 926 3348 963 :
3381 906 3656 963 Sanitates

2038 1000 2264 1069 perﬁcio
2291 1002 2456 1056 hodie
2487 1011 2540 1055 ct
2565 1016 2714 1066 eras,
2745 1011 2799 1057 et
2826 1004 2988 1057 tertio
3018 1003 3107 1057 die
3132 1017 3483 1056 cousummor
3507 1018 3522 1056 :
3549 1015 3654 1055 nou

2037 1094 2264 1150 omnino
2292 1093 2612 1164 signiﬁcare
2634 1095 2809 1149 voluit
2841 1095 2983 1164 quod
3021 1096 3183 1150 tertio
3215 1095 3305 1149 die
3333 1096 3656 1150 necessario

2038 1186 2109 1238 sit
2145 1187 2634 1249 consummandus,
2666 1188 2761 1242 scd
2793 1186 2942 1240 brevi
2971 1196 3201 1240 mortem
3229 1200 3384 1240 suam
3413 1184 3652 1240 futuram

2037 1277 2299 1331 declarat.
2335 1277 2728 1334 Verumtamen
2761 1287 2976 1348 oportet
3003 1293 3088 1334 me
3121 1279 3280 1332 hodie
3302 1287 3355 1332 et
3381 1292 3526 1343 cras,
3555 1277 3658 1332 hoc

2035 1383 2120 1426 est
2180 1373 2364 1440 aliquo
2396 1382 2663 1441 tempore,
2721 1388 2947 1428 manere
3005 1374 3106 1426 hoc
3141 1371 3282 1438 loco,
3334 1381 3389 1426 et
3437 1372 3654 1440 operari

2035 1465 2315 1529 miracula,
2345 1473 2397 1519 et
2429 1465 2678 1534 sequenti
2723 1467 2774 1518 in
2822 1463 3123 1521 Jerusalem
3181 1465 3498 1533 proﬁcisci:
3547 1464 3657 1520 illic

2032 1559 2178 1612 enim
2227 1557 2361 1627 elegi
2410 1569 2661 1612 mortem.
2733 1557 2870 1624 Quia
2911 1559 3058 1613 enim
3100 1558 3174 1612 illi
3233 1558 3490 1613 dicebant
3545 1559 3592 1612 ei
3636 1569 3652 1608 :

2034 1653 2331 1723 Egredere,
2361 1652 2490 1723 quia
2529 1651 2776 1705 Herodes
2825 1662 2877 1705 te
2932 1652 3221 1706 occisurus
3262 1660 3368 1706 est.
3409 1651 3465 1706 In
3503 1651 3655 1707 Gali-

2035 1747 2130 1799 tam
2179 1757 2360 1800 autem
2407 1747 2524 1800 haec
2559 1745 2842 1812 dicebant,
2900 1745 2988 1800 cui
3055 1754 3285 1813 pra-erat
3330 1745 3584 1801 Herodes
3635 1762 3654 1802 :

2037 1849 2302 1894 monstrat
2373 1840 2494 1906 eis,
2589 1839 2804 1893 etiamsi
2881 1838 3175 1905 plurimum
3261 1839 3461 1906 vellet,
3546 1853 3654 1894 non

2033 1950 2191 2003 posse
2217 1935 2284 1989 ab
2317 1931 2409 1988 lllo
2443 1948 2504 1989 se
2541 1933 2823 1988 interimi:
2860 1945 2964 1986 non
3001 1934 3146 1986 enim
3181 1932 3234 1986 in
3281 1931 3525 1997 Galilaea,
3560 1935 3656 1988 sed

2031 2025 2336 2081 Jerusalem
2407 2027 2736 2096 prmlinitum
2806 2035 2926 2080 erat
2990 2024 3271 2079 Christum
3349 2040 3471 2081 esse
3521 2041 3654 2096 pas-

2035 2104 2255 2193 surum.
2304 2122 2370 2176 Et
2425 2132 2483 2177 ut
2549 2123 2644 2176 tibi
2694 2121 2972 2190 Evangelii
3025 2122 3232 2174 dictant
3305 2119 3655 2176 manifestius

2031 2227 2328 2279 exponam,
2367 2229 2488 2266 cum
2524 2211 2744 2282 legeris,
2788 2212 2947 2266 hodie
2994 2221 3049 2267 et
3079 2228 3225 2278 eras,
3257 2223 3519 2282 punctum
3569 2215 3653 2266 la-

2030 2305 2163 2367 cito,
2199 2314 2254 2357 et
2297 2314 2425 2357 tunc
2465 2303 2578 2367 dic,
2617 2304 2870 2372 proximo
2911 2306 3000 2361 die
3031 2307 3344 2375 proﬁcisci:
3373 2308 3656 2377 quomodo

2035 2409 2396 2452 numerantes
2439 2413 2584 2468 sa‘pe
2625 2401 2806 2454 dicere
2830 2400 3264 2456 consuevimus:
3312 2401 3425 2471 Ego
3467 2399 3656 2456 Domi-

2032 2493 2155 2545 nieo
2214 2494 2456 2546 secundo
2506 2501 2564 2548 et
2624 2492 2786 2547 tertio
2835 2492 2924 2545 die
2975 2493 3232 2562 egredior
3277 2511 3292 2548 :
3337 2509 3448 2548 non
3504 2495 3651 2564 quod

2033 2599 2363 2656 egressurus
2413 2585 2515 2640 sim
2573 2586 2858 2640 Dominico
2899 2595 2954 2640 ct
2994 2587 3259 2651 secundo,
3312 2588 3411 2644 sed
3473 2589 3652 2643 Solum

2035 2682 2168 2733 .luos
2207 2680 2327 2735 illos
2356 2681 2472 2733 dies
2501 2693 2922 2741 euumeramus,
2958 2688 3016 2732 ut
3059 2679 3478 2737 manifestemus
3505 2681 3653 2736 diem

2031 2773 2275 2827 tertium.
2316 2771 2394 2824 lla
2430 2785 2566 2825 sane
2624 2780 2680 2825 ct
2731 2770 3000 2826 Dominus
3043 2773 3147 2828 hoc
3174 2772 3294 2827 loco
3333 2773 3487 2845 prius
3518 2789 3656 2829 enu-

2030 2880 2270 2928 meratts,
2307 2865 2519 2932 inquit:
2559 2863 2785 2932 Oportet
2835 2879 2920 2919 me
2977 2865 3140 2921 hodie
3172 2876 3228 2921 et
3266 2881 3417 2932 cras,
3457 2867 3655 2924 deinde

2030 2957 2188 3038 tertio
2213 2957 2482 3025 proﬁcisci
2521 2957 2572 3010 in
2609 2956 2912 3012 Jerusalem
2944 2975 2958 3014 :
2987 2957 3096 3013 illic
3125 2961 3272 3014 enim
3311 2961 3435 3017 linis
3477 2977 3654 3038 meus.

2028 3049 2186 3105 Sicut
2212 3060 2394 3105 autem
2448 3065 2610 3120 supra
2641 3051 2902 3118 diximus,
2934 3067 3038 3106 non
3072 3054 3214 3120 quod
3249 3055 3424 3110 tribus
3455 3055 3656 3112 diebus

311 3157 380 3209 pa
408 3137 668 3202 ἐξελθεῖν,
699 3135 816 3188 ἀλλ’
847 3134 1337 3207 άπαριθμούμενος
1375 3135 1537 3204 μόνον
1567 3127 1666 3198 τὰς
1695 3135 1809 3198 δύο,
1831 3135 1920 3188 ἵνα

2033 3144 2201 3195 vitam
2254 3159 2409 3197 suam
2466 3144 2916 3210 circumscribat,
2984 3149 3078 3200 sed
3129 3147 3381 3217 pluribus
3428 3151 3654 3220 quidem

306 3231 539 3303 δηλώσω
570 3229 670 3300 τὴν
696 3230 914 3300 τρίτην.
949 3227 1138 3291 Οὕτως
1169 3223 1263 3280 οὖν
1289 3228 1384 3280 καὶ
1402 3230 1428 3280 ὁ
1447 3227 1655 3297 Κύριος
1682 3225 1922 3279 ἐνταῦθα

307 3329 500 3396 ὥσπερ
533 3321 1028 3392 ἀπαριθμούμενός
1080 3337 1238 3391 φησι,
1285 3322 1379 3372 Δεῖ
1438 3337 1505 3390 με
1554 3321 1797 3390 σήμερον
1827 3320 1924 3373 καὶ

305 3419 524 3488 αὔριον,
560 3412 681 3470 εἶτα
713 3419 780 3487 τῇ
814 3416 978 3488 τρίτῃ
1012 3412 1348 3484 πορεύεσθαι
1401 3415 1481 3476 είς
1529 3413 1918 3485 Ἰερουσαλήμ·

304 3515 488 3566 ἐκεῖσε
541 3511 649 3580 γάρ
714 3526 803 3579 μοι
853 3510 916 3562 τὸ
966 3509 1123 3571 τέλος
1158 3507 1496 3576 ἀφώρισται.
1553 3509 1828 3579 Καθάπερ
1863 3509 1920 3561 δὲ

303 3605 572 3673 ἀνωτέρω
604 3601 917 3670 ἑξείπομεν,
955 3600 1078 3670 οὐχὶ
1106 3597 1182 3662 ῶς
1227 3600 1284 3650 ἐν
1315 3600 1499 3669 τρισὶν
1547 3599 1787 3668 ἡμέραις
1819 3615 1922 3651 πε-

306 3696 566 3766 ρικλείων
586 3696 688 3766 τὴν
731 3694 929 3748 ἐαυτοῦ
975 3693 1123 3762 ζωὴν
1170 3693 1198 3745 ό
1255 3691 1484 3761 Κύριος,
1521 3691 1694 3743 ταῦτά
1729 3709 1916 3761 φησιν,

301 3789 441 3841 ἀλλὰ
467 3788 722 3851 πλείονας
771 3788 871 3856 μὲν
904 3785 1140 3857 ἡμέρας,
1206 3783 1348 3854 πλὴν
1389 3784 1451 3836 ού
1499 3785 1643 3838 πάνυ
1704 3788 1918 3855 μακρόν

303 3898 426 3934 τινα
455 3881 649 3949 χρόνον
686 3877 1076 3949 ὑποσημαίνει·
1118 3875 1326 3930 ὡσανεὶ
1356 3876 1467 3947 γὰρ
1523 3876 1751 3930 τοιαῦτά
1781 3895 1918 3946 φησι

303 3972 445 4037 πρὸς
476 3973 602 4033 τοὺς
637 3969 788 4039 αὑτῷ
822 3968 1336 4037 διαφθονουμένους·
1364 3969 1430 4020 Τί
1461 3968 1553 4021 τὸν
1589 3969 1724 4039 ἐμὸν
1759 3969 1919 4038 μελε-

298 4069 432 4118 τᾶτε
451 4065 717 4127 θάνατονς
755 4062 866 4114 ἰδοὺ
897 4059 1017 4130 μετ’
1044 4059 1229 4128 ὀλίγον
1262 4061 1424 4114 τοῦτο
1470 4061 1708 4129 γίνεται.
1742 4061 1917 4114 Ὅταν

294 4161 356 4212 δὲ
385 4157 653 4226 ἀκούσῃς,
679 4157 763 4209 ὅτι
805 4157 910 4209 οὐκ
937 4155 1210 4225 ἐνδέχεται
1247 4154 1355 4219 ἔξω
1397 4155 1762 4224 Ἰερουσαλὴμ
1781 4157 1917 4208 ἀπο-

209 4249 212 4252 ’
296 4250 489 4303 λέσθαι
547 4250 859 4319 προφήτην,
924 4247 999 4317 μὴ
1066 4247 1259 4317 νόμιζε
1315 4246 1436 4318 βίαν
1487 4248 1908 4318 άναγκαστικὴν

309 4344 594 4406 Ἰουδαίοις
619 4341 932 4411 ἐπάγεσθαι
962 4341 1043 4405 είς
1088 4340 1151 4392 τὸ
1180 4339 1404 4393 τοιαῦτα
1434 4340 1591 4412 δρᾷν,
1625 4343 1690 4394 ἐκ
1719 4341 1812 4394 τοῦ
1845 4342 1913 4394 τὰ

295 4437 528 4491 τοιαῦτα
562 4437 819 4506 γράφειν,
846 4433 982 4486 ἀλλὰ
1015 4435 1082 4504 τῇ
1115 4434 1388 4504 μιαιφόνῳ
1424 4433 1606 4486 αὐτῶν
1641 4435 1911 4506 προαιρέ-

2032 3239 2223 3292 diebus
2251 3280 2263 3301 ,
2330 3249 2713 3292 verumtamen
2766 3255 2871 3293 non
2909 3241 3067 3295 valde
3118 3241 3282 3312 longo
3315 3253 3564 3310 tempore
3593 3260 3657 3300 se

2031 3347 2348 3384 mansurum
2383 3329 2702 3399 signiﬁcat:
2750 3333 2907 3400 quasi
2959 3333 3075 3388 haec
3112 3335 3258 3390 dicat
3314 3337 3383 3390 ad
3411 3352 3507 3392 eos
3558 3339 3652 3408 qui

2028 3424 2130 3478 sibi
2167 3423 2524 3477 invidebant:
2598 3422 2740 3488 Quid
2786 3440 2962 3477 meam
3000 3427 3344 3482 meditamini
3383 3433 3656 3488 mortem?

2027 3531 2159 3570 ecce
2195 3516 2364 3584 paulo
2396 3524 2519 3584 post
2553 3515 2668 3584 ipsa
2698 3519 2950 3572 instabit.
2983 3518 3119 3572 Cum
3151 3535 3284 3575 vero
3311 3523 3470 3577 audis
3505 3527 3652 3595 quod

2031 3611 2148 3664 ﬁeri
2207 3627 2313 3665 non
2363 3612 2540 3680 possit
2569 3624 2726 3665 extra
2758 3612 2922 3682 392
2958 3613 3268 3669 Jerusalem
3306 3617 3486 3684 perire
3523 3635 3656 3686 pro-

2029 3702 2267 3769 phetam,
2332 3716 2399 3755 ne
2462 3711 2622 3769 putes
2672 3701 2892 3758 Judaeos
2952 3705 3000 3756 vi
3048 3705 3288 3774 quadam
3337 3723 3402 3763 ac
3465 3724 3659 3770 ncces.

2027 3797 2190 3850 sitate
2224 3796 2290 3848 ad
2334 3797 2438 3851 hoc
2463 3794 2774 3850 faciendum
2804 3798 3082 3868 compelli,
3118 3800 3213 3853 sed
3239 3799 3386 3856 scias
3418 3817 3657 3858 consen-

2029 3898 2186 3942 tanee
2205 3889 2270 3941 ad
2290 3889 2700 3960 sanguinariam
2723 3890 2941 3945 illorum
2967 3892 3306 3949 voluntatem
3335 3895 3482 3949 istud
3507 3894 3654 3952 dici:

2029 3987 2085 4028 nt
2116 3977 2160 4030 si
2191 3977 2315 4046 quis
2346 3977 2535 4031 videns
2566 3977 3011 4034 crudelissimum
3048 3983 3401 4053 maximeque
3433 3987 3658 4055 sangui-

2027 4067 2242 4118 uariunt
2281 4067 2548 4121 latronem
2587 4069 2708 4123 vias
2739 4070 3018 4134 obsidere,
3054 4071 3265 4127 diceret
3293 4077 3328 4142 ;:
3363 4072 3508 4129 Fieri
3547 4091 3654 4132 non

2026 4167 2229 4224 potest,
2261 4158 2404 4209 viam
2440 4157 2581 4212 hanc
2608 4161 2659 4213 in
2694 4176 2796 4229 qua
2833 4161 2975 4216 latro
3021 4167 3486 4232 pt'aatcreuntibus
3517 4168 3657 4223 insi-

2024 4251 2233 4317 diatur,
2267 4267 2294 4305 a
2339 4253 2609 4320 sanguine
2641 4269 2833 4322 puram
2871 4271 3018 4310 esse.
3079 4256 3323 4314 Omnino
3372 4260 3518 4312 enim
3551 4261 3659 4317 hoe

2024 4346 2146 4400 loco
2186 4346 2331 4413 quod
2385 4357 2824 4402 consentaneum
2882 4360 2963 4403 est
3015 4351 3080 4405 ad
3125 4367 3292 4422 Opera
3349 4353 3654 4422 latronum,

2023 4436 2175 4490 dicit.
2211 4435 2302 4492 Sic
2331 4438 2495 4507 igitur
2519 4439 2648 4493 etin
2683 4438 3086 4512 Hierosolyma,
3117 4462 3280 4511 quam
3314 4459 3656 4515 occuparunt

296 4545 384 4582 σει
415 4528 726 4588 ἀκολούθως
751 4524 1008 4593 λέγεσθαι
1036 4524 1228 4576 τοῦτο⁹
1265 4523 1457 4596 ῶσπερ
1493 4525 1560 4580 ἂν
1605 4528 1654 4579 εί
1697 4525 1905 4598 λῃστὴν

2039 4537 2262 4584 atroncs
2295 4529 2559 4586 Pharisaei
2591 4543 2645 4588 et
2675 4533 2906 4602 Scribw,
2942 4539 3058 4591 ﬁeri
3099 4553 3207 4592 non
3240 4548 3425 4608 potest
3451 4540 3508 4594 in
3547 4542 3657 4596 alio

292 4620 441 4691 ὀρῶν
473 4619 910 4690 μιαιφονὼτατον
957 4617 1359 4710 ὁδοστατοῦντα
1389 4618 1600 4673 εῐποιέν
1633 4637 1719 4683 τις
1739 4661 1752 4684 ,
1788 4622 1904 4672 Οὐκ

295 4713 575 4784 ἐνδέχεται
604 4712 703 4783 τήν
733 4711 852 4766 ὁδὸν
883 4708 1259 4784 ταύτην,”’ἐνῆ
1283 4713 1310 4765 ό
1328 4712 1530 4782 λῃστὴς
1550 4713 1674 4775 τοὺς
1698 4713 1913 4766 ὁδεύον-

291 4825 394 4869 cra;
419 4805 712 4878 ἐνεδρεύει,
744 4805 995 4877 καθαρὰν
1023 4806 1277 4877 αἱμάτων
1311 4799 1455 4858 εἶναι
1477 4822 1492 4836 ·
1527 4805 1749 4870 πάντως
1800 4807 1910 4876 γὰρ

2022 4620 2141 4676 loco
2196 4638 2360 4691 quam
2397 4623 2448 4677 in
2491 4623 2583 4679 illo
2629 4625 2681 4680 in
2715 4643 2824 4696 quo
2858 4639 2986 4684 sunt
3014 4631 3278 4697 latrones,
3307 4635 3492 4701 perire
3523 4649 3655 4703 pro-

2025 4718 2311 4787 phetarum
2343 4718 2636 4773 Dominum
2681 4737 2695 4774 :
2727 4723 2932 4777 assueti
2983 4724 3129 4778 enim
3158 4725 3440 4781 etl‘undere
3470 4743 3659 4784 servo-

2031 4825 2152 4862 rum
2208 4811 2559 4879 sanguiuem,
2595 4812 2765 4866 etiam
2800 4813 3092 4870 Dominum
3151 4818 3329 4886 ipsum
3375 4821 3656 4877 occident.

293 4903 411 4966 τοῖς
445 4901 630 4972 ἔργοις
659 4901 756 4956 τοῦ
787 4901 988 4975 λῃστοῦ
1021 4901 1083 4954 τὸ
1125 4901 1422 4955 ἀκόλουθόν
1460 4918 1646 4972 φησιν.
1708 4902 1899 4968 Οὕτως
1940 4898 2035 4960 οῦν
2102 4906 2204 4958 κάν
2259 4908 2327 4977 τῇ
2378 4905 2742 4979 Ἰερουσαλὴμ
2791 4909 3008 4982 λῃστῶν
3089 4911 3492 4984 ἐγκαθημένων
3544 4915 3658 4969 τῶν

290 4998 610 5072 Φαρισαίων
641 5000 736 5052 καὶ
768 4997 1174 5070 Γραμματέων,
1201 4999 1301 5050 οὐκ
1347 4997 1624 5069 ἐνεδέχετο
1679 5001 1737 5052 ἐν
1788 5000 1937 5072 ἄλλῳ
1979 5003 2186 5074 χωρίῳ,
2224 5001 2507 5073 ἢπάντως
2543 5005 2600 5058 ἐν
2628 5005 2707 5076 τῷ
2774 5005 2882 5059 τῶν
2930 5007 3169 5079 λῃστῶν,
3211 5011 3514 5066 ἀπολέσθαι
3561 5011 3656 5066 τὸν

291 5097 405 5152 τῶν
471 5092 771 5165 προφητῶν
807 5091 1090 5162 Δεσπότην
1115 5107 1128 5123 ⁸
1179 5090 1553 5155 ἐνεθισθέντες
1615 5092 1728 5164 γὰρ
1785 5098 1899 5158 τοῖς
1940 5097 2142 5168 αἵμασι
2177 5095 2287 5148 τῶν
2318 5095 2545 5160 δούλων,
2579 5098 2674 5150 καὶ
2718 5099 2811 5150 τὸν
2846 5098 3057 5170 Κύριον
3089 5101 3486 5162 ἁποκτενοῦσι.

373 5211 390 5243 ι
442 5187 827 5259 Ἰερουσαλὴμ.
863 5185 1250 5258 Ἰερουσαλὴμ,
1289 5186 1754 5255 ήάποκτείνουσα
1784 5187 1916 5252 τοὺς

294 5283 609 5355 προφήτας,
636 5276 733 5333 καὶ
765 5278 1120 5333 λιθοϐολοῦσα
1151 5279 1276 5340 τοὺς
1294 5277 1748 5348 ἀπεσταλμένους
1773 5279 1911 5350 πρὸς

293 5379 362 5435 αὐ
374 5379 494 5450 τὴν,
525 5375 757 5440 ποσάκις
779 5373 1023 5445 ἠθέλησα
1052 5371 1380 5441 ἐπισυνάξαι
1409 5373 1479 5426 τά
1508 5372 1676 5426 τέκνα
1710 5389 1827 5440 σου,
1854 5372 1916 5427 ὃν

290 5473 500 5543 τρόπον
530 5470 680 5540 ὅρνις
704 5471 802 5539 τὴν
837 5470 1039 5539 ἐαυτῆς
1069 5468 1292 5535 νοσσιὰν
1334 5467 1440 5521 ὑπὸ
1468 5467 1567 5530 τὰς
1603 5468 1911 5537 πτέρυγας,

295 5568 391 5622 καὶ
439 5563 544 5617 οὐκ
565 5562 906 5634 Ῡ,θελήσατε;
957 5561 1088 5616 Ἰδοὺ
1116 5543 1338 5631 ἀφίεται
1371 5561 1503 5631 ὑμῖν
1533 5561 1560 5615 ό
1580 5555 1727 5625 οῐκος
1759 5560 1916 5629 ὑμῶν

296 5657 529 5728 ἔρημος·
555 5655 612 5708 Ἀ
625 5656 734 5726 μὴν
764 5654 910 5722 λέγω
933 5655 1084 5724 ὑμῖν,
1110 5654 1173 5707 ού
1208 5655 1282 5724 μή
1319 5671 1387 5724 με
1411 5654 1559 5724 ίδητε
1593 5654 1720 5726 ήδη,
1748 5654 1913 5726 ἄχρις

295 5750 366 5802 ἂν
400 5749 631 5816 εἴπητε·
706 5747 1086 5818 Εὐλογημένος
1125 5749 1153 5800 ὁ
1225 5747 1524 5817 ἐρχόμενος
1570 5750 1628 5799 ἐν
1679 5747 1908 5817 ὀνόματι

296 5840 532 5912 Κυρίου.
573 5860 588 5888 ι
653 5841 742 5912 Τῷ
774 5839 1164 5911 διπλασιασμῷ
1194 5841 1287 5894 τοῦ
1337 5839 1606 5908 ὀνόματος
1660 5840 1904 5896 δείκνυσι

2100 5187 2264 5243 Vens.
2285 5187 2382 5253 54,
2404 5190 2496 5246 55.
2536 5210 2554 5243 ι
2593 5188 2922 5255 Jerusalem,
2945 5189 3278 5260 Jerusalem,
3303 5211 3426 5267 quae
3446 5198 3656 5255 occidis

2024 5285 2351 5354 prophetas,
2381 5292 2434 5338 et
2455 5285 2672 5355 lapidas
2704 5299 2799 5341 eos
2840 5285 2933 5356 qui
2972 5286 3271 5344 mittuntur
3306 5290 3374 5346 ad
3402 5301 3476 5358 te,
3507 5307 3650 5364 quo-

2027 5376 2128 5430 ties
2153 5376 2298 5431 volui
2334 5391 2675 5449 congregare
2707 5377 2850 5434 ﬁlios
2871 5389 3012 5449 tuos,
3039 5383 3504 5451 quemadmodum
3536 5385 3657 5441 avis

2023 5467 2216 5523 nidum
2269 5484 2432 5524 suum
2468 5468 2572 5525 sub
2607 5484 2840 5541 pennas,
2881 5479 2935 5524 et
2981 5474 3274 5530 noluistis?
3306 5476 3447 5531 Ecce
3489 5477 3656 5532 relin-

2026 5560 2217 5630 quitur
2245 5560 2401 5616 vobis
2426 5559 2620 5616 domus
2641 5573 2820 5618 vestra
2848 5563 3091 5620 deserta.
3119 5563 3256 5622 Dico
3283 5577 3465 5623 autem
3494 5569 3652 5626 vobis

2025 5655 2173 5725 quod
2207 5669 2317 5711 non
2347 5654 2603 5711 videbitis
2632 5670 2740 5722 me,
2788 5657 2969 5714 donec
3005 5661 3219 5715 venerit
3271 5670 3486 5732 tempus
3524 5677 3648 5717 cum

2022 5747 2260 5802 dicetis:
2301 5746 2632 5804 Benedictus
2660 5749 2753 5819 qui
2782 5750 2936 5805 venit
2973 5751 3028 5806 in
3079 5753 3302 5808 nomine
3338 5752 3576 5810 Domini.
3621 5774 3641 5808 ι

2027 5841 2409 5912 Duplicatione
2446 5842 2685 5900 nominis
2724 5845 2967 5902 ostendit
3003 5861 3249 5905 amorem
3306 5864 3467 5922 quem
3513 5864 3643 5921 erga
