4030 6420
473 332 578 394 927

1372 337 1956 399 THEOPHYLACTI
1997 339 2415 401 BUIDARIE
2450 342 2820 406 ARCIIIEP.

3663 343 3770 408 9‘38

473 440 593 494 illos
630 440 1110 496 habet'Domiuus.
1169 441 1636 508 Quemadmodum
1661 446 1806 499 enim
1850 458 2056 499 amator

2169 448 2265 518 τὴν
2290 450 2547 520 στοργήν,
2581 451 2647 521 ἢν
2682 451 2796 520 ἔχει
2848 451 2975 519 περί
3008 451 3210 516 αὐτοὺς
3238 453 3268 506 6
3307 453 3511 525 Κύριος
3537 473 3551 485 ·
3585 454 3777 529 ῶσπερ

472 532 595 602 quis
642 532 708 584 ab
761 532 935 586 amica
984 544 1346 604 contemptus,
1402 537 1468 590 ita
1507 547 1724 591 revocat
1759 539 2062 594 adulteram

476 624 842 695 Synagogam.
901 616 1149 682 Ostendit
1211 630 1336 684 item
1385 646 1537 685 suam
1606 632 2060 698 misericordiam,

470 718 614 784 quod
645 731 1017 786 saepenumero
1045 719 1272 774 voluerit
1307 737 1641 794 congregare
1669 725 1789 781 illos
1821 745 1833 780 :
1859 735 1912 779 et
1940 727 2064 780 illo-

471 821 592 860 rum
622 807 1300 880 signiﬁcatarrogantiam,
1328 814 1581 880 dicendo,
1616 816 1752 884 Quia
1792 818 2062 884 noluistis,

470 899 718 969 relinquo
756 916 854 955 vos
893 913 1100 971 postea.
1153 906 1210 958 ln
1267 915 1474 960 tantum
1532 910 1681 963 enim
1719 910 1846 966 odio
1898 911 2062 966 habui

471 989 735 1042 malitiam
773 1003 1033 1055 vestram,
1060 1004 1119 1047 ut
1144 1010 1318 1064 neque
1338 997 1594 1066 templum
1622 998 1840 1053 domum
1886 1016 2062 1055 meam

467 1095 591 1138 esse
610 1083 810 1150 dicam,
856 1086 950 1140 sed
985 1087 1202 1140 domum
1237 1100 1490 1144 vestram.
1529 1090 1662 1144 Nam
1710 1095 1951 1163 quandiu
1986 1098 2065 1148 vi-

470 1181 579 1228 tam
607 1185 841 1230 vestram
874 1178 1011 1231 bene
1037 1178 1330 1247 gerebatis.
1351 1190 1405 1236 et
1428 1185 1686 1253 templum
1713 1201 1888 1240 meum
1912 1199 2059 1242 erat:

466 1266 593 1336 quia
648 1275 827 1321 autem
887 1267 1015 1339 illud
1074 1275 1511 1338 contaruiuastis,
1571 1286 1624 1331 et
1676 1279 2064 1346 negotiationis

473 1359 722 1425 domum,
759 1372 816 1415 et
853 1361 1202 1431 sepeluncam
1229 1365 1498 1420 latronum
1526 1365 1755 1433 fecistis,
1787 1371 2064 1442 variisque

466 1453 926 1522 negotiationibus
969 1466 1026 1512 et
1057 1457 1238 1511 avaris
1269 1461 1466 1514 vestris
1495 1461 1691 1516 studiis
1713 1463 1948 1518 vicissim
1969 1480 2063 1520 vos

464 1544 814 1613 exstinguitis
859 1549 1176 1616 (negotiatio
1219 1551 1361 1604 enim
1413 1551 1759 1608 latrocinium
1793 1568 1895 1619 est,
1930 1574 2057 1626 sup-

465 1632 714 1701 plantans
741 1634 960 1702 fratres,
994 1649 1050 1692 et
1096 1641 1310 1709 rapiens
1353 1657 1472 1710 qua:
1515 1644 1729 1699 illormu
1769 1665 1781 1699 :
1835 1649 1886 1701 id
1916 1651 2059 1718 quod

463 1733 518 1780 et
543 1724 784 1782 latrones
808 1727 1013 1784 faciunt
1042 1749 1054 1786 :
1084 1733 1343 1787 invadunt
1375 1737 1519 1789 enim
1554 1738 1805 1801 viatores,
1860 1748 1913 1794 ut
1942 1741 2058 1795 illo-

2171 541 2279 613 γάρ
2309 559 2393 604 τις
2423 543 2662 614 ἐραστὴς
2716 544 2862 613 παρὰ
2909 547 3010 614 τῆς
3062 545 3351 616 ἐρωμένης
3392 549 3777 617 καταφρονούο

2173 648 2355 700 μενος,
2387 632 2562 696 οὕτως
2590 634 2944 688 ἀνακαλεῖται
2970 634 3068 704 τὴν
3099 635 3380 706 μοιχαλίδα
3401 638 3774 712 Συναγωγήν·

2150 722 2411 776 ’δεῖκνυσι
2441 725 2497 777 δὲ
2534 727 2628 778 καὶ
2656 727 2755 796 τὴν
2806 727 3016 781 οἰκείαν
3042 729 3477 799 φιλανθρωπίαν,
3519 733 3605 784 ὅτι
3643 735 3774 786 πολι

2169 817 2328 880 λάκις
2348 817 2616 887 ἠθέλησεν
2661 821 3090 889 ἐπισυναγαγεῖν
3119 823 3340 886 αὐτοὺς,
3372 826 3469 876 καὶ
3497 827 3601 895 τὴν
3626 827 3770 879 ἐκεί-

2170 924 2275 960 νων
2301 908 2561 961 ἀπόνοιαν
2586 910 2865 978 σημαίνει,
2895 912 2956 963 ἐν
2979 909 3057 979 τῷ
3081 911 3277 978 εἰπεῖν,
3309 913 3392 965 ὅτι
3418 914 3536 967 Οὐκ
3577 914 3774 985 ἠθελή-

2171 1013 2300 1050 σατε
2329 1012 2342 1026 ·
2379 997 2587 1066 ἀφίημι
2619 998 2805 1052 λοιπὸν
2859 1001 3025 1071 ὑμᾶς.
3064 1001 3335 1056 Τοσοῦτον
3366 1003 3476 1073 γὰρ
3529 1005 3773 1076 ἐμίσησα

2167 1087 2268 1159 τὴν
2296 1088 2560 1160 πονηρίαν
2614 1089 2790 1160 ὑμῶν,
2820 1091 2963 1146 ὥστε
2995 1093 3115 1146 ούδέ
3166 1093 3259 1147 τὸν
3289 1093 3415 1148 ναὸν
3446 1096 3593 1165 λέγω
3623 1092 3770 1151 οἶκόν

2171 1197 2275 1248 μου
2304 1175 2469 1244 εἷναι,
2503 1181 2619 1234 ἀλλ’
2648 1178 2798 1236 οῐκον
2827 1183 2983 1253 ὑμῶν
3005 1202 3020 1216 ⁸
3049 1186 3177 1256 ἄχρι
3211 1188 3322 1258 γὰρ
3354 1191 3774 1247 ἐνεπολιτεύετο

2171 1271 2301 1340 ὑμῖν
2324 1274 2355 1342 ή
2387 1273 2580 1344 ἀρετὴ,
2609 1274 2705 1328 καὶ
2731 1275 2761 1328 6
2791 1275 2916 1339 ναὸς
2941 1277 3072 1346 ἐμὸς
3101 1273 3170 1347 ἦν
3196 1295 3212 1310 ·
3252 1281 3374 1334 ἐπεὶ
3403 1281 3462 1336 δέ
3483 1283 3582 1336 καὶ
3605 1285 3773 1338 αὐτὸν

2167 1365 2452 1432 ἐμιάνατε,
2499 1369 2593 1420 καὶ
2622 1368 2889 1441 ἐμπόριον
2930 1370 3025 1422 καὶ
3095 1373 3366 1442 σπήλαιον
3417 1375 3642 1448 λῃστῶν
3671 1396 3772 1432 πεο

2167 1457 2435 1527 ποιήκατε
2467 1461 2588 1522 ταῖς
2621 1459 2843 1522 πολλαῖς
2888 1462 3239 1532 καπηλείαις,
3265 1468 3362 1519 καὶ
3395 1468 3475 1537 τῷ
3504 1471 3772 1542 φιλοχρη-

2170 1547 2325 1615 μάτῳ
2361 1548 2459 1618 τῆς
2510 1549 2736 1618 γνώμης
2780 1551 3044 1619 ἀλλήλους
3079 1555 3542 1620 ἀποκτιννύοντες
3567 1577 3582 1592 ’
3611 1560 3774 1613 τοῦτο

2165 1637 2274 1708 γάρ
2302 1641 2451 1691 ἐστιν
2481 1642 2513 1709 ή
2545 1644 2900 1712 πραγματεία
2923 1645 3020 1714 τῆς
3054 1645 3310 1717 λῃστείας
3331 1651 3771 1716 ύποσκελίζουσα

2163 1729 2254 1782 τον
2307 1731 2537 1800 ἀδελφὺν
2591 1734 2685 1787 καὶ
2734 1735 3064 1805 ἀρπάζουσα
3129 1738 3197 1792 τὰ
3261 1740 3466 1795 αὐτοῦ·
3529 1743 3686 1797 δκαὶ
3722 1746 3773 1797 oi.

467 1831 585 1869 rum
612 1816 750 1871 bona
785 1821 1041 1892 rapiant),
1077 1825 1416 1904 etquoniam
1451 1827 1762 1896 speluncam
1782 1831 2052 1886 latronum

2169 1822 2362 1894 luctat
2395 1799 2631 1888 ποιοῦσι,
2673 1799 3096 1896 συμποδίζοντες
3135 1833 3245 1903 γάρ
3279 1835 3406 1896 τοὺς
3439 1836 3648 1903 ὁδίτας,
3682 1837 3776 1890 οῦ-

466 1908 725 1978 templum
774 1910 981 1967 fecistis
1037 1930 1133 1982 per
1177 1919 1602 1984 negotiationum
1646 1921 1881 1990 speciem
1927 1939 2063 1993 quas

464 1998 517 2052 in
551 1999 667 2069 ipso
693 2005 957 2058 orationis
985 2005 1100 2059 loco
1124 2007 1406 2064 faciebatis
1435 2028 1448 2065 :
1491 2027 1596 2066 non
1632 2013 1771 2068 ultra
1806 2031 1924 2070 mea
1955 2019 2056 2071 erit

463 2092 681 2161 domus,
714 2095 810 2150 sed
843 2107 1042 2155 vestra.
1083 2099 1196 2155 Non
1238 2103 1409 2156 solum
1460 2113 1639 2158 autem
1680 2108 1939 2176 templum
1973 2109 2059 2162 in-

465 2185 677 2256 telligas
700 2188 942 2252 domum,
977 2194 1070 2245 sed
1101 2202 1152 2245 et
1172 2208 1387 2248 omnem
1408 2199 1815 2265 generationem
1843 2199 2059 2256 Judaeu-

470 2292 612 2332 rnm.
659 2277 808 2334 Solet
836 2282 979 2336 enim
1016 2283 1294 2353 Scriptura
1327 2297 1380 2341 et
1424 2305 1593 2357 genus
1625 2291 1842 2345 domum
1877 2293 2059 2361 appel-

467 2367 602 2434 lare,
641 2382 696 2426 ut
729 2390 743 2426 :
782 2391 800 2423 ι
841 2374 1044 2429 Domus
1090 2375 1243 2443 Levi,
1280 2379 1583 2435 benedicite
1617 2383 1901 2438 Dominum
1934 2386 1997 2438 ".
2035 2407 2052 2438 ο

465 2462 525 2517 Et
551 2463 653 2519 hoc
675 2465 794 2519 loco
819 2468 1262 2541 potestintelligi,
1287 2471 1485 2528 Domus
1511 2484 1686 2529 vestra
1710 2476 2054 2546 relinquitur,

468 2556 568 2610 hoc
601 2568 706 2623 est,
733 2572 1168 2628 genus'vestrum
1205 2565 1535 2634 relinquitur
1583 2584 1610 2621 a
1648 2583 1733 2623 me
1765 2588 1777 2623 :
1818 2571 1959 2625 sicut
2002 2583 2058 2627 et

467 2659 563 2710 per
589 2648 904 2715 pr0phetam
941 2652 1068 2704 alibi
1100 2654 1254 2719 dicit,
1299 2654 1571 2726 Dercliqui
1600 2658 1818 2713 domum
1855 2677 2053 2726 meam,

469 2733 840 2792 baereditatem
886 2756 1060 2795 meam
1087 2744 1302 2813 reliqui.
1349 2745 1576 2801 Domum
1610 2749 1755 2803 enim
1790 2751 1899 2807 illic
1928 2755 2056 2808 dicit

464 2825 760 2884 lsraelitas.
813 2831 1066 2889 Ostendit
1114 2847 1295 2890 autem
1337 2841 1482 2908 quod
1517 2851 1572 2896 et
1625 2854 1751 2897 ante
1797 2846 1900 2900 hoc
1941 2848 2056 2916 ipse

462 2932 557 2974 eos
614 2925 972 2989 conservarit,
1012 2937 1066 2981 et
1113 2929 1180 2983 ab
1221 2930 1458 2985 inimicis
1494 2933 1760 2990 liberarit.
1812 2936 2054 3006 Denique

464 3009 655 3063 dicens
686 3031 697 3065 :
733 3012 850 3068 Non
883 3032 967 3070 me
999 3018 1250 3074 videbitis
1275 3023 1446 3078 donec
1477 3026 1699 3092 dicatis,
1728 3027 2052 3087 Beuedicms

2171 1935 2276 1979 τως
2306 1917 2403 1987 ἠδη
2452 1919 2520 1972 τὰ
2571 1919 2750 1971 αὐτῶν
2789 1913 3152 1988 ἀφαιροῦνται
3176 1941 3188 1953 ο
3227 1927 3351 1981 ἐπεὶ
3380 1924 3474 1981 οῦν
3521 1931 3615 1982 τὸν
3642 1933 3773 1985 ναὸν

2171 2007 2438 2073 σπήλαιον
2478 2008 2690 2078 λῃστῶν
2728 2015 3064 2080 πεποιήκατε
3124 2014 3211 2067 διὰ
3245 2017 3305 2069 τὸ
3358 2017 3465 2071 τῶν
3503 2037 3772 2091 πραγμα-

2168 2101 2335 2154 τειῶν
2390 2099 2551 2168 εἶδος,
2587 2101 2656 2165 ἃς
2696 2105 2752 2155 ἐν
2780 2104 2928 2173 αὑτῷ
2986 2105 3065 2176 τῷ
3123 2109 3222 2176 τῆς
3269 2114 3586 2183 προσευχῆς
3634 2113 3771 2186 οἴκῳ

2167 2195 2420 2260 ἐποιεῖτε,
2452 2194 2635 2248 οὐκέτι
2670 2197 2801 2264 ἐμός
2827 2197 2974 2250 ἐστιν
2993 2194 3162 2263 οἶκος,
3187 2201 3304 2253 ἀλλ’
3333 2203 3490 2271 ὑμῶν
3510 2222 3522 2232 ·
3559 2205 3636 2259 Οὐ
3669 2208 3768 2276 μόο

2167 2301 2254 2338 νον
2283 2286 2338 2338 δὲ
2367 2287 2458 2339 τὸν
2492 2289 2616 2340 ναὸν
2646 2289 2861 2356 νοήσεις
2895 2284 3072 2356 οἷκον,
3116 2291 3249 2345 ἀλλά
3283 2295 3377 2346 καὶ
3407 2296 3506 2366 τὴν
3541 2296 3770 2352 ἃπασαν

2165 2379 2359 2447 γενεὰν
2387 2379 2497 2434 τῶν
2535 2378 2827 2434 Ἰουδαίωνο
2857 2377 2966 2434 οἶδε
2997 2384 3106 2454 γὰρ
3141 2387 3173 2455 ἡ
3224 2385 3418 2456 Γραφὴ
3455 2390 3550 2440 καὶ
3592 2390 3650 2442 τὸ
3671 2391 3768 2457 γέ-

2166 2490 2255 2535 νος
2293 2469 2440 2526 οἷκον
2473 2472 2765 2543 ὀνομάζειν
2789 2489 2803 2503 ο
2851 2476 2926 2537 ὡς
2953 2476 3035 2537 τὸ,
3079 2495 3096 2528 ι
3127 2473 3288 2540 Οἶκος
3339 2480 3492 2542 Λευῒ,
3535 2482 3767 2552 εὐλογή-

2167 2583 2295 2618 σατε
2325 2566 2416 2618 τὸν
2446 2566 2671 2635 Κύριον.
2715 2586 2733 2618 ›
2773 2568 3071 2622 Κάνταῦθα
3119 2569 3211 2624 οὖν
3241 2571 3464 2626 δύναται
3501 2575 3764 2646 νοηθῆναι

2165 2657 2241 2719 τὸ,
2276 2653 2423 2719 οἶκος
2460 2658 2582 2710 ἀντὶ
2601 2657 2695 2710 τοῦ
2722 2657 2780 2711 τὸ
2810 2660 2967 2726 γένος
2995 2661 3150 2731 ὑμῶν
3184 2663 3404 2730 ἀφίεται
3437 2667 3570 2736 παρ’
3601 2665 3759 2738 ἐμοῦ,

2162 2748 2237 2813 ὡς
2268 2749 2362 2802 καὶ
2396 2750 2483 2802 διὰ
2514 2750 2607 2802 τοῦ
2655 2752 2937 2821 προφήτου
2987 2753 3221 2825 ἀλλαχοῦ
3252 2773 3446 2824 φησιν,
3495 2759 3768 2829 Ἐγκατα-

2163 2841 2389 2896 λέλοιπα
2419 2844 2510 2896 τὸν
2542 2840 2690 2898 οἶκόν
2725 2861 2850 2914 μου,
2877 2846 3067 2916 ἀφῆκα
3099 2850 3198 2917 τὴν
3224 2849 3595 2922 κληρονομίαν
3629 2873 3760 2924 μου·

2162 2931 2311 2989 οἶκον
2337 2936 2448 3006 γὰρ
2473 2938 2593 2989 ἐκεῖ
2634 2939 2762 3001 τοὺς
2804 2939 3148 3010 Ἰσραηλίτας
3197 2945 3370 3015 φησί’
3407 2946 3649 3002 δείκνυσι
3679 2950 3758 3013 δὲ,

2161 3024 2243 3075 ὅτι
2270 3025 2366 3075 καὶ
2390 3023 2497 3093 πρὸ
2529 3025 2720 3078 τούτου
2749 3027 2915 3091 αὐτὸς
2963 3025 3031 3099 ἦν
3073 3031 3101 3082 6
3133 3033 3378 3104 συνέχων
3412 3037 3633 3103 αὐτοὺς,
3668 3045 3763 3096 καὶ

460 3104 553 3171 qui
599 3107 743 3158 venit
775 3107 828 3159 in
879 3112 1100 3168 nomine
1132 3113 1343 3170 Domini
1377 3135 1392 3172 :
1429 3124 1724 3177 secundum
1776 3126 2048 3196 signiﬁcat

2167 3113 2258 3164 τῶν
2287 3113 2501 3183 ἐχθρῶν
2536 3115 2829 3184 ῥυόμενος⁸
2875 3118 2932 3171 τὸ
2971 3119 3048 3184 δέ,
3085 3123 3158 3175 Οὐ
3214 3126 3285 3193 μή
3326 3143 3392 3196 με
3425 3129 3572 3199 ἴδητε
3599 3131 3762 3200 ἄχρις

460 3192 623 3266 393
642 3198 959 3269 adventum;
981 3203 1325 3262 involuntarii
1341 3213 1485 3266 enim
1503 3223 1630 3269 tunc
1651 3192 2056 3274 conﬁtebuntur

2167 3203 2228 3255 ἂν
2252 3202 2444 3272 εἴπητε
2465 3244 2479 3269 ,
2512 3205 2893 3277 Εὐλογημένος
2925 3213 2951 3263 6
2983 3192 3283 3284 ἐρχόμενος
3297 3192 3357 3270 ἐν
3386 3192 3762 3290 ὀνόματι

463 3294 519 3339 et
552 3287 887 3345 Salvatorem
927 3303 981 3347 et
1011 3295 1320 3365 Dominum,
1357 3305 1574 3372 quando
1601 3305 1731 3376 ipsis
1759 3311 1902 3365 nulla
1933 3312 2056 3368 inde

2167 3294 2314 3365 ρίου·
2350 3296 2447 3366 τὴν
2495 3297 2760 3368 δευτέραν
2803 3303 3060 3371 σημαίνει
3111 3309 3434 3377 παρουσίαν.
3478 3287 3613 3367 Τότε
3649 3317 3760 3388 γὰρ

469 3374 679 3432 utilitas
713 3382 946 3440 eveniet.
997 3383 1135 3449 Quid
1171 3389 1369 3458 igitur?
1403 3392 1519 3447 Non
1563 3374 1812 3453 viderunt
1851 3403 2000 3457 illum
2025 3420 2054 3458 a

2167 3387 2254 3440 καὶ
2279 3387 2506 3452 ἄκοντες
2539 3389 2975 3462 ὁμολογήσουσιν
3017 3374 3201 3451 αὑτὸν
3236 3401 3466 3473 Σωτῆρα
3517 3406 3612 3458 καὶ

462 3482 571 3537 quo
599 3479 839 3539 tempore
868 3476 982 3531 haec
1006 3479 1179 3534 dixit?
1207 3482 1424 3552 Utique.
1455 3487 1648 3544 Dicens
1689 3494 1832 3547 enim
1869 3515 1881 3549 :
1936 3496 2052 3554 Non

2167 3493 2297 3546 ριον,
2356 3480 2444 3532 ὅτε
2494 3480 2679 3542 αὐτοῖς
2734 3483 2886 3536 οὐδὲν
2921 3484 3134 3555 ὖφελος.
3185 3492 3250 3543 Τί
3287 3489 3415 3559 οῦν;
3475 3498 3576 3550 οὐκ
3617 3495 3757 3554 εἶδον

467 3575 552 3615 tne
577 3562 830 3621 videbitis
853 3582 918 3621 ex
944 3569 1035 3623 illo
1065 3581 1328 3643 tempore,
1375 3594 1480 3632 non
1527 3587 1715 3638 horam
1752 3601 1871 3656 quae
1925 3600 2055 3647 tunc

2167 3571 2320 3625 αὐτὸν
2354 3575 2449 3642 ἀφ’
2477 3568 2538 3628 οὗ
2567 3575 2744 3628 ταῦτα
2767 3572 2924 3642 εἶπε;
2966 3580 3075 3632 Καὶ
3098 3583 3249 3650 μάλα
3275 3603 3290 3616 ο
3322 3586 3452 3640 ὅταν
3474 3585 3567 3642 οὖν
3598 3590 3755 3664 λέγῃ,

462 3662 583 3705 erat
616 3654 904 3726 significat,
934 3662 1028 3715 sed
1059 3672 1271 3734 tempus
1299 3672 1441 3737 quod
1470 3683 1588 3741 post
1620 3654 1839 3732 crucem
1873 3698 1885 3735 :
1915 3684 2056 3737 sicut

2167 3665 2238 3718 Ξτι
2288 3666 2361 3719 Οὐ
2398 3683 2464 3737 με
2503 3667 2650 3739 ἴδητε
2717 3669 2827 3722 ἀπὸ
2856 3670 2951 3724 τοῦ
2985 3673 3101 3738 νῦν,
3136 3676 3254 3747 οὐχὶ
3298 3679 3400 3748 τὴν
3448 3681 3572 3735 τότε
3607 3682 3757 3753 ὤραν

463 3745 511 3800 si
554 3746 780 3804 dixisset
813 3769 825 3804 :
865 3753 908 3805 Α
939 3763 1180 3831 tempore
1226 3774 1334 3828 quo
1385 3778 1471 3817 me
1499 3766 1911 3839 cruciﬂxeritis,
1947 3791 2052 3829 non

2167 3756 2439 3826 σημαίνει,
2462 3759 2599 3812 ἀλλά
2629 3761 2719 3813 τὸν
2750 3764 2887 3832 μετά
2912 3763 3002 3817 τὸν
3036 3745 3271 3840 σταυρόν
3301 3745 3494 3841 χρόνον
3521 3789 3533 3801 ·
3564 3745 3756 3846 ὥσπερ

465 3834 606 3889 ultra
638 3853 723 3894 me
762 3839 1038 3911 videbitis,
1077 3847 1250 3904 donec
1283 3853 1525 3910 redeam.

1052 4070 1280 4129 CAPUT
1316 4074 1454 4132 XIV.

470 4190 552 4278 De.
571 4195 880 4278 hydropico.
905 4199 1068 4278 Quod
1099 4221 1202 4259 non
1235 4206 1392 4261 liceat
1444 4211 1644 4266 ambire
1664 4231 1860 4278 primo:
1890 4236 2050 4275 accu-

533 4265 692 4319 bitus.
726 4266 880 4333 Quod
905 4265 1098 4352 ’ἀει-θαι
1150 4278 1318 4354 magis
1358 4265 1648 4354 vocarent!
1664 4265 2053 4354 ’5é55h"§52-

532 4351 676 4416 pereo
706 4346 1113 4416 narraturum“.
1144 4345 1220 4400 De
1240 4345 1450 4404 'vocatis
1495 4351 1564 4405 ad
1607 4369 1830 4412 canam.
1880 4345 2053 4416 Poru-

533 4406 652 4460 bola
682 4409 745 4462 de
767 4411 998 4478 (edi/icio
1024 4417 1205 4469 turris.

534 4587 716 4646 Vsns.‘
749 4591 862 4647 1-6.
902 4612 920 4646 ι
955 4595 1024 4649 Ει
1051 4594 1254 4652 factum
1308 4609 1392 4655 est
1429 4618 1552 4657 cum
1583 4605 1831 4664 introiret
1866 4609 1917 4664 in
1949 4611 2048 4667 do-

2155 4215 2295 4284 Hspl
2341 4216 2450 4272 τοῦ
2487 4219 2566 4284 ὐᾶ

2159 3847 2224 3902 ἂν
2265 3849 2312 3900 εί
2348 3846 2523 3914 εῐπεν,
2567 3852 2688 3920 Ἀφ’
2718 3848 2779 3907 οὗ
2826 3872 2893 3924 με
2931 3859 3298 3929 σταυρώσετε,
3353 3866 3540 3921 οὐκέτι
3574 3869 3638 3922 οὐ
3678 3874 3752 3941 μή

2161 3958 2230 4011 με
2260 3941 2428 4014 ἴδητε,
2462 3942 2625 4014 ἀχρις
2647 3946 2713 4000 ἂν
2741 3948 2902 4004 πάλιν
2923 3951 3082 4007 ἔλθω,

2765 4085 3021 4142 ΚΕΦΑΛ.
3058 4091 3154 4145 IA'.

2226 4224 2295 4284 τρι
2341 4224 2450 4272 τοῦ
2487 4224 2852 4290 ὐδρωπικοῦ.
2899 4224 3040 4294 Περὶ
3074 4227 3182 4282 τοῦ
3234 4228 3323 4298 μὴ
3378 4231 3626 4304 ἀγαπᾷν
3652 4237 3758 4305 τὰς

2226 4292 2690 4375 πρωτοκλισίας.
2710 4292 2858 4375 [1pr
2881 4296 3341 4375 3011::thng
3371 4301 3622 4375 μᾷλλον
3666 4313 3760 4374 εις

2227 4357 2304 4439 τὸ,
2325 4357 2577 4439 δεῖπτςον
2613 4357 2843 4439 afuisti,
2876 4367 2910 4432 ἢ
2937 4357 3348 4439 φίλοψςίὶῖερὶ
3371 4357 3756 4433 ὶῶνίὲαιᾶὐῖ-

2088 4468 2134 4525 D
2478 4430 2550 4525 fr
2576 4432 2656 4499 τῷ
2694 4426 2956 4502 δείπνῲῘ
2971 4438 3108 4507 Περὶ
3136 4426 3490 4514 ὀὶκὸδομῆς

2232 4513 2390 4568 παρα
2395 4501 2543 4568 ϐολὴ
2553 4539 2567 4556 .

2230 4631 2250 4665 ι
2287 4613 2398 4668 Καὶ
2429 4614 2647 4685 ἐγένετο
2676 4618 2734 4670 ἐν
2764 4617 2842 4690 τῷ
2877 4620 3145 4677 εἰσελθεῖν
3173 4625 3339 4680 αὐτὸν
3373 4629 3452 4694 είς
3491 4627 3645 4686 οῖκόν
3670 4652 3750 4689 τι-

460 4697 605 4736 mum
639 4681 918 4753 cujusdam
967 4689 1231 4760 principis
1281 4691 1678 4753 Pharisaeorum
1708 4700 1945 4758 Sabbato
1980 4705 2048 4761 ad

2167 4723 2242 4769 νος
2271 4706 2378 4761 τῶν
2413 4681 2692 4780 ἀρχόντων
2725 4681 2834 4765 τῶν
2859 4715 3171 4784 Φαρισαίων
3228 4681 3749 4794 nassum-(Qad

461 4775 779 4844 capiendum
810 4779 1013 4846 cibum,
1045 4791 1099 4837 et
1129 4783 1225 4852 ipsi
1254 4786 1616 4844 observabant
1644 4806 1788 4847 eum.
1829 4796 1897 4850 Et
1919 4812 2048 4853 ecce

2167 4798 2340 4869 ἱρτον,
2374 4775 2672 4856 καιναύτοὶ
2700 4799 2840 4877 ἦσαν
2887 4775 3369 4881 παρατηρούμενοι

469 4869 626 4921 homo
666 4870 884 4938 quidam
938 4873 1262 4945 hydropicus
1313 4889 1429 4933 erat
1468 4891 1594 4936 ante
1636 4882 1804 4940 illum.
1858 4889 1926 4942 Et
1965 4907 2050 4945 re-

466 4961 742 5027 apondens
782 4963 939 5019 Jesus
970 4967 1106 5021 dixit
1150 4972 1215 5023 ad
1251 4969 1591 5041 legisperitos
1641 4987 1696 5030 et
1728 4977 2052 5048 Pltarismos,

461 5054 646 5109 dicens
679 5073 690 5108 :
720 5054 858 5110 Num
892 5058 1016 5112 licet
1043 5059 1278 5116 Salrbato
1307 5066 1533 5119 sanare?
1558 5065 1716 5123 Atilii
1747 5080 2054 5129 tacuerunt.

464 5142 583 5210 Ipse
639 5159 765 5199 vero
801 5151 1199 5216 apprehensum
1251 5156 1466 5209 sanavit
1522 5172 1670 5220 eum,
1721 5176 1785 5215 ac
1821 5163 2047 5220 dimisit.

2158 4890 2267 4945 ἰδοὺ
2299 4892 2588 4965 ἄνθρωπός
2614 4913 2698 4960 τις
2740 4893 2810 4968 ἦν
2841 4899 3151 4972 ὑδρωπικὸς
3188 4904 3508 4977 ἔμπροσθεν
3555 4912 3747 4969 αὑτοῦ.

2157 4986 2264 5038 Καὶ
2294 4987 2616 5058 ἀποκριθεὶς
2648 4991 2676 5043 6
2713 4991 2920 5062 Ἰησοῦς
2954 4989 3075 5048 εἷπε
3111 4996 3248 5067 πρὸς
3273 5001 3400 5063 τοὺς
3417 5003 3746 5073 Φαρισαίους

2156 5075 2249 5127 καὶ
2279 5079 2556 5145 νομικοὺς,
2594 5077 2767 5146 λέγων
2792 5097 2804 5109 ·
2842 5082 2903 5135 Et
2935 5083 3113 5150 ἔξεστι
3145 5087 3474 5157 θεραπεύειν
3497 5096 3557 5147 ἐν
3604 5097 3746 5149 Σαδ-

2152 5164 2330 5235 6ἀτῳ;
2393 5168 2456 5220 Οἱ
2487 5168 2542 5221 δὲ
2577 5169 2884 5239 ἡσύχασαν.
2926 5175 3036 5228 Καὶ
3097 5178 3496 5248 ἐπιλαϐόμενος
3553 5187 3745 5240 ίάσατο

465 5234 531 5287 Et
564 5243 893 5306 respondens
920 5242 987 5295 ad
1023 5243 1143 5298 illos
1188 5247 1322 5300 dixit
1347 5267 1359 5302 :
1387 5249 1554 5316 Cujus
1588 5263 1826 5308 vestrum
1861 5257 2046 5313 asinus

2167 5234 2326 5322 ιύτδν,
2381 5262 2476 5313 καὶ
2517 5234 2780 5319 ἀπελύσε.
2837 5267 2946 5321 Καὶ
2991 5234 3498 5346 ἀποκριθεὶξπρὸζ
3543 5234 3744 5346 αῦτοῦς

433 5328 675 5381 'autbos
705 5331 755 5384 in
797 5344 1014 5402 puteum
1057 5337 1232 5403 cadet,
1274 5352 1326 5394 et
1357 5357 1459 5396 non
1493 5346 1751 5401 continuo
1798 5351 2050 5406 extrahet

470 5419 672 5439 ,.._____.
755 5423 784 5439 ..
857 5425 886 5439 ..
933 5427 979 5439 ..
1046 5427 1116 5439 ,.-
1154 5427 1190 5439 ..
1762 5436 1818 5439 ,ν

2167 5345 2266 5402 εἶπε
2296 5366 2308 5380 °
2330 5351 2486 5416 Τίνος
2515 5353 2667 5424 ὑμῶν
2693 5355 2815 5420 ὄνος
2849 5357 2880 5427 ἢ
2918 5358 3042 5429 βοῦς
3080 5328 3160 5426 εἰς
3188 5328 3366 5436 φρέαρ
3395 5328 3742 5439 ἐμπεσεῖται,

469 5419 617 5472 illum
661 5421 710 5474 in
736 5423 821 5477 die
856 5425 1116 5480 Sabbati?
1152 5427 1216 5481 Et
1255 5446 1362 5484 non
1413 5441 1666 5501 poterant
1709 5436 1774 5490 ad
1814 5438 1928 5492 lucc
1965 5455 2050 5493 re-

2149 5443 2365 5496 καὶούκ
2397 5444 2601 5510 εὐθέως
2641 5449 2951 5504 ἀνασπάσει
2976 5453 3141 5507 αὑτὸν
3172 5458 3229 5509 ἐν
3281 5461 3346 5529 τῇ
3397 5462 3585 5536 ἡμέρᾳ
3649 5465 3739 5518 τοῦ

464 5513 732 5580 spondere
765 5516 860 5570 illi.
902 5536 920 5569 ι
964 5521 1223 5577 Dominus
1262 5525 1394 5580 satis
1419 5526 1596 5582 sciens
1645 5528 2044 5623 Pharisaeoran

3321 5513 3346 5529 ..
3417 5513 3451 5531 ..
3490 5513 3585 5536 7..—
3659 5513 3735 5518 ---

2167 5536 2464 5605 Ξαόὁάτου;
2524 5540 2634 5594 Καὶ
2663 5543 2763 5596 οὐκ
2810 5545 3042 5615 ἴσχυσαν
3083 5549 3560 5622 ἀνταποκριθῆναι
3595 5558 3740 5629 αὐτῷ

464 5608 862 5675 morositatem,
921 5611 1223 5682 ingreditur
1275 5616 1327 5672 in
1387 5632 1570 5676 eorum
1627 5622 1838 5682 domos.
1893 5608 2049 5682 Cura:

2167 5629 2284 5696 τρὺς
2314 5630 2511 5687 ταῦτα.
2557 5651 2576 5687 ι
2631 5634 2693 5690 Εἰ
2726 5637 2820 5692 καὶ
2869 5608 3138 5710 ἐγίνωσκε
3182 5643 3243 5696 τὸ
3280 5608 3590 5718 δύστροπον
3633 5608 3739 5707 τῶν

545 5791 587 5819 ⁸³
616 5788 755 5848 Psal.
799 5812 1016 5865 cxutv,
1052 5799 1140 5854 9.0.
