4030 6410
318 366 430 429 9'39

1116 357 1565 421 ENARRATIO
1608 359 1687 418 IN
1728 358 2235 421 EVANGELIUM
2278 362 2498 425 LUC/E
2527 363 2787 446 -.CAP.
2821 364 2977 427 XIV.

3534 363 3643 434 930

318 473 629 547 Φαρισαὲων
651 473 678 526 6
708 470 934 543 Κύριος,
960 469 1111 537 ὅμως
1148 468 1309 521 εἱσίει
1339 470 1420 532 είς
1446 469 1573 531 τοὺς
1598 468 1785 531 οἴκους
1819 467 1915 519 αὑ-

2023 469 2168 523 euim
2194 471 2241 524 ei
2270 481 2388 524 crat
2423 476 2733 527 animarum
2768 470 2997 537 utilitas,
3026 478 3079 525 et
3120 476 3409 540 propterea
3437 470 3644 545 ingres-

318 569 430 621 τῶν
451 582 463 593 ·
500 562 767 632 ὠφελείας
800 562 911 631 γάρ
938 557 1129 628 ψυχῶν
1158 558 1469 628 ἐφρόντιζε,
1507 557 1600 607 καὶ
1634 554 1725 609 διὰ
1758 553 1919 609 τοῦτο

317 659 610 731 εἰσήρχετο
635 674 649 689 ·
687 655 719 725 ἢ
751 654 857 723 γὰρ
910 654 975 704 ἐκ
1021 650 1185 720 λόγου
1233 652 1329 703 καὶ
1375 647 1752 714 διδασκαλίας,
1786 647 1817 719 ἢ
1854 649 1919 701 ἐκ

316 751 564 824 σημείων
597 747 912 813 ἐπιδείξεως
939 745 1165 801 δυνατὸν
1201 740 1270 815 ἦν
1332 742 1532 806 αὐτοὺς
1561 740 1916 812 ὠφελεῖσθαι,

316 848 438 914 εἴγε
459 842 772 914 ἠϐούλοντο.
802 838 1173 908 Παρελθόντος
1198 833 1291 891 οὖν
1324 837 1405 899 εἰς
1437 835 1602 905 μέσον
1631 833 1728 887 τοῦ
1748 833 1921 903 ὑδρω-

318 937 506 1001 πικοῦ,
533 935 561 986 6
598 933 799 1003 Κύριος
827 930 887 984 οὑ
915 928 1075 982 τοῦτο
1101 928 1432 996 ὲσκόπησεν,
1468 926 1618 985 ὅπως
1645 922 1720 994 μὴ
1752 939 1920 976 σκαν-

314 1030 509 1101 δαλίσῃ
539 1026 763 1088 αὐτοὺς,
796 1022 911 1077 ἀλλ’
935 1023 1084 1085 ὅπως
1117 1020 1460 1090 εὑεργετήσῃ
1490 1016 1581 1070 τὸν
1619 1014 1919 1086 θεραπείας

314 1120 591 1189 δεόμενον.
644 1119 739 1170 Δεῖ
799 1116 909 1185 γὰρ
964 1115 1133 1185 ἡμᾶς,
1172 1111 1302 1165 ἔνθα
1335 1109 1578 1179 ὠφέλεια
1613 1106 1919 1161 ἁνακύπτει

316 1215 464 1286 μάλα
492 1212 686 1279 πολλὴ,
725 1209 799 1280 μὴ
832 1205 1144 1279 φροντίζειν
1176 1205 1285 1259 τῶν
1322 1204 1571 1275 ἀνοήτως
1626 1197 1919 1254 σκανδαλιο

313 1305 584 1371 ζοιιένων.
628 1302 875 1372 Ἐλέγχει
903 1300 960 1354 δὲ
1010 1299 1110 1369 τὴν
1158 1296 1476 1370 ἀφροσύνην
1504 1293 1614 1347 τῶν
1662 1290 1918 1360 ἐγκαλεῖν

316 1400 623 1470 μελλόντων
651 1396 823 1465 αὐτῷ,
864 1394 944 1447 διὸ
978 1394 1075 1446 καὶ
1120 1392 1325 1463 ἐρωτᾷ,
1359 1390 1422 1444 Et
1454 1389 1635 1456 ἔξεστι
1664 1386 1743 1458 τῷ
1778 1384 1921 1439 Σαϐ‹

313 1492 465 1563 ϐάτῳ
529 1488 891 1561 θεραπεύειν,
946 1487 981 1557 ἢ
1032 1484 1129 1551 οῦ;
1165 1480 1457 1556 Ἀραςγὰρ
1511 1482 1573 1536 οὑ
1622 1480 1919 1554 προφανῶς

312 1585 597 1657 καταγελᾷ
626 1583 809 1638 αὑτῶν
838 1582 914 1646 ὡς
931 1581 1215 1651 ὰνοήτων;
1254 1581 1371 1648 εῐγε
1400 1578 1493 1631 τοῦ
1522 1576 1659 1631 Θεοῦ
1685 1576 1747 1629 τὸ
1776 1573 1918 1629 Σάϐ-

312 1677 480 1732 ϐατον
527 1676 943 1746 εὑλογήσαντος,
981 1672 1140 1728 αὑτοὶ
1200 1670 1504 1726 κωλύουσιν
1559 1668 1917 1737 άγαθοποιεῖν

311 1772 373 1826 ἑν
412 1771 608 1841 τούτῳ,
634 1770 731 1822 καὶ
761 1765 1010 1821 ποιοῦσιν
1043 1765 1179 1819 αὐτὸ
1211 1765 1434 1827 πάντως
1456 1761 1872 1831 ὲπικατάρατον
1898 1775 1912 1825 ;

323 1865 389 1918 Ἢ
420 1864 529 1935 γὰρ
556 1862 741 1934 ἡμέρα
789 1861 823 1932 ὴ
858 1860 1026 1931 μηδὲν
1054 1858 1219 1930 ἔργον
1258 1857 1467 1927 ἀγαθὸν
1521 1852 1913 1923 ἐπιδεχομένη,

310 1959 415 2013 οὑκ
446 1954 812 2026 εὐλογημένη.
859 1952 999 2005 Ἀλλ’
1037 1945 1185 2006 οῦτοί
1240 1966 1304 2019 γε
1338 1948 1563 2017 γνόντες
1604 1947 1730 2001 ὅποι
1759 1945 1917 2017 φέρει

308 2053 373 2104 τὸ
404 2051 690 2122 ἐρώτημα,
724 2049 1036 2119 ἡσύχασαν·
1068 2047 1192 2099 τότε
1221 2044 1286 2115 δὴ
1316 2046 1345 2098 6
1390 2043 1598 2114 Ἰησοῦς
1631 2041 1693 2093 τι
1715 2042 1917 2093 οἰκεῖον

311 2146 479 2208 ποιεῖ,
511 2142 607 2197 καὶ
643 2141 731 2195 διὰ
766 2141 865 2211 τῆς
907 2141 1054 2210 ἁφῆς
1092 2140 1240 2193 ίᾶται
1290 2138 1381 2191 τὸν
1412 2136 1737 2208 ἄνθρωπον·
1797 2128 1915 2187 εἶτα

309 2240 407 2290 καὶ
436 2238 562 2300 τοὺς
584 2234 914 2306 Φαρισαίους
945 2233 1201 2302 ἐντρέπει
1250 2231 1340 2285 διὰ
1370 2229 1585 2296 τούτου,
1629 2228 1916 2301 μονονουχὶ

309 2330 538 2384 τοιαῦτα
565 2330 739 2397 λέγων
770 2329 949 2391 αὑτοῖς
976 2344 988 2357 ·
1024 2327 1087 2380 El
1119 2324 1436 2379 κεκώλυκεν
1476 2324 1504 2375 6
1546 2323 1711 2394 νόμος
1743 2323 1916 2375 ἐλεεῖν

308 2427 369 2477 ὲν
420 2423 704 2493 Σαϐϐάτῳ,
762 2421 836 2494 μὴ
879 2421 1184 2491 φροντίσῃς
1240 2418 1359 2472 υἱοῦ
1406 2416 1812 2478 κινδυνεύοντος
1856 2418 1915 2469 ἐν

310 2511 611 2580 Σαϐϐάτῳ;
644 2511 757 2564 Καὶ
780 2511 833 2564 τί
860 2510 1005 2579 λέγω
1018 2509 1137 2563 υίοῦ
1160 2525 1174 2576 ς
1196 2510 1331 2563 ὅπου
1362 2508 1483 2562 οὐδὲ
1511 2506 1638 2577 βοῦν
1669 2508 1913 2577 ἀϐοήθη-

306 2623 403 2659 τον
438 2604 788 2675 καταλείψεις
829 2606 878 2657 εἰ
916 2604 1301 2659 κινδυνεύοντα
1325 2604 1447 2673 ὄψει
1474 2621 1489 2670 ;
1530 2603 1657 2665 Πῶς
1686 2598 1780 2656 οὖν
1813 2604 1912 2655 οὑκ

307 2698 539 2767 ἀνόητον
564 2696 1003 2767 παρατηρεῖσθαι
1028 2695 1130 2765 τὴν
1151 2695 1247 2749 τοῦ
1275 2694 1589 2765 ὑδρωπικοῦ
1612 2694 1913 2767 θεραπείαν

308 2791 367 2843 ὲν
403 2788 704 2860 Σαϐϐάτῳ;
774 2787 1118 2859 ’Υδρωπικός
1162 2790 1279 2841 ἐστι
1330 2788 1427 2841 καὶ
1465 2789 1575 2851 πᾶς
1601 2788 1660 2851 ὃς
1700 2787 1787 2841 διὰ
1817 2788 1911 2841 τοῦ

306 2882 599 2952 ἀνειμένου
633 2880 750 2951 βίου
794 2882 891 2934 καὶ
934 2881 1103 2951 ὑγροῦ
1141 2881 1283 2934 κατὰ
1314 2881 1492 2953 ψυχὴν
1538 2882 1773 2953 νοσήσας
1801 2881 1911 2934 δει-

307 2975 437 3039 νῶς,
468 2974 641 3028 δεῖται
674 2972 939 3045 Χριστοῦ,
971 2973 1167 3029 οὐκοῦν
1193 2975 1288 3027 καὶ
1321 2973 1824 3045 θεραπευθήσεται,
1861 2978 1910 3028 εί

307 3066 622 3138 ἔμπροσθεν
652 3068 892 3138 Χριστοῦ
924 3069 1172 3139 γένηται.
1228 3069 1288 3121 '0
1310 3069 1419 3139 γὰρ
1440 3067 1756 3139 ἔμπροσθεν
1773 3067 1910 3121 Θεοῦ

306 3156 451 3214 εἶναι
474 3160 672 3213 ἐννοῶν
699 3161 807 3226 ἀεὶ,
840 3160 936 3213 καὶ
968 3159 1094 3231 παρ’
1145 3159 1313 3214 αὑτοῦ
1348 3162 1607 3231 δρᾶσθαι,
1644 3159 1911 3232 ἐλάχιστα

307 3254 536 3323 ἁμαρτή
546 3269 719 3308 σεται.

387 3365 406 3397 ι
450 3346 647 3413 Ἔλεγε
681 3346 736 3399 δὲ
796 3346 931 3417 πρὸς
964 3347 1093 3409 τοὺς
1142 3346 1520 3417 κεκλημενους
1572 3344 1914 3417 παραϐολὴν,

307 3438 527 3508 ἐπέχων
577 3438 689 3500 πῶς
752 3439 852 3501 τὰς
908 3440 1311 3509 πρωτοκλισίας
1356 3439 1704 3506 ἐξελέγοντο,
1738 3439 1917 3506 λέγων

310 3530 451 3601 πρὸς
479 3529 710 3593 αὑτούς·
746 3530 918 3583 Ὅταν
960 3531 1169 3600 κληθῇς
1210 3531 1317 3584 ὑπό
1340 3548 1484 3593 τινος
1510 3533 1589 3594 είς
1613 3532 1813 3601 γάμον,
1840 3532 1915 3602 μὴ

308 3619 649 3689 κατακλιθῇς
669 3621 748 3682 είς
778 3620 877 3690 τὴν
896 3620 1323 3691 πρωτοκλισίαν,
1345 3622 1554 3690 μήποτε
1569 3622 1919 3692 ἐντιμότερός

313 3728 410 3765 σου
513 3712 846 3781 κεκλημένος
881 3711 973 3763 ὑπ’
998 3710 1186 3775 αὑτοῦ,
1225 3712 1319 3763 καὶ
1354 3710 1529 3764 ἐλθὼν
1557 3713 1586 3764 6
1610 3712 1669 3763 σὲ
1693 3712 1789 3764 καὶ
1820 3711 1919 3764 αὑ-

306 3807 401 3856 τὸν
452 3804 711 3867 καλέσας,
758 3804 875 3875 ὲρεῖ
910 3820 1015 3867 σοι,
1052 3806 1150 3867 Δὸς
1176 3804 1359 3874 τούτῳ
1404 3805 1606 3870 τόπον,
1664 3807 1761 3859 καὶ
1789 3806 1911 3859 τότε

307 3896 453 3968 ἄρξῃ
486 3898 605 3967 μετ’
633 3897 897 3967 αἰσχύνης
919 3897 1011 3949 τὸν
1028 3896 1256 3968 ἔσχατον
1276 3898 1443 3951 τόπον
1479 3897 1766 3969 κατέχειν·
1800 3900 1918 3954 ἁλλ’

308 3992 445 4046 ὅταν
490 3990 721 4062 κληθῇς,
780 3990 1071 4061 πορευθεὶς
1121 3991 1396 4046 ἀνάπεσον
1439 3996 1520 4057 είς
1574 3994 1665 4047 τὸν
1690 3993 1919 4064 ἔσχατον

304 4084 497 4149 τόπον,
530 4082 616 4136 ἵνα
639 4084 767 4137 ὅταν
797 4082 927 4155 ἔλθῃ
960 4084 988 4135 6
1022 4084 1310 4157 κεκληκώς
1348 4102 1428 4149 σε,
1462 4085 1594 4159 εῐπῃ
1622 4104 1734 4140 σοι·
1765 4088 1917 4152 Φίλε,

308 4177 695 4246 προσανάϐηθι
724 4177 1027 4245 ἀνώτερον·
1063 4178 1185 4230 τότε
1216 4177 1371 4232 ἔσται
1400 4197 1482 4232 σοι
1515 4179 1645 4247 δόξα
1682 4180 1917 4235 ἐνώπιον

304 4272 420 4321 τῶν
458 4269 939 4339 συνανακειμένων
997 4286 1102 4336 σοι,
1165 4271 1248 4323 ὅτι
1290 4273 1398 4334 πᾶς
1446 4273 1473 4324 6
1519 4271 1672 4341 ὑψῶν
1723 4273 1917 4325 ἑαυτὸν

305 4361 808 4432 ταπεινωθήσεται,
833 4362 924 4414 καὶ
940 4364 967 4415 ὁ
990 4380 1121 4415 ταπῖ
1138 4363 1262 4417 ινῶν
1286 4364 1481 4417 ἑαυτὸν
1503 4363 1875 4434 ὑψωθήσεται.
1892 4385 1910 4417 ι

322 4452 489 4526 Ὁρᾷς
522 4456 590 4507 τὰ
622 4454 814 4507 δεῖπνα
860 4454 955 4507 τοῦ
989 4457 1092 4526 Χρι
1139 4456 1229 4509 τοῦ
1266 4458 1396 4511 ποῖά
1442 4458 1567 4512 τινά
1619 4462 1779 4525 εἰσιν,
1834 4461 1917 4522 είς

2026 578 2119 617 sus
2146 574 2250 619 est.
2281 565 2591 619 Potuisseut
2623 565 2769 618 enim
2792 563 2877 619 vel
2906 579 2970 619 ex
2998 564 3248 619 doctrina
3281 574 3338 619 et
3360 579 3639 649 sernaone,

2024 657 2187 711 velex
2209 658 2528 713 ostensione
2557 657 2949 711 miraculorum
2984 658 3273 712 utilitatem
3301 659 3653 728 percepissin,

2025 748 2069 803 si
2094 748 2313 818 quidem
2336 748 2660 804 voluissent.
2688 748 2862 803 Porro
2887 766 3013 803 cum
3049 750 3102 803 in
3124 748 3365 804 medium
3392 752 3639 806 venisset

2025 841 2382 912 hydropicus,
2448 856 2554 895 non
2614 840 2718 894 hoc
2766 840 3134 895 consideravit
3186 839 3469 906 Dominus,
3506 858 3643 911 quo-

2024 936 2187 991 modo
2241 952 2346 990 non
2385 934 2687 990 offenderet
2722 934 2894 1004 ipsos,
2940 938 3035 990 sed
3083 938 3363 1005 quomodo
3414 945 3637 991 sanaret

2024 1041 2149 1081 eum
2198 1028 2290 1097 qui
2339 1042 2471 1084 cura
2532 1044 2629 1082 sua
2690 1026 2990 1095 indigebat.
3037 1026 3265 1096 Oportet
3326 1030 3472 1083 ettim
3537 1045 3639 1086 nos

2025 1122 2117 1177 ubi
2159 1138 2353 1193 magna
2417 1130 2733 1193 prospectat
2787 1122 3030 1185 utilitas,
3091 1138 3206 1177 non
3254 1138 3449 1179 curare
3502 1124 3641 1179 insi-

2026 1217 2241 1284 pientes
2298 1216 2393 1285 qui
2452 1215 2929 1270 scandalizantur.
3004 1214 3199 1286 Arguit
3248 1224 3431 1270 autem
3504 1216 3641 1271 iusi-

2024 1308 2292 1379 pientiam
2333 1322 2525 1363 eorum
2580 1307 2671 1377 qui
2727 1307 3115 1375 reprehensuri
3169 1317 3348 1374 erant,
3408 1308 3640 1379 ideoque

2024 1404 2362 1469 interrogat:
2390 1400 2617 1458 Licetne
2651 1401 2896 1457 Sabbato
2938 1417 3137 1457 sanare
3167 1418 3234 1457 an
3264 1403 3417 1458 non?
3448 1401 3641 1457 Nonne

2022 1495 2315 1550 manifeste
2348 1494 2540 1549 irridet
2568 1509 2663 1551 eos
2688 1501 2746 1550 ut
2787 1494 3151 1565 insipientes?
3186 1493 3470 1564 Siquidem
3511 1512 3637 1551 cum

2002 1586 2169 1646 Deus
2200 1587 2500 1643 Sabbatutn
2537 1588 2904 1653 benedixerit,
2941 1589 3042 1659 ipsi
3078 1588 3403 1643 benefacere
3446 1589 3640 1659 probi-

2026 1681 2155 1737 bent
2194 1679 2249 1735 in
2273 1694 2359 1745 eo,
2393 1690 2445 1733 ct
2479 1693 2577 1750 per
2612 1678 2714 1735 hoc
2745 1677 2954 1734 faciunt
2985 1680 3218 1734 omnin
3250 1677 3639 1734 maledictum?

2022 1771 2143 1828 Non
2178 1771 2326 1827 enim
2364 1770 2690 1827 benedictus
2708 1772 2932 1827 estdies
2971 1771 3025 1827 in
3059 1785 3169 1841 quo
3192 1770 3327 1826 nihil
3352 1769 3479 1825 boni
3519 1771 3638 1826 ﬁeri

2023 1868 2217 1923 soleat.
2247 1866 2314 1921 At
2339 1879 2463 1920 cum
2493 1864 2547 1918 hi
2568 1864 2805 1921 scientes
2839 1878 2949 1933 quo
2980 1861 3232 1918 tenderet
3256 1862 3635 1930 interrogatio,

2022 1959 2316 2023 siluerunt,
2355 1967 2485 2013 tunc
2510 1956 2669 2012 Jesus
2702 1956 2846 2026 quod
2878 1969 3040 2010 suum
3067 1961 3188 2010 erat
3223 1952 3382 2017 facit,
3417 1964 3473 2009 et
3501 1969 3640 2009 con-

2027 2057 2175 2103 tactu
2233 2056 2395 2104 sanat
2449 2046 2773 2101 hominem:
2842 2044 3040 2099 deinde
3090 2046 3257 2100 etiam
3325 2043 3640 2101 Pharisatos

2020 2142 2348 2198 erubescere
2394 2140 2544 2207 facit,
2581 2140 2741 2211 quasi
2799 2140 2928 2195 talia
2959 2140 3166 2195 diceret
3196 2140 3276 2195 eis
3308 2158 3321 2193 ε
3362 2137 3418 2195 Si
3444 2139 3637 2212 probi-

2020 2234 2229 2291 buisset
2264 2235 2348 2290 lex
2373 2233 2623 2291 misereri
2658 2234 2711 2289 iu
2741 2232 3005 2297 Sahbato,
3041 2248 3147 2287 non
3180 2248 3327 2288 curae
3359 2232 3458 2287 tibi
3488 2232 3628 2289 fuis-

2019 2339 2105 2387 set
2158 2329 2204 2385 si
2258 2329 2569 2385 illius-tuus
2619 2329 2964 2399 periclitatus
3001 2328 3198 2386 fuisse:
3247 2326 3630 2387 iuSabbato?

2022 2423 2088 2478 Et
2108 2424 2241 2495 quid
2269 2424 2392 2479 dico
2429 2423 2615 2480 filius?
2646 2439 2824 2496 neque
2843 2425 3040 2481 bovem
3068 2426 3393 2496 reliquisses
3422 2428 3636 2495 absque

2016 2516 2313 2585 adjutorio,
2342 2519 2387 2573 si
2418 2518 2819 2588 periclitantem
2852 2520 3107 2574 vidisses.
3146 2521 3434 2588 Quomodo
3469 2520 3636 2591 igitur

2019 2628 2127 2668 nou
2160 2612 2385 2668 stultqu
2419 2611 2583 2666 fuerit
2624 2614 2770 2683 quod
2800 2615 3113 2669 observatis
3158 2616 3500 2668 sanationem
3536 2616 3636 2684 hy-

2018 2704 2232 2776 dropici
2278 2706 2330 2760 in
2396 2706 2680 2761 Sabbato?
2711 2703 2880 2778 394
2910 2705 3255 2778 Hydropicus
3314 2714 3397 2760 cst
3452 2706 3635 2761 omnis

2016 2814 2226 2870 qmper
2248 2800 2569 2855 dissolutam
2596 2801 2761 2854 vitam
2788 2812 2837 2855 et
2877 2800 3141 2855 lubricam
3175 2800 3355 2853 anima
3394 2814 3633 2870 suagra-

2016 2895 2159 2950 viter
2191 2902 2442 2965 aegrotat,
2482 2894 2572 2963 qui
2606 2905 2659 2948 et
2715 2894 2936 2949 Christo
2966 2894 3172 2963 indiget
3201 2912 3215 2949 :
3253 2905 3308 2948 et
3350 2892 3637 2947 sanabitur

2015 2986 2197 3057 plane,
2228 2989 2270 3043 si
2308 2999 2435 3043 aute
2481 2988 2764 3043 Christum
2819 2987 3005 3042 fuerit.
3072 2988 3212 3041 Nam
3268 2988 3360 3056 qui
3414 3002 3475 3043 se
3504 2999 3635 3044 aute

2016 3078 2296 3135 Christum
2342 3098 2465 3137 esse
2515 3081 2855 3147 cunsiderat,
2914 3082 3166 3152 cogitans
3218 3096 3440 3151 semper
3494 3095 3634 3151 quo-

1940 3194 1987 3257 ρ
2022 3175 2183 3229 modo
2222 3174 2292 3229 ab
2335 3176 2453 3246 ipso
2476 3174 2750 3243 videatur,
2783 3176 3011 3231 minime
3048 3174 3323 3245 peccabit.

2097 3356 2257 3413 Vsus.
2312 3357 2467 3412 7-H.
2509 3373 2533 3410 ι
2568 3356 2797 3412 Dicebat
2829 3365 3009 3411 autem
3063 3356 3131 3410 ad
3178 3356 3436 3412 invitatos
3469 3372 3634 3428 para-

2019 3452 2223 3515 bolam,
2256 3451 2548 3505 intendens
2578 3451 2852 3519 quomodo
2878 3451 3087 3517 primos
3119 3449 3407 3504 accubitus
3462 3449 3633 3520 eliger-

2019 3550 2160 3606 reut,
2186 3542 2375 3599 dicens
2403 3542 2469 3595 ad
2505 3541 2669 3597 illos:
2700 3542 2835 3597 Cum
2866 3542 3128 3596 invitatus
3158 3541 3329 3595 fueris
3358 3543 3427 3595 ab
3450 3542 3634 3611 aliquo

2020 3639 2088 3693 ad
2136 3638 2376 3707 nuptias,
2444 3652 2511 3692 ne
2544 3639 2842 3691 accumbas
2879 3637 2931 3689 in
2960 3636 3139 3705 primo
3178 3636 3322 3700 loco,
3378 3650 3445 3689 ne
3488 3634 3633 3689 forte

2019 3732 2341 3787 honoratior
2379 3740 2431 3785 te
2476 3731 2545 3785 ab
2587 3730 2679 3785 illo
2733 3730 2806 3783 sit
2875 3730 3159 3792 invitatus,
3226 3739 3282 3783 et
3323 3729 3548 3784 veniens
3589 3730 3631 3784 is

2018 3822 2111 3893 qui
2144 3833 2194 3878 te
2224 3832 2279 3877 et
2310 3823 2458 3875 illum
2488 3824 2729 3887 vocavit,
2754 3822 2901 3876 dicat
2941 3822 3034 3877 tibi
3074 3841 3085 3877 :
3132 3822 3202 3876 Da
3239 3822 3370 3877 huic
3396 3821 3578 3876 locum
3615 3840 3630 3876 :

2018 3924 2074 3970 et
2109 3924 2239 3970 tunc
2290 3915 2523 3985 incipias
2561 3929 2686 3969 cum
2741 3917 2943 3969 rubore
2982 3925 3291 3970 extremum
3323 3915 3502 3970 locum
3547 3924 3633 3971 te-

2020 4022 2153 4062 nere
2222 4026 2235 4061 :
2309 4009 2443 4078 quin
2490 4007 2674 4076 potius
2738 4022 2859 4061 cum
2913 4018 3138 4062 vocatus
3198 4006 3404 4074 fueris,
3454 4008 3631 4075 vade,

2021 4102 2287 4155 accumbe
2352 4102 2405 4153 in
2484 4102 2786 4157 novissimo
2854 4103 3015 4167 loco,
3103 4111 3161 4155 ut
3220 4118 3344 4157 cum
3417 4105 3633 4158 venerit

2020 4192 2113 4260 qui
2140 4202 2192 4246 te
2224 4194 2497 4259 invitavit,
2526 4194 2674 4249 dicat
2718 4195 2816 4250 tibi
2872 4198 3139 4262 :Amice,
3182 4197 3420 4251 ascende
3473 4209 3637 4265 supt-

2024 4285 2135 4339 rius
2176 4302 2189 4339 :
2255 4293 2389 4340 tunc
2438 4287 2546 4340 erit
2580 4286 2677 4342 tibi
2711 4287 2884 4357 gloria
2927 4304 3115 4342 coram
3163 4288 3325 4342 simul
3382 4288 3634 4343 discum-

2022 4378 2317 4435 bentibus:
2356 4380 2481 4449 quia
2506 4382 2688 4435 omnis
2714 4383 2805 4450 qui
2859 4397 2916 4436 se
2942 4382 3179 4446 extollit,
3211 4382 3589 4437 luuuiliabitur
3613 4422 3628 4447 ,

2021 4480 2076 4524 et
2110 4470 2201 4540 qui
2253 4486 2316 4526 se
2348 4471 2621 4535 humiliat,
2646 4473 2960 4528 extolletur.
3008 4492 3027 4527 ι
3069 4473 3434 4529 Videscmnas
3471 4473 3633 4528 Chri-

304 4546 580 4629 ὠφέλειαν
608 4546 800 4617 ψυχῶν
824 4586 839 4611 ,
875 4548 976 4600 οὑκ
1016 4550 1093 4610 είς
1126 4548 1289 4619 κόρον
1333 4550 1575 4620 γαστρὸς
1604 4554 1913 4622 καταστρέ-

2023 4564 2089 4617 sti
2116 4562 2309 4632 quales
2358 4563 2492 4631 sint,
2540 4579 2738 4636 nempe
2772 4567 2825 4620 in
2864 4566 3159 4621 utilitatem
3192 4569 3413 4628 animae,
3444 4577 3497 4621 et
3526 4582 3632 4621 non

305 4640 515 4708 φοντα;
550 4640 655 4693 Ἴδε
684 4641 814 4712 γὰρ,
851 4641 1039 4693 lauto
1075 4640 1167 4693 τὸν
1194 4641 1525 4710 ύδρωπικὸν,
1550 4643 1758 4709 ἐδίδαξε
1787 4645 1912 4709 τοὺς

306 4731 661 4802 Φαρισαίους,
709 4733 791 4787 ὅτι
851 4732 1017 4787 καλὸν
1050 4737 1111 4786 τὸ
1160 4735 1219 4786 ὲν
1253 4734 1519 4805 Σαϐϐάτῳ
1572 4736 1910 4804 εὐεργετεῖν.

319 4824 477 4877 Ἐπεὶ
526 4826 585 4879 δὲ
633 4821 775 4879 εἶδεν
828 4827 1028 4892 αὐτοὺς
1069 4828 1164 4881 καὶ
1207 4830 1465 4899 περὶτῆς
1502 4830 1913 4899 πρωτοκλισίας

308 4919 771 4990 θορυϐουμένους,
832 4922 978 4973 ίᾶται
1033 4924 1125 4974 καὶ
1176 4920 1339 4974 τοῦτο
1370 4920 1433 4973 τὸ
1466 4921 1639 4985 πάθος
1670 4923 1771 4975 οὑκ
1805 4923 1913 4977 ἀπὸ

308 5012 555 5082 σμικρᾶς
583 5012 889 5082 ἀρχόμενον
944 5016 1298 5083 προφάσεως,
1357 5013 1474 5066 ἀλλ’
1523 5015 1632 5067 ἀπὸ
1671 5016 1914 5083 μεγάλης

307 5106 886 5172 κα“ι.δυσδιαφεύκτου,
919 5108 1014 5175 τῆς
1035 5108 1343 5172 κενοδοξίας
1380 5109 1523 5178 φημί
1550 5126 1561 5139 ·
1591 5110 1686 5162 καὶ
1723 5110 1799 5180 μή
1830 5127 1914 5172 τις

305 5198 583 5265 νυμιζέτω
613 5198 710 5267 τὴν
744 5200 872 5267 περὶ
914 5201 1105 5252 τούτου
1126 5202 1478 5254 διδασκαλίαν
1505 5205 1711 5273 μικρὰν
1747 5198 1913 5268 εἶναι,

309 5292 405 5343 καὶ
435 5291 664 5357 ἀναξίαν
686 5294 785 5360 τῆς
810 5292 903 5345 τοῦ
939 5293 1074 5345 Θεοῦ
1112 5297 1591 5366 μεγαλοπρεπείας
1621 5314 1631 5325 ·
1674 5298 1915 5366 μάλιστα

312 5385 415 5455 μὲν
462 5386 567 5453 γὰρ
613 5386 734 5438 οὑδὲ
779 5388 961 5457 ίατρὸν
1012 5389 1400 5457 φιλάνθρωπον
1446 5391 1623 5454 εἴποις
1678 5392 1765 5455 ἂν,
1823 5393 1915 5445 τον

310 5476 593 5541 ποδάγραξ
638 5478 735 5548 μὲν
794 5482 977 5533 ἰᾶσθαι
1028 5484 1523 5552 ἐπαγγελλόμενον,
1560 5494 1651 5537 και
1680 5489 1779 5538 ὅσα
1809 5489 1913 5539 τῶν

309 5572 641 5638 νοσημάτων
704 5573 979 5640 ἀξιόλογα,
1039 5575 1305 5627 δακτύλου
1388 5578 1440 5629 δὲ
1506 5580 1821 5650 σύντριμμα

307 5664 523 5725 ὀδόντος
542 5664 701 5731 ἄλγος
730 5668 804 5735 μὴ
832 5669 1119 5736 δεχόμενον
1150 5671 1494 5737 θεραπεύειν.
1536 5674 1774 5726 "litus;
1802 5676 1915 5739 πῶς

316 5758 515 5827 μικρὸν
545 5758 605 5809 τὸ
636 5760 730 5827 τῆς
768 5762 1073 5827 κενοδοξίας
1130 5766 1324 5826 πάθος,
1369 5765 1395 5815 ὃ
1427 5765 1659 5834 ἠνώχλει
1696 5770 1916 5833 πάντως

310 5854 425 5911 τοῖς
456 5850 554 5911 τὰς
583 5854 985 5917 πρωτοκλισίας
1014 5856 1301 5925 ξητοῦσπν;
1344 5859 1538 5927 Ἐχρῆν
1573 5858 1685 5921 οὖν,
1748 5863 1916 5933 ἐχρῆν

2026 4660 2080 4712 in
2122 4660 2431 4714 satietatem
2466 4662 2672 4715 ventris
2704 4672 3017 4717 vertuntur.
3046 4659 3191 4716 Ecce
3220 4662 3365 4715 enim
3416 4662 3635 4715 sanavit

2025 4749 2381 4821 hydropicum
2415 4768 2428 4804 :
2465 4751 2646 4805 docuit
2678 4749 2989 4806 Pharismos
3016 4754 3160 4821 quod
3216 4752 3414 4806 bonum
3462 4754 3534 4807 sit
3577 4754 3630 4807 in

2026 4839 2266 4898 Sabbato
2294 4842 2637 4899 benefacere.
2682 4842 2747 4898 Et
2789 4851 2979 4913 postea
3009 4845 3200 4899 videns
3222 4860 3319 4900 eos
3360 4846 3426 4899 de
3457 4846 3634 4911 primo

2026 4937 2278 4991 accubitu
2302 4936 2651 5003 tumultuari,
2684 4946 2842 4992 sanat
2872 4949 2927 4992 et
2956 4940 3095 4992 hanc
3122 4937 3492 5003 nilei-tionem,
3513 4954 3637 5009 qum

2027 5044 2131 5084 non
2157 5044 2183 5081 a
2199 5044 2386 5099 parva,
2414 5032 2507 5085 sed
2534 5046 2727 5099 magna
2748 5041 2798 5085 et
2822 5033 2910 5085 vix
2930 5031 3207 5101 elTugabili
3227 5046 3392 5086 causa
3423 5031 3633 5101 incipit,

2026 5121 2175 5175 inani
2218 5122 2437 5190 inquam
2478 5122 2673 5191 gloria.
2695 5123 2845 5177 Et-ne
2868 5124 2988 5189 quis
3017 5124 3295 5176 existimet
3322 5124 3422 5175 hoc
3437 5122 3635 5176 docere

2030 5214 2208 5267 minus
2238 5223 2288 5267 et
2324 5213 2603 5283 indignum
2623 5228 2743 5265 esse
2771 5212 3174 5282 magnificentia
3203 5213 3352 5265 verbi
3385 5212 3501 5274 Dei,
3527 5212 3636 5264 imo

2026 5306 2267 5358 maxime
2308 5306 2469 5375 :quia
2508 5306 2750 5359 medicus
2787 5306 2876 5375 qui
2919 5305 3210 5375 pollicetur
3243 5321 3443 5360 Sonare
3468 5306 3638 5373 poda-

2027 5412 2204 5465 gram,
2236 5412 2535 5465 multusque
2585 5399 2805 5451 morbos
2852 5408 3157 5452 memoratu
3190 5399 3407 5467 dignos,
3460 5414 3637 5465 neque

2029 5490 2322 5557 digitorum
2389 5492 2725 5555 attritiuncs,
2785 5490 2867 5543 vel
2914 5492 3095 5545 dentis
3138 5491 3382 5544 dolorum
3438 5506 3637 5545 sanare

2027 5587 2317 5641 detractat.
2381 5587 2584 5641 Deinde
2648 5590 2921 5656 qumuodo
2975 5604 3177 5655 parvus
3236 5588 3416 5642 inanis
3451 5589 3635 5653 gloria:

2030 5681 2274 5743 nimbus,
2322 5696 2431 5750 quo
2488 5683 2713 5735 omnino
2760 5684 3051 5735 turbantur
3087 5684 3178 5750 qui
3230 5684 3437 5749 primos
3476 5696 3637 5733 ειςίιι-

2028 5774 2167 5827 bitus
2187 5790 2431 5841 qttma‘uui
2457 5782 2475 5828 '.’
2496 5775 2791 5841 Oportebat
2828 5778 2987 5845 igitur
3015 5778 3338 5829 humilitatis
3360 5777 3634 5826 duriorum

2028 5878 2080 5919 et
2130 5869 2433 5938 prim‘ipt‘m
2487 5879 2539 5921 et
2572 5878 3077 5923 unus”mutaturum
3136 5870 3413 5921 tibi-iitum
3451 5886 3637 5928 mum»;
