4030 6402
481 356 584 423 931

1405 362 1991 425 THEOPHYLACTI
2032 364 2448 425 BULGARIE
2486 368 2528 425 Λ
2545 366 2845 428 RCHIEP.

3649 365 3761 425 93-2

473 487 656 528 ramos
687 472 860 525 inanis
909 471 1091 540 gloriae
1122 486 1425 544 amputare.
1476 478 1543 536 Et
1572 478 1673 533 hoc
1711 494 1930 550 quoque
1957 496 2021 535 ex

2156 480 2252 532 τὸν
2278 482 2375 551 τῆς
2405 480 2792 545 ταπεινώσεως
2838 478 3181 544 διδάσκαλον,
3214 481 3306 532 καὶ
3357 479 3628 548 ἀρχηγὶν,
3666 478 3762 529 καὶ

478 565 673 633 pende,
703 564 747 617 si
788 577 893 617 non
927 562 1125 620 fuisset
1156 573 1368 637 tempus
1394 582 1614 634 mensae,
1641 577 1693 623 et
1712 569 1779 626 de
1806 570 1909 626 hoc
1947 573 2063 627 dis-

476 654 734 710 seruisset
766 654 1027 711 Dominus
1062 657 1256 712 relicto
1288 659 1355 713 de
1384 659 1508 713 aliis
1557 661 1722 716 rebus
1770 677 2049 726 sermone,

476 751 617 799 esset
643 743 780 798 forte
806 744 1229 815 Ireprebensioni
1284 748 1479 805 locus:
1523 766 1667 806 nunc
1709 762 1888 806 autem
1934 754 2063 823 quia

478 838 605 891 liora
641 850 811 891 coma:
846 849 900 891 et
944 839 1262 896 ambitionis
1315 843 1538 897 morbus
1571 844 1801 898 miseros
1837 845 2063 900 turbans

475 938 601 981 ante
640 927 829 982 oculos
863 927 1159 984 Salvatoris
1189 932 1533 999 versabatur",
1569 941 1778 1001 tempus
1804 944 1923 988 erat
1958 934 2061 987 ad-

474 1019 811 1073 monitionis.
869 1017 1004 1074 Vide
1034 1020 1177 1073 enim
1206 1028 1261 1076 et
1291 1021 1450 1077 aliter
1503 1026 1778 1093 quomodo
1818 1039 1847 1077 a
1897 1026 2055 1094 culpa

472 1111 745 1163 hominem
787 1110 1003 1175 liberet,
1032 1121 1087 1167 et
1112 1115 1384 1182 quomodo
1424 1114 1599 1182 ipsum
1624 1114 1837 1169 civilem
1867 1114 2054 1170 faciat.

469 1198 684 1269 Quanta
723 1203 867 1257 enim
925 1205 1243 1261 confusione
1269 1208 1485 1276 plenus,
1523 1222 1643 1262 cum
1704 1208 2057 1273 requisiveris

468 1292 648 1347 locum
706 1305 756 1348 te
810 1293 1112 1365 indignum,
1152 1305 1207 1351 et
1259 1299 1455 1353 deimle
1501 1313 1622 1352 cum
1674 1302 2057 1367 supervenerit

468 1386 698 1455 dignior,
733 1389 778 1439 is
806 1389 895 1455 qui
930 1399 980 1441 te
1001 1371 1418 1455 vocavit,~dicat
1448 1408 1462 1444 :
1495 1388 1570 1444 Da
1600 1389 1725 1446 huic
1748 1391 1947 1455 locum,
1982 1392 2057 1447 id-

466 1494 571 1548 que
622 1480 799 1549 saepe?
829 1480 1323 1539 Desccndes‘enim
1363 1494 1459 1556 tu,
1492 1484 1568 1538 illi
1599 1495 1780 1540 autem
1814 1487 2051 1556 primum

466 1572 642 1626 locum
680 1574 1047 1641 occupabunt.
1098 1575 1327 1643 Contra,
1375 1586 1581 1647 quanta
1629 1578 1791 1633 laude
1834 1579 2051 1650 dignus,

464 1666 681 1733 quando
731 1666 905 1734 prima
963 1667 1096 1722 sella
1126 1669 1657 1743 dignus,‘principio
1687 1672 1835 1729 sedet
1870 1674 2061 1754 inhit-1

467 1756 581 1810 mili
608 1756 751 1822 loco,
785 1769 840 1812 et
885 1770 1072 1829 postea
1115 1776 1229 1830 pra:
1272 1762 1393 1817 aliis
1432 1764 1625 1819 sedere
1677 1765 2059 1836 compar-itur,

466 1850 716 1904 omnibus
775 1851 849 1904 illi
888 1824 1065 1921 primo
1110 1824 1231 1909 loco
1278 1844 1638 1913 cedentibus?
1687 1824 1825 1913 Num
1884 1860 2047 1930 igitur
2078 1824 2122 1885 Β

463 1956 628 2009 parva
661 1944 754 1996 tibi
783 1942 993 1998 videtur
1027 1946 1115 2000 illa
1142 1946 1441 2003 admonitio
1472 1949 1704 2016 Domini,
1729 1968 1848 2022 quae
1870 1948 2043 2009 maxi-

465 2046 604 2085 mam
646 2034 907 2089 virtutum
936 2035 1296 2093 humilitatem
1344 2040 1520 2105 docet,
1548 2051 1601 2096 et
1636 2043 1687 2097 in
1726 2044 2035 2099 auditorum

462 2126 743 2179 animabus
760 2129 1013 2195 collocat,
1049 2140 1105 2186 et
1134 2133 1199 2185 ad
1230 2134 1515 2191 honestam
1548 2138 1671 2192 vitae
1706 2141 2044 2196 observatio-

460 2232 580 2269 nem
605 2217 767 2289 395
798 2220 987 2275 ducit?
1012 2223 1061 2277 id
1089 2227 1233 2294 quod
1256 2226 1458 2283 Christi
1492 2229 1719 2286 dilectus
1743 2234 2040 2305 discipulus

461 2308 658 2366 Paulus
692 2322 881 2383 postea
907 2315 1045 2371 dixit
1073 2334 1086 2371 :
1125 2336 1145 2370 ι
1182 2316 1377 2373 Omnia
1411 2322 1636 2379 honeste
1658 2334 1712 2379 et
1734 2328 2032 2380 secundum

456 2404 731 2469 ordinem,
781 2407 987 2475 inquit,
1024 2410 1173 2464 fiant.
1212 2429 1231 2462 ι
1258 2410 1375 2479 Quo
1407 2426 1563 2483 pacto
1597 2417 1882 2487 igiturhoc
1914 2420 2043 2475 lict?

453 2492 640 2549 Nullus
668 2508 873 2566 quaerat
899 2503 1042 2568 quod
1074 2517 1231 2557 suum
1250 2512 1352 2568 est,
1380 2508 1473 2561 sed
1495 2511 1867 2580 unusquisque
1896 2515 2039 2582 quod

452 2584 697 2641 alterius.
734 2587 896 2643 Vides
946 2591 1269 2663 discipulum
1326 2601 1515 2654 eadem
1545 2599 1711 2672 loqui,
1767 2617 1886 2671 qua
1917 2622 2035 2657 ma-

450 2678 617 2745 gister
661 2680 809 2749 ejus?
880 2682 1023 2739 istud
1078 2701 1208 2743 vero
1255 2707 1323 2743 ει
1391 2692 1584 2749 Omnis
1644 2696 1736 2764 qui
1794 2699 2029 2766 seipsnm

447 2772 653 2825 exaltat
677 2775 1052 2831 humiliabitur
1072 2777 1139 2845 ⁸⁸,
1167 2800 1185 2833 ι
1243 2797 1350 2852 quo
1390 2796 1549 2854 pacto
1577 2786 1910 2860 intelligam?
1944 2791 2031 2843 Et-

449 2862 595 2917 enim
630 2866 783 2920 multi
810 2866 863 2920 in
907 2869 1015 2923 vita
1059 2871 1157 2925 hac
1180 2887 1239 2927 se
1269 2876 1829 2944 exaltantes,‘honore
1850 2882 2036 2935 fruun-

442 2961 556 3013 tur.
587 2955 755 3025 lgitur
784 2958 886 3014 hoc
940 2963 1157 3029 quidem
1196 2965 1468 3022 humiliari
1511 2982 1615 3037 est,
1652 2976 1872 3043 quando
1904 2982 2027 3048 quis

443 3044 642 3103 fruitur
674 3066 869 3118 magno
904 3054 1111 3111 honore
1142 3057 1195 3112 in
1232 3060 1454 3125 mundo,
1489 3070 1599 3117 tum
1632 3067 1800 3123 miser
1830 3078 1883 3124 et
1918 3044 2023 3125 bu-

2167 566 2456 644 τελειωτὴν
2489 574 2723 645 Χριστὸν
2751 574 2933 626 πάντα
2969 573 3165 626 κλάδον
3197 573 3295 642 τῆς
3327 574 3570 642 πονηρᾶς
3604 573 3761 642 ῥίζης

2166 664 2264 733 τῆς
2294 663 2601 728 κενοδοξίας
2635 664 2945 732 ἐκτέμνειν.
2980 665 3090 716 Καὶ
3120 663 3279 717 τοῦτο
3308 662 3364 715 δέ
3400 680 3491 732 μοι
3521 663 3755 733 προσλο-

2166 756 2320 825 γίζου
2346 775 2360 790 ο
2402 759 2449 811 ει
2478 759 2576 825 μὲν
2604 752 2699 811 οὖν
2734 758 2835 811 οὐκ
2871 752 2941 826 ἦν
2971 756 3162 827 καιρὸς
3183 754 3485 828 τραπέζης,
3548 757 3647 809 καὶ
3679 756 3757 809 δι-

2165 849 2384 917 ελέγετο
2412 850 2539 920 περὶ
2569 849 2774 903 τούτων
2800 851 2826 903 ό
2845 850 3071 921 Κύριος,
3092 851 3251 918 ἀφεὶς
3271 848 3396 911 τοὺς
3427 848 3560 918 περὶ
3582 847 3760 902 ἄλλων

2164 942 2376 1008 λόγους,
2409 938 2554 1012 εῖχεν
2589 941 2656 995 ἀν
2687 941 2845 1007 λόγον
2874 943 2906 1012 ἡ
2947 941 3177 1011 μέμψις,
3214 941 3310 993 νῦν
3340 941 3394 993 δὲ
3421 939 3642 993 δείπνου
3670 938 3758 990 δν-

2161 1048 2273 1095 τος,
2298 1032 2392 1083 καὶ
2414 1031 2509 1083 τοῦ
2537 1031 2634 1102 τῆς
2656 1031 3059 1102 φιλοπρωτείας
3085 1032 3291 1093 πάθους
3321 1032 3427 1100 πρὸ
3453 1030 3758 1100 ὀφθαλμῶν

2160 1123 2255 1177 τοῦ
2288 1124 2543 1194 Σωτῆρος
2577 1124 2922 1194 ἐνοχλοῦντος
2963 1127 3072 1187 τοῖς
3104 1127 3379 1187 ἐλεεινοῖς,
3420 1125 3618 1196 καιρὸν
3672 1121 3753 1177 εἶ-

2162 1219 2309 1286 χενὴ
2338 1218 2680 1285 παραίνεσις.
2716 1217 2821 1269 Ἴδε
2851 1216 2961 1288 γὰρ
3000 1218 3095 1270 καὶ
3132 1217 3307 1278 ἄλλως
3362 1218 3527 1270 πόσου
3560 1216 3756 1287 μώμου

2158 1309 2251 1362 τὸν
2282 1309 2567 1380 ἄνθρωπον
2617 1310 2976 1375 ἀπαλλάττει,
3028 1310 3271 1373 καὶπῶς
3317 1311 3549 1379 κόσμιον
3590 1310 3755 1364 αὐτὸν

2160 1403 2327 1453 ποιεῖ.
2359 1400 2539 1470 Πόσης
2588 1400 2698 1471 γὰρ
2728 1400 2995 1470 αἰσχύνης
3035 1400 3365 1470 ἀνάμεστον,
3385 1401 3519 1453 ὅταν
3543 1401 3638 1453 τὸν
3679 1399 3755 1470 μὴ

2158 1492 2441 1563 πρέποντά
2484 1510 2566 1547 σοι
2622 1494 2786 1547 τόπον
2831 1495 3153 1565 ζητήσαντι,
3199 1488 3318 1545 εἶτα
3370 1493 3622 1557 ἐλθόντος
3658 1492 3754 1546 τοῦ

2156 1587 2530 1657 ὲντιμοτέρου.
2577 1589 2605 1640 ό
2642 1587 2880 1649 καλέσας
2915 1604 2973 1640 σε
3015 1588 3179 1658 εῑπῃ·
3224 1588 3324 1650 Δὸς
3352 1587 3532 1657 τούτῳ
3561 1588 3751 1649 τόπον,

2155 1681 2249 1731 καὶ
2277 1678 2435 1732 τοῦτο
2468 1679 2751 1742 πολλάκις,
2802 1681 2903 1732 καὶ
2938 1679 3239 1749 ὑποϐαίνῃς
3276 1680 3375 1749 μεν
3405 1679 3592 1743 αὐτὸς,
3616 1680 3755 1732 ἐκεῖ-

2155 1771 2322 1825 νοι³δὲ
2349 1771 2753 1842 προεδρεύωσι;
2795 1773 2968 1825 Πόσου
3004 1774 3059 1826 δὲ
3094 1774 3317 1827 ἐπαίνου
3360 1772 3508 1836 ἄξιον
3532 1777 3757 1825 τούναν-

2152 1865 2290 1927 τίον,
2319 1866 2448 1917 ὅταν
2476 1867 2503 1917 ό
2526 1865 2624 1935 τῆς
2658 1864 2881 1936 πρώτης
2918 1866 3188 1935 καθέδρας
3234 1866 3404 1929 ἄξιος,
3436 1865 3650 1929 ὑποϐὰς
3695 1866 3756 1929 ἐξ

2156 1958 2357 2030 ἀρχῆς,
2398 1954 2517 2011 εἶτα
2563 1958 2910 2029 προεδρεύων
2946 1958 3168 2029 εὑρεθῇ,
3211 1960 3428 2012 πάντων
3458 1958 3753 2028 ἐξισταμέ-

2156 2070 2261 2105 νων
2296 2050 2446 2123 αύτῷ
2489 2051 2597 2103 τῶν
2630 2051 2946 2120 πρωτείων;
2974 2047 3122 2121 Ἀρα
3176 2052 3349 2120 μικρά
3393 2069 3474 2104 σοι
3532 2054 3684 2106 δοκεῖ
3717 2054 3754 2124 ἡ

2154 2142 2377 2210 τοιαύτη
2407 2139 2501 2193 τοῦ
2553 2142 2757 2208 Κυρίου
2799 2141 3141 2209 παραίνεσις,
3197 2141 3295 2209 τὴν
3329 2141 3598 2210 μεγίστην
3639 2144 3752 2193 τῶν

2154 2233 2386 2303 ἀρετῶν,
2417 2235 2514 2304 τὴν
2544 2232 2875 2285 ταπείνωσιν
2897 2231 3316 2300 ὑπογράφουσα,
3363 2234 3459 2285 καὶ
3485 2236 3607 2296 ταῖς
3638 2234 3753 2287 τιῐιν

2148 2327 2521 2398 ἀκροωμένων
2556 2328 2758 2397 ψυχαῖς
2790 2325 3198 2393 ὲγκαθιστῶσα,
3231 2328 3327 2380 καὶ
3373 2327 3508 2395 πρὸς
3550 2329 3609 2378 τὸ
3655 2329 3752 2380 εῦ-

2153 2438 2362 2491 σχημον
2392 2422 2601 2489 ἄγουσα
2622 2420 2783 2487 τόνγε
2834 2418 3004 2487 αὐτῆς
3033 2420 3332 2487 ἀκούοντα;
3360 2422 3498 2488 ὅπερ
3536 2415 3631 2474 οὖν
3655 2424 3749 2474 καὶ

2147 2514 2175 2563 ὁ
2201 2511 2437 2581 Χριστοῦ
2464 2511 2712 2583 μαθητὴς
2739 2509 2951 2576 Παῦλος
2976 2509 3357 2581 ὕστερονεῖπε,
3391 2530 3408 2562 ι
3447 2513 3633 2566 Πάντα
3654 2514 3747 2564 εὐ-

2150 2603 2437 2673 σχημόνως
2477 2603 2573 2657 καὶ
2606 2604 2748 2655 κατά
2780 2604 2956 2669 τάξιν,
2982 2604 3134 2674 φησι,
3163 2603 3416 2670 γινέσθω.
3443 2623 3459 2654 ι
3497 2605 3621 2667 Πῶς
3651 2601 3748 2658 οὖν

2148 2693 2309 2747 τοῦτο
2332 2694 2626 2763 γενήσεται
2651 2711 2664 2759 ;
2697 2695 2904 2765 Μηδεὶς
2931 2696 2992 2749 τὸ
3014 2696 3208 2749 ἑαυτοῦ
3238 2696 3492 2766 ζητείτω,
3523 2697 3663 2751 ἀλλὰ
3686 2698 3748 2751 τὸ

2145 2783 2239 2837 τοῦ
2268 2785 2459 2854 ἑτέρου
2493 2784 2746 2849 ἕκαστος.
2790 2785 2954 2857 Ὁρᾷς
2981 2787 3072 2842 τὸν
3116 2788 3366 2859 μαθητὴν
3400 2788 3466 2841 τὰ
3500 2791 3640 2843 αὐτά
3665 2790 3744 2859 τῷ

2142 2878 2451 2932 δ.δασκάλω
2481 2876 2887 2949 φθεγγόμενον;
2915 2880 2990 2933 Τὸ
3009 2882 3087 2944 δὲ,
3108 2902 3139 2932 ~¢
3172 2882 3285 2944 Πᾶς
3309 2885 3336 2934 ό
3367 2883 3516 2951 ses»
3548 2885 3746 2941 ἑαυτὸν

2146 2968 2670 3040 ταπεινωθήσεται,ι
2715 2971 2833 3034 πῶς
2858 2974 3156 3042 νοήσομεν;
3189 2973 3299 3027 Καὶ
3328 2976 3437 3045 γὰρ
3470 2975 3657 3030 πολλοὶ
3686 2978 3744 3029 ἐν

2142 3061 2223 3130 τῷ
2256 3062 2356 3132 βίῳ
2388 3063 2565 3133 τούτῳ
2598 3062 2862 3132 ὑψοῦντες
2902 3065 3155 3129 ἑαυτοὺς,
3177 3069 3339 3137 τιμῆς
3366 3068 3705 3123 ἀπολαύουσι
3726 3088 3737 3102 ·

445 3138 590 3193 milis
632 3140 692 3193 lit
723 3144 863 3211 apud
898 3144 1087 3202 Deum.
1127 3149 1353 3221 Insuper
1381 3168 1485 3209 n0u
1530 3172 1702 3226 usque
1729 3160 1796 3214 ad
1845 3161 2031 3230 finem,

2142 3153 2297 3206 τοῦτο
2327 3156 2425 3223 μὲν
2456 3150 2549 3208 οὖν
2583 3155 2700 3208 ἔστι
2736 3156 2797 3209 τὸ
2842 3157 3265 3225 ταπεινοῦσθαι,
3304 3163 3431 3215 ὅταν
3486 3181 3571 3228 τις
3600 3167 3740 3219 ἀπο-

445 3243 623 3297 neque
646 3234 788 3300 apud
820 3251 1012 3294 omnes
1045 3240 1096 3294 in
1134 3242 1225 3296 tali
1268 3245 1476 3300 honore
1501 3257 1605 3312 est,
1635 3251 1730 3305 sed
1773 3264 2031 3322 quantum

446 3333 476 3370 a
516 3320 842 3389 quibusdam
880 3329 1228 3394 observatur,
1260 3343 1470 3390 tantum
1497 3338 1565 3394 ab
1592 3339 1713 3395 aliis
1746 3320 2035 3409 irridetur,

448 3421 503 3464 ct
535 3426 920 3485 nonnunquam
960 3420 1025 3474 ab
1082 3422 1166 3477 his
1206 3441 1235 3479 a
1276 3428 1476 3495 quibus
1524 3431 1841 3487 honoratur.
1901 3435 2037 3492 Vera

442 3500 607 3571 igitur
638 3514 722 3559 est
766 3512 1060 3567 sententia.
1106 3513 1174 3569 Et
1217 3520 1395 3573 omnis
1433 3521 1686 3592 indignus
1736 3528 1878 3581 hanc
1933 3530 2034 3583 sibi

441 3593 830 3652 sublimitatem
874 3602 1180 3671 vindicans,
1206 3607 1602 3679 humiliabitur,
1628 3626 1682 3670 et
1703 3620 1841 3685 apud
1868 3621 2035 3675 Deum

442 3684 683 3753 quiem,
708 3692 927 3756 quando
963 3693 1206 3750 ultimum
1233 3697 1519 3769 judicium,
1546 3704 1598 3759 ln
1622 3684 1751 3759 vita,
1774 3722 1904 3762 vero
1933 3710 2034 3767 hac

441 3776 691 3831 maxime.
735 3780 938 3837 Natura
962 3785 1110 3839 enim
1144 3790 1321 3844 omnis
1366 3791 1528 3847 homo
1576 3794 1829 3865 indignus
1863 3801 2033 3855 subli-

439 3866 651 3922 mitate.
691 3871 893 3928 Nullus
924 3875 1091 3945 igitur
1114 3878 1435 3949 extollatur,
1463 3894 1521 3938 ut
1553 3902 1621 3941 ne
1652 3899 1897 3946 extreme
1927 3894 2028 3948 hu-

438 3959 697 4015 tnilictur.

513 4133 679 4193 Vens.
716 4139 895 4195 12-15.
939 4162 957 4195 ι
995 4144 1219 4202 Dicebat
1246 4161 1426 4207 autem
1458 4165 1511 4209 et
1539 4158 1586 4211 ei
1610 4162 1700 4228 qui
1742 4177 1800 4217 se
1829 4165 2026 4219 invita-

436 4238 589 4281 verat
628 4248 641 4283 :
668 4230 802 4286 Cum
832 4234 965 4289 facis
988 4240 1279 4305 prandium
1305 4255 1396 4298 aut
1419 4259 1655 4311 coenam,
1690 4253 1798 4307 noli
1832 4270 2025 4312 vocare

434 4318 638 4375 amicos
675 4330 830 4389 tuos,
877 4342 1053 4395 neque
1102 4330 1302 4388 fratres
1335 4344 1493 4401 tuos,
1541 4357 1715 4411 neque
1764 4358 2024 4417 cegnatos

436 4419 575 4476 tuos,
608 4427 787 4483 neque
812 4418 1020 4475 vicinos
1053 4424 1247 4478 divites
1271 4466 1286 4489 ,
1322 4435 1606 4497 nequando
1637 4446 1689 4488 et
1721 4438 1819 4505 ipsi
1863 4448 1913 4495 te
1937 4443 2015 4495 vi-

2146 3248 2285 3317 λαύῃ
2317 3248 2559 3311 πλείονος
2591 3252 2756 3319 τιμῆς
2787 3250 2845 3302 ὲν
2874 3250 2952 3320 τῷ
2980 3252 3173 3321 κόσμῳ
3202 3269 3228 3283 θ·
3253 3254 3374 3308 τότε
3417 3258 3525 3328 γὰρ
3556 3258 3740 3324 ἄθλιος

2145 3340 2241 3391 καὶ
2274 3339 2531 3403 ταπεινὸς
2560 3341 2709 3411 παρὰ
2736 3340 2876 3411 Θεῷ.
2899 3342 3133 3397 Ἔπειτα
3151 3345 3209 3397 δὲ
3238 3350 3338 3398 οὐκ
3364 3348 3491 3418 ᾶχρι
3522 3350 3736 3417 τέλους,

2143 3431 2265 3485 οὐδὲ
2303 3432 2455 3502 παρά
2508 3435 2688 3487 πᾶσιν·
2717 3434 2746 3488 ὁ
2784 3434 3027 3500 τοιοῦτος
3092 3440 3341 3508 τιμᾶται,
3393 3442 3511 3493 ἀλλ’
3536 3443 3597 3495 ὲν
3627 3445 3739 3515 ὅσῳ

2140 3522 2351 3586 τούτοις
2398 3528 2664 3594 τιμᾶται,
2698 3528 2897 3581 ἐκεῖνοι
2942 3528 3291 3602 διασύρουσιν
3340 3533 3525 3601 αὑτὸν,
3568 3536 3602 3607 ἢ
3643 3540 3737 3590 καὶ

2139 3617 2298 3670 αὐτοὶ
2327 3619 2376 3670 oi
2408 3619 2698 3688 τιμῶντες.
2741 3620 2969 3692 Ἀληθὴς
2994 3622 3087 3676 οὖν
3112 3628 3143 3695 ὴ
3180 3625 3280 3695 τῆς
3312 3626 3575 3697 ἀληθείας
3597 3632 3737 3684 ἀπό-

2136 3728 2318 3779 φασις.
2359 3712 2468 3763 Καὶ
2505 3713 2614 3774 πᾶς
2643 3714 2672 3764 ό
2719 3713 2939 3779 ἀνάξιος
2996 3714 3205 3783 ὕψους,
3269 3722 3731 3792 σφετεριζόμενος

2136 3803 2319 3867 τοῦτο,
2350 3803 2846 3873 ταπεινωθήσεται,
2896 3810 2991 3860 καὶ
3048 3810 3202 3880 παρά
3233 3811 3311 3881 τῷ
3346 3812 3467 3883 Θεῷ
3494 3815 3617 3885 μὲν,
3640 3818 3733 3870 ὅτε

2134 3896 2167 3964 ἡ
2197 3895 2485 3948 τελευταία
2526 3896 2731 3965 κρίσις,
2763 3900 2871 3951 κάν
2920 3900 2997 3969 τῷ
3043 3902 3144 3971 βίῳ
3190 3903 3248 3955 δὲ
3288 3903 3464 3975 τούτῳ
3507 3910 3730 3962 πάντων

2137 3985 2399 4055 μάλιστα⁶
2460 3987 2623 4055 φύσει
2668 3989 2725 4042 δὲ
2762 3992 2869 4053 πᾶς
2919 3992 3209 4064 ἄνθρωπος
3254 3995 3475 4063 ἀνάξιος
3534 3998 3726 4070 ὕψους.

2130 4078 2338 4149 Μηδεὶς
2368 4074 2461 4132 οὖν
2489 4080 2826 4149 ἐπαιρέσθω,
2865 4083 2953 4136 ἵνα
2991 4085 3067 4155 μὴ
3100 4086 3346 4156 ἐσχάτως
3381 4092 3725 4166 ταπεινωθῇ.

2206 4190 2225 4221 ι
2276 4171 2467 4238 Ἔλεγε
2492 4174 2549 4226 δὲ
2584 4172 2659 4243 τῷ
2684 4175 2974 4243 κεκληκότι
3005 4178 3191 4242 αὑτὸν,
3229 4181 3399 4234 ’Ὅταν
3426 4188 3587 4254 ποιῇς
3603 4188 3727 4256 ἄρι-

2128 4279 2251 4315 στον
2312 4264 2345 4334 ἢ
2394 4263 2610 4318 δεῖπνον
2638 4306 2652 4329 ,
2708 4268 2783 4337 μὴ
2822 4267 2992 4335 φώνει
3024 4272 3149 4333 τοὺς
3202 4272 3394 4339 φίλους
3432 4292 3549 4341 σου,
3586 4280 3725 4349 μηδὲ

2123 4354 2252 4415 τοὺς
2288 4352 2550 4420 ἀδελφούς
2589 4371 2684 4406 σου
2708 4392 2722 4417 ,
2759 4356 2893 4425 μηδὲ
2942 4359 3069 4421 τοὺς
3116 4365 3403 4428 συγγενεῖς
3437 4383 3555 4429 σου,
3585 4370 3724 4437 μηδὲ

2125 4444 2374 4509 γείτονας
2416 4446 2734 4512 πλουσίους,
2781 4451 2992 4517 μήποτε
3021 4452 3113 4502 καὶ
3146 4453 3298 4505 αὐτοί
3329 4472 3387 4507 σε
3433 4458 3724 4514 ἀντικαλέ-

433 4501 617 4555 Cissim
656 4505 907 4571 intitent,
940 4524 1003 4564 ac
1037 4518 1365 4583 rependatur
1402 4520 1495 4575 tibi
1529 4501 1873 4584 beneficium.
1910 4532 2021 4587 lino

433 4607 550 4622 nn...
587 4596 717 4622 Γηηζι.
756 4602 1002 4622 --._-.:__2__
1044 4620 1056 4622 _
1198 4621 1205 4622 ,
1633 4618 1642 4622 -
1684 4619 1693 4622 _
1725 4620 1751 4622 η

2142 4552 2285 4602 ςωσι,
2321 4538 2416 4588 καὶ
2458 4538 2685 4605 γένηταί
2715 4555 2794 4591 σοι
2826 4540 3195 4611 ἀνταπόδομα,
3226 4544 3342 4595 ἀλλ’
3372 4547 3503 4600 ὅταν
3541 4556 3720 4622 ’ποιῇς

431 4607 551 4646 cum
586 4596 719 4653 facis
752 4602 1085 4669 convivium,
1116 4621 1245 4661 voca
1279 4625 1561 4681 pauperes,
1612 4618 1839 4686 debiles,
1870 4626 2020 4679 clau-

430 4683 552 4751 dos,
593 4702 789 4756 cmcos,
847 4703 904 4747 ct
937 4695 1125 4752 beatus
1150 4700 1259 4754 eris
1299 4721 1311 4756 :
1344 4707 1471 4773 quia
1522 4723 1629 4761 non
1669 4726 1897 4780 possunt
1930 4732 2020 4771 re—

429 4779 660 4843 pendere
688 4782 784 4836 tibi
815 4801 830 4840 :
863 4789 1197 4853 rependctur
1224 4794 1368 4847 enim
1402 4798 1492 4850 tibi
1531 4801 1582 4853 in
1616 4779 2021 4866 resurrectione

423 4864 718 4931 iustorum.
759 4872 885 4929 llaec
935 4892 1055 4931 cum
1090 4882 1330 4938 audisset
1363 4888 1577 4955 quidam
1625 4896 1689 4948 de
1725 4897 1885 4951 simul
1931 4916 2018 4955 ac-

426 4963 828 5030 cumbentibus,
863 4967 998 5020 dixit
1030 4970 1109 5023 illi
1142 4990 1153 5025 :
1190 4975 1390 5031 Beatus
1430 4981 1523 5048 qui
1568 4988 1805 5041 comedit
1856 5005 2016 5057 pran-

425 5051 570 5102 dium
606 5056 656 5106 in
695 5072 858 5125 regno
888 5061 1001 5113 Dei.
1039 5081 1055 5113 ι
1081 5062 1155 5117 Ex
1176 5067 1384 5123 duobus
1405 5074 1693 5139 generibus
1723 5051 2009 5137 constabat

425 5147 753 5213 convivium,
788 5166 853 5205 ex
882 5156 1109 5221 vocatis,
1141 5169 1194 5213 et
1227 5160 1307 5214 his
1331 5164 1419 5230 qui
1453 5168 1740 5224 vocabant.
1778 5172 2009 5232 Vocate-

428 5252 548 5289 rutn
580 5256 750 5307 genus
786 5246 989 5300 salubri
1016 5251 1388 5309 admonitione
1418 5259 1485 5309 ad
1520 5259 1878 5320 humilitatem
1927 5270 2010 5321 in-

425 5326 687 5393 duxerat,
740 5342 791 5385 et
841 5336 1144 5393 convivium
1189 5345 1411 5399 minime
1467 5360 1845 5417 sumptuosum
1904 5359 2010 5414 illis

427 5432 803 5485 proposuerat.
836 5424 992 5483 Nunc
1029 5441 1079 5485 et
1115 5432 1167 5487 in
1200 5450 1321 5488 eum
1375 5441 1465 5507 qui
1508 5456 1811 5511 vocaverat,
1852 5450 2011 5505 vicis-

424 5511 525 5563 sim
564 5511 937 5572 liberalitatcm
968 5537 1119 5577 suam
1148 5541 1367 5583 exercet
1394 5548 1405 5582 :
1428 5536 1871 5595 etadmonitione
1889 5543 2009 5596 red-

423 5597 636 5665 invitat,
666 5604 938 5662 abducens
968 5625 1089 5666 eum
1133 5631 1200 5672 ne
1232 5618 1474 5675 convivia
1507 5624 1751 5684 instituat
1788 5632 2006 5689 humani

494 5782 539 5811 “
566 5782 693 5839 Luc.
732 5804 883 5855 xvm,
924 5792 1007 5846 l4.

2121 4628 2307 4698 δοχὴν,
2361 4630 2591 4684 κάλεσον
2627 4634 2913 4700 πτωχοὺς,
2952 4634 3274 4704 ἀναπήρους
3301 4677 3315 4699 ,
3348 4640 3594 4708 χωλοὺς,
3627 4662 3717 4697 τυ.

2121 4720 2305 4789 φλοὺς,
2361 4723 2455 4773 καὶ
2490 4723 2767 4794 μακάριος
2813 4725 2935 4795 ἔσῃ,
2972 4726 3055 4778 ὅτι
3089 4726 3189 4779 οὑκ
3217 4728 3432 4797 ἔχουσιν
3477 4738 3719 4790 ἀνταπο-

2117 4812 2299 4865 δοῦναί
2325 4829 2427 4865 σοι’
2463 4814 2961 4887 ἀνταποδοθήσεται
2992 4818 3100 4887 γάρ
3140 4834 3221 4870 σοι
3248 4819 3310 4872 ἐν
3328 4824 3393 4893 τῇ
3421 4824 3716 4882 ἀναστάσει

2115 4906 2224 4957 τῶν
2260 4906 2505 4960 δικαίων.
2569 4908 2835 4972 Ἀκούσας
2878 4910 2933 4961 δέ
2965 4926 3046 4971 τις
3082 4911 3194 4963 τῶν
3231 4922 3715 4988 συνανακειμένων

2116 4995 2270 5049 εἶπεν
2304 4999 2471 5068 αὐτῷ·
2506 5000 2800 5070 Μακάριος
2832 5000 2890 5062 ὃς
2916 5004 3150 5069 φάγεται
3182 5003 3406 5074 ἄριστον
3443 5009 3503 5061 ἐν
3529 5014 3594 5081 τῇ
3626 5013 3714 5082 βα-

2115 5089 2289 5160 σιλείᾳ
2316 5090 2406 5142 τοῦ
2434 5091 2593 5144 Θεοῦ.
2630 5112 2646 5143 ι
2692 5093 2785 5145 Ἐκ
2815 5093 2961 5145 δυοῖν
2992 5096 3181 5163 μεροῖν
3218 5101 3583 5169 συγκειμένου
3619 5106 3711 5156 τοῦ

2112 5177 2351 5243 δείπνου,
2379 5180 2486 5232 τῶν
2539 5199 2598 5234 τε
2632 5182 2944 5238 καλούντων
2980 5186 3073 5238 καὶ
3112 5185 3220 5238 τῶν
3252 5189 3624 5262 καλουμένων,
3656 5199 3711 5249 τὸ

2117 5272 2214 5339 μὲν
2248 5272 2356 5324 τῶν
2391 5273 2744 5343 καλουμένων
2787 5278 2950 5349 μέρος
3002 5281 3140 5351 ἔφθη
3188 5285 3275 5338 διά
3319 5288 3705 5356 παραινέσεως

2114 5366 2194 5427 εἰς
2229 5366 2326 5436 τὴν
2378 5369 2643 5438 σωτήριον
2695 5375 3203 5446 ταπεινοφροσύνην
3258 5382 3703 5449 χειραγωγήσας,

2114 5461 2207 5510 καὶ
2233 5458 2363 5527 ὄψον
2385 5460 2571 5523 αὐτοῖς
2596 5462 2943 5535 ἀδαπάνητον
2967 5468 3232 5537 παραθεὶς
3258 5510 3271 5533 ,
3300 5470 3489 5523 λοιπὸν
3520 5472 3575 5525 δὲ
3616 5475 3705 5525 τὸν

2117 5550 2426 5605 καλέσαντα
2478 5555 2996 5627 ἁντιφιλοτιμεῖται,
3051 5561 3144 5613 καὶ
3192 5561 3279 5615 διά
3324 5566 3702 5635 παραινέσεως

2115 5644 2395 5716 ἀνθεστιᾷ,
2427 5649 2657 5717 ἀπάγων
2703 5652 2865 5705 αὑτὸν
2895 5653 2988 5706 τοῦ
3026 5655 3112 5707 διά
3143 5673 3262 5709 τινα
3303 5657 3465 5727 χάριν
3497 5661 3701 5732 ἀνθρω·
