4030 6420
246 417 365 486 933

968 410 1421 474 ENARRATIO
1471 411 1549 471 ΙΝ
1592 408 2101 471 EVANGELIUM
2146 411 2366 473 LUC.E
2424 436 2491 449 -
2527 410 2685 472 CAP.
2725 410 2881 472 XIV.

3471 410 3580 477 936

252 534 423 602 πίνην
458 531 558 595 τὰς
597 529 874 591 ἑστιάσεις
906 526 1183 579 ποιεῖσθαι
1205 566 1220 589 ,
1271 526 1365 578 xai.
1394 524 1495 595 τὴν
1546 524 1858 595 παραυτίκα

1973 524 2180 581 favoris
2214 525 2297 579 vel
2351 525 2815 581 remunerationis
2851 539 2975 580 mox
3021 520 3349 599 recipiendae
3379 528 3575 595 gratia.

250 624 607 697 ἀντιμισθίαν
636 620 979 690 ἐκδέχεσθαι.
1034 619 1098 672 Oi
1147 618 1257 688 γὰρ
1303 615 1638 687 μικρόψυχοι
1672 615 1860 684 φίλους

251 715 609 786 καλοῦντεςῆ
636 713 924 781 συγγενεῖς
953 709 1041 764 διὰ
1073 707 1171 777 τὴν
1207 710 1266 762 ἐν
1302 707 1381 777 τῷ
1414 706 1662 777 παρευθὺ
1698 707 1861 778 χάριν

248 814 415 867 τοῦτο
459 807 703 871 ποιοῦσι,
734 804 839 860 κᾶν
888 805 965 877 μὴ
1001 803 1231 874 τύχωσι,
1282 800 1759 872 δυσχεραίνουσιν.
1797 801 1861 853 Oi

250 907 311 959 δὲ
363 900 735 975 μεγαλόψυχοι
796 900 856 952 τὸ
910 896 1109 968 μέλλον
1152 892 1527 963 ἀναμένοντες
1575 892 1729 963 παρά
1764 891 1858 944 τοῦ

249 998 426 1057 ὅντως
462 991 749 1055 πλουσίου,
792 991 890 1053 τὰς
934 990 1173 1060 ἀμοιϐὰς
1202 991 1539 1061 ἐκδέχονται.
1576 987 1767 1043 Ταῦτα
1803 988 1860 1041 δὲ

249 1089 431 1156 λέγων
485 1090 513 1140 6
568 1086 812 1155 Κύριος,
860 1084 922 1136 οὐ
978 1084 1078 1153 τῆς
1128 1084 1266 1154 πρὸς
1302 1086 1431 1149 τοὺς
1472 1083 1661 1154 φίλους
1691 1083 1859 1153 τιμῆς

250 1180 514 1247 ἀπείργει
540 1180 689 1249 ἡμᾶς
715 1217 731 1243 ,
767 1176 915 1229 ἀλλὰ
938 1177 1011 1245 μὴ
1062 1177 1407 1246 πιπράσκειν
1458 1179 1560 1244 τὴν
1594 1176 1857 1245 φιλοφροο

252 1272 426 1341 σύνην
464 1268 731 1323 παιδεύει.
767 1268 1035 1332 Ἀκούσας
1053 1270 1111 1323 δέ
1142 1287 1225 1332 τις
1253 1269 1449 1332 ταῦτα,
1471 1268 1564 1321 καὶ
1599 1269 1854 1337 νομίσας,

246 1365 331 1419 ὅτι
361 1366 389 1417 6
421 1364 556 1426 Θεὸς
588 1352 1133 1431 ἀντιφιλοτιμήσέται
1160 1401 1181 1426 ι
1224 1362 1318 1415 καὶ
1365 1361 1717 1415 ἀνθεπιάσει
1752 1376 1859 1412 σω-

251 1459 517 1529 ματικαῖς
550 1455 857 1526 τραπέζαις
911 1456 1038 1518 τοὺς
1069 1454 1315 1517 δικαίους
1338 1494 1352 1517 ,
1385 1449 1539 1506 εἶπεν
1560 1468 1575 1485 ·
1617 1454 1701 1506 ὅτι
1732 1453 1859 1506 Μα-

247 1549 445 1617 κάριος
496 1548 647 1610 ὅστις
703 1546 938 1615 φάγεται
991 1545 1218 1618 ἄριστον
1250 1547 1308 1599 ὲν
1359 1549 1426 1617 τῇ
1463 1545 1717 1616 βασιλείᾳ
1760 1544 1857 1598 τοῦ

232 1639 413 1694 ίΘεοῦ.
464 1640 540 1694 Οὐ
588 1640 698 1708 γὰρ
731 1634 799 1708 ἦν
844 1638 1241 1708 πνευματικὸς,
1275 1637 1362 1690 ῖνα
1404 1640 1575 1710 νοήσῃ
1610 1639 1681 1691 τὰ
1713 1637 1858 1708 ὑπὲρ

254 1733 540 1805 αἴσθησιν,
572 1731 687 1786 ἀλλ’
719 1732 801 1783 ἔτι
845 1730 1099 1801 ψυχικὸς,
1153 1731 1433 1785 τουτέστιν
1488 1730 1857 1802 ἀνθρωπίνοις

246 1827 534 1896 λογισμοῖς
572 1824 988 1895 διοικούμενοςο
1048 1822 1294 1886 τοιοῦτος
1339 1826 1448 1896 γὰρ
1490 1826 1518 1877 6
1562 1825 1796 1895 ψυχικὸς
1828 1825 1857 1877 6

250 1919 425 1991 μηδὲν
455 1916 593 1989 ὑπὲρ
622 1917 786 1987 φύσιν
811 1913 1107 1983 πιστεύων,
1135 1915 1275 1969 ἀλλά
1310 1916 1487 1968 πάντα
1513 1916 1658 1969 κατά
1688 1916 1854 1985 φύσιν

246 2010 409 2065 νοῶν.
446 2010 608 2080 Τρεῖς
635 2010 745 2079 γάρ
780 2010 889 2061 εἱσι
921 2009 1314 2072 καταστάσεις,
1335 2008 1598 2079 σαρκικὴ,
1622 2008 1854 2080 ψυχικὴ,

249 2104 347 2156 καὶ
393 2102 764 2173 πνευματική.
822 2102 935 2153 Καὶ
984 2101 1229 2171 σαρκικὴ
1260 2100 1359 2169 μέν
1403 2103 1575 2163 ἐστιν,
1619 2104 1749 2156 ὅταν
1774 2120 1859 2166 τις

244 2194 476 2265 ἣδεσθαι
506 2193 792 2264 βούληται,
833 2194 927 2247 καὶ
950 2195 1165 2264 χαίρειν
1194 2194 1337 2265 μετὰ
1378 2194 1474 2247 τοῦ
1529 2194 1625 2247 καὶ
1658 2193 1857 2255 ἄλλους

246 2291 593 2352 κακοποιεῖν,
649 2282 760 2340 οἷόν
808 2288 928 2339 ἐστι
975 2286 1198 2340 πάντων
1244 2287 1306 2340 τὸ
1346 2286 1458 2340 τῶν
1512 2287 1857 2340 πλεονεκτῶν

246 2380 417 2449 φῦλον
440 2398 451 2409 ·
474 2380 685 2451 ψυχικὴ
702 2379 760 2433 δὲ
786 2380 1149 2446 κατάστασις,
1174 2383 1304 2434 ὅταν
1327 2398 1411 2445 τις
1435 2383 1573 2451 μήτε
1593 2380 1857 2450 βλάπτειν

248 2473 391 2541 μήτε
417 2469 757 2540 βλάπτεσθαι
783 2469 1029 2539 βούλοιτο
1054 2486 1065 2499 ι
1102 2469 1263 2522 τοῦτο
1290 2470 1401 2539 γὰρ
1427 2472 1487 2522 τὸ
1510 2470 1653 2524 κατὰ
1682 2470 1849 2539 φύσιν

246 2564 372 2634 ζῆν·
410 2563 533 2616 ἐπεὶ
565 2563 659 2615 καὶ⁵
690 2564 723 2633 ἡ
760 2563 928 2629 φύσις
964 2563 1103 2631 αὑτὴ
1131 2561 1291 2615 τοῦτο
1325 2564 1460 2632 ἡμῖν
1503 2564 1808 2633 εἰσηγεῖται
1832 2579 1847 2593 '

246 2655 601 2725 πνευματικὴ
639 2654 718 2720 δὲ,
756 2655 887 2707 ὅταν
940 2671 1024 2717 τις
1077 2656 1172 2707 καὶ
1223 2653 1565 2723 βλάπτεσθαι
1610 2654 1856 2724 βούλοιτο

251 2747 343 2802 sta
380 2747 442 2800 τὸ
482 2746 650 2800 καλὸν
713 2746 811 2800 καὶ
865 2748 1281 2817 κακουχεῖσθαι.
1316 2748 1507 2801 Ἔστιν
1541 2748 1633 2802 οὖν
1685 2750 1718 2819 ἡ
1757 2750 1855 2818 μὲν

244 2837 450 2909 πρώτη
506 2839 663 2909 παρὰ
696 2838 884 2906 φύσιν,
920 2840 955 2909 ἡ
985 2839 1041 2893 δὲ
1090 2843 1234 2909 μέση
1282 2840 1431 2893 κατά
1476 2838 1663 2908 φύσιν,
1706 2842 1740 2909 ἡ
1798 2840 1856 2894 δὲ

243 2935 411 3006 τρίτη
443 2931 583 3003 ὑπὲρ
614 2930 803 3001 φύσιν.
836 2930 951 2995 Πᾶς
980 2926 1075 2984 οὖν
1102 2930 1426 3003 ἀνθρώπινα
1466 2932 1707 3003 φρονῶν,
1756 2933 1857 2985 καὶ

251 3026 423 3098 μηδὲν
454 3024 567 3079 τῶν
592 3026 733 3096 ὑπὲρ
773 3022 937 3095 φύσιν
980 3022 1291 3095 δυνάμενος
1342 3024 1563 3093 νοῆσαι,
1617 3023 1853 3095 ψυχικὸς

154 3174 157 3177 .
246 3122 497 3188 λέγεται,
521 3120 600 3183 ὡς
623 3117 771 3190 ψυχῇ
812 3117 909 3172 καὶ
950 3117 1227 3189 πνεύματι
1267 3116 1644 3187 διοικούμενος
1677 3134 1690 3148 ·
1724 3119 1855 3173 ὅταν

245 3214 306 3267 δέ
337 3230 422 3276 τις
454 3213 735 3283 πνεύματι
776 3211 1004 3281 ἄγηται,
1032 3212 1127 3265 καὶ
1156 3212 1344 3266 οὐκέτι
1377 3212 1446 3282 ζῇ
1477 3212 1665 3280 αὐτὸς,
1698 3212 1768 3286 ζῇ
1797 3212 1855 3267 δὲ

248 3310 307 3361 ὲν
341 3306 493 3377 αὐτῷ
518 3304 778 3377 Χριστὸς,
820 3299 974 3368 οὗτός
1022 3305 1169 3359 ἐστιν
1198 3307 1225 3357 ὁ
1260 3305 1664 3375 πνευματικὸς,
1697 3306 1727 3359 6
1756 3306 1856 3377 τὴν

250 3401 417 3471 φύσιν
440 3397 793 3471 ύπεραναϐάς
824 3414 837 3427 ο
878 3396 1113 3467 ψυχικὸς
1147 3396 1241 3450 οὖν
1294 3393 1363 3466 ἦν
1420 3402 1447 3450 ὁ
1491 3399 1722 3467 νομίσας
1774 3401 1859 3452 al-

250 3494 457 3565 σθητάς
487 3492 711 3547 ἔσεσθαι
740 3492 840 3555 τὰς
883 3490 1122 3559 ἀμοιϐὰς
1154 3493 1267 3553 τοῖς
1308 3490 1514 3559 ἁγίοις,
1559 3483 1648 3543 οἷα
1686 3491 1859 3562 μηδὲν

246 3586 360 3642 τῶν
396 3585 539 3656 ὑπὲρ
570 3582 733 3651 φύσιν
759 3582 1063 3651 δυνάμενος
1102 3582 1317 3651 νοῆσαι.

330 3698 348 3731 ι
392 3679 451 3733 '0
478 3677 535 3731 δὲ
556 3671 712 3730 εἷπεν
743 3672 915 3745 αὐτῷ,
940 3673 1266 3745 ’Ἄνθρωπός
1290 3692 1373 3738 τις
1400 3676 1627 3747 ἐποίησε
1645 3676 1863 3730 δεῖπνον

251 3771 421 3842 μέγα,
450 3770 544 3823 καὶ
571 3767 797 3822 ἐκάλεσε
820 3767 1073 3833 πολλοὺς,
1102 3766 1197 3820 κα)⁵
1232 3768 1525 3821 ἀπέστειλε
1562 3768 1654 3821 τὸν
1672 3768 1862 3821 δοῦλον

248 3859 420 3914 αὑτοῦ
456 3862 523 3930 τῇ
554 3857 675 3928 ὥρα
699 3857 796 3910 τοῦ
822 3857 1067 3921 δείπνου,
1104 3858 1283 3909 εἰπεῖν
1316 3859 1428 3919 τοῖς
1465 3858 1859 3928 κεκλημένοις·

250 3954 548 4026 Ἔρχεσθε,
580 3953 664 4005 ὅτι
699 3951 801 4024 1ήδη
831 3951 1034 4021 ἕτοιμά
1073 3951 1190 4004 ὲστι
1229 3950 1433 4005 πάντα.
1479 3951 1590 4003 Καὶ
1622 3950 1863 4023 ἤρξαντο

246 4046 360 4100 ἀπὸ
416 4046 547 4117 μιᾶς
594 4043 989 4116 παραιτεῖσθαι
1043 4045 1269 4104 πάντες.
1325 4044 1384 4095 '0
1434 4042 1654 4113 πρῶτος
1704 4037 1863 4095 εἶπεν

246 4136 401 4208 αύτῷ
422 4152 437 4166 ⁸
483 4134 681 4205 Ἀγρὸν
712 4134 965 4204 ἠγόρασα
991 4174 1004 4198 ,
1054 4134 1146 4186 καὶ
1179 4131 1287 4202 ἔχω
1312 4132 1563 4202 ἀνάγκην
1599 4131 1859 4196 ἐξελθεῖν,

244 4231 345 4284 καὶ
381 4230 510 4283 ιδεῖν
539 4228 936 4298 αύτὸν,ὲρωτῶ
967 4243 1049 4289 σε,
1080 4226 1171 4297 ἔχε
1203 4243 1269 4296 με
1298 4228 1720 4298 παρῃτημένον.
1751 4226 1862 4278 Καὶ

243 4324 438 4393 ἕτερος
487 4316 611 4373 εἷπε
642 4338 655 4351 ’
687 4321 868 4389 Ζεύγη
902 4318 1044 4390 βοῶν
1080 4319 1339 4389 ἠγόρασα
1375 4320 1537 4371 πέντε
1563 4356 1576 4380 ,
1617 4319 1711 4369 καὶ
1765 4334 1863 4369 πο·-

250 4416 487 4488 ρεύομαι
531 4414 827 4485 δοκιμάσαι
857 4413 1022 4478 αὐτὰ,
1054 4413 1247 4483 ἐρωτῶ
1275 4430 1356 4477 σε,
1390 4412 1479 4483 ἔχε
1516 4429 1583 4483 με
1608 4427 1863 4484 παρῃτη-

249 4509 438 4581 μένον.
490 4509 601 4561 Καὶ
639 4508 832 4577 ἓτερος
876 4502 999 4559 εἷπε
1029 4522 1041 4535 ·
1107 4508 1349 4558 Γυναῖκα
1400 4507 1606 4575 ἔγημα,
1642 4507 1738 4558 καὶ
1770 4505 1862 4557 διὰ

243 4600 412 4657 τοῦτο
432 4602 492 4654 ού
522 4600 758 4671 δύναμαι
804 4599 1000 4653 ἐλθεῖν.
1041 4616 1059 4651 ι
1094 4598 1201 4651 Τοῦ
1249 4598 1719 4669 συνανακειμένου
1775 4600 1857 4651 είη

246 4695 470 4758 πόντος,
511 4695 593 4747 ὅτι
626 4696 899 4763 μακάριος
931 4693 989 4756 ὃς
1021 4692 1262 4762 φάγεται
1298 4693 1525 4763 ἄριστον
1556 4694 1615 4745 ὲν
1658 4696 1724 4765 τῇ
1763 4692 1861 4763 βα-

248 4786 433 4857 σιλείᾳ
461 4783 559 4837 τοῦ
600 4784 760 4849 Θεοῦ,
791 4786 819 4837 ὁ
849 4784 1056 4855 Κύριος
1104 4785 1352 4839 διδάσκει
1389 4786 1553 4840 αὑτὸν
1586 4787 1858 4841 πλατύτε-

249 4900 368 4956 ρον,
400 4883 518 4945 πῶς
551 4882 630 4934 δεῖ
654 4885 795 4935 νοεῖν
819 4883 966 4954 ἡμᾶς
990 4884 1089 4947 τὰς
1122 4884 1216 4937 τοῦ
1247 4882 1384 4937 Θεοῦ
1416 4884 1712 4947 ἑστιάσεις.
1750 4885 1859 4937 Καὶ

245 4979 314 5047 δή
342 4992 479 5048 Γςησι
498 4975 816 5046 παραϐολὴν
846 4976 1083 5043 τοιάνδε,
1122 4978 1413 5048 ἄνθρωπον
1444 4978 1543 5048 μὲν
1574 4978 1860 5047 ὀνομάζων

246 5071 344 5122 τὸν
376 5069 768 5140 φιλάνθρωπον
818 5070 986 5123 αὑτοῦ
1034 5071 1278 5141 Πατέρα.
1332 5072 1391 5124 Ὀ
1424 5070 1531 5142 γὰρ
1562 5071 1697 5135 Θεὸς
1730 5073 1860 5124 ὅταν

252 5166 357 5233 μὲν
422 5164 523 5235 τὴν
578 5165 963 5236 τιμωρητικὴν
1019 5163 1189 5217 αὑτοῦ
1248 5163 1480 5234 δύναμιν
1530 5164 1863 5233 αίνίττηται,

250 5258 409 5324 παρὰ
436 5261 501 5328 τῇ
539 5258 730 5328 Γραφῇ
792 5258 1038 5330 πάνθηρ,
1074 5259 1170 5312 καὶ
1205 5256 1470 5329 πάρδαλις
1494 5298 1506 5319 ,
1539 5259 1634 5310 καὶ
1663 5258 1865 5325 ἄρκτος

248 5350 581 5418 ὀνομάζεται
606 5366 621 5393 .'
657 5351 788 5404 ὅταν
816 5351 872 5403 δὲ
916 5350 1336 5421 φιλανθρωπίαν
1375 5350 1501 5403 τινὰ
1530 5348 1867 5402 αἰνίττεσθαι

254 5442 430 5515 μέλλῃ
458 5480 475 5504 ,
529 5443 818 5512 ἄνθρωπος
871 5444 1177 5512 εἰσάγεται,
1230 5442 1422 5515 ὥσπερ
1465 5438 1560 5495 οὖν
1589 5446 1681 5495 καὶ
1722 5440 1817 5494 νῦν
1849 5458 1862 5472 ·

250 5534 447 5605 ἐπειδὴ
482 5535 611 5603 περὶ
659 5536 758 5605 τῆς
798 5535 1330 5605 φιλανθρωποτάτης
1372 5536 1687 5602 οἰκονομίας
1738 5535 1853 5588 δια-

248 5625 529 5697 λαμϐάνει
564 5628 595 5696 ὴ
634 5628 944 5698 παραϐολὴ,
974 5628 1041 5699 ἢν
1080 5628 1390 5698 ἐνήργησεν
1431 5629 1489 5678 ἐν
1530 5627 1683 5695 ἡμῖν,
1742 5643 1856 5677 κοι-

246 5722 458 5783 νωνοὺς
493 5722 642 5791 ἡμᾶς
673 5721 909 5793 ποιήσας
947 5722 1047 5791 τῆς
1099 5722 1303 5792 σαρκὸς
1336 5720 1432 5775 τοῦ
1480 5720 1614 5773 Tim?
1668 5718 1855 5784 αὑτοῦ,

330 5903 375 5933 ⁸⁸
411 5901 588 5957 Galat.
622 5916 682 5967 ιι,
720 5900 812 5955 20.

1968 616 2070 684 Qui
2106 618 2304 688 pusillo
2367 629 2497 673 sunt
2554 618 2774 685 animo,
2810 617 3020 672 amicos
3057 618 3140 673 vel
3194 629 3458 687 cognatus
3506 620 3579 674 ob

1969 712 2257 781 praesentis
2290 712 2417 766 vitae
2450 710 2779 766 beneﬁcium
2808 722 3003 767 vocant
3042 728 3055 765 :
3088 715 3233 780 quod
3288 712 3334 766 si
3394 711 3578 767 minus

1967 812 2398 873 consequantur,
2444 804 2710 873 gravatim
2764 802 2965 856 lerunt.
3016 800 3119 868 Qui
3158 811 3340 857 autem
3393 804 3575 874 magni

1966 904 2097 950 sunt
2125 895 2322 959 animi,
2349 895 2596 949 futurum
2630 895 2912 963 praemium
2942 904 3353 963 exspectantes,
3386 910 3413 949 a
3446 909 3578 950 vere

1966 988 2135 1043 divite
2162 990 2639 1043 remnnerationes
2674 989 2972 1057 accipiunt.
3008 986 3137 1043 Haec
3166 996 3349 1041 autem
3381 988 3575 1044 dicens

1967 1079 2252 1148 Dominus,
2284 1095 2389 1134 non
2416 1096 2514 1134 nos
2538 1080 2607 1135 ab
2633 1079 2827 1134 amicis
2859 1090 3031 1145 arcet,
3067 1082 3160 1136 sed
3176 1080 3573 1151 benignitatem

1967 1190 2071 1228 non
2111 1187 2236 1228 esse
2267 1175 2605 1229 vendendam
2650 1175 2831 1231 docet.
2878 1174 3069 1245 Itaque
3114 1182 3406 1243 postquam
3458 1173 3577 1229 haec

1964 1267 2185 1335 quidam
2228 1268 2496 1333 audisset,
2525 1277 2579 1323 et
2625 1267 2857 1323 sentiret
2891 1268 3037 1337 quod
3088 1265 3231 1321 Deus
3270 1265 3575 1334 corporali-

1966 1362 2065 1413 bus
2083 1360 2289 1415 mensis
2309 1369 2693 1415 remuneraret
2710 1368 2767 1415 et
2787 1358 3144 1415 redinvitaret
3167 1358 3370 1428 justos,
3398 1358 3572 1413 dixit:

1962 1450 2161 1506 Beatus
2194 1452 2285 1520 qui
2315 1453 2553 1507 comedit
2584 1466 2779 1521 panem
2816 1452 2869 1505 in
2917 1465 3087 1523 regno
3123 1450 3238 1506 Dei.
3275 1450 3391 1506 Non
3427 1450 3574 1505 enim

1962 1544 2262 1614 Spiritualis
2288 1554 2428 1611 erat,
2456 1555 2511 1598 ut
2543 1544 2874 1614 int~~lligeret
2894 1560 2956 1599 ea
2980 1560 3101 1610 quae
3128 1528 3529 1616 sup‘rasensum
3556 1560 3570 1597 :

1932 1642 2056 1693 -sed
2089 1639 2343 1694 animalis
2380 1639 2561 1693 adhuc
2593 1649 2730 1706 erat,
2783 1639 2884 1693 hoc
2920 1648 3024 1703 εει,
3073 1641 3340 1692 humanas
3367 1639 3578 1707 cogita-

1965 1734 2142 1785 tiones
2181 1734 2515 1785 swabatur.
2556 1731 2820 1784 Animalis
2856 1730 3005 1784 enim
3038 1738 3149 1790 est,
3182 1729 3277 1801 qui
3317 1730 3453 1783 nihil
3482 1746 3574 1783 su-

1963 1838 2059 1889 per
2084 1833 2332 1875 naturam
2363 1824 2559 1887 credit,
2590 1823 2684 1877 sed
2718 1824 2903 1876 omnia
2959 1824 3263 1877 secundum
3319 1832 3572 1875 naturam

1888 1896 1931 1951 B
1964 1914 2233 1983 intelligit.
2256 1914 2392 1967 Tres
2410 1914 2556 1967 enim
2580 1922 2706 1967 sunt
2729 1914 2975 1977 ordines,
3008 1914 3331 1977 carnalium,
3361 1913 3579 1966 anima-

1963 2006 2093 2060 lium
2128 2006 2296 2077 396
2318 2015 2372 2061 et
2397 2006 2791 2074 spiritualium.
2824 2004 3075 2060 Carnalis
3098 2006 3317 2073 quidem
3349 2013 3457 2070 est,
3482 2004 3574 2073 qui

1962 2102 2078 2155 vult
2108 2102 2279 2155 laetari
2312 2109 2365 2154 et
2393 2103 2632 2169 gaudere
2662 2114 2784 2153 eum
2823 2100 2945 2154 aliis
2981 2097 3321 2154 malefecetit
3347 2140 3360 2163 ,
3402 2107 3461 2152 ut
3494 2108 3579 2154 est

1967 2209 2128 2249 omne
2161 2208 2333 2264 genus
2365 2208 2677 2247 avarorum.
2713 2192 3005 2257 Animalis,
3041 2193 3133 2260 qui
3188 2207 3365 2261 neque
3405 2191 3576 2246 furari

1963 2302 2141 2357 neque
2164 2301 2368 2342 nocere
2397 2285 2535 2351 vnit,
2567 2287 2666 2340 hoc
2700 2297 2786 2340 est
2812 2285 2959 2339 enim
3013 2284 3168 2355 juxta
3208 2294 3457 2339 naturam
3496 2286 3579 2338 vi-

1962 2394 2112 2441 vere.
2144 2380 2589 2449 quandoquidem
2631 2383 2733 2432 hoc
2769 2378 2926 2433 nobis
2957 2388 3152 2431 natura
3190 2378 3407 2433 indidit.
3436 2377 3577 2448 Spi-

1962 2472 2179 2528 rimalis
2212 2487 2374 2538 vero,
2419 2473 2601 2542 quiet
2649 2471 2813 2542 aﬂligi
2857 2483 2910 2528 et
2961 2473 3220 2529 damnum
3280 2473 3425 2530 ferre
3459 2475 3577 2529 vult

1959 2575 2185 2634 propter
2218 2562 2498 2620 virtutem.
2534 2562 2628 2618 Est
2663 2564 2830 2635 igitur
2854 2565 3065 2634 primus
3095 2575 3293 2635 praeter
3320 2564 3404 2619 vel
3436 2566 3574 2621 citra

1961 2667 2235 2721 naturam,
2262 2660 2538 2713 secundus
2563 2658 2718 2728 juxta
2754 2670 3032 2727 naturam,
3056 2661 3252 2714 tertius
3283 2675 3444 2729 supra
3474 2676 3575 2714 na-

1960 2758 2158 2804 turam.
2186 2750 2381 2807 Omnis
2405 2752 2569 2821 igitur
2597 2752 2691 2821 qui
2721 2753 2961 2805 humana
2993 2755 3158 2823 sapit,
3193 2760 3247 2805 et
3295 2768 3401 2805 non
3430 2754 3579 2807 valet

1960 2841 2267 2913 intelligere
2297 2858 2359 2897 ea
2389 2859 2513 2913 qua:
2542 2858 2711 2913 supra
2748 2852 3025 2906 naturam,
3063 2844 3317 2899 animalis
3350 2844 3574 2912 dicitur,

1960 2936 2034 2989 uti
2067 2937 2158 3007 qui
2192 2938 2373 2991 anima
2399 2947 2453 2991 et
2485 2939 2681 3007 spiritu
2707 2938 3062 3008 gubernetur.
3101 2937 3335 3004 Quando
3382 2947 3571 2993 autem

1960 3028 2085 3096 quis
2114 3027 2311 3096 Spiritu
2344 3028 2549 3099 agitur,
2581 3038 2637 3083 et
2666 3044 2773 3081 non
2811 3028 2927 3097 jam
2962 3027 3096 3082 vivit
3127 3029 3268 3097 ipse,
3298 3027 3433 3081 vivit
3461 3042 3575 3082 au-

1962 3130 2071 3175 tem
2106 3121 2159 3175 in
2186 3137 2253 3179 eo
2285 3122 2541 3177 Christus
2573 3123 2641 3183 ⁶⁸,
2677 3122 2764 3176 hic
2803 3132 2889 3178 est
2923 3122 3268 3193 spiritualis,
3315 3131 3574 3177 naturam

1960 3227 2373 3283 supergressus.
2400 3214 2674 3269 Animulis
2707 3215 2874 3285 igitur
2899 3226 3020 3269 erat
3041 3222 3099 3269 et
3131 3213 3243 3277 hic’,
3279 3214 3373 3283 qui
3417 3224 3579 3283 puta-

1962 3303 2057 3360 bat
2088 3304 2201 3360 [οι-ο
2218 3306 2512 3361 sensibiles
2528 3315 2846 3360 sanctorum
2878 3306 3294 3369 retributiones,
3314 3305 3576 3376 quoniam

1964 3397 2100 3452 nihil
2126 3411 2293 3468 super
2324 3408 2577 3452 naturam
2616 3408 2834 3469 poterat
2874 3398 3212 3469 intelligere.

2038 3678 2207 3734 Vens.
2240 3663 2495 3734 16-20.}
2533 3681 2605 3733 At
2652 3681 2769 3749 ipse
2801 3681 2941 3736 dixit
2973 3682 3022 3739 ei
3059 3700 3074 3737 :
3127 3682 3305 3741 Homo
3353 3686 3577 3757 quidam

1965 3781 2255 3843 paraverat
2299 3788 2512 3827 cmuam
2562 3789 2844 3843 magnam,
2869 3787 2925 3829 et
2959 3778 3179 3831 vocavit
3214 3779 3437 3844 multos,
3473 3783 3578 3836 mi-

1964 3866 2151 3935 sitque
2182 3880 2405 3919 servum
2440 3866 2594 3919 illutn
2629 3881 2787 3920 suum
2815 3867 2949 3921 hora
2978 3882 3152 3924 emitte
3182 3881 3239 3926 ut
3262 3872 3474 3929 diceret
3506 3875 3581 3929 itt-

1965 3956 2153 4009 vitatis
2186 3973 2200 4008 :
2236 3955 2433 4010 Venite
2457 3997 2471 4021 ,
2522 3958 2651 4025 quia
2701 3957 2818 4026 jam
2866 3969 3055 4027 parata
3088 3971 3217 4016 sunt
3263 3965 3475 4020 omnia.
3512 3965 3581 4021 Et

1966 4057 2250 4116 ('(Bperunt
2280 4048 2445 4102 simul
2493 4065 2685 4104 ottmcs
2715 4065 3009 4107 excusare.
3045 4052 3267 4110 Primus
3300 4056 3440 4111 dixit
3473 4060 3523 4113 ei
3558 4076 3574 4113 :

1970 4141 2161 4194 Villam
2198 4142 2335 4206 emi,
2390 4150 2445 4194 et
2491 4157 2721 4196 necesse
2774 4155 2859 4199 est
2909 4145 3041 4199 mihi
3082 4150 3259 4210 exire,
3289 4160 3345 4204 et
3380 4150 3576 4207 videre

1966 4234 2112 4287 illam
2153 4256 2163 4288 :
2203 4248 2333 4303 rogo
2369 4246 2438 4298 te,
2472 4234 2608 4288 habe
2630 4250 2718 4289 me
2745 4248 3091 4293 excusatum.
3127 4240 3191 4293 Et
3216 4240 3356 4295 alter
3388 4242 3531 4298 dixit
3562 4261 3578 4298 :

1963 4325 2100 4397 Juga
2134 4326 2297 4381 boum
2332 4327 2438 4381 emi
2469 4328 2739 4398 quinque,
2764 4339 2816 4383 et
2846 4344 2912 4383 eo
2945 4332 3012 4384 ad
3057 4333 3402 4399 probandum
3438 4336 3525 4388 illa
3562 4351 3579 4393 :

1966 4435 2095 4488 rogo
2130 4429 2204 4485 te,
2234 4420 2373 4475 habe
2398 4436 2484 4476 me
2504 4432 2850 4477 excusatum.
2882 4422 2946 4478 Et
2969 4425 3105 4478 dixit
3130 4425 3273 4480 alius
3301 4444 3315 4481 :
3342 4426 3579 4484 Uxorem

1966 4515 2118 4580 duxi,
2149 4525 2204 4569 et
2230 4516 2350 4569 ideo
2379 4530 2485 4569 non
2521 4530 2742 4584 possunt
2772 4518 2981 4573 venire.
3022 4538 3041 4571 ι
3078 4517 3216 4575 Cum
3259 4520 3498 4577 dixisset
3532 4525 3576 4577 is

1891 4618 1937 4674 ι)
1967 4606 2058 4676 qui
2103 4606 2266 4661 simul
2315 4608 2691 4673 aceubnerat,
2750 4608 2971 4663 beatum
3031 4624 3156 4664 eum
3209 4612 3301 4681 qui
3346 4614 3579 4669 comedit

1965 4698 2253 4770 prandium
2292 4700 2342 4753 in
2376 4714 2545 4767 regno
2595 4699 2714 4765 Dei,
2754 4701 3015 4756 Dominus
3064 4704 3371 4759 doeeteum
3415 4703 3579 4759 latins

1964 4791 2241 4860 quomodo
2275 4800 2526 4859 oporteat
2561 4804 2662 4845 nos
2691 4790 3001 4861 intelligere
3035 4793 3344 4847 convivium
3380 4793 3496 4857 Dei.
3526 4804 3581 4848 et

1967 4882 2284 4951 paraholam
2318 4884 2457 4937 hanc
2495 4882 2626 4937 dicit
2657 4900 2669 4937 :
2720 4882 2997 4937 hominem
3030 4885 3248 4953 quidem
3290 4885 3579 4940 nominans

1970 4974 2380 5027 misericordem
2416 4988 2576 5026 suum
2622 4984 2855 5042 patrem.
2890 4974 3121 5040 Quando
3148 4976 3295 5030 enim
3333 4975 3579 5031 vindiea-

1972 5069 2141 5121 tivam
2176 5068 2270 5121 Dei
2310 5067 2574 5122 virtutem
2600 5068 2885 5137 Scriptura
2910 5069 3203 5139 signiﬁcat,
3230 5072 3577 5139 pantheram,

1968 5171 2023 5215 et
2044 5176 2258 5225 ursum,
2290 5172 2344 5215 et
2374 5162 2603 5231 pardum
2632 5175 2756 5214 emn
2792 5170 2988 5223 vocat:
3028 5164 3249 5229 quando
3269 5172 3451 5218 autem
3473 5165 3579 5217 mi-

1966 5253 2265 5307 sericordia
2308 5254 2421 5306 vult
2456 5253 2746 5313 insinuare
2770 5293 2784 5317 ,
2821 5254 3097 5308 hominem
3142 5254 3353 5309 inducit
3388 5273 3401 5309 :
3437 5256 3579 5310 sicut

1968 5358 2022 5401 et
2047 5361 2191 5401 nunc
2224 5347 2803 5401 misericordissimam
2843 5346 2961 5415 ejus
2995 5347 3461 5416 dispensationem
3498 5349 3581 5401 iu-

1970 5439 2222 5507 tt-lligens
2249 5480 2263 5505 ,
2300 5454 2465 5509 qttam
2508 5450 2771 5509 Operatur
2810 5440 2863 5492 in
2918 5440 3099 5504 nobis,
3136 5455 3243 5510 qua
3299 5456 3399 5497 nos
3449 5438 3582 5495 facit

1969 5534 2265 5602 participes
2298 5534 2480 5587 ‘carnis
2512 5533 2635 5587 Filii
2674 5533 2782 5597 sui,
2824 5534 3100 5589 hominem
3131 5549 3255 5588 eum
3305 5533 3574 5588 nominat.

1968 5632 1983 5677 (
2013 5642 2194 5681 cenam
2226 5625 2371 5681 enim
2396 5642 2646 5697 magnam
2683 5630 2897 5683 vocavit
2918 5628 3380 5697 dispensationem
3410 5628 3576 5682 hanc.

1973 5718 2198 5773 Coenam
2228 5721 2476 5787 quidem,
2512 5736 2575 5775 eo
2600 5722 2745 5790 quod
2782 5722 2834 5777 in
2864 5722 3180 5778 novissimis
3210 5721 3573 5795 temporibus,
