4030 6406
496 349 606 415 935

1431 343 2010 406 TﬂEOPHYLACTI
2055 343 2153 403 BU
2163 341 2256 403 LG
2270 343 2306 400 Α
2319 341 2368 401 Β
2381 342 2398 401 l
2411 341 2475 400 IE
2511 340 2715 402 ARCH
2729 338 2865 398 lEP.

3675 333 3783 398 936

493 469 548 519 et
597 457 755 530 qtasi
785 456 848 511 ad
886 470 1161 525 vesperam
1198 453 1376 509 surculi
1412 457 1553 509 venit
1586 455 1860 510 Dominus.
1901 454 2078 522 Magna

2195 452 2484 522 ἄνθρωπον
2518 451 2682 504 αὐτὸν
2706 448 2956 518 ὠνόμασε
2984 461 2996 476 ·
3032 446 3246 500 δεῖπνον
3285 445 3341 500 δὲ
3379 446 3526 516 μέγα
3555 447 3782 500 ἐκάλεσε

495 561 675 606 autem
712 563 862 604 caena
894 548 1028 608 hare.
1077 548 1332 616 quoniam
1383 560 1450 601 ex
1493 545 1744 600 confesso
1819 559 2076 615 magnum

432 716 434 718 ν
496 655 579 699 est
596 645 784 699 salutis
802 649 1002 697 nostra:
1034 642 1377 713 mysterium.
1408 640 1472 694 Et
1501 640 1650 694 misit
1675 653 1892 693 servum
1929 639 2076 692 illum

497 751 649 789 sitttm
683 735 811 788 hora
842 748 1032 788 cumse.
1066 732 1197 800 Quis
1229 743 1307 788 est
1332 747 1521 789 servus
1557 730 1684 785 ille?
1705 729 1757 784 ls
1791 730 1879 800 qui
1907 729 2076 784 forma

497 830 636 884 servi
661 839 964 898 assumpta,
1002 827 1167 881 Filius
1202 828 1291 881 Dei
1334 829 1494 880 homo
1527 825 1704 879 factus
1736 833 1791 878 et
1823 833 1883 878 ut
1918 822 2080 878 homo

500 923 701 976 missus
735 935 856 975 esse
892 921 1106 974 dicitur.
1143 920 1375 973 Attende
1405 917 1675 984 quomodo
1707 931 1812 970 non
1858 915 2078 977 dixerit,

495 1026 736 1076 servum,
769 1011 859 1065 sed
888 1027 1008 1064 cum
1038 1008 1292 1072 articulo,
1317 1023 1530 1063 servum
1555 1007 1701 1061 illum
1726 1020 1902 1059 suum.
1929 1003 2079 1056 Illum

498 1102 715 1170 proprie
733 1101 887 1163 dixit,
907 1099 995 1168 qui
1023 1099 1177 1168 juxta
1214 1097 1444 1152 formam
1474 1099 1760 1150 humanam
1789 1095 1835 1147 ei
1859 1093 2079 1163 placuit,

496 1199 551 1245 et
583 1191 822 1247 servivit.
848 1188 964 1245 Non
995 1191 1140 1243 enim
1177 1199 1231 1244 ut
1261 1187 1429 1242 Filius
1446 1195 1500 1242 et
1525 1187 1663 1239 Deus
1685 1196 1891 1239 tantum
1921 1185 2081 1237 bene-

504 1284 735 1355 placitus
756 1294 838 1338 est
871 1281 1042 1346 Patri,
1073 1281 1166 1336 sed
1197 1290 1251 1334 et
1275 1281 1414 1334 sicut
1440 1280 1602 1333 homo
1624 1277 1739 1346 ipse
1783 1281 1931 1333 solus
1965 1281 2082 1334 sine

495 1385 738 1447 peccato,
773 1371 1023 1430 omnibus
1051 1372 1294 1444 paternis
1327 1371 1571 1425 consiliis
1601 1379 1656 1424 et
1688 1369 1958 1424 mandatis
1983 1371 2082 1425 mi-

496 1472 829 1531 nistravitet
861 1469 1042 1538 paruit
1076 1487 1090 1522 :
1122 1477 1176 1521 et
1218 1465 1382 1537 397
1413 1463 1642 1535 implens
1675 1479 1892 1519 omnem
1921 1464 2083 1534 justi-

499 1561 653 1626 tiam,
679 1561 884 1616 servire
907 1560 1103 1614 dicitur
1133 1560 1240 1614 Deo
1263 1568 1318 1612 et
1347 1556 1492 1611 Patri
1526 1575 1538 1610 :
1563 1557 1683 1612 ideo
1712 1565 1766 1611 et
1792 1558 1909 1627 ipse
1933 1557 2081 1613 solus

496 1652 711 1723 preprie
735 1666 921 1706 servus
945 1650 1034 1704 Dei
1057 1650 1274 1706 dicitur.
1310 1647 1453 1702 Hora
1487 1660 1667 1704 autem
1690 1663 1860 1704 cauae
1883 1649 2081 1703 missus

493 1753 615 1810 est,
651 1743 754 1798 hoc
801 1749 886 1798 est
935 1741 1160 1798 deilnito
1201 1751 1256 1796 et
1305 1753 1612 1812 opportuno
1645 1751 1911 1810 tempore.
1959 1738 2078 1795 Non

2181 533 2280 614 τὴν
2300 543 2619 612 οἰκονομίαν
2654 540 2884 609 ταύτην,
2925 539 3139 592 δεῖπνον
3164 539 3285 608 μὲν,
3308 539 3500 609 ἐπειδὴ
3527 541 3585 592 ὲν
3616 540 3782 610 ἐσχά-

2181 653 2291 698 τοις
2329 636 2561 705 καιροῖς,
2595 634 2684 686 καὶ
2717 629 2829 683 οἷον
2858 631 2950 682 ἐπὶ
2975 629 3210 699 δυσμαῖς
3245 628 3340 683 τοῦ
3383 629 3585 695 αἰῶνος
3619 626 3781 702 ἦλθεν

2183 730 2212 781 6
2266 727 2489 796 Κύριος.
2543 727 2734 793 Μέγας
2776 725 2830 776 δὲ
2872 725 2900 774 6
2936 724 3152 785 δεῖπνος
3193 715 3369 790 οὗτος,
3437 725 3632 797 ἐπειδὴ
3687 728 3784 780 καὶ

2183 819 2634 890 ὁμολογουμένως
2677 819 2820 886 μέγα
2843 815 2903 867 τὸ
2931 816 3032 884 τῆς
3068 816 3347 886 σωτηρίας
3380 816 3542 887 ἡμῶν
3571 820 3780 887 μυστή-

2187 934 2301 986 ριον
2326 932 2339 945 ο
2372 916 2467 968 καὶ
2506 913 2795 967 ἀπέστειλε
2855 912 2947 964 τὸν
2998 910 3190 964 δοῦλον
3232 909 3399 963 αὐτοῦ
3438 912 3504 981 τῇ
3545 909 3669 981 ὥρᾳ
3691 909 3783 962 τοῦ

2182 1010 2421 1063 δείπνου.
2471 1008 2567 1071 Τίς
2611 1009 2760 1058 ἐστιν
2803 1000 2958 1067 οὗτος
2991 1005 3020 1055 6
3047 1003 3264 1067 δοῦλος;
3300 1002 3358 1054 Ὀ
3407 1005 3507 1072 τὴν
3568 1005 3786 1072 μορφὴν

2184 1103 2280 1155 τοῦ
2304 1102 2493 1155 δούλου
2522 1097 2808 1154 ἀναλαϐὼν
2833 1098 2862 1149 6
2898 1097 3024 1160 Υἱὸς
3057 1096 3150 1148 τοῦ
3174 1095 3331 1158 Θεοῦ,
3371 1096 3664 1165 ἄνθρωπος
3699 1113 3787 1164 γε·

2185 1197 2432 1265 νόμενος,
2486 1195 2580 1246 καὶ
2610 1193 2685 1256 ὡς
2718 1191 3006 1262 ἄνθρωπος
3039 1189 3414 1260 ἀποσταλῆναι
3465 1189 3784 1258 λεγόμενος.

2186 1291 2430 1362 Πρόσχες
2459 1287 2516 1342 δὲ
2542 1287 2657 1350 πῶς
2676 1287 2778 1339 οὐκ
2806 1281 2949 1350 εἷπε,
2974 1283 3181 1349 δοῦλον,
3221 1283 3361 1336 ἀλλὰ
3393 1283 3533 1353 μετὰ
3558 1282 3653 1336 τοῦ
3684 1281 3785 1354 ἄρα

2185 1380 2342 1449 θρου,
2373 1378 2464 1432 τὸν
2491 1377 2704 1441 δοῦλον,
2731 1376 2824 1430 τὸν
2853 1376 3086 1446 κυρίως,
3121 1376 3308 1444 φησῖν,
3348 1374 3500 1445 αὐτῷ
3538 1377 3680 1428 κατὰ
3726 1375 3788 1426 τὸ

2184 1470 2527 1540 ἀνθρώπινον
2586 1468 3035 1539 εὐαρεστήσαντα
3063 1466 3156 1518 καὶ
3189 1460 3247 1519 εὖ
3275 1463 3665 1519 δουλεύσαντα.
3702 1464 3782 1519 Οὐ

2187 1565 2349 1633 μόνον
2375 1563 2484 1634 γὰρ
2517 1560 2653 1616 καθὸ
2682 1561 2810 1625 Υίὸς
2840 1559 2934 1613 καὶ
2959 1557 3095 1621 Θεὸς
3142 1556 3437 1627 εὐάρεστος
3473 1555 3556 1626 τῷ
3583 1557 3783 1627 Πατρὶ,

2180 1654 2319 1708 ἀλλὰ
2357 1654 2454 1708 καὶ
2488 1651 2625 1708 καθὸ
2661 1651 2969 1724 ἄνθρωπος,
3000 1651 3163 1713 αὐτὸς
3185 1650 3346 1721 μόνος
3375 1651 3787 1722 ἀναμαρτήτως

2185 1748 2390 1811 πάσαις
2424 1749 2548 1810 ταῖς
2579 1745 2674 1799 τοῦ
2709 1745 2921 1817 Πατρὸς
2957 1743 3177 1815 βουλαῖς
3242 1745 3336 1798 καὶ
3362 1743 3608 1807 ἐντολαῖς
3640 1744 3786 1815 ὑπη-

493 1835 638 1890 enim
675 1834 818 1889 aliud
865 1845 1078 1905 tempus
1128 1835 1466 1889 commodius
1503 1831 1605 1888 fuit
1643 1833 1802 1906 saluti
1859 1842 2078 1900 nostrae,

2189 1841 2444 1912 ρετὴσας,
2482 1841 2580 1893 καὶ
2610 1839 2908 1910 πληρώσας
2943 1839 3128 1891 πᾶσαν
3158 1836 3534 1905 δικαιοσύνην,
3564 1835 3789 1889 δουλεῦσ

495 1940 657 1995 quam
679 1941 785 1995 quo
816 1928 1075 1996 regnabat
1097 1924 1277 1979 Ctesar
1305 1925 1607 1992 Augustus,
1637 1939 1761 1979 cum
1798 1924 1849 1978 in
1871 1939 2084 1978 summo

495 2027 641 2072 esset
669 2016 893 2080 malitia,
930 2032 1090 2086 quam
1129 2017 1336 2071 destrui
1386 2015 1694 2086 oportebat.
1740 2015 1892 2070 Sicut
1936 2014 2081 2069 enim

498 2110 692 2164 medici
722 2110 910 2163 sinunt
948 2109 999 2162 iu
1033 2109 1158 2163 saevi
1199 2109 1370 2162 morbi
1408 2107 1679 2163 ulceribus
1719 2108 1919 2163 malum
1968 2123 2084 2163 om-

498 2215 620 2256 nem
661 2201 944 2254 humorem
977 2214 1290 2271 erumpere,
1323 2209 1379 2254 et
1403 2199 1599 2254 deinde
1633 2200 1872 2254 remedia
1919 2213 2077 2270 appo-

496 2301 666 2347 nunt:
693 2292 762 2346 ita
787 2297 840 2345 et
865 2300 1145 2360 peccatum
1175 2292 1462 2361 oportebat
1491 2306 1680 2347 omnes
1713 2307 1841 2347 snas
1875 2293 2087 2362 species

494 2385 775 2452 iudicare,
832 2395 887 2438 et
935 2383 1136 2439 deinde
1189 2400 1444 2455 magnum
1503 2387 1775 2441 medicum
1810 2387 2087 2458 imponere

493 2478 810 2547 pharmaca.
849 2477 914 2532 Et
948 2488 1234 2548 prapterea
1272 2478 1607 2548 exspectavit
1639 2479 1886 2535 Christus
1914 2483 2085 2536 donec

495 2569 742 2624 diabolus
762 2569 982 2623 malitiae
1002 2585 1310 2624 mensuram
1336 2569 1605 2639 impleret,
1639 2576 1689 2626 et
1713 2581 1838 2627 tunc
1865 2573 2082 2626 demum

497 2663 812 2717 incarnatus
836 2670 936 2728 est,
972 2672 1025 2716 et
1053 2679 1215 2719 omne
1243 2678 1416 2731 genus
1449 2664 1668 2718 malitia!
1695 2679 1791 2731 per
1839 2675 2082 2720 sanctam

496 2756 660 2810 vitam
692 2770 846 2810 suam
875 2758 1104 2810 sanavit.
1135 2756 1328 2811 Missus
1354 2766 1440 2811 est
1462 2755 1626 2826 igitur
1651 2758 1805 2819 liora,
1853 2759 1956 2812 hoc
2001 2769 2087 2813 est

496 2855 802 2915 opportuno
849 2853 902 2900 et
935 2847 1287 2901 accommodo
1327 2855 1570 2917 tempore
1597 2885 1612 2912 ,
1664 2848 1805 2901 sicut
1832 2858 1882 2902 et
1918 2848 2083 2903 David

497 2938 662 2993 dicit:
699 2955 718 2990 ι
757 2938 1055 3008 Accingere
1081 2939 1260 3008 gladio
1295 2950 1384 2992 tuo
1434 2955 1597 3008 super
1639 2939 1815 2996 femur
1861 2951 2010 2996 tuum
2041 2943 2086 2974 “

494 3039 745 3098 potenter
775 3049 792 3079 ι
830 3031 1252 3099 tempeStivitate
1283 3041 1396 3087 tua.
1426 3031 1662 3086 Omnino
1684 3032 1828 3088 enim
1851 3033 2083 3104 gladius,

493 3122 723 3174 verbum
758 3121 898 3175 Dei:
943 3137 1038 3189 per
1084 3122 1260 3175 femur
1291 3133 1468 3177 autem
1512 3125 1769 3179 nativitas
1817 3126 1870 3179 in
1914 3141 2081 3182 carne

494 3212 852 3283 signiﬁcatur,
875 3228 993 3284 qua:
1007 3215 1271 3287 contingit
1295 3215 1347 3270 in
1380 3217 1825 3286 tempestivitate,
1856 3222 1958 3274 hoc
1994 3229 2080 3275 est

496 3303 550 3359 in
582 3315 820 3373 tempore
865 3315 1193 3373 opportuno.
1237 3307 1430 3363 Missus
1481 3323 1611 3364 vero
1663 3317 1742 3364 est
1780 3319 1837 3363 ut
1873 3311 2080 3367 diceret

497 3393 757 3450 invitatis.
793 3395 894 3462 Qui
949 3406 1074 3450 sunt
1125 3398 1178 3452 hi
1221 3399 1309 3466 qui
1364 3402 1537 3454 vocati
1591 3391 1754 3454 sunt?
1804 3400 2078 3457 Fortassis

494 3502 685 3542 omnes
717 3487 986 3543 homines.
1020 3490 1221 3544 Omnes
1250 3491 1393 3543 enim
1436 3492 1648 3546 vocavit
1698 3492 1839 3547 Deus
1895 3495 1962 3547 ad
1993 3494 2075 3547 sui

496 3581 848 3649 agnitionem,
890 3583 1091 3650 partim
1131 3597 1224 3652 per
1258 3585 1564 3638 ordinatam
1613 3585 1905 3639 visibilium
1949 3601 2078 3642 con-

497 3673 861 3739 stitutionem,
899 3676 1096 3743 partim
1134 3691 1227 3745 per
1255 3676 1550 3731 naturalem
1578 3676 1749 3748 legem
1781 3696 1793 3731 :
1832 3677 2078 3733 fortassis

496 3777 679 3824 autem
711 3769 880 3836 magis
922 3769 1138 3837 pr0prie
1195 3766 1483 3833 lsraelitas,
1537 3769 1629 3838 qui
1663 3785 1758 3838 per
1798 3772 1966 3838 legem
2026 3781 2081 3826 et

501 3857 794 3927 prophetas
821 3858 996 3912 vocati
1024 3857 1261 3912 luerunt.
1299 3857 1377 3911 Ad
1407 3859 1528 3912 illus
1573 3860 1738 3928 igitur
1769 3862 1962 3916 missus
1995 3873 2082 3918 est

498 3953 731 4020 primum
760 3950 1041 4016 Dominus,
1098 3951 1173 4005 uti
1233 3951 1299 4004 ad
1338 3967 1467 4006 oves
1499 3954 1690 4010 domus
1729 3953 1917 4012 Israel.
1962 3957 2081 4026 ipse

496 4044 642 4096 enim
677 4044 891 4099 dicebat
921 4060 935 4098 :
972 4044 1184 4112 Venite,
1205 4046 1328 4116 quia
1362 4056 1545 4114 parata
1573 4047 1683 4116 jam
1714 4057 1840 4101 sunt
1873 4048 2077 4102 omnia.

504 4132 675 4203 Prope
700 4137 842 4189 enim
869 4151 990 4192 esse
1027 4153 1251 4208 regnum
1292 4138 1384 4194 Dei
1427 4141 1494 4205 ⁸⁷,
1518 4140 1772 4195 omnibus
1804 4140 2080 4211 evangeli-

503 4226 662 4278 zabat
691 4225 969 4293 Dominus,
1001 4239 1053 4282 et
1084 4229 1224 4284 intra
1247 4245 1362 4285 vos.
1391 4230 1461 4286 At
1489 4232 1862 4302 illicmperunt
1892 4233 2075 4299 simul,

501 4315 552 4368 id
581 4325 662 4370 est
704 4332 766 4371 ex
793 4323 1114 4388 composito,
1148 4336 1431 4377 excusare.
1461 4322 1665 4379 Omnes
1699 4326 1841 4379 enim
1874 4327 2079 4392 princi-

499 4422 593 4477 pes
631 4407 936 4465 Judaeurum
971 4412 1347 4469 detrectabant
1392 4415 1816 4473 Jesum.babere
1870 4435 2075 4490 regem,

2189 1951 2277 1986 σαι
2309 1932 2527 1999 λέγεται
2555 1929 2634 1998 τῷ
2654 1929 2772 2000 Θεῷ
2803 1931 2898 1982 καὶ
2921 1929 3116 1998 Πατρὶ,
3143 1929 3223 1982 διὸ
3250 1931 3342 1982 καὶ
3363 1930 3570 2001 κυρίως
3594 1930 3787 1993 δοῦλος

2185 2023 2280 2078 τοῦ
2335 2022 2471 2078 Θεοῦ
2502 2021 2664 2086 αὐτὸς
2695 2022 2761 2076 ἂν
2802 2021 3017 2089 λέγοιτο
3058 2021 3243 2089 μόνος.
3290 2022 3369 2094 Τῇ
3409 2022 3532 2094 ὥρᾳ⁴
3582 2023 3641 2076 δὲ
3691 2022 3787 2076 τοῦ

2185 2117 2404 2170 δείπνου
2434 2114 2740 2184 ἀπεστάλη,
2773 2115 3075 2177 τουτέστιν,
3114 2116 3170 2166 ὲν
3225 2111 3306 2185 τῷ
3355 2114 3657 2186 ὡρισμένῳ
3691 2119 3787 2169 καὶ

2189 2208 2489 2279 ἐπιτηδείῳ
2524 2206 2724 2278 καιρῷ.
2759 2207 2893 2260 Οὐδὲ
2909 2207 3014 2279 γὰρ
3044 2205 3203 2271 ἄλλος
3231 2208 3420 2275 καιρὸς
3449 2204 3518 2278 ἦν
3548 2209 3647 2278 τῆς
3678 2225 3789 2260 σω-

2189 2299 2388 2370 τηρίας
2414 2297 2575 2370 ἡμῶν
2623 2297 3081 2368 ἐπιτηδειότερος,
3117 2297 3150 2367 ἢ
3199 2299 3407 2362 ἐκεῖνος
3441 2300 3469 2351 6
3499 2298 3644 2352 κατὰ
3689 2298 3789 2368 τὴν

2190 2390 2284 2442 τοῦ
2323 2387 2641 2457 Αὐγούστου
2670 2389 2944 2457 Καίσαρος
2976 2387 3278 2457 βασιλείαν,
3314 2388 3402 2440 ὅτε
3441 2390 3790 2458 κορυφαὶυεί-

2193 2499 2293 2536 σαν
2317 2482 2415 2554 τὴν
2468 2481 2667 2536 κακίαν
2701 2480 2809 2535 ἔδει
2840 2479 3262 2551 καθαιρεθῆναι.
3301 2479 3517 2548 Ὥσπερ
3545 2481 3655 2550 γὰρ
3704 2481 3792 2532 νέ-

2192 2592 2342 2645 σημα
2367 2573 2619 2637 ὓπουλον,
2672 2574 2765 2626 καὶ
2803 2571 3078 2642 κακόηθες
3111 2571 3273 2624 ἐῶσιν
3301 2573 3351 2624 οἱ
3390 2572 3573 2642 ἰατροὶ
3606 2573 3791 2625 πάντα

2189 2666 2281 2718 τὸν
2321 2666 2558 2737 πονηρὸν
2591 2668 2767 2737 χυμὸν
2794 2666 3048 2738 ἐκρῆξαι,
3077 2655 3182 2717 ἐἷθ’
3218 2663 3394 2728 οὕτως
3427 2665 3528 2729 τὰς
3561 2682 3789 2735 φαρμα-

2191 2758 2343 2820 κείας
2367 2757 2690 2825 ἐπάγουσιν,
2723 2756 2898 2820 οὓτως
2921 2757 3016 2810 καὶ
3037 2756 3135 2826 τὴν
3163 2756 3446 2828 ἁμαρτίαν
3469 2757 3578 2810 ἔδει
3609 2759 3790 2810 πάντα

2190 2851 2261 2903 τά
2291 2851 2476 2903 οἰκεῖα
2516 2850 2715 2919 ἑαυτῆς
2751 2850 2866 2918 εἴδη
2904 2848 3300 2914 ἐπιδείξασθαι,
3337 2845 3458 2902 εἶτα
3489 2849 3580 2902 τὸν
3607 2850 3791 2918 μέγαν

2199 2943 2379 3015 ἰατρὸν
2402 2943 2674 2995 ἐπιθεῖναι
2709 2943 2769 2994 τὸ
2804 2942 3120 3013 φάρμακον.
3181 2942 3282 2994 Διὰ
3321 2942 3480 2995 τοῦτο
3514 2941 3580 3013 δὴ
3632 2959 3791 3012 περι-

2193 3036 2409 3107 έμεινεν
2434 3034 2463 3087 6
2488 3036 2691 3106 Κύριος
2710 3035 2770 3086 τὺ
2796 3035 2994 3104 μέτρον
3021 3037 3120 3103 τῆς
3153 3036 3352 3098 κακίας
3383 3035 3673 3106 πληρῶσαι
3696 3038 3792 3088 τὸν

2190 3127 2459 3193 διάϐολον,
2496 3129 2592 3181 καὶ
2614 3126 2788 3189 οὕτως
2816 3125 3123 3198 σαρκωθεὶς
3156 3129 3266 3181 πᾶν
3297 3124 3437 3191 εἶδος
3467 3129 3670 3192 κακίας
3702 3128 3792 3182 διὰ

2195 3220 2376 3290 πάσης
2415 3220 2513 3288 τῆς
2553 3218 2726 3294 Αάγίας
2781 3218 2945 3270 αὐτοῦ
2999 3219 3282 3284 πολιτείας
3326 3220 3608 3285 ὲξιάσατο.
3662 3221 3792 3275 Ἀπ-

2195 3311 2396 3378 εστάλη
2414 3297 2512 3363 οὖν’
2531 3311 2588 3361 ὲν
2611 3309 2752 3380 ὥρᾳ,
2772 3310 3042 3376 τουτέστι,
3063 3311 3142 3377 τῷ
3170 3311 3354 3382 ὡραίῳ
3387 3313 3478 3366 καὶ
3497 3313 3792 3382 ἐπιτηδείῳ

2195 3407 2393 3477 καιρῷ,
2425 3403 2566 3458 καθά
2604 3406 2697 3456 καὶ
2721 3403 2884 3458 Δαυῒδ
2906 3404 3054 3475 λέγει
3093 3423 3105 3436 ·
3148 3405 3491 3477 «Περίζωσαι
3513 3405 3614 3476 τὴν
3649 3407 3788 3476 ῥομ-

2194 3499 2360 3566 φαίαν
2388 3514 2502 3564 σου,
2528 3497 2621 3548 ἐπὶ
2649 3495 2741 3549 τὸν
2779 3499 2956 3567 μηρόν
2979 3514 3102 3563 σου,
3123 3498 3318 3551 δυνατὲ
3347 3516 3364 3548 ι
3393 3499 3458 3568 τῇ
3491 3497 3793 3569 ὡραιότητί

2195 3607 2289 3643 σου
2311 3606 2331 3626 '-
2353 3590 2572 3652 πάντως
2596 3589 2703 3660 γὰρ
2736 3589 2984 3660 ῥομφαία
3021 3591 3119 3660 μὲν
3146 3592 3174 3643 6
3205 3591 3368 3659 λόγος
3394 3590 3488 3644 τοῦ
3507 3590 3671 3655 θεοῦ,
3700 3590 3788 3643 διὰ

2193 3685 2286 3735 τοῦ
2331 3681 2506 3752 μηροῦ
2534 3681 2594 3734 δὲ
2647 3683 2681 3751 ἠ
2732 3684 2792 3734 ὲν
2834 3683 2999 3752 σαρκὶ
3028 3683 3242 3750 γένεσις
3277 3683 3633 3754 σημαίνεται,
3667 3684 3792 3754 ἣτις

2204 3777 2272 3844 τῇ
2310 3774 2610 3845 ὡραιότητι
2660 3775 2900 3842 ἐγένετο,
2930 3776 3234 3836 τουτέστιν,
3280 3777 3338 3829 ὲν
3385 3776 3464 3847 τῷ
3495 3779 3794 3848 ἐπιτηδείῳ

2197 3875 2394 3937 καιρῷ.
2418 3867 2730 3938 Ἀπεστάλη
2756 3868 2812 3921 δὲ
2839 3870 3015 3922 εἰπεῖν
3050 3870 3164 3932 τοῖς
3198 3869 3581 3940 κεκλημένοις.
3633 3870 3792 3931 Τίνες

2194 3958 2251 4011 δέ
2280 3961 2416 4011 εἰσιν
2439 3954 2587 4014 οῦτοι
2618 3961 2667 4013 oi
2699 3960 3062 4031 κεκλημένοι;
3106 3961 3261 4032 Τάχα
3303 3962 3402 4032 μὲν
3445 3964 3543 4016 καὶ
3587 3964 3791 4026 πάντες

2192 4051 2472 4123 ἄνθρωποι
2535 4054 2742 4116 πάντας
2772 4053 2881 4123 γὰρ
2909 4052 3165 4106 ἐκάλεσεν
3191 4056 3218 4106 6
3257 4053 3388 4117 Θεὸς
3422 4055 3504 4118 είς
3530 4054 3632 4126 τὴν
3666 4056 3789 4110 ὲπί-

2191 4162 2392 4213 γνωσιν
2422 4145 2612 4210 αὑτοῦ,
2649 4145 2809 4198 τοῦτο
2842 4145 2942 4214 μὲν
2971 4145 3058 4199 διὰ
3085 4148 3183 4216 τῆς
3224 4147 3333 4200 τῶν
3362 4148 3661 4217 ὁρωμένων
3694 4150 3785 4202 εὐ-

2191 4239 2404 4305 ταξίας,
2429 4239 2586 4293 τοῦτο
2612 4238 2667 4292 δὲ
2693 4238 2780 4292 διὰ
2800 4237 2896 4291 τοῦ
2929 4239 3165 4308 φυσικοῦ
3196 4240 3365 4310 νόμου
3387 4257 3400 4270 ο
3447 4241 3590 4312 τάχα
3623 4242 3679 4295 δὲ
3711 4247 3790 4297 οι-

2193 4333 2472 4402 κειότερον
2499 4333 2548 4384 οί
2605 4331 2662 4397 ἐξ
2701 4332 2916 4403 Ἰσραὴλ
2941 4372 2956 4396 ,
2999 4331 3047 4384 οἳ
3079 4332 3166 4384 διὰ
3219 4333 3313 4385 τοῦ
3343 4351 3514 4402 νμου
3549 4339 3641 4390 καὶ
3681 4337 3789 4390 τῶν

2193 4424 2493 4495 προφητῶν
2541 4422 2852 4492 ἐκλήθησαν
2888 4437 2902 4453 ο
2949 4425 3029 4483 εἰς
3079 4423 3299 4487 τούτους
3353 4423 3448 4477 οὖν
3507 4428 3787 4484 ἀπεστάλη

496 4510 550 4552 et
580 4513 790 4556 canam
846 4515 952 4555 non
1005 4514 1365 4558 meruerunt:
1401 4505 1538 4562 alius
1577 4508 1795 4578 quidem
1843 4519 2071 4581 propter

2188 4515 2607 4588 προηγουμένως
2671 4517 2699 4568 6
2751 4515 2979 4584 Κύριος,
3039 4517 3119 4577 εἰς
3188 4514 3252 4569 τά
3337 4516 3590 4585 πρόϐατα
3640 4520 3789 4572 οἴκου

497 4590 805 4646 divitiarum
848 4594 1225 4662 cupiditatem,
1263 4597 1402 4652 alius
1452 4609 1630 4654 autem
1667 4613 1887 4671 propter
1922 4605 2076 4658 volu-

499 4693 718 4751 ptatem.
753 4682 887 4738 Nam
947 4686 1034 4739 ille
1081 4689 1300 4758 quidem
1343 4690 1526 4745 villam
1576 4703 1804 4762 emerat,
1846 4706 1900 4751 et
1940 4699 2079 4752 alius

490 4773 617 4846 juga
645 4775 826 4841 boum,
855 4778 943 4843 qui
977 4781 1191 4848 signant
1221 4781 1531 4838 divitiarum
1561 4787 1807 4855 cupidos.
1840 4790 1910 4843 At
1940 4790 2079 4847 alius

496 4867 590 4936 qui
619 4883 837 4922 uxorem
873 4868 1122 4936 duxerat,
1167 4873 1548 4942 voluptuarius
1579 4891 1713 4934 erat.
1759 4881 1980 4952 insuper
2024 4897 2078 4941 et

499 4961 544 5014 is
585 4959 762 5012 villam
798 4975 1179 5031 compararat,
1212 4970 1302 5036 qui
1356 4981 1575 5037 prepter
1615 4975 1937 5031 mundanam
1986 4995 2081 5033 sa-

495 5050 752 5117 pientiatn
810 5066 912 5105 non
964 5054 1157 5124 accipit
1209 5063 1546 5127 mysterium.
1605 5061 1737 5116 Villa
1796 5067 1936 5120 enim
1993 5080 2074 5123 est

499 5144 728 5197 mundus
761 5145 872 5210 hic,
914 5158 966 5199 et
1001 5159 1190 5201 natura
1227 5153 1561 5218 simpliciter.
1598 5157 1694 5222 Qui
1744 5169 1921 5212 autem
1971 5177 2070 5214 na—

499 5242 673 5288 turam
696 5236 966 5303 observat,
991 5257 1090 5292 non
1126 5248 1423 5308 recipithoc
1451 5251 1586 5310 ψιλά
1612 5268 1772 5320 super
1796 5266 2066 5309 naturam.

497 5323 662 5395 igitur
689 5331 982 5396 pharisams
1012 5336 1100 5400 qni
1139 5337 1310 5389 viilam
1348 5341 1479 5393 forte
1503 5357 1932 5412 comparaverit,
1972 5351 2071 5402 hoc

497 5427 603 5480 est,
647 5421 732 5485 qui
790 5437 1092 5488 respexerat
1144 5430 1206 5478 ad
1263 5442 1463 5484 natura:
1513 5435 1674 5501 leges,
1721 5456 1822 5492 ηομ
1882 5442 2071 5509 recipit

501 5512 759 5574 Vii'b'mem
807 5527 990 5577 βίπίπί)
1033 5514 1221 5579 Μαίη,
1277 5524 1412 5586 quod
1465 5540 1624 5591 super
1657 5524 1902 5580 naturam
1940 5543 2020 5585 est
2055 5552 2063 5583 :

499 5605 592 5653 5‘3”
626 5609 891 5655 L71(””“‘-‘S
927 5607 1013 5674 ψὶί
1065 5609 1112 5659 li!
1159 5623 1376 5663 ‘inL‘t'Vﬂ
1429 5620 1688 5681 Sapientia
1747 5623 2068 5690 gloriantur,

571 5784 757 5820 {£37,
826 5804 867 5820 ,τ

647 5825 656 5832 .
686 5819 778 5838 .:v.r._
821 5819 874 5842 με.

1088 5793 1126 5822 ιτ
1169 5795 1336 5845 ιτ
1399 5813 1477 5856 ε-ιι,
1510 5805 1541 5848 2

2192 4609 2434 4681 Ἰσραήλ.
2473 4607 2643 4670 Αὐτὸς
2691 4607 2792 4676 μὲν
2832 4606 2925 4661 οῦν
2977 4607 3131 4675 ἔλεγε
3160 4624 3175 4640 ·
3221 4607 3490 4679 Ἔρχεσθε
3552 4609 3638 4662 ὅτι
3689 4609 3786 4681 ἤδη

2187 4703 2383 4771 ἕτοιμά
2415 4704 2532 4754 ἐστι
2564 4701 2760 4755 πάντα·
2797 4700 2966 4768 ἐγγυς
3016 4701 3124 4774 γὰρ
3174 4696 3314 4753 εἶναι
3362 4702 3462 4774 τὴν
3499 4702 3786 4772 βασιλείαν

2190 4796 2299 4846 τῶν
2325 4793 2608 4864 οὐρανῶν,
2671 4791 2875 4845 ἅπασιν
2908 4791 3296 4863 εὐηγγελίζετο
3337 4796 3366 4847 ὁ
3406 4795 3654 4864 Κύριος,
3696 4800 3786 4848 καὶ

2183 4888 2334 4950 ἐντὸς
2367 4887 2543 4955 ὑμῶν.
2577 4887 2640 4939 Oi
2688 4885 2743 4938 δὲ
2776 4885 3011 4956 ἤρξαντο
3059 4888 3169 4941 ἀπὸ
3199 4887 3331 4957 μιᾶς
3373 4889 3781 4958 παραιτεῖσθαι,

2190 4979 2468 5030 τουτέστιν
2496 5016 2511 5039 ,
2542 4978 2616 5040 ὡς
2668 4976 2728 5042 ἐξ
2763 4978 2880 5041 ἐνὸς
2910 4979 3254 5049 συνθήματος
3278 4996 3293 5010 ⁸
3330 4980 3533 5044 πάντες
3587 4982 3697 5052 γὰρ
3736 4983 3782 5034 oi

2184 5071 2439 5140 ἄρχοντες
2482 5071 2591 5122 τῶν
2635 5070 2904 5124 Ἰουδαίων
2969 5071 3448 5142 παραιτησάμενοι
3493 5071 3642 5142 ἔχειν
3695 5077 3781 5126 τὸν

2198 5163 2405 5231 Ἰησοῦν
2444 5162 2706 5232 βασιλέα,
2758 5163 2879 5215 οὐδὲ
2923 5164 3018 5216 τοῦ
3078 5165 3296 5217 δείπνου
3351 5163 3710 5235 ἠξιώθησαν’
3754 5168 3780 5216 6

2187 5258 2284 5325 μὲν
2316 5257 2401 5309 διὰ
2434 5257 2843 5325 φιλοπλουτίαν,
2908 5259 2935 5308 6
2981 5257 3036 5308 δὲ
3078 5257 3167 5310 διὰ
3209 5257 3544 5326 φιληδονίαν.
3591 5257 3651 5309 '0
3687 5257 3779 5327 μὲν

2180 5351 2288 5419 γὰρ
2327 5350 2414 5403 τὸν
2447 5349 2616 5419 ἀργὸν
2644 5350 2945 5419 ἀγοράσας,
2984 5350 3122 5402 καὶὸ
3157 5351 3223 5403 τὰ
3257 5350 3428 5419 ζεύγη
3471 5350 3581 5401 τῶν
3617 5351 3774 5419 βοῶν,

2181 5440 2522 5507 φ;λ.ὁπλ-)υτοι
2570 5441 2633 5493 ἂν
2672 5442 2952 5511 νοηθείεν·
3002 5445 3028 5493 6
3059 5445 3114 5494 δὲ
3149 5443 3244 5510 τὴν
3287 5445 3523 5506 γυναῖκα
3573 5443 3774 5511 γήμας,

2183 5535 2458 5602 φιλήδονος
2483 5551 2493 5562 '
2535 5537 2581 5586 εἰ
2641 5535 2819 5604 βούλει
2877 5535 2934 5586 δέ
2972 5553 3084 5605 μοι,
3120 5537 3292 5603 ἀγρὸν
3323 5535 3587 5601 ἀγοράζει.
3637 5539 3662 5587 ὀ
3691 5535 3772 5587 διὰ

2178 5630 2278 5698 τὴν
2324 5631 2411 5682 τοῦ
2447 5632 2651 5690 κόσμου
2689 5632 2882 5700 σοφίαν
3015 5631 3454 5700 παραδεχόμενος
3477 5628 3541 5680 τὸ
3578 5633 3776 5698 nus-.4.-
