4030 6410
228 455 338 515 S'l'l

881 441 1335 506 EN'ARRATIO
1378 440 1457 501 1N
1498 434 1834 498 EVANGEI

1940 432 2010 494 ΓΜ
2050 427 2291 492 ωσι.
2328 451 2380 463 ’-
2416 426 2580 490 CAP.
2629 423 2781 487 XIV.

3438 426 3546 488 933

232 586 369 640 ριον.
415 564 608 638 Ἀγρὸς
649 563 883 634 μὲνγὰρ
912 563 940 613 6
976 561 1203 630 κόσμος,
1237 560 1331 614 καὶ
1359 560 1389 628 ἡ
1430 556 1591 626 φύσις
1618 555 1828 618 ἁπλῶς,

1940 559 2161 623 propter
2186 547 2369 603 villam
2398 547 2562 609 hanc,
2595 548 2695 599 hoc
2719 553 2820 608 est,
2846 551 3121 608 naturam,
3156 540 3547 612 ignoraverunt

225 663 257 714 ὁ
289 661 346 714 δὲ
373 658 471 731 τὴν
500 657 662 726 φύσιν
693 654 938 731 βλέπων,
994 654 1054 707 τὸ
1101 652 1244 722 ὑπὲρ
1284 650 1448 719 φύσιν
1477 650 1539 702 οὐ
1585 647 1832 720 παραδέ-

223 771 404 824 χεται.
455 751 597 804 Ἰδὼν
633 743 727 802 οὖν
761 727 1096 815 ὀψαρίισαῖος
1128 746 1289 814 τυχὸν
1315 744 1404 796 τὸν
1445 742 1637 809 ἀγρὸν,
1669 756 1829 793 τουτ-

221 853 365 909 έστι,
403 845 538 914 πρὸς
572 844 701 904 τοὺς
755 843 856 909 τῆς
883 842 1102 909 φύσεως
1131 840 1329 908 νόμους
1375 835 1697 904 ἁποῦλέψας
1722 877 1736 901 ,
1768 833 1828 887 οὐ

224 940 568 1011 παρεδέξατο
601 937 661 988 τὸ
692 937 872 987 τεκεῖν
900 933 1173 1003 παρθένον
1197 933 1351 994 Θεὸν,
1379 931 1455 992 ὡς
1494 930 1634 998 ὑπὲρ
1666 927 1830 998 φύσιν

224 1035 286 1087 ὗν
315 1050 326 1060 °
363 1032 498 1112 ἀλλα
523 1031 618 1084 καὶ
642 1030 690 1082 οἱ
713 1032 778 1098 τῇ
826 1027 930 1091 ἔξω
964 1027 1127 1094 σοφίᾳ
1158 1023 1574 1092 ὲγκαυχώμενοι
1603 1023 1827 1085 πάντες,

224 1127 314 1180 διὰ
345 1125 435 1178 τὸν
473 1123 642 1191 ἀγρὸν
678 1121 886 1183 τοῦτον,
919 1120 1166 1171 τουτέστι
1208 1120 1304 1187 τὴν
1330 1121 1516 1185 φύσιν,
1552 1117 1831 1186 ἠγνόησαν

224 1220 317 1271 τὸν
343 1219 820 1286 καινοτομήσαντα
848 1216 946 1285 τὴν
984 1215 1149 1282 φύσιν
1194 1213 1426 1284 Ἰησοῦν.
1471 1214 1527 1267 ’0
1565 1213 1623 1266 δὲ
1657 1212 1828 1283 ζεύγη

225 1311 371 1380 βοῶν
399 1312 680 1380 ἀγοράσας
713 1310 898 1372 πέντε,
931 1308 1025 1359 καὶ
1049 1307 1364 1374 δοκιμάζων
1395 1306 1536 1358 αὐτὰ
1557 1346 1571 1370 ,
1608 1305 1829 1376 νοηθείη

221 1403 292 1456 ἂν
316 1404 412 1455 καὶ
436 1406 464 1456 6
494 1402 744 1471 φιλόῡλος
773 1402 1084 1473 ἄνθρωπος,
1110 1401 1170 1462 ὃς
1215 1401 1305 1463 τὰς
1332 1400 1492 1452 πέντε
1525 1399 1623 1468 τῆς
1651 1398 1832 1467 ψυχῆς

224 1495 510 1566 αἰσθήσεις
537 1497 656 1558 ταῖς
687 1497 1032 1564 σωματικαῖς
1064 1492 1377 1558 συνέζευξε,
1414 1495 1509 1546 καὶ
1529 1492 1629 1562 τὴν
1650 1492 1832 1562 ψυχὴν

222 1590 409 1660 σάρκα
452 1591 712 1660 ἐποίησεο
737 1589 825 1642 διὰ
856 1589 1018 1642 τοῦτο
1051 1583 1143 1640 οἷα
1180 1588 1244 1658 δὴ
1289 1588 1420 1656 περὶ
1450 1589 1554 1656 γῆν
1601 1589 1833 1657 ἐνησχο-

222 1682 486 1754 λημένος,
514 1683 576 1734 οὐ
618 1682 869 1752 βούλεται
921 1683 1016 1735 τοῦ
1054 1680 1274 1748 λογικοῦ
1325 1681 1552 1736 δείπνου
1588 1681 1832 1748 μεταλα-

225 1776 366 1841 ϐεῖν,
403 1778 540 1846 φησι
564 1776 672 1846 γὰρ
705 1777 799 1827 καὶ
823 1775 984 1843 σοφός
1015 1791 1027 1803 ·
1058 1793 1076 1825 ι
1103 1775 1168 1826 Τί
1198 1773 1596 1842 σοφισθῄσεται
1635 1774 1664 1825 6
1696 1789 1833 1842 κρα-

222 1867 335 1920 τῶν
365 1868 637 1938 ἁρότρου;
681 1886 700 1918 ι
750 1865 808 1918 '0
835 1865 889 1918 δὲ
922 1866 1010 1919 διὰ
1054 1865 1154 1935 τὴν
1183 1867 1420 1932 γυναῖκα
1455 1863 1760 1926 ἐκπίπτων,
1803 1865 1832 1916 6

223 1959 510 2030 φιλήδονος
543 1961 632 2029 εἴη
664 1958 752 2022 ἂν,
786 1959 844 2022 ὃς
874 1962 938 2028 τῇ
969 1960 1134 2027 σαρκὶ
1161 1960 1228 2028 τῇ
1265 1956 1486 2026 συζύγῳ
1517 1960 1615 2027 τῆς
1647 1955 1828 2027 ψυχῆς

225 2051 642 2121 προστετηκὼς,
680 2054 774 2104 καὶ
818 2054 875 2104 ὲν
908 2052 1046 2122 αὐτῇ
1082 2050 1177 2117 ὢν,
1208 2051 1284 2113 ὡς
1334 2051 1620 2119 κολληθεὶς
1661 2051 1822 2120 αὐτῇ,

223 2141 349 2210 Θεῷ
384 2141 580 2212 ἀρέσαι
614 2144 673 2195 οὐ
700 2143 947 2196 δύναται.
977 2142 1221 2211 Νοήμσαις
1249 2141 1295 2194 δ’
1327 2140 1394 2193 ἂν
1417 2138 1592 2192 ταῦτα
1646 2142 1825 2193 πάντα

1935 662 2060 702 eum
2099 644 2190 714 qui
2235 642 2559 698 condiderat
2592 650 2648 697 et
2697 641 2992 695 innovarat
3028 646 3243 692 natura:
3274 638 3546 697 ordinem,

1935 737 2147 796 Jesum.
2188 736 2358 790 Porro
2385 737 2476 804 qui
2507 734 2634 804 juga
2677 733 2841 785 boum
2876 731 3122 800 quinque
3152 728 3285 783 emit
3319 738 3367 781 et
3418 743 3546 796 pro-

1937 834 2030 887 bat
2073 847 2158 896 ea,
2212 830 2393 900 signal
2428 828 2709 881 carnalem
2766 826 3089 889 hominem,
3151 828 3245 894 qui
3303 825 3547 892 quinque

1937 942 2133 982 sensus
2163 926 2357 978 anima:
2381 922 2758 990 corporalibus
2780 919 2953 990 398
2991 918 3280 988 conjunxit
3316 928 3366 972 et
3426 916 3548 970 ani-

1938 1032 2082 1070 mam
2126 1029 2347 1068 carnem
2407 1014 2578 1068 fecit:
2612 1019 2665 1064 et
2697 1021 2920 1079 propter
2967 1012 3105 1074 hoc,
3159 1019 3346 1079 utpote
3401 1011 3548 1064 cit-ra

1938 1121 2154 1165 terrena
2196 1117 2519 1178 occupatus,
2559 1122 2667 1160 non
2697 1109 2811 1159 vult
2855 1106 3165 1173 spiritualis
3201 1119 3373 1159 (mnu:
3403 1121 3546 1174 par-

1939 1204 2109 1272 ticeps
2139 1216 2282 1256 esse.
2318 1201 2456 1254 Dicit
2491 1199 2639 1253 enim
2677 1198 2914 1264 Sapiens
2951 1215 2964 1252 :
3001 1215 3019 1247 ι
3055 1195 3111 1249 lu
3150 1213 3258 1266 quo
3295 1197 3402 1250 erit
3451 1210 3544 1249 sa-

1937 1301 2116 1370 piens,
2136 1300 2228 1367 qui
2259 1307 2410 1350 tenet
2429 1305 2675 1370 aratrum
2700 1280 2746 1326 έθ
2767 1294 2790 1346 ?
2814 1314 2833 1347 ι
2856 1294 2927 1348 At
2953 1295 3042 1362 qni
3070 1304 3291 1360 propter
3316 1307 3542 1347 uxorem

1938 1396 2165 1458 excidit,
2195 1392 2572 1462 volnptuarius
2600 1392 2788 1460 utique
2814 1389 2998 1452 fuerit,
3019 1390 3110 1458 qui
3142 1390 3292 1442 carni
3329 1398 3387 1441 ut
3411 1403 3546 1442 con-

1933 1487 2048 1557 jugi
2082 1488 2278 1540 anima:
2314 1485 2567 1556 alligatus
2600 1493 2708 1542 est.
2758 1493 2813 1539 et
2847 1499 2972 1537 cum
3009 1490 3092 1537 est
3142 1482 3195 1536 in
3235 1482 3352 1546 illa,
3386 1482 3542 1552 quasi

1936 1581 1986 1633 ei
2015 1580 2327 1641 adhmrens,
2370 1576 2479 1632 Deo
2510 1577 2727 1646 placere
2758 1593 2865 1631 non
2900 1585 3099 1644 potest.
3133 1574 3411 1645 lntelligas
3442 1590 3508 1627 au
3530 1603 3544 1612 -

1935 1682 2044 1727 tem
2081 1675 2196 1729 lucc
2232 1673 2416 1725 omnia
2440 1683 2492 1725 et
2515 1670 2672 1738 juxta
2707 1671 2963 1727 litteram.
2989 1669 3205 1723 Etenim
3244 1669 3549 1723 excidimus

1935 1785 1964 1821 ιι
2010 1768 2120 1822 Deo
2151 1778 2204 1821 et
2233 1775 2452 1836 propter
2475 1766 2634 1822 villas
2660 1805 2676 1829 ,
2711 1775 2764 1820 et
2793 1748 3019 1835 propter
3061 1764 3190 1832 jtlga
3221 1763 3410 1816 'boum
3433 1798 3450 1824 ,
3492 1768 3548 1812 ct

1937 1873 2164 1930 propter
2195 1861 2434 1929 nuptias.
2488 1857 2850 1917 Adhaerentes
2895 1855 3041 1910 enim
3079 1855 3188 1911 illis
3217 1898 3230 1920 ,
3267 1863 3321 1908 et
3375 1862 3545 1906 totam

1940 1955 2106 2008 vitam
2159 1956 2211 2008 in
2263 1969 2327 2009 ea
2364 1954 2785 2024 impendentes,
2820 1961 2875 2006 et
2902 1967 3077 2021 usque
3114 1950 3180 2018 ad
3216 1951 3542 2019 sanguinem

1937 2046 2121 2101 vexati
2156 2058 2209 2100 et
2250 2047 2541 2112 excoriati,
2579 2046 2783 2099 nullum
2816 2045 3067 2101 divinum
3093 2044 3173 2097 vel
3203 2056 3429 2098 sensum
3459 2039 3548 2096 vel

1940 2144 2162 2195 verbum
2191 2142 2493 2210 rogitamus
2525 2144 2605 2195 vel
2638 2141 2998 2195 attendiiuus.

224 2237 484 2290 καὶκατὰ
529 2238 590 2290 τὸ
653 2237 819 2309 ῥητόν
844 2251 860 2267 ο
918 2236 1009 2289 καὶ
1038 2235 1150 2303 γὰρ
1185 2233 1529 2300 ὲκπίπτομεν
1559 2233 1655 2286 τοῦ
1693 2233 1830 2286 Θεοῦ
1878 2234 1975 2287 καὶ
2039 2234 2106 2287 δι’
2165 2236 2396 2306 ἀγροὺς,
2424 2237 2515 2289 καί
2543 2235 2632 2287 διὰ
2660 2234 2831 2303 ζεύγη
2863 2231 3025 2303 βοῶν,
3069 2235 3163 2285 καὶ
3188 2232 3278 2286 διὰ
3307 2233 3549 2300 γάμους,

230 2328 619 2399 προσκείμενοι
663 2325 762 2396 μὲν
804 2324 1040 2388 τούτοις,
1091 2326 1186 2376 καὶ
1221 2323 1310 2375 τὸν
1351 2325 1571 2377 ᾶπαντα
1604 2324 1719 2393 βίον
1779 2325 1860 2386 εἰς
1915 2325 2089 2381 ταῦτα
2131 2328 2510 2393 δαπανῶντες,
2577 2327 2672 2380 καί
2706 2345 2810 2380 που
2840 2329 2934 2380 καὶ
2979 2328 3142 2398 ἄχρις
3174 2328 3429 2398 αἱμάτων
3461 2328 3552 2381 διὰ

221 2421 402 2477 ταῦτα
445 2419 971 2490 ὲκτραχηλιζὸμενοι
1001 2431 1014 2445 ⁸
1054 2418 1198 2469 θεῖον
1229 2417 1285 2469 δὲ
1317 2418 1487 2487 μηδὲν
1517 2418 1549 2490 ἢ
1589 2421 1771 2488 νόημα
1798 2418 1829 2489 ἦ
1874 2421 2029 2491 ῥῆμα
2058 2419 2458 2490 διανοούμενοι,
2490 2420 2526 2490 ἢ
2560 2421 2981 2490 μετερχόμενοι.

306 2535 322 2567 ι
364 2517 474 2570 Καὶ
497 2518 945 2586 παραγενόμενος
976 2518 1005 2568 6
1035 2514 1242 2579 δοῦλος,
1279 2512 1588 2584 ἀπήγγειλε
1619 2512 1698 2580 τῷ
1731 2531 1831 2565 κυ-

226 2609 334 2681 ρίῳ
365 2607 535 2660 αὐτοῦ
606 2608 800 2660 ταῦτα.
847 2607 982 2659 Τότε
1036 2604 1316 2676 ὀργισθεὶς
1343 2607 1370 2656 6
1414 2601 1829 2671 οἰκοδεσπότης,

223 2704 348 2756 εἷπε
377 2701 457 2772 τῷ
504 2701 677 2770 δούλῳ
705 2699 873 2754 αὐτοῦ
899 2719 912 2731 ·
953 2699 1180 2764 Ἔξελθε
1210 2699 1420 2768 ταχέως
1448 2700 1527 2759 εἰς
1563 2698 1660 2760 τὰς
1695 2697 1835 2749 πλα-

223 2797 402 2858 τείας,
432 2798 524 2849 καὶ
545 2795 724 2865 ῥύμας
739 2795 841 2864 τῆς
869 2795 1099 2858 πόλεως,
1132 2794 1228 2845 καὶ
1257 2793 1384 2854 τοὺς
1415 2792 1702 2859 πτωχοὺς,
1739 2791 1834 2842 καὶ

224 2891 568 2960 ἀναπήρους,
611 2892 705 2942 καὶ
737 2888 972 2959 χωλοὺς,
996 2889 1092 2940 καὶ
1137 2887 1376 2954 τυφλοὺς
1413 2885 1681 2950 εἰσάγαγε
1703 2877 1828 2937 ὧδε.

228 2980 343 3036 Καὶ
369 2978 524 3034 εἶπεν
557 2983 584 3032 ὁ
606 2980 813 3043 δοῦλος·
839 2980 1036 3050 Κύριε,
1058 2980 1283 3046 γέγονεν
1313 2978 1388 3040 ὡς
1414 2977 1707 3041 ἐπέταξας,
1736 2975 1834 3029 καὶ

226 3073 312 3126 ἔτι
339 3073 505 3134 τόπος
537 3073 655 3126 ἐστί
683 3089 694 3100 ·

229 3163 460 3229 ῳΕξελθε
493 3167 572 3228 είς
593 3165 693 3229 τὰς
724 3165 897 3229 ὀδοὺς,
921 3165 1018 3217 καὶ
1053 3165 1371 3235 φραγμοὺς,
1404 3166 1500 3216 καὶ
1517 3165 1831 3232 ἀνάγκασον

731 3074 825 3126 καὶ
855 3068 1010 3125 εἶπεν
1036 3075 1064 3124 ὀ
1093 3072 1282 3140 κύριος
1315 3072 1451 3140 πρὸς
1484 3072 1577 3122 τὸν
1600 3069 1790 3122 δοῦλον
1816 3083 1829 3097 ·

2014 2513 2180 2571 Vsus.
2209 2514 2404 2572 ει-ειι.
2443 2537 2460 2568 ι
2505 2517 2568 2570 Et
2601 2533 2648 2570 Vt
2669 2519 2830 2571 uiens
2866 2532 3060 2571 servus
3087 2515 3179 2570 ille
3209 2518 3548 2573 renuntiavit

1941 2609 2055 2664 haec
2085 2599 2311 2663 domino
2356 2626 2477 2666 suo.
2523 2610 2674 2666 Tunc
2730 2611 2905 2666 iratus
2972 2609 3364 2680 paterfamilias
3410 2613 3541 2667 dixit

1941 2718 2101 2756 servo
2132 2718 2232 2756 suo
2261 2719 2274 2756 :
2308 2701 2410 2756 Exi
2445 2705 2554 2758 cito
2586 2702 2640 2754 in
2673 2703 2887 2773 plateas
2913 2713 2969 2757 et
3004 2703 3152 2758 vicos
3191 2703 3463 2767 civitatis,
3492 2710 3548 2752 et

1942 2808 2208 2862 pauperes
2251 2809 2315 2848 ac
2345 2795 2576 2858 debiles,
2607 2793 2943 2863 claudosqu
2977 2804 3031 2846 ct
3060 2807 3236 2847 caecos
3295 2792 3551 2846 introduc.

1942 2893 2067 2940 huc.
2106 2888 2172 2941 Et
2209 2888 2285 2940 ait
2331 2902 2568 2946 servus:
2622 2878 2874 2953 Dmnine,
2910 2886 3109 2941 factum
3137 2895 3222 2939 est
3263 2895 3324 2939 ut
3379 2886 3550 2948 impe-

1938 2982 2096 3044 rasti,
2128 2991 2181 3034 et
2211 2981 2390 3036 adhuc
2425 2983 2572 3035 locus
2598 2992 2702 3035 est.
2738 2979 2805 3034 Et.
2833 2981 2907 3033 ait
2940 2980 3192 3034 dominus
3215 2994 3377 3034 servo
3406 2998 3418 3033 :
3449 2977 3546 3034 Exi

1941 3075 1992 3126 in
2047 3075 2161 3126 vias
2190 3083 2245 3128 et
2274 3089 2436 3141 sepes
2465 3114 2479 3137 ,
2509 3085 2564 3127 et
2595 3073 2862 3144 compelle
2900 3073 3128 3138 intrare,
3167 3080 3226 3124 ut
3259 3072 3548 3141 impleatur

1939 3166 2138 3221 donius
2173 3181 2314 3220 mea.
2348 3166 2481 3220 Dico
2510 3166 2654 3219 enim
2703 3167 2888 3230 vobis,
2919 3165 3060 3230 quod
3109 3179 3269 3225 nemo
3299 3166 3541 3217 virorum

225 3257 517 3318 εἰσελθεῖν,
551 3258 638 3309 ἴνα
667 3259 910 3327 γεμισθῇ
957 3259 984 3310 ὁ
1015 3252 1162 3318 οἶκός
1206 3273 1308 3327 μου
1330 3273 1344 3285 ·
1371 3257 1516 3324 λέγω
1544 3255 1655 3327 γὰρ
1679 3256 1828 3326 ὑμῖν,

1940 3259 2154 3313 illorum
2209 3261 2300 3326 qui
2358 3260 2535 3312 vocati
2573 3267 2702 3313 sunt
2752 3259 2994 3329 gustabit
3030 3274 3246 3313 coenam
3279 3274 3478 3313 uncam.
3519 3276 3537 3306 ι

226 3351 312 3403 ὅτι
344 3351 523 3412 οὐδεὶς
576 3350 685 3402 τῶν
748 3349 961 3419 ἀνδρῶν
1029 3350 1255 3401 ἐκείνων
1303 3349 1414 3401 τῶν
1472 3349 1835 3419 κεκλημένων

159 3484 164 3488 .
227 3441 491 3510 γεύσεταί
552 3459 656 3512 μου
702 3441 797 3495 τοῦ
848 3442 1096 3495 δείπνου.
1139 3460 1158 3494 ι
1205 3442 1623 3512 Ἀπερῤίφησαν
1651 3443 1751 3511 μὲν
1785 3441 1834 3493 οἱ

226 3536 495 3605 ἄρχοντες
525 3534 634 3586 τῶν
675 3534 970 3598 Ἰουδαίων,
1007 3535 1103 3587 καὶ
1141 3535 1317 3597 οὐδεὶς
1371 3538 1436 3587 ἐκ
1466 3535 1673 3588 τούτων
1711 3537 1838 3588 ἐπί-

231 3644 428 3681 στευσε
458 3627 534 3697 τῷ
550 3627 796 3697 Χριστῷ,
828 3627 901 3690 ὼς
937 3633 1033 3679 καὶ
1061 3628 1216 3680 αὐτοὶ
1241 3628 1623 3699 ὲνεκαυχῶντο
1649 3633 1715 3700 τῇ
1735 3648 1836 3684 κα-

228 3721 350 3791 κίᾳ.
383 3718 476 3790 Μὴ
507 3720 638 3789 γὰρ,
683 3720 841 3788 φησὶ,
885 3719 994 3773 τῶν
1028 3721 1313 3790 ἀρχόντων
1369 3737 1454 3783 τις
1504 3722 1836 3777 ἐπίστευσεν

228 3815 314 3876 είς
332 3813 535 3874 αὗτὸνς
571 3807 732 3865 Οὗτοι
779 3811 880 3881 μὲν
929 3807 1023 3865 οὖν
1054 3814 1106 3863 oi
1139 3813 1501 3881 νομομαθεῖς,
1526 3816 1622 3866 καί
1647 3815 1836 3886 Γραμ-

234 3909 453 3975 ματεῖς,
507 3905 585 3968 ὥς
629 3923 796 3974 φησιν
839 3908 868 3958 6
914 3905 1227 3975 προφήτης,
1279 3908 1667 3978 μωρανθέντες
1717 3909 1835 3974 ἑξέ-

226 4010 402 4050 πεσον
449 3997 549 4066 τῆς
600 3998 825 4066 χάριτος
852 4012 865 4026 ο
898 3998 945 4048 οἱ
971 3995 1027 4048 δὲ
1063 3997 1127 4047 ὲκ
1155 3997 1267 4050 τῶν
1309 3996 1584 4051 Ἰουδαίων
1625 4000 1835 4053 ἰδιῶται

228 4089 454 4161 χωλοῖς,
475 4089 572 4142 καὶ
600 4090 846 4159 τυφλοῐς,
899 4092 994 4144 καὶ
1028 4092 1334 4162 ἀναπήροις
1373 4093 1830 4161 ἀπεικαζόμενοι,

227 4185 304 4235 τι
346 4184 507 4251 μωρὰ
540 4181 636 4235 τοῦ
688 4183 922 4252 κόσμου,
973 4183 1067 4235 καὶ
1105 4184 1156 4236 οἱ
1206 4183 1651 4253 ἐξουδενωμὲνοι,
1687 4179 1836 4238 οὗτοι

227 4274 570 4344 ἐκλήθησαν.
614 4274 672 4327 '0
721 4274 832 4343 γὰρ
880 4274 1038 4343 ὄχλος
1079 4275 1392 4345 ἐθαύμαζεν
1445 4279 1537 4330 ἐπὶ
1582 4280 1695 4339 τοῖς
1741 4277 1832 4330 λό-

227 4383 354 4434 γοις
385 4366 485 4434 τῆς
515 4349 741 4436 χάριτος
765 4365 878 4428 τοῖς
920 4369 1382 4439 ἐκπορευομένοις
1417 4371 1480 4422 ὲκ
1499 4370 1593 4421 τοῦ
1633 4370 1837 4440 στόμα-

226 4475 325 4519 10;
350 4455 444 4509 τοῦ
493 4455 693 4526 Ἰησοῦ,
734 4460 828 4511 καὶ
876 4457 1097 4528 ἔχαιρον
1142 4463 1202 4529 τῇ
1240 4460 1584 4532 διδασκαλία.
1638 4461 1768 4515 Μεθ’
1807 4461 1836 4516 ὃ

228 4551 564 4620 δὲείσῆλθον
617 4545 768 4605 οὗτοι
818 4551 868 4605 οἱ
913 4553 974 4616 ἐξ
1002 4540 1270 4623 Ἰσραὴλ,

225 4643 328 4708 ὀὓς
368 4647 397 4698 6
424 4644 557 4705 Θεὸς
593 4644 910 4714 προώρισεν
937 4647 1018 4710 εἰς
1058 4646 1215 4712 δόξαν
1248 4648 1433 4713 αὑτοῦ,
1467 4649 1515 4702 οἳ
1556 4647 1698 4719 ἦσαν
1730 4653 1833 4704 1Ιέ-

230 4752 390 4805 τ;>ο;,
427 4739 523 4789 καὶ
546 4738 594 4790 οι
624 4737 720 4790 τοῦ
753 4737 1070 4802 Ζεϐεδαίου,
1113 4741 1210 4792 καὶ
1259 4741 1314 4794 al
1352 4741 1537 4794 λοιπαὶ
1577 4743 1839 4812 μυριάδες

230 4828 347 4882 τῶν
377 4830 812 4894 πιστευσάντων,
851 4831 884 4899 ὴ
933 4829 1214 4900 ὰγαθὸτης
1237 4832 1333 4884 τοῦ
1363 4833 1500 4885 Θεοῦ
1532 4836 1626 4886 καί
1667 4837 1747 4898 είς
1772 4839 1840 4887 τὰ

232 4921 370 4992 ἔθνη
397 4923 787 4992 ὑπερεκχεῖται
812 4939 827 4954 ·
857 4925 905 4975 oi
950 4925 1066 4994 γὰρ
1101 4926 1158 4978 ὲν
1199 4927 1322 4983 ταῖς
1369 4926 1542 4990 ὁδοῖς,
1601 4927 1697 4980 καὶ
1726 4930 1841 4990 τοῖς

234 5016 554 5084 φραγμοῖς,
590 5017 658 5068 τὰ
715 5015 845 5085 ἔθνη
894 5017 1162 5084 νοηθεῖεν.
1219 5019 1282 5070 Ol
1334 5019 1434 5089 μὲν
1503 5020 1840 5090 Ἰσραηλῖται

231 5108 391 5169 ἐντὸς
429 5101 576 5177 ἦσαν
621 5109 722 5178 τῆς
776 5109 1011 5173 πόλεως,
1064 5109 1159 5164 ἅτε
1194 5113 1289 5164 καὶ
1318 5111 1647 5180 νομοθεσίαν
1682 5113 1840 5181 δεξά-

236 5216 421 5270 μενοι,
471 5201 566 5253 καὶ
620 5203 982 5271 ἀπειοτέραν
1017 5202 1300 5273 διαγωγὴν
1342 5205 1643 5274 λαχόντες’
1687 5209 1758 5260 τὰ
1786 5209 1841 5262 δὲ

235 5295 371 5363 ιθνη
406 5295 534 5361 ξένα
567 5295 678 5356 τῶν
708 5297 987 5367 διαθηκῶν
1044 5296 1195 5363 ὄντα,
1243 5300 1338 5352 καὶ
1386 5301 1842 5374 ἀπηλλοτριωμέο

237 5403 326 5439 νοι
348 5389 447 5456 τῆς
480 5386 804 5455 νομοθεσίας
834 5387 930 5442 τοῦ
966 5389 1233 5458 Χριστοῦ,
1275 5393 1367 5444 καὶ
1400 5392 1476 5462 μὴ
1507 5394 1840 5460 συμπολῐται

234 5480 396 5557 ὅντες
417 5478 527 5531 τῶν
559 5480 733 5549 ἁγίων
760 5481 860 5534 οὐκ
887 5484 946 5534 ἐν
990 5483 1090 5552 μιᾷ
1113 5484 1241 5553 ὁδῷ,
1290 5484 1428 5538 ἀλλὰ
1478 5487 1705 5550 πολλαῖς
1739 5488 1842 5558 τῆς

232 5572 478 5640 ἀνομίας
506 5573 600 5623 καὶ
629 5573 920 5642 ἀγροικίας
968 5575 1269 5647 διέτριϐον,
1306 5578 1399 5630 καὶ
1455 5580 1514 5630 ἐν
1545 5584 1658 5642 τοῖς
1699 5597 1842 5650 φρα-

233 5664 424 5733 γμοῖς,
459 5666 578 5726 ταῖς
611 5665 933 5734 ἁμαρτίαις,
968 5669 1144 5737 φημί·
1190 5671 1221 5738 ἡ
1256 5671 1364 5739 γὰρ
1390 5670 1636 5741 ἁμαρτία
1667 5672 1842 5742 μέγας

239 5755 516 5826 φραγμὸς,
534 5757 627 5809 καὶ
664 5759 985 5830 μεσότοιχον
1011 5761 1230 5815 διῖστῶν
1262 5765 1411 5832 ἡμᾶς
1433 5765 1540 5818 ἀπὸ
1556 5766 1652 5819 τοῦ
1677 5766 1840 5823 Θεοῦ.

312 5934 361 5969 ⁸⁸
387 5935 558 5995 Eccli.
597 5956 828 6002 xxxviii.
863 5944 951 5994 ‘26.

575 6036 845 6098 Ριτιιοι..
896 6039 1014 6099 (ιιι.
1059 6039 1327 6100 CXXIII.

1403 4556 1624 4652 ἐκλογῇ,
1662 4575 1736 4626 φη
1746 4558 1827 4627 μὶν
1858 4592 1912 4652 ι)

1939 3352 2150 3421 Λιῇνοιὶ
2175 3360 2301 3404 sunt
2343 3352 2624 3422 principes
2650 3349 2989 3417 Iudaeorum,
3026 3365 3080 3405 et
3113 3352 3294 3406 nullus
3329 3367 3396 3407 cx
3441 3351 3546 3407 illis

1940 3442 2175 3497 credidit
2223 3444 2442 3498 Christo
2489 3445 2579 3513 qui
2624 3445 3004 3515 gloriabantur
3039 3445 3092 3499 in
3141 3445 3371 3498 malitia.
3404 3444 3543 3499 Num

1941 3539 2083 3608 quis,
2123 3537 2321 3606 inquit,
2375 3539 2686 3610 principum
2717 3539 2954 3593 credidit
3000 3540 3054 3592 in
3107 3538 3275 3592 eum?
3310 3539 3548 3594 Proinde

1940 3633 2082 3687 docti
2117 3634 2169 3686 in
2204 3633 2319 3703 lege
2349 3648 2415 3686 ac
2448 3631 2675 3696 Scribat,
2710 3644 2769 3687 ut
2804 3634 3073 3703 propheta
3103 3635 3259 3698 dicit,
3295 3632 3544 3689 iul‘atuati

1936 3726 2170 3796 gratiam
2228 3726 2533 3778 amiserunt
2566 3743 2581 3780 :
2617 3725 2801 3779 idiota:
2855 3735 3036 3780 autem
3089 3741 3154 3780 ex
3188 3723 3417 3790 Iuda-is,
3451 3727 3547 3796 qui

1939 3817 2100 3869 cateia
2124 3824 2177 3869 et
2209 3815 2419 3870 claudis
2443 3827 2498 3869 et
2537 3815 2813 3874 debilibus
2847 3830 3238 3885 comparantur
3261 3857 3276 3881 ,
3309 3827 3370 3871 et
3396 3818 3545 3871 s:.ulti

1938 3917 2065 3961 sunt
2097 3909 2255 3978 hujus
2279 3908 2490 3972 tnuudi,
2516 3917 2569 3963 et
2602 3909 2742 3963 mire
2771 3911 3088 3980 contempti,
3115 3912 3167 3963 hi
3198 3912 3375 3965 vocati
3397 3922 3546 3965 sunt.

1940 3999 2143 4055 Turbae
2171 4003 2315 4055 enim
2356 4001 2779 4056 admirabantur
2809 4018 2974 4072 super
3003 4007 3178 4075 gratia
3211 4021 3336 4074 qua:
3365 4006 3432 4060 de
3456 4021 3554 4061 ore

1936 4097 2063 4155 Jesu
2100 4099 2450 4167 procedebat,
2469 4100 2848 4168 etgaadcbant
2876 4102 2926 4154 in
2949 4101 3219 4162 doctrina.
3250 4102 3544 4170 Postquam

1938 4203 2118 4244 autem
2168 4191 2514 4246 intraverunt
2548 4190 2831 4255 Israelita,
2861 4193 3047 4253 electi,
3094 4195 3353 4262 inquam,
3406 4210 3546 4264 quos

1942 4285 1993 4337 in
2022 4284 2252 4354 gloriam
2287 4299 2439 4337 suam
2475 4282 2890 4352 praedestinarat
2929 4286 3303 4356 Deus,quales
3323 4286 3542 4341 fuerunt

1937 4376 2134 4433 Petrus
2163 4388 2218 4433 et
2251 4378 2343 4432 lilii
2386 4380 2658 4444 Zebodazi,
2692 4389 2746 4435 ct
2791 4381 2961 4434 multa
2996 4380 3098 4434 alia
3138 4381 3304 4435 millia
3352 4397 3558 4438 eorum

1937 4472 2029 4540 qui
2092 4471 2476 4534 crediderunt,
2519 4473 2833 4541 benignitas
2890 4472 2982 4528 Dei
3038 4474 3201 4529 etiam
3255 4475 3307 4528 in
3356 4487 3546 4547 gentes

1939 4562 2135 4619 diffusa
2165 4577 2269 4620 est.
2308 4565 2410 4619 Per
2440 4566 2539 4619 hos
2579 4569 2723 4620 enim
2755 4569 2847 4638 qui
2881 4569 2935 4622 in
2970 4569 3058 4624 via
3092 4578 3143 4623 et
3173 4570 3315 4637 apud
3345 4585 3505 4639 sepes
3529 4611 3544 4638 ,

1939 4671 2130 4730 gentes
2149 4659 2512 4728 intelligenda!
2529 4669 2677 4712 sunt.
2701 4661 2962 4716 Israelita:
2984 4662 3127 4715 enim
3155 4662 3377 4717 fuerunt
3401 4663 3545 4718 intra

1941 4752 2261 4815 civitatem,
2301 4761 2360 4804 ut
2412 4752 2504 4821 qui
2563 4752 2738 4822 legem
2791 4763 3177 4824 susceperant,
3235 4757 3539 4813 civiliorem

1944 4847 2109 4898 vitam
2148 4846 2350 4898 sortiti.
2375 4842 2619 4899 Gentiles
2657 4861 2785 4899 vero
2811 4862 2841 4899 a
2880 4850 3228 4916 testamentis
3262 4861 3318 4906 el.
3351 4867 3382 4906 a
3430 4852 3548 4922 leg-2

1943 4934 2038 4989 Dei
2071 4937 2232 4990 alieni
2266 4947 2448 5004 erant,
2476 4947 2533 4991 et
2566 4948 2672 4992 tum
2716 4937 2846 4992 facti
2879 4942 3031 4996 cives
3065 4953 3408 5010 sanctorum,
3450 4961 3550 4999 nec

1943 5029 1994 5081 in
2023 5045 2126 5081 una
2152 5033 2258 5090 via,
2284 5031 2378 5085 sed
2403 5031 2458 5084 in
2480 5032 2665 5088 multis
2699 5032 3004 5103 iniquitatis
3023 5037 3124 5092 viis
3143 5045 3197 5092 et
3229 5041 3549 5096 rusticitatis

1943 5119 2302 5174 versabantur
2333 5137 2347 5174 :
2382 5132 2442 5176 et
2479 5125 2619 5189 apud
2658 5139 2846 5192 sepes,~
2880 5139 3104 5193 peccata
3151 5131 3275 5185 dico
3304 5148 3318 5184 :
3352 5146 3546 5200 pecca-

1943 5217 2059 5268 tum
2091 5216 2238 5264 enim
2277 5228 2474 5283 magna
2507 5229 2664 5284 sepes
2691 5226 2799 5284 est,
2826 5229 2881 5272 ct
2906 5218 3265 5276 inlerstitium
3295 5226 3548 5282 dividens

1943 5318 2042 5355 nos
2075 5319 2104 5356 a
2160 5305 2290 5359 Deo.
2342 5306 2450 5361 Per
2493 5311 2608 5364 vias
2657 5311 2869 5379 itaque,
2923 5317 3213 5381 penninam
3255 5319 3538 5390 gentilium

1943 5398 2110 5449 vitam
2142 5409 2195 5451 et
2222 5405 2274 5451 In
2313 5401 2513 5456 multas
2542 5404 2832 5459 dissectau
2892 5409 3182 5475 opiniones
3238 5411 3491 5485 intelligit
3522 5431 3541 5469 :

1944 5507 2042 5562 per
2067 5506 2224 5562 sepes
2257 5509 2412 5559 vero,
2442 5497 2607 5550 vitam
2638 5498 2853 5552 illorum
2885 5501 2936 5554 in
2967 5501 3229 5570 peccatis.
3270 5504 3388 5561 Non
3413 5507 3547 5561 sim-

1943 5582 2156 5650 pliciter
2178 5585 2530 5653 autemjubet
2560 5588 2681 5643 illos
2701 5605 2900 5645 vocare
2928 5608 2941 5645 :
2978 5595 3098 5659 sed,
3126 5594 3424 5667 Compelle,
3461 5598 3544 5650 in-

1944 5679 2106 5746 quit:
2151 5680 2407 5748 quamvis
2441 5682 2809 5737 voluntarium
2860 5685 2931 5740 sit
2989 5689 3257 5745 omnibus
3293 5690 3539 5746 credere.

1948 5769 2228 5829 Cat-terunt
2282 5785 2342 5829 ut
2395 5777 2636 5834 sciatuus
2709 5795 2924 5850 magna:
2977 5784 3206 5840 virtutis
3270 5783 3367 5839 Dei
3422 5796 3548 5839 esss

3130 6062 3209 6123 30
