  <div class='ocr_page' id='page_1' title='image "/cluster/home/n/w/nwhite01/storage/ocr_20150623/123/ien.35556001659978/475.png"; bbox 0 0 4030 6424; ppageno 0'>
   <div class='ocr_carea' id='block_1_1' title="bbox 549 446 654 512">
    <p class='ocr_par' dir='ltr' id='par_1_1' title="bbox 549 446 654 512">
     <span class='ocr_line' id='line_1_1' title="bbox 549 446 654 512; baseline -0.019 0"><span class='ocrx_word' id='word_1_1' title='bbox 549 446 654 512; x_wconf 77' lang='lat'><strong>939</strong></span> 
     </span>
    </p>
   </div>
   <div class='ocr_carea' id='block_1_2' title="bbox 1424 444 2873 511">
    <p class='ocr_par' dir='ltr' id='par_1_2' title="bbox 1424 444 2873 511">
     <span class='ocr_line' id='line_1_2' title="bbox 1424 444 2873 511; baseline 0.002 -4"><span class='ocrx_word' id='word_1_2' title='bbox 1424 444 2000 509; x_wconf 74' lang='lat' dir='ltr'><strong>THEOPIIYLACTI</strong></span> <span class='ocrx_word' id='word_1_3' title='bbox 2056 446 2466 510; x_wconf 74' lang='lat' dir='ltr'><strong>BULGARI/E</strong></span> <span class='ocrx_word' id='word_1_4' title='bbox 2512 448 2873 511; x_wconf 80' lang='lat' dir='ltr'><strong>ARCHIEP.</strong></span> 
     </span>
    </p>
   </div>
   <div class='ocr_carea' id='block_1_3' title="bbox 3727 440 3835 508">
    <p class='ocr_par' dir='ltr' id='par_1_3' title="bbox 3727 440 3835 508">
     <span class='ocr_line' id='line_1_3' title="bbox 3727 440 3835 508; baseline -0.009 0"><span class='ocrx_word' id='word_1_5' title='bbox 3727 440 3835 508; x_wconf 68' lang='grc'><strong>940</strong></span> 
     </span>
    </p>
   </div>
   <div class='ocr_carea' id='block_1_4' title="bbox 546 554 2130 631">
    <p class='ocr_par' dir='ltr' id='par_1_4' title="bbox 546 558 2128 631">
     <span class='ocr_line' id='line_1_4' title="bbox 546 558 2128 631; baseline -0.002 -16"><span class='ocrx_word' id='word_1_6' title='bbox 546 560 844 616; x_wconf 80' lang='lat' dir='ltr'><strong>credidisse</strong></span> <span class='ocrx_word' id='word_1_7' title='bbox 932 568 1121 631; x_wconf 70' lang='lat' dir='ltr'><strong>gentes</strong></span> <span class='ocrx_word' id='word_1_8' title='bbox 1208 558 1261 612; x_wconf 90' lang='lat' dir='ltr'><strong>in</strong></span> <span class='ocrx_word' id='word_1_9' title='bbox 1342 566 1493 612; x_wconf 87' lang='lat' dir='ltr'><strong>tanta</strong></span> <span class='ocrx_word' id='word_1_10' title='bbox 1590 570 1871 615; x_wconf 71' lang='lat' dir='ltr'><strong>versantes</strong></span> <span class='ocrx_word' id='word_1_11' title='bbox 1962 560 2128 629; x_wconf 86' lang='lat' dir='ltr'><strong>igno-</strong></span> 
     </span>
    </p>
   </div>
   <div class='ocr_carea' id='block_1_5' title="bbox 2235 554 3832 631">
    <p class='ocr_par' dir='ltr' id='par_1_5' title="bbox 2235 554 3832 631">
     <span class='ocr_line' id='line_1_5' title="bbox 2235 554 3832 631; baseline -0.003 -18"><span class='ocrx_word' id='word_1_12' title='bbox 2235 561 2347 629; x_wconf 74' lang='grc' dir='ltr'><strong>Τὴν</strong></span> <span class='ocrx_word' id='word_1_13' title='bbox 2388 559 2641 631; x_wconf 79' lang='grc' dir='ltr'>κτηνώδη</span> <span class='ocrx_word' id='word_1_14' title='bbox 2675 556 2770 614; x_wconf 77' lang='grc' dir='ltr'>οὖν</span> <span class='ocrx_word' id='word_1_15' title='bbox 2799 559 2910 613; x_wconf 86' lang='grc' dir='ltr'><strong>τῶν</strong></span> <span class='ocrx_word' id='word_1_16' title='bbox 2946 557 3119 612; x_wconf 69' lang='grc' dir='ltr'>ἐθνῶν</span> <span class='ocrx_word' id='word_1_17' title='bbox 3163 555 3463 627; x_wconf 75' lang='grc' dir='ltr'>διαγωγὴν,</span> <span class='ocrx_word' id='word_1_18' title='bbox 3492 554 3590 608; x_wconf 75' lang='grc' dir='ltr'>καὶ</span> <span class='ocrx_word' id='word_1_19' title='bbox 3620 555 3702 617; x_wconf 82' lang='grc' dir='ltr'><strong>είς</strong></span> <span class='ocrx_word' id='word_1_20' title='bbox 3736 556 3832 616; x_wconf 68' lang='grc' dir='ltr'>τὰς</span> 
     </span>
    </p>
   </div>
   <div class='ocr_carea' id='block_1_6' title="bbox 549 650 2125 722">
    <p class='ocr_par' dir='ltr' id='par_1_6' title="bbox 549 650 2125 722">
     <span class='ocr_line' id='line_1_6' title="bbox 549 650 2125 722; baseline -0.003 -14"><span class='ocrx_word' id='word_1_21' title='bbox 549 655 764 717; x_wconf 78' lang='lat' dir='ltr'><strong>rantis,</strong></span> <span class='ocrx_word' id='word_1_22' title='bbox 826 654 946 708; x_wconf 85' lang='lat' dir='ltr'><strong>ideo</strong></span> <span class='ocrx_word' id='word_1_23' title='bbox 996 652 1177 706; x_wconf 83' lang='lat' dir='ltr'><strong>dixit:</strong></span> <span class='ocrx_word' id='word_1_24' title='bbox 1213 650 1510 722; x_wconf 80' lang='lat' dir='ltr'><strong>Compelle.</strong></span> <span class='ocrx_word' id='word_1_25' title='bbox 1566 651 1682 709; x_wconf 82' lang='lat' dir='ltr'><strong>Nisi</strong></span> <span class='ocrx_word' id='word_1_26' title='bbox 1730 652 1874 706; x_wconf 89' lang='lat' dir='ltr'><strong>enim</strong></span> <span class='ocrx_word' id='word_1_27' title='bbox 1932 667 2125 722; x_wconf 80' lang='lat' dir='ltr'><strong>magna</strong></span> 
     </span>
    </p>
   </div>
   <div class='ocr_carea' id='block_1_7' title="bbox 545 742 2128 816">
    <p class='ocr_par' dir='ltr' id='par_1_7' title="bbox 545 742 2128 816">
     <span class='ocr_line' id='line_1_7' title="bbox 545 742 2128 816; baseline 0 -19"><span class='ocrx_word' id='word_1_28' title='bbox 545 744 712 816; x_wconf 77' lang='lat'><strong>399</strong></span> <span class='ocrx_word' id='word_1_29' title='bbox 762 742 951 798; x_wconf 86' lang='lat' dir='ltr'><strong>fuisset</strong></span> <span class='ocrx_word' id='word_1_30' title='bbox 1012 743 1133 812; x_wconf 88' lang='lat' dir='ltr'><strong>ejus</strong></span> <span class='ocrx_word' id='word_1_31' title='bbox 1173 742 1265 812; x_wconf 89' lang='lat' dir='ltr'><strong>qui</strong></span> <span class='ocrx_word' id='word_1_32' title='bbox 1311 743 1704 813; x_wconf 72' lang='lat' dir='ltr'><strong>prmdicahatur</strong></span> <span class='ocrx_word' id='word_1_33' title='bbox 1768 744 1947 801; x_wconf 81' lang='lat' dir='ltr'><strong>virtus</strong></span> <span class='ocrx_word' id='word_1_34' title='bbox 1987 783 2003 809; x_wconf 88' lang='lat'><strong>,</strong></span> <span class='ocrx_word' id='word_1_35' title='bbox 2072 753 2128 798; x_wconf 92' lang='lat' dir='ltr'><strong>et</strong></span> 
     </span>
    </p>
   </div>
   <div class='ocr_carea' id='block_1_8' title="bbox 548 836 2128 908">
    <p class='ocr_par' dir='ltr' id='par_1_8' title="bbox 548 836 2128 908">
     <span class='ocr_line' id='line_1_8' title="bbox 548 836 2128 908; baseline -0.001 -17"><span class='ocrx_word' id='word_1_36' title='bbox 548 851 738 908; x_wconf 88' lang='lat' dir='ltr'><strong>magna</strong></span> <span class='ocrx_word' id='word_1_37' title='bbox 768 838 915 891; x_wconf 85' lang='lat' dir='ltr'><strong>verbi</strong></span> <span class='ocrx_word' id='word_1_38' title='bbox 948 836 1183 901; x_wconf 87' lang='lat' dir='ltr'><strong>veritas,</strong></span> <span class='ocrx_word' id='word_1_39' title='bbox 1233 836 1505 905; x_wconf 88' lang='lat' dir='ltr'><strong>quomodo</strong></span> <span class='ocrx_word' id='word_1_40' title='bbox 1534 836 1779 905; x_wconf 83' lang='lat' dir='ltr'><strong>persuasi</strong></span> <span class='ocrx_word' id='word_1_41' title='bbox 1812 845 1996 892; x_wconf 88' lang='lat' dir='ltr'><strong>essent</strong></span> <span class='ocrx_word' id='word_1_42' title='bbox 2030 836 2128 890; x_wconf 85' lang='lat' dir='ltr'><strong>ho-</strong></span> 
     </span>
    </p>
   </div>
   <div class='ocr_carea' id='block_1_9' title="bbox 547 925 2127 997">
    <p class='ocr_par' dir='ltr' id='par_1_9' title="bbox 547 925 2127 997">
     <span class='ocr_line' id='line_1_9' title="bbox 547 925 2127 997; baseline -0.004 -12"><span class='ocrx_word' id='word_1_43' title='bbox 547 930 719 985; x_wconf 82' lang='lat' dir='ltr'><strong>mines</strong></span> <span class='ocrx_word' id='word_1_44' title='bbox 753 930 803 982; x_wconf 90' lang='lat' dir='ltr'><strong>in</strong></span> <span class='ocrx_word' id='word_1_45' title='bbox 848 928 1115 983; x_wconf 83' lang='lat' dir='ltr'><strong>idolorum</strong></span> <span class='ocrx_word' id='word_1_46' title='bbox 1147 928 1297 983; x_wconf 90' lang='lat' dir='ltr'><strong>cultu</strong></span> <span class='ocrx_word' id='word_1_47' title='bbox 1331 925 1667 982; x_wconf 78' lang='lat' dir='ltr'><strong>insanientes</strong></span> <span class='ocrx_word' id='word_1_48' title='bbox 1706 936 1762 982; x_wconf 89' lang='lat' dir='ltr'><strong>et</strong></span> <span class='ocrx_word' id='word_1_49' title='bbox 1816 925 1961 982; x_wconf 78' lang='lat' dir='ltr'><strong>fmda</strong></span> <span class='ocrx_word' id='word_1_50' title='bbox 1997 941 2127 997; x_wconf 83' lang='lat' dir='ltr'><strong>ope-</strong></span> 
     </span>
    </p>
   </div>
   <div class='ocr_carea' id='block_1_10' title="bbox 547 1018 2128 1090">
    <p class='ocr_par' dir='ltr' id='par_1_10' title="bbox 547 1018 2128 1090">
     <span class='ocr_line' id='line_1_10' title="bbox 547 1018 2128 1090; baseline -0.003 -14"><span class='ocrx_word' id='word_1_51' title='bbox 547 1029 765 1088; x_wconf 87' lang='lat' dir='ltr'><strong>rantes,</strong></span> <span class='ocrx_word' id='word_1_52' title='bbox 824 1030 883 1075; x_wconf 93' lang='lat' dir='ltr'><strong>ut</strong></span> <span class='ocrx_word' id='word_1_53' title='bbox 932 1033 1152 1090; x_wconf 86' lang='lat' dir='ltr'><strong>repente</strong></span> <span class='ocrx_word' id='word_1_54' title='bbox 1190 1026 1552 1088; x_wconf 83' lang='lat' dir='ltr'><strong>agnoscerent</strong></span> <span class='ocrx_word' id='word_1_55' title='bbox 1593 1033 1782 1074; x_wconf 81' lang='lat' dir='ltr'><strong>verum</strong></span> <span class='ocrx_word' id='word_1_56' title='bbox 1821 1018 2027 1082; x_wconf 90' lang='lat' dir='ltr'><strong>Deum,</strong></span> <span class='ocrx_word' id='word_1_57' title='bbox 2074 1028 2128 1071; x_wconf 91' lang='lat' dir='ltr'><strong>et</strong></span> 
     </span>
    </p>
   </div>
   <div class='ocr_carea' id='block_1_11' title="bbox 545 1110 2124 1185">
    <p class='ocr_par' dir='ltr' id='par_1_11' title="bbox 545 1110 2124 1185">
     <span class='ocr_line' id='line_1_11' title="bbox 545 1110 2124 1185; baseline -0.004 -15"><span class='ocrx_word' id='word_1_58' title='bbox 545 1115 883 1185; x_wconf 87' lang='lat' dir='ltr'><strong>spiritualem</strong></span> <span class='ocrx_word' id='word_1_59' title='bbox 932 1115 1220 1185; x_wconf 85' lang='lat' dir='ltr'><strong>diligerent</strong></span> <span class='ocrx_word' id='word_1_60' title='bbox 1274 1114 1489 1170; x_wconf 72' lang='lat' dir='ltr'><strong>vitam?</strong></span> <span class='ocrx_word' id='word_1_61' title='bbox 1532 1113 1701 1183; x_wconf 84' lang='lat' dir='ltr'><strong>Igitur</strong></span> <span class='ocrx_word' id='word_1_62' title='bbox 1750 1110 2124 1166; x_wconf 85' lang='lat' dir='ltr'><strong>admirabilem</strong></span> 
     </span>
    </p>
   </div>
   <div class='ocr_carea' id='block_1_12' title="bbox 546 1204 2125 1276">
    <p class='ocr_par' dir='ltr' id='par_1_12' title="bbox 546 1204 2125 1276">
     <span class='ocr_line' id='line_1_12' title="bbox 546 1204 2125 1276; baseline -0.001 -16"><span class='ocrx_word' id='word_1_63' title='bbox 546 1207 952 1263; x_wconf 85' lang='lat' dir='ltr'><strong>translationem</strong></span> <span class='ocrx_word' id='word_1_64' title='bbox 1000 1207 1307 1276; x_wconf 74' lang='lat' dir='ltr'><strong>significare</strong></span> <span class='ocrx_word' id='word_1_65' title='bbox 1342 1206 1564 1271; x_wconf 85' lang='lat' dir='ltr'><strong>volens,</strong></span> <span class='ocrx_word' id='word_1_66' title='bbox 1607 1204 1986 1260; x_wconf 76' lang='lat' dir='ltr'><strong>necessitatem</strong></span> <span class='ocrx_word' id='word_1_67' title='bbox 2030 1218 2125 1258; x_wconf 88' lang='lat' dir='ltr'><strong>no-</strong></span> 
     </span>
    </p>
   </div>
   <div class='ocr_carea' id='block_1_13' title="bbox 546 1295 2126 1371">
    <p class='ocr_par' dir='ltr' id='par_1_13' title="bbox 546 1295 2126 1371">
     <span class='ocr_line' id='line_1_13' title="bbox 546 1295 2126 1371; baseline -0.005 -14"><span class='ocrx_word' id='word_1_68' title='bbox 546 1302 795 1369; x_wconf 82' lang='lat' dir='ltr'><strong>minavit,</strong></span> <span class='ocrx_word' id='word_1_69' title='bbox 821 1301 974 1370; x_wconf 87' lang='lat' dir='ltr'><strong>quasi</strong></span> <span class='ocrx_word' id='word_1_70' title='bbox 1006 1302 1214 1355; x_wconf 86' lang='lat' dir='ltr'><strong>diceret</strong></span> <span class='ocrx_word' id='word_1_71' title='bbox 1239 1301 1400 1371; x_wconf 85' lang='lat' dir='ltr'><strong>quis:</strong></span> <span class='ocrx_word' id='word_1_72' title='bbox 1434 1299 1677 1355; x_wconf 83' lang='lat' dir='ltr'><strong>Gentiles</strong></span> <span class='ocrx_word' id='word_1_73' title='bbox 1704 1297 1872 1352; x_wconf 84' lang='lat' dir='ltr'><strong>etiam</strong></span> <span class='ocrx_word' id='word_1_74' title='bbox 1898 1295 2040 1350; x_wconf 87' lang='lat' dir='ltr'><strong>idola</strong></span> <span class='ocrx_word' id='word_1_75' title='bbox 2071 1304 2126 1349; x_wconf 91' lang='lat' dir='ltr'><strong>et</strong></span> 
     </span>
    </p>
   </div>
   <div class='ocr_carea' id='block_1_14' title="bbox 545 1388 2123 1462">
    <p class='ocr_par' dir='ltr' id='par_1_14' title="bbox 545 1388 2123 1462">
     <span class='ocr_line' id='line_1_14' title="bbox 545 1388 2123 1462; baseline -0.005 -15"><span class='ocrx_word' id='word_1_76' title='bbox 545 1393 765 1449; x_wconf 82' lang='lat' dir='ltr'><strong>delicias</strong></span> <span class='ocrx_word' id='word_1_77' title='bbox 798 1394 1104 1462; x_wconf 84' lang='lat' dir='ltr'><strong>relinquere</strong></span> <span class='ocrx_word' id='word_1_78' title='bbox 1146 1393 1424 1458; x_wconf 86' lang='lat' dir='ltr'><strong>nolentes,</strong></span> <span class='ocrx_word' id='word_1_79' title='bbox 1463 1407 1491 1446; x_wconf 87' lang='lat' dir='ltr'><strong>a</strong></span> <span class='ocrx_word' id='word_1_80' title='bbox 1528 1388 1917 1461; x_wconf 66' lang='lat' dir='ltr'><strong>praedicatione</strong></span> <span class='ocrx_word' id='word_1_81' title='bbox 1944 1395 2123 1441; x_wconf 89' lang='lat' dir='ltr'><strong>tamen</strong></span> 
     </span>
    </p>
   </div>
   <div class='ocr_carea' id='block_1_15' title="bbox 543 1480 2126 1554">
    <p class='ocr_par' dir='ltr' id='par_1_15' title="bbox 543 1480 2126 1554">
     <span class='ocr_line' id='line_1_15' title="bbox 543 1480 2126 1554; baseline -0.004 -13"><span class='ocrx_word' id='word_1_82' title='bbox 543 1485 791 1541; x_wconf 54' lang='lat' dir='ltr'><strong>vallatis</strong></span> <span class='ocrx_word' id='word_1_83' title='bbox 811 1500 871 1542; x_wconf 86' lang='lat' dir='ltr'><strong>ea</strong></span> <span class='ocrx_word' id='word_1_84' title='bbox 899 1482 1204 1554; x_wconf 88' lang='lat' dir='ltr'><strong>relinquere</strong></span> <span class='ocrx_word' id='word_1_85' title='bbox 1227 1484 1402 1539; x_wconf 86' lang='lat' dir='ltr'><strong>coacti</strong></span> <span class='ocrx_word' id='word_1_86' title='bbox 1428 1492 1578 1539; x_wconf 88' lang='lat' dir='ltr'><strong>sunt.</strong></span> <span class='ocrx_word' id='word_1_87' title='bbox 1605 1481 1698 1535; x_wconf 83' lang='lat' dir='ltr'><strong>Vel</strong></span> <span class='ocrx_word' id='word_1_88' title='bbox 1719 1482 1911 1535; x_wconf 86' lang='lat' dir='ltr'><strong>aliter:</strong></span> <span class='ocrx_word' id='word_1_89' title='bbox 1938 1480 2126 1536; x_wconf 81' lang='lat' dir='ltr'><strong>Virtus</strong></span> 
     </span>
    </p>
   </div>
   <div class='ocr_carea' id='block_1_16' title="bbox 543 1575 2126 1649">
    <p class='ocr_par' dir='ltr' id='par_1_16' title="bbox 543 1575 2126 1649">
     <span class='ocr_line' id='line_1_16' title="bbox 543 1575 2126 1649; baseline -0.003 -17"><span class='ocrx_word' id='word_1_90' title='bbox 543 1579 815 1649; x_wconf 87' lang='lat' dir='ltr'><strong>signorum</strong></span> <span class='ocrx_word' id='word_1_91' title='bbox 861 1593 1107 1647; x_wconf 78' lang='lat' dir='ltr'><strong>tuaguam</strong></span> <span class='ocrx_word' id='word_1_92' title='bbox 1137 1575 1396 1631; x_wconf 80' lang='lat' dir='ltr'><strong>afferebat</strong></span> <span class='ocrx_word' id='word_1_93' title='bbox 1428 1576 1807 1630; x_wconf 81' lang='lat' dir='ltr'><strong>necessitatem</strong></span> <span class='ocrx_word' id='word_1_94' title='bbox 1854 1585 1909 1627; x_wconf 92' lang='lat' dir='ltr'><strong>nt</strong></span> <span class='ocrx_word' id='word_1_95' title='bbox 1942 1583 2126 1628; x_wconf 84' lang='lat' dir='ltr'><strong>trans-</strong></span> 
     </span>
    </p>
   </div>
   <div class='ocr_carea' id='block_1_17' title="bbox 544 1666 2121 1736">
    <p class='ocr_par' dir='ltr' id='par_1_17' title="bbox 544 1666 2121 1736">
     <span class='ocr_line' id='line_1_17' title="bbox 544 1666 2121 1736; baseline -0.003 -14"><span class='ocrx_word' id='word_1_96' title='bbox 544 1669 818 1725; x_wconf 81' lang='lat' dir='ltr'><strong>ferrentur</strong></span> <span class='ocrx_word' id='word_1_97' title='bbox 846 1669 913 1723; x_wconf 89' lang='lat' dir='ltr'><strong>ad</strong></span> <span class='ocrx_word' id='word_1_98' title='bbox 956 1668 1111 1725; x_wconf 80' lang='lat' dir='ltr'><strong>fidem</strong></span> <span class='ocrx_word' id='word_1_99' title='bbox 1168 1666 1399 1723; x_wconf 83' lang='lat' dir='ltr'><strong>Christi.</strong></span> <span class='ocrx_word' id='word_1_100' title='bbox 1442 1667 1507 1721; x_wconf 89' lang='lat' dir='ltr'><strong>Et</strong></span> <span class='ocrx_word' id='word_1_101' title='bbox 1552 1667 1793 1736; x_wconf 80' lang='lat' dir='ltr'><strong>quotidie</strong></span> <span class='ocrx_word' id='word_1_102' title='bbox 1837 1680 1991 1721; x_wconf 70' lang='lat' dir='ltr'><strong>casus</strong></span> <span class='ocrx_word' id='word_1_103' title='bbox 2036 1666 2121 1719; x_wconf 72' lang='lat' dir='ltr'><strong>illa</strong></span> 
     </span>
    </p>
   </div>
   <div class='ocr_carea' id='block_1_18' title="bbox 544 1758 2125 1834">
    <p class='ocr_par' dir='ltr' id='par_1_18' title="bbox 544 1758 2125 1834">
     <span class='ocr_line' id='line_1_18' title="bbox 544 1758 2125 1834; baseline -0.002 -19"><span class='ocrx_word' id='word_1_104' title='bbox 544 1773 920 1834; x_wconf 62' lang='lat' dir='ltr'><strong>praeparatur,</strong></span> <span class='ocrx_word' id='word_1_105' title='bbox 964 1771 1019 1817; x_wconf 91' lang='lat' dir='ltr'><strong>ct</strong></span> <span class='ocrx_word' id='word_1_106' title='bbox 1059 1776 1317 1817; x_wconf 76' lang='lat' dir='ltr'><strong>vocamur</strong></span> <span class='ocrx_word' id='word_1_107' title='bbox 1355 1775 1547 1816; x_wconf 87' lang='lat' dir='ltr'><strong>omnes</strong></span> <span class='ocrx_word' id='word_1_108' title='bbox 1590 1760 1656 1814; x_wconf 89' lang='lat' dir='ltr'><strong>ad</strong></span> <span class='ocrx_word' id='word_1_109' title='bbox 1709 1775 1933 1827; x_wconf 85' lang='lat' dir='ltr'><strong>regnum</strong></span> <span class='ocrx_word' id='word_1_110' title='bbox 1983 1758 2125 1827; x_wconf 87' lang='lat' dir='ltr'><strong>quod</strong></span> 
     </span>
    </p>
   </div>
   <div class='ocr_carea' id='block_1_19' title="bbox 548 1851 2123 1924">
    <p class='ocr_par' dir='ltr' id='par_1_19' title="bbox 548 1851 2123 1924">
     <span class='ocr_line' id='line_1_19' title="bbox 548 1851 2123 1924; baseline -0.001 -17"><span class='ocrx_word' id='word_1_111' title='bbox 548 1854 688 1908; x_wconf 87' lang='lat' dir='ltr'><strong>Deus</strong></span> <span class='ocrx_word' id='word_1_112' title='bbox 713 1853 1045 1924; x_wconf 66' lang='lat' dir='ltr'><strong>praeparavit</strong></span> <span class='ocrx_word' id='word_1_113' title='bbox 1081 1861 1207 1907; x_wconf 88' lang='lat' dir='ltr'><strong>ante</strong></span> <span class='ocrx_word' id='word_1_114' title='bbox 1244 1852 1433 1907; x_wconf 91' lang='lat' dir='ltr'><strong>mundi</strong></span> <span class='ocrx_word' id='word_1_115' title='bbox 1467 1852 1734 1921; x_wconf 87' lang='lat' dir='ltr'><strong>originem</strong></span> <span class='ocrx_word' id='word_1_116' title='bbox 1776 1851 2123 1906; x_wconf 86' lang='lat' dir='ltr'><strong>hominibus:</strong></span> 
     </span>
    </p>
   </div>
   <div class='ocr_carea' id='block_1_20' title="bbox 546 1944 2124 2015">
    <p class='ocr_par' dir='ltr' id='par_1_20' title="bbox 546 1944 2124 2015">
     <span class='ocr_line' id='line_1_20' title="bbox 546 1944 2124 2015; baseline -0.001 -16"><span class='ocrx_word' id='word_1_117' title='bbox 546 1948 639 1999; x_wconf 73' lang='lat' dir='ltr'><strong>sed</strong></span> <span class='ocrx_word' id='word_1_118' title='bbox 668 1945 757 1999; x_wconf 91' lang='lat' dir='ltr'><strong>alii</strong></span> <span class='ocrx_word' id='word_1_119' title='bbox 792 1946 1008 2015; x_wconf 81' lang='lat' dir='ltr'><strong>quidem</strong></span> <span class='ocrx_word' id='word_1_120' title='bbox 1042 1954 1261 2014; x_wconf 86' lang='lat' dir='ltr'><strong>propter</strong></span> <span class='ocrx_word' id='word_1_121' title='bbox 1292 1944 1579 2013; x_wconf 64' lang='lat' dir='ltr'><strong>sapientiae</strong></span> <span class='ocrx_word' id='word_1_122' title='bbox 1609 1945 2002 2009; x_wconf 87' lang='lat' dir='ltr'><strong>curiositatem,</strong></span> <span class='ocrx_word' id='word_1_123' title='bbox 2035 1944 2124 1997; x_wconf 86' lang='lat' dir='ltr'><strong>alii</strong></span> 
     </span>
    </p>
   </div>
   <div class='ocr_carea' id='block_1_21' title="bbox 548 2036 2124 2108">
    <p class='ocr_par' dir='ltr' id='par_1_21' title="bbox 548 2036 2124 2108">
     <span class='ocr_line' id='line_1_21' title="bbox 548 2036 2124 2108; baseline -0.001 -19"><span class='ocrx_word' id='word_1_124' title='bbox 548 2053 674 2092; x_wconf 89' lang='lat' dir='ltr'><strong>vero</strong></span> <span class='ocrx_word' id='word_1_125' title='bbox 719 2047 940 2107; x_wconf 81' lang='lat' dir='ltr'><strong>propter</strong></span> <span class='ocrx_word' id='word_1_126' title='bbox 990 2053 1168 2093; x_wconf 88' lang='lat' dir='ltr'><strong>rerum</strong></span> <span class='ocrx_word' id='word_1_127' title='bbox 1217 2048 1559 2093; x_wconf 84' lang='lat' dir='ltr'><strong>terrenarum</strong></span> <span class='ocrx_word' id='word_1_128' title='bbox 1607 2037 1993 2108; x_wconf 87' lang='lat' dir='ltr'><strong>cupiditatem,</strong></span> <span class='ocrx_word' id='word_1_129' title='bbox 2036 2036 2124 2090; x_wconf 82' lang='lat' dir='ltr'><strong>alii</strong></span> 
     </span>
    </p>
   </div>
   <div class='ocr_carea' id='block_1_22' title="bbox 545 2129 2124 2200">
    <p class='ocr_par' dir='ltr' id='par_1_22' title="bbox 545 2129 2124 2200">
     <span class='ocr_line' id='line_1_22' title="bbox 545 2129 2124 2200; baseline -0.001 -16"><span class='ocrx_word' id='word_1_130' title='bbox 545 2141 725 2184; x_wconf 86' lang='lat' dir='ltr'><strong>autem</strong></span> <span class='ocrx_word' id='word_1_131' title='bbox 772 2140 991 2200; x_wconf 89' lang='lat' dir='ltr'><strong>propter</strong></span> <span class='ocrx_word' id='word_1_132' title='bbox 1064 2129 1438 2185; x_wconf 88' lang='lat' dir='ltr'><strong>carnalitatem</strong></span> <span class='ocrx_word' id='word_1_133' title='bbox 1502 2145 1607 2185; x_wconf 90' lang='lat' dir='ltr'><strong>non</strong></span> <span class='ocrx_word' id='word_1_134' title='bbox 1659 2145 1930 2185; x_wconf 79' lang='lat' dir='ltr'><strong>meremur</strong></span> <span class='ocrx_word' id='word_1_135' title='bbox 1974 2129 2124 2183; x_wconf 90' lang='lat' dir='ltr'><strong>illud.</strong></span> 
     </span>
    </p>
   </div>
   <div class='ocr_carea' id='block_1_23' title="bbox 546 2220 2126 2291">
    <p class='ocr_par' dir='ltr' id='par_1_23' title="bbox 546 2220 2126 2291">
     <span class='ocr_line' id='line_1_23' title="bbox 546 2220 2126 2291; baseline 0 -16"><span class='ocrx_word' id='word_1_136' title='bbox 546 2222 615 2276; x_wconf 81' lang='lat' dir='ltr'><strong>At</strong></span> <span class='ocrx_word' id='word_1_137' title='bbox 648 2220 739 2275; x_wconf 91' lang='lat' dir='ltr'><strong>Dei</strong></span> <span class='ocrx_word' id='word_1_138' title='bbox 772 2222 1145 2276; x_wconf 87' lang='lat' dir='ltr'><strong>misericordia</strong></span> <span class='ocrx_word' id='word_1_139' title='bbox 1182 2221 1301 2276; x_wconf 90' lang='lat' dir='ltr'><strong>aliis</strong></span> <span class='ocrx_word' id='word_1_140' title='bbox 1339 2223 1718 2291; x_wconf 82' lang='lat' dir='ltr'><strong>peccatoribus</strong></span> <span class='ocrx_word' id='word_1_141' title='bbox 1750 2223 1849 2277; x_wconf 90' lang='lat' dir='ltr'><strong>hoc</strong></span> <span class='ocrx_word' id='word_1_142' title='bbox 1882 2222 2126 2290; x_wconf 78' lang='lat' dir='ltr'><strong>largitur,</strong></span> 
     </span>
    </p>
   </div>
   <div class='ocr_carea' id='block_1_24' title="bbox 545 2311 2131 2382">
    <p class='ocr_par' dir='ltr' id='par_1_24' title="bbox 545 2311 2131 2382">
     <span class='ocr_line' id='line_1_24' title="bbox 545 2311 2131 2382; baseline -0.002 -17"><span class='ocrx_word' id='word_1_143' title='bbox 545 2313 636 2382; x_wconf 76' lang='lat' dir='ltr'><strong>qui</strong></span> <span class='ocrx_word' id='word_1_144' title='bbox 676 2312 802 2367; x_wconf 73' lang='lat' dir='ltr'><strong>cazci</strong></span> <span class='ocrx_word' id='word_1_145' title='bbox 846 2311 1171 2367; x_wconf 84' lang='lat' dir='ltr'><strong>mental-ibus</strong></span> <span class='ocrx_word' id='word_1_146' title='bbox 1204 2312 1377 2367; x_wconf 84' lang='lat' dir='ltr'><strong>oculis</strong></span> <span class='ocrx_word' id='word_1_147' title='bbox 1400 2322 1524 2367; x_wconf 86' lang='lat' dir='ltr'><strong>sunt</strong></span> <span class='ocrx_word' id='word_1_148' title='bbox 1547 2352 1562 2376; x_wconf 94' lang='lat'><strong>,</strong></span> <span class='ocrx_word' id='word_1_149' title='bbox 1596 2320 1652 2367; x_wconf 92' lang='lat' dir='ltr'><strong>et</strong></span> <span class='ocrx_word' id='word_1_150' title='bbox 1685 2328 1791 2366; x_wconf 89' lang='lat' dir='ltr'><strong>non</strong></span> <span class='ocrx_word' id='word_1_151' title='bbox 1824 2311 2131 2382; x_wconf 86' lang='lat' dir='ltr'><strong>intelligunt</strong></span> 
     </span>
    </p>
   </div>
   <div class='ocr_carea' id='block_1_25' title="bbox 544 2402 2129 2475">
    <p class='ocr_par' dir='ltr' id='par_1_25' title="bbox 544 2402 2129 2475">
     <span class='ocr_line' id='line_1_25' title="bbox 544 2402 2129 2475; baseline 0.001 -21"><span class='ocrx_word' id='word_1_152' title='bbox 544 2418 667 2471; x_wconf 59' lang='lat' dir='ltr'><strong>qua:</strong></span> <span class='ocrx_word' id='word_1_153' title='bbox 706 2404 775 2458; x_wconf 85' lang='lat' dir='ltr'><strong>sit</strong></span> <span class='ocrx_word' id='word_1_154' title='bbox 807 2402 1055 2457; x_wconf 84' lang='lat' dir='ltr'><strong>voluntas</strong></span> <span class='ocrx_word' id='word_1_155' title='bbox 1098 2404 1223 2468; x_wconf 85' lang='lat' dir='ltr'><strong>Dei,</strong></span> <span class='ocrx_word' id='word_1_156' title='bbox 1268 2404 1352 2458; x_wconf 92' lang='lat' dir='ltr'><strong>vel</strong></span> <span class='ocrx_word' id='word_1_157' title='bbox 1396 2404 1706 2475; x_wconf 87' lang='lat' dir='ltr'><strong>intelligunt</strong></span> <span class='ocrx_word' id='word_1_158' title='bbox 1743 2404 1995 2474; x_wconf 89' lang='lat' dir='ltr'><strong>quidem,</strong></span> <span class='ocrx_word' id='word_1_159' title='bbox 2035 2404 2129 2457; x_wconf 90' lang='lat' dir='ltr'><strong>sed</strong></span> 
     </span>
    </p>
   </div>
   <div class='ocr_carea' id='block_1_26' title="bbox 544 2494 2127 2564">
    <p class='ocr_par' dir='ltr' id='par_1_26' title="bbox 544 2494 2127 2564">
     <span class='ocr_line' id='line_1_26' title="bbox 544 2494 2127 2564; baseline -0.002 -16"><span class='ocrx_word' id='word_1_160' title='bbox 544 2495 721 2549; x_wconf 70' lang='lat' dir='ltr'><strong>claudi</strong></span> <span class='ocrx_word' id='word_1_161' title='bbox 764 2505 921 2558; x_wconf 87' lang='lat' dir='ltr'><strong>sunt,</strong></span> <span class='ocrx_word' id='word_1_162' title='bbox 954 2501 1009 2549; x_wconf 93' lang='lat' dir='ltr'><strong>et</strong></span> <span class='ocrx_word' id='word_1_163' title='bbox 1048 2494 1113 2548; x_wconf 88' lang='lat' dir='ltr'><strong>ad</strong></span> <span class='ocrx_word' id='word_1_164' title='bbox 1155 2495 1488 2564; x_wconf 76' lang='lat' dir='ltr'><strong>operandam</strong></span> <span class='ocrx_word' id='word_1_165' title='bbox 1532 2496 1668 2550; x_wconf 89' lang='lat' dir='ltr'><strong>tardi</strong></span> <span class='ocrx_word' id='word_1_166' title='bbox 1699 2510 1761 2549; x_wconf 78' lang='lat' dir='ltr'><strong>ac</strong></span> <span class='ocrx_word' id='word_1_167' title='bbox 1803 2494 2127 2558; x_wconf 78' lang='lat' dir='ltr'><strong>immobiles,</strong></span> 
     </span>
    </p>
   </div>
   <div class='ocr_carea' id='block_1_27' title="bbox 543 2587 2127 2657">
    <p class='ocr_par' dir='ltr' id='par_1_27' title="bbox 543 2587 2127 2657">
     <span class='ocr_line' id='line_1_27' title="bbox 543 2587 2127 2657; baseline -0.002 -16"><span class='ocrx_word' id='word_1_168' title='bbox 543 2595 599 2641; x_wconf 94' lang='lat' dir='ltr'><strong>et</strong></span> <span class='ocrx_word' id='word_1_169' title='bbox 639 2588 863 2642; x_wconf 86' lang='lat' dir='ltr'><strong>omnino</strong></span> <span class='ocrx_word' id='word_1_170' title='bbox 901 2587 1106 2642; x_wconf 87' lang='lat' dir='ltr'><strong>debiles</strong></span> <span class='ocrx_word' id='word_1_171' title='bbox 1146 2602 1213 2642; x_wconf 87' lang='lat' dir='ltr'><strong>ac</strong></span> <span class='ocrx_word' id='word_1_172' title='bbox 1259 2601 1560 2657; x_wconf 88' lang='lat' dir='ltr'><strong>pauperes.</strong></span> <span class='ocrx_word' id='word_1_173' title='bbox 1606 2601 1671 2641; x_wconf 91' lang='lat' dir='ltr'><strong>eo</strong></span> <span class='ocrx_word' id='word_1_174' title='bbox 1712 2588 1853 2655; x_wconf 91' lang='lat' dir='ltr'><strong>quod</strong></span> <span class='ocrx_word' id='word_1_175' title='bbox 1898 2602 2127 2656; x_wconf 88' lang='lat' dir='ltr'><strong>superna</strong></span> 
     </span>
    </p>
   </div>
   <div class='ocr_carea' id='block_1_28' title="bbox 543 2672 2130 2746">
    <p class='ocr_par' dir='ltr' id='par_1_28' title="bbox 543 2672 2130 2746">
     <span class='ocr_line' id='line_1_28' title="bbox 543 2672 2130 2746; baseline 0.002 -18"><span class='ocrx_word' id='word_1_176' title='bbox 543 2675 713 2746; x_wconf 78' lang='lat' dir='ltr'><strong>gloria</strong></span> <span class='ocrx_word' id='word_1_177' title='bbox 744 2672 1087 2741; x_wconf 78' lang='lat' dir='ltr'><strong>exciderint,</strong></span> <span class='ocrx_word' id='word_1_178' title='bbox 1122 2691 1299 2746; x_wconf 83' lang='lat' dir='ltr'><strong>neque</strong></span> <span class='ocrx_word' id='word_1_179' title='bbox 1328 2677 1674 2730; x_wconf 86' lang='lat' dir='ltr'><strong>immaculata</strong></span> <span class='ocrx_word' id='word_1_180' title='bbox 1703 2678 1814 2729; x_wconf 75' lang='lat' dir='ltr'><strong>vita</strong></span> <span class='ocrx_word' id='word_1_181' title='bbox 1850 2676 2130 2745; x_wconf 91' lang='lat' dir='ltr'><strong>conspicui</strong></span> 
     </span>
    </p>
   </div>
   <div class='ocr_carea' id='block_1_29' title="bbox 548 2768 2133 2841">
    <p class='ocr_par' dir='ltr' id='par_1_29' title="bbox 548 2768 2133 2841">
     <span class='ocr_line' id='line_1_29' title="bbox 548 2768 2133 2841; baseline 0.001 -17"><span class='ocrx_word' id='word_1_182' title='bbox 548 2771 768 2825; x_wconf 74' lang='lat' dir='ltr'><strong>iuerint.</strong></span> <span class='ocrx_word' id='word_1_183' title='bbox 801 2768 914 2825; x_wconf 82' lang='lat' dir='ltr'><strong>illis</strong></span> <span class='ocrx_word' id='word_1_184' title='bbox 942 2770 1106 2839; x_wconf 79' lang='lat' dir='ltr'><strong>igitur</strong></span> <span class='ocrx_word' id='word_1_185' title='bbox 1133 2770 1517 2840; x_wconf 83' lang='lat' dir='ltr'><strong>peccatoribus</strong></span> <span class='ocrx_word' id='word_1_186' title='bbox 1543 2771 1595 2824; x_wconf 91' lang='lat' dir='ltr'><strong>in</strong></span> <span class='ocrx_word' id='word_1_187' title='bbox 1624 2770 1749 2825; x_wconf 84' lang='lat' dir='ltr'><strong>latis</strong></span> <span class='ocrx_word' id='word_1_188' title='bbox 1778 2784 1843 2824; x_wconf 83' lang='lat' dir='ltr'><strong>ac</strong></span> <span class='ocrx_word' id='word_1_189' title='bbox 1870 2771 2133 2841; x_wconf 84' lang='lat' dir='ltr'><strong>spatiosis</strong></span> 
     </span>
    </p>
   </div>
   <div class='ocr_carea' id='block_1_30' title="bbox 498 2858 2130 2941">
    <p class='ocr_par' dir='ltr' id='par_1_30' title="bbox 498 2858 2130 2941">
     <span class='ocr_line' id='line_1_30' title="bbox 498 2858 2130 2941; baseline -0.001 -24"><span class='ocrx_word' id='word_1_190' title='bbox 498 2858 503 2863; x_wconf 67' lang='grc'>⁷</span> <span class='ocrx_word' id='word_1_191' title='bbox 546 2874 897 2941; x_wconf 85' lang='lat' dir='ltr'><strong>peccatorum</strong></span> <span class='ocrx_word' id='word_1_192' title='bbox 958 2862 1064 2918; x_wconf 91' lang='lat' dir='ltr'><strong>viis</strong></span> <span class='ocrx_word' id='word_1_193' title='bbox 1115 2863 1467 2929; x_wconf 88' lang='lat' dir='ltr'><strong>errantibus,</strong></span> <span class='ocrx_word' id='word_1_194' title='bbox 1522 2864 1687 2917; x_wconf 90' lang='lat' dir='ltr'><strong>mittit</strong></span> <span class='ocrx_word' id='word_1_195' title='bbox 1740 2863 1902 2918; x_wconf 83' lang='lat' dir='ltr'><strong>Pater</strong></span> <span class='ocrx_word' id='word_1_196' title='bbox 1928 2862 2130 2917; x_wconf 81' lang='lat' dir='ltr'><strong>Filium</strong></span> 
     </span>
    </p>
   </div>
   <div class='ocr_carea' id='block_1_31' title="bbox 547 2952 2130 3021">
    <p class='ocr_par' dir='ltr' id='par_1_31' title="bbox 547 2952 2130 3021">
     <span class='ocr_line' id='line_1_31' title="bbox 547 2952 2130 3021; baseline -0.003 -11"><span class='ocrx_word' id='word_1_197' title='bbox 547 2969 704 3010; x_wconf 87' lang='lat' dir='ltr'><strong>suum</strong></span> <span class='ocrx_word' id='word_1_198' title='bbox 746 2953 811 3006; x_wconf 89' lang='lat' dir='ltr'><strong>ad</strong></span> <span class='ocrx_word' id='word_1_199' title='bbox 843 2966 1057 3007; x_wconf 65' lang='lat' dir='ltr'><strong>caenam</strong></span> <span class='ocrx_word' id='word_1_200' title='bbox 1087 2952 1426 3016; x_wconf 85' lang='lat' dir='ltr'><strong>invitantem,</strong></span> <span class='ocrx_word' id='word_1_201' title='bbox 1456 2953 1547 3021; x_wconf 90' lang='lat' dir='ltr'><strong>qui</strong></span> <span class='ocrx_word' id='word_1_202' title='bbox 1581 2952 1880 3007; x_wconf 86' lang='lat' dir='ltr'><strong>secundum</strong></span> <span class='ocrx_word' id='word_1_203' title='bbox 1908 2967 2130 3008; x_wconf 88' lang='lat' dir='ltr'><strong>carnem</strong></span> 
     </span>
    </p>
   </div>
   <div class='ocr_carea' id='block_1_32' title="bbox 547 3043 2131 3113">
    <p class='ocr_par' dir='ltr' id='par_1_32' title="bbox 547 3043 2131 3113">
     <span class='ocr_line' id='line_1_32' title="bbox 547 3043 2131 3113; baseline -0.001 -13"><span class='ocrx_word' id='word_1_204' title='bbox 547 3060 738 3100; x_wconf 85' lang='lat' dir='ltr'><strong>servus</strong></span> <span class='ocrx_word' id='word_1_205' title='bbox 774 3045 893 3110; x_wconf 89' lang='lat' dir='ltr'><strong>fuit,</strong></span> <span class='ocrx_word' id='word_1_206' title='bbox 932 3044 1021 3113; x_wconf 88' lang='lat' dir='ltr'><strong>qui</strong></span> <span class='ocrx_word' id='word_1_207' title='bbox 1057 3058 1163 3097; x_wconf 91' lang='lat' dir='ltr'><strong>non</strong></span> <span class='ocrx_word' id='word_1_208' title='bbox 1197 3043 1342 3098; x_wconf 83' lang='lat' dir='ltr'><strong>venit</strong></span> <span class='ocrx_word' id='word_1_209' title='bbox 1372 3054 1429 3098; x_wconf 92' lang='lat' dir='ltr'><strong>ut</strong></span> <span class='ocrx_word' id='word_1_210' title='bbox 1460 3053 1617 3099; x_wconf 88' lang='lat' dir='ltr'><strong>vocet</strong></span> <span class='ocrx_word' id='word_1_211' title='bbox 1644 3043 1844 3110; x_wconf 77' lang='lat' dir='ltr'><strong>iustos,</strong></span> <span class='ocrx_word' id='word_1_212' title='bbox 1875 3044 1970 3098; x_wconf 89' lang='lat' dir='ltr'><strong>sed</strong></span> <span class='ocrx_word' id='word_1_213' title='bbox 2000 3059 2131 3113; x_wconf 91' lang='lat' dir='ltr'><strong>pec--</strong></span> 
     </span>
    </p>
   </div>
   <div class='ocr_carea' id='block_1_33' title="bbox 549 3135 2131 3206">
    <p class='ocr_par' dir='ltr' id='par_1_33' title="bbox 549 3135 2131 3206">
     <span class='ocr_line' id='line_1_33' title="bbox 549 3135 2131 3206; baseline -0.002 -13"><span class='ocrx_word' id='word_1_214' title='bbox 549 3148 783 3202; x_wconf 80' lang='lat' dir='ltr'><strong>calores,</strong></span> <span class='ocrx_word' id='word_1_215' title='bbox 812 3137 1112 3206; x_wconf 89' lang='lat' dir='ltr'><strong>invitatque</strong></span> <span class='ocrx_word' id='word_1_216' title='bbox 1137 3150 1233 3191; x_wconf 91' lang='lat' dir='ltr'><strong>eos</strong></span> <span class='ocrx_word' id='word_1_217' title='bbox 1266 3135 1562 3189; x_wconf 88' lang='lat' dir='ltr'><strong>liberaliter</strong></span> <span class='ocrx_word' id='word_1_218' title='bbox 1592 3151 1699 3203; x_wconf 70' lang='lat' dir='ltr'><strong>pra:</strong></span> <span class='ocrx_word' id='word_1_219' title='bbox 1730 3136 1906 3191; x_wconf 90' lang='lat' dir='ltr'><strong>doctis</strong></span> <span class='ocrx_word' id='word_1_220' title='bbox 1935 3136 2042 3191; x_wconf 83' lang='lat' dir='ltr'><strong>illis</strong></span> <span class='ocrx_word' id='word_1_221' title='bbox 2076 3143 2131 3192; x_wconf 79' lang='lat' dir='ltr'><strong>et</strong></span> 
     </span>
    </p>
   </div>
   <div class='ocr_carea' id='block_1_34' title="bbox 2230 645 3830 724">
    <p class='ocr_par' dir='ltr' id='par_1_34' title="bbox 2230 645 3830 724">
     <span class='ocr_line' id='line_1_34' title="bbox 2230 645 3830 724; baseline -0.004 -18"><span class='ocrx_word' id='word_1_222' title='bbox 2230 653 2432 717; x_wconf 82' lang='grc' dir='ltr'>πολλὰς</span> <span class='ocrx_word' id='word_1_223' title='bbox 2460 652 2622 720; x_wconf 77' lang='grc' dir='ltr'>δόξας</span> <span class='ocrx_word' id='word_1_224' title='bbox 2657 650 3077 724; x_wconf 71' lang='grc' dir='ltr'><strong>μεμερισμένην</strong></span> <span class='ocrx_word' id='word_1_225' title='bbox 3093 650 3395 704; x_wconf 79' lang='grc' dir='ltr'><strong>αἰνίττεται</strong></span> <span class='ocrx_word' id='word_1_226' title='bbox 3418 648 3511 702; x_wconf 80' lang='grc' dir='ltr'>διὰ</span> <span class='ocrx_word' id='word_1_227' title='bbox 3535 646 3655 700; x_wconf 89' lang='grc' dir='ltr'><strong>τῶν</strong></span> <span class='ocrx_word' id='word_1_228' title='bbox 3673 645 3830 712; x_wconf 78' lang='grc' dir='ltr'>ὁδῶν,</span> 
     </span>
    </p>
   </div>
   <div class='ocr_carea' id='block_1_35' title="bbox 2228 737 3832 817">
    <p class='ocr_par' dir='ltr' id='par_1_35' title="bbox 2228 737 3832 817">
     <span class='ocr_line' id='line_1_35' title="bbox 2228 737 3832 817; baseline -0.003 -19"><span class='ocrx_word' id='word_1_229' title='bbox 2228 746 2326 817; x_wconf 77' lang='grc' dir='ltr'><strong>τὴν</strong></span> <span class='ocrx_word' id='word_1_230' title='bbox 2352 745 2408 798; x_wconf 74' lang='grc' dir='ltr'>δὲ</span> <span class='ocrx_word' id='word_1_231' title='bbox 2445 749 2503 798; x_wconf 88' lang='grc' dir='ltr'>ὲν</span> <span class='ocrx_word' id='word_1_232' title='bbox 2547 746 2851 816; x_wconf 80' lang='grc' dir='ltr'>ἁμαρτίαις</span> <span class='ocrx_word' id='word_1_233' title='bbox 2878 743 3060 800; x_wconf 86' lang='grc' dir='ltr'>αὐτῶν</span> <span class='ocrx_word' id='word_1_234' title='bbox 3090 742 3235 815; x_wconf 74' lang='grc' dir='ltr'>ζωὴν</span> <span class='ocrx_word' id='word_1_235' title='bbox 3266 742 3356 796; x_wconf 82' lang='grc' dir='ltr'>διὰ</span> <span class='ocrx_word' id='word_1_236' title='bbox 3378 741 3491 795; x_wconf 89' lang='grc' dir='ltr'><strong>τῶν</strong></span> <span class='ocrx_word' id='word_1_237' title='bbox 3519 737 3832 812; x_wconf 75' lang='grc' dir='ltr'>φρατμιῖινο</span> 
     </span>
    </p>
   </div>
   <div class='ocr_carea' id='block_1_36' title="bbox 2229 832 3838 910">
    <p class='ocr_par' dir='ltr' id='par_1_36' title="bbox 2229 832 3838 910">
     <span class='ocr_line' id='line_1_36' title="bbox 2229 832 3838 910; baseline -0.003 -17"><span class='ocrx_word' id='word_1_238' title='bbox 2229 840 2327 910; x_wconf 79' lang='grc' dir='ltr'>οὐχ</span> <span class='ocrx_word' id='word_1_239' title='bbox 2362 838 2550 902; x_wconf 82' lang='grc' dir='ltr'>ἁπλῶς</span> <span class='ocrx_word' id='word_1_240' title='bbox 2566 839 2624 892; x_wconf 83' lang='grc' dir='ltr'>δὲ</span> <span class='ocrx_word' id='word_1_241' title='bbox 2652 837 2868 892; x_wconf 80' lang='grc' dir='ltr'><strong>κελεύει</strong></span> <span class='ocrx_word' id='word_1_242' title='bbox 2887 836 3116 899; x_wconf 79' lang='grc' dir='ltr'><strong>τούτους</strong></span> <span class='ocrx_word' id='word_1_243' title='bbox 3139 834 3391 899; x_wconf 85' lang='grc' dir='ltr'>καλέσαι,</span> <span class='ocrx_word' id='word_1_244' title='bbox 3421 833 3567 889; x_wconf 78' lang='grc' dir='ltr'>ἀλλὰ</span> <span class='ocrx_word' id='word_1_245' title='bbox 3591 832 3838 902; x_wconf 74' lang='grc' dir='ltr'>ἀναγκά-</span> 
     </span>
    </p>
   </div>
   <div class='ocr_carea' id='block_1_37' title="bbox 2231 922 3833 1000">
    <p class='ocr_par' dir='ltr' id='par_1_37' title="bbox 2231 922 3833 1000">
     <span class='ocr_line' id='line_1_37' title="bbox 2231 922 3833 1000; baseline -0.003 -19"><span class='ocrx_word' id='word_1_246' title='bbox 2231 945 2344 996; x_wconf 91' lang='grc' dir='ltr'>σαι,</span> <span class='ocrx_word' id='word_1_247' title='bbox 2378 928 2559 983; x_wconf 77' lang='grc' dir='ltr'>καίτοι</span> <span class='ocrx_word' id='word_1_248' title='bbox 2586 926 2976 1000; x_wconf 78' lang='grc' dir='ltr'><strong>προαιρετικὸν</strong></span> <span class='ocrx_word' id='word_1_249' title='bbox 3008 925 3183 982; x_wconf 77' lang='grc' dir='ltr'>ἁπασι</span> <span class='ocrx_word' id='word_1_250' title='bbox 3235 925 3297 979; x_wconf 74' lang='grc' dir='ltr'>τὸ</span> <span class='ocrx_word' id='word_1_251' title='bbox 3332 924 3621 977; x_wconf 73' lang='grc' dir='ltr'>πιστεύειν</span> <span class='ocrx_word' id='word_1_252' title='bbox 3649 939 3665 955; x_wconf 76' lang='grc' dir='ltr'><strong>ο</strong></span> <span class='ocrx_word' id='word_1_253' title='bbox 3715 922 3833 977; x_wconf 85' lang='grc' dir='ltr'>ἁλλ’</span> 
     </span>
    </p>
   </div>
   <div class='ocr_carea' id='block_1_38' title="bbox 2230 1018 3835 1094">
    <p class='ocr_par' dir='ltr' id='par_1_38' title="bbox 2230 1018 3835 1094">
     <span class='ocr_line' id='line_1_38' title="bbox 2230 1018 3835 1094; baseline -0.006 -17"><span class='ocrx_word' id='word_1_254' title='bbox 2230 1023 2316 1077; x_wconf 83' lang='grc' dir='ltr'><strong>ῖνα</strong></span> <span class='ocrx_word' id='word_1_255' title='bbox 2358 1024 2644 1094; x_wconf 78' lang='grc' dir='ltr'><strong>μάθωμεν,</strong></span> <span class='ocrx_word' id='word_1_256' title='bbox 2677 1024 2763 1076; x_wconf 83' lang='grc' dir='ltr'>ὅτι</span> <span class='ocrx_word' id='word_1_257' title='bbox 2799 1022 3047 1093; x_wconf 62' lang='grc' dir='ltr'>μεγάλης</span> <span class='ocrx_word' id='word_1_258' title='bbox 3084 1019 3180 1073; x_wconf 80' lang='grc' dir='ltr'>τοῦ</span> <span class='ocrx_word' id='word_1_259' title='bbox 3226 1018 3366 1072; x_wconf 78' lang='grc' dir='ltr'>Θεοῦ</span> <span class='ocrx_word' id='word_1_260' title='bbox 3404 1018 3701 1087; x_wconf 79' lang='grc' dir='ltr'>δυνάμεως</span> <span class='ocrx_word' id='word_1_261' title='bbox 3733 1034 3835 1089; x_wconf 78' lang='grc' dir='ltr'>ση-</span> 
     </span>
    </p>
   </div>
   <div class='ocr_carea' id='block_1_39' title="bbox 2231 1108 3835 1185">
    <p class='ocr_par' dir='ltr' id='par_1_39' title="bbox 2231 1108 3835 1185">
     <span class='ocr_line' id='line_1_39' title="bbox 2231 1108 3835 1185; baseline -0.002 -19"><span class='ocrx_word' id='word_1_262' title='bbox 2231 1115 2382 1185; x_wconf 78' lang='grc' dir='ltr'>μεῖόν</span> <span class='ocrx_word' id='word_1_263' title='bbox 2418 1115 2537 1166; x_wconf 75' lang='grc' dir='ltr'>ἐστι</span> <span class='ocrx_word' id='word_1_264' title='bbox 2576 1114 2637 1166; x_wconf 86' lang='grc' dir='ltr'>τὸ</span> <span class='ocrx_word' id='word_1_265' title='bbox 2662 1112 2954 1165; x_wconf 82' lang='grc' dir='ltr'>πιστεῦσαι</span> <span class='ocrx_word' id='word_1_266' title='bbox 2975 1112 3046 1164; x_wconf 71' lang='grc' dir='ltr'>τὰ</span> <span class='ocrx_word' id='word_1_267' title='bbox 3077 1111 3204 1181; x_wconf 78' lang='grc' dir='ltr'>ἔθνη</span> <span class='ocrx_word' id='word_1_268' title='bbox 3236 1108 3513 1177; x_wconf 77' lang='grc' dir='ltr'><strong>τοσαύτην</strong></span> <span class='ocrx_word' id='word_1_269' title='bbox 3549 1108 3835 1176; x_wconf 73' lang='grc' dir='ltr'>ἀγνωσίαν</span> 
     </span>
    </p>
   </div>
   <div class='ocr_carea' id='block_1_40' title="bbox 2227 1197 3833 1278">
    <p class='ocr_par' dir='ltr' id='par_1_40' title="bbox 2227 1197 3833 1278">
     <span class='ocr_line' id='line_1_40' title="bbox 2227 1197 3833 1278; baseline -0.005 -19"><span class='ocrx_word' id='word_1_270' title='bbox 2227 1206 2442 1278; x_wconf 70' lang='grc' dir='ltr'>ἔχοντα,</span> <span class='ocrx_word' id='word_1_271' title='bbox 2453 1206 2539 1260; x_wconf 77' lang='grc' dir='ltr'>διὰ</span> <span class='ocrx_word' id='word_1_272' title='bbox 2550 1205 2709 1259; x_wconf 84' lang='grc' dir='ltr'>τοῦτο</span> <span class='ocrx_word' id='word_1_273' title='bbox 2721 1201 3261 1272; x_wconf 79' lang='grc' dir='ltr'>εἷπεν,Ἀνὰγκασον.</span> <span class='ocrx_word' id='word_1_274' title='bbox 3282 1204 3341 1255; x_wconf 77' lang='grc' dir='ltr'><strong>Εἰ</strong></span> <span class='ocrx_word' id='word_1_275' title='bbox 3360 1202 3435 1274; x_wconf 83' lang='grc' dir='ltr'>μὴ</span> <span class='ocrx_word' id='word_1_276' title='bbox 3452 1203 3563 1271; x_wconf 73' lang='grc' dir='ltr'>γὰρ</span> <span class='ocrx_word' id='word_1_277' title='bbox 3577 1197 3646 1273; x_wconf 76' lang='grc' dir='ltr'>ἦν</span> <span class='ocrx_word' id='word_1_278' title='bbox 3661 1200 3833 1273; x_wconf 73' lang='grc' dir='ltr'>πολλὴ</span> 
     </span>
    </p>
   </div>
   <div class='ocr_carea' id='block_1_41' title="bbox 2226 1292 3834 1368">
    <p class='ocr_par' dir='ltr' id='par_1_41' title="bbox 2226 1292 3834 1368">
     <span class='ocr_line' id='line_1_41' title="bbox 2226 1292 3834 1368; baseline -0.004 -17"><span class='ocrx_word' id='word_1_279' title='bbox 2226 1298 2322 1351; x_wconf 73' lang='grc' dir='ltr'><strong>τοῦ</strong></span> <span class='ocrx_word' id='word_1_280' title='bbox 2380 1298 2784 1368; x_wconf 74' lang='grc' dir='ltr'>κηρυττομένου</span> <span class='ocrx_word' id='word_1_281' title='bbox 2849 1298 2881 1365; x_wconf 81' lang='grc' dir='ltr'>ἡ</span> <span class='ocrx_word' id='word_1_282' title='bbox 2938 1296 3191 1364; x_wconf 81' lang='grc' dir='ltr'>δύναμις,</span> <span class='ocrx_word' id='word_1_283' title='bbox 3255 1297 3349 1347; x_wconf 79' lang='grc' dir='ltr'>καὶ</span> <span class='ocrx_word' id='word_1_284' title='bbox 3399 1293 3617 1364; x_wconf 80' lang='grc' dir='ltr'><strong>μεγάλη</strong></span> <span class='ocrx_word' id='word_1_285' title='bbox 3664 1296 3698 1363; x_wconf 74' lang='grc' dir='ltr'>ἡ</span> <span class='ocrx_word' id='word_1_286' title='bbox 3741 1292 3834 1346; x_wconf 74' lang='grc' dir='ltr'>τοῦ</span> 
     </span>
    </p>
   </div>
   <div class='ocr_carea' id='block_1_42' title="bbox 2227 1385 3835 1459">
    <p class='ocr_par' dir='ltr' id='par_1_42' title="bbox 2227 1385 3835 1459">
     <span class='ocr_line' id='line_1_42' title="bbox 2227 1385 3835 1459; baseline -0.002 -18"><span class='ocrx_word' id='word_1_287' title='bbox 2227 1389 2392 1457; x_wconf 81' lang='grc' dir='ltr'><strong>λόγου</strong></span> <span class='ocrx_word' id='word_1_288' title='bbox 2416 1389 2662 1459; x_wconf 77' lang='grc' dir='ltr'>ἀλήθεια,</span> <span class='ocrx_word' id='word_1_289' title='bbox 2709 1387 2824 1452; x_wconf 85' lang='grc' dir='ltr'><strong>πῶς</strong></span> <span class='ocrx_word' id='word_1_290' title='bbox 2870 1387 2937 1441; x_wconf 80' lang='grc' dir='ltr'><strong>ἂν</strong></span> <span class='ocrx_word' id='word_1_291' title='bbox 2970 1387 3302 1459; x_wconf 70' lang='grc' dir='ltr'>ἐπείσθησαν</span> <span class='ocrx_word' id='word_1_292' title='bbox 3334 1385 3625 1457; x_wconf 78' lang='grc' dir='ltr'>ἄνθρωποι</span> <span class='ocrx_word' id='word_1_293' title='bbox 3677 1386 3835 1438; x_wconf 82' lang='grc' dir='ltr'>είδω-</span> 
     </span>
    </p>
   </div>
   <div class='ocr_carea' id='block_1_43' title="bbox 2226 1479 3835 1553">
    <p class='ocr_par' dir='ltr' id='par_1_43' title="bbox 2226 1479 3835 1553">
     <span class='ocr_line' id='line_1_43' title="bbox 2226 1479 3835 1553; baseline -0.001 -19"><span class='ocrx_word' id='word_1_294' title='bbox 2226 1480 2611 1551; x_wconf 82' lang='grc' dir='ltr'>λομανοῦντες,</span> <span class='ocrx_word' id='word_1_295' title='bbox 2644 1483 2736 1535; x_wconf 74' lang='grc' dir='ltr'><strong>καὶ</strong></span> <span class='ocrx_word' id='word_1_296' title='bbox 2769 1481 3261 1553; x_wconf 72' lang='grc' dir='ltr'>αἰσχρουργοῖΝτες</span> <span class='ocrx_word' id='word_1_297' title='bbox 3293 1479 3493 1551; x_wconf 84' lang='grc' dir='ltr'>ἁθρόον</span> <span class='ocrx_word' id='word_1_298' title='bbox 3527 1480 3835 1547; x_wconf 70' lang='grc' dir='ltr'>ἐπιγνῶναι</span> 
     </span>
    </p>
   </div>
   <div class='ocr_carea' id='block_1_44' title="bbox 2226 1571 3837 1643">
    <p class='ocr_par' dir='ltr' id='par_1_44' title="bbox 2226 1571 3837 1643">
     <span class='ocr_line' id='line_1_44' title="bbox 2226 1571 3837 1643; baseline -0.001 -16"><span class='ocrx_word' id='word_1_299' title='bbox 2226 1574 2318 1627; x_wconf 73' lang='grc' dir='ltr'>τὸν</span> <span class='ocrx_word' id='word_1_300' title='bbox 2351 1574 2523 1637; x_wconf 82' lang='grc' dir='ltr'>ὅντως</span> <span class='ocrx_word' id='word_1_301' title='bbox 2567 1574 2735 1637; x_wconf 62' lang='grc' dir='ltr'>Θεὸν,</span> <span class='ocrx_word' id='word_1_302' title='bbox 2759 1574 2854 1627; x_wconf 76' lang='grc' dir='ltr'>καὶ</span> <span class='ocrx_word' id='word_1_303' title='bbox 2884 1572 3260 1643; x_wconf 76' lang='grc' dir='ltr'>πνευματικὸν</span> <span class='ocrx_word' id='word_1_304' title='bbox 3291 1572 3404 1642; x_wconf 87' lang='grc' dir='ltr'>βίον</span> <span class='ocrx_word' id='word_1_305' title='bbox 3426 1571 3654 1626; x_wconf 78' lang='grc' dir='ltr'>τελέσαι</span> <span class='ocrx_word' id='word_1_306' title='bbox 3685 1589 3701 1636; x_wconf 92' lang='grc'>;</span> <span class='ocrx_word' id='word_1_307' title='bbox 3764 1571 3837 1625; x_wconf 77' lang='grc' dir='ltr'><strong>Τὸ</strong></span> 
     </span>
    </p>
   </div>
   <div class='ocr_carea' id='block_1_45' title="bbox 2227 1666 3832 1739">
    <p class='ocr_par' dir='ltr' id='par_1_45' title="bbox 2227 1666 3832 1739">
     <span class='ocr_line' id='line_1_45' title="bbox 2227 1666 3832 1739; baseline -0.003 -17"><span class='ocrx_word' id='word_1_308' title='bbox 2227 1670 2408 1722; x_wconf 82' lang='grc' dir='ltr'>τοίνυν</span> <span class='ocrx_word' id='word_1_309' title='bbox 2463 1670 2770 1739; x_wconf 77' lang='grc' dir='ltr'>παράδοξον</span> <span class='ocrx_word' id='word_1_310' title='bbox 2830 1670 2927 1739; x_wconf 82' lang='grc' dir='ltr'>τῆς</span> <span class='ocrx_word' id='word_1_311' title='bbox 2961 1666 3307 1737; x_wconf 77' lang='grc' dir='ltr'>μεταθέσεως</span> <span class='ocrx_word' id='word_1_312' title='bbox 3356 1666 3529 1719; x_wconf 83' lang='grc' dir='ltr'><strong>θέλων</strong></span> <span class='ocrx_word' id='word_1_313' title='bbox 3565 1666 3832 1735; x_wconf 84' lang='grc' dir='ltr'>δηλῶσαι,</span> 
     </span>
    </p>
   </div>
   <div class='ocr_carea' id='block_1_46' title="bbox 2229 1758 3839 1831">
    <p class='ocr_par' dir='ltr' id='par_1_46' title="bbox 2229 1758 3839 1831">
     <span class='ocr_line' id='line_1_46' title="bbox 2229 1758 3839 1831; baseline -0.002 -15"><span class='ocrx_word' id='word_1_314' title='bbox 2229 1762 2477 1831; x_wconf 83' lang='grc' dir='ltr'>ἁνὰγκην</span> <span class='ocrx_word' id='word_1_315' title='bbox 2506 1763 2566 1815; x_wconf 74' lang='grc' dir='ltr'>τὸ</span> <span class='ocrx_word' id='word_1_316' title='bbox 2594 1763 2827 1831; x_wconf 79' lang='grc' dir='ltr'>πρᾶγμα</span> <span class='ocrx_word' id='word_1_317' title='bbox 2856 1761 3141 1831; x_wconf 80' lang='grc' dir='ltr'>ὠνόμασεν</span> <span class='ocrx_word' id='word_1_318' title='bbox 3162 1776 3177 1790; x_wconf 71' lang='grc'><strong><em>⁸</em></strong></span> <span class='ocrx_word' id='word_1_319' title='bbox 3205 1758 3279 1820; x_wconf 85' lang='grc' dir='ltr'><strong>ὡς</strong></span> <span class='ocrx_word' id='word_1_320' title='bbox 3318 1758 3387 1811; x_wconf 80' lang='grc' dir='ltr'><strong>ἂν</strong></span> <span class='ocrx_word' id='word_1_321' title='bbox 3430 1759 3581 1811; x_wconf 73' lang='grc' dir='ltr'>εἴποι</span> <span class='ocrx_word' id='word_1_322' title='bbox 3617 1774 3727 1821; x_wconf 89' lang='grc' dir='ltr'>τις,</span> <span class='ocrx_word' id='word_1_323' title='bbox 3758 1759 3839 1812; x_wconf 75' lang='grc' dir='ltr'><strong>ὅτι</strong></span> 
     </span>
    </p>
   </div>
   <div class='ocr_carea' id='block_1_47' title="bbox 2231 1849 3838 1925">
    <p class='ocr_par' dir='ltr' id='par_1_47' title="bbox 2231 1849 3838 1925">
     <span class='ocr_line' id='line_1_47' title="bbox 2231 1849 3838 1925; baseline -0.004 -18"><span class='ocrx_word' id='word_1_324' title='bbox 2231 1855 2326 1907; x_wconf 78' lang='grc' dir='ltr'>καὶ</span> <span class='ocrx_word' id='word_1_325' title='bbox 2359 1853 2435 1925; x_wconf 83' lang='grc' dir='ltr'>μὴ</span> <span class='ocrx_word' id='word_1_326' title='bbox 2488 1853 2802 1924; x_wconf 81' lang='grc' dir='ltr'>βουλόμενοι</span> <span class='ocrx_word' id='word_1_327' title='bbox 2835 1854 2887 1906; x_wconf 75' lang='lat' dir='ltr'><strong>oi</strong></span> <span class='ocrx_word' id='word_1_328' title='bbox 2920 1853 3182 1920; x_wconf 83' lang='grc' dir='ltr'>’Έλληνες</span> <span class='ocrx_word' id='word_1_329' title='bbox 3234 1852 3455 1921; x_wconf 81' lang='grc' dir='ltr'>ἀφεῖναι</span> <span class='ocrx_word' id='word_1_330' title='bbox 3505 1851 3578 1903; x_wconf 78' lang='grc' dir='ltr'>τὰ</span> <span class='ocrx_word' id='word_1_331' title='bbox 3615 1849 3838 1916; x_wconf 73' lang='grc' dir='ltr'>εἴδωλα,</span> 
     </span>
    </p>
   </div>
   <div class='ocr_carea' id='block_1_48' title="bbox 2232 1942 3839 2018">
    <p class='ocr_par' dir='ltr' id='par_1_48' title="bbox 2232 1942 3839 2018">
     <span class='ocr_line' id='line_1_48' title="bbox 2232 1942 3839 2018; baseline -0.002 -18"><span class='ocrx_word' id='word_1_332' title='bbox 2232 1950 2326 2001; x_wconf 79' lang='grc' dir='ltr'><strong>καὶ</strong></span> <span class='ocrx_word' id='word_1_333' title='bbox 2359 1947 2460 2016; x_wconf 84' lang='grc' dir='ltr'>τὴν</span> <span class='ocrx_word' id='word_1_334' title='bbox 2484 1948 2716 2018; x_wconf 76' lang='grc' dir='ltr'>τρυφὴν,</span> <span class='ocrx_word' id='word_1_335' title='bbox 2766 1947 2916 2016; x_wconf 84' lang='grc' dir='ltr'>ὅμως</span> <span class='ocrx_word' id='word_1_336' title='bbox 2941 1945 3047 1998; x_wconf 84' lang='grc' dir='ltr'><strong>ὑπὸ</strong></span> <span class='ocrx_word' id='word_1_337' title='bbox 3077 1945 3175 2014; x_wconf 83' lang='grc' dir='ltr'><strong>τῆς</strong></span> <span class='ocrx_word' id='word_1_338' title='bbox 3216 1944 3473 2015; x_wconf 78' lang='grc' dir='ltr'><strong>ἀληθείας</strong></span> <span class='ocrx_word' id='word_1_339' title='bbox 3521 1944 3621 1999; x_wconf 81' lang='grc' dir='ltr'><strong>τοῦ</strong></span> <span class='ocrx_word' id='word_1_340' title='bbox 3660 1942 3839 2015; x_wconf 75' lang='grc' dir='ltr'>κηρύ-</span> 
     </span>
    </p>
   </div>
   <div class='ocr_carea' id='block_1_49' title="bbox 2230 2035 3841 2110">
    <p class='ocr_par' dir='ltr' id='par_1_49' title="bbox 2230 2035 3841 2110">
     <span class='ocr_line' id='line_1_49' title="bbox 2230 2035 3841 2110; baseline -0.002 -21"><span class='ocrx_word' id='word_1_341' title='bbox 2230 2054 2437 2105; x_wconf 91' lang='grc' dir='ltr'>γματος</span> <span class='ocrx_word' id='word_1_342' title='bbox 2473 2036 2900 2106; x_wconf 77' lang='grc' dir='ltr'>ἡναγκάσθησαν</span> <span class='ocrx_word' id='word_1_343' title='bbox 2932 2035 3105 2110; x_wconf 80' lang='grc' dir='ltr'>ταῦτα</span> <span class='ocrx_word' id='word_1_344' title='bbox 3128 2038 3341 2104; x_wconf 85' lang='grc' dir='ltr'>φυγεῖν.</span> <span class='ocrx_word' id='word_1_345' title='bbox 3377 2036 3595 2100; x_wconf 74' lang='grc' dir='ltr'>Ἄλλως</span> <span class='ocrx_word' id='word_1_346' title='bbox 3632 2054 3695 2089; x_wconf 89' lang='grc' dir='ltr'><strong>τε</strong></span> <span class='ocrx_word' id='word_1_347' title='bbox 3723 2035 3841 2102; x_wconf 69' lang='grc' dir='ltr'>καὶ,</span> 
     </span>
    </p>
   </div>
   <div class='ocr_carea' id='block_1_50' title="bbox 2232 2127 3837 2199">
    <p class='ocr_par' dir='ltr' id='par_1_50' title="bbox 2232 2127 3837 2199">
     <span class='ocr_line' id='line_1_50' title="bbox 2232 2127 3837 2199; baseline -0.001 -18"><span class='ocrx_word' id='word_1_348' title='bbox 2232 2128 2523 2199; x_wconf 80' lang='grc' dir='ltr'>ἠδύναμις</span> <span class='ocrx_word' id='word_1_349' title='bbox 2566 2129 2675 2181; x_wconf 89' lang='grc' dir='ltr'><strong>τῶν</strong></span> <span class='ocrx_word' id='word_1_350' title='bbox 2727 2128 2972 2197; x_wconf 79' lang='grc' dir='ltr'>σημείων</span> <span class='ocrx_word' id='word_1_351' title='bbox 3022 2127 3269 2197; x_wconf 81' lang='grc' dir='ltr'><strong>μεγάλην</strong></span> <span class='ocrx_word' id='word_1_352' title='bbox 3314 2128 3524 2196; x_wconf 66' lang='grc' dir='ltr'>ἐπῆγεν</span> <span class='ocrx_word' id='word_1_353' title='bbox 3580 2129 3837 2197; x_wconf 80' lang='grc' dir='ltr'>ἀνάγκην</span> 
     </span>
    </p>
   </div>
   <div class='ocr_carea' id='block_1_51' title="bbox 2233 2218 3836 2290">
    <p class='ocr_par' dir='ltr' id='par_1_51' title="bbox 2233 2218 3836 2290">
     <span class='ocr_line' id='line_1_51' title="bbox 2233 2218 3836 2290; baseline -0.001 -17"><span class='ocrx_word' id='word_1_354' title='bbox 2233 2222 2326 2275; x_wconf 76' lang='grc' dir='ltr'>τοῦ</span> <span class='ocrx_word' id='word_1_355' title='bbox 2362 2220 2722 2290; x_wconf 77' lang='grc' dir='ltr'>μετατεθῆναι</span> <span class='ocrx_word' id='word_1_356' title='bbox 2754 2223 2835 2283; x_wconf 84' lang='grc' dir='ltr'><strong>είς</strong></span> <span class='ocrx_word' id='word_1_357' title='bbox 2880 2220 2979 2289; x_wconf 74' lang='grc' dir='ltr'><strong>τὴν</strong></span> <span class='ocrx_word' id='word_1_358' title='bbox 3009 2220 3103 2272; x_wconf 79' lang='grc' dir='ltr'>τοῦ</span> <span class='ocrx_word' id='word_1_359' title='bbox 3158 2218 3395 2289; x_wconf 79' lang='grc' dir='ltr'>Χριστοῦ</span> <span class='ocrx_word' id='word_1_360' title='bbox 3438 2219 3652 2274; x_wconf 88' lang='grc' dir='ltr'>πίστιν.</span> <span class='ocrx_word' id='word_1_361' title='bbox 3724 2221 3836 2273; x_wconf 66' lang='grc' dir='ltr'><strong>Καὶ</strong></span> 
     </span>
    </p>
   </div>
   <div class='ocr_carea' id='block_1_52' title="bbox 2233 2301 3837 2381">
    <p class='ocr_par' dir='ltr' id='par_1_52' title="bbox 2233 2301 3837 2381">
     <span class='ocr_line' id='line_1_52' title="bbox 2233 2301 3837 2381; baseline -0.001 -15"><span class='ocrx_word' id='word_1_362' title='bbox 2233 2313 2585 2381; x_wconf 83' lang='grc' dir='ltr'>καθεκάστην</span> <span class='ocrx_word' id='word_1_363' title='bbox 2610 2311 2668 2364; x_wconf 78' lang='grc' dir='ltr'>δὲ</span> <span class='ocrx_word' id='word_1_364' title='bbox 2692 2313 2719 2363; x_wconf 86' lang='grc' dir='ltr'>ὁ</span> <span class='ocrx_word' id='word_1_365' title='bbox 2743 2311 2959 2372; x_wconf 79' lang='grc' dir='ltr'>δεῖπνος</span> <span class='ocrx_word' id='word_1_366' title='bbox 3006 2301 3161 2372; x_wconf 65' lang='grc' dir='ltr'>οὗτος</span> <span class='ocrx_word' id='word_1_367' title='bbox 3197 2308 3568 2380; x_wconf 76' lang='grc' dir='ltr'>ἑτοιμάζεται,</span> <span class='ocrx_word' id='word_1_368' title='bbox 3611 2313 3708 2364; x_wconf 81' lang='grc' dir='ltr'><strong>καὶ</strong></span> <span class='ocrx_word' id='word_1_369' title='bbox 3736 2329 3837 2364; x_wconf 81' lang='grc' dir='ltr'>κα-</span> 
     </span>
    </p>
   </div>
   <div class='ocr_carea' id='block_1_53' title="bbox 2233 2400 3843 2472">
    <p class='ocr_par' dir='ltr' id='par_1_53' title="bbox 2233 2400 3843 2472">
     <span class='ocr_line' id='line_1_53' title="bbox 2233 2400 3843 2472; baseline 0.001 -19"><span class='ocrx_word' id='word_1_370' title='bbox 2233 2402 2471 2472; x_wconf 85' lang='grc' dir='ltr'>λούμεθα</span> <span class='ocrx_word' id='word_1_371' title='bbox 2499 2401 2698 2463; x_wconf 83' lang='grc' dir='ltr'>πάντες</span> <span class='ocrx_word' id='word_1_372' title='bbox 2722 2402 2802 2463; x_wconf 82' lang='grc' dir='ltr'><strong>είς</strong></span> <span class='ocrx_word' id='word_1_373' title='bbox 2836 2400 2935 2471; x_wconf 81' lang='grc' dir='ltr'>τὴν</span> <span class='ocrx_word' id='word_1_374' title='bbox 2967 2400 3271 2470; x_wconf 82' lang='grc' dir='ltr'>βασιλείαν,</span> <span class='ocrx_word' id='word_1_375' title='bbox 3313 2400 3382 2471; x_wconf 76' lang='grc' dir='ltr'><strong>ην</strong></span> <span class='ocrx_word' id='word_1_376' title='bbox 3410 2402 3503 2454; x_wconf 75' lang='grc' dir='ltr'>καὶ</span> <span class='ocrx_word' id='word_1_377' title='bbox 3536 2403 3646 2470; x_wconf 62' lang='grc' dir='ltr'>πρὸ</span> <span class='ocrx_word' id='word_1_378' title='bbox 3674 2420 3843 2456; x_wconf 64' lang='grc' dir='ltr'>κατα.</span> 
     </span>
    </p>
   </div>
   <div class='ocr_carea' id='block_1_54' title="bbox 2234 2491 3842 2564">
    <p class='ocr_par' dir='ltr' id='par_1_54' title="bbox 2234 2491 3842 2564">
     <span class='ocr_line' id='line_1_54' title="bbox 2234 2491 3842 2564; baseline 0 -19"><span class='ocrx_word' id='word_1_379' title='bbox 2234 2494 2398 2564; x_wconf 79' lang='grc' dir='ltr'>σολῆς</span> <span class='ocrx_word' id='word_1_380' title='bbox 2429 2494 2635 2562; x_wconf 75' lang='grc' dir='ltr'>κόσμου</span> <span class='ocrx_word' id='word_1_381' title='bbox 2661 2495 2963 2564; x_wconf 77' lang='grc' dir='ltr'>ἡτοίμασεν</span> <span class='ocrx_word' id='word_1_382' title='bbox 2988 2495 3019 2546; x_wconf 87' lang='grc' dir='ltr'><strong>δ</strong></span> <span class='ocrx_word' id='word_1_383' title='bbox 3049 2491 3181 2556; x_wconf 76' lang='grc' dir='ltr'>Θεὸς</span> <span class='ocrx_word' id='word_1_384' title='bbox 3202 2495 3317 2555; x_wconf 84' lang='grc' dir='ltr'>τοῖς</span> <span class='ocrx_word' id='word_1_385' title='bbox 3340 2492 3660 2562; x_wconf 82' lang='grc' dir='ltr'>ἀνθρώποις</span> <span class='ocrx_word' id='word_1_386' title='bbox 3680 2510 3694 2524; x_wconf 92' lang='grc'><strong>·</strong></span> <span class='ocrx_word' id='word_1_387' title='bbox 3724 2494 3842 2547; x_wconf 80' lang='grc' dir='ltr'>ἀλλ’</span> 
     </span>
    </p>
   </div>
   <div class='ocr_carea' id='block_1_55' title="bbox 2233 2586 3845 2656">
    <p class='ocr_par' dir='ltr' id='par_1_55' title="bbox 2233 2586 3845 2656">
     <span class='ocr_line' id='line_1_55' title="bbox 2233 2586 3845 2656; baseline 0.001 -16"><span class='ocrx_word' id='word_1_388' title='bbox 2233 2587 2280 2640; x_wconf 71' lang='grc' dir='ltr'><strong>οἱ</strong></span> <span class='ocrx_word' id='word_1_389' title='bbox 2311 2587 2406 2655; x_wconf 82' lang='grc' dir='ltr'>μὲν</span> <span class='ocrx_word' id='word_1_390' title='bbox 2434 2586 2522 2639; x_wconf 82' lang='grc' dir='ltr'>διὰ</span> <span class='ocrx_word' id='word_1_391' title='bbox 2556 2587 2747 2654; x_wconf 72' lang='grc' dir='ltr'>σοφίας</span> <span class='ocrx_word' id='word_1_392' title='bbox 2795 2586 3145 2656; x_wconf 80' lang='grc' dir='ltr'>περιεργίαν,</span> <span class='ocrx_word' id='word_1_393' title='bbox 3178 2588 3226 2639; x_wconf 79' lang='grc' dir='ltr'><strong>οἱ</strong></span> <span class='ocrx_word' id='word_1_394' title='bbox 3254 2587 3309 2640; x_wconf 84' lang='grc' dir='ltr'>δὲ</span> <span class='ocrx_word' id='word_1_395' title='bbox 3333 2586 3420 2639; x_wconf 82' lang='grc' dir='ltr'>διὰ</span> <span class='ocrx_word' id='word_1_396' title='bbox 3452 2587 3762 2656; x_wconf 83' lang='grc' dir='ltr'>φιλοῡλίαν,</span> <span class='ocrx_word' id='word_1_397' title='bbox 3793 2588 3845 2641; x_wconf 70' lang='grc' dir='ltr'>οῖ</span> 
     </span>
    </p>
   </div>
   <div class='ocr_carea' id='block_1_56' title="bbox 2232 2677 3838 2749">
    <p class='ocr_par' dir='ltr' id='par_1_56' title="bbox 2232 2677 3838 2749">
     <span class='ocr_line' id='line_1_56' title="bbox 2232 2677 3838 2749; baseline -0.001 -16"><span class='ocrx_word' id='word_1_398' title='bbox 2232 2679 2288 2733; x_wconf 81' lang='grc' dir='ltr'><strong>δὲ</strong></span> <span class='ocrx_word' id='word_1_399' title='bbox 2318 2679 2404 2731; x_wconf 76' lang='grc' dir='ltr'>διὰ</span> <span class='ocrx_word' id='word_1_400' title='bbox 2440 2677 2802 2747; x_wconf 77' lang='grc' dir='ltr'>φιλοσαρκίαν</span> <span class='ocrx_word' id='word_1_401' title='bbox 2833 2677 2931 2730; x_wconf 81' lang='grc' dir='ltr'>οὐκ</span> <span class='ocrx_word' id='word_1_402' title='bbox 2958 2677 3264 2747; x_wconf 78' lang='grc' dir='ltr'>ἁξτούμεθα</span> <span class='ocrx_word' id='word_1_403' title='bbox 3298 2679 3540 2749; x_wconf 69' lang='grc' dir='ltr'>ταύτης*</span> <span class='ocrx_word' id='word_1_404' title='bbox 3574 2682 3608 2749; x_wconf 77' lang='grc' dir='ltr'><strong>ή</strong></span> <span class='ocrx_word' id='word_1_405' title='bbox 3647 2679 3707 2733; x_wconf 78' lang='grc' dir='ltr'>δὲ</span> <span class='ocrx_word' id='word_1_406' title='bbox 3740 2678 3838 2732; x_wconf 79' lang='grc' dir='ltr'>τοῦ</span> 
     </span>
    </p>
   </div>
   <div class='ocr_carea' id='block_1_57' title="bbox 2234 2771 3842 2846">
    <p class='ocr_par' dir='ltr' id='par_1_57' title="bbox 2234 2771 3842 2846">
     <span class='ocr_line' id='line_1_57' title="bbox 2234 2771 3842 2846; baseline 0.002 -21"><span class='ocrx_word' id='word_1_407' title='bbox 2234 2771 2368 2825; x_wconf 77' lang='grc' dir='ltr'>Θεοῦ</span> <span class='ocrx_word' id='word_1_408' title='bbox 2424 2771 2805 2842; x_wconf 77' lang='grc' dir='ltr'>φιλανθρωπία</span> <span class='ocrx_word' id='word_1_409' title='bbox 2865 2773 3075 2842; x_wconf 77' lang='grc' dir='ltr'>ἑτέροις</span> <span class='ocrx_word' id='word_1_410' title='bbox 3132 2775 3484 2845; x_wconf 83' lang='grc' dir='ltr'>ἁμαρτωλοῖς</span> <span class='ocrx_word' id='word_1_411' title='bbox 3541 2774 3842 2846; x_wconf 73' lang='grc' dir='ltr'>χαρίζεται</span> 
     </span>
    </p>
   </div>
   <div class='ocr_carea' id='block_1_58' title="bbox 2235 2856 3841 2937">
    <p class='ocr_par' dir='ltr' id='par_1_58' title="bbox 2235 2856 3841 2937">
     <span class='ocr_line' id='line_1_58' title="bbox 2235 2856 3841 2937; baseline 0.002 -21"><span class='ocrx_word' id='word_1_412' title='bbox 2235 2863 2461 2930; x_wconf 85' lang='grc' dir='ltr'>ταύτην,</span> <span class='ocrx_word' id='word_1_413' title='bbox 2490 2856 2713 2930; x_wconf 68' lang='grc' dir='ltr'>τυφλοῖς</span> <span class='ocrx_word' id='word_1_414' title='bbox 2745 2862 2844 2926; x_wconf 86' lang='grc' dir='ltr'>τὰς</span> <span class='ocrx_word' id='word_1_415' title='bbox 2880 2863 3082 2933; x_wconf 79' lang='grc' dir='ltr'>νοητὰς</span> <span class='ocrx_word' id='word_1_416' title='bbox 3103 2863 3280 2933; x_wconf 71' lang='grc' dir='ltr'>ὄψεις,</span> <span class='ocrx_word' id='word_1_417' title='bbox 3316 2865 3391 2937; x_wconf 77' lang='grc' dir='ltr'><strong>μὴ</strong></span> <span class='ocrx_word' id='word_1_418' title='bbox 3434 2869 3669 2920; x_wconf 75' lang='grc' dir='ltr'>συνιεῖσι</span> <span class='ocrx_word' id='word_1_419' title='bbox 3696 2868 3753 2918; x_wconf 84' lang='grc' dir='ltr'><strong>τί</strong></span> <span class='ocrx_word' id='word_1_420' title='bbox 3779 2868 3841 2920; x_wconf 77' lang='grc' dir='ltr'>τὸ</span> 
     </span>
    </p>
   </div>
   <div class='ocr_carea' id='block_1_59' title="bbox 2188 2950 3834 3025">
    <p class='ocr_par' dir='ltr' id='par_1_59' title="bbox 2188 2950 3834 3025">
     <span class='ocr_line' id='line_1_59' title="bbox 2188 2950 3834 3025; baseline 0.005 -22"><span class='ocrx_word' id='word_1_421' title='bbox 2188 2968 2195 2975; x_wconf 94' lang='grc'>·</span> <span class='ocrx_word' id='word_1_422' title='bbox 2236 2950 2450 3020; x_wconf 77' lang='grc' dir='ltr'>θέλημα</span> <span class='ocrx_word' id='word_1_423' title='bbox 2480 2951 2573 3003; x_wconf 76' lang='grc' dir='ltr'><strong>τοῦ</strong></span> <span class='ocrx_word' id='word_1_424' title='bbox 2606 2950 2764 3013; x_wconf 81' lang='grc' dir='ltr'>Θεοῦ,</span> <span class='ocrx_word' id='word_1_425' title='bbox 2818 2950 2850 3021; x_wconf 71' lang='grc' dir='ltr'>ἢ</span> <span class='ocrx_word' id='word_1_426' title='bbox 2914 2954 3145 3007; x_wconf 79' lang='grc' dir='ltr'>συνιεῖσι</span> <span class='ocrx_word' id='word_1_427' title='bbox 3182 2954 3302 3023; x_wconf 75' lang='grc' dir='ltr'>μὲν,</span> <span class='ocrx_word' id='word_1_428' title='bbox 3341 2956 3538 3025; x_wconf 79' lang='grc' dir='ltr'>χωλοῖς</span> <span class='ocrx_word' id='word_1_429' title='bbox 3596 2956 3655 3010; x_wconf 77' lang='grc' dir='ltr'>δὲ</span> <span class='ocrx_word' id='word_1_430' title='bbox 3687 2956 3834 3024; x_wconf 64' lang='grc' dir='ltr'>οὖσι,</span> 
     </span>
    </p>
   </div>
   <div class='ocr_carea' id='block_1_60' title="bbox 2236 3045 3839 3120">
    <p class='ocr_par' dir='ltr' id='par_1_60' title="bbox 2236 3045 3839 3120">
     <span class='ocr_line' id='line_1_60' title="bbox 2236 3045 3839 3120; baseline 0.004 -23"><span class='ocrx_word' id='word_1_431' title='bbox 2236 3046 2330 3097; x_wconf 70' lang='grc' dir='ltr'><strong>καὶ</strong></span> <span class='ocrx_word' id='word_1_432' title='bbox 2351 3045 2669 3117; x_wconf 78' lang='grc' dir='ltr'>ἁκινητοῦσι</span> <span class='ocrx_word' id='word_1_433' title='bbox 2698 3048 2834 3117; x_wconf 81' lang='grc' dir='ltr'>πρὸς</span> <span class='ocrx_word' id='word_1_434' title='bbox 2871 3049 2934 3101; x_wconf 73' lang='grc' dir='ltr'>τὸ</span> <span class='ocrx_word' id='word_1_435' title='bbox 2960 3049 3220 3120; x_wconf 82' lang='grc' dir='ltr'>πράττειν</span> <span class='ocrx_word' id='word_1_436' title='bbox 3247 3051 3407 3104; x_wconf 79' lang='grc' dir='ltr'>τοῦτο</span> <span class='ocrx_word' id='word_1_437' title='bbox 3426 3066 3441 3081; x_wconf 88' lang='grc'><strong>·</strong></span> <span class='ocrx_word' id='word_1_438' title='bbox 3476 3054 3571 3106; x_wconf 74' lang='grc' dir='ltr'><strong>καὶ</strong></span> <span class='ocrx_word' id='word_1_439' title='bbox 3595 3054 3839 3117; x_wconf 72' lang='grc' dir='ltr'>συνόλως</span> 
     </span>
    </p>
   </div>
   <div class='ocr_carea' id='block_1_61' title="bbox 2236 3139 3837 3217">
    <p class='ocr_par' dir='ltr' id='par_1_61' title="bbox 2236 3139 3837 3217">
     <span class='ocr_line' id='line_1_61' title="bbox 2236 3139 3837 3217; baseline 0.006 -27"><span class='ocrx_word' id='word_1_440' title='bbox 2236 3142 2470 3209; x_wconf 79' lang='grc' dir='ltr'>πτωχοῖς</span> <span class='ocrx_word' id='word_1_441' title='bbox 2492 3139 2834 3194; x_wconf 83' lang='grc' dir='ltr'>ἁποπεσοῦσι</span> <span class='ocrx_word' id='word_1_442' title='bbox 2859 3142 2961 3211; x_wconf 81' lang='grc' dir='ltr'>τῆς</span> <span class='ocrx_word' id='word_1_443' title='bbox 2985 3141 3101 3197; x_wconf 82' lang='grc' dir='ltr'>ἄνω</span> <span class='ocrx_word' id='word_1_444' title='bbox 3126 3143 3286 3214; x_wconf 79' lang='grc' dir='ltr'>δόξης</span> <span class='ocrx_word' id='word_1_445' title='bbox 3309 3159 3331 3173; x_wconf 82' lang='lat'><strong><em>&#39;</em></strong></span> <span class='ocrx_word' id='word_1_446' title='bbox 3380 3145 3477 3200; x_wconf 71' lang='grc' dir='ltr'><strong>καὶ</strong></span> <span class='ocrx_word' id='word_1_447' title='bbox 3503 3147 3837 3217; x_wconf 83' lang='grc' dir='ltr'>ἁναπήροις,</span> 
     </span>
    </p>
   </div>
   <div class='ocr_carea' id='block_1_62' title="bbox 548 3226 2130 3314">
    <p class='ocr_par' dir='ltr' id='par_1_62' title="bbox 548 3226 2126 3296">
     <span class='ocr_line' id='line_1_62' title="bbox 548 3226 2126 3296; baseline -0.001 -13"><span class='ocrx_word' id='word_1_448' title='bbox 548 3227 846 3293; x_wconf 82' lang='lat' dir='ltr'><strong>divitibus,</strong></span> <span class='ocrx_word' id='word_1_449' title='bbox 904 3236 958 3282; x_wconf 91' lang='lat' dir='ltr'><strong>ct</strong></span> <span class='ocrx_word' id='word_1_450' title='bbox 1010 3226 1161 3282; x_wconf 88' lang='lat' dir='ltr'><strong>carni</strong></span> <span class='ocrx_word' id='word_1_451' title='bbox 1226 3226 1655 3296; x_wconf 85' lang='lat' dir='ltr'><strong>indulgentibus.</strong></span> <span class='ocrx_word' id='word_1_452' title='bbox 1714 3226 1895 3282; x_wconf 82' lang='lat' dir='ltr'><strong>Multis</strong></span> <span class='ocrx_word' id='word_1_453' title='bbox 1947 3238 2126 3282; x_wconf 87' lang='lat' dir='ltr'><strong>autem</strong></span> 
     </span>
    </p>
   </div>
   <div class='ocr_carea' id='block_1_63' title="bbox 2235 3226 3842 3314">
    <p class='ocr_par' dir='ltr' id='par_1_63' title="bbox 2235 3232 3842 3308">
     <span class='ocr_line' id='line_1_63' title="bbox 2235 3232 3842 3308; baseline 0.003 -21"><span class='ocrx_word' id='word_1_454' title='bbox 2235 3232 2465 3303; x_wconf 67' lang='grc' dir='ltr'>ἄμωμον</span> <span class='ocrx_word' id='word_1_455' title='bbox 2494 3233 2584 3286; x_wconf 82' lang='grc' dir='ltr'><strong>τὸν</strong></span> <span class='ocrx_word' id='word_1_456' title='bbox 2608 3234 2819 3288; x_wconf 78' lang='grc' dir='ltr'>ἑαυτῶν</span> <span class='ocrx_word' id='word_1_457' title='bbox 2844 3234 2955 3306; x_wconf 85' lang='grc' dir='ltr'>βίον</span> <span class='ocrx_word' id='word_1_458' title='bbox 2980 3236 3054 3307; x_wconf 83' lang='grc' dir='ltr'>μὴ</span> <span class='ocrx_word' id='word_1_459' title='bbox 3087 3236 3554 3308; x_wconf 74' lang='grc' dir='ltr'>ἐπιδεικνυμένοις</span> <span class='ocrx_word' id='word_1_460' title='bbox 3577 3255 3590 3269; x_wconf 91' lang='grc'><strong>·</strong></span> <span class='ocrx_word' id='word_1_461' title='bbox 3624 3242 3842 3303; x_wconf 53' lang='lat' dir='ltr'><strong>coitur;</strong></span> 
     </span>
    </p>
   </div>
   <div class='ocr_carea' id='block_1_64' title="bbox 550 3315 2133 3390">
    <p class='ocr_par' dir='ltr' id='par_1_64' title="bbox 550 3315 2133 3390">
     <span class='ocr_line' id='line_1_64' title="bbox 550 3315 2133 3390; baseline -0.001 -16"><span class='ocrx_word' id='word_1_462' title='bbox 550 3321 769 3375; x_wconf 79' lang='lat' dir='ltr'><strong>morbos</strong></span> <span class='ocrx_word' id='word_1_463' title='bbox 799 3330 851 3373; x_wconf 88' lang='lat' dir='ltr'><strong>et</strong></span> <span class='ocrx_word' id='word_1_464' title='bbox 881 3319 1121 3390; x_wconf 85' lang='lat' dir='ltr'><strong>pericula</strong></span> <span class='ocrx_word' id='word_1_465' title='bbox 1158 3316 1526 3385; x_wconf 88' lang='lat' dir='ltr'><strong>immittendo,</strong></span> <span class='ocrx_word' id='word_1_466' title='bbox 1557 3315 1687 3373; x_wconf 81' lang='lat' dir='ltr'><strong>facit</strong></span> <span class='ocrx_word' id='word_1_467' title='bbox 1718 3333 1814 3374; x_wconf 91' lang='lat' dir='ltr'><strong>eos</strong></span> <span class='ocrx_word' id='word_1_468' title='bbox 1851 3319 2013 3373; x_wconf 86' lang='lat' dir='ltr'><strong>etiam</strong></span> <span class='ocrx_word' id='word_1_469' title='bbox 2050 3319 2133 3373; x_wconf 82' lang='lat' dir='ltr'><strong>in-</strong></span> 
     </span>
    </p>
   </div>
   <div class='ocr_carea' id='block_1_65' title="bbox 552 3406 2134 3479">
    <p class='ocr_par' dir='ltr' id='par_1_65' title="bbox 552 3406 2134 3479">
     <span class='ocr_line' id='line_1_65' title="bbox 552 3406 2134 3479; baseline 0.003 -18"><span class='ocrx_word' id='word_1_470' title='bbox 552 3410 889 3464; x_wconf 76' lang='lat' dir='ltr'><strong>voluntarios</strong></span> <span class='ocrx_word' id='word_1_471' title='bbox 957 3408 1272 3463; x_wconf 87' lang='lat' dir='ltr'><strong>renuntiare</strong></span> <span class='ocrx_word' id='word_1_472' title='bbox 1339 3406 1463 3462; x_wconf 83' lang='lat' dir='ltr'><strong>huic</strong></span> <span class='ocrx_word' id='word_1_473' title='bbox 1515 3410 1681 3475; x_wconf 67' lang='lat' dir='ltr'><strong>vitae,</strong></span> <span class='ocrx_word' id='word_1_474' title='bbox 1737 3410 1932 3479; x_wconf 87' lang='lat' dir='ltr'><strong>quibus</strong></span> <span class='ocrx_word' id='word_1_475' title='bbox 1984 3414 2134 3465; x_wconf 89' lang='lat' dir='ltr'><strong>novit</strong></span> 
     </span>
    </p>
   </div>
   <div class='ocr_carea' id='block_1_66' title="bbox 542 3500 2130 3568">
    <p class='ocr_par' dir='ltr' id='par_1_66' title="bbox 542 3500 2130 3568">
     <span class='ocr_line' id='line_1_66' title="bbox 542 3500 2130 3568; baseline 0.003 -17"><span class='ocrx_word' id='word_1_476' title='bbox 542 3500 781 3568; x_wconf 83' lang='lat' dir='ltr'><strong>jmliciis,</strong></span> <span class='ocrx_word' id='word_1_477' title='bbox 801 3511 851 3554; x_wconf 92' lang='lat' dir='ltr'><strong>et</strong></span> <span class='ocrx_word' id='word_1_478' title='bbox 871 3502 1077 3554; x_wconf 79' lang='lat' dir='ltr'><strong>inducit</strong></span> <span class='ocrx_word' id='word_1_479' title='bbox 1096 3500 1216 3554; x_wconf 90' lang='lat' dir='ltr'><strong>illos</strong></span> <span class='ocrx_word' id='word_1_480' title='bbox 1235 3500 1300 3555; x_wconf 92' lang='lat' dir='ltr'><strong>ad</strong></span> <span class='ocrx_word' id='word_1_481' title='bbox 1322 3515 1529 3554; x_wconf 76' lang='lat' dir='ltr'><strong>cceuam</strong></span> <span class='ocrx_word' id='word_1_482' title='bbox 1550 3516 1728 3563; x_wconf 89' lang='lat' dir='ltr'><strong>suam,</strong></span> <span class='ocrx_word' id='word_1_483' title='bbox 1747 3506 2130 3556; x_wconf 86' lang='lat' dir='ltr'><strong>necessitatem</strong></span> 
     </span>
    </p>
   </div>
   <div class='ocr_carea' id='block_1_67' title="bbox 548 3591 2132 3661">
    <p class='ocr_par' dir='ltr' id='par_1_67' title="bbox 548 3591 2132 3661">
     <span class='ocr_line' id='line_1_67' title="bbox 548 3591 2132 3661; baseline 0.001 -15"><span class='ocrx_word' id='word_1_484' title='bbox 548 3593 628 3647; x_wconf 85' lang='lat' dir='ltr'><strong>eis</strong></span> <span class='ocrx_word' id='word_1_485' title='bbox 659 3591 862 3646; x_wconf 67' lang='lat' dir='ltr'><strong>faciens</strong></span> <span class='ocrx_word' id='word_1_486' title='bbox 893 3591 1381 3661; x_wconf 88' lang='lat' dir='ltr'><strong>periclitationem;</strong></span> <span class='ocrx_word' id='word_1_487' title='bbox 1414 3601 1467 3646; x_wconf 92' lang='lat' dir='ltr'><strong>et</strong></span> <span class='ocrx_word' id='word_1_488' title='bbox 1498 3592 1652 3659; x_wconf 88' lang='lat' dir='ltr'><strong>hujus</strong></span> <span class='ocrx_word' id='word_1_489' title='bbox 1682 3597 1929 3661; x_wconf 69' lang='lat' dir='ltr'><strong>exempla</strong></span> <span class='ocrx_word' id='word_1_490' title='bbox 1964 3595 2132 3648; x_wconf 90' lang='lat' dir='ltr'><strong>multa</strong></span> 
     </span>
    </p>
   </div>
   <div class='ocr_carea' id='block_1_68' title="bbox 550 3684 2130 3756">
    <p class='ocr_par' dir='ltr' id='par_1_68' title="bbox 550 3684 2130 3756">
     <span class='ocr_line' id='line_1_68' title="bbox 550 3684 2130 3756; baseline 0.004 -19"><span class='ocrx_word' id='word_1_491' title='bbox 550 3693 696 3737; x_wconf 85' lang='lat' dir='ltr'><strong>sunt.</strong></span> <span class='ocrx_word' id='word_1_492' title='bbox 751 3684 917 3737; x_wconf 88' lang='lat' dir='ltr'><strong>Docet</strong></span> <span class='ocrx_word' id='word_1_493' title='bbox 961 3695 1140 3738; x_wconf 86' lang='lat' dir='ltr'><strong>autem</strong></span> <span class='ocrx_word' id='word_1_494' title='bbox 1187 3698 1290 3738; x_wconf 86' lang='lat' dir='ltr'><strong>nos</strong></span> <span class='ocrx_word' id='word_1_495' title='bbox 1340 3684 1597 3753; x_wconf 81' lang='lat' dir='ltr'><strong>parabola</strong></span> <span class='ocrx_word' id='word_1_496' title='bbox 1644 3685 1760 3740; x_wconf 72' lang='lat' dir='ltr'><strong>lucc</strong></span> <span class='ocrx_word' id='word_1_497' title='bbox 1807 3684 2130 3756; x_wconf 85' lang='lat' dir='ltr'><strong>simplicius,</strong></span> 
     </span>
    </p>
   </div>
   <div class='ocr_carea' id='block_1_69' title="bbox 550 3773 2131 3843">
    <p class='ocr_par' dir='ltr' id='par_1_69' title="bbox 550 3773 2131 3843">
     <span class='ocr_line' id='line_1_69' title="bbox 550 3773 2131 3843; baseline 0.002 -16"><span class='ocrx_word' id='word_1_498' title='bbox 550 3774 880 3843; x_wconf 70' lang='lat' dir='ltr'><strong>pauperibus</strong></span> <span class='ocrx_word' id='word_1_499' title='bbox 906 3783 960 3828; x_wconf 90' lang='lat' dir='ltr'><strong>et</strong></span> <span class='ocrx_word' id='word_1_500' title='bbox 988 3773 1257 3829; x_wconf 79' lang='lat' dir='ltr'><strong>debilibus</strong></span> <span class='ocrx_word' id='word_1_501' title='bbox 1284 3774 1466 3842; x_wconf 88' lang='lat' dir='ltr'><strong>potius</strong></span> <span class='ocrx_word' id='word_1_502' title='bbox 1491 3774 1723 3829; x_wconf 89' lang='lat' dir='ltr'><strong>dandum</strong></span> <span class='ocrx_word' id='word_1_503' title='bbox 1760 3790 1921 3843; x_wconf 88' lang='lat' dir='ltr'><strong>quam</strong></span> <span class='ocrx_word' id='word_1_504' title='bbox 1954 3776 2131 3830; x_wconf 90' lang='lat' dir='ltr'><strong>diviti-</strong></span> 
     </span>
    </p>
   </div>
   <div class='ocr_carea' id='block_1_70' title="bbox 551 3863 2125 3935">
    <p class='ocr_par' dir='ltr' id='par_1_70' title="bbox 551 3863 2125 3935">
     <span class='ocr_line' id='line_1_70' title="bbox 551 3863 2125 3935; baseline 0 -16"><span class='ocrx_word' id='word_1_505' title='bbox 551 3870 671 3926; x_wconf 88' lang='lat' dir='ltr'><strong>bus,</strong></span> <span class='ocrx_word' id='word_1_506' title='bbox 707 3865 758 3919; x_wconf 90' lang='lat' dir='ltr'><strong>id</strong></span> <span class='ocrx_word' id='word_1_507' title='bbox 789 3864 930 3933; x_wconf 87' lang='lat' dir='ltr'><strong>quod</strong></span> <span class='ocrx_word' id='word_1_508' title='bbox 958 3873 1011 3923; x_wconf 89' lang='lat' dir='ltr'><strong>et</strong></span> <span class='ocrx_word' id='word_1_509' title='bbox 1040 3863 1199 3933; x_wconf 89' lang='lat' dir='ltr'><strong>paulo</strong></span> <span class='ocrx_word' id='word_1_510' title='bbox 1232 3872 1397 3918; x_wconf 85' lang='lat' dir='ltr'><strong>antea</strong></span> <span class='ocrx_word' id='word_1_511' title='bbox 1430 3864 1817 3927; x_wconf 87' lang='lat' dir='ltr'><strong>admonueral,</strong></span> <span class='ocrx_word' id='word_1_512' title='bbox 1850 3873 2125 3935; x_wconf 83' lang='lat' dir='ltr'><strong>propterea</strong></span> 
     </span>
    </p>
   </div>
   <div class='ocr_carea' id='block_1_71' title="bbox 554 3953 2137 4023">
    <p class='ocr_par' dir='ltr' id='par_1_71' title="bbox 554 3953 2137 4023">
     <span class='ocr_line' id='line_1_71' title="bbox 554 3953 2137 4023; baseline 0.001 -16"><span class='ocrx_word' id='word_1_513' title='bbox 554 3956 695 4009; x_wconf 88' lang='lat' dir='ltr'><strong>istud</strong></span> <span class='ocrx_word' id='word_1_514' title='bbox 732 3955 947 4010; x_wconf 90' lang='lat' dir='ltr'><strong>videtur</strong></span> <span class='ocrx_word' id='word_1_515' title='bbox 987 3954 1242 4023; x_wconf 86' lang='lat' dir='ltr'><strong>parabola</strong></span> <span class='ocrx_word' id='word_1_516' title='bbox 1283 3954 1502 4018; x_wconf 83' lang='lat' dir='ltr'><strong>dicere,</strong></span> <span class='ocrx_word' id='word_1_517' title='bbox 1551 3967 1647 4023; x_wconf 81' lang='lat' dir='ltr'><strong>per</strong></span> <span class='ocrx_word' id='word_1_518' title='bbox 1680 3953 1781 4008; x_wconf 84' lang='lat' dir='ltr'><strong>hoc</strong></span> <span class='ocrx_word' id='word_1_519' title='bbox 1826 3955 2137 4009; x_wconf 87' lang='lat' dir='ltr'><strong>credibilius</strong></span> 
     </span>
    </p>
   </div>
   <div class='ocr_carea' id='block_1_72' title="bbox 550 4046 2137 4120">
    <p class='ocr_par' dir='ltr' id='par_1_72' title="bbox 550 4046 2137 4120">
     <span class='ocr_line' id='line_1_72' title="bbox 550 4046 2137 4120; baseline -0.003 -16"><span class='ocrx_word' id='word_1_520' title='bbox 550 4050 755 4105; x_wconf 81' lang='lat' dir='ltr'><strong>faciens</strong></span> <span class='ocrx_word' id='word_1_521' title='bbox 791 4062 1061 4120; x_wconf 88' lang='lat' dir='ltr'><strong>pauperes</strong></span> <span class='ocrx_word' id='word_1_522' title='bbox 1094 4048 1345 4114; x_wconf 72' lang='lat' dir='ltr'><strong>convivio</strong></span> <span class='ocrx_word' id='word_1_523' title='bbox 1371 4047 1745 4117; x_wconf 80' lang='lat' dir='ltr'><strong>excipiendos.</strong></span> <span class='ocrx_word' id='word_1_524' title='bbox 1779 4046 2049 4102; x_wconf 91' lang='lat' dir='ltr'><strong>Discimus</strong></span> <span class='ocrx_word' id='word_1_525' title='bbox 2083 4058 2137 4101; x_wconf 90' lang='lat' dir='ltr'><strong>et</strong></span> 
     </span>
    </p>
   </div>
   <div class='ocr_carea' id='block_1_73' title="bbox 548 4137 2137 4204">
    <p class='ocr_par' dir='ltr' id='par_1_73' title="bbox 548 4137 2137 4204">
     <span class='ocr_line' id='line_1_73' title="bbox 548 4137 2137 4204; baseline 0.001 -12"><span class='ocrx_word' id='word_1_526' title='bbox 548 4139 688 4192; x_wconf 80' lang='lat' dir='ltr'><strong>aliud</strong></span> <span class='ocrx_word' id='word_1_527' title='bbox 712 4178 729 4204; x_wconf 91' lang='lat'><strong>,</strong></span> <span class='ocrx_word' id='word_1_528' title='bbox 768 4138 967 4194; x_wconf 82' lang='lat' dir='ltr'><strong>debere</strong></span> <span class='ocrx_word' id='word_1_529' title='bbox 1000 4151 1101 4192; x_wconf 89' lang='lat' dir='ltr'><strong>nos</strong></span> <span class='ocrx_word' id='word_1_530' title='bbox 1175 4137 1248 4191; x_wconf 90' lang='lat' dir='ltr'><strong>ita</strong></span> <span class='ocrx_word' id='word_1_531' title='bbox 1290 4151 1414 4191; x_wconf 88' lang='lat' dir='ltr'><strong>esse</strong></span> <span class='ocrx_word' id='word_1_532' title='bbox 1440 4137 1649 4193; x_wconf 87' lang='lat' dir='ltr'><strong>alacres</strong></span> <span class='ocrx_word' id='word_1_533' title='bbox 1678 4145 1735 4192; x_wconf 87' lang='lat' dir='ltr'><strong>et</strong></span> <span class='ocrx_word' id='word_1_534' title='bbox 1777 4138 2023 4193; x_wconf 86' lang='lat' dir='ltr'><strong>liberales</strong></span> <span class='ocrx_word' id='word_1_535' title='bbox 2068 4138 2137 4193; x_wconf 90' lang='lat' dir='ltr'><strong>ad</strong></span> 
     </span>
    </p>
   </div>
   <div class='ocr_carea' id='block_1_74' title="bbox 549 4230 2128 4303">
    <p class='ocr_par' dir='ltr' id='par_1_74' title="bbox 549 4230 2128 4303">
     <span class='ocr_line' id='line_1_74' title="bbox 549 4230 2128 4303; baseline 0.001 -18"><span class='ocrx_word' id='word_1_536' title='bbox 549 4232 774 4286; x_wconf 85' lang='lat' dir='ltr'><strong>fratrum</strong></span> <span class='ocrx_word' id='word_1_537' title='bbox 830 4230 1262 4301; x_wconf 88' lang='lat' dir='ltr'><strong>susceptionem,</strong></span> <span class='ocrx_word' id='word_1_538' title='bbox 1324 4240 1384 4284; x_wconf 90' lang='lat' dir='ltr'><strong>ut</strong></span> <span class='ocrx_word' id='word_1_539' title='bbox 1433 4231 1599 4285; x_wconf 89' lang='lat' dir='ltr'><strong>etiam</strong></span> <span class='ocrx_word' id='word_1_540' title='bbox 1674 4231 1919 4286; x_wconf 88' lang='lat' dir='ltr'><strong>nolentes</strong></span> <span class='ocrx_word' id='word_1_541' title='bbox 1972 4248 2128 4303; x_wconf 82' lang='lat' dir='ltr'><strong>coga-</strong></span> 
     </span>
    </p>
   </div>
   <div class='ocr_carea' id='block_1_75' title="bbox 549 4322 2138 4393">
    <p class='ocr_par' dir='ltr' id='par_1_75' title="bbox 549 4322 2138 4393">
     <span class='ocr_line' id='line_1_75' title="bbox 549 4322 2138 4393; baseline 0.003 -18"><span class='ocrx_word' id='word_1_542' title='bbox 549 4338 668 4376; x_wconf 88' lang='lat' dir='ltr'><strong>mus</strong></span> <span class='ocrx_word' id='word_1_543' title='bbox 719 4333 773 4377; x_wconf 90' lang='lat' dir='ltr'><strong>ut</strong></span> <span class='ocrx_word' id='word_1_544' title='bbox 815 4324 1104 4393; x_wconf 75' lang='lat' dir='ltr'><strong>participes</strong></span> <span class='ocrx_word' id='word_1_545' title='bbox 1147 4322 1279 4376; x_wconf 72' lang='lat' dir='ltr'><strong>flant</strong></span> <span class='ocrx_word' id='word_1_546' title='bbox 1337 4334 1643 4377; x_wconf 88' lang='lat' dir='ltr'><strong>nostrorum</strong></span> <span class='ocrx_word' id='word_1_547' title='bbox 1688 4322 1976 4378; x_wconf 86' lang='lat' dir='ltr'><strong>bonorum.</strong></span> <span class='ocrx_word' id='word_1_548' title='bbox 2025 4325 2138 4381; x_wconf 86' lang='lat' dir='ltr'><strong>Hoc</strong></span> 
     </span>
    </p>
   </div>
   <div class='ocr_carea' id='block_1_76' title="bbox 548 4413 2137 4486">
    <p class='ocr_par' dir='ltr' id='par_1_76' title="bbox 548 4413 2137 4486">
     <span class='ocr_line' id='line_1_76' title="bbox 548 4413 2137 4486; baseline 0.003 -18"><span class='ocrx_word' id='word_1_549' title='bbox 548 4422 603 4468; x_wconf 88' lang='lat' dir='ltr'><strong>et</strong></span> <span class='ocrx_word' id='word_1_550' title='bbox 660 4413 905 4485; x_wconf 78' lang='lat' dir='ltr'><strong>magistri</strong></span> <span class='ocrx_word' id='word_1_551' title='bbox 957 4414 1393 4480; x_wconf 87' lang='lat' dir='ltr'><strong>admoneamur,</strong></span> <span class='ocrx_word' id='word_1_552' title='bbox 1454 4413 1596 4483; x_wconf 91' lang='lat' dir='ltr'><strong>quod</strong></span> <span class='ocrx_word' id='word_1_553' title='bbox 1664 4428 1841 4483; x_wconf 70' lang='lat' dir='ltr'><strong>operae</strong></span> <span class='ocrx_word' id='word_1_554' title='bbox 1903 4417 2137 4486; x_wconf 85' lang='lat' dir='ltr'><strong>pretium</strong></span> 
     </span>
    </p>
   </div>
   <div class='ocr_carea' id='block_1_77' title="bbox 548 4506 2138 4581">
    <p class='ocr_par' dir='ltr' id='par_1_77' title="bbox 548 4506 2138 4581">
     <span class='ocr_line' id='line_1_77' title="bbox 548 4506 2138 4581; baseline 0.003 -18"><span class='ocrx_word' id='word_1_555' title='bbox 548 4509 620 4563; x_wconf 91' lang='lat' dir='ltr'><strong>sit</strong></span> <span class='ocrx_word' id='word_1_556' title='bbox 665 4506 963 4575; x_wconf 85' lang='lat' dir='ltr'><strong>discipulos</strong></span> <span class='ocrx_word' id='word_1_557' title='bbox 1007 4507 1170 4561; x_wconf 85' lang='lat' dir='ltr'><strong>etiam</strong></span> <span class='ocrx_word' id='word_1_558' title='bbox 1215 4507 1463 4561; x_wconf 84' lang='lat' dir='ltr'><strong>nolentes</strong></span> <span class='ocrx_word' id='word_1_559' title='bbox 1496 4506 1694 4562; x_wconf 83' lang='lat' dir='ltr'><strong>docere</strong></span> <span class='ocrx_word' id='word_1_560' title='bbox 1738 4522 1801 4562; x_wconf 88' lang='lat' dir='ltr'><strong>ea</strong></span> <span class='ocrx_word' id='word_1_561' title='bbox 1846 4524 1967 4577; x_wconf 78' lang='lat' dir='ltr'><strong>qua:</strong></span> <span class='ocrx_word' id='word_1_562' title='bbox 2004 4512 2138 4581; x_wconf 89' lang='lat' dir='ltr'><strong>ipsis</strong></span> 
     </span>
    </p>
   </div>
   <div class='ocr_carea' id='block_1_78' title="bbox 549 4599 897 4654">
    <p class='ocr_par' dir='ltr' id='par_1_78' title="bbox 549 4599 897 4654">
     <span class='ocr_line' id='line_1_78' title="bbox 549 4599 897 4654; baseline -0.003 0"><span class='ocrx_word' id='word_1_563' title='bbox 549 4599 897 4654; x_wconf 86' lang='lat' dir='ltr'><strong>conveniant.</strong></span> 
     </span>
    </p>
   </div>
   <div class='ocr_carea' id='block_1_79' title="bbox 2234 3319 3837 3403">
    <p class='ocr_par' dir='ltr' id='par_1_79' title="bbox 2234 3319 3837 3403">
     <span class='ocr_line' id='line_1_79' title="bbox 2234 3319 3837 3403; baseline 0.004 -26"><span class='ocrx_word' id='word_1_564' title='bbox 2234 3319 2329 3377; x_wconf 81' lang='grc' dir='ltr'><strong>οὖν</strong></span> <span class='ocrx_word' id='word_1_565' title='bbox 2358 3328 2471 3388; x_wconf 84' lang='grc' dir='ltr'>τοῖς</span> <span class='ocrx_word' id='word_1_566' title='bbox 2507 3325 2852 3397; x_wconf 86' lang='grc' dir='ltr'>ἁμαρτωλοῖς</span> <span class='ocrx_word' id='word_1_567' title='bbox 2896 3329 2975 3389; x_wconf 77' lang='grc' dir='ltr'><strong>είς</strong></span> <span class='ocrx_word' id='word_1_568' title='bbox 3002 3328 3103 3391; x_wconf 82' lang='grc' dir='ltr'>τὰς</span> <span class='ocrx_word' id='word_1_569' title='bbox 3130 3328 3417 3397; x_wconf 84' lang='grc' dir='ltr'>πλατείας,</span> <span class='ocrx_word' id='word_1_570' title='bbox 3452 3332 3549 3384; x_wconf 69' lang='grc' dir='ltr'>καὶ</span> <span class='ocrx_word' id='word_1_571' title='bbox 3582 3330 3837 3403; x_wconf 76' lang='grc' dir='ltr'>εὐρυχώ-</span> 
     </span>
    </p>
   </div>
   <div class='ocr_carea' id='block_1_80' title="bbox 2240 3414 3841 3491">
    <p class='ocr_par' dir='ltr' id='par_1_80' title="bbox 2240 3414 3841 3491">
     <span class='ocr_line' id='line_1_80' title="bbox 2240 3414 3841 3491; baseline 0.006 -25"><span class='ocrx_word' id='word_1_572' title='bbox 2240 3429 2367 3483; x_wconf 83' lang='grc' dir='ltr'>ρους</span> <span class='ocrx_word' id='word_1_573' title='bbox 2399 3414 2551 3476; x_wconf 80' lang='grc' dir='ltr'>ὀδοὺς</span> <span class='ocrx_word' id='word_1_574' title='bbox 2590 3415 2689 3484; x_wconf 86' lang='grc' dir='ltr'>τῆς</span> <span class='ocrx_word' id='word_1_575' title='bbox 2725 3416 3003 3487; x_wconf 82' lang='grc' dir='ltr'>ἁμαρτίας</span> <span class='ocrx_word' id='word_1_576' title='bbox 3036 3416 3428 3488; x_wconf 80' lang='grc' dir='ltr'>πλανωμένοις·</span> <span class='ocrx_word' id='word_1_577' title='bbox 3461 3419 3777 3491; x_wconf 77' lang='grc' dir='ltr'>ἐπιπέμπει</span> <span class='ocrx_word' id='word_1_578' title='bbox 3813 3425 3841 3475; x_wconf 82' lang='grc' dir='ltr'>ὁ</span> 
     </span>
    </p>
   </div>
   <div class='ocr_carea' id='block_1_81' title="bbox 2238 3504 3841 3579">
    <p class='ocr_par' dir='ltr' id='par_1_81' title="bbox 2238 3504 3841 3579">
     <span class='ocr_line' id='line_1_81' title="bbox 2238 3504 3841 3579; baseline 0.004 -21"><span class='ocrx_word' id='word_1_579' title='bbox 2238 3504 2431 3577; x_wconf 73' lang='grc' dir='ltr'>Πατὴρ</span> <span class='ocrx_word' id='word_1_580' title='bbox 2453 3507 2544 3559; x_wconf 86' lang='grc' dir='ltr'><strong>τὸν</strong></span> <span class='ocrx_word' id='word_1_581' title='bbox 2571 3505 2997 3579; x_wconf 82' lang='grc' dir='ltr'>δειπνοκλήτορα</span> <span class='ocrx_word' id='word_1_582' title='bbox 3028 3509 3195 3563; x_wconf 79' lang='grc' dir='ltr'>αὑτοῦ</span> <span class='ocrx_word' id='word_1_583' title='bbox 3226 3511 3379 3577; x_wconf 79' lang='grc' dir='ltr'>Υίδν,</span> <span class='ocrx_word' id='word_1_584' title='bbox 3407 3512 3498 3565; x_wconf 80' lang='grc' dir='ltr'>τὸν</span> <span class='ocrx_word' id='word_1_585' title='bbox 3520 3514 3617 3566; x_wconf 80' lang='grc' dir='ltr'><strong>καὶ</strong></span> <span class='ocrx_word' id='word_1_586' title='bbox 3647 3514 3841 3567; x_wconf 76' lang='grc' dir='ltr'>δοῦλον</span> 
     </span>
    </p>
   </div>
   <div class='ocr_carea' id='block_1_82' title="bbox 2236 3596 3840 3672">
    <p class='ocr_par' dir='ltr' id='par_1_82' title="bbox 2236 3596 3840 3672">
     <span class='ocr_line' id='line_1_82' title="bbox 2236 3596 3840 3672; baseline 0.007 -23"><span class='ocrx_word' id='word_1_587' title='bbox 2236 3596 2528 3668; x_wconf 82' lang='grc' dir='ltr'>γενόμενον</span> <span class='ocrx_word' id='word_1_588' title='bbox 2559 3598 2703 3651; x_wconf 86' lang='grc' dir='ltr'><strong>κατὰ</strong></span> <span class='ocrx_word' id='word_1_589' title='bbox 2737 3598 2937 3669; x_wconf 79' lang='grc' dir='ltr'>σάρκα,</span> <span class='ocrx_word' id='word_1_590' title='bbox 2967 3600 3060 3653; x_wconf 82' lang='grc' dir='ltr'><strong>τὸν</strong></span> <span class='ocrx_word' id='word_1_591' title='bbox 3090 3602 3166 3672; x_wconf 85' lang='grc' dir='ltr'>μὴ</span> <span class='ocrx_word' id='word_1_592' title='bbox 3194 3603 3439 3667; x_wconf 84' lang='grc' dir='ltr'>δικαίους</span> <span class='ocrx_word' id='word_1_593' title='bbox 3467 3605 3697 3658; x_wconf 73' lang='grc' dir='ltr'>ἐλθόντα</span> <span class='ocrx_word' id='word_1_594' title='bbox 3731 3625 3840 3661; x_wconf 85' lang='grc' dir='ltr'>κα-</span> 
     </span>
    </p>
   </div>
   <div class='ocr_carea' id='block_1_83' title="bbox 2236 3690 3843 3767">
    <p class='ocr_par' dir='ltr' id='par_1_83' title="bbox 2236 3690 3843 3767">
     <span class='ocr_line' id='line_1_83' title="bbox 2236 3690 3843 3767; baseline 0.007 -24"><span class='ocrx_word' id='word_1_595' title='bbox 2236 3690 2415 3755; x_wconf 86' lang='grc' dir='ltr'>λέσαι,</span> <span class='ocrx_word' id='word_1_596' title='bbox 2446 3692 2584 3744; x_wconf 84' lang='grc' dir='ltr'>ἀλλὰ</span> <span class='ocrx_word' id='word_1_597' title='bbox 2613 3693 2975 3764; x_wconf 85' lang='grc' dir='ltr'>ἁμαρτωλούς</span> <span class='ocrx_word' id='word_1_598' title='bbox 2995 3712 3009 3725; x_wconf 88' lang='grc'><strong>·</strong></span> <span class='ocrx_word' id='word_1_599' title='bbox 3055 3698 3148 3749; x_wconf 82' lang='grc' dir='ltr'><strong>καὶ</strong></span> <span class='ocrx_word' id='word_1_600' title='bbox 3183 3697 3337 3767; x_wconf 58' lang='grc' dir='ltr'>ἑστιᾷ</span> <span class='ocrx_word' id='word_1_601' title='bbox 3361 3697 3587 3764; x_wconf 81' lang='grc' dir='ltr'>τούτους</span> <span class='ocrx_word' id='word_1_602' title='bbox 3633 3702 3843 3767; x_wconf 80' lang='grc' dir='ltr'>φιλοτί-</span> 
     </span>
    </p>
   </div>
   <div class='ocr_carea' id='block_1_84' title="bbox 2240 3784 3842 3858">
    <p class='ocr_par' dir='ltr' id='par_1_84' title="bbox 2240 3784 3842 3858">
     <span class='ocr_line' id='line_1_84' title="bbox 2240 3784 3842 3858; baseline 0.007 -23"><span class='ocrx_word' id='word_1_603' title='bbox 2240 3800 2355 3853; x_wconf 87' lang='grc' dir='ltr'><strong>μως</strong></span> <span class='ocrx_word' id='word_1_604' title='bbox 2389 3784 2507 3837; x_wconf 83' lang='grc' dir='ltr'>ἀντ’</span> <span class='ocrx_word' id='word_1_605' title='bbox 2537 3785 2764 3839; x_wconf 75' lang='grc' dir='ltr'>ἐκείνων</span> <span class='ocrx_word' id='word_1_606' title='bbox 2788 3786 2895 3839; x_wconf 87' lang='grc' dir='ltr'><strong>τῶν</strong></span> <span class='ocrx_word' id='word_1_607' title='bbox 2928 3789 3249 3854; x_wconf 77' lang='grc' dir='ltr'>γνωστικῶν</span> <span class='ocrx_word' id='word_1_608' title='bbox 3283 3790 3377 3842; x_wconf 87' lang='grc' dir='ltr'>καὶ</span> <span class='ocrx_word' id='word_1_609' title='bbox 3416 3792 3712 3858; x_wconf 68' lang='grc' dir='ltr'>πλουσίων,</span> <span class='ocrx_word' id='word_1_610' title='bbox 3740 3796 3842 3847; x_wconf 75' lang='grc' dir='ltr'>καὶ</span> 
     </span>
    </p>
   </div>
   <div class='ocr_carea' id='block_1_85' title="bbox 2238 3875 3843 3947">
    <p class='ocr_par' dir='ltr' id='par_1_85' title="bbox 2238 3875 3843 3947">
     <span class='ocr_line' id='line_1_85' title="bbox 2238 3875 3843 3947; baseline 0.009 -20"><span class='ocrx_word' id='word_1_611' title='bbox 2238 3878 2302 3945; x_wconf 79' lang='grc' dir='ltr'>τῇ</span> <span class='ocrx_word' id='word_1_612' title='bbox 2362 3879 2526 3945; x_wconf 68' lang='grc' dir='ltr'>σαρκὶ</span> <span class='ocrx_word' id='word_1_613' title='bbox 2556 3875 2955 3947; x_wconf 78' lang='grc' dir='ltr'>χαριζομένων.</span> <span class='ocrx_word' id='word_1_614' title='bbox 2995 3879 3217 3943; x_wconf 77' lang='grc' dir='ltr'>Πολλοῖς</span> <span class='ocrx_word' id='word_1_615' title='bbox 3264 3881 3320 3933; x_wconf 78' lang='grc' dir='ltr'>δὲ</span> <span class='ocrx_word' id='word_1_616' title='bbox 3358 3885 3453 3935; x_wconf 79' lang='grc' dir='ltr'>καὶ</span> <span class='ocrx_word' id='word_1_617' title='bbox 3494 3884 3685 3947; x_wconf 73' lang='grc' dir='ltr'>νόσους</span> <span class='ocrx_word' id='word_1_618' title='bbox 3718 3891 3843 3941; x_wconf 80' lang='grc' dir='ltr'>ἑπι-</span> 
     </span>
    </p>
   </div>
   <div class='ocr_carea' id='block_1_86' title="bbox 2240 3968 3842 4042">
    <p class='ocr_par' dir='ltr' id='par_1_86' title="bbox 2240 3968 3842 4042">
     <span class='ocr_line' id='line_1_86' title="bbox 2240 3968 3842 4042; baseline 0.007 -22"><span class='ocrx_word' id='word_1_619' title='bbox 2240 3968 2479 4038; x_wconf 86' lang='grc' dir='ltr'>πέμπων</span> <span class='ocrx_word' id='word_1_620' title='bbox 2512 3969 2607 4022; x_wconf 73' lang='grc' dir='ltr'>καὶ</span> <span class='ocrx_word' id='word_1_621' title='bbox 2642 3970 2960 4035; x_wconf 79' lang='grc' dir='ltr'>κινδύνους,</span> <span class='ocrx_word' id='word_1_622' title='bbox 3013 3975 3159 4025; x_wconf 83' lang='grc' dir='ltr'>ποιεῖ</span> <span class='ocrx_word' id='word_1_623' title='bbox 3199 3974 3398 4036; x_wconf 62' lang='lat' dir='ltr'><strong>alveo;</strong></span> <span class='ocrx_word' id='word_1_624' title='bbox 3451 3978 3548 4029; x_wconf 79' lang='grc' dir='ltr'><strong>καὶ</strong></span> <span class='ocrx_word' id='word_1_625' title='bbox 3602 3977 3842 4042; x_wconf 75' lang='grc' dir='ltr'>ἄκοντας</span> 
     </span>
    </p>
   </div>
   <div class='ocr_carea' id='block_1_87' title="bbox 2239 4058 3841 4141">
    <p class='ocr_par' dir='ltr' id='par_1_87' title="bbox 2239 4058 3841 4141">
     <span class='ocr_line' id='line_1_87' title="bbox 2239 4058 3841 4141; baseline 0.009 -28"><span class='ocrx_word' id='word_1_626' title='bbox 2239 4061 2621 4127; x_wconf 80' lang='grc' dir='ltr'>ἀποτάξασθαι</span> <span class='ocrx_word' id='word_1_627' title='bbox 2658 4062 2737 4132; x_wconf 83' lang='grc' dir='ltr'>τῷ</span> <span class='ocrx_word' id='word_1_628' title='bbox 2766 4064 2890 4133; x_wconf 74' lang='grc' dir='ltr'>βίῳ,</span> <span class='ocrx_word' id='word_1_629' title='bbox 2918 4058 2999 4127; x_wconf 79' lang='grc' dir='ltr'>οἷς</span> <span class='ocrx_word' id='word_1_630' title='bbox 3032 4066 3299 4137; x_wconf 86' lang='grc' dir='ltr'>κρίμασιν</span> <span class='ocrx_word' id='word_1_631' title='bbox 3334 4063 3471 4133; x_wconf 78' lang='grc' dir='ltr'>οἶδε,</span> <span class='ocrx_word' id='word_1_632' title='bbox 3507 4072 3604 4124; x_wconf 77' lang='grc' dir='ltr'><strong>καὶ</strong></span> <span class='ocrx_word' id='word_1_633' title='bbox 3629 4072 3841 4141; x_wconf 76' lang='grc' dir='ltr'>εἰσάγει</span> 
     </span>
    </p>
   </div>
   <div class='ocr_carea' id='block_1_88' title="bbox 2240 4151 3841 4229">
    <p class='ocr_par' dir='ltr' id='par_1_88' title="bbox 2240 4151 3841 4229">
     <span class='ocr_line' id='line_1_88' title="bbox 2240 4151 3841 4229; baseline 0.009 -26"><span class='ocrx_word' id='word_1_634' title='bbox 2240 4152 2439 4216; x_wconf 76' lang='grc' dir='ltr'>αὐτοὺς</span> <span class='ocrx_word' id='word_1_635' title='bbox 2469 4153 2550 4215; x_wconf 86' lang='grc' dir='ltr'><strong>είς</strong></span> <span class='ocrx_word' id='word_1_636' title='bbox 2578 4151 2671 4205; x_wconf 84' lang='grc' dir='ltr'>τὸν</span> <span class='ocrx_word' id='word_1_637' title='bbox 2698 4152 2923 4207; x_wconf 79' lang='grc' dir='ltr'>δεῖπνον</span> <span class='ocrx_word' id='word_1_638' title='bbox 2960 4155 3149 4223; x_wconf 81' lang='grc' dir='ltr'>αὑτοῦ,</span> <span class='ocrx_word' id='word_1_639' title='bbox 3184 4159 3440 4229; x_wconf 79' lang='grc' dir='ltr'>ἀνάγκην</span> <span class='ocrx_word' id='word_1_640' title='bbox 3472 4161 3663 4227; x_wconf 82' lang='grc' dir='ltr'>αὐτοῖς</span> <span class='ocrx_word' id='word_1_641' title='bbox 3697 4166 3841 4218; x_wconf 78' lang='grc' dir='ltr'>ἐπά-</span> 
     </span>
    </p>
   </div>
   <div class='ocr_carea' id='block_1_89' title="bbox 2239 4243 3841 4319">
    <p class='ocr_par' dir='ltr' id='par_1_89' title="bbox 2239 4243 3841 4319">
     <span class='ocr_line' id='line_1_89' title="bbox 2239 4243 3841 4319; baseline 0.01 -24"><span class='ocrx_word' id='word_1_642' title='bbox 2239 4260 2353 4311; x_wconf 88' lang='grc' dir='ltr'><strong>γων</strong></span> <span class='ocrx_word' id='word_1_643' title='bbox 2381 4243 2481 4314; x_wconf 83' lang='grc' dir='ltr'><strong>τὴν</strong></span> <span class='ocrx_word' id='word_1_644' title='bbox 2505 4244 2614 4297; x_wconf 91' lang='grc' dir='ltr'><strong>τῶν</strong></span> <span class='ocrx_word' id='word_1_645' title='bbox 2650 4246 2915 4299; x_wconf 83' lang='grc' dir='ltr'>κινδύνων</span> <span class='ocrx_word' id='word_1_646' title='bbox 2938 4248 3209 4319; x_wconf 80' lang='grc' dir='ltr'>ἐπιφοράν</span> <span class='ocrx_word' id='word_1_647' title='bbox 3235 4266 3249 4281; x_wconf 90' lang='grc'><strong>·</strong></span> <span class='ocrx_word' id='word_1_648' title='bbox 3283 4256 3377 4305; x_wconf 75' lang='grc' dir='ltr'>καὶ</span> <span class='ocrx_word' id='word_1_649' title='bbox 3411 4253 3608 4308; x_wconf 89' lang='grc' dir='ltr'>τούτου</span> <span class='ocrx_word' id='word_1_650' title='bbox 3634 4258 3707 4310; x_wconf 73' lang='grc' dir='ltr'>τὰ</span> <span class='ocrx_word' id='word_1_651' title='bbox 3738 4276 3841 4311; x_wconf 80' lang='grc' dir='ltr'>πα-</span> 
     </span>
    </p>
   </div>
   <div class='ocr_carea' id='block_1_90' title="bbox 2244 4332 3842 4411">
    <p class='ocr_par' dir='ltr' id='par_1_90' title="bbox 2244 4332 3842 4411">
     <span class='ocr_line' id='line_1_90' title="bbox 2244 4332 3842 4411; baseline 0.011 -28"><span class='ocrx_word' id='word_1_652' title='bbox 2244 4332 2586 4402; x_wconf 88' lang='grc' dir='ltr'>ραδείγματα</span> <span class='ocrx_word' id='word_1_653' title='bbox 2632 4333 2826 4387; x_wconf 88' lang='grc' dir='ltr'>πολλά.</span> <span class='ocrx_word' id='word_1_654' title='bbox 2882 4335 3139 4391; x_wconf 80' lang='grc' dir='ltr'>Διδάσκει</span> <span class='ocrx_word' id='word_1_655' title='bbox 3184 4339 3240 4392; x_wconf 85' lang='grc' dir='ltr'>δὲ</span> <span class='ocrx_word' id='word_1_656' title='bbox 3294 4343 3441 4411; x_wconf 79' lang='grc' dir='ltr'>ἡμᾶς</span> <span class='ocrx_word' id='word_1_657' title='bbox 3477 4345 3574 4397; x_wconf 81' lang='grc' dir='ltr'><strong>καὶ</strong></span> <span class='ocrx_word' id='word_1_658' title='bbox 3607 4348 3751 4400; x_wconf 84' lang='grc' dir='ltr'><strong>κατὰ</strong></span> <span class='ocrx_word' id='word_1_659' title='bbox 3781 4351 3842 4401; x_wconf 72' lang='grc' dir='ltr'>τὸ</span> 
     </span>
    </p>
   </div>
   <div class='ocr_carea' id='block_1_91' title="bbox 2243 4424 3841 4509">
    <p class='ocr_par' dir='ltr' id='par_1_91' title="bbox 2243 4424 3841 4509">
     <span class='ocr_line' id='line_1_91' title="bbox 2243 4424 3841 4509; baseline 0.009 -32"><span class='ocrx_word' id='word_1_660' title='bbox 2243 4424 2614 4494; x_wconf 83' lang='grc' dir='ltr'>ἁπλούστερον</span> <span class='ocrx_word' id='word_1_661' title='bbox 2651 4426 2684 4493; x_wconf 78' lang='grc' dir='ltr'><strong>ἡ</strong></span> <span class='ocrx_word' id='word_1_662' title='bbox 2724 4426 3009 4497; x_wconf 76' lang='grc' dir='ltr'>παραϐολὴ</span> <span class='ocrx_word' id='word_1_663' title='bbox 3034 4431 3151 4493; x_wconf 87' lang='grc' dir='ltr'>τοῖς</span> <span class='ocrx_word' id='word_1_664' title='bbox 3178 4433 3377 4503; x_wconf 81' lang='grc' dir='ltr'>πένησι</span> <span class='ocrx_word' id='word_1_665' title='bbox 3412 4436 3507 4487; x_wconf 72' lang='grc' dir='ltr'><strong>καὶ</strong></span> <span class='ocrx_word' id='word_1_666' title='bbox 3528 4439 3841 4509; x_wconf 81' lang='grc' dir='ltr'>ἁναπήροις</span> 
     </span>
    </p>
   </div>
   <div class='ocr_carea' id='block_1_92' title="bbox 2245 4514 3843 4600">
    <p class='ocr_par' dir='ltr' id='par_1_92' title="bbox 2245 4514 3843 4600">
     <span class='ocr_line' id='line_1_92' title="bbox 2245 4514 3843 4600; baseline 0.008 -31"><span class='ocrx_word' id='word_1_667' title='bbox 2245 4514 2571 4586; x_wconf 78' lang='grc' dir='ltr'>χαρίζεσθαι</span> <span class='ocrx_word' id='word_1_668' title='bbox 2614 4516 2813 4586; x_wconf 81' lang='grc' dir='ltr'>μᾶλλον</span> <span class='ocrx_word' id='word_1_669' title='bbox 2856 4519 2888 4589; x_wconf 77' lang='grc' dir='ltr'>ἢ</span> <span class='ocrx_word' id='word_1_670' title='bbox 2919 4521 3030 4583; x_wconf 85' lang='grc' dir='ltr'>τοῖς</span> <span class='ocrx_word' id='word_1_671' title='bbox 3057 4521 3367 4589; x_wconf 85' lang='grc' dir='ltr'>πλουσίοις,</span> <span class='ocrx_word' id='word_1_672' title='bbox 3404 4524 3432 4578; x_wconf 80' lang='grc' dir='ltr'><strong>ὃ</strong></span> <span class='ocrx_word' id='word_1_673' title='bbox 3466 4529 3561 4580; x_wconf 71' lang='grc' dir='ltr'>καὶ</span> <span class='ocrx_word' id='word_1_674' title='bbox 3590 4530 3702 4600; x_wconf 68' lang='grc' dir='ltr'><strong>πρὸ</strong></span> <span class='ocrx_word' id='word_1_675' title='bbox 3739 4531 3843 4583; x_wconf 76' lang='grc' dir='ltr'>ολί-</span> 
     </span>
    </p>
   </div>
   <div class='ocr_carea' id='block_1_93' title="bbox 2160 4601 3841 4692">
    <p class='ocr_par' dir='ltr' id='par_1_93' title="bbox 2160 4601 3841 4692">
     <span class='ocr_line' id='line_1_93' title="bbox 2160 4601 3841 4692; baseline 0.011 -37"><span class='ocrx_word' id='word_1_676' title='bbox 2160 4601 2203 4655; x_wconf 89' lang='lat' dir='ltr'><strong>D</strong></span> <span class='ocrx_word' id='word_1_677' title='bbox 2238 4626 2338 4677; x_wconf 86' lang='grc' dir='ltr'><strong>γου</strong></span> <span class='ocrx_word' id='word_1_678' title='bbox 2386 4609 2697 4681; x_wconf 71' lang='grc' dir='ltr'>παραινῶν,</span> <span class='ocrx_word' id='word_1_679' title='bbox 2733 4610 2820 4663; x_wconf 78' lang='grc' dir='ltr'><strong>διὰ</strong></span> <span class='ocrx_word' id='word_1_680' title='bbox 2850 4611 3011 4665; x_wconf 81' lang='grc' dir='ltr'>τοῦτο</span> <span class='ocrx_word' id='word_1_681' title='bbox 3042 4615 3171 4667; x_wconf 73' lang='grc' dir='ltr'>αὐτὸ</span> <span class='ocrx_word' id='word_1_682' title='bbox 3202 4614 3348 4669; x_wconf 87' lang='grc' dir='ltr'>δοκεῖ</span> <span class='ocrx_word' id='word_1_683' title='bbox 3390 4619 3489 4689; x_wconf 80' lang='grc' dir='ltr'><strong>τὴν</strong></span> <span class='ocrx_word' id='word_1_684' title='bbox 3524 4621 3841 4692; x_wconf 76' lang='grc' dir='ltr'>παραϐολὴν</span> 
     </span>
    </p>
   </div>
   <div class='ocr_carea' id='block_1_94' title="bbox 550 4687 3842 4782">
    <p class='ocr_par' dir='ltr' id='par_1_94' title="bbox 550 4687 3842 4782">
     <span class='ocr_line' id='line_1_94' title="bbox 550 4687 3842 4782; baseline 0.007 -37"><span class='ocrx_word' id='word_1_685' title='bbox 550 4694 744 4752; x_wconf 84' lang='grc' dir='ltr'>εἰπεῖν,</span> <span class='ocrx_word' id='word_1_686' title='bbox 789 4689 1151 4759; x_wconf 85' lang='grc' dir='ltr'>πιστούμενος</span> <span class='ocrx_word' id='word_1_687' title='bbox 1179 4688 1269 4745; x_wconf 79' lang='grc' dir='ltr'>διὰ</span> <span class='ocrx_word' id='word_1_688' title='bbox 1317 4687 1542 4758; x_wconf 82' lang='grc' dir='ltr'>ταύτης,</span> <span class='ocrx_word' id='word_1_689' title='bbox 1578 4689 1659 4742; x_wconf 76' lang='grc' dir='ltr'>ὅτι</span> <span class='ocrx_word' id='word_1_690' title='bbox 1715 4693 1842 4754; x_wconf 70' lang='grc' dir='ltr'>τοὺς</span> <span class='ocrx_word' id='word_1_691' title='bbox 1876 4699 2127 4766; x_wconf 74' lang='grc' dir='ltr'>πτωχοὺς</span> <span class='ocrx_word' id='word_1_692' title='bbox 2165 4703 2247 4755; x_wconf 91' lang='grc' dir='ltr'><strong>δεῖ</strong></span> <span class='ocrx_word' id='word_1_693' title='bbox 2310 4703 2518 4773; x_wconf 80' lang='grc' dir='ltr'>ἐστιᾷν.</span> <span class='ocrx_word' id='word_1_694' title='bbox 2590 4704 2701 4755; x_wconf 78' lang='grc' dir='ltr'><strong>Καὶ</strong></span> <span class='ocrx_word' id='word_1_695' title='bbox 2737 4702 2867 4756; x_wconf 71' lang='grc' dir='ltr'>ἄλλο</span> <span class='ocrx_word' id='word_1_696' title='bbox 2899 4704 2951 4757; x_wconf 79' lang='grc' dir='ltr'>δὲ</span> <span class='ocrx_word' id='word_1_697' title='bbox 2983 4706 3355 4775; x_wconf 87' lang='grc' dir='ltr'>μανθάνομεν,</span> <span class='ocrx_word' id='word_1_698' title='bbox 3383 4687 3453 4763; x_wconf 76' lang='grc' dir='ltr'><strong>τδ</strong></span> <span class='ocrx_word' id='word_1_699' title='bbox 3478 4687 3723 4782; x_wconf 80' lang='grc' dir='ltr'>ὀφείλειν</span> <span class='ocrx_word' id='word_1_700' title='bbox 3748 4687 3842 4770; x_wconf 64' lang='grc' dir='ltr'>ού.</span> 
     </span>
    </p>
   </div>
   <div class='ocr_carea' id='block_1_95' title="bbox 550 4782 3843 4884">
    <p class='ocr_par' dir='ltr' id='par_1_95' title="bbox 550 4782 3843 4884">
     <span class='ocr_line' id='line_1_95' title="bbox 550 4782 3843 4884; baseline 0.006 -43"><span class='ocrx_word' id='word_1_701' title='bbox 550 4804 655 4884; x_wconf 81' lang='grc' dir='ltr'><strong>τως</strong></span> <span class='ocrx_word' id='word_1_702' title='bbox 685 4782 822 4884; x_wconf 75' lang='grc' dir='ltr'>εἶναι</span> <span class='ocrx_word' id='word_1_703' title='bbox 856 4783 1025 4884; x_wconf 58' lang='lat' dir='ltr'><strong>apollo</strong></span> <span class='ocrx_word' id='word_1_704' title='bbox 1036 4782 1551 4884; x_wconf 49' lang='lat' dir='ltr'><strong>pOt,-xal..(pt).6.ttl10t</strong></span> <span class='ocrx_word' id='word_1_705' title='bbox 1573 4787 1827 4884; x_wconf 39' lang='grc' dir='ltr'>,περΣι-τὴν</span> <span class='ocrx_word' id='word_1_706' title='bbox 1840 4790 2125 4884; x_wconf 57' lang='grc' dir='ltr'>ύποδοχὴν</span> <span class='ocrx_word' id='word_1_707' title='bbox 2165 4797 2275 4851; x_wconf 89' lang='grc' dir='ltr'><strong>τῶν</strong></span> <span class='ocrx_word' id='word_1_708' title='bbox 2338 4796 2606 4865; x_wconf 81' lang='grc' dir='ltr'>ἀδελφῶν,</span> <span class='ocrx_word' id='word_1_709' title='bbox 2634 4796 2776 4850; x_wconf 87' lang='grc' dir='ltr'>ὥστε</span> <span class='ocrx_word' id='word_1_710' title='bbox 2806 4800 2900 4851; x_wconf 75' lang='grc' dir='ltr'>καὶ</span> <span class='ocrx_word' id='word_1_711' title='bbox 2935 4800 3011 4870; x_wconf 82' lang='grc' dir='ltr'>μὴ</span> <span class='ocrx_word' id='word_1_712' title='bbox 3036 4801 3287 4866; x_wconf 78' lang='grc' dir='ltr'>θέλοντας</span> <span class='ocrx_word' id='word_1_713' title='bbox 3309 4806 3647 4875; x_wconf 76' lang='grc' dir='ltr'>ἀναγκάζειν</span> <span class='ocrx_word' id='word_1_714' title='bbox 3676 4806 3689 4815; x_wconf 78' lang='grc'><strong>”</strong></span> <span class='ocrx_word' id='word_1_715' title='bbox 3707 4815 3843 4883; x_wconf 62' lang='grc' dir='ltr'>πρὶς</span> 
     </span>
    </p>
   </div>
   <div class='ocr_carea' id='block_1_96' title="bbox 551 4874 3841 4968">
    <p class='ocr_par' dir='ltr' id='par_1_96' title="bbox 551 4874 3841 4968">
     <span class='ocr_line' id='line_1_96' title="bbox 551 4874 3841 4968; baseline 0.009 -40"><span class='ocrx_word' id='word_1_716' title='bbox 551 4879 611 4928; x_wconf 81' lang='grc' dir='ltr'><strong>τὸ</strong></span> <span class='ocrx_word' id='word_1_717' title='bbox 639 4874 1211 4968; x_wconf 39' lang='grc' dir='ltr'>μεταλαμβάνειν-τῶν</span> <span class='ocrx_word' id='word_1_718' title='bbox 1250 4874 1532 4968; x_wconf 78' lang='grc' dir='ltr'>ἡμετέρων</span> <span class='ocrx_word' id='word_1_719' title='bbox 1564 4874 1803 4942; x_wconf 84' lang='grc' dir='ltr'>ἀγαθῶν.</span> <span class='ocrx_word' id='word_1_720' title='bbox 1838 4880 2008 4935; x_wconf 85' lang='grc' dir='ltr'>Τοῦτο</span> <span class='ocrx_word' id='word_1_721' title='bbox 2032 4886 2126 4938; x_wconf 82' lang='grc' dir='ltr'>καὶ</span> <span class='ocrx_word' id='word_1_722' title='bbox 2164 4890 2277 4952; x_wconf 88' lang='grc' dir='ltr'>τοῖς</span> <span class='ocrx_word' id='word_1_723' title='bbox 2340 4888 2661 4941; x_wconf 81' lang='grc' dir='ltr'>διδάσκουσι</span> <span class='ocrx_word' id='word_1_724' title='bbox 2692 4889 2906 4959; x_wconf 77' lang='grc' dir='ltr'>μεγάλη</span> <span class='ocrx_word' id='word_1_725' title='bbox 2939 4892 3216 4960; x_wconf 89' lang='grc' dir='ltr'>νουθεσία,</span> <span class='ocrx_word' id='word_1_726' title='bbox 3274 4874 3437 4950; x_wconf 76' lang='grc' dir='ltr'>ὥστε</span> <span class='ocrx_word' id='word_1_727' title='bbox 3487 4901 3580 4953; x_wconf 52' lang='grc' dir='ltr'><strong>καὶ</strong></span> <span class='ocrx_word' id='word_1_728' title='bbox 3609 4874 3841 4968; x_wconf 72' lang='grc' dir='ltr'>ἄκοντας</span> 
     </span>
    </p>
   </div>
   <div class='ocr_carea' id='block_1_97' title="bbox 551 4964 1506 5037">
    <p class='ocr_par' dir='ltr' id='par_1_97' title="bbox 551 4964 1506 5037">
     <span class='ocr_line' id='line_1_97' title="bbox 551 4964 1506 5037; baseline 0 -16"><span class='ocrx_word' id='word_1_729' title='bbox 551 4969 677 5031; x_wconf 76' lang='grc' dir='ltr'>τοὺς</span> <span class='ocrx_word' id='word_1_730' title='bbox 702 4966 951 5037; x_wconf 77' lang='grc' dir='ltr'>μαθητὰς</span> <span class='ocrx_word' id='word_1_731' title='bbox 984 4964 1259 5017; x_wconf 86' lang='grc' dir='ltr'>παιδεύειν</span> <span class='ocrx_word' id='word_1_732' title='bbox 1284 4966 1342 5019; x_wconf 83' lang='grc' dir='ltr'>τὸ</span> <span class='ocrx_word' id='word_1_733' title='bbox 1364 4966 1506 5022; x_wconf 88' lang='grc' dir='ltr'>δέον.</span> 
     </span>
    </p>
   </div>
   <div class='ocr_carea' id='block_1_98' title="bbox 626 5052 2137 5136">
    <p class='ocr_par' dir='ltr' id='par_1_98' title="bbox 626 5052 2137 5136">
     <span class='ocr_line' id='line_1_98' title="bbox 626 5052 2137 5136; baseline 0.005 -24"><span class='ocrx_word' id='word_1_734' title='bbox 626 5062 789 5114; x_wconf 66' lang='lat' dir='ltr'><strong>\‘sss.</strong></span> <span class='ocrx_word' id='word_1_735' title='bbox 826 5058 1017 5112; x_wconf 48' lang='lat'><strong>25.27.</strong></span> <span class='ocrx_word' id='word_1_736' title='bbox 1054 5076 1071 5108; x_wconf 85' lang='grc' dir='ltr'><strong>ι</strong></span> <span class='ocrx_word' id='word_1_737' title='bbox 1103 5052 1257 5113; x_wconf 73' lang='lat' dir='ltr'><strong>lbainl</strong></span> <span class='ocrx_word' id='word_1_738' title='bbox 1288 5068 1465 5114; x_wconf 88' lang='lat' dir='ltr'><strong>autem</strong></span> <span class='ocrx_word' id='word_1_739' title='bbox 1502 5063 1672 5116; x_wconf 59' lang='lat' dir='ltr'><strong>turbat</strong></span> <span class='ocrx_word' id='word_1_740' title='bbox 1704 5064 1884 5120; x_wconf 72' lang='lat' dir='ltr'><strong>multa:</strong></span> <span class='ocrx_word' id='word_1_741' title='bbox 1906 5083 2024 5119; x_wconf 83' lang='lat' dir='ltr'><strong>cum</strong></span> <span class='ocrx_word' id='word_1_742' title='bbox 2052 5086 2137 5136; x_wconf 81' lang='lat' dir='ltr'><strong>co,</strong></span> 
     </span>
    </p>
   </div>
   <div class='ocr_carea' id='block_1_99' title="bbox 555 5151 2137 5229">
    <p class='ocr_par' dir='ltr' id='par_1_99' title="bbox 555 5151 2137 5229">
     <span class='ocr_line' id='line_1_99' title="bbox 555 5151 2137 5229; baseline 0.005 -20"><span class='ocrx_word' id='word_1_743' title='bbox 555 5165 607 5209; x_wconf 85' lang='lat' dir='ltr'><strong>et</strong></span> <span class='ocrx_word' id='word_1_744' title='bbox 642 5168 933 5208; x_wconf 79' lang='lat' dir='ltr'><strong>cenvcrsus</strong></span> <span class='ocrx_word' id='word_1_745' title='bbox 978 5151 1115 5205; x_wconf 83' lang='lat' dir='ltr'><strong>dixit</strong></span> <span class='ocrx_word' id='word_1_746' title='bbox 1158 5153 1225 5205; x_wconf 90' lang='lat' dir='ltr'><strong>ad</strong></span> <span class='ocrx_word' id='word_1_747' title='bbox 1273 5152 1435 5208; x_wconf 79' lang='lat' dir='ltr'><strong>illos:</strong></span> <span class='ocrx_word' id='word_1_748' title='bbox 1468 5156 1523 5209; x_wconf 92' lang='lat' dir='ltr'><strong>Si</strong></span> <span class='ocrx_word' id='word_1_749' title='bbox 1573 5158 1695 5223; x_wconf 90' lang='lat' dir='ltr'><strong>quis</strong></span> <span class='ocrx_word' id='word_1_750' title='bbox 1734 5160 1881 5213; x_wconf 88' lang='lat' dir='ltr'><strong>venit</strong></span> <span class='ocrx_word' id='word_1_751' title='bbox 1924 5162 1988 5214; x_wconf 79' lang='lat' dir='ltr'><strong>ad</strong></span> <span class='ocrx_word' id='word_1_752' title='bbox 2033 5180 2137 5229; x_wconf 89' lang='lat' dir='ltr'><strong>me,</strong></span> 
     </span>
    </p>
   </div>
   <div class='ocr_carea' id='block_1_100' title="bbox 555 5242 2138 5310">
    <p class='ocr_par' dir='ltr' id='par_1_100' title="bbox 555 5242 2138 5310">
     <span class='ocr_line' id='line_1_100' title="bbox 555 5242 2138 5310; baseline 0.007 -13"><span class='ocrx_word' id='word_1_753' title='bbox 555 5258 653 5297; x_wconf 86' lang='lat' dir='ltr'><strong>nec</strong></span> <span class='ocrx_word' id='word_1_754' title='bbox 696 5242 813 5295; x_wconf 89' lang='lat' dir='ltr'><strong>odit</strong></span> <span class='ocrx_word' id='word_1_755' title='bbox 850 5249 1055 5310; x_wconf 81' lang='lat' dir='ltr'><strong>patrem</strong></span> <span class='ocrx_word' id='word_1_756' title='bbox 1099 5256 1254 5295; x_wconf 84' lang='lat' dir='ltr'><strong>suum</strong></span> <span class='ocrx_word' id='word_1_757' title='bbox 1295 5254 1360 5297; x_wconf 86' lang='lat' dir='ltr'><strong>ac</strong></span> <span class='ocrx_word' id='word_1_758' title='bbox 1396 5255 1659 5310; x_wconf 84' lang='lat' dir='ltr'><strong>matrem,</strong></span> <span class='ocrx_word' id='word_1_759' title='bbox 1708 5257 1761 5301; x_wconf 93' lang='lat' dir='ltr'><strong>et</strong></span> <span class='ocrx_word' id='word_1_760' title='bbox 1810 5266 2031 5305; x_wconf 64' lang='lat' dir='ltr'><strong>uxorem</strong></span> <span class='ocrx_word' id='word_1_761' title='bbox 2074 5269 2138 5309; x_wconf 86' lang='lat' dir='ltr'><strong>ac</strong></span> 
     </span>
    </p>
   </div>
   <div class='ocr_carea' id='block_1_101' title="bbox 556 5334 2138 5405">
    <p class='ocr_par' dir='ltr' id='par_1_101' title="bbox 556 5334 2138 5405">
     <span class='ocr_line' id='line_1_101' title="bbox 556 5334 2138 5405; baseline 0.007 -17"><span class='ocrx_word' id='word_1_762' title='bbox 556 5336 715 5397; x_wconf 88' lang='lat' dir='ltr'><strong>lilios,</strong></span> <span class='ocrx_word' id='word_1_763' title='bbox 752 5343 805 5387; x_wconf 92' lang='lat' dir='ltr'><strong>et</strong></span> <span class='ocrx_word' id='word_1_764' title='bbox 836 5334 1031 5387; x_wconf 83' lang='lat' dir='ltr'><strong>fratres</strong></span> <span class='ocrx_word' id='word_1_765' title='bbox 1060 5342 1113 5387; x_wconf 91' lang='lat' dir='ltr'><strong>et</strong></span> <span class='ocrx_word' id='word_1_766' title='bbox 1143 5348 1392 5400; x_wconf 86' lang='lat' dir='ltr'><strong>sorores,</strong></span> <span class='ocrx_word' id='word_1_767' title='bbox 1424 5347 1684 5405; x_wconf 57' lang='lat' dir='ltr'><strong>praeterea</strong></span> <span class='ocrx_word' id='word_1_768' title='bbox 1727 5353 1904 5398; x_wconf 84' lang='lat' dir='ltr'><strong>autem</strong></span> <span class='ocrx_word' id='word_1_769' title='bbox 1938 5354 1992 5397; x_wconf 89' lang='lat' dir='ltr'><strong>et</strong></span> <span class='ocrx_word' id='word_1_770' title='bbox 2019 5347 2138 5399; x_wconf 85' lang='lat' dir='ltr'><strong>ani-</strong></span> 
     </span>
    </p>
   </div>
   <div class='ocr_carea' id='block_1_102' title="bbox 558 5436 2139 5505">
    <p class='ocr_par' dir='ltr' id='par_1_102' title="bbox 558 5436 2139 5505">
     <span class='ocr_line' id='line_1_102' title="bbox 558 5436 2139 5505; baseline 0.01 -27"><span class='ocrx_word' id='word_1_771' title='bbox 558 5442 697 5480; x_wconf 90' lang='lat' dir='ltr'><strong>mam</strong></span> <span class='ocrx_word' id='word_1_772' title='bbox 743 5440 929 5490; x_wconf 87' lang='lat' dir='ltr'><strong>suam,</strong></span> <span class='ocrx_word' id='word_1_773' title='bbox 975 5440 1079 5479; x_wconf 92' lang='lat' dir='ltr'><strong>non</strong></span> <span class='ocrx_word' id='word_1_774' title='bbox 1130 5436 1306 5493; x_wconf 84' lang='lat' dir='ltr'><strong>potest</strong></span> <span class='ocrx_word' id='word_1_775' title='bbox 1347 5443 1500 5483; x_wconf 90' lang='lat' dir='ltr'><strong>meus</strong></span> <span class='ocrx_word' id='word_1_776' title='bbox 1543 5446 1667 5487; x_wconf 87' lang='lat' dir='ltr'><strong>esse</strong></span> <span class='ocrx_word' id='word_1_777' title='bbox 1705 5436 2041 5505; x_wconf 76' lang='lat' dir='ltr'><strong>discipulus:</strong></span> <span class='ocrx_word' id='word_1_778' title='bbox 2085 5450 2139 5494; x_wconf 86' lang='lat' dir='ltr'><strong>et</strong></span> 
     </span>
    </p>
   </div>
   <div class='ocr_carea' id='block_1_103' title="bbox 555 5516 2133 5597">
    <p class='ocr_par' dir='ltr' id='par_1_103' title="bbox 555 5516 2133 5597">
     <span class='ocr_line' id='line_1_103' title="bbox 555 5516 2133 5597; baseline 0.008 -26"><span class='ocrx_word' id='word_1_779' title='bbox 555 5517 799 5589; x_wconf 78' lang='lat' dir='ltr'><strong>quisquis</strong></span> <span class='ocrx_word' id='word_1_780' title='bbox 834 5531 937 5570; x_wconf 92' lang='lat' dir='ltr'><strong>non</strong></span> <span class='ocrx_word' id='word_1_781' title='bbox 963 5516 1167 5584; x_wconf 87' lang='lat' dir='ltr'><strong>bajulat</strong></span> <span class='ocrx_word' id='word_1_782' title='bbox 1194 5533 1409 5573; x_wconf 91' lang='lat' dir='ltr'><strong>crucem</strong></span> <span class='ocrx_word' id='word_1_783' title='bbox 1439 5535 1593 5575; x_wconf 82' lang='lat' dir='ltr'><strong>suam</strong></span> <span class='ocrx_word' id='word_1_784' title='bbox 1620 5534 1673 5579; x_wconf 91' lang='lat' dir='ltr'><strong>et</strong></span> <span class='ocrx_word' id='word_1_785' title='bbox 1702 5528 1850 5580; x_wconf 87' lang='lat' dir='ltr'><strong>venit</strong></span> <span class='ocrx_word' id='word_1_786' title='bbox 1876 5539 1999 5597; x_wconf 90' lang='lat' dir='ltr'><strong>post</strong></span> <span class='ocrx_word' id='word_1_787' title='bbox 2028 5545 2133 5594; x_wconf 91' lang='lat' dir='ltr'><strong>me,</strong></span> 
     </span>
    </p>
   </div>
   <div class='ocr_carea' id='block_1_104' title="bbox 2327 5068 3839 5157">
    <p class='ocr_par' dir='ltr' id='par_1_104' title="bbox 2327 5068 3839 5157">
     <span class='ocr_line' id='line_1_104' title="bbox 2327 5068 3839 5157; baseline 0.011 -35"><span class='ocrx_word' id='word_1_788' title='bbox 2327 5090 2345 5122; x_wconf 83' lang='grc' dir='ltr'><strong>ι</strong></span> <span class='ocrx_word' id='word_1_789' title='bbox 2387 5071 2833 5144; x_wconf 78' lang='grc' dir='ltr'>Συνεπορεύοντο</span> <span class='ocrx_word' id='word_1_790' title='bbox 2854 5073 2911 5127; x_wconf 82' lang='grc' dir='ltr'>δὲ</span> <span class='ocrx_word' id='word_1_791' title='bbox 2949 5068 3101 5146; x_wconf 78' lang='grc' dir='ltr'>αὐτῷ</span> <span class='ocrx_word' id='word_1_792' title='bbox 3131 5075 3276 5147; x_wconf 81' lang='grc' dir='ltr'>ὄχλοι</span> <span class='ocrx_word' id='word_1_793' title='bbox 3302 5077 3509 5146; x_wconf 70' lang='grc' dir='ltr'>πολλοὶ,</span> <span class='ocrx_word' id='word_1_794' title='bbox 3548 5084 3643 5135; x_wconf 71' lang='grc' dir='ltr'><strong>καὶ</strong></span> <span class='ocrx_word' id='word_1_795' title='bbox 3674 5101 3839 5157; x_wconf 78' lang='grc' dir='ltr'>στραο</span> 
     </span>
    </p>
   </div>
   <div class='ocr_carea' id='block_1_105' title="bbox 2246 5160 3839 5245">
    <p class='ocr_par' dir='ltr' id='par_1_105' title="bbox 2246 5160 3839 5245">
     <span class='ocr_line' id='line_1_105' title="bbox 2246 5160 3839 5245; baseline 0.008 -28"><span class='ocrx_word' id='word_1_796' title='bbox 2246 5164 2367 5233; x_wconf 69' lang='lat' dir='ltr'><strong>(pel;</strong></span> <span class='ocrx_word' id='word_1_797' title='bbox 2393 5160 2514 5219; x_wconf 85' lang='grc' dir='ltr'>εἷπε</span> <span class='ocrx_word' id='word_1_798' title='bbox 2549 5165 2684 5237; x_wconf 83' lang='grc' dir='ltr'>πρὸς</span> <span class='ocrx_word' id='word_1_799' title='bbox 2715 5166 2914 5230; x_wconf 77' lang='grc' dir='ltr'>αὐτούς</span> <span class='ocrx_word' id='word_1_800' title='bbox 2942 5182 2958 5197; x_wconf 74' lang='grc' dir='ltr'><strong>ο</strong></span> <span class='ocrx_word' id='word_1_801' title='bbox 2993 5168 3060 5221; x_wconf 72' lang='lat' dir='ltr'><strong>El</strong></span> <span class='ocrx_word' id='word_1_802' title='bbox 3080 5186 3165 5232; x_wconf 88' lang='grc' dir='ltr'><strong>τις</strong></span> <span class='ocrx_word' id='word_1_803' title='bbox 3191 5171 3411 5241; x_wconf 79' lang='grc' dir='ltr'>ἔρχεται</span> <span class='ocrx_word' id='word_1_804' title='bbox 3456 5174 3594 5241; x_wconf 68' lang='grc' dir='ltr'>πρὸς</span> <span class='ocrx_word' id='word_1_805' title='bbox 3625 5192 3715 5245; x_wconf 85' lang='grc' dir='ltr'><strong>με,</strong></span> <span class='ocrx_word' id='word_1_806' title='bbox 3748 5178 3839 5229; x_wconf 76' lang='grc' dir='ltr'>καὶ</span> 
     </span>
    </p>
   </div>
   <div class='ocr_carea' id='block_1_106' title="bbox 2244 5255 3836 5338">
    <p class='ocr_par' dir='ltr' id='par_1_106' title="bbox 2244 5255 3836 5338">
     <span class='ocr_line' id='line_1_106' title="bbox 2244 5255 3836 5338; baseline 0.008 -30"><span class='ocrx_word' id='word_1_807' title='bbox 2244 5255 2306 5309; x_wconf 82' lang='grc' dir='ltr'>οὺ</span> <span class='ocrx_word' id='word_1_808' title='bbox 2334 5259 2485 5325; x_wconf 87' lang='grc' dir='ltr'>μισεῖ</span> <span class='ocrx_word' id='word_1_809' title='bbox 2499 5257 2591 5311; x_wconf 79' lang='grc' dir='ltr'><strong>τὸν</strong></span> <span class='ocrx_word' id='word_1_810' title='bbox 2626 5258 2839 5331; x_wconf 84' lang='grc' dir='ltr'>πατέρα</span> <span class='ocrx_word' id='word_1_811' title='bbox 2868 5259 3060 5325; x_wconf 70' lang='grc' dir='ltr'>αὐτοῦ,</span> <span class='ocrx_word' id='word_1_812' title='bbox 3101 5262 3200 5315; x_wconf 73' lang='grc' dir='ltr'><strong>καὶ</strong></span> <span class='ocrx_word' id='word_1_813' title='bbox 3232 5261 3332 5334; x_wconf 77' lang='grc' dir='ltr'>τὴν</span> <span class='ocrx_word' id='word_1_814' title='bbox 3367 5266 3585 5335; x_wconf 86' lang='grc' dir='ltr'>μητέρα</span> <span class='ocrx_word' id='word_1_815' title='bbox 3617 5271 3711 5323; x_wconf 74' lang='grc' dir='ltr'>καὶ</span> <span class='ocrx_word' id='word_1_816' title='bbox 3742 5272 3836 5338; x_wconf 84' lang='grc' dir='ltr'>τὴν</span> 
     </span>
    </p>
   </div>
   <div class='ocr_carea' id='block_1_107' title="bbox 2244 5352 3837 5425">
    <p class='ocr_par' dir='ltr' id='par_1_107' title="bbox 2244 5352 3837 5425">
     <span class='ocr_line' id='line_1_107' title="bbox 2244 5352 3837 5425; baseline 0.008 -23"><span class='ocrx_word' id='word_1_817' title='bbox 2244 5352 2498 5418; x_wconf 79' lang='grc' dir='ltr'>γυναῖκα,</span> <span class='ocrx_word' id='word_1_818' title='bbox 2534 5352 2724 5405; x_wconf 76' lang='grc' dir='ltr'>καὶτὰ</span> <span class='ocrx_word' id='word_1_819' title='bbox 2769 5353 2961 5419; x_wconf 85' lang='grc' dir='ltr'>τέκνα,</span> <span class='ocrx_word' id='word_1_820' title='bbox 2986 5354 3081 5406; x_wconf 72' lang='grc' dir='ltr'>καὶ</span> <span class='ocrx_word' id='word_1_821' title='bbox 3112 5356 3241 5419; x_wconf 81' lang='grc' dir='ltr'>τοὺς</span> <span class='ocrx_word' id='word_1_822' title='bbox 3268 5356 3551 5424; x_wconf 64' lang='grc' dir='ltr'>ἀδελφοὺς,</span> <span class='ocrx_word' id='word_1_823' title='bbox 3598 5362 3692 5413; x_wconf 82' lang='grc' dir='ltr'>καὶ</span> <span class='ocrx_word' id='word_1_824' title='bbox 3745 5364 3837 5425; x_wconf 68' lang='grc' dir='ltr'>τὰς</span> 
     </span>
    </p>
   </div>
   <div class='ocr_carea' id='block_1_108' title="bbox 2241 5440 3830 5520">
    <p class='ocr_par' dir='ltr' id='par_1_108' title="bbox 2241 5440 3830 5520">
     <span class='ocr_line' id='line_1_108' title="bbox 2241 5440 3830 5520; baseline 0.009 -27"><span class='ocrx_word' id='word_1_825' title='bbox 2241 5440 2498 5512; x_wconf 77' lang='grc' dir='ltr'>ἀδελφὰς,</span> <span class='ocrx_word' id='word_1_826' title='bbox 2546 5443 2627 5497; x_wconf 69' lang='grc' dir='ltr'>ἔτι</span> <span class='ocrx_word' id='word_1_827' title='bbox 2669 5444 2727 5497; x_wconf 84' lang='grc' dir='ltr'>δὲ</span> <span class='ocrx_word' id='word_1_828' title='bbox 2760 5446 2856 5500; x_wconf 78' lang='grc' dir='ltr'>καὶ</span> <span class='ocrx_word' id='word_1_829' title='bbox 2884 5446 2989 5517; x_wconf 82' lang='grc' dir='ltr'><strong>τὴν</strong></span> <span class='ocrx_word' id='word_1_830' title='bbox 3020 5447 3216 5501; x_wconf 78' lang='grc' dir='ltr'>ἑαυτοῦ</span> <span class='ocrx_word' id='word_1_831' title='bbox 3254 5449 3455 5520; x_wconf 76' lang='grc' dir='ltr'>ψυχὴν,</span> <span class='ocrx_word' id='word_1_832' title='bbox 3488 5454 3548 5504; x_wconf 76' lang='grc' dir='ltr'><strong>οὑ</strong></span> <span class='ocrx_word' id='word_1_833' title='bbox 3607 5452 3830 5508; x_wconf 80' lang='grc' dir='ltr'>δύναταί</span> 
     </span>
    </p>
   </div>
   <div class='ocr_carea' id='block_1_109' title="bbox 2244 5531 3835 5610">
    <p class='ocr_par' dir='ltr' id='par_1_109' title="bbox 2244 5531 3835 5610">
     <span class='ocr_line' id='line_1_109' title="bbox 2244 5531 3835 5610; baseline 0.007 -24"><span class='ocrx_word' id='word_1_834' title='bbox 2244 5550 2346 5603; x_wconf 88' lang='grc' dir='ltr'><strong>μου</strong></span> <span class='ocrx_word' id='word_1_835' title='bbox 2378 5531 2517 5589; x_wconf 78' lang='grc' dir='ltr'>εἶναι</span> <span class='ocrx_word' id='word_1_836' title='bbox 2547 5536 2823 5608; x_wconf 56' lang='grc' dir='ltr'>μαθητής</span> <span class='ocrx_word' id='word_1_837' title='bbox 2857 5538 2951 5592; x_wconf 78' lang='grc' dir='ltr'><strong>καὶ</strong></span> <span class='ocrx_word' id='word_1_838' title='bbox 2977 5540 3126 5603; x_wconf 84' lang='grc' dir='ltr'>ὅστις</span> <span class='ocrx_word' id='word_1_839' title='bbox 3160 5541 3221 5593; x_wconf 84' lang='grc' dir='ltr'>οὐ</span> <span class='ocrx_word' id='word_1_840' title='bbox 3254 5540 3517 5610; x_wconf 73' lang='grc' dir='ltr'>βαστάζει</span> <span class='ocrx_word' id='word_1_841' title='bbox 3547 5544 3639 5597; x_wconf 77' lang='grc' dir='ltr'><strong>τὸν</strong></span> <span class='ocrx_word' id='word_1_842' title='bbox 3678 5563 3835 5600; x_wconf 74' lang='grc' dir='ltr'>σταυο</span> 
     </span>
    </p>
   </div>
   <div class='ocr_carea' id='block_1_110' title="bbox 558 5610 2130 5707">
    <p class='ocr_par' dir='ltr' id='par_1_110' title="bbox 558 5610 2130 5682">
     <span class='ocr_line' id='line_1_110' title="bbox 558 5610 2130 5682; baseline 0.008 -20"><span class='ocrx_word' id='word_1_843' title='bbox 558 5626 661 5663; x_wconf 86' lang='lat' dir='ltr'><strong>non</strong></span> <span class='ocrx_word' id='word_1_844' title='bbox 696 5619 870 5678; x_wconf 90' lang='lat' dir='ltr'><strong>potest</strong></span> <span class='ocrx_word' id='word_1_845' title='bbox 910 5624 1057 5663; x_wconf 88' lang='lat' dir='ltr'><strong>mens</strong></span> <span class='ocrx_word' id='word_1_846' title='bbox 1100 5625 1221 5664; x_wconf 91' lang='lat' dir='ltr'><strong>osse</strong></span> <span class='ocrx_word' id='word_1_847' title='bbox 1264 5610 1585 5680; x_wconf 87' lang='lat' dir='ltr'><strong>discipulus.</strong></span> <span class='ocrx_word' id='word_1_848' title='bbox 1629 5634 1645 5667; x_wconf 75' lang='grc' dir='ltr'><strong>ι</strong></span> <span class='ocrx_word' id='word_1_849' title='bbox 1676 5615 1940 5682; x_wconf 84' lang='lat' dir='ltr'><strong>Quoniam</strong></span> <span class='ocrx_word' id='word_1_850' title='bbox 1982 5622 2130 5675; x_wconf 88' lang='lat' dir='ltr'><strong>multi</strong></span> 
     </span>
    </p>
   </div>
   <div class='ocr_carea' id='block_1_111' title="bbox 2235 5610 3831 5707">
    <p class='ocr_par' dir='ltr' id='par_1_111' title="bbox 2236 5626 3831 5707">
     <span class='ocr_line' id='line_1_111' title="bbox 2236 5626 3831 5707; baseline 0.008 -30"><span class='ocrx_word' id='word_1_851' title='bbox 2236 5626 2330 5696; x_wconf 85' lang='grc' dir='ltr'><strong>ρὸν</strong></span> <span class='ocrx_word' id='word_1_852' title='bbox 2363 5626 2563 5693; x_wconf 84' lang='grc' dir='ltr'>αὑτοῦ,</span> <span class='ocrx_word' id='word_1_853' title='bbox 2608 5629 2702 5681; x_wconf 76' lang='grc' dir='ltr'><strong>καὶ</strong></span> <span class='ocrx_word' id='word_1_854' title='bbox 2734 5630 2950 5700; x_wconf 84' lang='grc' dir='ltr'>ἔρχεται</span> <span class='ocrx_word' id='word_1_855' title='bbox 2982 5633 3157 5685; x_wconf 83' lang='grc' dir='ltr'>ὀπίσω</span> <span class='ocrx_word' id='word_1_856' title='bbox 3209 5650 3331 5701; x_wconf 82' lang='grc' dir='ltr'>μου,</span> <span class='ocrx_word' id='word_1_857' title='bbox 3382 5636 3443 5687; x_wconf 79' lang='grc' dir='ltr'>ού</span> <span class='ocrx_word' id='word_1_858' title='bbox 3472 5636 3699 5691; x_wconf 81' lang='grc' dir='ltr'>δύναταί</span> <span class='ocrx_word' id='word_1_859' title='bbox 3740 5657 3831 5707; x_wconf 86' lang='grc' dir='ltr'><strong>μου</strong></span> 
     </span>
    </p>
   </div>
   <div class='ocr_carea' id='block_1_112' title="bbox 558 5697 2130 5802">
    <p class='ocr_par' dir='ltr' id='par_1_112' title="bbox 558 5697 2130 5769">
     <span class='ocr_line' id='line_1_112' title="bbox 558 5697 2130 5769; baseline 0.009 -14"><span class='ocrx_word' id='word_1_860' title='bbox 558 5704 702 5760; x_wconf 69' lang='lat' dir='ltr'><strong>ibant</strong></span> <span class='ocrx_word' id='word_1_861' title='bbox 748 5716 869 5755; x_wconf 89' lang='lat' dir='ltr'><strong>cum</strong></span> <span class='ocrx_word' id='word_1_862' title='bbox 922 5697 1079 5766; x_wconf 83' lang='lat' dir='ltr'><strong>Jesu,</strong></span> <span class='ocrx_word' id='word_1_863' title='bbox 1122 5705 1210 5769; x_wconf 90' lang='lat' dir='ltr'><strong>qui</strong></span> <span class='ocrx_word' id='word_1_864' title='bbox 1261 5718 1367 5756; x_wconf 90' lang='lat' dir='ltr'><strong>non</strong></span> <span class='ocrx_word' id='word_1_865' title='bbox 1415 5720 1537 5758; x_wconf 91' lang='lat' dir='ltr'><strong>cum</strong></span> <span class='ocrx_word' id='word_1_866' title='bbox 1586 5710 1731 5761; x_wconf 89' lang='lat' dir='ltr'><strong>omni</strong></span> <span class='ocrx_word' id='word_1_867' title='bbox 1765 5711 2043 5767; x_wconf 77' lang='lat' dir='ltr'><strong>alacritate</strong></span> <span class='ocrx_word' id='word_1_868' title='bbox 2080 5697 2130 5768; x_wconf 83' lang='lat' dir='ltr'><strong>et</strong></span> 
     </span>
    </p>
   </div>
   <div class='ocr_carea' id='block_1_113' title="bbox 2235 5697 3819 5802">
    <p class='ocr_par' dir='ltr' id='par_1_113' title="bbox 2235 5697 3819 5802">
     <span class='ocr_line' id='line_1_113' title="bbox 2235 5697 3819 5802; baseline 0.011 -33"><span class='ocrx_word' id='word_1_869' title='bbox 2235 5714 2372 5771; x_wconf 79' lang='grc' dir='ltr'>εἶναι</span> <span class='ocrx_word' id='word_1_870' title='bbox 2400 5719 2669 5790; x_wconf 82' lang='grc' dir='ltr'>μαθητής.</span> <span class='ocrx_word' id='word_1_871' title='bbox 2711 5740 2729 5773; x_wconf 72' lang='grc' dir='ltr'><strong>ι</strong></span> <span class='ocrx_word' id='word_1_872' title='bbox 2767 5697 3006 5794; x_wconf 25' lang='grc' dir='ltr'>ν’-Επειδὴ</span> <span class='ocrx_word' id='word_1_873' title='bbox 3032 5697 3230 5779; x_wconf 59' lang='grc' dir='ltr'>πολλοί</span> <span class='ocrx_word' id='word_1_874' title='bbox 3260 5728 3369 5780; x_wconf 92' lang='grc' dir='ltr'><strong>τῶν</strong></span> <span class='ocrx_word' id='word_1_875' title='bbox 3401 5697 3819 5802; x_wconf 79' lang='grc' dir='ltr'>συμπορευομέ-</span> 
     </span>
    </p>
   </div>
   <div class='ocr_carea' id='block_1_114' title="bbox 556 5795 2130 5891">
    <p class='ocr_par' dir='ltr' id='par_1_114' title="bbox 556 5795 2130 5871">
     <span class='ocr_line' id='line_1_114' title="bbox 556 5795 2130 5871; baseline 0.012 -28"><span class='ocrx_word' id='word_1_876' title='bbox 556 5795 858 5849; x_wconf 67' lang='lat' dir='ltr'><strong>obedientia</strong></span> <span class='ocrx_word' id='word_1_877' title='bbox 888 5797 1272 5861; x_wconf 85' lang='lat' dir='ltr'><strong>sequebantur,</strong></span> <span class='ocrx_word' id='word_1_878' title='bbox 1307 5799 1397 5850; x_wconf 89' lang='lat' dir='ltr'><strong>sed</strong></span> <span class='ocrx_word' id='word_1_879' title='bbox 1426 5798 1733 5869; x_wconf 84' lang='lat' dir='ltr'><strong>frigidiores</strong></span> <span class='ocrx_word' id='word_1_880' title='bbox 1757 5815 1906 5857; x_wconf 83' lang='lat' dir='ltr'><strong>erant</strong></span> <span class='ocrx_word' id='word_1_881' title='bbox 1931 5824 1944 5871; x_wconf 91' lang='lat'>;</span> <span class='ocrx_word' id='word_1_882' title='bbox 1972 5806 2130 5861; x_wconf 90' lang='lat' dir='ltr'><strong>docet</strong></span> 
     </span>
    </p>
   </div>
   <div class='ocr_carea' id='block_1_115' title="bbox 2235 5795 3826 5891">
    <p class='ocr_par' dir='ltr' id='par_1_115' title="bbox 2242 5795 3826 5891">
     <span class='ocr_line' id='line_1_115' title="bbox 2242 5795 3826 5891; baseline 0.009 -31"><span class='ocrx_word' id='word_1_883' title='bbox 2242 5824 2346 5861; x_wconf 89' lang='grc' dir='ltr'><strong>νων</strong></span> <span class='ocrx_word' id='word_1_884' title='bbox 2370 5810 2448 5879; x_wconf 82' lang='grc' dir='ltr'>τῷ</span> <span class='ocrx_word' id='word_1_885' title='bbox 2478 5811 2677 5881; x_wconf 83' lang='grc' dir='ltr'>Ἰησοῦ,</span> <span class='ocrx_word' id='word_1_886' title='bbox 2708 5813 2770 5867; x_wconf 85' lang='grc' dir='ltr'>οὐ</span> <span class='ocrx_word' id='word_1_887' title='bbox 2794 5814 2892 5866; x_wconf 86' lang='grc' dir='ltr'><strong>σὺν</strong></span> <span class='ocrx_word' id='word_1_888' title='bbox 2926 5816 3205 5889; x_wconf 76' lang='grc' dir='ltr'>προθυμίᾳ</span> <span class='ocrx_word' id='word_1_889' title='bbox 3236 5818 3407 5889; x_wconf 74' lang='grc' dir='ltr'>πάσῃ,</span> <span class='ocrx_word' id='word_1_890' title='bbox 3458 5795 3552 5873; x_wconf 75' lang='grc' dir='ltr'><strong>καὶ</strong></span> <span class='ocrx_word' id='word_1_891' title='bbox 3591 5795 3826 5891; x_wconf 68' lang='grc' dir='ltr'>ἁποτὰγῇ</span> 
     </span>
    </p>
   </div>
   <div class='ocr_carea' id='block_1_116' title="bbox 554 5885 2130 5979">
    <p class='ocr_par' dir='ltr' id='par_1_116' title="bbox 554 5885 2128 5968">
     <span class='ocr_line' id='line_1_116' title="bbox 554 5885 2128 5968; baseline 0.013 -36"><span class='ocrx_word' id='word_1_892' title='bbox 554 5902 645 5941; x_wconf 63' lang='grc' dir='ltr'>θος</span> <span class='ocrx_word' id='word_1_893' title='bbox 684 5888 897 5954; x_wconf 72' lang='lat' dir='ltr'><strong>qualem</strong></span> <span class='ocrx_word' id='word_1_894' title='bbox 944 5896 1187 5951; x_wconf 80' lang='lat' dir='ltr'><strong>oporteat</strong></span> <span class='ocrx_word' id='word_1_895' title='bbox 1231 5885 1394 5956; x_wconf 62' lang='grc'><strong>400</strong></span> <span class='ocrx_word' id='word_1_896' title='bbox 1421 5904 1543 5943; x_wconf 88' lang='lat' dir='ltr'><strong>esse</strong></span> <span class='ocrx_word' id='word_1_897' title='bbox 1584 5892 1905 5961; x_wconf 83' lang='lat' dir='ltr'><strong>discipulum</strong></span> <span class='ocrx_word' id='word_1_898' title='bbox 1948 5913 2128 5968; x_wconf 87' lang='lat' dir='ltr'><strong>suum,</strong></span> 
     </span>
    </p>
   </div>
   <div class='ocr_carea' id='block_1_117' title="bbox 2235 5885 3829 5979">
    <p class='ocr_par' dir='ltr' id='par_1_117' title="bbox 2244 5885 3829 5979">
     <span class='ocr_line' id='line_1_117' title="bbox 2244 5885 3829 5979; baseline 0.01 -29"><span class='ocrx_word' id='word_1_899' title='bbox 2244 5900 2599 5969; x_wconf 66' lang='grc' dir='ltr'>ἠκολούθουν,</span> <span class='ocrx_word' id='word_1_900' title='bbox 2651 5903 2788 5959; x_wconf 83' lang='grc' dir='ltr'>ἀλλὰ</span> <span class='ocrx_word' id='word_1_901' title='bbox 2844 5885 3191 5979; x_wconf 66' lang='grc' dir='ltr'>ψυχρότερον</span> <span class='ocrx_word' id='word_1_902' title='bbox 3230 5885 3522 5978; x_wconf 69' lang='grc' dir='ltr'>διέκειντο,</span> <span class='ocrx_word' id='word_1_903' title='bbox 3572 5885 3829 5969; x_wconf 68' lang='grc' dir='ltr'>διδάσκων</span> 
     </span>
    </p>
   </div>
  </div>
