4030 6410
260 498 363 565 9i!

962 495 1419 563 ENARRATIO
1461 501 1546 563 IN
1578 497 2091 579 EVANGELIUM
2137 500 2381 563 LUC/E.
2408 527 2477 537 —
2501 501 2661 563 CAP.
2702 499 2861 563 XIV.

3494 495 3605 563 9ίὲ

254 614 456 678 αὐτοὺς
488 608 600 668 οῖον
624 612 705 667 δεῖ
725 614 816 668 τὸν
846 614 1100 685 μαθητὴν
1122 615 1293 671 αὐτοῦ
1324 610 1491 681 εἶναι,
1508 615 1869 685 ἀποφαίνεται

1988 629 2053 670 ac
2084 614 2249 671 veluti
2284 616 2546 671 informat
2572 626 2628 671 et
2662 615 2908 687 depingit
2943 628 3102 679 eum,
3146 629 3401 672 asserens
3435 631 3571 685 opor

254 710 391 781 περὶ
419 707 639 775 τούτου,
674 707 767 760 καὶ
803 701 916 761 οἷον
938 708 1196 763 διατυποῖ
1225 709 1412 775 αὐτὸν,
1462 708 1558 762 καὶ
1580 709 1877 779 ,ζωγραφεῖ

252 798 653 873 εἰσηγούμενος
701 799 816 853 δεῖν
848 800 1018 853 αὐτὸν
1056 803 1241 873 μισεῖν
1269 801 1332 855 οὐ
1373 800 1538 872 μόνον
1579 802 1710 865 τοὺς
1741 799 1875 865 ἔξω·

252 891 349 944 θεν
377 888 530 961 αὐτῷ
557 890 968 961 ᾠκειωμένους,
1002 892 1143 946 ἀλλὰ
1172 894 1271 946 καὶ
1302 893 1405 963 τὴν
1445 892 1642 947 ἑαυτοῦ
1664 892 1871 963 ψυχήν.

257 984 405 1055 Ὅρα
423 983 482 1036 δὲ
512 983 587 1054 μὴ
626 986 1022 1058 συναρπασθῇς
1049 986 1128 1056 τῷ
1166 985 1320 1058 ρητῷ
1346 985 1539 1050 ἁπλῶς
1568 986 1745 1065 οὕτως
1776 987 1875 1040 καὶ

252 1076 735 1147 ἀνεπιστημόνως.
798 1080 873 1131 Οὐ
910 1080 1023 1151 γάρ
1081 1078 1493 1151 ἀπανθρωπίαν
1546 1080 1793 1135 διδάσκει
1841 1082 1871 1135 6

252 1168 675 1239 φιλάνθρωπος,
722 1171 843 1225 οὐδὲ
872 1172 1303 1244 διαχειρίζεσθαι
1331 1173 1566 1238 ἑαυτοὺς
1602 1173 1871 1240 νουθετεῖ,

253 1259 396 1313 ἀλλὰ
422 1262 516 1315 τόν
566 1279 632 1331 γε
657 1265 883 1334 γνήσιον
930 1266 1101 1318 αὑτοῦ
1148 1266 1406 1339 μαθητὴν
1435 1266 1693 1339 βούλεται
1745 1265 1871 1320 τότε

256 1356 440 1423 μισεῖν
470 1355 596 1417 τοὺς
612 1355 758 1408 κατὰ
786 1356 946 1424 γένος
978 1359 1239 1425 οἰκείους,
1270 1358 1357 1413 ὅτε
1381 1363 1521 1432 πρὸς
1556 1358 1874 1413 θεοσέϐειαν

254 1444 410 1515 αὖτῷ
441 1446 787 1515 ἐμποδίζοιεν
823 1447 917 1500 καὶ
944 1448 1036 1501 διὰ
1058 1450 1061 1451 ⁷
1087 1449 1189 1519 τὴν
1225 1452 1373 1521 πρὸς
1425 1451 1629 1515 αὐτοὺς
1683 1451 1872 1523 σχέσιν

254 1537 523 1591 κωλύοιτο
547 1538 712 1601 αὐτὸς
742 1540 802 1592 τὸ
836 1524 1003 1593 καλὸν
1041 1543 1290 1612 μετιέναι
1310 1556 1325 1573 ⁵
1361 1544 1486 1596 ἐπεὶ
1510 1545 1558 1596 εί
1595 1544 1672 1615 μὴ
1698 1546 1873 1613 ἐμπο-

250 1632 476 1698 δίζοιεν,
510 1635 681 1705 τιμᾷν
716 1634 917 1704 μᾶλλον
946 1635 1077 1706 ἀχρι
1109 1638 1210 1707 τῆς
1235 1635 1559 1700 τελευταίας
1588 1638 1691 1691 ἀνα
1704 1635 1871 1705 πνοῆς

254 1727 524 1781 διδάσκει.
560 1728 674 1781 Καὶ
698 1727 818 1792 πῶς
853 1728 1133 1797 διδάσκεις
1167 1732 1267 1783 Διὰ
1303 1733 1404 1800 τῆς
1445 1731 1692 1801 μείζονος
1719 1729 1872 1783 διδα-

256 1818 509 1881 σκαλίας,
544 1820 710 1890 φημὶ,
751 1820 821 1873 δι’
864 1815 940 1875 ὧν
985 1822 1228 1893 ἔπραξεν
1276 1824 1442 1886 αὐτός
1468 1839 1483 1855 ’
1517 1823 1615 1878 καὶ
1650 1825 1761 1895 γὰρ
1791 1823 1871 1895 τῷ

269 1911 489 1984 Ἰωσὴφ,
514 1914 694 1967 καίτοι
727 1914 847 1968 οὐδὲ
877 1917 1087 1986 κυρίως
1144 1916 1315 1971 αὑτοῦ
1352 1917 1524 1987 πατρὶ
1556 1917 1695 1983 δντι,
1728 1916 1869 1973 ἀλλὰ

256 2008 624 2079 νομιζομένῳ,
662 2005 731 2080 ἦν
800 2010 1294 2082 ὑποτασσόμενος,
1348 2012 1448 2065 καὶ
1491 2013 1589 2083 τῆς
1648 2012 1876 2083 Μητρὸς

254 2098 531 2170 ’τοσιύτην
551 2102 789 2155 ἐποιεῖτο
806 2102 895 2156 ἀεὶ
927 2102 1027 2173 τὴν
1057 2103 1341 2173 πρόνοιαν,
1369 2101 1514 2157 ὥστε
1544 2103 1669 2157 οὐδὲ
1699 2121 1871 2157 σταυ-

259 2190 527 2262 ρούμενος
558 2193 803 2264 ἠμέλησε
826 2195 1057 2265 ταύτης,
1094 2195 1229 2249 ἀλλὰ
1288 2196 1583 2267 παρεδίδου
1614 2195 1692 2267 τῷ
1727 2197 1873 2267 ἠγα-

257 2286 496 2357 πημένῳ
551 2286 794 2359 μαθητῇ.
832 2288 959 2353 Πῶς
990 2289 1085 2343 οὖν
1124 2292 1153 2344 ὁ
1183 2289 1361 2343 ταῦτα
1397 2290 1620 2356 διδάξας
1649 2291 1738 2345 διὰ
1766 2290 1875 2344 τῶν

254 2380 464 2454 ἔργων,
496 2383 666 2454 ἕτερα
688 2383 775 2437 διὰ
807 2384 917 2437 τῶν
944 2385 1123 2453 λόγων
1174 2388 1457 2456 εἰσηγοῖτο
1483 2404 1497 2453 ;
1533 2387 1678 2441 Ἀλλ’
1736 2388 1876 2458 ὅπερ

255 2476 421 2546 ἔφην,
463 2480 644 2546 μισεῖν
673 2479 822 2548 ἡμᾶς
858 2479 987 2541 τοὺς
1023 2481 1204 2546 γονεῖς
1232 2479 1568 2545 ἐντέλλεται,
1620 2481 1711 2534 ὅτε
1739 2480 1875 2543 Θεὸς

253 2568 318 2619 τὸ
366 2567 841 2639 κινδυνευόμενον.
876 2567 1013 2622 Τότε
1051 2570 1163 2641 γὰρ
1217 2571 1279 2623 οὐ
1332 2574 1511 2639 γονεῖς
1560 2571 1874 2640 λογίζονται

254 2661 380 2715 οὐδὲ
410 2662 626 2727 οίκεῖοι,
652 2662 790 2732 πρὸς
814 2662 915 2732 τὴν
940 2662 1207 2733 τοιαύτην
1239 2663 1511 2733 ὠφέλειαν
1562 2666 1694 2735 ἡμῖν
1718 2665 1874 2717 ἀντι-

252 2754 571 2816 πίπτοντες.
628 2753 944 2810 Κάντεύθεν
974 2756 1031 2809 δὲ
1085 2756 1268 2827 δῆλον,
1308 2756 1336 2809 δ
1364 2757 1622 2827 λέγομεν,
1682 2760 1747 2811 ἑκ
1776 2756 1871 2811 τοῦ

252 2848 349 2898 καὶ
384 2846 485 2917 τὴν
511 2846 708 2899 ἑαυτοῦ
760 2847 938 2919 ψυχὴν
984 2848 1339 2903 ἐντέλλεσθαι
1393 2853 1574 2919 μισεῖν
1602 2866 1613 2879 ·
1654 2852 1873 2915 πάντως

252 2942 365 3007 γὰρ
401 2940 462 2991 οὐ
496 2939 656 2992 τοῦτο
685 2940 1063 2994 διακελεύεται
1092 2941 1154 2993 τὸ
1186 2943 1419 3006 ἑαυτοὺς
1452 2943 1867 3010 ἀποκτιννύναι,

253 3033 395 3085 αλλὰ
431 3032 492 3085 τὸ
516 3034 636 3096 ταῖς
659 3032 985 3104 ἐπιθυμίαις
1008 3033 1107 3104 τῆς
1132 3034 1316 3105 ψυχῆς
1356 3038 1473 3099 ταῖς
1506 3034 1871 3107 χωριζούσαις

253 3126 407 3195 ἡμᾶς
442 3126 535 3177 τοῦ
568 3125 704 3178 Θεοῦ
738 3128 1180 3181 ἀποτάσσεσθαγ
1209 3128 1303 3179 καὶ
1326 3130 1372 3179 εί
1407 3130 1694 3199 πρόκειται
1727 3146 1871 3199 μαρ-

252 3218 465 3289 τύριον,
496 3218 571 3290 μὴ
592 3222 904 3289 φροντίζειν
931 3222 1032 3287 τῆς
1049 3222 1253 3293 ψυχῆς,
1279 3224 1441 3293 μόνον
1473 3223 1701 3293 κέρδους
1736 3241 1870 3292 προ-

1986 717 2102 763 tere
2143 720 2268 762 eum
2312 710 2442 763 odio
2480 709 2685 763 habere
2731 722 2839 763 non
2884 706 3061 764 solum
3099 722 3195 764 eos
3237 708 3331 780 qui
3372 718 3601 764 externa

1982 797 2365 853 familiaritate
2386 798 2562 866 juncti
2587 808 2734 864 sunt,
2757 798 2855 855 sed
2880 809 2935 854 et
2956 812 3113 853 suam
3139 799 3313 869 ipsius
3332 800 3599 856 animam.

1982 888 2122 947 \‘ide
2144 900 2330 945 autem
2372 906 2441 947 ne
2467 892 2653 946 littera
2686 884 2921 961 prorsus
2956 891 3214 962 imperite
3244 891 3322 963 (ιι)
3355 893 3603 963 abr'pia-

1980 988 2079 1041 ris.
2111 984 2228 1041 Non
2255 988 2400 1040 enim
2438 986 2905 1041 inliutnanitatcm
2932 996 2989 1041 et
3023 984 3408 1040 crudelitatem
3440 986 3606 1041 docet

1996 1079 2337 1143 misericors,
2374 1092 2551 1149 neque
2576 1079 2787 1150 sibiipsi
2816 1080 2977 1134 docet
3002 1093 3223 1132 manum
3256 1077 3482 1143 inferre,
3508 1083 3602 1133 sed

1980 1175 2267 1245 proprium
2317 1190 2478 1229 suum
2520 1174 2852 1243 discipulum
2894 1172 3013 1229 vult
3055 1183 3187 1229 tunc
3224 1173 3351 1228 odio
3394 1173 3611 1229 habere

1978 1277 2247 1335 cognatos
2291 1281 2457 1332 suos,
2514 1266 2738 1337 quando
2785 1265 2853 1320 ad
2900 1266 3163 1336 pietatem
3212 1264 3263 1321 ei
3308 1265 3597 1320 obstaculo

1979 1370 2143 1423 sunt,
2189 1368 2241 1413 et
2278 1366 2503 1429 prepter
2555 1359 3027 1414 necessitudinem
3067 1372 3098 1411 a
3132 1356 3294 1412 bonis
3338 1358 3601 1427 operibus

1978 1454 2305 1524 prohibetur
2332 1471 2345 1507 :
2378 1452 2645 1524 quoniam
2677 1452 2783 1508 nisi
2821 1453 3188 1513 obsisterent,
3224 1451 3398 1521 magis
3424 1450 3600 1504 hono-

1982 1547 2187 1600 randos
2213 1546 2375 1599 docet
2402 1561 2576 1616 usque
2606 1547 2673 1600 ad
2706 1554 3017 1601 extremum
3048 1545 3325 1615 spiritum.
3364 1542 3431 1597 Et
3460 1558 3601 1613 quo-

1981 1639 2144 1695 modo
2188 1638 2398 1694 docet?
2457 1637 2562 1693 Per
2624 1636 2887 1707 majorem
2954 1638 3285 1701 doctrinam,
3352 1636 3604 1704 inquam,

1980 1747 2175 1800 nempe
2225 1746 2322 1803 per
2388 1746 2452 1786 ea
2519 1746 2641 1803 qua:
2692 1740 2952 1801 operatus
3001 1740 3119 1794 est;
3174 1730 3291 1800 ipse
3343 1730 3492 1784 enim
3547 1737 3603 1782 et

1977 1825 2219 1895 Just-ph,
2270 1828 2526 1897 quamvis
2566 1840 2677 1879 non
2726 1834 2869 1878 esset
2918 1824 3175 1895 proprius
3217 1835 3454 1891 parens,
3502 1821 3598 1877 sed

1983 1919 2334 1974 existimatus
2358 1957 2372 1982 ,
2407 1918 2672 1972 obediens
2713 1915 2815 1969 fuit
2845 1934 2858 1970 :
2896 1924 2950 1970 et
3002 1914 3196 1969 Matris
3240 1927 3354 1967 suae
3390 1919 3597 1964 tantam

1982 2024 2204 2079 semper
2236 2009 2343 2077 egit
2391 2022 2614 2072 curam,
2659 2016 2719 2060 ut
2765 2021 2945 2076 neque
2988 2021 3113 2060 cum
3157 2004 3599 2075 cruciﬁgeretur,

1980 2119 2102 2157 eam
2146 2100 2485 2172 negligeret,
2523 2100 2620 2155 sed
2662 2100 3070 2156 commendavit
3114 2098 3383 2168 discipulo
3432 2112 3593 2165 quem

1982 2197 2263 2265 diligebat.
2316 2196 2605 2263 Quomodo
2658 2195 2825 2264 igitur
2873 2193 2919 2247 is
2968 2191 3063 2259 qui
3117 2191 3235 2246 hate
3282 2206 3381 2261 per
3428 2203 3587 2260 oper;

1982 2291 2191 2356 docuit,
2219 2290 2323 2344 alia
2369 2291 2721 2345 sermonibus
2752 2285 3125 2343 asseveravit?
3153 2287 3246 2350 At,
3283 2286 3427 2339 sicut
3457 2284 3594 2351 dixi,

1981 2384 2228 2455 praecipit
2266 2399 2368 2438 nos
2405 2384 2533 2439 odio
2567 2382 2772 2436 habere
2799 2389 3079 2450 parentes,
3109 2377 3329 2449 quando
3363 2379 3416 2433 itt
3447 2379 3594 2432 cultu

1983 2477 2076 2532 Dei
2101 2478 2405 2547 perit-nium
2446 2488 2552 2533 est.
2582 2476 2735 2530 Tunc
2761 2476 2907 2530 enim
2933 2488 3041 2528 non
3075 2481 3329 2544 parentes
3360 2486 3596 2527 censen.

1983 2584 2094 2637 tur,
2128 2590 2305 2644 neque
2338 2573 2659 2639 familiares,
2702 2572 2745 2626 si
2784 2572 2836 2625 in
2870 2572 2973 2625 hoc
3002 2569 3162 2624 nobis
3194 2569 3493 2623 obsistam.
3530 2564 3595 2618 Et

1981 2663 2108 2717 hinc
2152 2662 2501 2718 manifestum
2538 2663 2681 2731 quod
2715 2662 2969 2716 dicimus.
3008 2651 3145 2713 Nam
3182 2674 3310 2714 cum
3347 2667 3593 2713 nostram

1979 2760 2217 2811 animam
2243 2758 2372 2813 odio
2401 2758 2605 2813 habere
2639 2757 2909 2826 praecipit,
2935 2757 3161 2811 omnino
3188 2770 3294 2809 non
3322 2752 3595 2826 praecipit,

1980 2862 2038 2906 ut
2072 2854 2369 2923 nobisipsis
2410 2864 2643 2907 mortem
2679 2854 3118 2915 consciscamus,
3159 2852 3259 2906 sed
3293 2861 3349 2904 ut
3388 2866 3596 2903 renun-

1980 2947 2178 3001 tiemus
2223 2948 2691 3016 Concupisceutiis
2723 2948 2943 3009 animm,
2977 2960 3099 3016 quae
3141 2961 3242 3000 nos
3280 2952 3539 3010 separant
3564 2955 3594 2997 a

1976 3039 2123 3106 Deo;
2155 3042 2370 3095 etiamsi
2409 3040 2792 3109 perferendum
2825 3033 3170 3109 martyrium,
3215 3055 3320 3093 non
3354 3036 3595 3092 curanda

1976 3136 2200 3197 anima,
2260 3134 2522 3202 quoniam
2582 3144 2905 3201 perpetuum
2968 3132 3181 3186 lUCl‘Ulli
3244 3128 3593 3201 proponitur.

1980 3226 2095 3281 iloc
2129 3228 2274 3281 enim
2311 3236 2395 3282 est
2427 3227 2575 3296 quod
2608 3242 2708 3280 nos
2734 3228 2915 3291 docet,
2954 3235 3008 3280 et
3036 3241 3143 3279 non
3180 3224 3508 3296 simpliciter
3538 3234 3596 3280 ut

252 3312 516 3381 κειμένου
550 3314 797 3367 αἰωνίου.
841 3316 963 3368 Ὅτι
988 3316 1045 3368 δὲ
1075 3316 1235 3368 τοῦτο
1277 3316 1544 3380 διδάσκει,
1580 3318 1674 3369 καὶ
1718 3316 1780 3369 ού
1808 3316 1868 3369 τὸ

1979 3324 2099 3398 quis
2135 3325 2374 3396 scipsutt.
2406 3324 2639 3381 occidat.
2686 3320 3047 3396 Ostenditque
3076 3324 3207 3382 illud
3245 3323 3445 3383 iterum
3476 3323 3595 3398 ipse

251 3402 448 3471 ἁπλῶς
499 3404 725 3474 ἑαυτοὺς
768 3407 1182 3476 ἀποκτιννύναι,
1230 3408 1471 3466 δεξκνυισι
1513 3413 1676 3467 πάλιν
1704 3414 1868 3477 αὐτὸς

254 3498 316 3563 ἐξ
343 3493 417 3551 ὧν
448 3498 544 3551 τοῦ
586 3502 837 3555 διαϐόλου
874 3501 1229 3574 πειράζοντὸς
1255 3506 1441 3570 αὐτὸν,
1491 3504 1632 3558 ὥστε
1684 3505 1868 3575 βαλεῖν

253 3592 450 3644 ἑαυτὸν
477 3593 628 3646 κάτω
659 3594 768 3649 ἀπὸ
812 3596 906 3649 τοῦ
962 3598 1133 3668 ἱεροῦ,
1168 3578 1559 3669 ἀπεκρούσατο
1588 3599 1689 3667 τὴν
1746 3602 1869 3652 πεῖδ

258 3704 382 3755 ριν,
441 3689 537 3740 καὶ
568 3690 693 3743 οὐδὲ
736 3692 984 3744 ἐπεδίδου
1020 3692 1215 3745 ἑαυτὸν
1247 3694 1359 3754 τοῖς
1388 3691 1689 3755 Ἰουδαίοις,
1727 3692 1867 3746 ἀλλὰ

254 3784 354 3837 καὶ
421 3784 712 3857 ἀνεχώρει,
758 3789 855 3841 καὶ
900 3788 989 3841 διὰ
1053 3790 1223 3860 μέσου
1288 3788 1467 3842 αὐτῶν
1500 3790 1867 3859 ἀνερχόμενος

251 3878 384 3944 τοὺς
421 3882 735 3949 φωνοῦντας
769 3881 833 3955 [Ῑ.
865 3882 1172 3955 φονῶντας]
1229 3883 1636 3955 ἀπεκρύπτετο.
1676 3884 1867 3947 Ὅστις

252 3977 351 4030 οὖν
410 3976 787 4046 βλαπτόμενος
844 3979 924 4041 εἰς
986 3977 1306 4031 θεοσέόειαν
1359 3978 1465 4031 ὑπό
1536 3994 1719 4039 τινος.
1754 3977 1866 4030 τῶν

250 4070 499 4132 οἰκείων,
533 4070 752 4140 στέργει
786 4071 883 4141 τὴν
916 4071 1054 4141 πρὸς
1105 4071 1301 4133 αὐτοὺς
1348 4070 1556 4139 σχέσιν,
1604 4070 1699 4125 καὶ
1730 4088 1864 4142 προσ

252 4164 551 4234 τιμοτέραν
574 4162 779 4234 ταύτην
806 4165 1040 4216 ποιεῖται
1071 4163 1167 4233 τῆς
1193 4163 1331 4233 πρὸς
1375 4162 1469 4215 τὸν
1498 4162 1632 4217 Θεὸν
1666 4163 1865 4236 εὐαρε-

1980 3438 2077 3492 per
2105 3424 2209 3477 hoc
2232 3424 2403 3492 quod,
2428 3419 2643 3477 diabolo
2670 3423 2846 3492 ipsum
2879 3432 3126 3478 tentante
3160 3432 3217 3476 ιιι
3246 3438 3307 3479 se
3334 3424 3402 3478 de
3437 3440 3594 3478 sum-

1980 3517 2172 3569 mitate
2208 3514 2392 3583 templi
2422 3513 2706 3580 dejiceret,
2738 3515 3097 3569 tentationem
3122 3514 3323 3584 repulit
3351 3533 3366 3571 :
3398 3526 3454 3569 et
3486 3531 3591 3569 non

1978 3620 2039 3660 se
2070 3603 2276 3659 Judzels
2310 3603 2570 3666 tradidit,
2608 3603 2703 3657 sed
2738 3602 2989 3666 secessit,
3020 3612 3188 3671 atque
3217 3618 3315 3671 per
3351 3603 3590 3656 medium

1978 3713 2169 3753 eorum
2206 3696 2517 3761 transiens,
2560 3695 2630 3749 ab
2669 3693 2777 3748 illis
2808 3708 2868 3747 se
2907 3694 3223 3750 occultavit.
3260 3694 3431 3764 Igitur
3466 3696 3591 3749 cui-

1978 3804 2198 3858 cunque
2228 3790 2512 3844 domestici
2545 3799 2599 3844 et
2632 3787 2791 3842 amici
2831 3785 3055 3841 obstant
3093 3787 3146 3841 in
3180 3788 3383 3857 pietate
3404 3829 3420 3854 ,
3456 3797 3512 3841 et
3543 3789 3589 3843 is

1978 3884 2193 3939 illorum
2234 3880 2668 3937 familiaritatem
2702 3881 2832 3947 Deo,
2864 3881 2950 3935 cui
2985 3881 3200 3949 placere
3232 3882 3414 3949 debet,
3448 3898 3589 3951 prm—

1977 3979 2113 4045 [ει-ι,
2164 3976 2249 4032 vel
2301 3976 2468 4033 etiam
2522 3988 2746 4047 propter
2796 3990 3043 4030 amorem
3095 3976 3219 4030 vita:
3267 3976 3593 4033 imminente

1978 4071 2245 4142 martyrio
2281 4069 2465 4126 dciicit
2498 4080 2553 4125 et
2580 4080 2767 4140 negat,
2804 4070 2896 4125 ille
2928 4085 3034 4125 non
3068 4078 3247 4140 potest
3273 4086 3398 4129 esse
3427 4073 3595 4129 disci-

1976 4164 2138 4237 pulus
2162 4162 2390 4219 Christi.

256 4256 531 4327 στήσεως,
579 4255 660 4308 ἔτι
692 4273 752 4308 τε
794 4255 890 4309 καὶ
923 4254 1011 4308 διὰ
1039 4254 1135 4309 τοῦ
1186 4254 1475 4324 φιλοζωεῖν
1508 4257 1770 4322 πολλάκις
1795 4259 1889 4313 καὶ
1944 4258 2252 4332 μαρτυρίου
2295 4260 2663 4330 προκειμένου
2713 4260 2793 4325 εἰς
2827 4257 3059 4332 ἄρνησιν
3090 4262 3587 4338 ἐκτραχηλίςεται,

253 4346 413 4412 οὗτος
456 4349 518 4400 οὐ
583 4348 808 4402 δύναται
854 4347 1095 4418 Χριστοῦ
1147 4344 1287 4402 εἶναι
1345 4351 1619 4420 μαθητής.

342 4462 361 4495 ι
399 4442 497 4507 Τίς
528 4443 636 4513 γὰρ
674 4440 734 4505 ἐξ
780 4440 934 4512 ὑμῶν
985 4440 1157 4493 θέλων
1211 4441 1423 4513 πύργον
1475 4443 1861 4514 οἰκοδομῆσαι,

2050 4442 2218 4502 Vens.
2250 4446 2438 4501 98-30.
2472 4463 2491 4497 ι
2528 4445 2663 4514 Quis
2690 4448 2834 4501 enim
2869 4462 2934 4502 ex
2967 4450 3143 4517 vobis,
3174 4450 3265 4521 qui
3300 4451 3428 4507 velit
3467 4463 3588 4509 tur-

250 4537 377 4607 οὐχὶ
409 4534 626 4606 πρῶτον
653 4520 883 4595 καθίσας
912 4531 1141 4601 ψηφίζει
1167 4532 1266 4603 τὴν
1288 4534 1559 4604 δαπάνην,
1587 4538 1634 4588 εί
1657 4536 1771 4606 ἔχει
1795 4537 1864 4590 τὰ

1978 4542 2076 4596 rim
2108 4540 2401 4606 aediﬁcare,
2431 4540 2559 4610 quin
2591 4541 2743 4611 prius
2772 4542 2972 4596 sedens
2995 4554 3276 4612 computet
3305 4557 3583 4616 sumptus,

253 4634 337 4694 είς
366 4628 718 4699 ἀπαρτισμὸν
739 4668 751 4688 ,
792 4626 876 4679 ἵνα
904 4630 1155 4697 μήπωτε,
1180 4627 1363 4691 θέντος
1390 4629 1558 4682 αὑτοῦ
1592 4626 1865 4700 θεμέλιον,

255 4726 353 4779 καὶ
383 4723 458 4794 μὴ
498 4724 778 4792 ἰσχύοντος
828 4722 1136 4783 ἐκτελέσαι,
1174 4721 1377 4785 πάντες
1433 4725 1482 4776 οἱ
1529 4722 1867 4794 θεωροῦντες

254 4818 532 4887 ἄρξωνται
567 4815 861 4885 ἐμπαίζειν
887 4816 1037 4884 αὑτῷ
1074 4815 1350 4883 λέγοντες,
1386 4817 1490 4881 ὅτι,
1514 4810 1687 4880 Οὗτος
1720 4820 1747 4870 ὁ
1774 4819 1869 4873 ἀν-

255 4914 481 4983 (ιρωπος
514 4911 719 4980 ἤρξατο
746 4910 1073 4979 οἰκοδομεῖν,
1132 4910 1226 4962 καὶ
1258 4911 1359 4964 οὐκ
1390 4910 1610 4981 ἴσχυσεν
1642 4913 1866 4963 ἐκτελέ-

256 5024 351 5059 σαι
380 5024 393 5071 ;
427 5025 445 5057 ι
474 5007 570 5057 Διὰ
596 5006 696 5073 τῆς
729 5001 824 5055 τοῦ
853 5003 1063 5073 πύργου
1098 5004 1413 5075 παραϐολῆς
1440 5005 1688 5059 διδάσκει
1718 5008 1867 5075 ἡμᾶς

253 5103 284 5153 ὁ
329 5098 533 5167 Κύριος
558 5097 705 5162 ἅπαξ
744 5095 1061 5148 ἀκολουθεῖν
1092 5097 1240 5165 αὐτῷ
1274 5096 1589 5167 ἑλομένους,
1626 5100 1863 5167 φυλάξαι

251 5192 357 5261 τὴν
390 5190 559 5259 αὐτὴν
611 5192 959 5261 προαίρεσιν,
1006 5190 1102 5241 καὶ
1154 5192 1228 5259 μὴ
1262 5190 1515 5260 θεμέλιον
1559 5192 1659 5259 μὲν
1692 5209 1864 5245 κειτα-

252 5281 517 5333 6αλέσθαι
541 5322 554 5343 ,
594 5281 713 5349 ἦτοι
760 5280 936 5351 ἀρχὴν
968 5279 1407 5349 ἁκολουθὴσεως,
1440 5277 1561 5335 εἶτα
1596 5283 1747 5345 τέλος
1788 5284 1864 5353 μὴ

252 5371 546 5433 ἐπιθεῖναι,
579 5373 654 5435 ῶς
684 5373 761 5442 μὴ
791 5372 1011 5441 ἔχοντας
1043 5371 1323 5439 ἀρκοῦσαν
1350 5374 1449 5443 τὴν
1499 5377 1863 5446 παρασκευὴν

249 5466 355 5534 τῆς
386 5465 718 5536 προθυμίας.
748 5466 992 5519 Τοιοῦτοι
1014 5462 1156 5536 ἦσαν
1184 5469 1406 5530 ἐκεῖνοι,
1429 5470 1558 5539 περὶ
1578 5462 1653 5521 ὧν
1681 5464 1865 5523 Ἰωάν-

250 5576 356 5628 νης
387 5561 415 5612 ὁ
440 5561 836 5629 εὐαγγελιστὴς
857 5559 984 5630 ἔφη’
1022 5560 1217 5612 Πολλοὶ
1248 5556 1341 5614 οὖν
1371 5564 1436 5613 ὲκ
1462 5562 1571 5614 τῶν
1598 5563 1859 5633 μαθητῶν

250 5654 425 5709 αὐτοῦ
452 5654 695 5725 ἀπῆλθον
730 5657 809 5718 είς
846 5656 913 5707 τὰ
945 5655 1147 5708 ὀπίσω.
1180 5656 1292 5709 Καὶ
1320 5658 1427 5718 πᾶς
1458 5656 1515 5708 δὲ
1563 5657 1854 5728 ἄνθρωπος

323 5836 375 5868 ⁸⁸
399 5835 565 5892 Joau.
593 5852 705 5900 xvt,
742 5837 833 5891 52.

324 5995 405 6070 (α)
433 5995 533 6052 Ed.
567 5997 688 6052 Lut.
734 6012 837 6053 non
872 5995 1060 6062 habet,
1088 6014 1307 6066 prorsus
1338 5998 1599 6068 imperite.

1970 4652 2039 4688 an
2071 4636 2271 4689 habeat
2299 4636 2499 4703 quibus
2523 4648 2661 4703 opus
2685 4646 2767 4688 est
2793 4636 2857 4688 ad
2886 4635 3322 4705 perliciendum?
3345 4655 3413 4694 ne
3435 4652 3586 4706 post-

1968 4742 2131 4797 quam
2157 4728 2404 4797 posuerit
2432 4726 2876 4795 fundamentum,
2903 4744 3002 4783 nec
3026 4732 3265 4798 potuerit
3293 4733 3583 4800 perlicere,

1967 4836 2160 4875 omnes
2214 4822 2305 4889 qui
2345 4821 2583 4875 viderint
2620 4822 2887 4891 incipiant
2924 4822 3153 4877 illudere
3184 4825 3257 4889 ei,
3297 4825 3580 4881 dicentes:

1970 4909 2070 4965 llic
2094 4913 2255 4965 homo
2280 4914 2447 4980 C(Bpit
2468 4911 2764 4979 atdiiicare,
2794 4929 2892 4966 nec
2915 4915 3090 4981 potuit
3114 4930 3524 4973 consummare.
3558 4936 3576 4969 ι

1966 5001 2071 5056 Per
2106 5004 2424 5071 parabolam
2468 5006 2638 5059 turris
2672 5005 2833 5061 docet
2864 5022 2964 5061 nos
3007 5007 3269 5064 Dominus
3307 5020 3367 5063 ut
3399 5010 3451 5063 lii
3489 5010 3581 5081 qui

1966 5098 2133 5151 semel
2178 5098 2482 5168 delegerint
2518 5114 2643 5153 eum
2682 5101 2874 5168 sequi,
2909 5102 3051 5154 idem
3087 5106 3425 5173 propositum
3460 5121 3579 5159 scr-

1966 5199 2095 5242 vent
2124 5206 2135 5241 :
2174 5205 2275 5243 nec
2306 5189 2480 5243 soiutn
2510 5190 2719 5259 jaciant
2754 5191 3196 5258 fundamentum,
3232 5195 3333 5249 hoc
3364 5206 3469 5259 εει,
3511 5212 3581 5250 ne

1967 5282 2231 5350 incipiant
2272 5292 2483 5336 tantum
2517 5284 2695 5351 sequi,
2729 5296 2784 5339 et
2817 5296 3003 5354 postea
3051 5286 3212 5340 linem
3256 5302 3362 5342 non
3405 5287 3582 5355 impoo

1965 5389 2134 5444 nant,
2173 5387 2229 5431 ιιι
2272 5378 2324 5431 hi
2350 5379 2441 5446 qui
2479 5394 2582 5433 n0n
2622 5379 2827 5434 habent
2866 5380 3225 5435 sufﬁcientem
3276 5382 3582 5438 alacritatis

1968 5473 2447 5541 pra'parationetn.
2481 5469 2641 5526 Tales
2676 5471 2895 5527 fuerunt
2931 5475 2982 5528 hi
3010 5475 3075 5528 de
3107 5474 3307 5545 quibus
3337 5491 3576 5546 cvange-

1970 5565 2094 5619 iista
2126 5564 2289 5637 ἀοι
2322 5563 2566 5621 Joannes
2598 5567 2726 5621 dicit
2762 5583 2778 5621 :
2812 5567 2959 5621 Multi
2997 5568 3161 5637 igitur
3190 5583 3257 5623 ex
3293 5569 3578 5638 tliSt'iptllis

1969 5661 2085 5721 eius
2118 5664 2371 5717 abierunt
2404 5671 2703 5717 retrorsum
2736 5662 2804 5716 °’.
2842 5662 2905 5716 Et
2935 5662 3113 5717 omnis
3148 5663 3310 5719 homo
3345 5663 3439 5735 qui
3467 5664 3581 5719 vir-
