4030 6398
514 463 618 521 9U

1357 444 1457 506 ΤΠ
1471 445 1764 505 EOPHYL
1780 443 1939 502 \CTI
1992 441 2406 506 BUIﬁAllLE
2439 437 2801 498 ARCHIEP.

3697 436 3806 499 9H

510 605 677 648 uitem
711 590 925 657 quidem
960 584 1172 652 operari
1222 581 1374 646 vult,
1418 591 1471 636 et
1504 595 1608 634 non
1641 593 1706 632 eo
1732 576 1999 645 pervenit,
2045 586 2091 628 ut

2210 574 2472 643 πράττειν
2511 570 2609 640 μὲν
2643 569 2741 639 τὴν
2798 565 3003 637 ἀρετὴν
3054 565 3330 633 ἑλόμενος,
3369 564 3444 634 μὴ
3477 561 3694 631 φθάσας
3725 565 3802 618 δὲ.

510 698 562 739 et
589 683 822 738 divinam
849 675 1210 746 cognitionem
1237 674 1490 740 accipiat,
1518 686 1583 723 eo
1610 670 1752 738 quod
1778 667 2092 736 imperfecte

511 792 562 830 et
595 779 795 840 absque
827 769 1034 823 ratione
1065 769 1319 821 virtutem
1350 766 1580 825 orditur,
1618 761 1933 830 imperfecte
1961 761 2093 814 ωειὶ-

512 869 656 927 ﬁcat,
693 880 796 918 non
823 863 1012 917 valens
1036 860 1317 914 absolvere
1354 855 1547 910 turrim
1576 867 1801 908 summa:
1828 852 2093 920 cognitio-

510 964 614 1015 nis.
668 959 817 1014 Unde
859 967 914 1009 et
954 953 1192 1008 illuditnr
1244 949 1311 1003 ab
1351 948 1434 1002 his
1476 963 1504 1000 a
1547 946 1744 1016 qnilms
1784 944 1995 996 videtur
2038 953 2094 994 et

510 1050 821 1106 hominibus
844 1053 897 1099 et
924 1041 1178 1098 diabolis.
1211 1037 1304 1092 Vel
1330 1039 1523 1091 aliter:
1559 1053 1655 1106 per
1677 1033 2090 1087 fundamentum

510 1141 728 1212 quidem
771 1136 1042 1203 intelligas
1078 1145 1384 1184 sermonem
1423 1127 1680 1181 doctoris.
1724 1124 1915 1176 Sermo
1946 1122 2089 1174 enim

509 1235 771 1290 det-trina:
793 1270 807 1294 ,
848 1238 1030 1298 utpote
1062 1235 1302 1278 tractans
1335 1222 1400 1276 de.
1430 1217 1795 1281 continentia,
1824 1214 2003 1284 jactus
2035 1214 2088 1265 in

510 1321 760 1390 discipuli
789 1319 1024 1372 animam
1052 1314 1405 1369 fundamento
1434 1317 1801 1376 comparatur.
1832 1304 1978 1372 Opus
2007 1312 2091 1358 est

510 1426 690 1469 autem
715 1407 1103 1468 sermonihuic,
1122 1405 1224 1457 hoc
1245 1413 1324 1455 est
1366 1399 1735 1459 fundamento,
1756 1394 2090 1462 superaddi-

509 1508 740 1568 eatione,
760 1515 921 1571 opere
940 1499 1083 1562 dico,
1101 1504 1158 1551 ut
1173 1490 1336 1549 turris
1354 1506 1532 1546 nostra
1549 1488 1885 1544 {Ortitudinis
1903 1504 1930 1539 a
1953 1486 2085 1539 faeie

509 1597 714 1653 inimici
741 1591 1005 1651 absoluta,
1033 1589 1107 1641 sit
1127 1588 1303 1639 virtus
1331 1584 1415 1637 illa
1443 1598 1602 1651 quam
1629 1581 2083 1649 proponebamus.

509 1691 660 1757 Quod
683 1695 860 1741 autem
890 1681 1294 1737 fundamentum
1317 1677 1529 1746 quidem
1557 1676 1624 1728 sit
1651 1687 1853 1732 sermo,
1879 1681 2013 1725 exstt
2031 1661 2089 1722 u-

508 1786 617 1840 ctio
643 1793 823 1835 autem
846 1791 1002 1846 opus,
1035 1774 1169 1828 satis
1202 1771 1416 1825 abunde
1437 1785 1545 1821 nos
1578 1768 1734 1820 docet
1759 1764 2048 1832 Apostuius
2073 1781 2086 1814 :

516 1876 988 1931 anndamentnm
1007 1866 1159 1936 posui
1183 1863 1366 1919 Jesum
1386 1861 1658 1916 Christum
1683 1900 1698 1924 ,
1735 1858 1874 1911 alius
1909 1868 2086 1908 autem

2199 664 2341 716 ῶστε
2387 664 2480 714 καὶ
2515 662 2666 712 θείαν
2719 657 2922 726 γνῶσιν
2963 654 3315 726 προσλαϐεῖν,
3343 653 3433 706 διὰ
3480 653 3544 705 τὸ
3596 652 3805 714 ἀτελῶς

2201 756 2293 806 καὶ
2319 753 2528 819 ἀλόγως
2560 752 2657 820 τῆς
2685 749 2884 820 ἀρετῆς
2911 746 3200 816 ἄρξασθαι,
3241 743 3448 807 ἀτελῶς
3473 743 3656 806 κτίζει
3680 781 3695 806 ,
3729 741 3804 812 μὴ

2200 846 2498 914 δυνάμενος
2535 841 2839 910 ἀπαρτίσαι
2873 839 2964 892 τδν
3024 838 3236 908 πύργον
3268 839 3370 907 τῆς
3406 837 3624 905 ὑψηλῆς
3657 839 3795 904 γνῶ-

2202 953 2338 1000 σεως
2363 949 2381 966 ⁸
2410 931 2532 986 ὅθεν
2551 935 2642 985 καὶ
2673 929 3003 1000 ἐμπαίζεται
3030 929 3136 980 ὑπὸ
3164 927 3271 980 τῶν
3316 927 3673 997 θεωρούντων
3707 928 3804 978 αἱμ-

2198 1029 2290 1080 τδν
2323 1027 2415 1079 καὶ
2444 1023 2750 1096 ἀνθρώπων
2775 1023 2868 1074 καὶ
2912 1019 3206 1090 δαιμόνων.
3247 1019 3355 1070 Καὶ
3383 1018 3562 1080 ἄλλως
3598 1019 3679 1080 δὲ,
3714 1019 3800 1072 Oa.

2203 1119 2391 1189 μέλιον
2422 1119 2520 1187 μὲν
2569 1120 2794 1185 νοήσαις
2839 1114 2930 1166 τὸν
2962 1113 3346 1167 διδασκαλικὸν
3371 1113 3554 1180 λόγον.
3599 1113 3660 1166 Ὀ
3692 1113 3802 1183 γὰρ

2199 1213 2299 1282 τῆς
2343 1211 2696 1272 διδασκαλίας
2747 1209 2905 1276 λόγος
2957 1207 3365 1277 διαλαμϐάνων,
3418 1207 3555 1277 φέρε
3599 1209 3800 1268 εἰπεῖν,

2201 1306 2330 1375 περὶ
2351 1305 2676 1375 ἐγκρατείας
2704 1301 2942 1371 θεμελίῳ
2970 1299 3114 1353 ἔοικε
3156 1299 3531 1368 καταϐληθεὶς
3574 1300 3667 1351 ἐπὶ
3702 1299 3803 1368 τὴν

2199 1395 2295 1449 τοῦ
2334 1395 2577 1466 μαθητοῦ
2599 1395 2801 1463 ψυχὴν,
2845 1396 2938 1445 Δεῖ
2961 1391 3055 1445 οὖν
3084 1391 3316 1461 τῷλόγῳ
3350 1391 3548 1461 τούτῳ,
3577 1393 3698 1461 ἦτοι
3725 1390 3804 1459 τῷ

2202 1489 2457 1559 θεμελίῳ,
2488 1488 2582 1540 xui.
2633 1487 3032 1554 ἐποικοδομεῖν,
3089 1484 3159 1536 τὰ
3186 1483 3286 1553 τῆς
3318 1484 3578 1553 πράξεως
3621 1483 3800 1548 λέγω·

2201 1584 2286 1635 ἵνα
2319 1583 2411 1633 καὶ
2440 1581 2650 1651 πύργος
2694 1582 2826 1649 ἡμῖν
2865 1577 3051 1647 ἰσχύος
3088 1577 3197 1630 ἀπὸ
3242 1575 3540 1646 προσώπου
3596 1575 3803 1646 ἐχθροῦ

2199 1670 2564 1739 ἀπαρτισθείη
2593 1670 2624 1738 ή
2663 1670 2834 1739 ἀρετὴ
2858 1668 3066 1738 ἐκείνη,
3103 1668 3170 1737 ἣν
3199 1665 3565 1735 προεθέμεθα.
3597 1666 3724 1718 Ὀτι
3749 1666 3808 1720 at

2199 1762 2450 1831 θεμέλιος
2484 1761 2630 1831 μὲνὸ
2665 1760 2844 1826 λόγος,
2884 1760 3143 1828 οἰκοδομὴ
3179 1758 3235 1810 δὲ
3269 1759 3300 1828 ή
3343 1758 3564 1826 πρᾶξις,
3596 1758 3804 1820 ἱκανῶς

2199 1855 2345 1923 ἡμᾶς
2395 1857 2422 1906 ὁ
2473 1853 2800 1916 Ἀπόστολος
2860 1853 3102 1905 διδάσκει
3135 1851 3334 1919 λέγων,
3368 1852 3448 1903 ὅτι
3479 1872 3494 1902 ι
3534 1851 3806 1920 Θεμέλιτν

508 1964 906 2038 superexsmtit
929 1962 1035 2024 ⁷⁰,›
1058 1967 1112 2011 et
1144 1957 1322 2011 statim
1343 1964 1624 2008 enumerat
1659 1953 1805 2004 varia
1836 1949 2083 2010 zedit‘ttia,

2200 1944 2641 2014 τέθεικαἸησοῦν
2665 1944 2923 2015 Χριστὸν,
2960 1944 3120 2007 ἄλλος
3150 1943 3204 1995 δὲ
3230 1943 3580 2012 ἐποικοδομεῖ
3600 1960 3615 1974 ο
3650 1961 3668 1994 ι
3705 1943 3805 1994 καὶ

509 2057 612 2110 hoc
661 2063 785 2116 est,
837 2049 1179 2118 operationes
1232 2045 1312 2098 vel
1364 2042 1628 2097 honorum
1691 2041 1773 2093 Vel
1829 2039 2092 2093 malorum

508 2124 754 2218 operum.
802 2141 1115 2195 Timeamus
1159 2139 1325 2207 igitur
1373 2153 1438 2188 ne
1489 2133 1626 2187 forte
1670 2134 1894 2186 illudant
1938 2132 2094 2184 nobis

509 2241 802 2298 ila-mones,
823 2233 886 2286 de
910 2231 1104 2300 quibus
1122 2229 1382 2297 propheta
1405 2228 1568 2280 dicit:
1597 2244 1613 2275 ι
1645 2223 1896 2277 illnsores
1916 2223 2094 2273 domi;

510 2328 784 2384 nabuntur
815 2325 917 2387 eis,
956 2342 973 2374 ι
1013 2323 1096 2375 his
1128 2321 1336 2376 scilicet
1369 2321 1456 2388 qui
1496 2334 1522 2371 a
1555 2320 1661 2370 Deo
1709 2316 1907 2383 repulsi
1944 2323 2088 2367 sunt.

581 2506 747 2560 Vens.
777 2501 973 2568 31-55.
997 2518 1015 2551 ι
1047 2501 1151 2551 Ant
1181 2498 1302 2566 quis
1340 2513 1431 2550 rex
1464 2494 1817 2564 proﬁciscens
1851 2503 1900 2544 ut
1943 2508 2092 2544 com-

506 2599 691 2654 mittat
739 2595 984 2666 praelium
1027 2594 1287 2645 adversus
1334 2593 1561 2643 alterum
1615 2602 1793 2656 regem
1835 2627 1849 2651 ,
1911 2599 2093 2639 nonne

507 2691 700 2745 sedens
738 2688 886 2756 prius
925 2685 1129 2754 cogitat
1167 2697 1233 2736 an
1266 2682 1435 2751 possit
1461 2696 1580 2734 cum
1617 2679 1804 2734 det-em
1853 2677 2091 2729 millibus

508 2795 794 2838 occurrere
828 2779 875 2831 ei
916 2778 1008 2846 qui
1048 2791 1170 2830 cum
1198 2774 1387 2844 viginti
1434 2773 1672 2826 millibus
1713 2773 1858 2824 venit
1903 2780 2088 2822 contra

507 2875 598 2930 se?
631 2873 867 2941 alioquin
896 2871 1072 2924 adhuc
1097 2868 1185 2921 illo
1211 2867 1364 2936 longe
1396 2875 1606 2934 agente,
1633 2864 1899 2933 legatione
1929 2862 2089 2914 missi

506 2967 642 3036 petit
671 2980 734 3020 ea
761 2978 878 3032 qua!
905 2961 1053 3032 pacis
1081 2958 1353 3014 sunt?Sie
1375 2971 1507 3026 ergo
1539 2956 1716 3009 omnis
1739 2970 1803 3008 ex
1827 2954 1978 3007 vobis
1999 2952 2090 3021 qui

509 3075 614 3113 non
666 3058 941 3111 renuntiat
1001 3052 1256 3105 omnibus
1298 3065 1415 3118 qua:
1459 3048 1734 3118 possidet,
1782 3061 1886 3100 non
1917 3054 2092 3114 potest

510 3166 665 3204 meus
708 3164 827 3201 esse
874 3142 1190 3212 discipulus.
1243 3140 1450 3193 Bonum
1498 3149 1577 3193 est
1618 3139 1718 3192 sal.
1758 3140 1813 3192 Si
1851 3152 1982 3192 vero
2015 3137 2092 3190 sal

509 3242 833 3298 inf-amamur
883 3238 1078 3300 fuerit,
1124 3250 1216 3305 per
1255 3235 1396 3302 quod
1437 3230 1762 3285 condietur?
1806 3229 1991 3298 Neque
2038 3229 2089 3281 in

511 3347 746 3398 terram,
792 3345 968 3401 neque
1022 3331 1072 3382 in
1129 3325 1528 3396 sterquilinium
1578 3326 1711 3380 utile
1762 3334 1886 3377 est:
1947 3296 2163 3377 {orasc

508 3425 803 3497 projiciunt
858 3423 1008 3474 ilud.
1060 3421 1161 3486 Qui
1233 3418 1393 3470 habet
1425 3433 1581 3470 aures
1624 3421 1688 3470 ad
1740 3415 2088 3476 audiendum,

508 3519 713 3572 audiat.
751 3533 768 3566 ι
812 3514 878 3567 Et
906 3514 1018 3566 haec
1049 3510 1301 3578 parabola
1340 3511 1495 3563 docet
1542 3523 1638 3562 nos
1679 3524 1742 3561 ne
1785 3510 1955 3562 simus
1988 3506 2089 3560 du-

509 3606 633 3675 plici
667 3607 882 3666 animo,
919 3615 1092 3670 neque
1122 3599 1274 3653 carni
1305 3605 1358 3652 ct
1405 3597 1512 3651 Deo
1542 3598 1912 3650 adluereaams
1944 3612 1957 3648 :
1995 3597 2088 3649 sed

509 3699 552 3751 si
592 3695 838 3749 volumus
865 3692 1063 3747 bellum
1095 3699 1285 3744 contra
1325 3688 1589 3756 malignos
1621 3691 1893 3742 daemones
1918 3688 2091 3742 susci-

507 3805 668 3859 pere,
718 3795 773 3840 ut
824 3786 1059 3839 feramur
1109 3784 1160 3836 in
1193 3797 1289 3837 eos
1336 3791 1588 3849 tanquam
1635 3781 1853 3847 hostes,
1890 3793 1942 3834 et
1985 3782 2089 3836 illis

509 3898 637 3935 vere
663 3879 1026 3933 obluctemur.
1054 3873 1166 3949 Rex“
1192 3875 1353 3942 igitur
1373 3884 1454 3927 est
1477 3885 1527 3927 et
1552 3883 1831 3941 peceatum
1859 3889 2090 3943 regnans

508 3978 564 4030 in
594 3970 806 4027 mortali
840 3979 1026 4024 nostro
1056 3980 1307 4035 corpore,
1332 3966 1376 4019 si
1410 3965 1539 4018 illud
1575 3967 1933 4021 admittimus.
1977 3965 2090 4019 Rex

508 4066 671 4118 etiam
694 4068 747 4114 et
774 4061 985 4113 animus
1010 4067 1193 4111 noster
1225 4057 1473 4110 cenditus
1504 4067 1609 4110 est.
1645 4055 1721 4111 Ne
1750 4057 1938 4126 igitur,
1969 4073 2091 4111 cum

509 4152 869 4210 resistendum
907 4161 989 4205 est
1018 4157 1262 4217 peccato,
1302 4146 1719 4216 pusillanimiter
1749 4148 1874 4202 illud
1912 4149 2089 4218 impu—

510 4257 660 4318 gnet.
687 4245 882 4300 Gravis
913 4243 1056 4298 enim
1083 4251 1137 4296 et
1168 4240 1427 4294 terribilis
1456 4251 1540 4295 est
1565 4242 1683 4309 ejus
1716 4243 2010 4308 exercitus,
2038 4251 2092 4295 et

513 4338 688 4408 major
738 4348 792 4390 et
849 4333 1189 4388 numerosior
1239 4332 1452 4385 videtur
1507 4345 1668 4398 quam
1730 4347 1827 4386 nos
1878 4348 2088 4386 sumus.

511 4433 721 4502 Quippe
750 4428 1022 4487 «Immunes
1044 4435 1170 4480 sunt
1195 4423 1394 4478 milites
1419 4425 1651 4492 peccati,
1679 4424 1773 4493 qui
1802 4434 2092 4478 censentur

509 4521 700 4594 viginti
734 4519 897 4573 millia
933 4526 1123 4571 contra
1155 4524 1339 4568 nostra
1387 4515 1571 4568 decem
1609 4514 1798 4570 millia.
1830 4513 1963 4567 Nam
2005 4515 2090 4567 in-

2200 2036 2326 2109 ὲξῆς
2353 2037 2643 2104 καταλέγει
2671 2037 2768 2097 τὰς
2799 2035 3094 2106 διαφόρους
3115 2035 3427 2106 οἰκοδομὰς,
3469 2036 3591 2105 ἢτοι
3629 2037 3805 2104 ἐργα-

2200 2129 2382 2200 σίαςῆ
2431 2129 2612 2182 καλῶν
2673 2129 2705 2200 ἦ
2739 2130 2993 2200 πονηρῶν
3047 2129 3264 2198 ἔργων·
3299 2129 3632 2198 φοϐηθῶμεν
3682 2128 3803 2194 οὖν,

2203 2224 2415 2292 μήποτε
2443 2221 2788 2292 ὲμτπαίζωσιν
2816 2225 2950 2290 ἡμῖν
2980 2225 3026 2274 οἱ
3049 2223 3326 2291 δαίμονες,
3357 2222 3483 2290 περὶ
3506 2215 3579 2272 ὧν
3603 2222 3631 2271 ὁ
3673 2237 3809 2289 προι-

2199 2316 2377 2385 φήτης
2398 2316 2677 2384 φησὶνδτι,
2708 2333 2725 2365 ι
2756 2313 3093 2383 Ἐμπαῖκται
3115 2314 3492 2384 κυριεύσουσιν
3530 2313 3736 2374 αὐτῶν,
3780 2333 3798 2362 ι

2199 2408 2305 2459 τῶν
2337 2407 2441 2459 ὑπὸ
2466 2407 2559 2459 τοῦ
2584 2406 2722 2458 Θεοῦ
2743 2405 2947 2476 δηλαδὴ
2978 2407 3348 2474 ἀπωσμένων.

2272 2518 2288 2549 ι
2327 2499 2398 2551 ’Ἡ
2433 2500 2518 2561 τίς
2554 2498 2809 2568 βασιλεὺς
2867 2499 3240 2568 πορευόμενος
3277 2499 3575 2566 συμϐαλ;ῖν
3623 2501 3803 2568 ἑτέρῳ

2198 2590 2407 2659 βασιλεῖ
2447 2593 2526 2653 εἰς
2557 2590 2818 2658 πόλεμον,
2857 2591 2980 2659 οὐχὶ
3014 2591 3244 2651 καθίσας
3299 2590 3518 2660 πρῶτον
3573 2590 3802 2661 βουλε-ᾅ-

2196 2698 2334 2746 εται,
2360 2683 2406 2732 εί
2434 2680 2658 2743 δυνατός
2691 2683 2838 2734 ἐστιν
2865 2683 2922 2733 ὲν
2949 2681 3081 2734 δέκα
3115 2682 3353 2749 χιλιάσιν
3380 2683 3696 2752 ἀπσντῆσαι
3721 2683 3801 2752 τῷ

2202 2774 2339 2843 μετά
2387 2772 2559 2826 εἴκοσι
2613 2773 2870 2842 χιλιάδων
2903 2776 3186 2846 ἐρχομένῳ
3224 2776 3358 2841 πρὸς
3403 2776 3601 2827 αὐτόν’
3652 2777 3702 2827 εἰ
3741 2777 3798 2828 δὲ

2202 2869 2340 2936 μήγε
2378 2865 2668 2935 ἓτιπόρρω
2709 2865 2872 2917 αὑτοῦ
2913 2867 3088 2928 ὄντος,
3133 2866 3431 2936 πρεσὸείαν
3459 2867 3796 2928 ἀποστείλας

2201 2960 2380 3027 ἐρωτᾷ
2411 2961 2478 3010 τὰ.
2508 2959 2642 3028 πρὸς
2670 2959 2893 3026 εἰρήνην
2919 2974 2931 3021 ;
2962 2957 3149 3020 Οὕτως
3178 2958 3268 3010 οὖν
3302 2961 3406 3021 πᾶς
3442 2960 3499 3025 ἐξ
3527 2959 3706 3029 ὑμῶν,
3738 2959 3800 3021 ὃς

2198 3051 2295 3102 οὐκ
2320 3051 2688 3102 ἀποτάσσεται
2737 3051 2873 3101 πᾶσι
2924 3052 3038 3112 τοῖς
3087 3051 3282 3103 ἑαυτοῦ
3315 3053 3682 3121 ὑπάρχουσιν,
3732 3054 3800 3104 οὐ

2196 3142 2418 3195 δύναταί
2444 3159 2544 3211 μου
2565 3136 2704 3193 εἶναι
2741 3142 3013 3211 μαθητής.
3039 3142 3219 3195 Καλὸν
3247 3143 3304 3195 τὸ
3341 3144 3492 3206 Ξλας·
3532 3147 3627 3198 ἐὰν
3659 3146 3714 3198 δὲ
3738 3147 3802 3197 τὸ

2197 3236 2331 3298 ἅλας
2367 3236 2651 3306 μωρανθῇ,
2687 3237 2743 3286 ὲν
2769 3235 2874 3287 τίνι
2910 3235 3309 3307 ἁρτυθήσεται;
3349 3237 3487 3290 Οὔτε
3530 3240 3609 3300 είς
3667 3241 3798 3307 γῆν,

2197 3328 2320 3383 οὗτε
2354 3332 2429 3391 εἰς
2457 3332 2692 3400 κοπρίαν
2726 3328 2948 3381 εὔθετόν
3002 3331 3150 3382 ἐστιν
3180 3331 3283 3394 ἔξω
3310 3331 3598 3400 βάλλουσιν
3639 3334 3797 3388 αὐτ-ὗ.

2208 3423 2268 3475 '0
2317 3424 2453 3492 ἔχων
2504 3417 2620 3475 ὦτα
2645 3421 2887 3486 ἀκούειν,
2913 3423 3178 3477 ἀκουέτω.
3201 3441 3219 3475 ι
3244 3424 3352 3476 Καὶ
3373 3424 3512 3494 α’ύτη
3547 3427 3579 3495 ἡ
3615 3443 3802 3494 παρα-

2198 3513 2329 3583 ϐολὴ
2380 3515 2624 3568 διδάσκει
2667 3517 2814 3583 ἡμᾶς
2869 3516 2944 3585 μὴ
2974 3515 3233 3585 ato-sxw;
3268 3515 3426 3576 εἶναι,
3464 3517 3600 3588 μηδὲ
3631 3534 3681 3570 σς
3705 3521 3800 3588 ρκὶ

2197 3608 2291 3659 καὶ
2321 3607 2440 3677 θεῷ
2467 3607 2856 3676 προσηλῶσθαι
2885 3626 2896 3637 ο
2928 3609 3045 3662 ἀλλ’
3083 3613 3131 3662 εἰ
3183 3611 3474 3679 μέλλοιμεν
3517 3612 3610 3663 τὸν
3650 3614 3795 3664 κατὰ

2195 3700 2303 3752 τῶν
2338 3701 2592 3768 πονηρῶν
2635 3702 2921 3771 δυνάμεων
2957 3704 3196 3773 πόλεμον
3219 3703 3457 3772 ἄρασθαι
3481 3744 3497 3769 ,
3547 3706 3792 3775 προσφέ-

2200 3795 2389 3863 ρεσθαι
2423 3796 2606 3857 αὑτοῖς
2635 3796 2708 3857 ὼς
2745 3797 2983 3866 ἐχθροῖς,
3013 3797 3106 3848 καὶ
3131 3798 3346 3867 ἀληθῶς
3379 3799 3799 3868 ἀντιπαρατατ-

2197 3888 2384 3939 τεσθαι
2438 3888 2701 3951 Βασιλεὺς
2752 3892 2849 3957 μὲν
2883 3886 2976 3942 οὖν
3007 3891 3123 3941 ἐστι
3155 3891 3250 3942 καὶ
3292 3893 3323 3956 ἡ
3360 3891 3610 3959 ἁμαρτία
3641 3891 3798 3961 βασι-

2198 3976 2429 4030 λεύουσα
2453 3979 2508 4028 ἐν
2537 3978 2613 4046 τῷ
2644 3978 2824 4047 θνητῷ
2843 3979 3059 4048 σώματι
3089 3980 3245 4049 ἡμῶν
3271 3981 3380 4031 τῶν
3416 3982 3797 4051 παραδεχομέ-

2199 4087 2304 4121 νων
2333 4070 2502 4140 αὐτήν
2530 4084 2548 4100 ο
2580 4069 2830 4139 βασιλεὺς
2851 4073 2904 4124 δὲ
2938 4073 3032 4124 καὶ
3064 4073 3091 4123 ὁ
3115 4071 3239 4133 νοῦς
3271 4073 3428 4142 ἡμῶν
3453 4075 3700 4138 ἐκτίσθη.
3735 4077 3795 4127 ΕΞ

2197 4163 2375 4214 τοίνυν
2415 4161 2661 4231 μέλλοιεν
2713 4163 3032 4233 ἀντιστῆναι
3087 4167 3152 4231 τῇ
3189 4164 3459 4234 ἁμαρτίᾳ,
3515 4166 3797 4236 ὸὶοψύχως

2198 4253 2506 4323 πολεμείτω
2563 4254 2724 4324 αὐτῇ.
2763 4256 2943 4316 Δεινὸ;
2972 4256 3079 4326 γὰρ
3119 4259 3146 4308 ὁ
3195 4258 3426 4327 στρατὸς
3463 4258 3674 4329 ταύτης
3703 4261 3796 4313 κςὶ

2198 4344 2449 4414 φοϐερὸς,
2471 4346 2565 4398 καὶ
2597 4347 2799 4415 μείζων
2824 4353 2918 4398 καὶ
2950 4347 3150 4400 πλείων
3179 4348 3327 4401 δοκεῖ
3356 4350 3546 4418 ἡμῶν·
3583 4354 3632 4403 οἱ
3683 4355 3789 4421 γάρ

2199 4438 2454 4505 δαίμονες
2492 4439 2825 4508 στρατιῶται
2859 4440 2957 4509 τῆς
3009 4442 3313 4511 ἁμαρτίας,
3346 4443 3394 4495 οἳ
3420 4444 3680 4497 δοκοῦσιν
3715 4448 3790 4498 εῖ-

2201 4546 2321 4581 κοσι
2353 4530 2604 4598 χιλιάδων
2639 4531 2873 4603 ἀριθμὸν
2914 4533 3160 4602 ἐπέχειν,
3203 4536 3338 4602 πρὸς
3370 4535 3504 4589 δέκα
3552 4536 3795 4606 χιλιάδας

506 4613 752 4684 corporei
782 4618 926 4676 sunt,
951 4619 1007 4662 et
1043 4613 1282 4677 pugnant
1311 4615 1500 4660 contra
1530 4621 1628 4660 nos
1658 4607 1749 4675 qui
1771 4609 1822 4659 in
1862 4621 2090 4674 corpore

2200 4624 2504 4693 ἡμετέραςο
2538 4623 2822 4694 ἀσώματοι
2857 4627 2964 4698 γὰρ
3010 4625 3186 4691 ὄντες,
3222 4629 3315 4681 καὶ
3345 4630 3485 4697 πρὸς
3533 4634 3662 4695 τοὺς
3706 4635 3792 4686 ὲνο

507 4722 730 4767 sumus,
789 4711 845 4756 et
896 4700 1158 4766 majorem
1221 4698 1474 4751 virtutem
1542 4697 1745 4751 habere
1811 4697 2082 4750 ridentur.

509 4797 763 4867 Quamvis
790 4803 970 4847 autem
997 4793 1280 4844 videantur
1307 4789 1583 4852 fortiores,
1610 4805 1710 4844 nos
1743 4802 1917 4844 tamen
1948 4791 2084 4845 resi-

508 4907 651 4948 stere
680 4886 1001 4959 poterimus.
1031 4902 1048 4933 ι
1077 4884 1129 4936 In
1149 4883 1254 4936 Deo
1277 4881 1655 4950 enim,inqnit,
1691 4882 1950 4936 faciemus
1983 4885 2090 4935 rir-

509 4998 676 5040 tutem
704 4984 784 5046 ’¹¹;
818 4999 836 5031 ι
865 4988 918 5032 et
953 4997 966 5032 :
999 4995 1016 5027 ι
1052 4976 1310 5029 Dominus
1335 4974 1659 5028 illuminatio
1681 4989 1821 5039 mea,
1866 4982 1918 5027 et
1947 4977 2089 5030 salus

512 5091 663 5138 mea,
710 5090 867 5142 quem
923 5067 1171 5124 timebo?
1216 5067 1270 5121 Si
1301 5066 1646 5121 ecustitcrint
1691 5069 1976 5122 adversum
2008 5086 2093 5125 me

514 5177 708 5227 eastra,
741 5181 844 5217 non
875 5161 1191 5216 timebiteor
1212 5175 1385 5213 meum
1410 5160 1507 5212 ⁷³.»
1537 5158 1699 5231 402,
1730 5161 1882 5215 Dedit
1909 5177 2087 5216 autem

512 5260 667 5313 nobis
714 5255 877 5320 Deus,
935 5255 1026 5324 qui
1061 5264 1281 5324 propter
1316 5269 1412 5306 nos
1447 5255 1762 5307 incarnatus
1795 5263 1895 5317 est,
1930 5266 2086 5322 pote-

508 5361 699 5404 Slnletll
742 5346 979 5401 calcandi
1008 5361 1168 5413 super
1212 5359 1425 5398 omnem
1481 5345 1735 5398 virtutem
1785 5347 1987 5401 inimici
2017 5349 2084 5403 ".

511 5433 716 5495 Idcirco
737 5448 789 5493 et
820 5437 1074 5507 quoniam
1098 5439 1148 5490 in
1181 5452 1345 5491 carne
1381 5438 1707 5492 cxsistentes
1756 5453 1866 5492 non
1896 5454 2090 5495 carna-

508 5535 576 5587 lia
610 5548 757 5584 arma
801 5531 1089 5592 habemus,
1121 5530 1331 5584 etiamsi
1362 5531 1549 5584 decem
1595 5531 1758 5584 millia
1812 5533 2094 5588 videamur

511 5625 730 5687 habere,
766 5639 829 5675 eo
876 5621 1019 5689 quod
1067 5619 1116 5670 in
1160 5635 1383 5688 corpore
1425 5635 1649 5686 sumus;
1694 5630 1746 5675 ct
1787 5623 1859 5678 illi
1905 5626 2094 5692 viginti

515 5715 676 5768 millia
700 5752 715 5778 ,
760 5728 823 5767 eo
867 5711 1008 5781 quod
1042 5712 1368 5780 incorporeas
1398 5725 1605 5768 natura:
1641 5725 1768 5771 sunt
1796 5734 1810 5771 :
1851 5726 2096 5772 attamen

582 5892 629 5927 "
661 5891 675 5943 l
705 5893 826 5948 Cor.
863 5906 945 5955 ιιι,
982 5892 1065 5944 ll.
1143 5892 1187 5926 “
1221 5890 1364 5947 Psal.
1402 5906 1512 5960 ιιι,
1555 5894 1635 5950 id.

1713 5898 1757 5929 7'
1783 5897 1921 5953 Psal.
1953 5915 2076 5954 xm
2128 5907 2174 5953 1.

2200 4719 2490 4785 σωμάτους
2532 4719 2675 4786 filiai;
2730 4720 3175 4790 συγκρινόμενοι,
3221 4721 3441 4775 πλείονα
3500 4723 3598 4793 τὴν
3640 4727 3791 4793 ἰσχὺν

2196 4808 2448 4861 δοκοῦσιν
2497 4809 2674 4878 ἔχειν·
2708 4809 2810 4862 κᾶν
2836 4810 2927 4863 οὖν
2961 4811 3195 4865 δοκῶσιν
3259 4814 3629 4884 ἰσχυρότεροι,
3679 4817 3792 4869 ἀλλ’

2193 4900 2354 4969 ἡμεῖς
2379 4899 2653 4968 δυνάμεθα
2669 4900 3263 4969 ἀντιπαρατάσσεσθαι·
3279 4921 3296 4953 ι
3331 4904 3416 4955 Ἐν
3435 4903 3515 4974 τῷ
3529 4904 3790 4973 Θεῷγάρ,

2196 4992 2354 5061 φησι,
2382 4993 2682 5060 ποιήσομεν
2711 4992 2941 5062 δύναμιν
2963 5008 2976 5020 ·
3014 5013 3031 5044 ι
3059 4995 3151 5046 καί
3178 5010 3192 5024 '
3230 5016 3248 5047 ι
3282 4999 3484 5066 Κύριος
3513 4998 3790 5067 φωτισμρς

2203 5100 2304 5153 μου
2336 5084 2428 5135 καὶ
2456 5084 2648 5154 Σωτήρ
2679 5101 2803 5153 μου,
2832 5085 2955 5138 τίνα
2998 5087 3386 5156 φοὸηθήσομαι
3411 5106 3424 5154 ;
3449 5087 3578 5140 Ἐάν
3613 5106 3792 5158 παρι-

2199 5173 2426 5242 τάξηται
2451 5174 2537 5226 ἐπ’
2567 5177 2664 5243 ἐμὲ
2692 5177 3036 5247 παρεμϐολὴ,
3061 5179 3120 5230 οὐ
3145 5180 3516 5250 φοϐηθήσεται
3545 5184 3575 5250 ἡ
3600 5184 3792 5251 καρδία

2205 5279 2328 5331 μου.
2369 5283 2386 5314 ι
2426 5264 2634 5317 Δέδωκε
2673 5265 2728 5317 δὲ
2761 5268 2892 5335 ἡμῖν
2919 5273 3138 5330 πάντως
3163 5272 3190 5321 ὁ
3219 5271 3524 5342 σαρκωθε“ις
3549 5275 3616 5325 δι’
3649 5275 3790 5343 ἡμᾶς

2201 5355 2329 5418 Θεὸς
2357 5359 2544 5408 πατεῖν
2574 5359 2666 5410 ἐπὶ
2719 5362 2901 5413 πᾶσαν
2929 5363 3026 5431 τὴν
3053 5363 3287 5432 δύναμιν
3315 5365 3410 5416 τοῦ
3449 5367 3666 5434 ἐχθροῦ.
3707 5370 3790 5418 Διὸ

2200 5451 2292 5500 καὶ
2325 5449 2513 5519 ἐπειδὴ
2538 5453 2594 5502 ὲν
2628 5454 2791 5522 σαρκὶ
2816 5453 2991 5518 ὃιτεε,
3023 5457 3084 5508 οὐ
3134 5459 3374 5527 σαρκικά
3401 5459 3541 5511 ὅπλα
3574 5464 3788 5529 ἐχομεν,

2199 5540 2304 5592 κᾶν
2352 5541 2482 5594 δέκα
2508 5543 2753 5612 χιλιάδας
2781 5545 3030 5615 δοκῶμεν
3073 5547 3239 5618 ἔχειν,
3281 5552 3368 5605 διὰ
3409 5553 3470 5604 τὺ
3500 5556 3554 5604 ἐν
3579 5557 3790 5622 σώματι

2196 5626 2356 5696 εἶναι,
2395 5634 2622 5686 ἐκείνων
2650 5635 2823 5690 εἴκοσι
2865 5640 3120 5708 χιλιάδων
3151 5641 3321 5694 ὀντων
3345 5643 3436 5696 διὰ
3469 5645 3531 5696 τὸ
3566 5645 3787 5713 ἀσώμα-

2198 5740 2290 5774 τον
2325 5724 2420 5793 τῆς
2449 5725 2689 5793 φύσεως,
2711 5729 2856 5796 ὅμως
2887 5733 3062 5798 λέγειν
3093 5733 3385 5803 ὀφῖίλομεν
3422 5753 3434 5766 ’
3478 5755 3494 5787 ι
3536 5737 3729 5806 Κύριο,
3761 5737 3786 5788 ὁ

2260 5903 2305 5937 ⁷³
2342 5902 2476 5958 Lac.
2515 5922 2565 5968 Χ,
2604 5905 2688 5959 19.
