4030 6432
461 347 563 407 947

1312 348 1895 412 TIIEOPIIYLACTI
1939 353 2193 413 BULGA
2207 350 2355 411 BHE
2394 350 2595 410 ΑΠΟίί
2610 350 2755 409 [ΕΡ.

3623 340 3731 404 9-13

458 460 632 513 donec
704 458 943 512 inveniat
1023 460 1188 514 eam?
1258 470 1312 515 et
1381 478 1503 516 cum
1565 464 1835 518 invenerit
1899 478 2042 518 eam.

2159 462 2264 525 ἕως
2315 461 2450 533 εὕρῃ
2502 461 2635 514 αύτό
2667 476 2679 491 ·
2748 461 2842 512 καὶ
2897 459 3076 529 εὑρών
3120 456 3430 525 ἐπιτίθησιν
3480 454 3579 507 ἐπὶ
3630 453 3761 507 τοὺς

461 551 686 621 imponit
735 551 785 604 in
849 551 1103 607 humeros
1176 567 1301 606 suos
1364 555 1639 622 gaudens,
1712 555 2047 626 veniensque

461 647 702 708 domum,
740 654 1009 699 convocat
1044 644 1249 700 amicos
1295 654 1368 700 et.
1420 647 1650 711 vicinos,
1682 646 1870 702 dicens
1901 646 2043 703 illis:

458 737 703 792 Gaudete
759 752 1004 803 mecum,
1070 738 1194 806 quia
1247 738 1426 792 inveni
1494 753 1649 794 ovem
1702 755 1876 793 tneam
1926 754 2047 809 qua:

458 828 717 894 perierat.
780 826 911 883 Dico
979 829 1153 889 vobis,
1208 830 1349 900 quod
1395 831 1467 884 ita
1521 830 1774 899 gaudium
1826 830 1931 885 erit
1990 830 2043 883 in

455 921 595 975 cmlo
667 936 829 990 super
890 935 996 973 uno
1063 933 1351 991 peccatore
1418 924 1792 992 resipiscente,
1873 922 2045 990 magis

453 1030 618 1081 quam
679 1028 839 1081 super
877 1014 1166 1083 nonaginta
1201 1030 1391 1069 novem
1444 1015 1631 1084 justis,
1676 1015 1766 1083 qui
1800 1029 1903 1069 non
1963 1013 2047 1067 iu-

457 1105 643 1173 digent
668 1106 1016 1173 paenitentia.
1074 1107 1181 1163 Ant
1245 1123 1362 1173 qua:
1417 1106 1610 1161 mulier
1662 1107 1867 1166 habens
1916 1108 2043 1161 dra-

454 1201 647 1252 cltmas
683 1197 890 1259 decem,
925 1196 969 1250 si
994 1196 1292 1265 perdiderit
1319 1198 1632 1252 drachmam
1658 1213 1842 1261 unam,
1870 1211 2047 1256 nonne

454 1288 704 1343 accendit
748 1289 1043 1354 lucernam,
1098 1300 1153 1343 et
1210 1290 1381 1343 verrit
1446 1289 1687 1357 domum,
1747 1290 2045 1360 quaritque

453 1382 740 1451 diligenter
761 1382 932 1437 donec
982 1382 1345 1447 iuveniat?et
1394 1399 1515 1437 etnn
1567 1384 1794 1448 invenit,
1850 1398 2048 1438 convo-

452 1484 541 1527 cat
580 1474 782 1528 amicas
835 1490 901 1529 ac
950 1475 1454 1540 vicinas,dicens:
1516 1474 1761 1531 Gaudete
1810 1490 2043 1539 mecum,

451 1566 575 1634 quia
613 1566 789 1620 inveni
845 1567 1155 1622 drachmam
1183 1582 1344 1644 quam
1397 1566 1764 1637 perdideram.
1803 1566 1879 1621 Ita
1922 1568 2047 1622 dico

453 1658 627 1722 vobis,
662 1659 914 1726 gaudium
949 1659 1052 1713 erit
1098 1674 1282 1713 coram
1335 1659 1543 1729 angelis
1600 1658 1690 1714 Dei
1715 1674 1880 1729 super
1939 1674 2047 1712 ttno

454 1763 738 1819 peccatore
802 1752 1172 1823 resipiscenle.
1205 1771 1224 1805 ι
1300 1752 1561 1808 Dominus
1632 1752 1848 1822 quidem
1917 1750 2044 1805 illud

454 1844 708 1909 faciebat,
746 1845 900 1914 cujus
952 1847 1124 1914 gratia
1184 1848 1501 1901 incarnatus
1546 1854 1650 1909 est,
1683 1844 1949 1898 accedens
1975 1842 2042 1894 ad

2151 1840 2442 1912 ἐσαρκώθη
2462 1883 2478 1906 ,
2541 1841 2901 1913 προσιέμενος

453 1936 772 2005 publicanos
797 1946 853 1992 et
880 1950 1219 2009 peccatores,
1257 1950 1513 2006 tanquam
1553 1935 1799 1990 medicus
1842 1932 1909 1988 ad
1961 1934 2044 1987 in-

455 2028 661 2084 ﬁrmos.
696 2029 796 2096 Qui
834 2040 1014 2084 autem
1057 2045 1243 2089 revera
1291 2040 1612 2099 peccatores
1665 2038 1825 2083 erant
1854 2024 2047 2081 Phari-

451 2122 1148 2184 smi,obmurmurationem
1194 2132 1357 2179 tautze
1410 2120 1734 2179 humanitati
1790 2119 2048 2191 repende-

454 2217 603 2269 bant.
656 2216 1064 2272 Abominabiles
1117 2216 1263 2270 enim
1334 2213 1634 2271 censebant
1702 2213 2044 2284 publicanos,

453 2308 552 2376 ipsi
586 2320 767 2363 autem
805 2311 993 2363 domos
1016 2308 1301 2361 viduarum
1333 2316 1386 2361 et
1426 2307 1803 2369 orpltanorum
1862 2320 2048 2359 come-

453 2401 672 2454 debent.
740 2400 880 2467 Quid
926 2399 1086 2469 igitur
1135 2398 1433 2453 Dominus?
1502 2396 1656 2452 Sicut
1733 2397 2046 2453 misericors

451 2500 722 2563 eratcrga
745 2491 1081 2561 publicanos,
1128 2491 1203 2544 ita
1252 2500 1307 2543 et
1359 2504 1486 2559 erga
1537 2489 1681 2553 illos,
1736 2489 1827 2560 qui
1887 2504 2041 2543 suam

450 2583 927 2638 calumniabantur
965 2582 1415 2638 misericordiam.
1457 2582 1577 2636 Non
1628 2579 1775 2636 enim
1821 2595 2042 2636 aversa-

450 2683 543 2730 tur
586 2690 682 2730 cos
737 2683 993 2747 tanquam
1057 2674 1383 2729 insanabiles
1434 2684 1489 2729 et
1536 2674 2041 2738 obmurmurantes,

451 2766 549 2823 sed
595 2777 882 2823 mansuete
939 2776 1116 2832 sanat,
1182 2766 1493 2836 parabolam
1545 2766 1686 2825 hanc
1736 2765 1805 2820 de
1852 2765 2045 2820 ovibus

449 2858 684 2914 dicens:
721 2868 777 2914 et
830 2859 899 2915 de
942 2857 1244 2915 manifestis
1278 2870 1333 2913 et
1386 2859 1554 2913 certis
1601 2858 1681 2913 eis
1731 2858 2041 2926 persuadet,

449 2960 503 3003 et
533 2948 781 3004 confutat
823 2950 916 3015 ita,
970 2964 1038 3004 ne
1083 2963 1229 3020 agre
1278 2952 1455 3005 ferant
1515 2958 1719 3003 tantam
1782 2948 2041 3003 bonitatis

450 3040 796 3100 t-misionetn.
823 3039 959 3095 Nam
989 3041 1033 3096 si
1061 3040 1115 3096 in
1149 3055 1251 3096 ove
1288 3056 1395 3095 una
1454 3038 1780 3102 irrationali.
1810 3054 1928 3109 qua:
1970 3039 2038 3093 ad

452 3134 740 3204 imaginem
775 3133 867 3188 Dei
899 3149 1004 3188 non
1038 3131 1306 3199 estfacta,
1341 3133 1385 3188 si
1422 3148 1546 3188 cum
1591 3133 1877 3198 erraverit,
1922 3132 2037 3186 fue—
2063 3167 2109 3229 ο

450 3223 520 3276 rit
550 3224 784 3285 inventa.
817 3222 1079 3293 gaudium
1100 3222 1159 3277 lit
1187 3230 1394 3277 tantum
1422 3230 1717 3291 :quantum
1740 3221 2038 3275 verisimile

448 3321 533 3369 est
572 3313 686 3369 ﬂeri
714 3315 766 3367 in
798 3314 1015 3370 homine
1044 3313 1288 3375 rationali
1317 3312 1386 3368 ad
1428 3313 1718 3384 imaginem
1768 3312 1860 3367 Dei
1907 3328 2043 3368 con-

449 3406 605 3461 dito?
633 3406 917 3475 Manifeste
941 3408 1104 3477 igitur
1133 3406 1384 3475 parabola
1410 3406 1524 3460 haec
1563 3405 1744 3474 justus
1766 3405 1900 3460 dicit
1945 3421 2041 3474 per

447 3516 578 3555 oves
622 3501 913 3574 nonaginta
957 3515 1192 3567 novem;
1228 3508 1282 3565 et
1314 3515 1411 3570 per
1461 3515 1642 3563 unam,
1697 3509 2037 3569 peccatorem

453 3593 544 3661 qui
579 3594 835 3662 perierat.
872 3593 1063 3647 Dicunt
1104 3602 1287 3646 autem
1340 3592 1584 3650 nonnulli
1636 3602 1852 3646 centum
1911 3604 2041 3644 oves

447 3700 667 3739 omnem
694 3694 1002 3739 creaturam
1034 3685 1348 3740 rationalem
1376 3700 1390 3739 :
1422 3700 1584 3739 unam
1634 3694 1815 3738 autem
1859 3697 2037 3746 ovem,

450 3777 734 3832 taliOnalis
766 3767 1307 3844 naturae-hominem,
1334 3791 1496 3843 quam
1527 3784 1797 3830 errantem
1854 3775 2039 3843 rcqui-

451 3870 577 3922 sivit
612 3869 801 3923 Pastor
837 3872 1038 3941 bonus,_
1063 3868 1267 3923 relictis
1300 3868 1594 3938 nonaginta
1646 3881 1838 3921 novem
1871 3867 1921 3920 in
1950 3881 2041 3921 so-

452 3960 702 4026 litudine,
737 3962 839 4017 hoc
868 3972 971 4029 est,
1009 3966 1059 4015 in
1085 3975 1322 4029 superno
1355 3961 1473 4015 loco
1513 3960 1741 4015 caelesti.
1792 3959 2041 4015 Solitudo

449 4054 593 4106 enim
622 4064 707 4107 est
737 4057 955 4120 emtum,
989 4068 1018 4107 a
1044 4055 1319 4107 nittndano
1354 4053 1582 4107 tumultu
1608 4060 2038 4123 sequestratutn,

452 4156 507 4200 ct
546 4147 761 4215 plenum
809 4152 954 4210 omni
1004 4146 1397 4216 tranquillitate
1446 4160 1511 4199 ac
1565 4160 1717 4214 pace.
1780 4145 2039 4200 Dominus

454 4254 583 4291 vero
615 4249 669 4292 ut
709 4239 913 4292 invenit
952 4239 1100 4291 illam
1149 4253 1269 4309 quas
1320 4246 1619 4300 erraverat,
1672 4238 1927 4307 imposuit
1988 4239 2038 4289 in

455 4334 731 4391 humeros.
766 4332 1119 4387 lnlirmitates
1149 4332 1291 4385 enim
1324 4338 1540 4385 nostras
1567 4338 1621 4383 et
1656 4336 1876 4396 peccata
1908 4343 2038 4382 nos-

454 4439 533 4478 tra
568 4423 733 4497 405
758 4426 868 4494 ipse
892 4427 1144 4495 portavit.
1183 4434 1233 4478 et
1267 4423 1445 4477 omnia
1480 4437 1646 4476 onera
1696 4431 1880 4478 nostra
1932 4436 2037 4474 non

452 4524 715 4587 gravatim
763 4519 876 4588 ipse
947 4500 1208 4583 suscepit,
1266 4516 1553 4586 persolutis
1620 4516 1870 4569 omnibus
1916 4530 2036 4585 qua:

450 4612 802 4675 debebamus,
832 4618 887 4663 et
925 4626 1022 4662 nos
1062 4620 1253 4677 sponte
1281 4624 1343 4661 ac
1387 4609 1616 4662 libenter
1656 4608 1889 4676 portavit
1944 4623 2038 4661 us—

454 4719 559 4767 que
599 4703 649 4755 in
682 4704 901 4758 domum
931 4718 1108 4762 suam,
1144 4703 1244 4755 hoc
1275 4711 1376 4765 est,
1420 4703 1473 4754 in
1517 4703 1738 4754 cadum.
1762 4704 2039 4757 Convocat

455 4794 660 4846 atniros
688 4804 739 4845 et
772 4793 998 4853 vicinos,
1052 4793 1299 4847 fortassis
1349 4793 1590 4862 angelos,
1622 4809 1758 4861 quos
1807 4804 1860 4847 et
1913 4811 2039 4851 oves

451 4887 689 4939 diximus
721 4900 841 4945 esse
870 4886 1021 4954 juxta
1056 4885 1215 4937 aliam
1252 4895 1303 4941 et
1325 4886 1485 4944 aliam
1534 4886 1877 4941 relationem.
1907 4885 2037 4945 Nam

454 4981 750 5033 secundum
783 4981 922 5047 quod
971 4979 1149 5032 omnis
1188 4987 1439 5033 creatura
1488 4981 1705 5033 condita
1752 4983 1817 5033 ad
1872 4983 2036 5034 Deum

452 5073 748 5136 cntil'erlur,
788 5074 1010 5140 pecuina
1038 5083 1119 5126 cst
1153 5085 1205 5127 et
1259 5074 1434 5139 bruta,
1486 5085 1539 5128 et
1587 5076 1885 5129 securtdum
1938 5075 2041 5129 hoc

451 5162 802 5230 dicuntur(a)
830 5164 990 5224 etiam
1013 5178 1257 5230 superna:
1279 5166 1504 5219 virtutes
1526 5180 1683 5229 oves;
1711 5165 2039 5234 inquantunt

455 5266 582 5301 vero
616 5251 931 5315 rationales,
970 5253 1017 5305 id
1072 5264 1157 5311 est
1205 5257 1620 5321 intellectuales,
1668 5269 1722 5310 et
1776 5269 2044 5328 quatenus

457 5343 575 5393 aliis
661 5361 929 5399 creatais
1009 5348 1294 5402 viciniores
1363 5351 1645 5414 videntur,
1731 5351 2034 5405 secunlum

456 5432 555 5486 line
584 5434 741 5487 amici
788 5446 841 5489 et
892 5438 1050 5491 vitini
1116 5440 1336 5510 intelligi
1395 5453 1620 5510 possunt
1673 5444 2036 5513 angelicarntn

2152 552 2337 624 ὤμους
2371 552 2539 605 αὐτοῦ
2572 555 2814 624 χαίρων.
2850 554 2941 606 καὶ
2973 551 3146 605 ἐλθὼν
3172 553 3252 614 εἰς
3284 551 3373 602 τὸν
3405 544 3560 601 οἷκον
3586 544 3757 598 αὐτοῦ

2153 647 2413 713 συγκαλεί
2435 646 2562 708 τοὺς
2587 646 2773 714 φίλους
2804 646 2896 698 καὶ
2920 646 3047 707 τοὺς
3069 644 3317 713 γείτονας
3344 643 3520 709 λέγων
3542 640 3754 700 αὐτοῑςο

2154 737 2478 808 Συγχὰρητέ
2514 754 2625 808 μοι,
2660 738 2743 791 ὅτι
2774 731 2932 809 εὗρον
2962 737 3023 789 τὸ
3056 736 3333 807 πρόϐατόν
3377 750 3481 803 μου
3513 731 3577 784 τὸ
3610 730 3755 784 ἀπο-

2149 832 2355 899 λωλό;;
2410 815 2571 901 Λέγω
2608 834 2769 901 ὑμῖν,
2812 834 2894 884 ὅτι
2930 832 3076 885 οὕτω
3110 829 3256 902 χαρά
3296 831 3354 881 ἐν
3400 828 3481 897 τῷ
3530 822 3755 897 οὐρανῷ

2151 925 2306 989 ἔσται.
2339 927 2432 979 ἐπὶ
2461 926 2543 979 ἑνὶ
2570 924 2882 995 ἀμαρτωλῷ
2913 923 3304 995 μετανοοῦντι,
3331 923 3365 991 ἢ
3397 921 3495 974 ἐπὶ
3528 921 3754 982 ἐννενη-

2150 1014 2475 1068 κοντιεννέα
2503 1015 2759 1079 δικαίοις,
2796 1016 2995 1077 οἵτινες
3029 1015 3090 1067 οὐ
3122 1012 3313 1083 χρείαν
3350 1012 3534 1083 ἔχουσι
3580 1026 3757 1079 μετα-

2149 1107 2317 1170 νοίας.
2358 1107 2427 1159 Ἦ
2461 1106 2545 1171 τίς
2576 1109 2713 1175 γυνὴ
2757 1106 3007 1178 δραχμὰς
3034 1104 3233 1175 ἔχουσα
3270 1104 3406 1157 δέκα
3427 1146 3443 1169 ,
3478 1102 3575 1155 ἐὰν
3612 1102 3753 1156 ἀπο-

2150 1200 2284 1271 λέσῃ
2312 1178 2774 1269 δραχμὴνίμίαν,
2821 1199 2942 1267 οὑχί
2973 1199 3137 1251 ἆπτει
3183 1196 3409 1267 λύχνον,
3454 1195 3551 1248 καὶ
3597 1196 3761 1263 σαροῖ

2151 1290 2250 1358 τὴν
2281 1290 2496 1355 οἰκίαν,
2528 1290 2619 1343 καὶ
2648 1290 2801 1358 ζητεί
2835 1290 3143 1359 ἐπιμελῶς,
3172 1289 3276 1351 ἕως
3301 1289 3427 1341 ὅτου
3461 1285 3631 1356 εὕρῃ,
3663 1285 3759 1338 καὶ

2150 1382 2419 1451 εὑροῦσα.
2475 1383 2739 1449 συγκαλεί
2768 1383 2871 1446 τὰς
2903 1384 3066 1451 φίλας
3105 1382 3200 1435 καὶ
3230 1383 3331 1444 τάς
3368 1364 3633 1449 γείτονας
3670 1378 3757 1431 M-

2150 1491 2365 1541 γουσα·
2414 1474 2740 1544 Συγχάρητὲ
2784 1492 2909 1543 μοι,
2960 1476 3043 1528 ὅτι
3094 1466 3255 1544 εὗρον
3312 1473 3412 1542 τὴν
3457 1470 3755 1542 δραχμὴν,

2148 1569 2217 1639 ἣν
2249 1566 2542 1633 ἀπώλεσα;
2587 1566 2744 1621 Οὕτω
2789 1567 2934 1636 λέγω
2975 1568 3125 1639 ὑμῖν,
3161 1566 3308 1637 χαρὶ
3362 1565 3575 1632 γίνεται
3620 1560 3758 1617 twn.

2153 1676 2277 1711 πιον
2307 1658 2417 1712 τῶν
2441 1658 2693 1728 ἀγγέλων
2721 1657 2815 1711 τοῦ
2843 1657 2980 1713 Θεοῦ
3004 1658 3097 1711 ἐπὶ
3120 1659 3201 1711 ἐνὶ
3227 1653 3546 1727 ἁμαρτωλῷ
3587 1671 3758 1724 μετα-

2150 1750 2379 1807 νοοῦντι.
2424 1750 2487 1804 Ὀ
2521 1750 2622 1820 μέν
2652 1748 2856 1820 Κύριος
2884 1752 3060 1803 ἐκεῖνο
3117 1749 3293 1803 ἐποίει
3326 1741 3389 1801 οὗ
3421 1748 3615 1801 ἕνεκεν
3657 1746 3757 1799 καὶ

2993 1842 3121 1905 τοὺς
3182 1840 3427 1901 τελώνας
3482 1839 3579 1893 καὶ
3627 1838 3760 1901 τοὺς

2153 1934 2549 2004 ἁμαρτωλοὺς,
2604 1933 2680 1995 ὡς
2734 1932 2920 2002 ἰατρὸς
2972 1934 3101 1996 τοὺς
3152 1932 3557 1995 ἀσθενοῦντας·
3611 1932 3661 1983 οἰ
3701 1930 3759 1982 δὲ

2148 2027 2467 2099 ἀμαρτωλοί
2500 2027 2579 2097 τῷ
2612 2028 2727 2080 ϐντι
2761 2028 3049 2098 Φαρισαῖοι
3089 2024 3393 2095 γογγυσμῷ
3422 2024 3525 2095 τὴν
3562 2023 3763 2092 φιλαν-

2151 2121 2400 2195 θρωπίαν
2442 2120 2649 2191 ταύτην
2685 2120 2981 2191 ἠμείϐοντο
3004 2138 3018 2152 ο
3070 2120 3395 2191 βδελυκτοὺς
3440 2117 3552 2187 γὰρ
3586 2115 3760 2187 ἠγούο

2153 2233 2306 2283 μενοι
2334 2215 2462 2278 τοὺς
2491 2213 2752 2277 τελώνας,
2784 2213 2941 2266 αὐτοὶ
2969 2213 3069 2275 τὰς
3094 2214 3272 2276 οἰκίας
3302 2212 3413 2264 τῶν
3438 2210 3631 2281 χηρῶν
3657 2210 3757 2261 καὶ

2147 2307 2256 2361 τῶν
2288 2305 2543 2375 ὀρφανῶν
2586 2304 2905 2374 κατήσθιον.
2941 2304 3008 2357 Τί
3050 2302 3143 2365 οῦν
3178 2306 3206 2357 ὁ
3247 2302 3487 2375 Κύριος;
3534 2302 3759 2370 Ὥσπερ

2150 2399 2286 2469 πρὸς
2319 2400 2447 2461 τοὺς
2496 2398 2737 2460 τελώνας
2774 2394 3287 2468 ἐφιλανθρωπεύετο
3309 2436 3323 2461 ,
3356 2392 3505 2451 οὕτω
3546 2393 3613 2463 δὴ
3660 2391 3758 2444 καὶ

2147 2491 2285 2560 πρὸς
2318 2489 2544 2553 τούτους
2583 2490 2784 2553 αὐτοὺς
2812 2490 2939 2551 τοὺς
2964 2488 3063 2557 τὴν
3090 2486 3511 2558 φιλανθρωπίαν
3544 2484 3757 2555 ταύτην

2145 2583 2568 2648 διαϐάλλοντας·
2622 2582 2682 2635 ού
2748 2583 2857 2651 γὰρ
2922 2580 3330 2650 ἀποστρέφεται
3388 2577 3617 2639 τούτους
3675 2576 3759 2638 ὡς

2146 2678 2399 2736 ἀνιάτους
2428 2675 2505 2744 (5i
2540 2674 2632 2728 καὶ
2663 2674 2996 2743 γογγυστάς,
3027 2672 3166 2726 ἀλλά
3197 2671 3421 2743 πραέως
3448 2667 3757 2742 θεραπεύει

2146 2767 2463 2839 παραϐολὴν
2513 2767 2699 2829 αὐτοῖς
2748 2766 2925 2835 λέγων
2979 2766 3081 2833 τὴν
3127 2763 3235 2817 τῶν
3280 2762 3611 2834 προϐάτων,
3656 2760 3758 2815 καὶ

2145 2861 2254 2916 ἀπὸ
2295 2860 2403 2913 τῶν
2448 2858 2704 2931 ἐναργῶν
2740 2860 2834 2911 καὶ
2865 2856 3117 2929 φανερῶν
3150 2856 3356 2910 πείθων
3388 2854 3622 2920 αὐτοὺς,
3654 2854 3757 2907 καὶ

2145 2954 2519 3024 ἐπιστομίζων
2568 2952 2643 3022 μὴ
2677 2951 3058 3022 δυσχεραίνειν
3102 2950 3194 3004 ἐπὶ
3241 2948 3320 3020 τῷ
3354 2947 3599 3016 τοσούτῳ
3646 2948 3754 3016 τῆς

2145 3048 2483 3118 ἀγαθότητος
2502 3045 2733 3116 κύματι.
2763 3046 2958 3102 Καίτοι
2974 3046 3022 3097 εἰ
3040 3045 3133 3097 ἐπί
3156 3042 3417 3115 προϐάτῳ
3436 3042 3519 3095 ἐνὶ
3542 3040 3751 3109 ἀλόγῳ,

2143 3142 2239 3193 καὶ
2277 3138 2352 3211 μὴ
2383 3139 2507 3192 κατ’
2539 3138 2726 3192 εἰκόνα
2766 3136 2902 3190 Θεοῦ
2943 3134 3297 3208 γεγενημένῳ
3327 3132 3568 3200 τοσαύτη
3601 3131 3755 3201 καρά

2143 3233 2354 3302 γίνεται
2386 3230 2668 3300 εὑρεθέντι
2703 3230 2844 3300 μετὰ
2874 3229 2934 3283 τὸ
2970 3227 3340 3297 πλανηθῆναι,
3372 3224 3551 3293 πόσην
3597 3222 3752 3289 εἰκὸς

2146 3324 2395 3393 γίνεσθαι
2427 3324 2520 3377 ἐπὶ
2557 3322 2831 3394 ἀνθρώπῳ
2858 3320 3065 3393 λογικῷ
3102 3320 3221 3374 κατ’
3253 3319 3440 3373 εἰκόνα
3479 3315 3619 3369 Θεοῦ
3654 3318 3747 3369 δε-

2144 3416 2649 3487 δημιουργημένῳ;
2708 3414 3002 3484 Προδήλως
3061 3414 3159 3484 μὲν
3210 3408 3303 3466 οὖν
3360 3413 3394 3480 ἡ
3455 3405 3749 3480 παραϐολὴ

2144 3510 2269 3571 τοὺς
2298 3508 2543 3569 δικαίους
2593 3506 2729 3577 φησί
2760 3506 3015 3574 πρόϐατα
3048 3502 3573 3576 ἐννενηκονταεννέα
3592 3542 3609 3565 ,
3652 3500 3751 3551 καὶ

2144 3602 2202 3654 ἓν
2247 3602 2338 3655 τὸν
2379 3600 2683 3653 ἐκπεσόντα
2704 3599 3059 3670 ἀμαρτωλόν.
3097 3596 3238 3651 Φασὶ
3271 3595 3328 3649 δέ
3368 3612 3514 3657 τινες
3548 3591 3755 3647 ἑκατὸν.

2148 3694 2246 3764 μὲν
2281 3692 2531 3763 πρόϐατα
2566 3693 2748 3747 πᾶσαν
2787 3692 2887 3762 τὴν
2918 3692 3145 3761 λογικὴν
3184 3689 3383 3751 κτίσιν,
3421 3686 3481 3739 ἐν
3521 3684 3580 3738 δὲ
3617 3685 3751 3756 πρό-

2150 3786 2314 3840 ϐατον
2342 3786 2441 3855 τῆς
2477 3786 2703 3857 λογικῆς
2743 3786 2963 3855 φύσεως
3001 3785 3094 3838 τὸν
3128 3783 3438 3854 ἄνθρωπον,
3478 3779 3507 3833 δ
3545 3777 3752 3846 πλανη-

2150 3877 2243 3931 θὲν
2274 3876 2610 3947 ἀνεζήτησεν
2646 3878 2673 3928 ὁ
2708 3877 2917 3947 ποιμὴν
2949 3877 2978 3929 ὀ
3010 3874 3195 3937 καλὸς,
3233 3873 3393 3941 ἀφεὶς
3420 3871 3489 3923 τὰ
3526 3871 3752 3937 twen—

2148 3970 2474 4031 κονταεννέα
2534 3971 2591 4022 ἐν
2633 3971 2700 4040 τῇ
2776 3971 3002 4040 ἐρήμῳ,
3054 3968 3369 4028 τουτέστιν,
3413 3966 3472 4017 ἐν
3518 3962 3598 4031 τῷ
3638 3962 3753 4016 ἄνω

2145 4065 2295 4135 τόπῳ
2324 4062 2403 4131 τῷ
2433 4062 2694 4133 οὐρανίῳ.
2744 4062 2994 4134 Ἐρημος
3032 4062 3141 4133 γὰρ
3184 4058 3511 4129 πολυοχλίας
3551 4072 3751 4125 κοσμιτ

2145 4156 2251 4227 κῆς
2305 4155 2697 4225 ἀπῳκισμένος
2732 4156 2759 4207 ὁ
2804 4154 3073 4225 οὐρανὸς,
3114 4156 3209 4207 καὶ
3274 4153 3455 4219 πάσης
3502 4149 3749 4219 γαλήνης

2146 4250 2241 4302 καὶ
2296 4250 2523 4319 εἰρήνης
2591 4248 3047 4318 μεμεστωμένος.
3112 4245 3302 4317 Eapth
3356 4245 3413 4296 δὲ
3462 4245 3491 4295 ὁ
3545 4242 3747 4313 Κύριος

2144 4341 2306 4394 τοῦτο
2332 4342 2395 4393 τὸ
2420 4340 2719 4410 πλανηθέν,
2749 4340 3022 4411 ἐπέθηκεν
3046 4340 3141 4392 ἐπὶ
3172 4338 3298 4400 τοὺς
3327 4336 3515 4406 ὤμους
3553 4333 3743 4387 αὑτοῦ.

2074 4454 2123 4513 D
2148 4434 2260 4497 Τὰς
2297 4435 2404 4505 γὰρ
2441 4433 2726 4497 ἀσθενείας
2770 4434 2931 4505 ἡμῶν
2955 4475 2969 4497 ,
3004 4433 3229 4495 καὶτὰς
3263 4431 3542 4501 ἁμαρτίας
3582 4427 3749 4489 αὐτὸς

2149 4528 2450 4593 ἐϐάστασε,
2494 4530 2586 4581 καὶ
2634 4528 2814 4582 πάντα
2854 4528 2925 4580 τά
2957 4528 3099 4601 βάρη
3127 4527 3284 4599 ἡμῶν
3323 4524 3489 4587 αὐτὸς
3522 4520 3749 4591 ἀϐαρῶς

2149 4620 2471 4685 ἀνεδέξατο·
2516 4622 2694 4673 πάντα
2735 4623 2835 4674 ὅσα
2879 4620 3329 4692 ἐχρεωστοὶμεν,
3371 4619 3535 4677 αὐτὸς
3608 4615 3747 4668 ἀπο-

2150 4712 2385 4783 φλήσσις,
2442 4718 2537 4765 καὶ
2567 4716 2717 4783 ἡμᾶς
2770 4714 2971 4785 ῥᾳδίως
3007 4714 3101 4766 καὶ
3129 4713 3342 4778 ἀπόνως
3386 4709 3567 4772 σώσας
3618 4708 3746 4777 ἄχρι

2150 4804 2245 4855 καὶ
2294 4802 2388 4855 τοῦ
2426 4802 2577 4857 οἴκου
2629 4806 2825 4869 αὐτοῦ,
2872 4808 3153 4872 τουτέστι,
3200 4802 3295 4856 τοῦ
3332 4800 3607 4872 ούρανοῦο
3651 4800 3749 4851 καὶ

2148 4896 2411 4962 συγκαλεῖ
2450 4898 2577 4960 τοὺς
2657 4898 2845 4965 φίλους
2914 4901 3009 4953 καὶ
3067 4901 3194 4960 τοὺς
3254 4900 3539 4965 γείτονας,
3607 4896 3746 4963 τάχα

2144 4989 2270 5051 τοὺς
2298 4990 2589 5057 ἀγγέλπυς,
2620 4991 2713 5053 οὓς
2744 4992 2837 5044 καὶ
2868 4992 3121 5061 πρόϐατα
3150 4988 3287 5044 εἶναι
3316 4990 3745 5059 ἀποδεδώκαμεν

2145 5084 2267 5133 κατ’
2304 5083 2472 5155 ἀλλην
2527 5084 2622 5136 καὶ
2673 5084 2841 5154 ἄλλην
2894 5085 3176 5157 ἐπιϐολήν.
3223 5085 3360 5137 Καθ’
3408 5084 3435 5136 ὃ
3495 5084 3597 5152 μὲν
3636 5083 3744 5153 γὰρ

2147 5178 2296 5229 πᾶσα
2341 5180 2536 5247 κτιστὴ
2580 5179 2743 5245 φύσις
2799 5179 2873 5243 ώς
2910 5182 3047 5249 πρὸς
3090 5180 3222 5232 Θεὸν
3258 5177 3541 5247 κτηνώδης
3585 5178 3741 5235 ἐστὶ,

2144 5271 2281 5321 κατὰ
2327 5272 2485 5323 τοῦτο
2533 5272 2781 5342 πρόϐατα
2830 5274 3081 5326 καλοῖντο
3123 5273 3187 5326 ἂν
3219 5273 3271 5324 αἱ
3315 5272 3427 5325 ἄνω
3455 5272 3738 5339 δυνάμεις.

2148 5362 2299 5413 Καθὸ
2326 5363 2381 5415 δὲ
2405 5363 2642 5431 λογικαὶ,
2678 5366 2846 5436 ῆγουν
2871 5367 3052 5436 νοερσιι
3091 5368 3184 5419 καὶ
3209 5365 3601 5435 πλησιέστεραι
3636 5362 3741 5414 τῶν

2147 5453 2321 5505 ἄλλων
2363 5458 2679 5525 κτισμάτων
2717 5458 3015 5524 δοκοῦσαι,
3069 5460 3210 5513 κατὰ
3260 5457 3417 5510 τοῦτο
3459 5456 3605 5525 φίλοι
3648 5453 3739 5507 καὶ

1415 5583 1500 5641 Ex
1534 5581 1878 5644 collatione
1914 5586 2099 5647 codd.
2137 5591 2365 5653 Venet.
2400 5597 2460 5654 S.
2500 5597 2717 5657 Marci.

527 5696 601 5755 43‘)
642 5696 775 5750 Cod.
806 5698 898 5761 ἐϋ,
948 5700 1254 5768 ’Λννιήτους,
1298 5726 1312 5755 ι
1356 5707 1649 5761 tlententes.
1694 5728 1709 5757 ι

522 5815 644 5889 ruit“.
668 5817 745 5871 lit.
781 5817 898 5871 Litt.
936 5835 985 5872 ut
1023 5822 1065 5871 si
1098 5824 1162 5872 ml
1193 5824 1326 5876 alius
1373 5838 1643 5879 rt'c/tltn'us
1678 5834 2021 5907 tvm/euenit”
2065 5834 2367 5897 rmiunrtlcs,
2406 5836 2675 5902 dicuntur,
2710 5848 2816 5890 εει.
