4030 6412
210 391 330 458 949

905 397 1111 460 ENAR
1125 398 1355 462 RATIO
1390 398 1470 460 ΙΝ
1514 396 1819 460 EVANGE

1931 398 2021 459 1M
2056 403 2295 464 LUC.E.
2334 428 2401 437 -
2437 402 2597 471 CAP.
2638 400 2759 465 XV.

3418 402 3527 469 950

209 509 463 578 γείτονες
491 510 541 565 οἱ
570 509 680 565 τῶν
708 511 1020 581 άγγελικῶν
1046 511 1334 583 δυνάμεων
1359 514 1513 584 χοροὶ
1548 511 1817 581 νοηθεῖεν.

1931 512 2165 567 'irtutum
2198 512 2374 567 chori.
2413 509 2474 565 Et
2512 528 2607 583 per
2650 512 2939 573 mulierem
2985 511 3259 581 intelligas
3307 514 3526 583 sapien-

214 602 332 656 Καὶ
369 604 606 671 γυναῖκα
655 602 714 657 δὲ
755 603 1015 675 νοήσαις,
1052 605 1150 675 τὴν
1194 606 1409 675 σοφίαν,
1442 606 1539 659 καὶ
1584 605 1815 673 δύναμιν

214 695 314 751 τοῦ
349 696 486 751 Θεοῦ
532 698 627 751 καὶ
677 697 893 769 Πατρός
926 700 1021 753 τὸν
1060 700 1228 753 αὐτοῦ
1268 700 1418 763 Υίὸν,
1455 700 1514 763 ὃς
1560 698 1813 753 ἀπώλεσε

215 791 355 862 ⁸μίαν
391 790 642 862 δραχμὴν
701 792 767 846 ἐκ
818 792 928 846 τῶν
981 793 1248 862 λογικῶν,
1306 794 1403 847 καὶ
1455 792 1578 847 κατ’
1627 794 1816 848 είκόνα

213 881 390 937 αὐτοῦ
443 882 776 938 κτισθέντων
832 885 1151 953 κτισμάτων
1200 885 1294 938 τὸν
1343 885 1671 957 ἄνθρωπον,
1719 887 1815 941 καὶ

214 976 385 1031 ἅπτει
411 974 604 1048 λύχνον
623 1018 639 1042 ,
672 976 771 1048 τὴν
796 977 993 1030 ἐαυτοῦ
1032 978 1234 1048 σάρκα.
1272 979 1485 1048 Ὠσπερ
1521 981 1630 1050 γάρ
1660 980 1688 1033 6
1717 979 1814 1034 λύ-

211 1084 341 1138 χνος
397 1069 463 1120 ἐκ
514 1066 621 1135 γῆς
657 1065 735 1120 ὢν
767 1067 835 1120 τὰ
883 1070 1247 1138 ἐσκοτισμένα
1299 1069 1527 1138 φωτίζει
1582 1068 1670 1123 διὰ
1720 1069 1814 1123 τοῦ

204 1159 417 1227 φωτὸς,
447 1152 508 1214 οὗ
539 1158 777 1230 δέχεται,
806 1159 953 1213 οὕτω
977 1161 1126 1232 καὶὴ
1156 1160 1295 1234 σάρξ
1321 1161 1414 1214 τοῦ
1448 1161 1657 1231 Κυρίου
1686 1160 1816 1231 γήϊ-

209 1266 308 1313 νος
342 1246 518 1317 οὖσα,
568 1251 666 1305 καὶ
716 1253 879 1322 ὁμοία
902 1254 1058 1324 ἡμῖν,
1099 1251 1178 1323 τῷ
1208 1254 1350 1322 φωτὶ
1389 1254 1488 1323 τῆς
1526 1253 1813 1324 θεότητος,

206 1340 309 1413 ὑφ’
338 1338 408 1417 ἧς
436 1343 797 1416 προσελήφθη
817 1385 832 1409 ,
873 1344 1039 1416 ἔφανε
1061 1362 1075 1376 ’
1106 1346 1202 1399 καὶ
1235 1347 1343 1419 μὴν
1372 1347 1626 1419 ἐσαρώθη
1661 1348 1758 1401 καὶ
1787 1348 1817 1401 6

208 1432 399 1501 οἶκος,
449 1438 766 1503 τουτέστιν,
812 1437 959 1501 ἅπας
1004 1440 1031 1491 6
1086 1440 1291 1509 κόσμος
1320 1440 1683 1511 άπεκαθάρθη
1717 1439 1817 1511 τῆς

210 1528 517 1600 ἁμαρτίας.
575 1529 817 1600 Χριστὸς
860 1530 969 1602 γάρ
1010 1525 1080 1603 ἦν
1119 1532 1148 1584 6
1194 1530 1369 1604 αἴρων
1404 1533 1504 1601 τὴν
1536 1532 1817 1605 ἁμαρτίαν

206 1621 311 1677 τοῦ
360 1622 591 1692 κόσμου.
648 1622 762 1676 Καὶ
794 1622 858 1693 δὴ
893 1622 1093 1695 εὑρέθη
1125 1622 1159 1693 ή
1190 1623 1431 1694 δραχμὴ.
1486 1624 1519 1695 ἠ
1557 1623 1816 1698 βασιλικὴ

209 1714 402 1779 είκὼν,
438 1714 534 1769 καὶ
558 1715 705 1787 χαρὰ
727 1714 940 1783 γίνεται
970 1714 1121 1786 αὐτῷ
1144 1732 1202 1767 τε
1220 1715 1299 1787 τῷ
1321 1717 1539 1787 εὑρόντι
1567 1716 1814 1789 Χριστῷ,

210 1809 311 1864 καὶ
349 1810 473 1873 ταῖς
507 1809 619 1864 ἄνω
651 1810 977 1880 δυνάμεσιν,
1013 1807 1072 1864 αἱ
1113 1808 1268 1877 φίλαι
1299 1808 1450 1875 αὐτῷ
1497 1810 1593 1863 καὶ
1638 1810 1817 1879 γείτο-

209 1900 307 1966 νές
356 1902 500 1955 εἱσι·
534 1902 688 1969 φίλαι
724 1902 822 1972 μὲν
858 1902 938 1966 ὡς
968 1901 1031 1956 τὺ
1062 1900 1281 1973 θέλημα
1315 1901 1487 1955 αὐτοῦ
1540 1903 1816 1970 ποιοῦσαι,

211 1996 461 2066 γείτονες
504 1996 563 2049 δὲ
607 1996 685 2059 ὡς
717 1996 1026 2069 ἀσώματοι.
1080 1995 1239 2066 Ζητῶ
1284 1996 1342 2050 δέ
1390 1997 1465 2069 μή
1499 2014 1633 2053 ποτε
1666 1998 1819 2067 φίλαι

216 2088 322 2159 μὲν
362 2087 531 2142 αὐτοῦ
568 2091 676 2142 εἰσι
711 2089 886 2143 πᾶσαι
922 2089 979 2142 al
1009 2088 1124 2143 ἄνω
1160 2087 1443 2157 δυνάμεις,
1489 2089 1733 2157 γείτονες
1760 2090 1819 2145 δὲ

209 2180 272 2233 αί
297 2178 712 2250 πλησιέστεραι,
740 2174 852 2234 οἷον
892 2179 1111 2250 Θρόνοι,
1138 2179 1479 2251 Χερουϐεὶμ,
1504 2180 1816 2252 Σεραφείμ.

214 2273 362 2344 Ὅρα
386 2272 498 2345 γάρ
524 2272 625 2345 τὴν
658 2273 828 2341 λέξιν.
865 2292 883 2325 t
924 2273 1036 2327 Kal
1074 2272 1341 2340 συγκαλεῖ
1380 2274 1481 2338 τὰς
1516 2273 1679 2344 φίλας
1728 2274 1819 2329 καὶ

207 2362 313 2427 τὰς
342 2365 616 2433 γείτονας
642 2385 662 2417 ι
688 2364 959 2436 ἐοικεγάρ
990 2363 1085 2419 δύο
1112 2366 1237 2419 τινὰ
1271 2365 1415 2437 μέρη
1449 2366 1818 2438 παραδηλοῦν,

209 2459 262 2513 εί
295 2459 391 2513 καὶ
421 2461 847 2532 περιεργότερον
880 2460 1045 2527 δόξει.

293 2571 311 2605 ι
340 2550 476 2608 Εῐπε
507 2555 586 2608 δέ·
616 2554 1029 2627 Ἀνθρωτοόςτις
1065 2552 1181 2627 εἶχε
1210 2555 1305 2610 δύο
1333 2556 1507 2621 υἱοὺς,
1538 2558 1631 2609 καὶ
1661 2551 1819 2609 εἶπεν

208 2648 239 2700 6
273 2645 543 2721 νεώτερος
569 2649 749 2703 αὐτῶν
773 2650 852 2720 τῷ
883 2650 1093 2723 πατρί·
1129 2650 1336 2721 Πάτερ,
1366 2650 1456 2715 δός
1489 2668 1581 2723 μοι
1611 2651 1671 2704 τὸ
1697 2653 1819 2705 ἐπι-

208 2737 413 2794 ϐάλλον
474 2743 640 2813 μέρος
676 2743 777 2815 τῆς
826 2743 1057 2810 οὐσίας·
1110 2745 1208 2800 καὶ
1245 2744 1446 2800 διεῖλεν
1500 2746 1687 2810 αὐτοῖς
1726 2745 1820 2799 τὸν

214 2832 355 2904 βίον.
382 2835 492 2889 Καὶ
520 2835 641 2907 μετ’
662 2837 722 2891 οὐ
755 2836 959 2903 πολλάς
988 2837 1206 2911 ἡμέρας
1233 2838 1567 2909 συναγαγὼν
1598 2838 1819 2895 ἅπαντα

207 2926 242 2979 6
262 2925 534 2998 νεώτερος
567 2928 705 2995 υίὸς,
733 2928 1095 3001 ἀπεδήμησεν
1120 2932 1203 2995 είς
1232 2930 1421 3003 χώραν
1447 2932 1692 3003 μακράν,
1725 2933 1819 2986 καὶ

215 3020 339 3074 ἐκεῖ
387 3020 741 3095 διεσκόρπισα
789 3023 893 3093 τὴν
944 3024 1138 3079 οὐσίαν
1182 3023 1352 3080 αὐτοῦ
1402 3025 1513 3090 ζῶν
1548 3023 1815 3091 άσὼτως’

208 3113 629 3185 δαπανήσαντος
653 3115 711 3170 δέ
736 3116 905 3170 αὐτοῦ
931 3118 1134 3183 πάντα,
1162 3119 1383 3188 ἐγένετο
1408 3119 1567 3189 λιμδς
1598 3120 1820 3192 ἰσχυρὸς

215 3205 363 3261 κατὰ
401 3206 501 3277 τὴν
536 3205 725 3279 χώραν
774 3208 1014 3282 ἐκείνην,
1058 3210 1157 3264 καὶ
1198 3206 1361 3275 αὐτὸς
1417 3210 1623 3284 ἧρξατο
1664 3212 1822 3267 ὑστε-
1850 3243 1897 3308 C

219 3300 466 3367 ρεῖσθαι,
507 3301 603 3354 καὶ
656 3304 949 3375 πορευθεὶς
990 3305 1260 3378 ἐκολλήθη
1302 3306 1385 3361 ἐνὶ
1430 3307 1541 3361 τῶν
1584 3308 1823 3362 πολιτῶν

216 3394 318 3465 τῆς
368 3394 553 3465 χώρας
595 3396 861 3469 ἐκείνης’
901 3400 998 3453 καὶ
1047 3398 1297 3472 ἐπεμψεν
1349 3401 1516 3456 αὐτὸν
1567 3402 1647 3467 είς
1696 3405 1824 3468 τοὺς

219 3485 428 3555 ἀγροὺς
467 3486 636 3540 αὐτοῦ
680 3488 898 3559 βόσκειν
940 3488 1188 3562 χοίρους,
1234 3493 1331 3547 καὶ
1360 3493 1629 3565 ἐπεθύμει
1667 3494 1826 3565 γεμί-

222 3596 318 3634 σαι
359 3579 463 3650 τὴν
494 3580 702 3635 κοιλίαν
742 3582 910 3637 αὐτοῦ
964 3588 1027 3638 ἐκ
1058 3585 1170 3639 τῶν
1210 3586 1485 3656 κερατίων
1527 3581 1604 3641 ὧν
1634 3587 1825 3659 ἢσθιον

215 3675 272 3727 οι
289 3676 486 3745 χοῖροι,
515 3675 612 3729 καὶ
629 3675 805 3740 οὐδεὶς
830 3676 1004 3731 ἐδίδου
1034 3677 1206 3750 αὐτῷ.
1239 3699 1257 3733 ι
1292 3682 1405 3735 Καὶ
1426 3678 1567 3751 αὐτη
1592 3683 1624 3751 ἠ
1646 3694 1827 3753 παρα-

216 3768 355 3839 δολὴ
376 3767 537 3838 ὁμοία
562 3772 687 3833 ταῖς
720 3770 1126 3842 προλαὸοὐσαις
1149 3774 1301 3828 ἐστίν
1319 3792 1331 3806 ⁸
1356 3776 1570 3845 εἰσάγει
1595 3776 1705 3848 γάρ
1729 3776 1826 3829 καὶ

218 3860 363 3933 αὕτη
381 3862 670 3935 ἄνθρωπον
703 3864 825 3936 μιν,
858 3865 954 3919 τὸν
990 3867 1154 3933 Θεὸν,
1189 3868 1284 3921 τὸν
1314 3867 1486 3933 δντως
1514 3868 1827 3940 φιλάνθρω-

218 3975 345 4012 πονσ
378 3959 527 4023 υἷούς
560 3958 678 4025 δύο,
710 3960 778 4013 τὰ
813 3959 908 4013 δύο
943 3961 1203 4031 τάγματα
1231 3962 1342 4017 τῶν
1383 3964 1715 4035 ἀνθρώπων,
1745 3966 1827 4019 δι-

217 4052 417 4117 καίους
459 4054 603 4128 φημὶ
642 4054 738 4107 καὶ
769 4054 1154 4126 ἁμαρτωλούς.
1196 4052 1333 4110 Εἷπε
1358 4056 1416 4110 δὲ
1454 4058 1481 4110 6
1515 4058 1785 4128 νεώτερος
1808 4074 1823 4090 ο

222 4146 325 4209 Δός
356 4164 447 4216 μοι
478 4148 539 4200 τὸ
587 4147 883 4202 ἐπιϐάλλον
925 4146 1093 4219 μέρος
1127 4150 1227 4219 τῆς
1261 4150 1475 4213 οὐσίας.
1518 4150 1583 4203 Ἥ
1610 4151 1821 4205 δικαιο-

220 4235 361 4308 σύνη
402 4236 501 4308 μὲν
536 4238 766 4309 ἀρχαῖον
814 4241 1002 4310 κτῆμα
1035 4240 1135 4310 τῆς
1183 4241 1536 4312 ἀνθρωπίνης
1586 4242 1825 4310 φύσεως,

216 4330 303 4384 διὸ
354 4331 449 4383 καὶ
496 4332 524 4383 6
579 4330 957 4403 πρεσδύτερος
1000 4333 1116 4396 υἱὸς
1170 4333 1269 4386 οὐκ
1304 4336 1651 4407 άποσκιρτᾷ·
1689 4337 1721 4405 ἠ
1768 4335 1829 4388 δὲ

219 4426 475 4495 ἁμαρτία
506 4425 863 4497 ὐστερογενὲς
885 4427 1079 4491 κακὸν,
1116 4426 1196 4480 διὸ
1225 4430 1320 4483 καὶ
1342 4431 1368 4482 6
1400 4431 1667 4501 νεώτερος
1694 4431 1851 4483 ἁποο·

220 4518 447 4588 σκιρτᾷ,
480 4517 603 4587 ὁτῇ
668 4518 918 4590 ἁμαρτίᾳ
964 4517 1169 4591 δηλαδὴ
1210 4522 1277 4591 τῇ
1347 4520 1577 4591 ὕστερον
1638 4524 1827 4576 ἐπεισ-

1903 603 2033 659 tiam
2066 615 2119 660 et
2161 604 2417 660 virtutem
2466 604 2559 660 Dei
2596 613 2649 659 ct
2690 603 2890 671 Patris,
2946 602 3136 660 Iesum
3181 604 3386 673 ipsum,
3428 607 3522 674 qui

1901 703 2140 774 perdidit
2185 718 2352 759 unam
2411 703 2761 769 drachmam,
2816 718 2883 759 ex
2935 701 3303 757 rationalibus
3347 710 3403 756 et
3457 702 3524 753 ad

1901 797 2194 870 imaginem
2223 797 2313 853 Dei
2334 797 2573 853 conditis
2585 808 2918 863 creaturam,
2947 796 3250 861 hominem,
3277 795 3501 867 inquam
3514 836 3528 859 ,

1902 897 1958 946 et
2016 890 2269 947 accendit
2318 890 2628 957 lucernam,
2686 906 2845 947 suam
2888 906 3139 947 carnem.
3174 890 3334 946 Sicut
3379 889 3528 945 cnim

1904 983 2152 1052 lucerna,
2183 984 2441 1056 quamvis
2488 984 2563 1042 sit
2594 1001 2660 1040 ex
2688 995 2854 1051 terra,
2908 985 3185 1040 illuminat
3236 984 3529 1039 tenebrosa

1918 1086 2018 1143 per
2053 1071 2232 1126 lucem
2272 1086 2437 1141 quam
2461 1072 2686 1142 recipit;
2721 1070 2796 1125 ita
2828 1077 2881 1123 et
2922 1082 3055 1124 caro
3094 1064 3312 1121 Domini
3347 1105 3362 1130 ,
3396 1063 3526 1118 licet

1920 1169 2138 1221 terrena
2178 1175 2347 1231 esset,
2388 1164 2698 1237 similisque
2754 1162 2934 1227 nobis,
2994 1160 3201 1215 lumine
3246 1157 3469 1213 deitatis
3500 1172 3528 1209 a

1919 1272 2025 1326 qua
2056 1267 2333 1328 assumpta
2369 1266 2475 1325 est,
2519 1258 2701 1314 lumen
2730 1254 2998 1314 exhibuit.
3024 1252 3166 1321 Quin
3200 1251 3368 1307 etiam
3403 1265 3530 1305 sco.

1920 1349 2003 1418 pis
2038 1350 2295 1404 mundata
2332 1357 2418 1404 est
2445 1350 2663 1416 domus,
2712 1352 2819 1405 hoc
2841 1356 2929 1403 est
2968 1344 3258 1400 universus
3295 1343 3531 1397 mundus

1920 1450 2245 1513 repurgatus
2280 1450 2363 1496 est
2417 1454 2447 1494 a
2505 1452 2753 1510 peccato.
2801 1439 3057 1496 Christus
3098 1436 3249 1491 enim
3304 1433 3533 1489 abstulit

1922 1543 2205 1603 peccatum
2246 1533 2454 1589 mundi.
2512 1533 2577 1588 Et
2626 1533 2787 1603 plane
2833 1533 3057 1587 inventa
3109 1538 3197 1585 est
3236 1528 3531 1609 drachma.

1922 1625 2070 1695 regia
2126 1624 2339 1682 scilicet
2386 1625 2569 1696 imago
2622 1634 2678 1682 et
2740 1623 2997 1696 gaudium
3043 1619 3148 1677 fuit
3195 1630 3253 1677 et
3311 1618 3534 1676 Christo

1923 1718 2197 1775 inventori
2226 1728 2281 1776 et
2321 1710 2576 1790 supernis
2624 1718 2939 1784 virtutibus,
2991 1729 3114 1787 qua:
3180 1714 3375 1779 amica:
3418 1712 3535 1782 ejus

1922 1821 1980 1867 et
2023 1812 2215 1869 vicina
2238 1820 2412 1868 sunt:
2465 1811 2674 1867 Amica:
2734 1810 2979 1880 quidem,
3027 1808 3155 1879 quia
3192 1806 3535 1863 voluntatem

1928 1906 2051 1978 ejus
2091 1906 2296 1963 faciunt
2325 1924 2340 1963 :
2371 1905 2566 1961 vicinae
2606 1920 2759 1971 vero,
2811 1903 2941 1976 quia
2986 1903 3343 1972 incorporea.
3395 1898 3537 1967 Quid

1928 2008 2113 2054 autem
2148 2000 2190 2054 si
2228 1996 2418 2053 amica:
2443 1997 2557 2053 sint
2587 2012 2783 2054 omnes
2821 2011 3073 2068 supernae
3097 1992 3365 2058 Virtutes,
3397 1990 3538 2047 vici-

1930 2108 2011 2147 πω
2040 2094 2241 2159 autem,
2273 2106 2395 2161 qum
2435 2091 2719 2161 propiores
2758 2090 2832 2158 ei,
2884 2098 2944 2143 ut
2993 2086 3203 2145 Throni
3240 2094 3296 2143 et
3323 2084 3539 2141 Cheru-

1930 2183 2038 2239 him
2061 2182 2084 2236 ἲ
2107 2181 2350 2239 Dicendo
2380 2182 2527 2239 enim
2566 2183 2776 2237 amicas
2809 2190 2866 2237 et
2898 2180 3129 2245 vicinas,
3175 2180 3283 2235 duo
3336 2191 3541 2251 genera

1932 2275 2325 2343 manifestavit,
2354 2274 2610 2347 quamvis
2639 2275 2744 2330 hoc
2787 2273 3060 2330 curiosius
3088 2272 3360 2328 videatur.

2005 2555 2167 2610 Vens.
2204 2556 2388 2614 ll-l6.
2425 2576 2445 2611 ι
2471 2558 2561 2612 Ait
2600 2564 2784 2612 autem
2812 2573 2826 2611 :
2852 2554 3029 2610 llomo
3075 2552 3298 2625 quidam
3351 2550 3545 2608 habuit

1928 2648 2063 2703 duos
2112 2648 2275 2714 ﬁlios,
2333 2659 2390 2704 et
2442 2649 2579 2704 dixit
2628 2646 3037 2703 adolescentior
3091 2645 3310 2701 illorum
3362 2645 3541 2715 patri:

1929 2740 2112 2805 Pater,
2146 2742 2216 2796 da
2251 2740 2383 2795 mihi
2431 2740 2740 2813 portionem
2793 2736 3117 2795 substantia:
3162 2751 3285 2808 quae
3332 2734 3401 2789 ad
3459 2750 3543 2789 me

1929 2836 2092 2891 redit.
2124 2836 2193 2891 Et
2217 2834 2403 2891 divisit
2433 2834 2539 2889 illis
2572 2834 2960 2889 substantiam.
2998 2834 3066 2888 At
3106 2842 3231 2904 post
3274 2830 3393 2886 dies
3437 2845 3543 2884 non

1930 2925 2130 2983 multos
2157 2942 2279 2983 cum
2311 2927 2498 2984 omnia
2526 2927 2918 2993 contraxisset,
2955 2925 3361 2982 adolescentior
3398 2923 3545 2979 illius

1929 3034 2158 3092 peregre
2209 3019 2487 3092 profectus
2517 3028 2602 3077 est
2651 3020 2705 3076 in
2758 3021 3036 3092 regionem
3070 3018 3447 3090 longinquam,
3490 3026 3546 3071 et

1931 3111 2005 3167 ibi
2033 3112 2321 3183 dissipavit
2370 3111 2736 3167 substantiam
2765 3125 2921 3167 suam
2952 3108 3190 3166 vivendo
3219 3107 3498 3165 luxuriose
3527 3123 3544 3161 :

1930 3213 1985 3259 et
2009 3214 2297 3275 postquam
2325 3206 2508 3261 omnia
2549 3204 3015 3277 consumpsisset,
3064 3203 3207 3259 facta
3250 3210 3337 3259 cst
3372 3200 3549 3259 fames

1932 3297 2105 3352 valida
2140 3300 2191 3352 in
2226 3299 2448 3371 regione
2486 3298 2599 3365 illa,
2626 3308 2681 3354 et
2718 3299 2834 3368 ipse
2863 3299 3033 3369 coepit
3070 3311 3255 3367 egere.
3287 3295 3353 3351 Et
3409 3311 3540 3365 pro-

1931 3390 2102 3449 fectus
2131 3402 2237 3459 est,
2271 3402 2326 3448 et
2378 3392 2610 3449 adhaesit
2639 3392 2731 3447 uni
2786 3392 2985 3446 civium
3044 3390 3286 3463 regionis
3342 3389 3490 3445 illius
3531 3405 3549 3445 :
3586 3422 3595 3427 ο

1929 3497 2093 3556 atque
2121 3487 2167 3541 is
2224 3486 2375 3541 misit
2432 3486 2582 3541 illum
2638 3485 2692 3541 in
2752 3485 2937 3540 villam
2977 3500 3133 3542 suam
3193 3494 3252 3541 ut
3300 3495 3551 3556 pasccret

1930 3595 2164 3650 porcos:
2196 3588 2251 3635 ct
2289 3580 2544 3651 cupiebat
2572 3579 2805 3650 implere
2849 3588 3099 3634 ventrem
3139 3594 3300 3634 suum
3344 3579 3411 3635 de
3432 3577 3550 3633 sili-

1928 3675 2055 3744 quis
2104 3673 2303 3745 quibus
2348 3672 2499 3743 porci
2550 3671 2941 3738 vescebantur,
2998 3686 3099 3727 nec
3133 3671 3425 3744 quisquam
3470 3670 3550 3727 illi

1930 3767 2114 3821 dabat.
2157 3785 2176 3819 ι
2216 3765 2279 3821 Ει
2319 3766 2435 3820 haec
2460 3764 2717 3836 parabola
2775 3764 3043 3835 superiori
3082 3763 3281 3819 similis
3320 3772 3427 3820 est.
3456 3761 3551 3818 ln-

1930 3860 2242 3915 ducitenim
2284 3867 2338 3913 et
2369 3859 2485 3913 haec
2525 3858 2803 3913 hominem
2836 3858 3079 3927 quidem,
3140 3855 3311 3912 Deum
3353 3855 3550 3913 videli-

1931 3965 2043 4022 cet,
2088 3969 2214 4011 vere
2255 3954 2671 4011 misericordem
2710 3968 2725 4008 :
2769 3954 2911 4009 ﬁlios
2934 3963 3115 4008 autem
3148 3951 3307 4019 duos,
3352 3966 3551 4020 nempe

1930 4050 2151 4104 ordines
2203 4049 2486 4105 hominum
2534 4048 2811 4120 iustorum
2865 4048 2993 4103 dico
3057 4054 3113 4102 et
3159 4054 3542 4118 peccatorum.

1934 4143 2081 4198 Dixit
2117 4152 2300 4197 autem
2340 4142 2571 4213 junior:
2614 4140 2691 4197 Da
2759 4142 2893 4197 mihi
2948 4151 3161 4211 partem
3222 4142 3553 4198 substantiae

1932 4251 2052 4306 qua!
2081 4237 2146 4290 ad
2178 4252 2265 4290 me
2295 4236 2552 4306 pertinet.
2584 4235 2727 4291 Olim
2766 4236 3023 4291 humanae
3088 4245 3300 4293 natura:
3330 4252 3554 4306 posscs-

1932 4331 2014 4386 sio
2042 4339 2160 4384 erat
2187 4329 2440 4401 justilin;
2478 4330 2601 4385 ideo
2631 4340 2687 4385 et
2718 4330 2859 4385 illius
2900 4330 3084 4385 senior
3104 4346 3210 4385 non
3244 4328 3551 4385 insolescit.

1935 4425 2223 4481 Peccatum
2267 4436 2455 4495 postea
2500 4433 2687 4479 natum
2728 4434 2835 4492 est,
2865 4423 3031 4498 5,05
3076 4424 3221 4479 unde
3252 4433 3306 4479 ct
3362 4424 3553 4496 Iunior

1936 4521 2239 4586 insolescit.
2282 4521 2379 4592 qui
2410 4536 2533 4576 cum
2573 4529 2825 4593 peccato,
2865 4520 3008 4591 quod
3042 4532 3232 4590 postea
3266 4522 3550 4577 introduc-

218 4607 461 4679 αχθεὶση
506 4608 886 4680 συναυξηθείς.
924 4612 1032 4663 Καὶ
1079 4610 1257 4675 ἄλλως
1288 4613 1345 4666 δέ
1396 4614 1663 4685 νεώτερος
1708 4615 1822 4679 υίὸς

1935 4622 2048 4667 tum
2084 4625 2191 4680 est,
2220 4614 2413 4669 crevit.
2452 4610 2550 4669 Vel
2598 4614 2756 4669 aliter
2781 4631 2796 4669 :
2820 4614 3011 4684 junior
3039 4613 3242 4668 dicitur
3265 4625 3551 4685 peccator,

218 4699 442 4767 λέγεται
479 4700 506 4751 6
529 4699 877 4771 ἁμαρτωλὸς,
900 4701 989 4765 ὡς
1011 4704 1399 4774 νεωτεριστὴς,
1431 4703 1527 4757 καὶ
1577 4705 1823 4758 ἀποστά-

219 4809 347 4863 της,
386 4793 480 4847 καὶ
514 4793 755 4865 ἀντάρας
786 4793 865 4862 τῷ
898 4795 1157 4867 πατρικῷ
1232 4798 1523 4869 θελήματι.
1565 4817 1583 4850 ι
1619 4800 1826 4872 Πάτερ,

221 4886 315 4950 δός
350 4902 444 4956 μοι
468 4887 527 4940 τὸ
556 4887 851 4942 ἐπιϐάλλον
879 4889 1049 4962 μέρος
1083 4890 1179 4959 τῆς
1208 4888 1421 4952 οὐσίας.
1462 4910 1480 4941 ι
1523 4891 1695 4944 Οὐσία
1732 4891 1829 4945 τοῦ

221 4979 521 5051 ἀνθρώπου
568 4984 630 5034 τὸ
675 4981 896 5050 λογικόν
946 4984 1118 5047 ἐστιν,
1169 4976 1214 5052 ᾧ
1265 4986 1575 5055 παρέπεται
1618 4988 1709 5040 καὶ
1770 4987 1833 5041 τὸ

223 5072 610 5142 αὐτεξούσιον,
668 5077 777 5130 πᾶν
810 5076 919 5148 γὰρ
948 5077 1169 5145 λογικὸν
1191 5077 1565 5143 αὐτεξούσιον.
1603 5081 1833 5133 Δίδωσιν

225 5165 324 5219 οὖν
360 5167 493 5238 ἡμῖν
524 5168 551 5220 6
588 5167 791 5239 Κύριος
831 5169 922 5223 τὸν
962 5169 1142 5238 λόγον,
1177 5170 1264 5223 ἵνα
1290 5170 1631 5244 χρησώμεθα
1699 5176 1832 5227 αὐτ-

226 5258 497 5324 εξουσίως
541 5260 717 5333 τούτῳ
750 5262 824 5325 ὼς
852 5263 1011 5333 οὐσίᾳ
1064 5262 1181 5316 όντι
1217 5264 1488 5336 ἡμετέρᾳ.
1548 5266 1745 5319 Δίδωσι
1776 5268 1835 5322 δὲ

226 5354 399 5408 πᾶσιν
430 5354 649 5424 ἐπίσης,
694 5355 898 5419 πάντες
932 5356 1042 5427 γάρ
1105 5356 1305 5425 ἐπίσης
1352 5357 1588 5424 λογικοὶ,
1635 5359 1833 5429 ἐπίσης

226 5447 571 5513 αὐτεξούσιοι
598 5465 611 5478 ·
647 5449 766 5503 ἀλλ’
808 5451 859 5502 οί
917 5451 1017 5520 μὲν
1065 5452 1210 5505 κατὰ
1250 5452 1408 5521 λόγον
1445 5454 1710 5525 χρώμεθα
1766 5459 1831 5527 τῇ

228 5541 521 5611 φιλοτιμίᾳ
554 5543 751 5615 ταύτῃ,
793 5546 842 5597 οἱ
866 5544 922 5597 δὲ
952 5545 1047 5598 καὶ
1070 5546 1409 5617 ἀχρειοῦμεν
1444 5549 1503 5601 τὸ
1551 5549 1695 5602 θεῖον
1734 5549 1835 5603 δῶ·

229 5652 348 5709 ρον.
386 5635 493 5688 Καὶ
528 5637 707 5692 πάντα
743 5638 799 5691 δὲ
834 5637 1046 5701 ἁπλῶς,
1084 5640 1186 5692 ὅσοι
1224 5639 1459 5693 δέδωκεν
1508 5643 1638 5711 ἡμῖν
1668 5642 1696 5692 6
1731 5642 1838 5697 Κύ-

228 5743 376 5797 ριος,
405 5726 567 5780 οὐσία
592 5728 748 5797 ἡμῶν
767 5727 1091 5795 λογισοείεν.
1122 5724 1233 5781 οἷον
1256 5730 1401 5798 λέγω
1430 5732 1685 5799 οὐρανὸν,
1707 5734 1834 5802 γῆν,

228 5816 422 5883 ἁπλῶς
458 5817 558 5889 τὴν
590 5820 769 5873 κτίσιν
802 5823 1005 5884 πᾶσαν,
1046 5822 1230 5891 νόμον,
1287 5826 1595 5894 προφήτας.
1640 5826 1780 5879 Ἀλλ’
1811 5829 1839 5880 ὁ

232 5912 339 5983 μὲν
376 5911 643 5985 νεώτερος
705 5916 816 5978 υἱὸς
852 5910 988 5967 εἶξεν
1021 5916 1271 5990 ο·>ρα·,ὐκ,
1318 5919 1411 5971 καὶ
1455 5919 1832 5991 ﬂaminia,

1938 4721 2064 4775 ana
2096 4716 2329 4760 novator
2384 4720 2566 4759 rerum
2600 4705 2842 4760 insolens
2894 4713 2951 4759 et
3005 4713 3255 4776 apostata
3307 4722 3372 4762 ac
3417 4707 3552 4763 deli-

1938 4798 2139 4853 ciensa
2175 4808 2402 4867 paterna
2448 4797 2747 4852 voluntate.
2791 4818 2809 4846 σ
2865 4796 3046 4862 Pater,
3078 4798 3144 4851 da
3175 4797 3307 4853 mihi
3343 4807 3556 4869 partem

1941 4889 2263 4946 substantiae
2290 4904 2413 4959 qua:
2439 4890 2505 4943 ad
2533 4904 2619 4943 tne
2656 4890 2915 4957 pertinet.
2940 4907 2959 4941 ι
2993 4888 3281 4944 Rationale
3313 4890 3380 4944 ad
3414 4890 3558 4959 quod

1942 4982 2295 5051 Subsequitur
2325 4982 2560 5037 liberum
2586 4982 2899 5047 arbitrium,
2931 4981 3236 5037 substantia
3261 4991 3347 5041 est
3385 4982 3562 5038 horni-

1944 5078 2051 5134 nis.
2080 5076 2257 5133 Omne
2300 5086 2483 5132 autem
2526 5078 2824 5144 rationale,
2857 5077 3015 5132 liberi
3055 5077 3270 5133 arbitrii
3313 5086 3417 5133 est.
3461 5078 3565 5133 Dat

1944 5170 2111 5241 igitur
2158 5169 2314 5224 nobis
2367 5170 2630 5223 Dominus
2683 5168 2974 5229 rationem.
3029 5178 3087 5221 ut
3134 5182 3198 5222 ea
3241 5167 3413 5223 libere
3445 5176 3566 5223 uta-

1947 5280 2069 5317 mur
2094 5270 2353 5335 tanquam
2382 5271 2564 5317 nostra
2592 5262 2923 5317 substantia.
2957 5261 3061 5316 Dat
3093 5274 3276 5317 autem
3308 5264 3565 5320 omnibus

1944 5375 2008 5413 ex
2027 5374 2201 5428 mquo.
2218 5358 2421 5414 Onmes
2435 5358 2581 5411 enim
2601 5374 2663 5411 cx
2683 5372 2841 5425 mquo
2861 5355 3155 5411 rationales
3174 5365 3323 5420 sunt,
3343 5368 3391 5411 et
3406 5371 3566 5427 aeque

1947 5451 2176 5505 liberum
2224 5451 2427 5505 habent
2476 5448 2791 5504 arbitrium.
2835 5447 2906 5501 At
2948 5447 3036 5502 alii
3082 5447 3301 5515 quidem
3357 5448 3567 5503 utimur

1950 5544 2051 5597 hac
2076 5544 2328 5598 libertate
2360 5544 2661 5598 secundum
2695 5538 2987 5602 rationem,
3019 5539 3110 5593 alii
3144 5548 3327 5594 autem
3358 5538 3562 5610 dilapi-

1950 5639 2145 5693 dautus
2181 5640 2381 5690 donum
2410 5635 2690 5690 'divinum.
2732 5632 2797 5687 Et
2844 5632 3171 5702 simpliciter
3218 5633 3399 5688 omnia
3442 5649 3564 5703 quzc

1950 5734 2101 5787 dedit
2136 5730 2291 5783 nobis
2318 5728 2599 5793 Dominus,
2628 5728 2931 5782 substantia
2968 5737 3154 5782 nostra
3184 5728 3396 5781 censeri
3435 5742 3563 5796 pos-

1951 5836 2075 5881 sunt
2120 5845 2133 5879 :
2163 5832 2219 5877 ut
2243 5824 2478 5888 exempli
2517 5822 2711 5892 gratia,
2743 5822 2939 5877 malum
2968 5830 3022 5877 et
3050 5830 3215 5885 terra,
3243 5830 3297 5875 et
3332 5820 3384 5874 in
3414 5834 3565 5874 sum-

1954 5938 2038 5975 ma
2072 5930 2337 5976 creaturae
2367 5931 2579 5981 omnes,
2610 5915 2621 5968 l
2647 5929 2715 5981 νς,
2744 5914 3037 5985 propius-tm.
3067 5912 3227 5983 Atqui
3261 5913 3402 5969 lilius
3431 5922 3561 5968 natu
