4030 6444
435 373 545 439 955

1290 360 1880 428 THEOPHYLACTI
1919 318 2343 422 ‘BULGARLE
2383 354 2743 416 ARCHIEP.

441 489 507 544 Et
563 488 760 548 iterum
802 503 815 538 :
854 501 872 535 ι
907 480 1103 536 Levavi
1134 494 1327 534 manus
1357 491 1503 532 Inoas
1529 476 1597 529 ad
1631 470 1886 527 mandata
1914 478 2032 532 tua,

2165 464 2442 535 μαρτυρεῖ·
2496 476 2516 515 ι
2564 463 2652 525 Ὠς
2685 458 2955 531 ἠγάπησα
2992 456 3086 511 τον
3134 456 3301 528 νόμον
3328 472 3449 519 σου,
3516 449 3730 528 Κύριαι

438 596 559 653 qum
586 578 769 642 dilexi,
805 594 823 629 ι
852 590 991 650 non,
1016 588 1135 641 qua
1166 572 1339 626 timui.
1373 570 1440 625 Et
1475 569 1671 622 iteium
1710 580 1725 618 :
1756 580 1775 615 ι
1812 560 2035 616 Mirabi-

444 674 514 727 lia
564 666 867 724 testimonia
924 676 1036 732 tua,
1078 675 1131 719 et
1157 663 1281 733 quia
1334 670 1462 719 sunt
1491 655 1755 712 mirabilia
1782 655 1881 727 (a),
1912 654 2036 710 ideo

441 770 679 820 scrutata
732 774 795 815 ea
852 767 937 813 est
996 756 1175 811 anima
1233 769 1373 810 mea.
1436 772 1456 805 ι
1515 750 1651 807 Cum
1718 749 1882 820 igitur
1913 747 2038 818 quis

444 854 607 909 fuerit
657 853 709 907 in
756 851 947 907 ordine
977 850 1138 912 illius,
1172 856 1225 903 et
1276 845 1471 899 deinde
1504 854 1725 914 propter
1754 852 2036 913 peccatum

443 945 748 1009 abdicatur,
791 942 1042 1012 videtque
1069 941 1201 995 alios
1227 938 1332 994 frui
1366 938 1563 1015 diyinis
1593 936 1767 999 donis.
1802 943 1857 990 ct
1896 949 2049 989 com--

444 1036 779 1091 municantes
838 1034 1036 1089 divinis
1081 1032 1353 1103 mysteriis
1384 1042 1438 1087 et
1499 1030 1683 1084 divino
1720 1045 1899 1099 pane:
1932 1042 2037 1082 non

444 1124 589 1179 enim
642 1127 709 1178 de
770 1123 905 1179 solis
958 1122 1365 1178 catccltumenis
1396 1121 1618 1190 intelligi
1650 1128 1864 1190 oportet
1893 1116 2037 1188 quod

444 1218 512 1274 de
561 1216 903 1272 merccnnrio
954 1216 1173 1283 dicitur,
1228 1216 1321 1280 sed
1380 1224 1436 1268 et
1488 1213 1555 1267 de
1596 1212 1661 1267 iis
1689 1211 1779 1281 qui
1832 1212 2039 1267 suntin

448 1309 686 1367 Ecclesia
713 1308 1033 1381 simpliciter
1090 1323 1194 1362 non
1229 1310 1280 1362 in
1313 1307 1488 1377 primo
1516 1306 1711 1361 ordine
1736 1306 1811 1375 (li)
1847 1322 1863 1373 ;
1908 1315 2042 1361 tunc

448 1402 541 1458 illa
622 1402 735 1457 haec
808 1400 1307 1456 commiserationis
1362 1401 1522 1453 verba
1576 1398 1677 1454 sibi
1711 1398 1809 1468 ipsi
1861 1399 2045 1454 dicere

446 1493 606 1548 debet
637 1509 651 1546 :
680 1490 814 1558 Quot
850 1492 1170 1546 mercenarii
1207 1491 1383 1547 Patris
1414 1490 1515 1544 mei
1568 1490 1843 1544 abundant
1867 1488 2040 1558 pane!

446 1600 547 1656 ego
600 1596 778 1640 autem
827 1581 968 1656 lame
1021 1598 1202 1653 pereo.
1232 1584 1338 1639 Sed
1366 1597 1595 1653 surgens
1620 1582 1688 1636 de
1725 1582 1876 1635 ruina
1913 1596 2041 1647 pec-

451 1677 580 1741 cati,
651 1676 742 1732 ibo
777 1678 842 1729 ad
884 1674 1102 1731 Patrem
1158 1689 1355 1737 meum,
1411 1684 1462 1728 et
1508 1675 1685 1729 dicam
1737 1675 1784 1729 ei
1815 1689 1829 1726 :
1864 1671 2046 1740 Pater,

2138 557 2269 626 ὅλην
2298 554 2398 627 τὴν
2428 554 2643 625 ἡμέραν
2701 552 2902 623 μελέτη
2954 567 3057 620 μου
3109 549 3225 603 ἐστί
3255 567 3268 581 ·
3317 567 3338 600 ι
3394 548 3493 602 καὶ
3543 547 3733 602 ειιςιίιᾶιιν⁸

2157 668 2177 702 ι
2205 644 2359 719 Ἦρα
2391 649 2491 710 τὰς
2528 646 2718 717 χεῖράς
2761 661 2867 715 μου
2919 644 3057 715 πρὸς
3091 642 3190 707 τὰς
3245 642 3472 704 ἐντολάς
3505 658 3627 707 σου,
3668 639 3737 704 ἃς

2138 720 2422 813 ἠγάπησα,
2454 758 2472 791 ι
2506 723 2605 809 οὐχ
2636 738 2702 801 ἃς
2727 736 3026 807 ἐφοϐήθην·
3048 735 3144 789 καὶ
3170 735 3352 788 πάλινο
3382 752 3400 785 ι
3427 732 3739 805 Θαυμαστὰ

2138 836 2208 889 τὰ
2260 833 2539 906 μαρτυρία
2572 850 2688 899 σου,
2722 834 2817 887 καὶ
2858 832 2947 886 διὰ
2972 814 3035 884 τὸ
3089 828 3231 887 εἶναι
3279 832 3604 902 θαυμαστὰ.
3649 830 3739 884 διὰ

2139 926 2299 981 τοῦτο
2334 925 2699 997 ὲξηρεύνησεν
2728 924 2865 979 αὐτὰ
2894 926 2928 995 ὴ
2957 926 3102 996 ψυχή
3140 942 3265 996 μου.
3302 924 3515 978 ›”Οταν
3543 923 3638 977 οὖν
3681 927 3738 977 ὲν

2138 1021 2206 1090 τῇ
2237 1019 2392 1086 τάξει
2422 1017 2516 1071 τοῦ
2558 1015 2674 1070 υἱοῦ
2716 1014 2791 1069 ὧν
2842 1033 2951 1081 τις,
2998 1011 3116 1069 εἶτα
3174 1015 3265 1069 διὰ
3306 1016 3408 1085 τὴν
3462 1015 3739 1087 ἁμαρτίαν

2150 1110 2594 1183 ἁποκηρυχθείη,
2646 1110 2740 1163 καὶ
2776 1109 2924 1181 ὁρῴη
2978 1108 3174 1172 ἄλλους
3209 1109 3595 1171 ἀπολαύοντας
3632 1109 3743 1163 τῶν

2144 1202 2308 1256 θείων
2354 1199 2738 1273 χαρισμάτων,
2796 1201 2893 1255 καὶ
2952 1198 3515 1262 κοινωνοῦντας-’τῶν
3577 1199 3744 1253 θείων

2149 1293 2493 1365 μυστηρίων,
2547 1294 2642 1347 καὶ
2699 1292 2795 1345 τοῦ
2830 1293 2999 1364 ἄρτου
3055 1291 3150 1345 τοῦ
3205 1291 3393 1345 θείου’
3451 1291 3579 1345 οὐδὲ
3633 1293 3746 1363 γάρ

2147 1388 2276 1457 περὶ
2300 1385 2412 1441 τῶν
2441 1386 2875 1457 κατηχουμένων
2911 1386 3078 1457 μόνον
3110 1385 3215 1457 χρὴ
3237 1387 3381 1439 νοεῖν
3406 1386 3484 1448 ὡς
3508 1384 3748 1456 μισθίων

2146 1479 2485 1550 λεγομένων,
2526 1479 2683 1545 ὰλλᾲ,
2710 1479 2808 1550 καὶ
2840 1478 2949 1533 τῶν
2986 1482 3043 1533 ὲν
3075 1482 3142 1552 τῇ
3202 1478 3509 1551 Ἐκκλησία
3556 1480 3747 1542 ἁπλῶς

2150 1574 2225 1644 μὴ
2263 1573 2364 1644 τῆς
2416 1571 2646 1645 πρώτης
2686 1573 2895 1641 τάξεως
2941 1573 3142 1630 ὄντων’
3177 1573 3300 1626 τότε
3334 1572 3400 1642 δὴ
3448 1570 3630 1627 ταῦτα
3681 1574 3755 1626 τὰ

2156 1665 2353 1737 οἰκτρὰ
2388 1664 2595 1734 ὀφείλει
2627 1664 2904 1733 ἐπιλέγειν
2934 1664 3145 1736 ἐαυτῷο
3205 1665 3368 1718 [Meet
3407 1664 3619 1736 μίσθιοι
3653 1662 3752 1717 τοῦ

452 1767 670 1836 peccavi
697 1767 750 1821 iu
782 1766 974 1821 cmlum
1007 1773 1061 1819 et
1084 1780 1271 1819 coram
1309 1774 1383 1818 te.
1438 1763 1870 1834 Derclinquendo
1899 1765 2041 1817 enim

2165 1758 2365 1830 Πατρός
2394 1775 2498 1828 μου
2559 1756 2983 1827 περισσεύουσιν
3027 1756 3209 1826 ἄρτιον
3241 1773 3255 1788 ·
3322 1757 3433 1824 ἐγὼ
3493 1757 3551 1811 δὲ
3606 1756 3758 1828 λιμῷ

452 1858 715 1922 ctelestia,
746 1857 964 1924 peccavi
1027 1855 1079 1911 in
1106 1871 1188 1922 ea,
1250 1855 1542 1925 praeferens
1567 1854 1697 1923 ipsis
1723 1854 2047 1923 voluptatem

2165 1826 2492 1919 Ξιπόλλυμαι.
2546 1848 2689 1925 Ἀλλ’
2726 1848 2995 1912 ἀναστάς,
3030 1848 3335 1912 τουτέστιν,
3368 1849 3434 1903 ὲκ
3467 1846 3566 1902 τοῦ
3601 1826 3757 1901 πτώέ

452 1948 931 2018 contemptibilem,
968 1956 1023 2003 et
1059 1948 1375 2018 praeeligens
1424 1947 1633 2000 caelesti
1680 1945 1870 2014 patriae
1922 1960 2054 2000 metu

452 2042 726 2113 regiOuem
782 2040 960 2095 famis.
1015 2039 1477 2108 Quemadmodum
1510 2038 1677 2105 enim,
1729 2048 1788 2093 ut
1819 2039 2049 2108 exempli

452 2137 626 2206 gratia
688 2136 963 2201 dicamus,
1011 2135 1062 2189 in
1106 2150 1295 2188 aurum
1330 2148 1556 2204 peccare
1595 2132 1811 2197 dicitur,
1848 2132 1937 2200 qui
1972 2116 2051 2184 illi

456 2225 735 2294 plumbum
788 2224 1009 2296 praefert
1042 2239 1058 2277 :
1091 2224 1166 2277 ita
1225 2223 1279 2277 in
1346 2224 1542 2277 caelum
1600 2232 1807 2292 peccat,
1851 2221 1939 2292 qui
1975 2221 2050 2276 illi

455 2325 677 2373 terrena
728 2318 1017 2387 praeponit.
1056 2316 1225 2371 Abest
1260 2325 1437 2369 autem
1483 2316 1704 2371 omnino
1760 2330 1788 2369 a
1822 2316 1901 2370 via
1933 2330 2054 2383 qua:

457 2408 560 2460 fert
612 2408 663 2461 in
716 2408 935 2463 ccelum.
969 2406 1125 2461 Scias
1194 2408 1322 2460 item
1365 2407 1505 2475 quod
1533 2408 1748 2476 quando
1787 2407 2051 2475 peccavit,

455 2498 608 2567 quasi
654 2514 759 2551 ttott
803 2512 985 2553 coram
1037 2496 1144 2552 Deo
1193 2512 1426 2567 Opurans
1492 2498 1777 2565 peccarit;
1835 2501 2053 2567 quanio

457 2602 637 2644 autem
700 2590 1013 2656 confitetur,
1077 2604 1260 2644 coram
1319 2588 1427 2642 Deo
1461 2606 1518 2643 se
1565 2604 1821 2659 percusso
1864 2590 2048 2644 sentit.

458 2683 629 2737 l’orro
680 2682 848 2754 408
893 2697 1121 2752 surgens
1175 2684 1320 2736 vadit
1355 2684 1419 2735 ad
1463 2682 1675 2737 Putrem
1722 2698 1899 2737 suum.
1934 2681 2052 2736 Non

458 2777 632 2833 solum
692 2780 836 2831 enim
886 2764 1302 2832 consultandum
1351 2787 1435 2832 est
1466 2779 1531 2833 de
1563 2778 1648 2832 his
1684 2793 1804 2847 quae
1842 2776 2055 2846 placent

465 2870 595 2934 Deo,
655 2868 748 2921 sed
804 2876 861 2922 et
908 2882 1071 2937 Opus.
1094 2878 1177 2921 est
1212 2868 1375 2922 lucto.
1405 2866 1557 2920 Nunc
1600 2868 2052 2937 quemadmodum

461 2958 639 3012 vidisti
678 2957 942 3012 fervidum
981 2959 1380 3025 pmttitentiam,
1415 2958 1487 3011 ita
1529 2968 1586 3012 et
1613 2958 1845 3013 celerem
1872 2956 2055 3014 Patris

460 3048 886 3103 misericordiam
921 3048 1063 3102 vide.
1104 3047 1283 3117 Neque
1337 3048 1482 3101 enim
1518 3047 1853 3117 exspectavit
1884 3048 2054 3103 donec

2157 1959 2328 2012 ματος
2360 1943 2460 2013 τῆς
2487 1924 2785 2013 ἁμαρτίας,
2838 1940 3185 2012 πορεύσομαι
3217 1942 3352 2012 πρὸς
3392 1942 3490 1997 τὸν
3526 1941 3759 2015 Πατέρα

2159 2051 2286 2105 μου,
2320 2035 2413 2088 καὶ
2450 2035 2562 2104 ἐρῶ
2596 2034 2748 2105 αύτῷ
2774 2050 2788 2063 ³
2823 2035 3030 2104 Πάτερ,
3064 2034 3315 2105 ἥμαρτον
3354 2033 3435 2097 είς
3469 2032 3561 2087 τὸν
3590 2034 3761 2100 οὐρα-

2155 2124 2265 2191 νὸν,
2298 2127 2391 2179 καὶ
2445 2125 2683 2191 ἐνώπιόν
2728 2142 2824 2179 σου
2858 2142 2871 2155 °
2907 2123 3229 2180 καταλιπὼν
3263 2124 3373 2196 γὰρ
3399 2123 3469 2177 τὰ
3500 2124 3760 2195 οὐράνια,

2156 2218 2408 2289 ἥμαρτον
2440 2218 2519 2281 είς
2545 2216 2742 2283 ταῦτα,
2765 2220 3115 2289 προτιμήσας
3140 2217 3321 2271 αὐτῶν
3340 2217 3441 2287 τὴν
3468 2217 3744 2271 κατάπτυ

2157 2328 2281 2364 στον
2310 2310 2528 2381 ήδονὴν,
2569 2314 2663 2363 καὶ
2694 2310 2792 2381 τῆς
2824 2310 3085 2382 πατρίδος
3119 2326 3224 2380 μου
3258 2310 3497 2381 ούρανοῦ
3532 2310 3635 2379 τὴν
3660 2308 3761 2364 τοῦ

2154 2403 2316 2474 λιμοῦ
2360 2402 2553 2476 »χώραν
2603 2404 2935 2477 προκρίνας.
2997 2405 3214 2471 Ὠσπερ
3263 2403 3371 2474 γὰρ
3411 2386 3762 2473 ἁμαρτάνειν

2154 2497 2394 2565 λέγεται,
2433 2496 2565 2567 φέρε
2612 2499 2789 2551 εἰπεῖν
2821 2499 2912 2560 είς
2969 2497 3196 2567 χρυσὸν,
3242 2497 3270 2549 ὁ
3303 2494 3557 2565 μόλιόδον
3585 2494 3760 2549 αὐτοῦ

2155 2587 2464 2658 προτιμῶν,
2518 2585 2693 2651 οὕτως
2728 2588 2809 2650 είς
2838 2586 3069 2657 οὐρανὸν
3101 2586 3439 2656 ἁμαρτάνει,
3494 2587 3525 2639 ὁ
3559 2584 3761 2639 τούτου

2155 2680 2507 2750 προτιμήσας
2566 2679 2634 2732 τὰ
2663 2679 2851 2749 γήϊνα.
2884 2678 3285 2750 Ἀποτυγχάνει
3346 2678 3457 2745 γὰρ
3536 2676 3764 2740 πάντως

2156 2771 2255 2840 τῆς
2286 2773 2367 2834 εἰς
2412 2771 2504 2824 τὸν
2543 2770 2775 2840 ούρανδν
2815 2771 3087 2842 φερούσης
3120 2769 3268 2824 ὁδοῦ.
3311 2768 3643 2839 Ἐπίστησον
3673 2768 3762 2836 δὲ,

2157 2862 2240 2917 ὅτι
2264 2903 2280 2929 ,
2312 2865 2441 2917 ὅταν
2480 2862 2581 2933 μὲν
2608 2864 2947 2935 ἡμάρτανεν,
2976 2865 3054 2927 ὡς
3088 2865 3165 2933 μὴ
3197 2862 3434 2917 ἐνώπιον
3464 2862 3561 2916 τοῦ
3614 2861 3758 2917 Θεοῦ

2161 2957 2422 3025 πράττων
2450 2955 2791 3026 ἡμάρτανεν,
2822 2955 2912 3009 ὅτε
2944 2955 3000 3008 δὲ
3041 2954 3474 3025 ὲξομολογεῖται.
3517 2955 3756 3009 ἐνώπιον

2155 3047 2251 3100 τοῦ
2280 3046 2417 3102 Θεοῦ
2454 3047 2793 3119 ἡμαρτηκὼς
2842 3048 3182 3102 αἰσθάνεται.
3228 3047 3508 3110 Ἀναστὰς
3539 3046 3596 3100 δὲ
3627 3042 3765 3117 ἦλθε

465 3140 605 3194 Illius
647 3141 853 3194 veniret
900 3140 966 3193 ad
1017 3155 1096 3203 se,
1143 3139 1235 3193 sed
1294 3139 1553 3208 praevenit
1586 3149 1638 3194 et
1665 3139 2045 3208 amplexatur;

2165 3140 2292 3210 πρὸς
2330 3138 2422 3192 τὸν
2482 3138 2695 3208 πατέρα
2752 3137 2947 3202 αὑτοῦ,
2983 3139 3066 3191 δεῖ
3106 3138 3215 3208 γὰρ
3273 3137 3421 3208 ἡμᾶς
3457 3135 3558 3220 ,μὴ
3596 3136 3765 3206 μόνον

469 3242 625 3302 pater
683 3233 828 3286 enim
870 3239 953 3286 est
1006 3232 1356 3302 benignitate,
1396 3233 1561 3287 etiam
1599 3231 1642 3287 si
1676 3240 1870 3286 natura
1912 3231 2055 3288 Deus

462 3332 563 3385 est,
626 3332 681 3377 et
735 3332 879 3376 totus
938 3330 1108 3375 totum
1186 3321 1575 3391 amplectitur,
1648 3331 1707 3375 ut
1778 3322 2056 3391 undequa-

462 3429 570 3483 que
593 3416 768 3484 ipsum
792 3416 856 3469 ad
897 3430 953 3469 se
980 3413 1334 3483 constringat,
1358 3413 1498 3467 sicut
1530 3412 1738 3469 dictum
1768 3424 1853 3470 est
1882 3431 1895 3467 :
1932 3433 1951 3466 ι
1994 3414 2063 3468 Ει

465 3504 633 3574 gloria
670 3503 762 3560 Dei
791 3505 1149 3561 circumdabit
1201 3515 1271 3559 te.
1314 3524 1333 3558 ι
1386 3504 1526 3561 Olim
1576 3506 1791 3576 quidem
1844 3508 2061 3577 quando

465 3596 751 3666 elongubat
794 3612 853 3651 se
909 3596 1070 3663 ﬁlius,
1119 3609 1330 3669 tempus
1362 3608 1481 3654 erat
1507 3608 1561 3654 et
1586 3598 1734 3655 Patri
1769 3610 1823 3654 ut
1848 3602 1914 3656 ab
1947 3616 2077 3667 aut:

474 3686 636 3755 plexu
672 3701 733 3741 se
772 3691 1055 3757 elongaret
1087 3705 1101 3740 :
1136 3704 1280 3744 nunc
1319 3704 1450 3744 vero
1469 3706 1590 3745 cum
1626 3693 1763 3745 redit
1795 3701 1847 3747 et
1869 3708 2067 3763 appro-

470 3780 697 3850 pinquat
722 3795 819 3848 per
852 3781 1263 3837 conversionem
1294 3790 1347 3836 et
1376 3783 1700 3847 orationem,
1738 3792 1949 3853 tempus
1982 3794 2067 3838 est

470 3872 836 3942 amplexandi.
871 3872 1001 3927 Ruit
1057 3856 1222 3945 igitur
1262 3877 1318 3931 in
1355 3875 1551 3931 collum
1602 3875 1745 3946 ejus,
1774 3878 2069 3932 ostendens

471 3984 593 4023 cum
650 3969 738 4041 qui
789 3972 917 4029 olim
970 3966 1292 4037 desciverat,
1344 3986 1484 4025 nunc
1528 3971 1872 4025 obedientem
1945 3984 2067 4025 esse

476 4060 700 4115 laetum.
761 4062 830 4116 Et
880 4063 1156 4117 osculatur
1202 4076 1348 4124 eum,
1395 4059 1888 4116 reconciliationem
1931 4059 2069 4113 indi-

473 4167 624 4215 cans,
656 4161 710 4206 et
760 4153 913 4222 quasi
936 4152 1265 4209 vestibulum
1321 4152 1589 4221 quoddam
1623 4166 1686 4205 os
1717 4150 1904 4221 polluti
1939 4165 2069 4204 san-

473 4244 737 4311 ctiﬁcaus,
795 4261 857 4299 ac
896 4261 993 4316 per
1052 4244 1158 4299 hoc
1218 4246 1282 4297 ad
1316 4246 1529 4299 interna
1580 4245 2065 4299 sanctiﬁcatiouem

477 4339 798 4390 ittttnilteus.

2172 3232 2462 3304 βούλεσθαι
2498 3233 2565 3286 τά
2599 3233 2728 3301 φίλα
2752 3230 2893 3302 Θεῷ,
2924 3230 3061 3284 ἀλλὰ
3091 3231 3187 3285 καὶ
3215 3230 3501 3302 πράττειν.
3548 3229 3769 3299 Ὥσπερ

2170 3324 2225 3376 δὲ
2256 3320 2394 3386 εἶδες
2424 3323 2636 3393 θερμὴν
2684 3326 2785 3394 τὴν
2824 3321 3139 3393 μετάνοιαν,
3186 3321 3360 3383 οὕτως
3405 3320 3499 3373 καὶ
3535 3320 3637 3391 τὴν
3672 3319 3769 3373 εύ-

2175 3414 2513 3485 σπλαγχνίαν
2544 3415 2637 3468 τοῦ
2668 3416 2873 3485 πατρὸς
2911 3415 3036 3484 ὅρα.
3077 3413 3212 3466 Οὐδὲ
3241 3413 3350 3483 γὰρ
3380 3412 3639 3483 ἀνέμεινε
3675 3412 3771 3469 τὸν

2170 3512 2284 3563 υίὶν
2316 3511 2495 3563 ὲλθετν
2535 3509 2697 3579 ἄχρις
2724 3509 2915 3572 αὐτοῦ,
2953 3508 3091 3562 ἀλλά
3121 3507 3449 3577 προφθάνει,
3484 3508 3583 3560 καὶ
3613 3524 3773 3577 περι-

2171 3603 2453 3656 πλέκεται.
2476 3672 2485 3675 _
2511 3602 2704 3673 Πατὴρ
2738 3602 2847 3672 γάρ
2884 3602 2950 3672 τῇ
2988 3601 3346 3671 χρηστότητι,
3383 3602 3431 3653 εί
3466 3602 3565 3652 καὶ
3606 3599 3771 3669 φύσει

2166 3694 2322 3759 Θεὸς,
2364 3696 2459 3748 καὶ
2480 3694 2601 3756 ὅλος
2631 3694 2751 3748 ὅλον
2801 3693 3153 3764 περιφύεται,
3189 3692 3277 3745 ἵνα
3312 3691 3584 3745 πάντοθεν
3608 3692 3773 3745 αὑτὸν

2169 3789 2308 3859 πρὸς
2324 3789 2516 3841 ἑαυτὸν
2531 3787 2824 3859 συσφίγξῃ,
2847 3787 2982 3839 καθὸ
3001 3786 3241 3856 είρηται·
3275 3804 3292 3835 ι
3326 3785 3437 3837 Kal.
3464 3788 3495 3855 ἡ
3520 3782 3651 3849 δόξα
3676 3784 3774 3839 τοῦ

2170 3878 2307 3932 Θεοῦ
2337 3879 2674 3948 Δπεριστελεί
2708 3895 2791 3930 σε.
2824 3896 2842 3929 ι
2867 3877 2978 3931 Καὶ
3005 3877 3175 3931 πάλαι
3213 3877 3313 3944 μὲν
3338 3876 3426 3929 ὅτε
3461 3879 3776 3946 ἑμάκρυνω

2177 3973 2371 4025 ἑαυτὸν
2396 3972 2424 4022 ὀ
2455 3972 2592 4035 υίὸς,
2629 3968 2821 4040 καιρὸς
2844 3966 2912 4040 ἦν
2944 3970 3038 4022 καὶ
3077 3968 3155 4040 τῷ
3191 3969 3361 4039 πατρὶ
3391 3967 3489 4021 τοῦ
3527 3986 3779 4039 μακρυν-

2176 4064 2335 4135 θῆναι
2364 4062 2472 4117 άπὸ
2501 4064 2601 4130 τῆς
2633 4062 2982 4133 περιλήψεως
3012 4077 3025 4091 ⁸
3056 4062 3148 4115 ὅτε
3199 4062 3257 4115 δὲ
3294 4062 3493 4133 ’ήγγισε
3552 4062 3641 4116 διά
3676 4063 3776 4131 τῆς

2178 4157 2494 4227 προσευχῆς
2527 4158 2627 4210 καὶ
2680 4158 2779 4225 τῆς
2810 4155 3169 4228 ἐπιστροφῆς,
3204 4155 3402 4225 καιρὸς
3426 4155 3648 4222 ἐγένετο
3679 4153 3775 4207 τοῦ

2179 4250 2520 4321 περιλαϐεῖν.
2569 4248 2892 4302 Ἐπιπίπτει
2926 4249 3107 4302 τοίνυν
3157 4248 3252 4302 ἐπὶ
3310 4249 3403 4301 τὸν
3467 4249 3773 4319 τράχηλον,

2178 4340 2270 4393 τὸν
2317 4338 2736 4395 ἀποστατοῦντα
2771 4337 3000 4408 πρώην,
3056 4338 3337 4409 πειθήνιον
3392 4336 3489 4391 νῦν
3523 4338 3781 4402 γενέσθαι

474 4428 903 4499 ἐνδεικνύμενος.
930 4431 1039 4485 Kal.
1062 4430 1355 4500 καταφιλεῐ
1374 4430 1561 4498 αὑτὸν,
1583 4429 1680 4502 τὴν
1709 4430 2059 4501 καταλλαγὴν
2098 4431 2381 4494 δεικνύων,
2418 4433 2515 4485 καὶ
2582 4427 2699 4484 οἷό)
2730 4450 2783 4485 τι
2819 4431 3163 4502 προπύλαιον
3200 4432 3263 4484 τὸ
3313 4431 3493 4502 στόμα
3560 4431 3783 4502 πρῶτον

476 4522 569 4576 τοῦ
625 4524 945 4593 μιανθέντος
980 4525 1245 4593 ἁγιάζων,
1280 4520 1399 4579 εἶτα
1435 4526 1522 4579 διὰ
1573 4525 1765 4579 τούτου
1819 4528 1914 4580 καὶ
1961 4528 2055 4580 ἐπὶ
2094 4529 2162 4581 τά
2198 4527 2349 4583 ἔνδον
2383 4528 2473 4582 τὸν
2505 4528 2782 4596 άγιασμὸν
2817 4527 3162 4599 εἰσπέμπων.

550 4618 713 4675 Vens.
738 4621 929 4673 22-24.
956 4639 974 4671 ι
1008 4620 1149 4674 Dixit
1173 4631 1351 4675 autem
1379 4630 1529 4691 pater
1561 4622 1627 4673 ad
1666 4636 1852 4676 servos
1881 4636 2009 4678 suos
2048 4639 2059 4676 :

2250 4641 2269 4673 ι
2311 4618 2445 4675 Eine
2469 4622 2525 4675 δὲ
2550 4624 2579 4675 ὁ
2608 4621 2790 4693 πατὴρ
2812 4621 2949 4691 πρὸς
2972 4622 3101 4683 τοὺς
3140 4618 3360 4683 δούλους
3388 4622 3555 4675 αὐτοῦ
3597 4639 3609 4652 ’

482 4712 725 4769 Prol‘crte
768 4715 959 4768 Stolam
1026 4715 1275 4781 primam,
1334 4722 1389 4768 et
1440 4714 1646 4768 induite
1709 4714 1857 4769 illum
1897 4732 1909 4769 :
1948 4716 2073 4770 date

480 4806 737 4860 annulum
791 4807 842 4858 in
896 4821 1124 4859 manum
1191 4805 1329 4875 ejus,
1377 4814 1431 4860 et
1480 4805 1849 4861 calce-amenta
1900 4808 1950 4861 in
1981 4823 2071 4877 pe-

482 4900 579 4955 des
612 4917 623 4952 :
654 4909 707 4953 et
762 4899 1013 4953 adducite
1063 4898 1286 4951 vitulum
1341 4898 1487 4952 illum
1530 4899 1857 4969 saginatum,
1910 4912 2072 4970 atque

487 4999 741 5054 mactate,
772 4992 1109 5060 sumptisque
1137 4990 1314 5060 epulis
1340 4990 1584 5045 laetemur
1617 5007 1630 5044 :
1664 4990 1788 5058 quia
1812 4989 1899 5044 llic
1932 4990 2072 5045 tilius

487 5096 638 5136 meus
670 5089 915 5139 mortuus
942 5093 1079 5149 erat,
1104 5091 1158 5136 et
1188 5082 1379 5137 revixit
1404 5099 1419 5149 ;
1457 5083 1716 5152 perierat,
1751 5093 1805 5137 et
1832 5084 2085 5138 inventus

489 5181 593 5229 est.
627 5174 694 5227 Et
741 5184 1023 5243 cmperunt
1080 5176 1270 5229 Iretari.
1308 5194 1327 5227 ι
1367 5174 1469 5229 Per
1492 5190 1680 5231 servos
1724 5176 1962 5245 intelligo
1992 5175 2075 5231 vel

489 5265 710 5333 angelos
764 5267 1185 5321 ministratorios
1225 5267 1468 5335 spiritus,
1530 5269 1619 5338 qui
1678 5268 1967 5322 mittuntur
2031 5269 2087 5321 in

490 5357 851 5411 ministerium
904 5370 1123 5427 propter
1174 5374 1267 5413 eos
1302 5359 1392 5427 qui
1422 5360 1591 5415 salute
1643 5363 1789 5432 digni
1824 5371 1969 5415 sunt.
2012 5361 2088 5415 llli

492 5448 635 5502 enim
693 5449 932 5503 vestiunt
981 5465 1008 5503 a
1044 5463 1263 5518 peccato
1299 5461 1655 5507 revertentem
1705 5453 1846 5508 stola
1892 5455 2087 5519 prima,

495 5538 610 5592 sive
662 5540 861 5607 prisca,
906 5556 1088 5608 quam,
1146 5545 1463 5612 priusquam
1499 5559 1868 5612 peccaremus,
1906 5556 2087 5613 θεειο-

494 5629 685 5685 ίκοιιιιιε
714 5672 726 5696 ,
752 5632 1066 5686 indumento
1114 5636 1322 5690 scilicet
1355 5637 1778 5706 incorruptionis
1811 5657 1825 5691 :
1856 5639 1934 5691 vel
1970 5655 2091 5707 prc-

567 5763 646 5839 (ql
680 5767 974 5839 βώμιοι.
999 5770 1219 5831 omittit,
1241 5780 1287 5823 et
1312 5773 1434 5839 quia
1464 5782 1583 5825 sunt
1615 5772 1903 5825 mirabilia.

572 5833 649 5906 (ὁ)
679 5834 731 5889 lu
768 5838 861 5892 Ed.
899 5837 1018 5893 Lut.
1052 5833 1388 5908 omittuntur,
1423 5861 1523 5896 non
1578 5845 1625 5896 in
1677 5844 1845 5911 primo
1890 5844 2091 5896 ordine.

3660 4624 3780 4689 Ἐξ,

2181 4714 2446 4781 ενέγκατε
2470 4715 2570 4783 τὴν
2588 4712 2783 4783 στολὴν
2797 4714 2896 4781 τὴν
2916 4712 3162 4783 πρώτην,
3186 4714 3278 4767 καὶ
3302 4714 3566 4768 ἐνδύσατε
3594 4718 3778 4781 αὐτὸν,

2181 4809 2274 4861 καὶ
2305 4807 2423 4859 δότε
2459 4805 2748 4860 δακτύλιον
2782 4806 2863 4868 εἰς
2891 4806 2990 4875 τὴν
3014 4808 3174 4875 χεῖρα
3224 4805 3416 4872 αὐτοῦ,
3455 4809 3549 4862 καὶ
3579 4809 3785 4881 ὑποδή-

2186 4918 2334 4970 ματα
2377 4901 2459 4963 είς
2502 4901 2633 4962 τοὺς
2673 4899 2838 4963 πόδας
2870 4897 3060 4962 αὑτοῦ,
3116 4898 3214 4951 καὶ
3243 4898 3640 4966 ἐξενέγκαντες
3689 4904 3783 4955 τὸν

2189 4996 2391 5066 μόσχον
2420 4996 2511 5048 τὸν
2545 4996 2793 5049 σιτευτὸν
2825 4995 3053 5060 θύσατε,
3112 4995 3209 5049 καὶ⁵
3234 4996 3505 5063 φαγόντες
3538 4999 3784 5065 εὐφραν-

2184 5088 2390 5158 θῶμεν,
2431 5089 2512 5142 ὅτι
2540 5090 2567 5141 ὁ
2590 5088 2702 5151 υἱός
2729 5105 2830 5157 μου
2852 5080 3011 5152 οὗτος
3041 5088 3239 5156 νεκρὸς
3270 5083 3360 5156 ἦν,
3394 5089 3491 5141 καὶ
3515 5089 3775 5155 άνὲξησε,

2189 5180 2281 5233 καὶ
2311 5177 2609 5241 ἀπολωλὼς
2651 5174 2740 5248 ἦν,
2770 5178 2863 5230 καὶ
2894 5178 3115 5248 εὑρέθη.
3148 5177 3261 5230 Καὶ
3286 5178 3526 5248 ἤρξαντο
3556 5180 3787 5249 εύφραὲο

2190 5270 2402 5323 νεσθαι.
2483 5287 2500 5320 ι
2556 5269 2792 5331 Δούλους
2841 5269 3039 5339 ἢτοῦς
3099 5268 3368 5335 ἀγγέλους
3437 5272 3685 5337 νοήσαις,
3722 5272 3787 5321 τὰ

2189 5362 2545 5430 λειτουργικὰ
2589 5362 2882 5431 πνεύματα
2918 5360 2986 5414 τὰ
3016 5360 3349 5430 στελλόμενα
3392 5362 3470 5423 είς
3506 5362 3785 5414 διακονίαν

2194 5456 2282 5509 διὰ
2312 5456 2436 5518 τοὺς
2474 5454 2751 5523 σωτηρίας
2783 5453 2991 5519 ἀξίους·
3037 5453 3132 5504 καὶ
3168 5454 3275 5520 γάρ
3304 5447 3454 5506 οὗτοι
3485 5454 3787 5518 στολίζουσι

2196 5548 2288 5600 τὸν
2311 5550 2376 5599 ἐκ
2418 5547 2617 5607 κακίας
2646 5544 3051 5615 ἐπιστρέφοντα
3078 5542 3175 5613 τὴν
3202 5544 3391 5613 στολὴν
3416 5543 3514 5613 τὴν
3541 5543 3786 5612 πρώτην,

2200 5640 2319 5710 ἢτοι
2345 5643 2444 5709 τὴν
2484 5640 2743 5710 ἀρχαίαν,
2770 5641 2836 5709 ἦν
2886 5638 3017 5709 πρὶν
3056 5638 3325 5707 ἁμαρτεῖν
3356 5637 3688 5707 ὲφοροῦμεν,
3733 5634 3787 5687 τὸ

2203 5772 2408 5827 Cmtera
2454 5785 2578 5829 sunt
2611 5792 2775 5829 :sanc
2814 5773 2907 5828 illd
2956 5769 3279 5827 miserabilia
3330 5782 3531 5843 Oportet
3567 5774 3612 5826 ei
3664 5786 3783 5825 culto

2208 5860 2429 5897 morare.
