4030 6444
217 434 328 498 92:7

975 434 1428 498 ENARRATIO
1468 434 1552 496 IN
1591 434 2103 500 EVANGELiUM
2132 437 2375 503 LUCE.
2406 439 2653 501 -CAP.
2688 437 2815 500 XV.

3437 428 3546 495 958

210 546 421 618 ἔνδυμα
442 546 540 617 τῆς
578 545 915 618 ἀφθαρσίας,
946 548 981 617 ἢ
1019 548 1122 617 τὴν
1175 550 1369 620 τιμίαν
1414 547 1515 619 τὴν
1550 546 1662 617 πρὸ
1703 545 1806 599 τῶν

1925 550 2060 603 tiosa
2110 564 2232 619 quae
2266 549 2531 618 dignitate
2587 554 2813 617 przestat
2850 544 2973 601 aliis
3032 540 3316 606 omnibus,
3350 550 3413 596 ut
3442 544 3543 596 ba-

210 638 391 694 ωλων
426 639 640 697 πασῶν.
668 632 760 692 οἶά
788 640 941 692 ἐστιν
971 640 1005 711 ή
1034 638 1127 693 τοῦ
1163 639 1567 709 βαπτίσματος.
1618 636 1820 709 Πρώτη

214 738 330 809 γάρ
362 752 455 807 μοι
486 734 627 807 αὕτη
658 734 1026 804 περιτίθεται,
1068 736 1165 790 καὶ
1193 736 1324 806 παρ’
1356 737 1528 806 αὐτῆς
1555 735 1821 805 λαμϐάνοι

208 832 317 901 τὴν
360 830 463 899 τῆς
521 828 919 899 ἀσχημοσύνης
958 830 1318 900 περιστολήν.
1362 830 1429 885 Ἥ
1463 829 1645 885 τοίνυν
1692 830 1820 893 τοὺς

210 923 485 991 ἀγγέλους
506 923 732 994 νοήσαις
762 921 1010 986 δούλους,
1051 923 1181 986 τοὺς
1231 924 1369 976 πᾶσι
1403 925 1516 987 τοῖς
1562 922 1653 992 ὑφ’
1684 924 1819 993 ἡμῖν

206 1017 568 1086 τελουμένοις
602 1016 1080 1086 διακονουμένους,
1134 1016 1232 1069 καὶ
1264 1014 1335 1069 δι’
1369 1009 1445 1070 ὧν
1475 1015 1819 1087 ἁγιαζόμεθα

209 1110 399 1177 μέσων
432 1126 446 1139 ⁸
495 1110 529 1180 ἢ
573 1111 667 1161 καὶ
693 1109 821 1171 τοὺς
854 1109 1043 1179 ἱερεῖς,
1074 1109 1204 1171 τοὺς
1240 1108 1334 1162 καὶ
1364 1108 1451 1162 διὰ
1498 1108 1817 1177 βαπτίσμα-

204 1220 322 1265 τος,
348 1203 445 1254 καὶ
471 1202 631 1270 λόγου
654 1199 1043 1255 διδασκαλικοῦ
1059 1201 1152 1254 τὸν
1176 1201 1577 1273 ἐπιστρέφοντα
1602 1201 1815 1254 ἐνδύον-

203 1314 329 1361 τας,
360 1300 457 1351 καὶ
490 1297 691 1367 ’στολὴν
737 1296 963 1368 πρώτην
1000 1297 1406 1367 περιτιθέντας,
1441 1298 1534 1351 τὸν
1578 1296 1816 1369 Χριστὶν

204 1388 373 1439 αὐτόν
425 1386 564 1457 (ὅσοι
587 1388 697 1456 γὰρ
729 1387 1149 1457 ἐδαπτίσθημεν
1170 1372 1253 1451 είς
1284 1389 1547 1459 Χρ;στὸν.
1578 1390 1816 1460 Χριστὸν

203 1479 623 1550 ἐνεδυσάμεθα).
648 1481 741 1534 καὶ
781 1478 1074 1535 δακτύλιον
1111 1480 1354 1534 διδόασιν
1383 1484 1464 1544 είς
1501 1481 1601 1551 τὴν
1626 1483 1813 1551 χεῖρα,

199 1573 306 1644 τὴν
364 1572 639 1642 σφραγῖδα
680 1570 776 1624 τοῦ
809 1572 1274 1642 Χριστιανισμοῦ.
1308 1573 1377 1644 ἦν
1397 1572 1486 1627 διὰ
1502 1574 1612 1625 τῶν
1636 1573 1815 1643 ἔργων

200 1666 442 1736 ἔχομεν·
494 1667 527 1735 ὴ
564 1666 664 1736 μὲν
705 1667 815 1737 γὰρ
847 1669 969 1736 χεὶρ
1007 1667 1111 1736 τῆς
1157 1667 1415 1737 πράξεως
1460 1666 1753 1737 σύμϐολον,
1785 1669 1815 1721 6

200 1748 260 1811 δὲ
299 1758 587 1822 δακτύλιος
624 1760 724 1829 τῆς
765 1759 1109 1828 σφραγῖδοςο
1160 1760 1190 1813 6
1234 1758 1416 1812 τοίνυν
1462 1757 1810 1829 βαπτισθεὶς,

202 1853 302 1906 καὶ
327 1851 518 1916 ἁπλῶς
557 1854 584 1905 6
623 1852 731 1906 ἀπὸ
763 1853 966 1916 κακίας
1008 1853 1384 1923 ἐπιστρέφων,
1426 1853 1637 1923 ὀφείλει
1666 1853 1811 1925 ἔχειν

202 1945 300 1997 ἐπὶ
352 1946 451 2013 τῆς
486 1947 695 2015 χειρὸς.
748 1946 1053 2011 τουτέστιν,
1100 1946 1197 1999 ἐπὶ
1232 1945 1417 2014 πάσης
1486 1948 1808 2017 πρακτικῆς

199 2035 513 2105 δυνάμεως,
542 2037 845 2107 σφραγῖδα,
882 2036 975 2089 καὶ
994 2035 1287 2105 γνώρισμα
1321 2036 1679 2106 Χριστιανοῦ,
1721 2038 1809 2091 ἴνα

197 2125 480 2180 δεικνύναι
517 2125 645 2197 ἔχῃ,
697 2127 773 2187 ὡς
806 2127 927 2179 κατ’
959 2127 1146 2179 εἰκόνα
1177 2126 1272 2182 τοῦ
1322 2128 1609 2188 κτίσαντος
1645 2129 1810 2181 αὐτὸν

198 2217 588 2287 ἀνεκαινίσθη.
640 2219 709 2270 Ἥ
740 2218 838 2270 καὶ
866 2217 1047 2281 ἄλλως
1089 2219 1321 2285 νοήσαις
1367 2218 1459 2272 τὸν
1495 2218 1807 2284 δακτύλιον,

199 2307 505 2379 ἀρῤαδῶνα
532 2306 627 2360 τοῦ
660 2306 1002 2378 [Induat-or
1035 2304 1151 2362 οἷον
1194 2308 1249 2362 τί
1282 2326 1447 2380 φημι·
1490 2309 1552 2363 Ὀ
1576 2311 1711 2376 Θεὸς
1739 2314 1809 2365 τὰ

204 2397 310 2477 μὲν
333 2398 653 2451 τελιιότατα
678 2398 862 2465 ἀγαθὰ
890 2400 1012 2452 τότε
1060 2398 1299 2464 δίδωσιν,
1328 2400 1417 2453 ὅτε
1442 2399 1649 2454 τούτων
1680 2419 1806 2455 και-

200 2490 320 2559 ρὸς,
366 2491 461 2543 καὶ
486 2489 584 2542 νῦν
606 2490 663 2542 δὲ
696 2490 1065 2561 πιστούμενος
1108 2493 1335 2562 δηλαδὴ,
1370 2495 1556 2548 ἐκεῖνα
1590 2496 1807 2550 δίδωσιν

195 2586 335 2653 ἡμῖν
358 2584 701 2655 χαρίσματα,
726 2578 839 2637 οἶόν
869 2602 1022 2649 τινας
1062 2586 1397 2657 ἀρραϐῶνας
1444 2586 1553 2640 τῶν
1585 2588 1807 2659 μελλόν-

195 2692 331 2736 των,
368 2678 481 2739 τοῖς
526 2677 624 2746 μὲν
666 2677 1143 2749 θαυματουργίαν,
1199 2681 1313 2742 τοῖς
1338 2680 1393 2733 δὲ
1425 2680 1802 2745 διδασκαλίαν,

194 2769 315 2824 τοῖς
344 2767 404 2821 δὲ
434 2768 565 2820 ἄλλο
616 2785 694 2832 τι,
745 2769 841 2821 καὶ
892 2767 1067 2821 ταῦτα
1119 2769 1405 2839 δεχόμενοι
1447 2770 1560 2823 ἀπὸ
1600 2770 1805 2825 τούτων

198 2860 297 2914 καὶ
324 2861 396 2914 τὰ
430 2862 746 2931 τελειότερα
779 2860 1015 2931 βεϐαίως
1076 2861 1395 2933 ἐλπίζομεν.
1438 2864 1804 2934 ’Υποδήματα

198 2954 283 3016 είς
309 2954 438 3017 τοὺς
470 2954 664 3016 πόδας,
703 2954 792 3007 ἵνα
827 2954 1204 3020 φυλάττωνται
1228 2955 1338 3008 ἀπὸ
1361 2956 1474 3009 τῶν
1498 2960 1802 3029 σκορπίων,

195 3044 311 3098 τῶν
346 3046 561 3116 μικρῶν
606 3046 809 3115 δηλαδὴ
849 3045 1158 3100 δοκούντων
1209 3048 1652 3119 ἁμαρτημάτων,
1708 3052 1805 3105 καὶ

196 3139 475 3209 κρυφίων,
509 3138 585 3200 ὼς
634 3139 739 3210 ἔφη
792 3139 983 3204 Δαυῖδ,
1024 3141 1169 3211 πλὴν
1205 3140 1534 3195 θανατωδῶν
1564 3143 1659 3195 καὶ
1700 3144 1803 3196 αὐ-

1926 640 2109 709 ptismi
2163 641 2454 712 dignitate.
2482 640 2663 694 Prima
2698 639 2845 695 enim
2884 652 2982 692 nos
3022 634 3113 690 illa
3150 634 3339 697 vestit,
3377 641 3434 685 et
3473 635 3543 685 ab

1925 745 1988 784 ea
2048 730 2315 786 sumimus
2378 729 2681 786 honestatis
2731 728 3011 782 vestitum.
3073 723 3168 779 Vel
3220 739 3319 796 per
3356 737 3548 778 servos

1925 821 2167 891 intelligo
2219 824 2463 895 angelos,
2522 822 2613 891 qui
2648 820 2963 876 ministrant
2988 818 3245 875 omnibus
3271 832 3393 886 qua:
3419 831 3549 886 pro-

1927 924 2011 968 ter
2045 930 2143 969 nos
2199 914 2354 979 ﬁunt,
2385 924 2439 969 et
2485 914 2684 984 quibus
2708 913 3078 984 mediantibus
3110 910 3544 966 sanctiﬁcamur.

1926 1004 2024 1061 Vel
2050 1008 2219 1060 etiam
2271 1006 2611 1070 sacerdotes,
2689 1005 2781 1077 qui
2816 1018 3113 1059 conversus
3198 1017 3297 1071 per
3370 1000 3548 1070 bapti-

1922 1114 2099 1153 smum
2130 1099 2212 1153 vel
2238 1101 2466 1154 verbum
2491 1100 2756 1154 doctrina:
2784 1097 3040 1162 induunt,
3111 1106 3167 1151 et
3190 1096 3419 1149 induunt
3448 1108 3545 1149 eos

1920 1189 2196 1246 Chrisuttn
2251 1192 2446 1249 stolam
2511 1192 2745 1262 primam
2800 1190 3137 1261 (quicunque
3195 1188 3340 1241 enim
3373 1186 3543 1254 bapti~

1921 1283 2029 1338 Zati
2086 1299 2275 1338 sumus
2310 1286 2361 1339 in
2395 1283 2703 1347 Christum,
2754 1283 2927 1339 induti
2964 1295 3159 1335 sumus
3208 1277 3542 1345 Christum),

1919 1390 1973 1433 et
2000 1379 2260 1433 annulum
2319 1384 2412 1435 dat
2447 1381 2501 1436 in
2533 1395 2776 1443 manum,
2810 1380 3151 1450 signaculum
3210 1376 3544 1433 Christiani-

1921 1468 2049 1529 smi,
2080 1470 2225 1536 quod
2276 1485 2374 1539 per
2395 1486 2563 1541 Opera
2588 1470 2877 1526 habemus.
2915 1468 3054 1523 Nam
3093 1484 3290 1523 manus
3326 1467 3547 1537 symbo-

1924 1560 2040 1615 lum
2077 1565 2418 1629 operationis
2450 1572 2553 1630 est,
2606 1566 2844 1620 annulus
2877 1581 3006 1619 vero
3046 1563 3336 1628 signaculi.
3374 1563 3548 1632 igitur

1922 1654 2250 1723 baptizatus,
2316 1665 2371 1711 et
2438 1658 2618 1712 omnis
2677 1658 2771 1726 qui
2824 1673 2851 1711 a
2884 1667 3113 1727 peccato
3170 1656 3534 1724 convertitur,

1919 1746 2082 1801 debet
2137 1746 2343 1803 habere
2400 1749 2453 1803 in
2501 1765 2684 1815 manu,
2730 1750 2835 1805 hoc
2862 1749 3276 1819 est,operativa
3309 1748 3537 1809 virtute,

1918 1839 2259 1908 signaculum
2291 1840 2590 1896 Christiani
2627 1860 2640 1896 :
2680 1851 2741 1897 ut
2787 1842 3171 1896 demonstrare
3202 1849 3363 1911 queat
3397 1838 3542 1907 quod

1922 1943 2207 1988 recreatus
2258 1934 2330 1987 sit
2360 1934 2427 1989 ad
2462 1935 2753 2005 imaginem
2779 1935 2899 2006 ejus
2932 1935 3023 2002 qui
3057 1949 3116 1989 se
3145 1933 3414 1987 condidit.
3447 1931 3544 1986 Vel

1912 2023 2070 2077 aliter
2104 2044 2118 2078 :
2150 2040 2250 2095 per
2269 2025 2533 2079 annulum
2562 2027 2834 2097 intelliges
2867 2026 3231 2080 arrhabonem
3254 2024 3491 2095 Spiritus
3524 2041 3541 2080 :

1912 2126 1971 2169 ut
2004 2118 2238 2187 exempli
2287 2123 2463 2189 gratia
2519 2121 2652 2190 quid
2714 2121 2914 2186 dicam,
2952 2120 3094 2175 Deus
3138 2119 3540 2188 perfectissima

1913 2211 2052 2264 bona
2113 2222 2242 2266 tunc
2300 2213 2415 2273 dat,
2476 2214 2699 2284 quando
2749 2229 2936 2267 eorum
2988 2224 3202 2282 tempus
3237 2212 3446 2268 fuerit:
3487 2220 3546 2267 ct

1912 2318 2056 2359 nunc
2107 2314 2159 2359 ut
2188 2305 2467 2361 credibilia
2527 2307 2658 2369 sint,
2692 2305 2784 2360 illa
2825 2307 2982 2361 nobis
3031 2307 3123 2361 dat
3170 2307 3536 2362 charismata.

1914 2408 1973 2451 ut
2006 2397 2373 2453 arrhaboaem
2412 2397 2717 2453 futurorum
2752 2418 2765 2454 :
2793 2408 2847 2454 et
2870 2398 2990 2453 aliis
3024 2402 3223 2452 donum
3278 2400 3541 2466 operaudi

1912 2492 2206 2554 miracula,
2238 2492 2365 2547 aliis
2398 2493 2649 2555 docendi,
2690 2493 2813 2548 aliis
2855 2508 2987 2548 vero
3017 2493 3163 2548 aliud
3192 2492 3544 2565 Mquid-

1916 2584 2045 2638 dam
2088 2594 2185 2638 :et
2216 2600 2340 2639 cum
2403 2584 2490 2639 illa
2551 2587 2907 2655 suscipimus,
2967 2586 3197 2641 ﬁrmiter
3248 2595 3304 2641 et
3359 2586 3543 2653 perle-

1912 2678 2087 2730 ctiora
2146 2687 2526 2744 expectamus.
2582 2677 2646 2730 lit
2694 2677 2909 2732 calceos
2941 2678 3008 2732 ad
3037 2678 3225 2747 pedes,
3269 2684 3327 2731 ut
3357 2686 3544 2730 custo-

1909 2770 2134 2823 diantur
2166 2784 2194 2822 a
2250 2770 2504 2839 scerpiis,
2565 2772 2809 2841 peccatis
2854 2770 3071 2826 scilicet
3100 2786 3222 2840 qua:
3276 2772 3537 2825 videntur

1910 2877 2076 2931 parva
2112 2870 2165 2915 et
2197 2862 2435 2929 occulta,
2468 2864 2609 2917 sicut
2645 2863 2861 2936 dicebat
2892 2864 3085 2927 David,
3110 2874 3353 2916 attamen
3388 2879 3540 2919 more

1912 2955 2091 3010 tileris
2126 2968 2180 3011 et
2224 2957 2359 3027 ipsis
2394 2974 2408 3010 :
2443 2967 2609 3025 atque
2638 2957 2804 3011 etiam
2858 2973 2887 3011 a
2920 2958 3296 3025 serpentibus,
3330 2957 3382 3011 id
3433 2968 3536 3016 est.

1910 3048 2150 3116 peccatis
2171 3064 2308 3117 qua).
2327 3050 2615 3104 manifeste
2638 3064 2839 3105 nocere
2867 3059 3187 3104 censentur.
3216 3048 3311 3105 Vel
3344 3050 3531 3105 aliter:

1909 3141 2278 3195 calceamenta
2303 3133 2515 3196 'dantur
2544 3142 2592 3197 ei
2620 3145 2711 3212 qui
2748 3144 2983 3212 primam
3021 3144 3222 3197 stolam
3251 3153 3542 3199 assecutus

194 3232 309 3286 τῶν
330 3248 343 3263 ο
380 3231 471 3285 ναὶ
504 3232 611 3302 μὴν
633 3232 727 3284 καὶ
756 3231 864 3285 ἀπὸ
887 3231 1067 3300 ὄφεων
1087 3234 1195 3285 τῶν
1219 3233 1513 3305 προφανῶς
1542 3233 1804 3303 βλάπτειν

1916 3246 2015 3296 est,
2048 3234 2283 3291 faciente
2328 3236 2436 3291 Deo
2467 3250 2591 3290 eum
2633 3248 2820 3305 aptum
2854 3245 2913 3289 ut
2957 3237 3246 3290 annuutiet
3286 3237 3544 3306 Evange-

195 3325 603 3395 νομιζομένων,
653 3325 801 3395 φημὶ
836 3324 1146 3395 ἁμαρτιῶν.
1195 3327 1305 3379 Καὶ
1349 3326 1523 3389 ἄλλως
1560 3328 1643 3393 δ’τ,
1675 3328 1806 3382 ὐπο-

194 3418 424 3487 δήματα
456 3416 695 3472 δίδονται
730 3417 809 3486 τῷ
861 3414 1149 3482 ἀξιωθέντι
1185 3418 1287 3487 τῆς
1324 3418 1551 3489 πρώτης
1587 3420 1803 3489 στολῆς,

194 3508 489 3575 ποιοῦντος
515 3508 610 3562 τοῦ
652 3509 789 3562 Θεοῦ
839 3510 1003 3563 αὑτὸν
1036 3510 1260 3579 ἕτοιμον
1292 3512 1373 3574 είς
1420 3512 1480 3564 τὸ
1515 3512 1807 3580 εὐαγγελί-

198 3603 419 3670 ζεσθαι,
454 3606 551 3657 καὶ
581 3603 815 3673 ὠφελεῖν
853 3605 1098 3674 ἑτέρους.
1130 3603 1306 3658 Ίόῦτο
1338 3606 1450 3675 γὰρ
1478 3607 1506 3658 ό
1545 3607 1806 3676 Χριστιαο

195 3696 290 3760 νὸς
323 3696 421 3749 τοῦ
459 3696 690 3767 πλησίον
716 3698 747 3767 ἡ
776 3695 1040 3765 ὠφέλεια.
1077 3696 1297 3767 Μόσχος
1328 3698 1387 3751 δὲ
1422 3699 1669 3761 σιτευτὸς
1705 3700 1807 3753 οὐκ

196 3788 485 3854 ἀγνοεῖται
525 3790 605 3851 τίς
639 3790 810 3851 ἐστιν,
861 3776 893 3842 δ’
941 3790 1227 3858 θυόμενος,
1282 3789 1377 3842 καὶ
1443 3790 1803 3861 ὲσθιόμενοςο

196 3880 424 3943 πάντως
458 3883 566 3950 γὰρ
614 3883 643 3932 6
675 3880 882 3951 ἀληθὴς
915 3879 1045 3943 Υἱὸς
1080 3881 1179 3932 τοῦ
1215 3879 1377 3947 Θεοῦ,
1412 3880 1552 3932 καθὸ
1589 3879 1805 3951 ἀνθρω-

196 3988 327 4034 πος,
386 3971 480 4024 καὶ
532 3970 715 4039 σάρκα
774 3971 991 4037 εἴληφε,
1046 3970 1149 4039 τὴν
1202 3969 1401 4036 ἄλογον
1457 3968 1643 4037 φύσει.
1710 3969 1806 4021 καὶ

197 4060 484 4134 κτηνώόη.
522 4062 628 4114 κᾶν
681 4062 854 4130 αὐτὴν
893 4061 1005 4113 τῶν
1057 4059 1279 4114 οἰκείων
1318 4060 1662 4131 αὐχημάτων
1702 4078 1807 4114 πε-

196 4156 486 4223 ⁴ι-λήριιοκε.
522 4154 681 4208 Κατὰ
730 4152 890 4207 τοῦτο
927 4156 1129 4224 μόσχος
1167 4154 1394 4219 νοεῖται,
1438 4155 1806 4226 ἀπειρόζυγος

202 4248 306 4320 μὲν
344 4245 440 4297 τοῦ
479 4244 646 4313 νόμου
695 4244 797 4315 τῆς
833 4245 1137 4313 ἁμαρτίας·
1180 4246 1425 4309 σιτευτὸς
1461 4246 1539 4309 δὲ,
1568 4245 1705 4299 καθὸ
1724 4249 1805 4309 εἰς

194 4330 370 4393 τοῦτο
388 4337 446 4390 τὸ
472 4337 777 4408 μυστήριον
803 4336 1019 4408 ἀφώρκ-
1034 4354 1086 4389 το
1109 4338 1214 4411 πρὸ
1236 4338 1550 4407 καταϐολῆς
1569 4338 1802 4406 κόσμου.

197 4431 313 4483 Καὶ
366 4428 799 4500 περιεργότερον
828 4426 885 4481 δὲ
918 4426 989 4481 tot
1028 4446 1051 4491 ς
1096 4426 1241 4492 δόξει
1287 4428 1351 4480 τὸ
1404 4428 1802 4499 ῥηθησόμενον,

193 4529 354 4596 ὅμως
384 4524 686 4594 ῥηθήσεται
708 4540 722 4553 ·
756 4523 840 4575 ὅτι
886 4525 914 4575 6
975 4550 985 4574 ι
1017 4540 1162 4592 ρτος,
1209 4522 1268 4575 ὃν
1305 4522 1526 4593 κλῶμεν
1560 4521 1704 4574 κατὰ
1744 4521 1805 4573 τὸ

1916 3328 2071 3391 lium,
2128 3338 2291 3397 atque.
2326 3329 2450 3382 aliis
2511 3327 2707 3395 prosit.
2768 3328 3071 3383 Christiani
3108 3329 3255 3384 enim
3287 3339 3369 3383 est
3412 3346 3527 3399 pro-

1892 3413 2077 3475 desse
2146 3422 2418 3489 proximo.
2476 3419 2695 3476 Vitulus
2761 3422 3047 3491 saginatus
3103 3436 3208 3475 non
3253 3423 3539 3491 ignoratur

1914 3516 2039 3585 quis
2075 3515 2170 3581 sit,
2202 3516 2295 3585 qui
2352 3516 2672 3569 immolatur
2701 3525 2757 3569 et
2792 3516 3121 3569 comeditur.
3158 3515 3298 3568 Nam
3334 3525 3420 3569 est
3447 3530 3541 3570 νου

1916 3624 2005 3662 rtls
2059 3607 2230 3663 Filius
2263 3607 2379 3671 Dei,
2416 3617 2467 3661 et
2512 3607 2581 3660 ila
2621 3607 2786 3662 homo
2812 3609 2907 3677 qui
2944 3624 3178 3662 carnem
3213 3608 3537 3677 assumpsit,

1914 3711 2103 3754 natura
2161 3698 2615 3762 irrationabilem,
2661 3709 2717 3753 et
2770 3699 3014 3767 brutam,
3063 3700 3323 3769 illamque
3354 3701 3539 3755 divino

1912 3793 2121 3846 honore
2151 3790 2397 3860 implevit
2441 3808 2454 3843 :
2488 3800 2540 3842 et
2569 3793 2898 3843 secundnm'
2926 3789 3033 3844 hoc
3067 3789 3269 3844 vitulus
3313 3790 3537 3852 dicitur,

1914 3901 2021 3940 non
2072 3884 2217 3939 enim
2254 3884 2512 3951 expertus
2553 3881 2843 3951 estjugum
2861 3883 2993 3954 legis
3030 3884 3240 3951 peccati
3273 3898 3288 3947 ;
3318 3884 3540 3951 sagina-

1914 3987 2001 4032 tus
2034 3992 2188 4042 vero,
2220 3976 2522 4031 secundum
2558 3976 2704 4046 quod
2750 3975 2817 4029 ad
2874 3976 2978 4029 hoc
3036 3976 3356 4046 mysterium
3388 3977 3539 4029 ordi-

1914 4075 2075 4120 natus
2127 4077 2212 4121 est
2267 4075 2395 4121 ante
2449 4066 2897 4120 constitutionem
2933 4068 3145 4121 mundi.
3174 4067 3240 4121 Et
3279 4065 3537 4121 fortassis

1911 4159 2179 4215 Curiosius
2222 4158 2497 4214 videbitur
2526 4159 2569 4213 si
2605 4158 2844 4223 dicatur,
2895 4160 3117 4214 dicetur
3160 4169 3365 4213 tamen.
3396 4161 3536 4225 Quia

1912 4250 2065 4318 panis
2092 4263 2255 4318 quem
2299 4248 2625 4319 frangimus,
2664 4250 2965 4303 secundum
3002 4250 3055 4304 id
3102 4252 3245 4320 quod
3284 4261 3534 4316 apparet,

1910 4357 1975 4395 ex
2019 4342 2202 4396 tritico
2230 4342 2513 4396 confectus
2545 4354 2649 4408 est,
2680 4344 2982 4412 saginatus,
3030 4352 3105 4409 et,
3146 4355 3204 4397 ut
3237 4344 3412 4398 Crsrei
3450 4346 3539 4395 di-

1911 4448 2070 4502 cunt,
2131 4439 2400 4504 σιτευτὸς,
2432 4437 2709 4493 frumento
2740 4450 2928 4507 pastus
2977 4440 3240 4493 dicendus
3272 4450 3378 4493 est.
3432 4440 3534 4493 Sc-

1911 4532 2150 4585 cundum
2186 4532 2289 4585 hoc
2324 4541 2509 4585 autem
2541 4534 2686 4600 quod
2715 4547 2811 4602 per
2845 4532 2995 4585 illum
3028 4531 3352 4601 intelligitur
3386 4531 3532 4600 quod

194 4621 530 4700 φαινόμενον
572 4620 694 4689 μὲν,
744 4620 810 4673 ὲκ
844 4619 996 4673 σίτου
1047 4617 1342 4683 συνεστὼς,
1398 4618 1644 4679 σιτευτὸς
1697 4619 1801 4687 ρηη

1916 4636 2039 4675 raro
2087 4632 2189 4683 est,
2247 4620 2449 4674 vitulus
2504 4622 2684 4675 dictus
2710 4628 2815 4675 est.
2861 4619 3064 4688 Etipse
3096 4632 3179 4674 est
3217 4620 3443 4679 vitulus.
3478 4630 3536 4676 et

193 4715 361 4783 θείη·
404 4713 548 4766 κατά
593 4712 655 4765 τὸ
700 4710 995 4782 νοούμενον
1048 4712 1105 4764 δὲ
1148 4711 1288 4782 σὰρξ
1346 4709 1444 4775 ὢν,
1482 4710 1687 4780 μόσχος
1738 4710 1806 4763 ἂν

190 4807 439 4877 λεχθείη.
478 4807 587 4859 Καὶ
613 4809 639 4861 6
668 4806 833 4870 αὑτός
864 4806 983 4858 ἐστι
1007 4805 1233 4876 μόσχος,
1264 4806 1361 4859 καὶ
1392 4806 1660 4867 σιτευτός,
1692 4806 1807 4867 Πᾶς

192 4902 295 4955 οὖν
329 4892 753 4969 βαπτιζόμενος,
800 4898 899 4969 ml.
929 4899 1043 4961 υἱὸς
1076 4897 1215 4951 Θεοῦ
1256 4898 1566 4968 γινόμενος,
1597 4898 1803 4967 μᾶλλον

192 4994 255 5047 δὲ
288 4992 831 5061 ἀποκαθιστάμενος,
864 4989 962 5042 καὶ
993 4987 1182 5052 ἁπλῶς
1201 4991 1308 5051 πᾶς
1334 4990 1362 5041 6
1386 4988 1499 5041 ἀπὸ
1524 4987 1803 5058 ἁμαρτίας

191 5085 660 5155 καθαριςόμενος,
720 5083 815 5137 τοῦ
880 5083 1086 5153 μόσχου
1146 5080 1339 5135 τούτου
1399 5080 1494 5135 τοῦ
1553 5079 1804 5134 σιτευτοῦ

194 5180 471 5243 κοινωνεῖ,
506 5179 599 5232 καὶ
633 5176 975 5246 εὐφροσύνης
1015 5176 1189 5238 αἴτιος
1221 5176 1316 5228 καὶ
1359 5174 1436 5244 τῷ
1474 5174 1674 5242 Πατρὶ,
1710 5174 1806 5227 καὶ

191 5274 309 5334 τοῖς
340 5268 551 5333 δούλοις
579 5269 747 5322 αὐτοῦ
794 5268 1144 5332 καθίσταται,
1182 5266 1440 5337 ἀγγέλοις
1480 5268 1575 5319 καὶ
1618 5267 1802 5338 ἱερεῦ-

194 5382 288 5418 σιν
332 5364 410 5426 ὡς
456 5364 519 5415 ἐκ
550 5363 879 5434 νεκρώσεως
927 5362 1232 5433 ἀναζήσας,
1270 5362 1365 5414 καὶ
1416 5360 1477 5425 ἐξ
1519 5361 1801 5425 ἀπωλείας

192 5455 444 5525 εὑρεθείς
464 5470 481 5488 ο
517 5456 642 5508 ὅσον
684 5455 783 5523 μὲν
834 5456 943 5523 γάρ
998 5455 1091 5507 ἐπὶ
1120 5456 1185 5523 τῇ
1215 5453 1317 5523 τῆς
1348 5453 1548 5516 κακίαις
1574 5470 1799 5523 περιουο

192 5547 301 5617 σία
326 5549 522 5615 νεκρὸς
550 5542 641 5617 ἦν,
686 5547 1114 5617 ἀπεγνωσμένος
1150 5546 1393 5616 δηλαδή·
1447 5547 1573 5599 ὅσον
1610 5546 1668 5599 δὲ
1701 5543 1793 5599 ἐπὶ

184 5643 262 5710 τῇ
318 5639 642 5719 ἀνθρωπίνη
689 5628 850 5708 φύσει
908 5641 973 5708 τῇ
1028 5643 1278 5708 τρεπτῇ,
1322 5638 1413 5690 καὶ
1464 5640 1529 5690 ἐκ
1580 5637 1779 5701 κακίας

1921 4715 2225 4783 saginatus.
2263 4710 2454 4767 Omnis
2508 4712 2671 4780 igitur
2697 4714 2789 4782 qui
2821 4714 3152 4780 baptizatur,
3181 4721 3236 4765 et
3265 4712 3408 4765 tilius
3439 4710 3535 4765 Dei

1922 4805 2174 4869 eﬁicitur,
2229 4806 2339 4859 imo
2366 4806 2698 4869 restituitur,
2747 4817 2802 4859 et
2826 4806 2879 4858 in
2909 4820 3118 4858 summa
3156 4804 3335 4858 omnis
3374 4805 3464 4874 qui
3503 4820 3537 4859 ο

1920 4908 2149 4967 peccato
2202 4907 2467 4967 purgatur
2510 4898 2786 4965 particeps
2852 4896 2911 4951 ﬁt
2965 4897 3201 4965 saginati
3253 4896 3402 4952 illius
3436 4897 3532 4952 Vi-

1921 4990 2041 5055 tuli,
2070 4998 2125 5045 et
2161 4990 2362 5046 laetitia:
2400 5000 2593 5045 auctor
2624 4989 2683 5043 ﬁt
2715 4988 2864 5043 Patri
2912 5002 2967 5044 et
2999 4991 3172 5045 servis
3198 4990 3337 5058 ejus,
3371 5004 3540 5061 ange-

1908 5083 1981 5137 lis
2006 5092 2060 5138 et
2111 5081 2514 5146 sacerdotibus,
2552 5092 2812 5151 tanquam
2863 5097 2930 5136 ex
2965 5091 3139 5135 morte
3193 5083 3535 5136 resurrexiso

1908 5186 2014 5240 set,
2048 5185 2102 5229 et
2134 5184 2254 5244 post
2275 5173 2639 5245 perditionem
2672 5173 2869 5229 fuisset
2902 5174 3177 5228 inventus.
3195 5172 3330 5226 Nam
3353 5188 3534 5244 quan-

1909 5280 2022 5322 tum
2062 5268 2129 5322 ad
2166 5268 2390 5323 malitiae
2418 5268 2810 5322 abundantiam
2851 5276 3098 5322 mortuus
3120 5278 3261 5332 erat,
3311 5280 3365 5322 et
3399 5271 3529 5324 des--

1905 5373 2159 5431 peratus:
2216 5369 2484 5431 quantum
2521 5376 2649 5415 vero
2678 5362 2745 5416 ad
2772 5361 3067 5415 humanam
3101 5372 3380 5425 naturam,
3408 5375 3530 5429 qua!

1904 5452 2175 5507 vertibilis
2227 5462 2312 5507 est
2362 5461 2415 5506 et
2458 5451 2957 5506 valetamalztiaad
2992 5454 3247 5506 virtutem
3293 5452 3524 5519 ingredi,

1906 5545 2150 5616 perditus
2179 5545 2403 5601 dicitur.
2442 5544 2692 5600 Perditus
2715 5545 2861 5599 enim
2890 5545 3077 5602 mitius
3110 5548 3338 5609 dicitur,
3362 5561 3531 5617 quam

1911 5648 2182 5692 lllOl‘lUllS.

189 5724 471 5799 δυναμένη
501 5731 580 5793 είς
630 5728 831 5799 ἀρετὴν
894 5732 1249 5794 μεταπεσεῖν,
1273 5728 1572 5792 ἀπολωλὼς
1596 5730 1842 5797 λέγεταν
1881 5731 1908 5783 ὁ
1942 5730 2052 5798 γὰρ
2088 5729 2389 5793 ἀπολωλὼς
2422 5730 2817 5803 μετριώτερον,
2851 5732 2884 5803 ἢ
2918 5732 2945 5784 6
2975 5732 3189 5802 νεκρός.

274 5847 290 5877 ι
336 5823 444 5876 Ἷίν
474 5825 530 5876 δὲ
564 5825 591 5875 ὁ
633 5825 744 5885 υἱὸς
792 5824 958 5876 αὑτοῦ
1014 5824 1041 5874 6
1091 5822 1463 5894 πρεσὸύτερος
1516 5824 1572 5875 ἐν
1613 5822 1790 5893 ἀγρῷ,

253 5924 289 5970 -".
314 5920 389 5981 ιῖις
419 5916 711 5987 ἐργόμενος
738 5917 931 5983 ἥξεινικ
964 5920 1023 5981 cf
1052 5916 1219 5984 οἰκίᾳ,
1248 5916 1445 5981 ἤκουσε
1476 5917 1796 5986 συμφωνίας

1983 5821 2144 5876 Vens.
2203 5822 2402 5877 “25-52.
2444 5844 2460 5875 ι
2496 5824 2631 5878 Erat
2680 5838 2862 5879 autem
2901 5825 3043 5878 ﬁlius
3100 5825 3222 5893 ejus
3253 5828 3442 5881 senior
3470 5831 3524 5885 in

1920 5932 2071 5985 agro,
2126 5926 2178 5970 ct
2227 5933 2352 5971 cum
2408 5919 2614 5974 veniret
2654 5929 2707 5975 ct
2761 5921 3256 5991 apprcminquasset
3311 5924 3521 5984 domui.
