4030 6478
256 549 363 619 9.5

983 514 1435 610 ENARRATIO
1476 542 1557 607 IN
1601 540 2107 606 EVANGELIUM
2141 542 2357 607 LUC/E
2401 543 2656 607 —CAP.
2684 544 2840 607 XVI.
2884 586 2893 597 ηγ

2714 32 3095 53 —-—.*,'-——-——'*’
2932 30 2963 31 ψ
2996 28 3013 29 ί

3488 545 3595 615 968

247 659 714 734 ταχειριζόμενοι,
734 656 850 711 ἀλλ’
868 656 953 719 εἰς
978 655 1192 719 οἰκείας
1240 640 1525 714 σπατάλας
1550 652 1667 714 τοῖς
1696 648 1866 703 δοθεῖ-

1980 648 2297 707 Dominiest
2333 651 2477 707 datis
2526 652 2603 708 uti
2634 652 2687 706 in
2749 668 2880 709 usus
2913 668 3332 721 conservorum,
3368 672 3474 712 non
3538 661 3597 715 ita

252 772 345 810 σιν
394 751 813 825 ἀποχρώμενοι,
868 747 1294 819 διαδεδλημένοι
1349 748 1519 815 ἐσμὲν
1568 742 1869 813 οἰκονόμοι.

248 846 427 915 Βούλη
437 863 513 915 μα
538 844 649 916 γάρ
677 843 773 897 τοῦ
798 841 1076 897 Δεσπότου
1099 840 1217 894 ἐστί
1240 838 1480 911 χρᾶσθαι
1507 837 1618 897 τοίς
1641 834 1873 889 δοθεῖσιν

249 941 331 1003 εἰς
370 939 469 1003 τὰς
501 939 611 992 τῶν
647 935 965 1008 ὁμοδούλων
995 935 1208 1007 χρείας,
1244 932 1345 985 οὐκ
1376 933 1457 994 εἰς
1486 931 1697 992 οἰκείας
1731 945 1868 998 τρυ-

256 1032 387 1101 φάς·
443 1029 863 1102 διαϐαλλόμενοι
918 1029 978 1083 δὲ
1032 1028 1128 1081 καὶ
1182 1026 1473 1097 μέλλοντες
1508 1020 1870 1093 μεθίστασθαι

248 1129 347 1197 τῆς
375 1126 692 1197 οἰκονομίας
720 1126 831 1180 τῶν
882 1124 1211 1197 χρημάτων,
1246 1122 1369 1193 ἦτοι
1397 1117 1494 1174 τοῦ
1533 1116 1651 1189 βίου
1677 1117 1869 1171 τούτου

251 1218 651 1284 ὶκκόπτεσθαι,
716 1218 805 1271 ὅτε
865 1214 1071 1286 δηλαδὴ
1118 1213 1215 1267 καὶ
1265 1212 1426 1278 λόγον
1468 1208 1719 1279 δώσομεν
1769 1208 1870 1278 τῆς

251 1310 571 1381 οἰκονομίας
616 1309 754 1379 μετά
780 1307 879 1380 τὴν
911 1305 1125 1371 ἐνθένδε
1160 1303 1518 1375 μετάστασιν,
1552 1301 1649 1354 ἰὰν
1678 1300 1871 1372 φρόνι-

253 1423 344 1476 μοι
384 1397 563 1476 ὦμεν,
597 1397 1052 1471 ὲπαισθανόμεθα
1081 1398 1181 1468 ὀψὲ
1210 1395 1346 1465 γοῦν
1385 1393 1483 1449 τοῦ
1511 1394 1749 1457 δέοντος,
1774 1391 1872 1445 καὶ

251 1496 521 1567 ποιοῦμεν
561 1497 697 1569 ἡμῖν
745 1496 961 1557 ἑαυτοῖς
997 1491 1189 1561 φίλους
1238 1491 1304 1543 ὲκ
1356 1488 1467 1541 τῶν
1510 1488 1610 1559 τῆς
1643 1485 1869 1549 ἀδικίας

252 1589 588 1663 Χρημάτων·
629 1586 845 1647 ἀδικίας
877 1585 932 1639 δὲ
955 1584 1221 1656 χρήματα
1255 1584 1440 1635 ἐκεῖνα
1471 1578 1865 1651 ὀνομάζονται,

247 1683 353 1737 δσα
397 1685 426 1737 ό
468 1682 570 1752 μὲν
606 1681 813 1753 Κύριος
845 1678 1082 1734 δέδωκεν
1123 1674 1518 1731 ἀναλίσκεσθαι
1546 1675 1629 1737 εἰς
1674 1673 1868 1745 χρείας

245 1774 359 1829 τῶν
395 1774 667 1844 ἀδελφῶν,
702 1774 797 1827 καὶ
834 1769 1170 1842 ὁμοδούλων,
1215 1769 1383 1839 ἡμεῖς
1428 1766 1485 1821 δὲ
1517 1768 1732 1830 ἑαυτοῖς
1765 1781 1872 1818 πα-

252 1868 695 1938 ρακατέσχομεν.
758 1862 906 1917 Ἀλλ’
948 1862 1047 1932 ὀψὲ
1098 1860 1233 1930 γοῦν
1279 1857 1731 1930 ωναισθώμεθα,
1767 1858 1865 1910 ποῖ

249 1957 560 2031 φερόμεθα,
598 1960 694 2011 καὶ
726 1958 807 2010 ὅτι
837 1959 895 2010 ἐν
931 1956 998 2026 τῇ
1035 1954 1221 2024 ἡμέρᾳ
1254 1950 1443 2023 ἐκείνῃ
1470 1947 1596 2003 οὔτε
1627 1947 1865 2020 κάμνειν

1978 746 2230 813 proprias
2254 744 2528 799 delicias:
2577 759 2746 815 porro
2795 744 2887 815 qui
2935 756 3271 803 accusantur
3320 756 3379 804 et
3418 749 3595 806 desti-

1977 843 2255 891 tuuntura
2288 838 2701 908 dispensatione
2754 839 3097 906 divitiarum,
3127 842 3182 897 hi
3219 852 3349 898 sunt
3378 845 3472 913 qui
3521 860 3591 901 ex

1977 927 2082 985 hac
2107 930 2215 983 vita
2238 931 2537 1000 emigrant,
2588 931 2808 1001 quando
2834 932 3044 989 scilicet
3071 946 3128 991 et
3160 936 3430 995 rationem
3497 940 3596 995 da-

1976 1019 2155 1073 bimus
2183 1020 2251 1075 de
2275 1022 2711 1092 dispensatione,
2744 1039 2866 1079 cum
2904 1028 3147 1083 destituti
3198 1028 3488 1087 fuerimus.
3534 1032 3595 1087 Si

1976 1110 2162 1181 itaque
2192 1111 2491 1181 prudentes
2516 1128 2786 1181 essemus,
2810 1116 2895 1172 vel
2927 1120 3082 1174 tarde
3106 1121 3440 1179 sentiremus
3454 1125 3591 1197 quid

1978 1199 2129 1255 facto
2170 1217 2335 1272 opus,
2371 1213 2426 1257 et
2473 1204 2784 1261 taceremus
2816 1208 2972 1264 nobis
3027 1211 3235 1267 amicos
3263 1226 3328 1265 ex
3383 1213 3592 1270 divitiis

1976 1296 2281 1368 iniustitiae.
2366 1298 2637 1354 Dicuntur
2700 1311 2883 1357 autem
2961 1303 3169 1360 divitia:
3258 1307 3593 1379 iniustitiae,

1974 1404 2115 1459 quas
2166 1390 2324 1446 nobis
2356 1388 2621 1448 Dominus
2668 1392 2725 1448 in
2796 1402 2926 1450 usus
2976 1393 3211 1452 fratrum
3275 1410 3327 1455 et
3357 1408 3602 1457 conser-’

1972 1498 2166 1538 verum
2205 1485 2561 1540 insumendas
2601 1486 2770 1555 dedit,
2828 1501 2928 1542 nos
2983 1500 3166 1544 autem
3226 1491 3383 1547 nobis
3410 1492 3585 1564 depo—

1972 1578 2107 1633 sitas
2174 1588 2443 1635 tenemus.
2498 1578 2696 1636 Verum
2756 1580 2840 1635 vel
2888 1582 3045 1638 tarde
3120 1586 3429 1641 sentiamus
3482 1604 3591 1658 quo

1972 1672 2241 1739 feramur,
2275 1684 2325 1728 et
2352 1674 2495 1742 quod
2523 1690 2647 1728 cum
2675 1675 2794 1730 dies
2819 1675 2906 1730 illa
2927 1678 3165 1745 venerit,
3196 1694 3373 1749 neque
3430 1681 3589 1737 laboo

1972 1781 2096 1821 rare
2152 1767 2481 1836 poterimus.
2520 1767 2639 1823 Non
2676 1768 2822 1824 enim
2857 1780 2986 1827 tunc
3014 1772 3120 1826 erit
3147 1774 3409 1843 operandi
3455 1784 3594 1830 tem-

1972 1876 2093 1931 pus,
2160 1877 2339 1932 neque
2365 1875 2492 1918 tunc
2525 1864 2817 1919 honestum
2881 1866 2988 1921 erit
3025 1868 3378 1924 mendicare:
3412 1870 3595 1924 stulta:

1970 1957 2115 2010 enim
2151 1956 2389 2027 virgines
2414 1958 2812 2029 dicunturquae
2865 1961 3175 2016 mendicant
3204 1980 3218 2018 :
3243 1962 3375 2032 quid
3425 1964 3592 2034 igitur

247 2052 531 2123 δυνάμεθα
557 2067 573 2084 ο
602 2049 868 2123 ἐργασίας
899 2048 1011 2119 γὰρ
1040 2046 1141 2098 οὐκ
1171 2043 1289 2097 ἐστι
1339 2042 1464 2096 τότε
1494 2041 1710 2113 καιρόςο
1741 2038 1868 2093 οὔτε

1980 2048 2270 2118 reliquum,
2308 2064 2471 2119 quam
2507 2060 2565 2105 ut
2596 2050 2793 2106 harum
2821 2052 3138 2109 divitiarum
3164 2053 3364 2110 fratres
3420 2058 3591 2127 parti-

248 2148 502 2200 ὲπαιτεῖν
529 2142 842 2215 εὐπρεπές·
877 2140 1062 2211 μωραὶ
1092 2138 1203 2208 γὰρ
1239 2137 1297 2190 αἰ
1326 2134 1589 2207 παρθένοι
1624 2134 1679 2188 αἰ
1708 2136 1867 2187 ἐπαι-

249 2241 495 2311 τήσασαι
526 2237 915 2308 ὀνομάζονται.
946 2232 1014 2285 Τί
1044 2231 1228 2285 τοίνυν
1273 2228 1502 2294 λοιπόν;
1542 2228 1616 2281 Τὸ
1649 2240 1867 2299 συμμε-

255 2332 450 2405 ριστάς
476 2328 705 2402 ποιῆσαι
726 2328 836 2383 τῶν
860 2326 1164 2399 χρημάτων
1184 2324 1395 2378 τούτων
1416 2323 1546 2386 τοὺς
1575 2321 1863 2390 ἀδελφοὺς,

252 2425 324 2479 ἵν’
347 2426 479 2479 ὃταν
499 2423 816 2493 δκλίπωμεν
842 2418 1119 2483 ἐντεῦθεν,
1142 2417 1453 2481 τουτέστιν,
1481 2415 1591 2469 ἀπὸ
1625 2413 1720 2469 τοῦ
1749 2413 1867 2485 βίου

251 2520 447 2574 τούτου
478 2517 881 2589 ἀναχωρῶμεν,
922 2514 1188 2581 δέξωνται
1210 2512 1360 2584 ἡμᾶς
1405 2511 1455 2563 οί
1514 2510 1748 2579 πένητες
1788 2508 1869 2570 εἰς

250 2613 352 2675 τὰς
378 2609 633 2672 αἰωνίους
665 2607 892 2679 σκηνάς·
921 2608 1033 2669 τοῖς
1058 2604 1168 2674 γὰρ
1189 2607 1248 2658 ὲν
1283 2601 1510 2675 Χριστῷ
1541 2601 1774 2671 πένησιν
1801 2601 1857 2652 αί

251 2704 477 2759 αἰώνιαι
511 2702 711 2787 σκηναὶ
729 2698 1237 2771 ἀπεκληρώθησαν,
1277 2696 1360 2760 εἰς
1393 2695 1460 2760 ἃς
1490 2694 1750 2748 δύνανται
1773 2692 1867 2746 δέ·-

252 2796 454 2864 ξασθαι
466 2796 592 2859 τοὺς
606 2792 845 2848 ἐνταῦθα
861 2792 1045 2855 αὐτοῖς
1062 2790 1423 2860 φιλιάσαντας
1444 2787 1533 2843 διὰ
1551 2787 1652 2858 τῆς
1670 2787 1873 2851 δόσεως

253 2894 366 2945 τῶν
401 2889 728 2962 χρημάτων,
765 2886 801 2941 ἃ
839 2884 1159 2939 Δεσποτικά
1186 2883 1318 2937 ὄντα
1352 2885 1466 2947 τοίς
1506 2883 1735 2952 πένησιν
1765 2881 1874 2935 ἔδει

252 2988 314 3053 ἐξ
344 2984 521 3056 ἀρχῆς
560 2980 802 3052 δοθῆναι.
839 2972 1003 3033 Οὗτοι
1032 2976 1143 3047 γὰρ
1175 2976 1226 3029 οἰ
1274 2974 1553 3047 χρεῶσται
1610 2973 1753 3028 κατὰ
1800 2974 1861 3026 τὺ

250 3079 572 3151 εἰρημένον*
595 3091 615 3125 ι
652 3072 824 3143 Ὅλην
840 3070 939 3142 τὴν
956 3068 1172 3140 ἡμέραν
1201 3068 1361 3132 ἐλεεῖ,
1385 3067 1480 3121 καὶ
1506 3066 1743 3130 δανείζει
1760 3066 1876 3119 ὁδί-

250 3187 432 3232 καιος·
449 3188 467 3221 ι
493 3169 591 3222 καὶ
614 3165 798 3220 πάλιν·
842 3183 859 3216 ι
898 3165 959 3218 '0
984 3162 1151 3216 ἐλεῶν
1177 3162 1396 3232 πτωχὸν
1428 3161 1667 3224 δανείζει
1688 3160 1825 3229 Θεῷ.
1850 3178 1868 3211 ο

257 3264 407 3317 Ἔδει
467 3261 567 3331 μὲν
616 3254 711 3313 οὖν
764 3254 1199 3328 προηγουμένως
1241 3253 1422 3307 πάιτα
1479 3252 1701 3322 δοθῆναι
1756 3252 1871 3312 τοῖς

253 3354 447 3421 καλοῖς
478 3350 692 3412 τούτοις
722 3348 1156 3419 χρεωφειλέταις
1180 3348 1295 3409 τοῖς
1327 3342 1873 3399 ἑκατονταπλασίονα

253 3444 597 3503 ἀποδιδοῦσι.
645 3443 795 3512 Πλὴν
843 3442 967 3494 ἐπεὶ
1014 3439 1295 3509 οἰκονόμοι
1334 3439 1435 3507 τῆς
1478 3436 1693 3499 ἀδικίας
1723 3435 1872 3505 εὑριο

257 3539 536 3609 σκόμεθα,
589 3537 793 3600 ἀδίκως
838 3534 1323 3606 παρακατέχοντες
1356 3532 1392 3587 ἃ
1445 3531 1628 3592 ἄλλοις
1662 3526 1875 3600 ἀφώρι-

254 3652 404 3701 σται,
437 3634 513 3705 μὴ
537 3634 716 3703 πάντη
752 3630 1019 3703 μενητέον
1049 3629 1108 3680 ὲν
1152 3626 1327 3699 ταύτῃ
1374 3628 1441 3697 τῇ
1475 3623 1871 3694 ἀπανθρωπῐᾳ,

253 3730 395 3784 ἀλλὰ
434 3725 761 3799 μεταδοτέον
804 3727 918 3788 τοῖς
949 3723 1201 3795 πένησιν,
1233 3721 1321 3775 ἵνα
1355 3720 1487 3790 παρ’
1516 3718 1698 3779 αὐτῶν
1733 3719 1870 3773 ὑπο-

246 3820 543 3893 ’δεχθῶμεν
571 3820 650 3882 εἰς
674 3818 777 3881 τὰς
796 3816 1052 3880 αἰωνίους
1078 3814 1309 3884 σκηνὰς.
1332 3813 1521 3876 Οὕτως
1550 3807 1643 3865 οὖν
1666 3810 1875 3879 ἐκλαμ-

252 3914 514 3969 6ἁνουσιν
543 3910 791 3983 ὴμῖντὴν
808 3908 1144 3980 παραδολὴν,
1163 3906 1313 3959 uias-2
1349 3903 1627 3975 περιτ.ὸν,
1652 3904 1684 3973 ἢ
1722 3900 1875 3971 περί-

253 4004 502 4079 εἰργονκῆ
534 4002 1043 4077 ὀνειροκριτκὶντῇ
1077 3999 1338 4069 ἐξηγήσει
1366 3998 1691 4068 ἀπαντήσει.
1721 3997 1882 4049 Δοκεῖ

252 4100 320 4158 δὲ
340 4098 632 4154 ἀλλόκοτόν
660 4115 715 4151 τι
747 4094 1038 4167 σημαίνειν
1062 4095 1125 4147 τό
1149 4108 1163 4125 ⁸
1190 4092 1310 4146 Υἰοί
1334 4090 1429 4145 τοῦ
1458 4090 1654 4153 αἰῶνος
1682 4092 1874 4143 τούτου

257 4193 672 4266 φρονιμώτεροι
700 4192 832 4254 εἰσι,
862 4190 958 4243 καὶ
987 4191 1057 4242 τὰ
1082 4186 1235 4258 ἑξῆς.
1268 4187 1383 4240 Ούκ
1414 4185 1531 4237 ἐστι
1570 4183 1629 4237 δὲ
1660 4183 1875 4235 δυσπα-

259 4286 693 4361 ρακολούθητον,
742 4283 776 4356 ἢ
828 4281 1057 4348 ξενίζον.
1107 4280 1273 4344 Υἰοὺς
1334 4280 1445 4349 γὰρ
1490 4277 1687 4340 αἰῶνός
1740 4293 1875 4346 φησι

257 4384 483 4449 τούτου,
539 4379 666 4442 τοὺς
716 4376 1142 4446 ἑπινοουμένους
1200 4376 1382 4429 πάντα
1434 4373 1503 4427 τὰ
1566 4374 1625 4425 ὲν
1676 4374 1745 4442 τῇ
1800 4373 1872 4442 γῇ

258 4478 452 4538 αὐτοῖς
493 4468 905 4525 λυσιτελοῦνταο
944 4470 1093 4531 υἰοὺς
1125 4468 1181 4521 δὲ
1227 4466 1431 4531 φωτὸς,
1475 4464 1874 4533 τοὺς-ὀφείλον-

257 4585 365 4629 τας
396 4567 487 4619 τὶν
520 4561 896 4633 πνευματικὸν
939 4560 1170 4613 πλοῦτον
1223 4557 1709 4629 μεταχειρίζεσθαι
1757 4557 1875 4609 θεο-

262 4658 465 4731 φιλῶς.
507 4656 679 4710 Τοῦτο
717 4651 812 4710 οὖν
851 4654 1025 4723 λέγει,
1067 4653 1150 4705 ὅτι
1178 4653 1243 4705 Oi
1282 4650 1563 4721 ἄνθρωποι
1595 4669 1622 4703 ο
1648 4650 1873 4721 κονόμοι

1973 2143 2125 2211 cipes
2156 2141 2448 2210 faciamus,
2480 2153 2539 2198 ut
2584 2147 2803 2215 quando
2850 2145 2981 2202 hinc
3040 2146 3430 2213 defecerimus,
3484 2151 3589 2206 hoc

1972 2244 2057 2290 est
2115 2250 2185 2290 ex
2210 2236 2312 2291 hac
2329 2237 2439 2290 vita
2460 2238 2884 2305 excesserimus,
2912 2240 3189 2312 accipiant
3234 2258 3335 2297 nos
3374 2258 3583 2313 paupe-

1972 2341 2060 2381 res
2080 2326 2131 2381 in
2152 2338 2359 2383 eterna
2388 2328 2744 2385 tabernacula
2771 2330 3046 2387 iEterna
3061 2334 3208 2389 enim
3235 2334 3589 2390 tabernacula

1967 2421 2311 2504 pauperibus
2336 2420 2389 2477 in
2422 2422 2648 2479 Christo
2686 2426 2987 2482 constituta
3022 2438 3173 2491 sunt,
3208 2428 3260 2484 in
3291 2445 3414 2498 qum
3462 2446 3588 2500 pos—

1976 2514 2089 2569 sint
2124 2516 2371 2584 recipere
2402 2531 2499 2572 eos
2548 2518 2642 2588 qui
2685 2518 2776 2574 hic
2838 2519 2976 2591 ipsis
3034 2522 3213 2576 amice
3283 2525 3351 2578 de
3410 2526 3589 2587 bonis,

1973 2623 2098 2679 qua:
2133 2618 2259 2661 sunt
2313 2608 2619 2677 Dominica,
2655 2611 2986 2681 largiuntur.
3044 2613 3386 2685 Pauperibus
3444 2618 3591 2673 enim

1975 2698 2213 2769 primum
2257 2701 2592 2757 debebamus
2624 2704 2757 2757 dare
2791 2722 2803 2759 :
2834 2718 2961 2759 nam
2999 2705 3072 2759 illi
3102 2706 3379 2762 debitores
3438 2719 3592 2771 sunt,

1976 2794 2275 2847 secundum
2314 2794 2418 2849 hoc
2449 2797 2595 2864 quod
2624 2796 2827 2851 dictum
2862 2806 2949 2853 est
2977 2816 2990 2851 :
3031 2818 3048 2850 ι
3082 2797 3219 2853 Tota
3250 2802 3337 2856 die
3368 2804 3596 2857 miserr-

1978 2894 2064 2939 tur
2079 2894 2132 2938 et
2148 2886 2655 2954 commodntjustus
2673 2888 2773 2955 l’°‘;
2805 2908 2825 2941 ι
2866 2898 2919 2945 et
2948 2891 3203 2954 iterunm
3231 2892 3333 2959 Qui
3365 2896 3597 2950 misere-

1979 2987 2065 3032 tur
2095 2980 2343 3050 pauperi,
2372 2980 2655 3035 feneratur
2688 2981 2798 3036 Deo
2830 2982 2933 3037 ⁸¹.›
2969 2983 3271 3055 Oportebat
3298 2987 3464 3057 igitur
3486 2988 3598 3057 pri-

1978 3086 2125 3124 mum
2161 3071 2292 3125 dare
2352 3070 2510 3126 bouis
2570 3071 2681 3127 illis
2750 3073 3117 3142 debitoribus,
3184 3076 3276 3146 qui
3339 3078 3594 3147 centupla

1981 3163 2241 3218 reddunt.
2280 3163 2482 3218 Verum
2519 3165 2643 3235 quia
2680 3164 3093 3235 dispensatores
3125 3168 3408 3236 iniustitiae
3437 3169 3599 3224 inve-

1988 3254 2193 3320 nimur,
2224 3252 2430 3324 injuste
2471 3255 2770 3310 retinentes
2798 3272 2919 3325 qua
2959 3257 3082 3313 aliis
3145 3259 3385 3329 seposita
3444 3270 3598 3327 sunt,

1980 3358 2093 3398 non
2124 3361 2345 3416 semper
2372 3349 2702 3402 manendum
2733 3350 2840 3403 erit
2869 3351 2925 3403 in
2967 3351 3069 3406 hac
3099 3350 3448 3419 inﬁdelitate,
3498 3358 3595 3410 sed

1982 3440 2502 3494 communicandum
2533 3442 2887 3511 pauperibus,
2911 3452 2967 3498 ut
2988 3445 3056 3498 ab
3080 3447 3212 3514 ipsis
3227 3447 3600 3516 suscipiamur

1983 3533 2037 3586 in
2069 3544 2275 3587 aeterna
2310 3533 2688 3587 tabernacula.
2725 3534 2818 3589 Sic
2854 3536 3020 3606 igitur
3056 3537 3217 3592 nobis
3267 3542 3599 3609 exponenti-

1987 3624 2089 3678 bus
2123 3624 2463 3693 parabolam,
2497 3626 2632 3679 nihil
2657 3628 2740 3680 vel
2771 3627 3135 3697 superﬂuum,
3171 3632 3251 3686 vel
3289 3634 3596 3699 curiosum,

1982 3718 2067 3772 vel
2102 3718 2532 3773 somniculosum
2571 3722 2888 3775 enarranda
2928 3733 3205 3779 occurret.
3243 3722 3473 3779 Videtur
3500 3741 3598 3778 au-

1984 3818 2088 3865 tem
2117 3819 2177 3865 et
2204 3809 2439 3865 alienum
2467 3810 2726 3879 quiddam
2800 3811 3135 3881 significare,
3185 3815 3416 3870 dicens:
3472 3811 3597 3871 Filii

1984 3903 2144 3973 hujus
2177 3903 2362 3958 sa-culi
2414 3904 2802 3974 prudentiores
2859 3917 3007 3973 sunt,
3063 3917 3174 3960 etc.
3226 3906 3347 3961 Non
3411 3920 3597 3966 autem

1982 4001 2122 4051 male
2155 3998 2417 4063 COII'JEI'CI,
2443 4012 2623 4068 neque
2642 3997 2882 4053 alienum
2918 4010 3023 4054 est.
3056 3999 3227 4056 Filios
3254 4003 3402 4057 enim
3426 4003 3592 4072 hujus

1980 4089 2163 4145 sccculi
2210 4090 2342 4145 dicit
2372 4104 2468 4144 eos
2525 4092 2616 4160 qui
2685 4092 2909 4146 laudant
2941 4095 3125 4148 utnnia
3157 4109 3281 4164 quae
3338 4095 3391 4149 in
3451 4106 3597 4152 terra

1982 4184 2196 4238 lucrosa
2224 4194 2350 4239 sunt
2378 4202 2392 4239 :
2431 4185 2570 4239 ﬁlios
2600 4200 2731 4240 vero
2756 4186 2919 4249 lucis,
2945 4201 3043 4241 eos
3107 4190 3198 4257 qui
3243 4189 3443 4244 debent
3507 4192 3599 4260 pie

1980 4275 2296 4344 spirituales
2328 4277 2551 4331 divitias
2585 4278 3019 4335 communicare.
3053 4278 3168 4335 Hoc
3218 4281 3386 4351 igitur
3418 4283 3593 4338 dicit:

1980 4370 2244 4424 Homines
2296 4370 2553 4425 humanis
2600 4371 3101 4441 dispensationibus
3163 4374 3430 4443 praafecti,
3470 4392 3597 4432 om-

1982 4466 2140 4520 nibus
2210 4465 2386 4520 mod-is
2434 4480 2623 4519 curam
2686 4466 2892 4520 habent
2956 4476 3010 4521 et
3048 4469 3338 4538 provident
3370 4480 3429 4524 ut
3470 4485 3594 4525 cum

1978 4558 2223 4612 destituti
2267 4558 2472 4611 luerint
2504 4574 2532 4609 a
2564 4556 2995 4626 dispensationis
3032 4573 3284 4624 munere,
3342 4561 3596 4615 consula.

1981 4653 2184 4706 tionem
2246 4651 2527 4718 habeant;
2571 4651 2661 4720 Qui
2699 4662 2882 4705 autem
2925 4652 3020 4707 filii
3063 4652 3200 4708 lucis
3246 4655 3598 4723 ordinantur,

264 4760 373 4829 μὲν
426 4754 787 4825 ἀνθρωπίνων
853 4751 1177 4821 διοικήσεων
1234 4748 1630 4818 καθιστάμενοι
1689 4747 1871 4801 πάντα

1984 4748 2086 4800 hoc
2115 4756 2221 4809 εει,
2262 4744 2463 4813 quibus
2505 4744 2821 4799 concredita
2862 4758 2947 4800 est
2983 4746 3287 4815 spiritualis
3334 4750 3602 4816 pecunia-

260 4851 471 4923 τρόπον
504 4845 1018 4919 πραγματεύονται,
1061 4844 1209 4906 ὅπως
1242 4842 1381 4911 μετὰ
1428 4842 1491 4893 τὸ
1524 4841 1870 4911 μετασταθῆ-

262 4962 360 4999 ναι
394 4944 461 4996 ὲκ
492 4941 592 5011 τῆς
637 4938 976 5010 οἰκονομίας,
1028 4935 1197 5007 ἔχωσι
1244 4934 1618 5005 παρηγορίαν·
1661 4934 1765 4986 υἰοί
1816 4933 1873 4985 δὲ

264 5037 449 5109 φωτὸς
479 5032 827 5103 ταττόμενοι,
859 5033 1136 5094 τουτέστι,
1174 5026 1559 5097 πνευματικὴν
1604 5025 1874 5096 διοίκησιν

266 5129 579 5203 χρημάτων
611 5125 1025 5194 πιστευόμενοι,
1072 5121 1226 5174 οὐδὲν
1258 5119 1605 5172 ὲπινοοῦνται
1637 5117 1773 5185 πρὸς
1814 5116 1874 5170 τὸ

266 5220 628 5294 ὠφεληθῆναι
662 5219 803 5290 μετὰ
825 5217 1000 5271 ταῦτα
1026 5234 1039 5247 ·
1074 5215 1183 5269 υἰροὶ
1211 5212 1303 5267 οὖν
1332 5211 1429 5265 τοῦ
1459 5211 1654 5274 αἰῶνος
1678 5210 1871 5264 τούτου

268 5320 325 5384 οἰ,
346 5315 700 5382 ἀνθρωπίνας
743 5310 1043 5381 διοικήσεις
1093 5306 1549 5375 πεπιστευμένοι,
1584 5305 1678 5356 καὶ
1715 5305 1772 5355 ὲν
1805 5308 1869 5374 τῇ

269 5410 439 5481 γενεᾷ
471 5408 539 5477 τῇ
572 5402 808 5471 ἑαυτῶν,
842 5402 1147 5466 τουτέστιν,
1178 5401 1238 5453 ὲν
1264 5397 1343 5469 τῷ
1374 5397 1476 5470 βίῳ
1507 5396 1704 5474 τούτῳ,
1743 5414 1878 5467 φρο-

272 5502 448 5570 νίμως
474 5501 544 5551 τὰ
577 5494 700 5549 καθ’
729 5494 957 5556 ἑαυτοὺς
985 5490 1342 5553 διοικοῦντες.
1377 5488 1500 5542 Υἱοὶ
1526 5489 1584 5541 δὲ
1625 5488 1802 5556 φωτὸς
1831 5490 1879 5541 oi

271 5592 539 5665 χρήματα
592 5589 876 5659 λαϐόντες,
934 5586 1077 5640 ὥστε
1126 5585 1352 5639 διοικεῖν
1404 5584 1546 5635 αύτά
1591 5582 1880 5650 Θεοφιλῶς.

274 5684 669 5757 Εὐρισκόμεθα
691 5678 785 5737 οὖν
811 5683 870 5733 ὲν
897 5681 994 5751 μὲν
1021 5681 1141 5733 ταῖς
1176 5677 1547 5749 ἀνθρωπίναις
1578 5676 1879 5746 διοικήσεσι

274 5779 561 5852 φρονίμως
607 5778 677 5830 τὰ
712 5766 923 5831 ἑαυτῶν
956 5774 1312 5839 διοικοῦντες,
1350 5772 1445 5826 καὶ
1488 5769 1879 5843 πραγματευό-

276 5895 454 5951 μενοι,
491 5876 599 5939 ἵνα,
640 5877 688 5928 εἰ
716 5876 809 5928 καὶ
844 5873 1172 5942 ἐκπέσωμεν
1229 5886 1359 5924 ποτε
1410 5870 1507 5940 τῆς
1540 5869 1876 5939 οἰκοιομίας.

352 6064 430 6094 ἰ’
464 6060 609 6116 l‘sal.
641 6075 822 6127 χχχιιι,
848 6059 939 6115 26.
1018 6060 1063 6093 ⁸⁸
1098 6058 1257 6116 Prov.
1298 6072 1411 6125 xu,
1456 6058 1537 6112 ιτ.

1988 4856 2105 4893 I'mll
2128 4840 2484 4909 dispensatio,
2507 4854 2612 4891 non
2633 4839 2879 4909 cogitant
2897 4840 3173 4909 quomodo
3194 4850 3315 4910 post
3345 4841 3487 4897 hanc
3516 4844 3570 4898 vi

1986 4944 2096 4988 tam
2122 4933 2470 4988 commodum
2492 4931 2818 5002 percipiant.
2846 4931 2971 4986 Filii
2990 4933 3177 5003 itaque
3196 4935 3375 4990 saeculi
3413 4936 3596 5006 hujus,

1988 5028 2023 5081 ii
2066 5036 2196 5080 sunt
2234 5025 2433 5095 quibus
2464 5024 2724 5107 humana}
2760 5024 3201 5095 dispensationes
3270 5032 3599 5083 concreditae

1986 5131 2136 5183 sunt,
2172 5132 2227 5175 et
2263 5120 2316 5173 in
2371 5120 2729 5189 generatione
2764 5133 2889 5185 sua,
2945 5120 3052 5175 hoc
3108 5129 3212 5185 est,
3246 5120 3301 5175 in
3332 5122 3441 5175 vita
3475 5121 3605 5182 hac,

1987 5213 2283 5281 prudenter
2338 5229 2427 5267 res
2485 5210 2653 5284 414
2712 5228 2840 5267 suas
2904 5213 3272 5283 dispensant;
3331 5213 3427 5269 filii
3470 5230 3608 5272 vero

1985 5308 2145 5373 lucis,
2206 5309 2297 5377 qui
2357 5312 2619 5375 pecunias
2676 5318 3004 5377 receperunt
3076 5318 3135 5363 ut
3193 5309 3315 5365 illas
3366 5310 3419 5365 iu
3484 5312 3601 5381 pios

1986 5417 2116 5456 usus
2185 5404 2525 5472 dispensent.
2604 5402 2921 5456 lnvenimur
3004 5405 3191 5474 itaque
3248 5403 3301 5458 in
3350 5404 3607 5459 humanis

1984 5496 2487 5564 dispensatiouibus
2536 5511 2622 5548 res
2661 5506 2879 5550 nostras
2939 5497 3237 5565 prudenter
3264 5496 3609 5565 dispensare,

1992 5596 2047 5641 ut
2097 5587 2261 5641 etiam
2326 5589 2370 5641 si
2426 5587 2911 5643 administratione
2966 5587 3357 5653 exciderimus,
3407 5587 3610 5640 haben-

1993 5695 2114 5734 mus
2153 5682 2428 5749 quoddam
2467 5680 2735 5750 refugium
2777 5682 2904 5735 vitae
2940 5700 2954 5735 :
2994 5681 3046 5735 in
3083 5681 3170 5735 bis
3228 5689 3411 5734 autem
3440 5682 3610 5734 rebus

1993 5788 2112 5843 qua:
2163 5776 2362 5829 debent
2404 5778 2708 5830 secundum
2757 5774 2925 5829 Deum
2988 5775 3317 5845 dispensari,
3399 5772 3608 5826 nullam

1998 5868 2246 5933 videmur
2272 5882 2464 5938 gerere
2492 5884 2680 5924 curam
2726 5870 3003 5939 quomodo
3069 5868 3334 5924 rationein
3382 5865 3607 5936 dispen-
