4030 6404
233 264 341 328 969

1033 261 1482 326 ENARRATIO
1533 263 1613 324 ΙΝ
1653 263 2164 327 EVANGELIUM
2203 262 2444 324 LUCE.
2479 259 2921 321 —CAP..XV[.

3439 258 3546 321 9ἷο

180 360 183 364 ’
233 390 330 428 τον
387 369 620 433 πιστῶς*
679 370 959 442 ἀλλότριος
1012 372 1120 442 γάρ
1173 375 1320 437 ἐστι,
1360 373 1456 426 καὶ
1510 374 1609 443 οὐχ
1647 372 1827 444 ήμῶν-

1941 373 2109 443 Igitur
2142 373 2426 444 hucusque
2460 373 2643 427 docuit
2675 387 2776 426 nos
2804 369 3072 426 Dominus
3105 371 3382 441 quomodo
3415 373 3550 429 {lde-

239 467 402 537 ήμεῖς
433 465 544 534 γὰρ
573 464 870 533 οἰκονόμοι,
899 463 996 542 καὶ
1027 464 1147 534 οὑχ).
1181 464 1362 532 κύριοι
1421 466 1515 518 καὶ
1547 464 1830 519 δεσπόται.

250 561 406 613 Ἐπεὶ
452 559 510 611 δὲ
561 559 595 627 ἡ
640 557 786 611 κατά
829 556 965 610 Θεὸν
1003 557 1100 610 τοῦ
1145 559 1380 612 πλούτου
1429 558 1699 630 διοίκησις
1736 561 1835 614 οὑκ

237 653 417 717 άλλως
467 651 854 722 κατορθοῦται,
907 654 955 704 εί
987 652 1064 722 μὴ
1099 652 1190 705 διὰ
1225 652 1327 722 τῆς
1374 654 1832 723 ἀπροσπαθείας,

237 745 566 817 προστίθησι
601 744 695 798 καὶ
727 744 887 798 τοῦτο
931 748 997 815 τῇ
1028 744 1376 816 διδασκαλίᾳ,
1401 747 1596 800 εἰπών·
1629 747 1704 800 Οὑ
1739 747 1832 799 δύ-

235 839 406 894 νασθε
435 837 554 908 Θεῷ
584 838 984 900 δουλεύεινκαὶ
1010 840 1270 912 μαμωνᾷ,
1305 840 1608 908 τουτέστιν,
1638 839 1808 895 ἁδύνα

231 949 324 985 τον
349 930 441 985 τὸν
464 930 894 1002 προσηλωμένον
917 929 995 1001 τῷ
1023 931 1264 1002 πλούτῳ,
1297 933 1393 986 καὶ
1415 933 1834 1004 ὑποκρατοῦντά

231 1043 284 1078 τι
334 1026 481 1080 κατά
527 1025 930 1098 προσπάθειαν,
975 1025 1164 1080 δοῦλον
1203 1021 1346 1080 εἷναι
1386 1028 1560 1081 Θεοῦ·
1602 1027 1746 1082 ὥστε
1783 1029 1832 1080 εί

235 1117 457 1187 μέλλεις
502 1117 710 1181 πιστῶς
750 1115 978 1172 διοικεῖν
1012 1117 1104 1171 τὸν
1138 1117 1389 1186 πλοῦτον,
1428 1121 1504 1191 μὴ
1537 1119 1834 1194 δουλεύσῃς

231 1209 403 1281 αὐτῷ,
440 1211 577 1282 ὅπερ
617 1211 755 1277 ἐστὶ,
805 1211 882 1282 μὴ
927 1209 1058 1283 ἔχῃς
1093 1211 1280 1282 σχέσιν
1330 1214 1468 1283 πρὸς
1517 1213 1702 1280 αὑτὸν,
1738 1216 1834 1268 καὶ

229 1301 402 1366 ὅντως
442 1303 765 1367 ὲδούλευσας
795 1303 874 1374 τῷ
906 1304 1026 1374 Θεῷ
1047 1320 1059 1334 ο
1095 1305 1377 1376 πανταχοῦ
1413 1305 1522 1376 γὰρ
1555 1308 1588 1377 ἠ
1633 1306 1830 1376 φιλαρ-

228 1396 396 1468 γυρία
419 1396 785 1460 διαϐάλλεται,
813 1398 951 1468 ὅπερ
977 1397 1124 1452 ἐστιν
1148 1399 1180 1469 ἡ
1206 1399 1464 1471 ἐμπαθὴς
1496 1400 1682 1470 σχέσις
1739 1401 1833 1454 καὶ

229 1491 383 1559 φιλία
412 1491 505 1545 τοῦ
542 1491 800 1546 πλούτου.

304 1604 325 1637 ι
373 1587 612 1640 Ἤκουον
645 1588 700 1642 δὲ
729 1589 906 1644 ταῦτα
951 1590 1130 1645 πάντα
1172 1591 1266 1644 καὶ
1318 1591 1368 1643 οί
1419 1591 1705 1662 Φαρισαῖοι
1742 1608 1830 1661 φι-

226 1680 500 1752 λάργυροι
532 1681 873 1754 ὑπάρχοντες
901 1684 996 1736 καλ⁸
1033 1683 1471 1754 ἐξεμυκτήριζον
1498 1683 1683 1738 αὐτόν.
1720 1684 1832 1737 Καὶ

226 1773 382 1828 εἶπεν
431 1774 652 1840 αὐτοῖς*
697 1774 891 1846 Ὑμεῖς
936 1777 1062 1828 ἐστε
1111 1777 1161 1829 oi
1208 1775 1554 1840 δικαιοῦντες
1600 1777 1829 1841 ἑαυτοὺς

225 1865 460 1919 ἐνώπιον
482 1865 593 1918 τῶν
624 1865 954 1936 ἀνθρώπων,
986 1869 1013 1920 ό
1033 1867 1092 1920 δὲ
1118 1867 1251 1928 Θεὸς
1278 1867 1542 1935 γινώσκει
1565 1867 1664 1930 τάς
1688 1886 1828 1938 καρ-

225 1959 347 2022 δίας
389 1957 566 2029 ὑμῶν,
604 1960 690 2012 ὅτι
734 1960 796 2012 τὸ
829 1961 887 2014 ὲν
923 1958 1236 2030 ἀνθρώποις
1273 1958 1511 2031 ὑψηλὸν,
1550 1959 1829 2031 βδέλυγμα

227 2053 383 2122 παρά
411 2050 490 2121 τῷ
517 2051 656 2120 Θεῷ.
697 2071 715 2103 ι
745 2051 808 2105 Οί
839 2051 939 2121 μὲν
965 2052 1252 2121 Φαρισαῖοι
1274 2051 1709 2123 ἐξεμυκτήριζον
1738 2051 1830 2105 τὸν

225 2143 458 2214 Κύριον,
483 2141 559 2205 ὡς
582 2141 676 2194 ἐπὶ
698 2144 809 2206 τοῖς
826 2141 1008 2210 λόγοις
1023 2141 1373 2211 δακνόμενοι·
1396 2142 1530 2213 δυση
1541 2141 1830 2211 ρεστοῦντο

222 2237 336 2308 γὰρ
384 2238 460 2301 ὼς
506 2236 835 2308 φιλάργυροι
885 2237 1015 2307 περὶ
1050 2236 1442 2307 ἀκτημοσύνης
1497 2235 1825 2299 ἀκούοντες,

223 2331 352 2384 ἐπεὶ
395 2331 490 2382 καὶ
535 2329 775 2399 εἴρηται·
810 2327 1102 2398 Βδέλυγμα
1151 2327 1468 2400 ἁμαρτωλῷ
1513 2328 1826 2394 θεοσέϐεια,

223 2425 322 2476 καλ⁵
369 2423 420 2476 oi
472 2421 687 2492 ἔλεγχοι
721 2421 800 2493 τῷ
829 2421 1022 2475 ἀσεϐεῖν
1053 2419 1348 2490 μώλωπες.
1413 2421 1472 2474 '0
1517 2421 1574 2475 δὲ
1623 2421 1830 2493 Κύριος

221 2513 591 2568 ικκαλὺπτων
621 2515 721 2585 τὴν
762 2513 1272 2584 ὑποκεκρυμμένην
1313 2512 1496 2567 αὑτῶν
1532 2515 1825 2586 πονηρίαν,

222 2608 322 2661 καὶ
367 2606 617 2670 δεικνὺς.
662 2607 747 2660 ὅτι
780 2607 828 2659 εί
877 2607 975 2659 καὶ
1023 2606 1416 2677 ὑποκρίνονται
1447 2606 1826 2680 δικαιοσύνην,

223 2700 514 2771 βδελυκτοί
540 2703 648 2753 εἱσι
689 2700 842 2773 παρά
868 2699 946 2768 τῷ
974 2699 1094 2770 Θεῷ
1119 2700 1211 2753 διά
1236 2699 1336 2771 τὴν
1363 2701 1566 2769 οἴησιν,
1597 2699 1665 2771 ἣν
1698 2704 1830 2771 περὶ

224 2794 441 2854 ἑαυτῶν
479 2794 688 2865 ἔχουσι,
744 2794 932 2866 φησίν·
995 2793 1190 2863 Ὑμεῖς
1235 2793 1357 2846 ἐστε
1394 2793 1444 2846 οί
1485 2792 1830 2856 δικαιοῦντες

219 2891 479 2958 ἑαυτοὺς,
508 2891 605 2945 καὶ
625 2888 898 2961 οἰόμενοι,
923 2890 998 2954 ὡς
1030 2890 1214 2962 μόνοις
1240 2890 1370 2961 ὑμῖν
1401 2891 1462 2944 τὸ
1491 2892 1634 2944 νοεῖν
1662 2891 1697 2944 ἀ
1725 2891 1826 2958 δεῖ,

220 2985 321 3046 καὶ
340 2983 616 3040 διδάσκειν
637 2983 867 3038 δέδοται·
890 2983 969 3037 διὸ
994 2985 1090 3037 καλ⁹
1116 3001 1296 3055 μυκτη
1308 2983 1485 3054 ρίζετε
1509 2983 1638 3048 τοὺς
1660 2985 1830 3055 ἐμοὺς

220 3079 422 3148 λόγους
457 3078 533 3142 ὡς
575 3077 845 3149 ἄφρονος,
880 3077 1128 3141 θέλοντες
1164 3077 1487 3150 νομίζεσθαι
1521 3076 1601 3149 τῷ
1633 3077 1832 3150 πλήθει

218 3171 485 3244 ἀληθείας
519 3158 858 3225 διδάσκαλοι.
913 3170 1057 3224 Ἀλλ’
1106 3172 1206 3242 οὑχ
1239 3171 1435 3235 οὑτωςο
1470 3171 1500 3224 ὁ
1542 3171 1650 3242 γὰρ
1691 3171 1827 3236 Θεὸς

219 3267 489 3337 γινώσκει
525 3266 624 3330 τὰς
661 3265 894 3335 καρδίας
942 3264 1132 3336 ὑμῶν,
1177 3265 1274 3319 καὶ
1315 3264 1646 3335 βδελυκτοὺς
1685 3265 1830 3336 ὑμᾶς

221 3360 443 3428 ἡγεῖται
473 3355 564 3412 διὰ
594 3357 694 3428 τὴν
725 3356 1204 3428 ὑψηλοφροσὺνην,
1238 3359 1334 3411 καὶ
1363 3355 1460 3428 τὴν
1489 3357 1588 3426 τῆς
1619 3355 1830 3427 ἀνθρω-

219 3452 388 3522 πίνης
454 3449 615 3518 δόξης
669 3449 988 3521 ἐπιθυμίαν.
1042 3471 1059 3503 ι
1118 3452 1193 3504 Τὸ
1251 3455 1362 3522 γὰρ
1406 3453 1465 3502 ὲν
1516 3449 1830 3522 ἀνθρώποις

219 3543 430 3612 ὑψηλὸν
472 3541 754 3614 βδέλυγμα
797 3543 946 3615 παρά
995 3543 1073 3615 τῷ
1109 3542 1250 3614 Θεῷ,
1294 3564 1312 3596 ι
1354 3543 1673 3615 ἀκάθαρτος
1719 3545 1830 3613 γὰρ

221 3637 380 3707 παρὰ
407 3634 602 3707 Κυρίῳ
634 3635 743 3698 πᾶς
778 3635 1202 3706 ὑψηλοκάρδιος.
1241 3636 1393 3688 Ἔδει
1419 3634 1552 3702 γοῦν
1585 3635 1750 3705 ὑμᾶς’
1783 3628 1830 3687 ὦ

215 3730 529 3799 Φαρισαῖοι,
565 3727 643 3798 μὴ
675 3727 814 3797 πρὸς
845 3727 1118 3797 ὑπόληψιν
1153 3727 1256 3798 ζῇν
1285 3727 1659 3798 ἀνθρωπίνην,
1693 3728 1828 3792 Θεὸς

215 3825 330 3894 γὰρ
363 3821 751 3891 διεσκόρπισεν
783 3819 919 3873 ὀστᾶ
949 3819 1458 3890 ἀνθρωπαρέσκων·
1491 3816 1739 3872 δικαιοῦν
1769 3817 1826 3871 δὲ

217 3915 428 3988 μᾶλλον
459 3915 688 3978 ἑαυτοὺς
721 3913 954 3966 ἐνώπιον
987 3911 1083 3966 τοῦ
1109 3911 1271 3965 Θεοῦ.

298 4029 316 4060 ι
357 4009 416 4062 ’0
439 4009 632 4079 νόμος·
655 4009 751 4061 καὶ
769 4009 818 4060 el
843 4007 1123 4078 προφῆται
1143 4006 1248 4069 ἕως
1277 4006 1552 4072 Ἰωάννου,
1575 4005 1684 4058 ἀπὸ
1703 4006 1826 4058 τότε

214 4105 251 4174 ἡ
285 4101 536 4174 βασιλεία
559 4101 656 4154 τοῦ
675 4099 810 4153 Θεοῦ
836 4099 1278 4168 εὐαγγελίζεται·
1307 4099 1402 4152 καὶ
1423 4099 1529 4161 πᾶς
1551 4099 1630 4162 είς
1653 4097 1824 4167 αὑτὴν

217 4193 492 4264 βιάζεται.
550 4191 948 4263 Εὐκοπώτερον
1011 4189 1071 4243 δέ
1119 4191 1236 4242 ἐστι
1291 4191 1385 4244 τὸν
1431 4191 1663 4261 οὐρανὸν
1727 4193 1823 4244 καὶ

211 4285 318 4356 τὴν
343 4285 446 4354 γῆν
473 4283 790 4353 παρελθεῖν,
820 4283 854 4354 ἢ
883 4281 974 4335 τοῦ
1002 4283 1168 4352 νόμου
1198 4283 1329 4352 μίαν
1350 4284 1584 4352 κεραίαν
1608 4287 1818 4336 πεσεῖν.

214 4381 336 4443 Πᾶς
366 4379 395 4432 ὁ
424 4379 681 4433 ἀπολύων
711 4377 810 4449 τὴν
843 4380 1085 4446 γυναῖκα
1118 4377 1310 4442 αὑτοῦ,
1348 4378 1444 4429 καὶ
1477 4377 1677 4447 γαμῶν
1701 4377 1817 4430 ἐτέ-

211 4489 343 4545 ραν,
384 4472 651 4543 μοιχεύει,
685 4473 783 4526 καλ⁸
813 4473 924 4535 πᾶς
957 4472 984 4524 ὁ
1018 4470 1437 4542 ἀπολελυμένην
1478 4472 1588 4524 ἀπὸ
1622 4471 1817 4540 ἀνδρὸς

1938 4473 2114 4532 ducit,
2165 4469 2496 4524 adulterium
2531 4470 2828 4523 committit
2877 4487 2891 4526 :

210 4563 439 4634 γαμῶν,
476 4564 743 4635 μοιχεύει.
786 4587 804 4616 ι
843 4565 1004 4618 Δοκεῖ
1037 4565 1410 4636 ἀπηρτημένα
1446 4565 1589 4618 εἶναι
1617 4565 1818 4626 ταῦτα,

211 4659 316 4712 καὶ
350 4658 628 4728 μηδεμίαν
649 4658 939 4711 κοινωνίαν
958 4657 1104 4728 ἔχειν
1138 4659 1275 4729 πρὸς
1306 4660 1374 4712 τά
1398 4659 1816 4731 προρρηθέντα.

210 4751 356 4806 ἀλλά
409 4751 485 4821 τῷ
537 4755 862 4822 προσέχοντι
915 4753 1017 4805 οὑκ
1067 4753 1413 4807 ἀνακόλουθα
1462 4753 1677 4819 δόξαιεν
1729 4754 1818 4818 ἂν,

211 4846 346 4898 λίαν
381 4845 440 4898 δὲ
485 4847 598 4908 τοῖς
646 4845 1022 4916 προλαϐοῦσιν
1077 4845 1369 4901 ἀκόλουθα.
1435 4846 1655 4917 Ἐπειδὴ
1712 4847 1821 4916 γὰρ

213 4937 384 5003 αὑτὸς
423 4938 523 5007 μὲν
555 4937 951 5009 ἀκτημοσὺνην
983 4940 1321 5010 εἰσηγήσατο
1355 4939 1420 4991 δι’
1448 4931 1524 4991 ὦν
1561 4939 1822 5008 ἀνωτέρω

212 5028 375 5097 εἶπε,
409 5032 508 5086 καί
541 5032 631 5084 τὸν
675 5033 908 5085 πλοῦτον
946 5033 1132 5086 ἄδικον
1168 5037 1438 5103 μαμωνᾶν
1475 5033 1760 5097 ἐκάλεσεν,
1796 5034 1823 5083 ὁ

213 5123 275 5177 δὲ
303 5125 471 5195 νόμος
501 5123 598 5187 τάς
632 5124 882 5193 εὐλογίας
915 5125 1007 5177 καὶ
1039 5128 1096 5179 ὲν
1128 5127 1205 5195 τῷ
1239 5125 1457 5195 πλούτῳ
1494 5125 1688 5189 ἐδίδου,
1727 5125 1823 5177 καὶ

214 5217 266 5268 οἱ
300 5213 586 5284 προφῆται
624 5217 692 5268 τὰ
741 5217 924 5283 ἀγαθά
964 5217 1066 5287 τῆς
1103 5218 1206 5288 γῆς
1254 5218 1680 5287 ἐπηγγέλλοντο,
1735 5218 1825 5271 ἵνα

220 5311 299 5380 μή
347 5326 430 5371 τις
479 5309 608 5380 εἴπῃ
656 5310 808 5382 αὑτῷ
850 5311 1331 5383 διαμυκτηρίζων,
1367 5312 1558 5382 ὥσπερ
1585 5313 1631 5364 οἱ
1665 5313 1830 5383 Φαρι-

222 5406 393 5468 σαῖοι,
428 5403 495 5455 Τί
532 5408 595 5456 σὺ
631 5402 846 5472 λέγεις;
880 5405 1150 5469 ἐναντιοῖς-
1175 5406 1252 5476 τῷ
1279 5407 1462 5476 νόμῳ;
1493 5407 1704 5467 ἐκεῖνος
1736 5405 1831 5458 καὶ

215 5499 279 5553 ἐν
314 5496 393 5566 τῷ
434 5496 652 5567 πλούτῳ
696 5499 948 5567 εὑλογεῖ,
992 5502 1086 5551 καὶ
1133 5500 1198 5553 σὺ
1249 5497 1641 5568 ἁκτημοσὺνην
1686 5498 1831 5551 διδά-

219 5608 410 5658 σκεις;
463 5589 564 5642 Διά
597 5591 755 5645 τοῦτό
787 5608 972 5662 φησιν’
1025 5593 1082 5645 Ὀ
1117 5594 1281 5663 νόμος
1318 5593 1412 5645 καὶ
1447 5595 1494 5645 οἱ
1543 5591 1825 5663 προφῆται

292 5777 361 5807 ⁸³⁸
393 5772 410 5826 1
438 5775 566 5828 Cor.
612 5791 649 5839 ι,
685 5776 773 5830 ἓδ.

480 5870 753 5931 Parum.
789 5874 830 5932 C
847 5893 877 5930 lt
893 5919 906 5934 .
946 5874 1048 5934 CX
1067 5875 1114 5932 Χ
1130 5873 1176 5933 ll
1195 5875 1232 5932 Ι.

1945 468 2072 522 liter
2111 466 2492 537 dispensandae
2528 475 2657 522 sunt
2691 465 2932 532 divitiae;
2986 464 3178 521 aliena:
3218 467 3363 522 enim
3395 478 3547 534 sunt,

1941 572 1994 617 et
2027 576 2136 616 non
2181 569 2383 616 nostrae
2424 577 2440 615 :
2483 575 2582 616 nos
2617 560 2763 614 enim
2807 561 3217 630 dispensatores
3261 578 3453 619 sumus
3492 573 3549 618 et

1939 671 2049 709 non
2082 655 2311 710 domini.
2340 653 2610 721 Quoniam
2642 662 2827 709 autem
2857 655 3198 723 dispensatio
3225 656 3543 712 divitiarum

1935 750 2088 818 juxta
2128 748 2297 802 Deum
2351 763 2456 804 non
2507 748 2664 804 aliter
2701 749 2760 803 ﬁt
2806 760 2986 815 recte,
3041 750 3146 805 nisi
3199 749 3380 805 absint
3417 766 3546 821 erga

1940 842 2060 896 illas
2107 842 2273 897 etiam
2316 839 2672 906 affectiones,
2725 843 2831 896 boc
2871 856 3096 911 quoque
3143 842 3246 897 bac
3296 842 3545 898 doctrina

1939 931 2078 986 dixit
2109 947 2124 985 :
2156 930 2274 986 Non
2305 931 2535 1000 potestis
2574 929 2683 985 Deo
2711 931 2920 986 servire
2940 939 2994 986 et
3027 944 3357 1010 mammoin
3386 947 3401 997 ;
3443 931 3547 986 hoc

1939 1031 2053 1088 est,
2082 1021 2422 1092 impossibile
2444 1033 2528 1076 est
2552 1021 2714 1077 simul
2742 1021 3020 1077 addictum
3045 1036 3169 1076 esse
3195 1036 3546 1090 mammonae,

1938 1123 1992 1170 et
2026 1114 2121 1169 tali
2169 1111 2466 1170 all'ectioue
2500 1113 2787 1169 detentum
2824 1113 3034 1170 servire
3069 1113 3202 1170 Deo.
3256 1113 3439 1184 Atque
3473 1116 3548 1172 ita

1938 1209 1980 1263 si
2012 1209 2095 1264 vis
2134 1206 2364 1263 ﬁdeliter
2393 1207 2717 1278 dispensare
2749 1206 2972 1261 divitias
2994 1247 3009 1272 ,
3053 1222 3159 1262 non
3201 1209 3415 1264 servias
3446 1210 3548 1275 eis,

1939 1304 2041 1357 hoc
2069 1309 2174 1368 est,
2203 1316 2310 1356 non
2348 1301 2584 1356 tenearis
2611 1299 2899 1356 ali‘eetione
2931 1316 3058 1372 erga
3094 1301 3214 1355 illas
3234 1339 3248 1365 ,
3281 1311 3335 1355 et
3361 1317 3549 1366 revera

1937 1395 2145 1450 servias
2186 1395 2315 1450 Deo.
2356 1391 2572 1464 Ubique
2606 1393 2754 1448 enim
2796 1407 2957 1448 amor
2993 1394 3237 1462 pecuniae
3275 1405 3494 1448 taxatur
3532 1436 3548 1461 ,

1940 1488 2040 1541 hoc
2071 1495 2156 1541 est
2186 1483 2403 1540 aﬂeetio
2436 1499 2567 1556 erga
2597 1484 2714 1538 illas
2747 1493 2800 1540 et
2827 1485 3095 1541 studium.

2009 1577 2172 1633 Vsus.
2219 1577 2414 1644 HAS.
2469 1595 2489 1628 ι
2530 1577 3054 1634 Audiebant'autem
3103 1580 3220 1634 hace
3267 1581 3451 1636 omnia
3491 1593 3550 1637 et

1937 1672 2232 1737 Pharisaei,
2270 1673 2361 1742 qui
2405 1682 2566 1727 erant
2608 1673 2792 1739 avari,
2834 1681 2891 1727 et
2921 1672 3246 1730 deridebaut
3276 1673 3446 1733 illum.
3483 1677 3551 1732 Et

1869 1760 1905 1811 Β
1935 1767 2013 1820 ait
2050 1766 2160 1822 illis
2193 1784 2205 1819 :
2245 1764 2353 1821 Vos
2387 1766 2522 1822 estis
2557 1766 2650 1835 qui
2691 1765 3015 1835 justiﬁeatis
3061 1769 3315 1839 vosipsos
3360 1785 3546 1826 coram

1935 1859 2298 1916 hominibus:
2336 1859 2481 1917 Deus
2509 1869 2693 1914 autem
2743 1860 2895 1915 novit
2945 1861 3111 1918 corda
3149 1874 3330 1919 veSIra
3367 1883 3380 1919 :
3419 1866 3547 1936 quia

1933 1957 2081 2023 quod
2126 1952 2443 2009 hominibus
2489 1952 2767 2009 excelsum
2815 1964 2930 2018 est,
2984 1955 3414 2013 abominandum
3465 1972 3546 2016 est

1935 2059 2118 2099 coram
2143 2044 2277 2100 Deo.
2306 2063 2324 2097 ι
2351 2045 2614 2102 Pltariszei
2641 2046 2862 2116 quidem
2889 2046 3211 2104 deridebant
3232 2048 3547 2121 Dominum,

1936 2153 2001 2192 eo
2023 2137 2167 2208 quod
2195 2139 2553 2196 sermonibus
2580 2139 2685 2196 illis
2711 2149 3062 2198 notarentur.
3092 2142 3373 2200 Gravatim
3400 2147 3548 2202 enim

1936 2231 2123 2286 ferunt
2176 2234 2365 2297 avari,
2419 2234 2463 2290 si
2516 2234 2740 2305 quando
2793 2235 2862 2291 de
2902 2247 3228 2306 paupertate
3280 2239 3544 2304 audiunt;

1935 2326 2193 2396 quoniam
2229 2336 2284 2382 et
2320 2329 2527 2383 dictum
2570 2337 2654 2383 est
2700 2347 2713 2383 :
2762 2328 3115 2396 Abominatio
3147 2341 3233 2387 est
3270 2336 3546 2403 peccatori

1935 2421 2144 2490 pietas,
2179 2429 2234 2476 et
2276 2423 2736 2493 reprehensiones
2779 2423 2937 2495 impii
2986 2435 3115 2482 sunt
3156 2426 3389 2498 ﬂagella.
3435 2427 3544 2484 Do-

1935 2513 2118 2569 minus
2142 2523 2326 2569 autem
2359 2524 2611 2586 relegens
2635 2517 2906 2572 occultam
2941 2534 3134 2575 eorum
3173 2512 3465 2585 malitiam,
3495 2532 3552 2578 et

1934 2607 2231 2662 ostendens
2268 2622 2364 2664 eos
2397 2609 2662 2665 simulare
2701 2610 3014 2680 justitiam,
3062 2624 3114 2668 et
3152 2612 3551 2671 abominabiles

1933 2713 2057 2755 esse
2078 2701 2219 2770 apud
2250 2701 2422 2757 Deum
2452 2709 2675 2774 propter
2701 2703 3021 2775 opinionem
3052 2721 3217 2776 quam
3256 2709 3323 2762 de
3354 2723 3413 2763 se
3448 2707 3549 2763 lia-

1935 2792 2170 2860 bebant,
2210 2793 2347 2850 dicit
2385 2813 2400 2850 :
2457 2793 2560 2851 Vos
2603 2797 2739 2853 estis
2778 2799 2870 2869 qui
2905 2798 3226 2869 justiﬁeatis
3269 2802 3548 2870 vosipsns,

1940 2885 2226 2956 Opinantes
2253 2886 2388 2944 solis
2417 2887 2570 2944 vobis
2631 2891 2821 2945 datum
2865 2906 3029 2948 nosse
3061 2907 3183 2962 quae
3229 2902 3448 2965 oportet
3495 2907 3553 2951 et

1935 2979 2168 3044 docere,
2210 2989 2267 3035 et
2300 2980 2423 3035 ideo
2455 2981 2718 3038 deridetis
2746 2997 2900 3040 meos
2924 2998 3230 3052 sermones,
3267 2985 3552 3054 cupientes

1860 3066 1904 3126 ϐ
1941 3071 2130 3128 haberi
2179 3086 2209 3127 a
2262 3073 2614 3128 multitudine
2662 3074 2918 3131 doctores
2966 3076 3236 3132 veritatis.
3278 3076 3385 3133 Sed
3439 3094 3551 3134 non

1938 3162 2038 3220 sic.
2075 3161 2220 3220 Deus
2241 3165 2390 3220 enim
2422 3165 2602 3220 noscit
2632 3166 2799 3222 corda
2826 3177 3009 3224 vestra
3031 3211 3044 3236 ,
3075 3179 3131 3225 et
3153 3170 3552 3227 abominabiles

1938 3271 2034 3311 vos
2060 3257 2374 3324 existimat,
2396 3267 2624 3328 pr0pter
2659 3261 2973 3331 superbiam
3009 3274 3064 3318 et
3089 3263 3344 3320 humanae
3363 3265 3553 3336 gloria:

1936 3347 2315 3416 cupiditatem.
2365 3366 2383 3400 ι
2434 3348 2591 3415 Quod
2636 3351 2783 3405 enim
2825 3352 3059 3408 sublime
3100 3353 3153 3407 in
3204 3355 3550 3423 nominibus,

1936 3441 2272 3496 abomi'natio
2321 3441 2462 3512 apud
2494 3443 2664 3498 Deum
2703 3455 2788 3500 est
2817 3444 2907 3499 "‘.
2954 3464 2975 3498 ι
3024 3434 3348 3504 [inmundus
3400 3450 3547 3504 enim

1879 3547 1902 3558 ί·
1939 3534 2081 3603 apud
2121 3534 2410 3588 Dominum
2460 3535 2642 3591 omnis
2686 3539 2959 3608 superbus
3012 3541 3200 3595 corde.
3250 3538 3553 3609 Oportebat

1938 3627 2102 3697 igitur
2141 3643 2270 3695 vos,
2323 3643 2357 3683 o
2402 3627 2700 3695 Pharisaei,
2749 3646 2856 3687 non
2900 3635 2969 3686 ad
3021 3635 3318 3688 humanam
3364 3637 3552 3690 vivere

1934 3720 2246 3789 opinionem
2274 3736 2287 3771 :
2318 3719 2461 3775 Deus
2493 3723 2640 3774 enim
2669 3722 2931 3793 dispersit
2951 3739 3076 3780 ossa
3110 3741 3301 3780 eorum
3332 3728 3425 3798 qui
3455 3728 3552 3784 ho—

1935 3813 2176 3869 minibus
2204 3812 2418 3883 placent
2451 3833 2463 3868 :
2502 3815 2596 3870 sed
2627 3814 2934 3885 justitlcare
2958 3833 3054 3873 vos
3086 3833 3273 3874 coram
3305 3820 3435 3876 Deo.

2004 4001 2174 4056 Vens.
2219 4001 2406 4055 16-18.
2445 4021 2463 4052 r
2514 4001 2626 4055 Lex
2659 4012 2711 4055 et
2749 4003 3033 4071 prophetae
3067 4018 3241 4073 usque
3280 4003 3450 4078 416
3480 4007 3544 4061 ad

1930 4097 2197 4153 Joannem
2228 4114 2244 4150 :
2276 4096 2348 4151 ab
2382 4110 2449 4150 eo
2482 4104 2728 4164 tempore
2770 4111 2997 4167 regnum
3035 4095 3130 4152 Dei
3161 4099 3545 4163 annuntiatur,

1929 4200 1984 4246 et
2014 4191 2194 4261 quivis
2217 4190 2272 4243 in
2299 4189 2430 4243 illud
2461 4189 2569 4241 vim
2597 4189 2748 4242 facit.
2767 4185 3006 4245 Facilius
3029 4199 3113 4245 est
3135 4198 3319 4247 autem
3345 4192 3544 4248 malum

1929 4296 1982 4340 et
2013 4295 2216 4340 terram
2251 4283 2560 4354 prieterire,
2605 4297 2771 4352 quam
2824 4283 2959 4352 legis
2995 4299 3167 4338 unum
3212 4287 3425 4356 apicem
3460 4303 3543 4340 ca-

1932 4379 2080 4432 dere.
2126 4376 2385 4446 Quisquis
2426 4376 2656 4430 dimittit
2697 4391 2925 4431 uxorcm
2999 4389 3153 4433 suam
3215 4389 3269 4434 et
3319 4381 3546 4435 alteram

2943 4480 2999 4525 et
3050 4473 3142 4540 qui
3181 4474 3465 4530 dimissam
3517 4493 3546 4530 a

1933 4565 2052 4618 viro
2091 4561 2271 4625 ducit,
2316 4561 2643 4616 adulterium
2686 4564 3004 4617 committit.
3049 4583 3066 4616 ι
3115 4564 3386 4623 Videntur
3431 4571 3548 4625 lum:

1933 4652 2228 4721 separatim
2258 4650 2424 4715 dieia,
2449 4659 2502 4704 et
2531 4665 2652 4704 cum
2679 4652 3058 4720 superioribus
3087 4669 3195 4709 non
3222 4657 3500 4714 colimrere
3532 4680 3544 4712 :

1935 4750 2029 4805 sed
2080 4747 2384 4803 attendenti
2435 4747 2770 4802 videbuntur
2822 4763 2929 4803 non
2980 4751 3123 4805 male
3154 4765 3542 4820 consectanea,

1935 4842 2402 4915 praevenientibus
2453 4857 2583 4895 vero
2627 4843 2764 4896 satis
2813 4853 3209 4900 consentanea.
3248 4846 3382 4902 Nam
3419 4851 3543 4920 quia

1938 4939 2053 5007 ipse
2083 4945 2462 5005 paupertatem
2491 4937 2543 4988 in
2577 4937 2958 5004 superioribus
2985 4940 3272 5007 docuerat,
3299 4946 3546 5000 vocando

1936 5030 2158 5083 divitias
2194 5029 2456 5097 iujustum
2486 5042 2822 5090 mammona,
2857 5028 2939 5083 lex
2977 5044 3106 5084 vero
3137 5035 3546 5090 benedictioues

1940 5135 1993 5178 et
2041 5127 2095 5177 in
2136 5123 2343 5177 divitiis
2375 5123 2566 5188 dabat,
2616 5133 2671 5177 et
2703 5127 2982 5194 prophetae
3030 5126 3170 5182 bona
3213 5138 3372 5184 terra:
3423 5148 3547 5199 pro-

1939 5217 2225 5271 mittebant
2266 5236 2279 5272 :
2316 5227 2372 5270 ut
2404 5232 2469 5271 ne
2501 5217 2626 5286 quis
2657 5217 2807 5273 dicat
2837 5219 2886 5273 ei
2935 5219 3172 5276 irridens
3214 5223 3359 5278 sicut
3403 5223 3546 5278 Pha-

1938 5311 2105 5376 risaei,
2143 5309 2284 5374 Quid
2332 5319 2385 5362 tu
2425 5309 2602 5364 dicis?
2635 5312 2951 5366 contrarius
2985 5327 3044 5368 es
3091 5315 3230 5385 legi?
3266 5315 3353 5371 illa
3390 5326 3444 5372 et
3489 5319 3541 5369 in

1933 5403 2139 5457 divitiis
2159 5403 2456 5463 benedicit,
2476 5412 2530 5455 et
2549 5411 2601 5454 tu
2626 5414 3003 5472 paupertatem
3029 5407 3228 5462 doces?
3247 5407 3541 5481 Propterea

1933 5495 2064 5550 dicit
2092 5513 2103 5547 :
2131 5494 2242 5550 Lex
2269 5505 2321 5550 et
2349 5497 2629 5565 propheta:
2656 5511 2829 5567 usque
2853 5499 2917 5552 ad
2943 5499 3208 5556 Joannem
3232 5503 3544 5559 habuerunt

1938 5600 2172 5660 tempus.
2212 5589 2275 5643 Et
2312 5590 2448 5645 bene
2482 5591 2704 5659 quidem
2743 5592 3048 5661 docebant,
3104 5613 3299 5667 nempe
3333 5599 3405 5654 ita
3444 5614 3544 5654 au-

3070 5881 3134 5939 31
