4030 6398
557 265 653 334 971

1507 255 2088 317 THEOPHYLACTI
2133 253 2230 314 BU
2240 248 2543 312 [ΕΑΒῐῶ
2588 246 2945 308 ΑΗΟΗῙΕΡ.
3715 231 3823 298 972

553 383 788 436 «litorum
821 371 1135 430 inlirmitate
1177 366 1502 439 postulante.
1550 365 1591 418 A
1624 367 1735 434 quo
1763 374 1940 417 autem
1992 373 2125 417 tem-

2246 361 2340 423 ἓως
2374 357 2622 412 Ἰωάννου
2663 351 2807 425 εἶχον
2833 353 2924 406 τὸν
2970 350 3181 420 καιρόν.
3222 346 3332 402 Καὶ
3363 344 3546 408 καλῶς
3579 342 3680 415 μὲν
3717 343 3824 396 ἐδί-

555 486 686 543 porc
710 463 1076 534 Joannes,qui
1105 471 1324 533 pr0pter
1353 466 1724 529 paupertatem
1762 456 1986 508 materia
2023 455 2135 509 fere

555 561 800 626 carebat,
847 565 899 610 et
935 561 1153 626 propter
1186 549 1428 606 materiae
1471 548 1787 604 tenuitatem
1836 545 1953 600 sine
2005 560 2135 615 pos-

557 651 889 710 sessionibus
917 656 1061 711 erat,
1093 644 1333 708 advenit,
1364 650 1418 696 et
1451 654 1676 710 regnum
1706 638 1968 695 caelorum
2003 652 2137 707 prae-

553 743 777 809 dicavit,
859 757 964 796 non
1017 738 1164 793 ultra
1248 734 1388 789 bona
1445 743 1659 788 terrena
1721 732 1846 785 huic
1905 730 2136 798 tempori

554 836 840 899 debentur,
863 835 956 889 sed
981 843 1203 901 regnum
1225 828 1486 882 caelorum
1519 823 1871 896 praedicatur.
1886 822 2134 878 Proinde

554 941 610 985 et
640 935 1009 1000 paupertatem
1035 924 1088 978 in
1120 932 1266 978 terra
1288 921 1480 975 debent
1503 933 1725 974 servare
1758 915 1810 970 hi
1841 917 1934 984 qui
1965 913 2135 968 cmlos

555 1022 887 1077 desiderant.
935 1017 1201 1084 Quoniam
1247 1013 1527 1085 prophetae
1574 1022 1628 1065 et
1665 1010 1752 1064 lex
1801 1008 2131 1064 mentionem

554 1128 661 1168 non
713 1110 986 1166 faciebant
1023 1107 1174 1177 regni
1221 1105 1505 1168 caelorum,
1543 1101 1736 1157 merito
1785 1103 1926 1156 bona
1976 1110 2134 1154 terra:

556 1204 942 1276 promittebant
993 1199 1519 1271 lmperl‘ectioribus,
1572 1205 1627 1250 et
1669 1195 1800 1249 nihil
1852 1194 2005 1248 virile
2054 1192 2135 1246 vel

555 1311 810 1366 magnum
845 1293 1145 1362 intelligere
1185 1290 1515 1345 valentibus.
1550 1289 1724 1357 Atque
1771 1286 1843 1340 ita
1867 1325 1882 1349 ,
1917 1300 1949 1340 ο
1991 1284 2132 1337 Plia-

556 1389 734 1453 riszei,
769 1387 963 1441 merito
997 1391 1370 1455 paupertatem
1406 1381 1602 1446 doceo,
1637 1393 1703 1432 eo
1739 1376 1880 1445 quod
1935 1377 2133 1444 imper-

555 1479 692 1532 fecta
722 1477 854 1547 legis
878 1483 1147 1546 praecepta
1166 1473 1278 1543 jam
1304 1485 1410 1527 non
1438 1469 1638 1524 habent
1664 1477 1894 1537 tempus.
1914 1465 2136 1534 Insuper

556 1582 625 1623 ne
659 1567 840 1622 dicant
873 1566 1075 1635 rejecta
1120 1561 1300 1618 omnia
1343 1574 1462 1631 quae
1513 1561 1567 1613 in
1614 1559 1732 1630 lege
1780 1567 1908 1613 sunt
1960 1556 2136 1621 dicta,

553 1657 709 1730 quasi
737 1671 871 1710 vana
900 1655 1011 1710 sint
1038 1662 1092 1708 et
1112 1652 1324 1708 inutilia
1357 1669 1370 1705 :
1401 1666 1505 1705 non
1536 1652 1642 1704 hoc
1663 1650 1816 1715 dicit,
1845 1648 1939 1703 sed
1965 1646 2137 1715 magis

2241 454 2470 517 δασκον,
2521 450 2619 504 ﬁte
2661 445 2852 516 καιρὸν
2901 443 3146 514 ἐχούσης·
3179 439 3282 510 τῆς
3330 437 3667 510 νηπιότητος
3720 435 3828 488 τῶν

2238 544 2567 600 ἀκουόντων.
2613 538 2730 607 Ἀφ’
2761 533 2820 591 οὗ
2852 536 2909 589 δὲ
2933 537 2961 588 6
3002 534 3272 606 Ἰωάννης,
3304 534 3330 585 ὁ
3353 531 3542 602 σχεδὸν
3575 528 3737 591 ἄῦλος
3761 526 3826 581 δι’

2241 634 2650 707 ἀκτημοσύνην,
2696 632 2790 684 καὶ
2828 628 3094 698 ἀκτήμων
3127 625 3216 679 διὰ
3243 625 3340 696 τὴν
3371 621 3572 694 μικροῦ
3610 620 3773 675 ἀῦλία
3808 656 3828 688 ,

2241 731 2576 800 ἐπεδήμησε,
2610 726 2702 780 καὶ
2735 722 3015 794 βασιλείαν
3040 717 3284 790 οὐρανῶν
3318 713 3614 787 ἐκήρυξεν,
3644 711 3831 765 οὐκέτι

2240 820 2426 874 λοιπὸν
2455 818 2523 870 τὰ
2555 816 2656 884 τῆς
2691 815 2792 883 γῆς
2820 810 3003 882 ἀγαθά
3031 811 3222 880 καιρὸν
3248 807 3486 879 ἔχουσιν,
3517 803 3635 858 ἀλλ’
3670 805 3705 874 ἡ
3739 801 3833 871 βα-

2243 914 2418 968 σιλεία
2455 911 2566 965 τῶν
2613 907 2860 980 οὐρανῶν
2906 903 3262 976 κηρύττεται.
3307 900 3402 954 Διδ
3441 901 3539 954 καὶ
3581 899 3833 967 ἀκτημο-

2244 1007 2412 1075 σύνην
2447 1006 2504 1057 ὲν
2531 1004 2602 1073 γῇ
2638 999 2946 1070 ὀφείλουσιν
2980 993 3322 1066 ἐπιτηδεύειν
3352 992 3403 1045 οί
3443 990 3556 1043 τῶν
3583 985 3833 1059 οὐρανῶν

2242 1098 2541 1170 ἐφιέμενοι.
2589 1094 2744 1148 Ἐπεὶ
2792 1092 2909 1160 οἵγε
2951 1088 3229 1161 προφῆται
3286 1085 3382 1139 καὶ
3431 1085 3460 1138 6
3510 1082 3713 1152 νόμος,
3759 1078 3832 1147 μὴ

2247 1192 2582 1265 μνησθέντες
2615 1187 2896 1261 βασιλείας
2928 1184 3198 1257 οὐρανῶν,
3235 1181 3463 1242 εἰκότως
3494 1177 3566 1231 τά
3594 1176 3698 1245 τῆς
3733 1174 3835 1242 γῆς

2240 1286 2422 1355 ἀγαθά
2451 1282 2855 1356 ἐπηγγέλλοντο
2877 1281 2988 1340 τοῖς
3010 1277 3090 1330 ἔτι
3113 1273 3512 1341 ἀτελεστέροις,
3542 1269 3640 1322 καὶ
3667 1266 3835 1337 μηδὲν

2245 1380 2390 1450 μέγα
2410 1378 2505 1432 καὶ
2522 1374 2779 1446 ἀνδρικὸν
2804 1373 3003 1427 ἐννοεῖν
3021 1366 3369 1437 δυναμένοις.
3390 1363 3556 1450 Ὥστε
3582 1359 3834 1419 εἰκότως,

2243 1466 2288 1525 ὦ
2339 1469 2662 1540 Φαρισαῖοι,
2719 1461 3108 1535 ἀκτημοσύνην
3154 1458 3423 1521 διδάσκω,
3476 1447 3565 1506 οἷα
3612 1450 3678 1521 δὴ
3730 1449 3837 1500 τῶν

2246 1560 2454 1616 ἀτελῶν
2506 1555 2601 1611 τοῦ
2662 1556 2829 1626 νόμου
2879 1551 3322 1624 προσταγμάτων
3375 1545 3579 1616 μηκέτι
3642 1539 3837 1611 καιρὸν

2245 1653 2497 1724 ἑχόντων.
2530 1644 2666 1703 Εἶτα
2696 1648 2784 1702 ἴνα
2821 1645 2897 1716 μὴ
2927 1646 3156 1698 εῖπωσιν
3175 1682 3189 1705 ,
3226 1642 3306 1694 ὅτι
3337 1637 3527 1692 λοιπὸν
3561 1636 3745 1688 πάντα
3772 1632 3838 1684 τὰ

557 1728 851 1818 implentur
904 1755 960 1802 et
1009 1743 1386 1816 perﬁciuntur.
1436 1741 1791 1810 'Qumcunque
1849 1740 1991 1795 enim
2049 1738 2136 1792 illa

2246 1744 2336 1799 τοῦ
2368 1744 2532 1815 νόμου
2563 1740 2890 1808 ἐκϐέϐληται
2913 1737 2987 1800 ὡς
3019 1736 3250 1805 ματαίου
3281 1733 3374 1785 καὶ
3398 1731 3679 1790 διακένου,
3716 1728 3837 1796 οὐχί

554 1841 916 1904 adumbravit,
943 1855 1004 1894 eu
1031 1838 1166 1893 dixit
1189 1838 1254 1892 de
1280 1834 1501 1892 Christo
1527 1834 1845 1905 ﬁguraliter.
1877 1833 1938 1885 Et
1963 1848 2137 1902 quan-

557 1945 670 1995 tum
705 1932 772 1986 ad
823 1931 971 1999 leges
1000 1926 1231 1991 attinet,
1276 1924 1440 1980 etiam
1477 1923 1609 1992 ipsae
1639 1935 1788 1976 nunc
1822 1920 2136 1985 implentur,

553 2036 608 2084 et
631 2022 768 2081 nihil
799 2023 852 2077 in
886 2021 969 2077 his
993 2032 1164 2089 usque
1195 2015 1818 2084 adeuremumapicem
1844 2009 2136 2066 intercidit.

554 2120 624 2176 Et
675 2131 796 2189 quas
841 2115 908 2170 de
956 2112 1174 2169 Christo
1208 2110 1315 2165 illic
1359 2123 1454 2179 per
1500 2107 1747 2162 umbram
1794 2104 2137 2161 subiudieata

549 2215 715 2274 situt,
761 2219 905 2260 nunc
943 2201 1292 2275 perﬁcientur
1338 2199 1557 2255 clarius.
1598 2195 1660 2251 Et
1706 2196 1959 2252 mandata
2007 2195 2141 2263 legis

555 2310 676 2366 qua:
701 2304 825 2348 tunc
842 2293 987 2357 data,
1011 2305 1107 2362 pro
1131 2288 1571 2360 imperfectorum
1594 2299 1756 2342 sensu
1775 2296 2140 2356 congruenter

555 2390 714 2456 data,
735 2401 878 2441 nunc
905 2384 1276 2441 sublimiorem
1296 2392 1352 2438 et
1380 2380 1759 2452 perfectiorem
1792 2395 2010 2436 sensum
2044 2380 2138 2434 ha-

554 2482 734 2540 bitura
760 2485 909 2535 sunt.
930 2476 1047 2532 Lex
1080 2478 1223 2532 enim
1257 2472 1574 2543 imperfecte
1595 2471 1929 2544 imperfectis
1961 2472 2136 2526 locuta

556 2582 640 2631 est
675 2591 689 2629 :
723 2573 868 2643 quod
895 2571 1023 2626 hinc
1066 2567 1409 2625 manifestum
1452 2578 1558 2623 est.
1599 2564 1735 2620 Nam
1764 2568 1829 2621 de
1868 2564 2140 2620 solutione

559 2663 867 2732 nuptiarum
895 2661 1048 2731 juxta
1079 2658 1336 2713 duritiem
1365 2656 1544 2712 cordis
1575 2654 1884 2711 Iudaeorum
1916 2667 2140 2725 respou-

557 2755 659 2819 dit,
700 2764 758 2808 ut
813 2767 933 2807 cum
963 2751 1046 2804 vir
1076 2751 1200 2805 odio
1235 2747 1488 2805 habuerit
1520 2761 1767 2815 uxorem,
1814 2751 2138 2816 potestatem

559 2848 756 2903 habeat
793 2843 1101 2901 dimittendi
1131 2857 1286 2908 eam,
1326 2855 1395 2896 ne
1439 2841 1683 2896 deterius
1711 2839 1842 2910 quid
1882 2839 1998 2895 ﬁat.
2031 2837 2140 2894 Ho-

558 2941 777 2998 ωἱοίᾱώ
798 2940 939 2992 enim
970 2944 1128 2993 erant
1159 2944 1212 2992 et
1238 2933 1596 3006 sanguinarii,
1624 2943 1679 2990 et
1707 2948 1884 3000 neque
1906 2932 2140 3004 propriis

559 3035 878 3106 parcebant,
906 3030 1342 3101 quandoquidem
1377 3038 1429 3084 et
1467 3028 1603 3083 ﬁlios
1651 3038 1705 3082 et
1753 3028 1891 3082 ﬁlias
1939 3028 2139 3082 daemo-

561 3128 719 3181 nibus
765 3125 1154 3190 immolabant;
1207 3121 1302 3178 sed
1353 3120 1631 3174 humilitas
1677 3130 1730 3174 et
1797 3119 2139 3189 imperfectio

562 3219 697 3288 legis
729 3216 850 3270 talis
877 3226 1014 3272 erat.
1049 3214 1284 3283 Tempus
1314 3213 1458 3267 enim
1490 3210 1754 3279 ejusmodi
1792 3210 2144 3281 legislationis

563 3322 692 3365 tunc
713 3317 851 3373 erat,
872 3322 1012 3364 nunc
1041 3316 1220 3360 autem
1249 3300 1354 3360 alia
1385 3303 1711 3374 perfectiore
1735 3303 1984 3358 doctrina
2008 3318 2144 3374 opus

559 3409 666 3457 est.
714 3398 926 3454 Idcirco
961 3397 1125 3451 etiam
1161 3394 1285 3451 dico
1318 3394 1521 3467 :417
1559 3392 1750 3450 Omnis
1781 3395 1874 3465 qui
1921 3394 2146 3450 dimittit

563 3506 808 3557 uxorem,
870 3499 1100 3558 excepta
1157 3503 1319 3543 causa
1373 3488 1753 3543 fornicationis
1803 3486 2047 3553 scilicet,
2090 3495 2144 3541 et

569 3581 713 3637 ducit
746 3579 941 3644 aliam,
988 3577 1316 3632 adulterium
1357 3577 1646 3632 committit
1672 3577 1741 3632 ⁸⁸.
1791 3577 1948 3633 Unde
1999 3577 2142 3632 haud

561 3672 792 3735 mirum,
830 3670 875 3723 si
911 3684 1034 3723 cum
1072 3667 1209 3722 nihil
1250 3667 1354 3722 tale
1384 3667 1452 3721 de
1486 3676 1800 3739 paupertate
1844 3667 1929 3723 lex
1965 3667 2143 3722 mani-

565 3767 701 3817 teste
749 3763 1030 3827 docuerit,
1076 3775 1176 3829 ego
1227 3761 1295 3814 de
1341 3769 1658 3829 paupertate
1705 3775 1811 3814 non
1858 3760 2145 3814 disseram.

566 3855 707 3908 hcce
753 3869 878 3908 cum
933 3853 999 3907 de
1039 3852 1307 3907 solutione
1349 3853 1679 3904 matrimonii
1717 3852 1800 3905 lex
1840 3851 2150 3920 promiscue

566 3947 886 4018 praeceperit
925 3954 1143 4016 propter
1173 3947 1378 4000 caedem
1411 3943 1720 4000 Judueorum
1745 3985 1760 4009 ,
1791 3959 1890 4013 ego
1922 3946 1987 4000 ad
2015 3960 2147 4016 per~

564 4041 794 4094 tectiora
828 4053 1094 4094 exercens
1128 4039 1405 4094 auditores
1428 4083 1441 4106 ,
1478 4041 1761 4107 repudium
1805 4041 2010 4108 absque
2060 4053 2146 4092 ra-

567 4130 811 4186 tionabili
842 4146 1005 4184 causa
1039 4131 1329 4200 prohibeo,
1366 4146 1475 4183 non
1512 4131 1585 4182 illi
1616 4131 1888 4183 contraria
1922 4131 2142 4196 docens,

565 4225 659 4277 sed
707 4222 880 4289 magis
923 4221 1250 4274 voluntatem
1292 4219 1406 4287 ejus
1455 4221 1760 4287 perﬁciens.
1811 4218 1960 4274 Mens
2000 4219 2146 4276 enim

565 4313 700 4384 legis
734 4322 852 4368 erat
883 4326 950 4366 ne
991 4311 1278 4366 homicidia
1314 4311 1506 4364 ﬁerent
1537 4313 1674 4364 inter
1707 4312 1877 4365 virum
1910 4321 1965 4369 et
2011 4327 2146 4366 uxo-

2246 1853 2434 1908 φησιν,
2471 1831 2607 1888 ἀλλά
2637 1833 2840 1904 μᾶλλον
2867 1829 2964 1882 νῦν
2998 1825 3407 1897 ἀναπληροῦται
3437 1824 3531 1877 καὶ
3593 1818 3838 1873 τελειοῦ-

2241 1948 2355 1985 ται.
2403 1930 2546 1982 Ὅσα
2601 1928 2712 1997 γὰρ
2768 1922 3217 1992 ὲσκιαγράφηαεν
3275 1921 3482 1980 ἐκεῖνος
3537 1916 3652 1968 εἴτε
3708 1910 3842 1984 περὶ

2245 2021 2484 2094 Χριστοῦ
2512 2020 2687 2088 λέγων
2733 2014 3012 2078 τυπικῶς,
3048 2015 3157 2066 εἴτε
3200 2011 3330 2082 περὶ
3362 2007 3621 2070 ἐντολῶν,
3660 1999 3836 2057 ταῦτα

2244 2115 2338 2172 νῦν
2367 2111 2832 2183 ἀναπληροῦνται,
2867 2107 2962 2163 καὶ
2995 2106 3146 2160 οὐδὲν
3171 2103 3377 2158 τούτων
3411 2101 3542 2172 ἄχρι
3571 2098 3670 2151 καὶ
3708 2097 3842 2168 μιᾶς

2243 2206 2470 2277 κεραίας
2519 2202 2882 2258 διαπεσεῖται·
2926 2198 2994 2271 τά
3023 2213 3085 2250 τε
3125 2195 3231 2266 γὰρ
3278 2193 3408 2264 περὶ
3440 2187 3683 2262 Χριστοῦ
3724 2188 3843 2238 ἐκεῖ

2245 2294 2526 2360 σκιοειδῶς
2576 2293 3001 2362 ὐποδειχθέντα,
3055 2287 3150 2343 νῦν
3211 2285 3529 2357 φανὼτερον
3579 2279 3840 2347 τελεσθή-

2243 2406 2451 2444 σονται.
2486 2386 2598 2440 Καὶ
2633 2385 2690 2438 αἱ
2722 2383 2938 2438 ἐντολαὶ
2961 2381 3056 2435 τοῦ
3102 2379 3290 2449 νόμου,
3333 2379 3390 2431 al
3421 2387 3542 2430 τοτε
3569 2373 3708 2444 πρὸ,
3742 2372 3840 2442 τὴν

2241 2483 2348 2538 τῶν
2398 2480 2607 2536 ἀτελῶν
2655 2476 2898 2532 διάνοιαν
2930 2473 3148 2536 οίκεὶως
3191 2471 3290 2524 καὶ
3341 2466 3704 2538 καταλλήλως
3752 2464 3840 2517 6-.-

2241 2575 2441 2638 θεῖσαι,
2481 2572 2578 2626 νῦν
2617 2571 2678 2624 τὸ
2711 2567 3050 2641 ὑψηλότερον
3090 2566 3182 2621 καὶ
3218 2563 3558 2633 τελειότερον
3589 2559 3838 2625 ἕξουσινο

2242 2668 2324 2720 ὅτι
2353 2667 2462 2737 γὰρ
2485 2667 2511 2718 6
2533 2664 2694 2734 νόμος
2717 2663 2854 2733 πρὸς
2874 2660 3088 2722 ἀτελεῖς
3111 2657 3319 2720 ἀτελῶς
3343 2654 3624 2722 διελέγετο
3641 2694 3655 2717 ,
3679 2652 3842 2723 δῆλον

2244 2755 2515 2810 ἐντεῦθεν.
2537 2753 2649 2808 Καὶ
2669 2753 2778 2823 γὰρ
2800 2752 2929 2822 περὶ
2953 2751 3160 2812 λύσεως
3179 2748 3362 2818 γάμου
3387 2746 3527 2817 πρὸς
3547 2747 3650 2814 τὴν
3673 2745 3844 2813 σκλη-

2249 2846 2546 2920 ροκαρδίαν
2583 2844 2694 2899 τῶν
2741 2843 3011 2914 Ἐϐραίων
3057 2840 3426 2911 ἀπεκρίνατο,
3462 2835 3532 2889 ἵν’
3564 2839 3612 2890 εί
3651 2837 3842 2906 μισοίη

2242 2941 2271 2992 6
2305 2939 2445 3008 ἀνὴρ
2490 2937 2590 3008 τὴν
2622 2937 2892 3006 γυναῖκα,
2925 2933 3179 3001 έξουσίαν
3218 2932 3318 3002 εχῃ
3353 2929 3615 2983 ἀπολύειν
3647 2927 3840 2998 αὐτὴν,

2247 3031 2333 3086 ἵνα
2357 3030 2432 3102 μὴ
2455 3029 2637 3102 χεῖρόν
2664 3047 2716 3082 τι
2745 3028 2993 3098 γένηται.
3017 3028 3200 3089 Φονείς
3236 3027 3346 3094 γὰρ
3380 3023 3535 3087 ὄντες
3558 3022 3656 3077 καὶ
3682 3023 3843 3091 αἱμο-

2247 3126 2462 3196 χαρεῖς,
2485 3123 2605 3177 οὐδὲ
2625 3122 2735 3176 τῶν
2761 3121 3110 3175 οἰκειοτάτων
3145 3115 3441 3188 ἐφείδοντο,
3474 3115 3552 3179 ὡς
3583 3115 3684 3170 καὶ
3713 3113 3842 3177 τοὺς

2248 3218 2397 3280 υἱοὺς
2453 3216 2550 3270 καὶ
2601 3214 2700 3280 τὰς
2745 3213 3052 3285 Θυγατέρας
3127 3213 3242 3274 τοῖς
3287 3209 3592 3280 δαιμονίοις
3656 3207 3837 3262 θύειν·

2245 3308 2381 3363 ἀλλά
2412 3309 2473 3361 τὸ
2506 3308 2603 3378 μὲν
2628 3305 2929 3378 χθαμαλὸν,
2965 3305 3062 3359 καὶ
3106 3302 3295 3367 ἀτελὲς
3323 3301 3420 3356 τοῦ
3451 3301 3626 3370 νόμου
3662 3299 3841 3354 τοιοῦ-

2245 3413 2359 3454 τον’
2401 3399 2593 3472 καιρὸς
2639 3399 2746 3470 γὰρ
2784 3395 2852 3469 ἦν
2896 3398 2996 3468 τῆς
3024 3398 3283 3465 τοιαύτης
3313 3394 3646 3464 νομοθεσίας
3685 3393 3840 3455 τότε,

2248 3495 2366 3547 νυνὶ
2412 3493 2470 3546 δὲ
2515 3492 2682 3562 ἀλλης
2715 3488 3058 3562 τελειοτέρας
3087 3485 3440 3550 διδασκαλίας
3477 3485 3580 3539 δεῖ.
3623 3485 3716 3538 Διὸ
3752 3485 3843 3537 καί

2247 3603 2411 3655 φημι,
2445 3585 2553 3649 πᾶς
2583 3586 2611 3638 6
2647 3584 2902 3639 ἀπολύων
2937 3585 3037 3654 τὴν
3065 3583 3298 3652 γυναῖκα
3329 3579 3524 3645 αὑτοῦ,
3546 3577 3842 3650 παρεκτὸς

2245 3679 2406 3750 λόγου
2438 3678 2695 3753 πορνείας
2717 3678 2943 3752 δηλαδὴ,
2974 3677 3071 3734 καὶ
3095 3675 3291 3748 γαμῶν
3317 3674 3536 3747 ἑτέραν,
3575 3672 3839 3744 μοιχεύει·

2248 3771 2391 3825 ὥστε
2422 3772 2577 3826 οὐδὲν
2613 3771 2949 3841 θαυμαστὸν,
2980 3773 3027 3823 εἰ
3059 3771 3151 3824 καὶ
3180 3770 3256 3839 μὴ
3289 3768 3421 3840 περὶ
3447 3765 3844 3837 ἀκτημοσύνης

2247 3862 2592 3934 διαλέγομαι,
2625 3862 2794 3932 μηδὲν
2825 3863 2968 3915 οὕτω
2999 3861 3187 3931 σαφῶς
3223 3862 3316 3913 τοῦ
3352 3861 3520 3930 νόμου
3557 3860 3841 3913 διδάσκον-

2246 3972 2339 4020 τος
2371 3955 2540 4028 (6-7).
2592 3955 2720 4008 Ἰδοὺ
2763 3954 2894 4024 γοῦν
2931 3955 3062 4024 περὶ
3092 3954 3194 4023 τῆς
3225 3953 3319 4007 τοῦ
3363 3954 3543 4024 γάμου
3575 3953 3787 4016 λύσεως
3815 3953 3841 4003 6

2248 4049 2413 4119 νόμος
2453 4046 2765 4117 ἀδιαφόρως
2797 4029 3053 4100 ὲκέλεῦσε
3074 4085 3089 4111 ,
3121 4045 3210 4098 διὰ
3239 4046 3339 4115 τὴν
3385 4045 3706 4116 μιαιφονίαν
3739 4044 3842 4098 τῶν

2261 4141 2555 4207 Ἰουδαίων,
2590 4139 2702 4208 ἐγὼ
2735 4138 2794 4192 δὲ
2829 4137 2968 4210 πρὸς
2998 4137 3059 4192 τὸ
3094 4138 3434 4209 τελειότερον
3475 4137 3841 4208 ἐγγυμνάζων

2247 4234 2375 4297 τοὺς
2399 4232 2723 4299 ἀκούοντας,
2754 4233 2854 4302 τὴν
2878 4231 3170 4301 ἀνεύλογον
3193 4231 3459 4285 ἀπόλυσιν
3486 4232 3839 4302 ἀπαγορεύω,

2248 4327 2348 4379 οὐκ
2396 4325 2620 4380 ἐναντία
2668 4324 2863 4396 ἐκείνῳ
2915 4324 3273 4397 διαγορεύων,
3329 4323 3467 4379 ἀλλά
3527 4325 3735 4392 μᾶλλον
3787 4321 3843 4374 τὸ

564 4422 710 4462 rem:
751 4407 854 4461 hoc
883 4417 937 4460 et
958 4420 1057 4475 ego
1096 4405 1337 4469 intendo,
1370 4419 1434 4459 eo
1465 4405 1606 4474 quod
1636 4407 1854 4460 doceam
1887 4404 2139 4476 conjuges

2251 4415 2465 4468 ἐκείνου
2513 4414 2764 4487 βούλημα
2801 4416 2987 4472 ἱστῶν.
3025 4418 3115 4483 Τῷ
3146 4416 3256 4487 γάρ
3296 4415 3447 4485 νόμῳ
3480 4413 3746 4483 βουλητὸν
3778 4406 3841 4482 ἦν

564 4510 806 4556 mutuam
839 4501 984 4556 inter
1012 4514 1071 4554 se
1100 4513 1292 4554 curam
1324 4513 1511 4568 gerere
1530 4536 1545 4561 ,
1572 4507 1626 4552 et
1655 4513 1878 4567 parcere
1911 4499 2142 4552 alterum

566 4594 717 4647 alterl
756 4602 815 4646 ut
843 4590 1104 4646 membris
1139 4591 1372 4660 propriis
1408 4627 1424 4655 ,
1455 4589 1506 4642 id
1538 4592 1681 4659 quod
1711 4602 1764 4644 et
1794 4593 1877 4644 lex
1905 4591 2143 4646 volebat.

566 4688 637 4738 At
662 4685 916 4754 quoniam
949 4682 1250 4754 imperfecti
1275 4693 1428 4736 erant
1451 4683 1754 4749 auditores,
1787 4685 2030 4740 decrevit
2055 4685 2142 4739 illa

565 4777 797 4848 conjugii
833 4776 1190 4841 solutionem,
1228 4786 1285 4830 ut
1317 4775 1400 4830 vel
1433 4776 1511 4831 sic
1536 4776 1638 4830 sibi
1672 4787 1915 4832 mutuum
1947 4793 2141 4848 parce-

566 4878 703 4935 rant,
737 4877 792 4923 et
820 4885 925 4922 non
963 4869 1014 4921 in
1051 4882 1109 4923 se
1136 4869 1364 4923 invicem
1395 4869 1697 4924 insanirent
1729 4871 1811 4925 vir
1838 4881 1891 4925 et
1925 4873 2138 4927 mulier.

567 4961 767 5016 Statuit
808 4963 971 5031 igitur
1006 4960 1254 5015 Christus
1290 4963 1470 5015 omnia
1503 4976 1624 5032 qua:
1653 4963 1720 5017 ad
1765 4963 1939 5032 legem
1974 4967 2144 5034 perti-

567 5066 726 5121 nent,
760 5067 814 5111 et
846 5057 917 5110 ita
961 5058 1095 5110 bene
1131 5055 1267 5110 dixit
1313 5056 1454 5126 quod
1502 5056 1832 5126 impossibile
1879 5059 1947 5114 sit
1980 5077 2142 5114 unum

642 5238 686 5266 "
713 5234 904 5290 Matth.
939 5252 1055 5301 χιχ,
1079 5235 1131 5290 9.

2253 4507 2312 4561 τὸ
2348 4506 2422 4576 μὴ
2454 4505 2701 4574 γίνεσθαι
2731 4507 2926 4575 φόνους
2964 4507 3169 4578 μεταξὺ
3213 4507 3408 4577 ἀνδρὸς
3433 4508 3529 4560 καὶ
3562 4506 3840 4574 γυναικός·

2253 4596 2412 4652 τοῦτο
2441 4598 2598 4667 κάγὼ
2628 4597 2814 4664 τυπῶ,
2848 4597 2939 4652 διὰ
2977 4599 3073 4653 τοῦ
3105 4597 3385 4652 παιδεύειν
3413 4597 3538 4659 τοὺς
3576 4596 3842 4664 συζύγούς

2252 4692 2498 4762 ἀλλήλων
2527 4693 2806 4762 κήδεσθαι,
2835 4694 2930 4746 καὶ
2956 4691 3257 4763 φείδεσθαι,
3286 4691 3361 4753 ὡς
3388 4690 3579 4762 μελῶν
3603 4693 3842 4757 οῖκεξων,

2254 4784 2397 4838 ὥστε
2429 4787 2523 4839 καὶ
2561 4789 2589 4838 ὁ
2620 4788 2782 4856 νόμος
2816 4787 2914 4856 μὲν
2952 4787 3114 4839 τοῦτο
3160 4786 3432 4840 ἐϐούλετο·
3483 4785 3608 4838 ἐπεὶ
3638 4785 3695 4838 δὲ
3724 4787 3840 4838 ἀτε-

2253 4878 2366 4941 λεῖς
2409 4874 2551 4952 ἦσαν
2591 4881 2640 4932 οἱ
2669 4879 2981 4943 ἀκούοντες,
3015 4880 3182 4952 ὥρισε
3211 4879 3311 4951 τὴν
3357 4878 3451 4932 τοῦ
3500 4877 3688 4947 γάμου
3724 4877 3842 4929 διά-

2253 4969 2430 5036 λυσιν,
2483 4971 2570 5024 ἵνα
2614 4972 2717 5026 κᾶν
2766 4969 2942 5036 οὕτως
2998 4971 3168 5043 φειδὼ
3211 4971 3422 5040 γένοιτο
3465 4969 3561 5023 καὶ
3615 4970 3689 5040 μὴ
3726 4985 3826 5023 κατ

2257 5062 2504 5134 ἀλλήλων
2546 5066 2821 5137 μαίνοιντο
2849 5068 2878 5119 ὅ
2919 5084 2977 5121 τε
3020 5066 3159 5140 ἀνὴρ
3226 5064 3321 5119 καὶ
3364 5065 3399 5134 ἡ
3429 5065 3592 5136 γυνή’
3642 5066 3713 5119 τὰ
3752 5060 3835 5117 τοῐ

1540 5399 1631 5461 Ex
1666 5400 2010 5464 collatione
2046 5405 2233 5466 codd.
2271 5405 2493 5467 Venet.
2542 5409 2606 5469 S.
2641 5409 2862 5471 Marci.

615 5578 779 5664 '(6-7)
811 5577 942 5632 Cod.
985 5580 1073 5664 ‘32,
1108 5581 1287 5664 Μηδὲν
1313 5580 1455 5664 ούτω
1489 5585 1673 5664 σαφῶς
1708 5585 1815 5664 τοῦ.
1846 5585 2010 5664 νόμου
2052 5585 2133 5637 δι-

569 5649 881 5732 δάσκοντος,
939 5651 1100 5713 αὐτὸς
1131 5653 1308 5732 susp}.
1343 5649 1730 5725 ἀκτημοσύνης
1791 5649 2134 5722 διαλέγομαι.

571 5720 730 5773 ‘le‘ob
763 5721 932 5790 γοῦν,
963 5738 1014 5775 κ.
1054 5738 1102 5775 τ.
1131 5723 1178 5776 λ.
1203 5720 1346 5778 «εἰς
1370 5720 1648 5781 ουιηηίιιὶι
1686 5720 1829 5782 adeo
1861 5720 2145 5780 manifeste

2247 5586 2653 5716 teindocuerit,
2692 5591 2807 5662 ipse
2856 5593 2921 5646 de
2977 5603 3291 5663 paupertate
3365 5594 3654 5651 disseram.
3719 5596 3835 5650 [ει-ε

2398 5702 2410 5716 .
2456 5680 2472 5711 ι
2509 5677 2536 5716 e
2567 5678 2614 5716 ς.

2398 5702 2410 5728 ,
2456 5680 2472 5711 ι
2509 5677 2614 5716 etc.
