4030 6476
204 382 297 448 973

869 367 1322 432 ENARRATIO
1363 367 1446 428 IN
1491 364 1994 429 EVANGELIUM
2034 363 2268 426 LUC.‘E.
2297 385 2361 397 —
2385 347 2548 422 CAP.
2586 361 2740 422 XVI.

2697 28 3084 56 μνῑτ--Τ-ἱῖι-ἆρ

3385 355 3492 420 971

206 491 357 562 νόμου
385 486 564 540 τοίνυν
601 483 778 539 πάντα
812 481 1045 552 ἔστησεν
1083 483 1111 534 ὁ
1140 481 1396 552 Χριστός·
1429 480 1570 534 ὥστε
1599 478 1782 542 καλῶς

1913 478 2099 546 ιρίοεηι
2147 477 2369 547 de'lege
2414 475 2632 530 cadere.
2666 469 2951 540 Quomodo
2982 469 3129 525 enim
3181 468 3490 537 decideret,

204 579 364 645 εἶπεν,
401 578 476 643 ὡς
509 574 772 631 ἀδύνατόν
801 591 989 646 φησιν,
1025 577 1214 626 πεσεῖν
1252 572 1382 643 μίαν
1422 571 1652 642 κεραίαν
1683 570 1778 623 τοῦ

202 677 377 746 νόμου·
414 671 531 734 πῶς
562 668 673 739 γὰρ
707 669 773 724 ἂν
822 667 970 737 πέσῃ
997 670 1026 721 ὁ
1061 667 1263 738 μᾶλλον
1310 665 1644 738 ὀρθούμενος
1675 663 1782 718 ὑπὸ

207 765 422 842 Χριστοῦ
441 784 456 832 ;

275 882 292 917 ι
337 858 658 930 Ἀνθρωπος
684 854 741 908 δέ
771 872 854 920 τις
881 849 950 925 ἦν
984 850 1263 915 πλούσιος,
1291 850 1385 904 καὶ
1413 847 1786 901 ἐνεδιδύσκετο

205 953 478 1026 πορφύραν
511 950 605 1004 καὶ
640 948 861 1020 βύσσον,
925 942 1357 1014 εὐφραινόμενος
1396 938 1522 994 καθ’
1568 939 1786 1012 ἡμέραν

219 1043 498 1116 λαμπρῶς.
538 1041 759 1112 Πτωχὸς
806 1040 864 1093 δέ
903 1055 988 1102 τις
1031 1033 1100 1108 ἦν
1131 1035 1357 1105 ὀνόματι
1403 1033 1683 1104 Λάζαρος,
1727 1031 1786 1096 ὃς

206 1138 456 1206 ἐϐέϐλητο
505 1134 642 1206 πρὸς
671 1134 762 1186 τὸν
799 1130 1026 1184 πυλῶνα
1070 1129 1238 1183 αὐτοῦ
1290 1126 1639 1198 ήλκωμένος,
1692 1130 1786 1179 καὶ

203 1228 480 1299 ἐπιθυμῶν
508 1224 884 1300 χορτασθῆναι
916 1222 1026 1276 ἀπὸ
1057 1221 1167 1275 τῶν
1197 1220 1399 1291 ψιχίων
1427 1219 1537 1273 τῶν
1563 1218 1789 1272 πιπτόν-

203 1342 302 1377 των
331 1322 440 1375 ἀπδ
469 1320 567 1389 τῆς
603 1316 886 1387 τραπέζης
926 1313 1020 1369 τοῦ
1071 1313 1351 1368 πλουσίου.
1408 1311 1572 1366 Ἀλλὰ
1611 1311 1706 1365 καὶ
1737 1311 1787 1362 οἱ

204 1416 356 1478 κύνες
388 1412 676 1485 ἐρχόμενοι
709 1408 1000 1480 ἀπέλειχον
1038 1407 1104 1461 τὰ
1134 1407 1267 1477 ἐλκη
1299 1403 1491 1459 αὑτοῦ.
1541 1403 1790 1472 Ἐγένετο

204 1509 256 1561 δέ
280 1507 567 1560 ἀποθανεῖν
592 1503 685 1556 τὸν
714 1501 951 1571 πτωχὸν,
980 1499 1077 1554 καὶ
1101 1498 1469 1570 ἀπενεχθῆναι
1493 1497 1658 1552 αὑτὸν
1686 1496 1792 1550 ὑπὸ

204 1597 304 1649 τῶν
337 1596 588 1664 ἀγγέλων
611 1594 692 1656 είς
715 1591 808 1646 τὸν
837 1589 1042 1645 κόλπον
1074 1589 1169 1643 τοῦ
1204 1588 1484 1659 Ἀϐραάμ.
1523 1586 1790 1641 Ἀπέθανε

203 1692 256 1744 δὲ
306 1691 398 1743 καὶ
447 1690 476 1742 ὁ
525 1687 812 1753 πλούσιος,
863 1690 957 1740 καὶ
997 1685 1194 1755 ἐτάφη.
1241 1702 1259 1734 ι
1328 1682 1629 1737 Ἀκόλουθα
1679 1685 1792 1744 τοῖς

205 1781 618 1854 προειρημένοις
661 1780 853 1834 ταῦτα.
909 1779 1131 1849 Ἐπειδὴ
1179 1778 1290 1849 γάρ
1321 1775 1612 1848 προλαϐὼν
1662 1775 1794 1848 περὶ

1895 570 2226 642 (ιιιηιιιιηειείε
2260 585 2288 623 a
2322 568 2543 624 Christo
2582 563 2992 638 corrigeretur?

1968 845 2136 901 Vsus.
2173 843 2340 902 19-22
2395 862 2414 896 ‹
2449 841 2624 898 Homo
2662 842 2887 914 quidam
2919 851 3040 897 erat
3079 842 3258 907 dives,
3286 843 3378 914 qui
3409 845 3498 900 in-

1897 942 2166 995 duebatur
2196 952 2436 1007 purpura
2482 947 2538 990 et
2571 937 2770 1007 bysso,
2812 940 2866 989 et
2892 931 3216 1004 epulabatur
3252 936 3499 1004 quotidie

1897 1033 2202 1102 splendide.
2255 1032 2386 1086 Erat
2435 1040 2621 1086 autem
2671 1028 2896 1100 quidam
2946 1027 3232 1083 mendicus
3278 1029 3498 1085 nomine

1898 1127 2172 1190 Lazarus,
2225 1126 2315 1194 qui
2360 1123 2579 1194 jaccbat
2629 1124 2695 1175 ad
2743 1122 2969 1192 januam
3016 1119 3134 1189 ejus
3183 1121 3498 1188 ulcerosus,

1899 1219 2126 1288 cupiens
2160 1218 2398 1271 salui-ari
2434 1219 2498 1271 de
2549 1214 2709 1270 micis
2743 1230 2865 1284 quae
2899 1214 3172 1270 cadebant
3214 1215 3281 1270 de
3313 1231 3498 1271 mensa

1907 1310 2112 1364 divitis.
2145 1309 2253 1362 Sed
2277 1320 2330 1362 et
2367 1322 2531 1362 canes
2563 1307 2889 1371 veniebant,
2924 1321 2987 1362 ac
3013 1306 3297 1376 lingebant
3319 1307 3500 1362 ulcera

1901 1402 2040 1473 ejus.
2070 1401 2286 1456 Accidit
2314 1410 2493 1455 autem
2529 1409 2586 1454 ut
2626 1410 2932 1455 moreretur
2961 1403 3262 1466 mendicus,
3305 1413 3359 1458 et
3393 1405 3503 1459 de—

1902 1505 2215 1566 portaretur
2262 1495 2330 1547 ab
2384 1492 2592 1562 angelis
2631 1492 2684 1547 in
2733 1493 2911 1548 sinum
2949 1494 3204 1549 Abrahae.
3261 1495 3505 1550 Mortuus

1903 1599 1986 1644 est
2004 1599 2182 1644 autem
2206 1597 2260 1642 et
2287 1589 2459 1652 dives,
2489 1603 2551 1641 ac
2574 1595 2819 1656 sepultus
2841 1595 2946 1642 est.
2981 1605 3002 1640 ι
3030 1586 3178 1644 Bene
3195 1601 3507 1658 sequuntur

1905 1683 2022 1737 haec
2053 1681 2121 1735 ad
2153 1681 2459 1750 superiora.
2489 1680 2625 1747 Quia
2658 1682 2804 1734 enim
2837 1681 2989 1751 prius
3020 1680 3284 1737 docuerat
3313 1695 3369 1738 ut
3406 1698 3507 1738 nos

1907 1785 2055 1831 recte
2085 1776 2229 1830 circa
2257 1774 2478 1828 divitias
2515 1789 2867 1843 gereremus,
2903 1772 3099 1828 merito
3131 1774 3416 1845 conjungit
3451 1783 3508 1831 et

202 1875 290 1930 τοῦ
319 1875 411 1928 τὸν
441 1873 670 1928 πλοῦτον
694 1872 1033 1927 διατίθεσθαι
1068 1871 1255 1935 καλῶς
1282 1869 1544 1935 ἐδίδαξεν,
1567 1869 1794 1932 εἰκότως

1913 1870 2041 1924 banc
2067 1866 2380 1938 pa-rabolam
2407 1866 2461 1920 in
2489 1866 2734 1921 eamdem
2762 1865 3027 1922 ferentem
3053 1870 3381 1925 sent-entiam
3413 1885 3509 1939 per

203 1968 558 2022 ἐπισυνάπτει
607 1968 702 2020 καὶ
733 1965 941 2036 ταύτην
973 1965 1076 2034 τὴν
1112 1963 1459 2036 παραϐολὴν,
1508 1964 1592 2027 είς
1637 1963 1800 2016 τοῦτο

206 2059 331 2114 αὐτὸ
375 2059 652 2128 φέρουσαν
691 2057 779 2110 διά
825 2057 916 2109 τοῦ
955 2055 1099 2110 κατά
1132 2057 1222 2108 τὶν
1273 2056 1528 2109 πλούσιον
1585 2053 1802 2107 ὑποδείο

214 2164 442 2218 γματςς.
477 2146 771 2216 Ιίαραίολὴ
801 2146 911 2216 γάρ
940 2146 1034 2198 καὶ
1064 2145 1242 2209 τοῦτο,
1270 2144 1386 2198 ἀλλ’
1415 2146 1514 2216 οὐχ
1542 2144 1617 2206 ὣς
1656 2160 1800 2205 τινες

204 2241 445 2307 ἀνοήτως
486 2236 551 2290 ἂν
595 2236 854 2304 οἰηθεῖεν,
909 2237 1146 2308 πρᾶγμά
1200 2238 1349 2290 ἐστιν
1397 2235 1501 2305 ήδη
1549 2233 1797 2302 γεγονός.

208 2331 434 2383 Οὐδέπω
480 2329 589 2398 γάρ
636 2328 760 2382 οὕτε
807 2331 920 2392 τοῖς
957 2328 1191 2391 δικαίοις
1224 2325 1335 2384 τῶν
1380 2326 1626 2395 ἀγαθῶν,
1675 2325 1800 2378 οὔτε

204 2425 314 2484 τοῖς
349 2422 701 2492 ἁμαρτωλοῖς
731 2421 842 2474 τῶν
869 2423 1137 2475 ἐναντίων
1168 2424 1202 2492 ἡ
1232 2421 1648 2491 ἀποκλήρωσις,
1682 2420 1800 2474 ἀλλ’

203 2498 541 2584 ἐσχημάτισε
579 2515 671 2567 τὸν
705 2513 868 2582 λόγον
903 2515 930 2566 ό
964 2513 1173 2583 Κύριος
1197 2555 1211 2580 ,
1249 2514 1386 2585 πρὸς
1415 2513 1477 2565 τὸ
1507 2512 1801 2567 παιδεῦσαι

207 2608 335 2670 τοῦς
366 2607 760 2677 ἀνελεήμονας,
805 2603 896 2660 οἷα
928 2607 1114 2671 αὐτοῖς
1159 2607 1574 2668 ἀποκείσονται,
1608 2609 1704 2666 καὶ
1733 2601 1801 2659 αὖ

204 2698 415 2763 διδάξαι
469 2700 596 2762 τοὺς
657 2698 1147 2766 κακοπαθοῦντας,
1202 2695 1290 2751 οἷα
1353 2698 1802 2768 εὐπαθήσουσιν,

205 2793 346 2863 ὑπὲρ
377 2785 452 2846 ῶν
487 2791 724 2846 ἐνταῦθα
766 2793 1125 2861 ὑπομένουσι.
1159 2793 1265 2846 Τὸν
1295 2792 1394 2862 μὲν
1423 2791 1518 2844 οῦν
1549 2791 1804 2844 πλούσιον

203 2885 508 2956 ἀνωνύμως
557 2886 615 2939 ἐν
653 2889 720 2957 τῇ
773 2885 1060 2958 παραϐολῇ
1118 2887 1465 2959 παρέλαϐεν,
1521 2879 1608 2940 οἷα
1670 2886 1805 2956 μηδέ

204 2976 356 3042 ἀξιον
388 2978 537 3048 παρά
559 2978 679 3049 Θεῷ
705 2978 1097 3050 ὀνομάζεσθαι,
1132 2979 1276 3032 καθὰ
1296 2979 1390 3052 καὶ
1419 2977 1508 3031 διὰ
1536 2977 1630 3030 τοῦ
1666 2994 1801 3046 προ-

206 3073 381 3141 φήτου
418 3071 608 3140 φησὶν,
643 3071 706 3125 ού
757 3072 833 3143 μὴ
872 3071 1101 3144 μνησθῶ
1141 3073 1252 3126 τῶν
1298 3073 1587 3143 ὀνομάτων
1626 3070 1805 3124 αὐτῶν

204 3149 296 3214 διά
328 3160 556 3230 χειλέων
594 3178 719 3232 μου.
771 3162 879 3214 Τοῦ
915 3162 972 3216 δὲ
1009 3163 1244 3232 πένητος
1284 3163 1553 3232 ὀνομαστὶ
1593 3179 1805 3233 μνημο-

204 3250 388 3303 νεύει·
449 3249 559 3302 τῶν
596 3251 706 3321 γὰρ
739 3251 964 3305 δικαίων
1002 3255 1071 3306 τά
1116 3252 1359 3322 ὀνόματα
1402 3252 1498 3304 καὶ
1537 3253 1594 3304 ἐν
1637 3251 1806 3322 βίϐλῳ

204 3343 356 3413 ζωῆς
396 3343 840 3412 ἀπογράφονται·
873 3345 990 3398 ἐστι
1034 3345 1092 3397 δὲ
1122 3345 1304 3413 λόγος,
1339 3345 1415 3408 ὡς
1457 3347 1492 3414 ἠ
1535 3345 1805 3414 Ἐϐραίων

205 3435 512 3505 παράδοσις
537 3434 674 3506 ἔχει,
704 3437 954 3506 Λάζαρον
982 3433 1124 3490 εἷναί
1154 3455 1277 3490 τινα
1306 3439 1364 3490 ἐν
1405 3437 1805 3507 Ἱεροσολύμοις

205 3528 351 3605 κατ’.
382 3527 564 3581 ἐκεῖνο
599 3528 794 3599 καιροῦ
841 3528 1080 3599 ἐσχάτην
1149 3529 1340 3582 πενίαν
1385 3515 1808 3600 κεκληρδωμένον

207 3617 305 3672 καί
332 3616 672 3688 ἀρρωστίαν,
721 3611 784 3672 οὗ
820 3618 1198 3688 μνημονεῦσαι
1237 3619 1328 3672 τὸν
1357 3619 1565 3690 Κύριον
1595 3622 1674 3681 εἰς
1703 3637 1806 3672 πα-

204 3709 450 3781 ραϐολὴν
484 3709 646 3762 αὐτὸν
693 3709 953 3778 λαϐόντα,
1003 3710 1078 3774 ὼς
1107 3711 1330 3780 ἐμφανῆ
1363 3711 1459 3763 καὶ
1502 3710 1804 3781 γνώριμον.

217 3800 282 3856 '0
315 3802 418 3872 μὲν
467 3795 562 3855 οὖν
594 3801 849 3867 πλούσιος
885 3802 1152 3857 πάντοθεν
1185 3804 1393 3873 εύροῶν
1422 3799 1510 3874 ἦν,
1564 3805 1658 3858 καὶ
1701 3805 1808 3873 γάρ

204 3893 308 3947 καὶ
342 3893 641 3964 πορφύραν
680 3893 777 3948 καὶ
821 3893 1022 3966 βύσσον
1058 3895 1364 3951 ἐνεδέδυτο·
1397 3897 1491 3950 καὶ⁹
1530 3897 1592 3949 ού
1646 3896 1810 3965 μόνον

202 3980 395 4050 τοῦτο,
430 3985 569 4039 ἀλλὰ
606 3987 702 4040 καὶ
732 3987 832 4057 τὴν
877 3987 1052 4058 ἀλλην
1097 3988 1312 4058 τρυφὴν
1359 3987 1572 4059 ἐτρύφα
1604 3990 1806 4041 πᾶσαν.

203 4078 662 4147 Εὐφραινόμενος
694 4078 824 4150 γάρ,
864 4080 1022 4150 φησὶ,
1073 4081 1171 4133 καὶ
1215 4082 1276 4134 ού
1327 4079 1424 4135 νῦν
1461 4079 1582 4149 μὲν,
1629 4079 1723 4133 νῦν
1755 4080 1811 4131 δὲ

200 4169 298 4229 οὒ.
331 4170 468 4224 ἀλλὰ
492 4171 837 4242 καθημέραν,
865 4173 958 4226 καὶ
978 4175 1039 4226 οὺ
1067 4174 1327 4244 μετρίως,
1353 4174 1490 4228 ἀλλά
1515 4173 1808 4243 λαμπρῶς,

201 4263 500 4316 τουτέστιν
566 4264 795 4327 ἀσώτως
835 4262 933 4318 καὶ
973 4265 1306 4328 πολυτελῶς.
1362 4267 1420 4319 '0
1461 4267 1518 4319 δὲ
1560 4266 1812 4336 Λάζαρος

201 4355 314 4408 καὶ
353 4354 548 4425 πένης,
583 4357 678 4410 καὶ
712 4358 1036 4428 ἀρρωστῶν,
1069 4360 1164 4412 καὶ
1195 4359 1355 4412 τοῦτο
1386 4359 1601 4424 δεινῶς·
1635 4359 1814 4428 ήλκω·
1856 4417 1868 4426 ,

204 4446 382 4516 μένος
421 4446 550 4517 γὰρ,
594 4449 780 4516 φησίν.
838 4449 994 4502 Ἐστι
1045 4451 1154 4521 γὰρ
1212 4452 1554 4522 ἀρρωστεῖν,
1593 4451 1651 4503 ού
1709 4450 1815 4521 μὴν

1904 1963 2215 2032 exemplum
2256 1961 2464 2016 divitis.
2508 1957 2776 2016 Parabola
2810 1959 2955 2018 enim
2987 1970 3070 2016 est
3105 1962 3243 2030 haec,
3277 1969 3333 2017 et
3371 1976 3505 2025 non,

1906 2064 1964 2109 ut
1997 2055 2215 2125 quidam
2259 2054 2464 2122 opinati
2498 2064 2644 2119 sunt,
2675 2053 2930 2108 historia.
2965 2052 3219 2108 Nondum
3245 2054 3390 2109 enim
3418 2070 3509 2110 se-

1906 2160 2095 2218 parata
2121 2148 2464 2216 erautjustis
2499 2149 2664 2212 bona,
2695 2158 2750 2203 et
2773 2149 3155 2218 peccatoribus
3187 2149 3460 2203 contraria
3489 2165 3505 2202 :

1905 2244 2001 2298 sed
2033 2243 2289 2315 ﬁguravit
2313 2257 2622 2298 sermonem
2649 2241 2932 2308 Dominus,
2963 2252 3021 2297 ut
3043 2241 3511 2298 immisericordes

1907 2335 2104 2390 doceat
2149 2336 2327 2404 qualia
2360 2335 2441 2390 cis
2490 2345 2756 2391 eventura
2800 2336 2939 2400 sint,
2979 2343 3034 2389 et
3076 2336 3274 2390 iterum
3317 2336 3512 2390 doceat

1907 2442 2002 2483 eos
2031 2427 2123 2498 qui
2154 2425 2491 2496 afﬂiguntur,
2527 2442 2690 2496 quam
2722 2426 2862 2482 bene
2894 2427 3131 2482 habituri
3165 2427 3276 2483 sint
3297 2443 3396 2498 pro
3430 2428 3513 2483 bis

1908 2533 2030 2588 quae
2065 2519 2155 2574 hic
2187 2519 2484 2574 sustinent.
2521 2518 2754 2574 Divitem
2792 2517 2957 2589 igitur
2993 2519 3094 2574 hoc
3140 2521 3261 2575 loco
3303 2521 3513 2589 absque

1907 2611 2130 2666 nomine
2177 2610 2230 2664 in
2283 2610 2539 2680 parabola
2591 2611 2917 2679 assumpsit,
2965 2620 3154 2680 utpote
3195 2611 3286 2681 qui
3332 2626 3511 2682 neque

1905 2703 2104 2772 dignus
2135 2703 2206 2757 sit
2245 2704 2335 2770 qui
2368 2717 2398 2756 a
2445 2702 2554 2758 Deo
2581 2703 2892 2758 nominetur
2925 2743 2941 2770 ,
2978 2703 3124 2758 sicut
3158 2715 3212 2757 et
3258 2718 3354 2771 per
3384 2719 3515 2776 pro-

1909 2797 2127 2866 phetam
2159 2796 2291 2850 dicit
2322 2813 2334 2848 :
2365 2794 2481 2850 Non
2513 2811 2720 2850 memor
2747 2810 2842 2851 ero
2869 2797 3148 2851 nominum
3174 2796 3389 2851 illorum
3417 2813 3514 2867 per

1911 2889 2046 2943 labia
2080 2903 2223 2944 mea.
2259 2886 2467 2942 Nomen
2499 2897 2682 2942 autem
2720 2888 2978 2958 pauperis
3008 2898 3297 2943 memorat.
3330 2887 3516 2943 Justu-

1911 2995 2030 3036 rum
2062 2981 2207 3034 enim
2260 2981 2482 3036 nomina
2521 2980 2572 3034 in
2610 2979 2749 3036 libro
2797 2980 2922 3034 vita:
2957 2983 3164 3050 scripta
3196 2988 3344 3037 sunt.
3381 2981 3513 3036 Fert

1909 3074 2054 3126 enim
2090 3070 2443 3127 Hebraeorum
2483 3071 2740 3138 traditio,
2781 3071 3049 3127 Lazarum
3096 3073 3384 3143 quemdam
3417 3089 3515 3143 per

1911 3164 2041 3220 illud
2066 3172 2279 3233 tempus
2301 3175 2544 3219 extrema
2565 3164 2747 3234 inopia
2778 3172 2831 3219 et
2857 3165 3178 3220 inﬁrmitate
3205 3165 3509 3230 laborasse,

1911 3255 2068 3325 cujus
2099 3257 2432 3309 mentionem
2466 3254 2657 3310 fecerit.
2693 3254 2955 3310 Dominus
2988 3257 3041 3308 in
3074 3255 3336 3326 parabola
3373 3255 3476 3309 liae
3497 3297 3512 3320 ,

1913 3356 2100 3414 utpote
2131 3345 2244 3399 noti
2277 3354 2330 3400 et
2358 3345 2654 3400 manifesti.
2690 3345 2851 3401 Dives
2883 3345 3050 3414 igitur
3078 3346 3305 3400 omnino
3341 3347 3516 3400 disso-

1914 3441 2060 3496 lutus
2093 3448 2242 3493 erat:
2271 3454 2394 3492 nam
2434 3452 2672 3508 purpura
2703 3446 2758 3492 et
2797 3438 2959 3507 bysso
2994 3439 3343 3504 induebatur,
3378 3456 3518 3509 prae-

1914 3541 2063 3588 terea
2111 3532 2368 3586 omnibus
2421 3531 2542 3584 aliis
2590 3530 2800 3585 deliciis
2850 3530 3101 3586 vacabat.
3153 3530 3516 3601 Epulabatur,

1914 3622 2113 3690 inquit,
2147 3631 2200 3676 et
2231 3636 2336 3675 non
2370 3636 2513 3676 nunc
2546 3621 2798 3690 quidem,
2847 3630 3035 3691 postea
3066 3637 3200 3677 vero
3243 3639 3382 3686 non,
3422 3625 3516 3680 sz-d

1913 3712 2084 3784 418
2117 3712 2362 3780 quotidie
2396 3729 2409 3766 :
2436 3720 2491 3766 ct
2522 3726 2628 3766 non
2657 3712 3031 3778 mediocriter,
3063 3716 3160 3768 sed
3197 3715 3515 3785 splendide,

1918 3805 2020 3858 hoc
2072 3811 2157 3860 est
2221 3811 2540 3872 sumptuose
2584 3811 2654 3874 et,
2689 3803 3063 3871 prodig-aliter.
3113 3803 3357 3862 Lazarus
3390 3823 3521 3862 vero

1918 3911 2122 3967 pauper
2179 3905 2299 3950 erat
2340 3905 2395 3948 et
2429 3895 2680 3950 intirmus
2709 3895 2947 3965 graviter
2976 3915 2988 3950 :
3026 3897 3308 3954 ulcerosus
3338 3903 3518 3967 enim,

1918 3975 2113 4056 inquit,
2148 3999 2289 4042 erat.
2326 3986 2620 4058 Egrotant
2651 3989 2777 4053 alii,
2812 3989 2904 4043 sed
2955 3991 3228 4046 ulceribus
3277 4005 3472 4049 carent
3504 4015 3516 4049 :

1918 4080 2006 4134 hic
2041 4089 2222 4134 autem
2273 4079 2523 4150 graviore
2567 4079 2710 4134 malo
2752 4079 3118 4151 aﬂligebatur,
3167 4094 3221 4138 et
3255 4086 3322 4139 ad
3359 4089 3521 4141 vesti-

1919 4172 2104 4226 bulum
2129 4171 2314 4226 divitis
2340 4171 2560 4241 jacebat
2591 4189 2604 4226 :
2630 4185 2761 4226 ecce
2791 4172 2930 4228 alius
2949 4173 3127 4240 dolor,
3160 4174 3351 4232 videre
3382 4178 3520 4232 alios

1919 4263 1970 4316 in
2003 4261 2235 4325 deliciis,
2275 4275 2334 4316 se
2366 4275 2494 4315 vero
2541 4259 2687 4314 fame
2729 4261 2926 4330 premi.
2979 4262 3340 4317 Desiderulmt
3374 4268 3518 4319 enim

1919 4355 2132 4418 satiari,
2171 4368 2276 4408 non
2308 4353 2642 4421 sumptuosis
2680 4352 2938 4418 ferculis,
2961 4356 3053 4410 scd
3089 4357 3155 4410 de
3187 4357 3345 4412 micis
3381 4349 3519 4428 ejus,

1921 4455 1974 4498 ct
2012 4444 2117 4498 illis
2148 4445 2348 4512 quibus
2382 4444 2727 4497 satiebantur
2749 4457 2937 4498 canes.
2976 4445 3206 4516 Insuper
3229 4443 3523 4502 destitutus-

202 4538 521 4609 ήλκῶσθαι.
569 4541 835 4594 Ἐνταῦθα
864 4542 922 4594 δὲ
953 4543 1203 4605 ἐπίτασις
1231 4544 1325 4597 τοῦ
1351 4544 1526 4598 κακοῦ
1551 4546 1645 4596 καὶ
1678 4544 1804 4614 πρὸς

1922 4549 2041 4591 erat
2064 4535 2213 4590 omni
2241 4550 2396 4601 cura,
2429 4545 2483 4588 et
2509 4549 2672 4589 canes
2704 4533 2978 4602 lingeliaut
3003 4537 3189 4592 ulcera
3224 4540 3361 4606 eius,
3395 4555 3520 4594 cum

198 4628 306 4684 τὸν
341 4628 566 4683 πυλῶνα
595 4629 930 4702 βεϐλημένος
950 4633 1046 4687 τοῦ
1076 4635 1356 4698 πλουσίου,
1384 4635 1546 4707 ἐτέρα
1580 4637 1812 4706 βάσανος

199 4717 272 4771 τὸ
309 4717 450 4789 ὁρᾷν
477 4719 670 4785 ἄλλους
691 4721 1180 4794 ύπερτρυφῶντας,
1215 4727 1378 4780 αὑτὸν
1408 4727 1464 4780 δὲ
1496 4728 1812 4798 λιμώττειν.

215 4809 536 4881 Ἐπεθύμει
571 4812 680 4884 γὰρ
719 4818 1093 4887 χορτασθῆναι
1131 4821 1252 4890 ούχὶ
1295 4820 1606 4891 βρωμάτων
1649 4822 1815 4874 πολυ-

198 4901 416 4969 τελῶν,
467 4903 603 4957 ἀλλὰ
636 4909 728 4961 καὶ
773 4908 971 4980 ψιχίων
1009 4912 1210 4978 αὐτῶν,
1247 4915 1341 4968 καὶ
1388 4914 1615 4982 τούτων,
1649 4907 1724 4972 ὧν
1766 4916 1816 4968 οί

200 4995 388 5058 κύνες
444 5001 825 5068 χορτάξονται.
898 5005 1057 5059 Ἀλλὰ
1103 5006 1196 5059 καὶ
1244 5007 1449 5078 ἕρημος
1499 5008 1607 5061 τῶν
1656 5009 1818 5078 θερα-

200 5087 564 5140 πευσόντων·
603 5092 652 5143 οί
686 5094 794 5163 γάρ
824 5095 980 5158 κύνες
1014 5096 1221 5167 ἐλειχον
1255 5099 1322 5150 τά
1353 5099 1485 5170 ἕλκη
1518 5099 1706 5166 αὑτοῦ,
1733 5094 1817 5152 οἷα

201 5177 453 5246 μηδενὸς
481 5180 632 5246 ὄντος
662 5185 1228 5259 τοῦλάποσοϐήσοντος
1261 5191 1507 5255 τούτους.
1545 5187 1693 5264 ’Δρα
1724 5191 1817 5246 οὖν

197 5269 268 5319 ἐν
314 5271 599 5335 τοσούτοις
635 5273 829 5340 δεινοῖς
875 5279 950 5331 ὢν
983 5283 1010 5333 ὁ
1055 5282 1307 5352 Λάζαρος
1349 5284 1814 5356 ἐϐλασφήμησε-ις

198 5358 236 5427 ἢ
273 5361 596 5432 ἐλοιδόρησε
627 5367 724 5436 τὴν
758 5373 972 5439 τρυφὴν
997 5373 1091 5425 τοῦ
1120 5374 1379 5427 πλουσίου
1403 5393 1417 5442 ;
1446 5376 1478 5446 ἣ
1513 5378 1614 5447 τὴν
1642 5379 1818 5430 ἁπαν-

197 5447 471 5518 θρωπίαν
519 5456 880 5528 κατέκρινεν;
935 5465 967 5534 ἢ
1021 5465 1120 5537 τὴν
1175 5467 1435 5537 πρόνοιαν
1494 5469 1814 5540 ἐμέμψατος

193 5541 391 5594 Οὐδὲν
422 5545 630 5599 τούτων
662 5551 906 5623 ἐνόησεν,
942 5557 1080 5611 ἀλλὰ
1114 5557 1251 5628 μετά
1294 5559 1499 5630 πολλῆς
1538 5562 1638 5630 τῆς
1669 5562 1819 5631 φιλο..

198 5634 418 5702 σοφίας
457 5639 770 5711 ἐκαρτέρει.
808 5648 982 5701 Πόθεν
1019 5650 1212 5721 δῆλον;
1258 5653 1377 5723 Ἀφ’
1406 5651 1480 5708 ὧν
1518 5658 1565 5708 οἱ
1597 5656 1819 5724 ἄγγελοι

194 5724 386 5818 αὐτὸν
405 5727 750 5788 ἀποθανόντα
771 5738 1036 5810 ἐδέχοντο.
1061 5745 1176 5797 υῦκ
1198 5746 1262 5798 ἂν
1287 5747 1416 5817 γάρ,
1443 5747 1490 5798 εἰ
1512 5764 1682 5816 γογγυ
1694 5748 1819 5818 πῆς

196 5819 283 5885 ἡν
343 5820 442 5872 καὶ
474 5822 814 5897 βλάσφημος,
848 5836 1118 5906 τοσαύτης
1145 5840 1310 5909 τιμῆς
1343 5840 1563 5911 ἠξιώθη,
1603 5844 1694 5894 καὶ
1721 5843 1820 5912 τῆς

1921 4644 2080 4685 nemo
2119 4636 2266 4685 esset
2309 4628 2400 4697 qui
2450 4630 2517 4681 ab
2549 4626 2644 4683 illo
2690 4629 2822 4682 istos
2863 4629 3126 4698 abigeret.
3169 4631 3312 4685 Num
3356 4632 3524 4700 igitur

1919 4722 2164 4777 Lazarus
2201 4723 2254 4776 in
2306 4723 2469 4777 tantis
2509 4723 2665 4775 matis
2717 4722 3178 4792 blaspliemabat?
3225 4741 3352 4780 num
3390 4741 3526 4780 con-

1920 4815 2265 4870 viciabatur?
2299 4831 2424 4868 num
2458 4814 2769 4870 inceSSabat
2802 4816 2989 4870 luxum
3023 4817 3245 4872 divitis?
3277 4835 3404 4873 num
3439 4819 3524 4873 iu-

1922 4909 2322 4962 liumanitatcm
2358 4906 2799 4961 condemnabat?
2833 4923 2959 4960 unm
2997 4909 3396 4976 providentiam
3425 4911 3519 4964 Dei

1923 4999 2390 5072 reprehendebat?
2443 4999 2590 5054 Nihil
2645 5002 2838 5055 borum
2880 5018 2892 5055 :
2939 5003 3031 5055 sed
3069 5002 3225 5057 fortis
3274 5014 3428 5069 erat,
3469 5014 3524 5058 et

1924 5108 2135 5165 magnae
2181 5091 2563 5162 philos0pliize.
2615 5091 2769 5147 Unde
2799 5091 3198 5147 manifestum?
3234 5106 3522 5164 propterea

1922 5187 2064 5258 quod
2118 5186 2293 5256 angeli
2335 5186 2508 5255 ipsum
2536 5189 2835 5254 {mortuum
2883 5187 3244 5254 susceperint.
3293 5186 3428 5242 Nam
3475 5192 3520 5244 si

1922 5283 2372 5335 obmurmurator
2421 5278 2620 5334 fuisset
2670 5288 2725 5335 et
2764 5279 3150 5350 blasphemus,
3202 5284 3521 5352 neutiquam

1924 5383 2131 5426 tantum
2170 5373 2433 5426 honorem
2475 5371 2670 5426 fuisset
2718 5382 3072 5434 consecutus,
3112 5384 3165 5426 et
3202 5376 3521 5442 angelorum

1925 5467 2185 5520 comitatu
2227 5467 2481 5534 stipatus.
2526 5463 2766 5518 Mortuus
2799 5472 2891 5517 est
2936 5473 3117 5518 autem
3158 5477 3214 5520 et
3250 5467 3425 5530 dives,
3458 5483 3522 5518 ac

1922 5559 2167 5628 sepultus
2214 5569 2321 5613 cst.
2360 5558 2492 5612 Nam
2529 5557 2773 5627 profecto
2809 5559 2971 5610 etiam
3008 5574 3130 5611 cum
3165 5559 3392 5618 viveret,
3437 5574 3523 5611 se-

1922 5653 2072 5720 pulta
2110 5661 2232 5707 erat
2274 5653 2393 5722 ejus
2441 5651 2659 5716 anima,
2716 5665 2939 5704 carnem
2996 5651 3149 5720 quasi
3208 5651 3520 5718 sepulcrum

1923 5747 2342 5802 circumferens.
2391 5745 2456 5799 Et
2503 5747 2623 5801 idco
2656 5763 2777 5800 cum
2815 5755 3142 5810 moreretur,
3183 5760 3289 5798 non
3322 5747 3388 5798 ab
3432 5762 3526 5798 an-

1929 5841 2063 5906 gelis
2086 5849 2399 5911 assumptus
2431 5849 2548 5908 est,
2578 5843 2670 5898 sed
2699 5842 2749 5894 in
2777 5838 3046 5894 infernum
3079 5841 3363 5894 deductus.
3391 5836 3527 5891 Nam
