4030 6428
613 269 722 332 975

1448 258 2022 323 TIIEOPHYLACTI
2060 258 2472 320 BULGARUE
2500 259 2857 324 ARCHIEP.

3779 267 3883 330 976

597 377 688 448 qui
712 375 847 430 nihil
872 374 1098 431 sublime
1151 369 1390 439 nihilque
1406 369 1626 427 cmleste
1647 369 1899 435 cognovit
1920 383 2156 438 unquam

2295 369 2425 437 παρ’
2460 371 2718 453 ἀγγέλων
2743 373 3104 445 δορυφορίας,
3141 374 3383 430 ἀπέθανε
3415 376 3476 430 δὲ
3521 376 3617 430 καὶ
3657 375 3689 429 ὁ
3725 377 3884 433 πλού-

600 471 788 524 iniimo
817 470 937 524 loco
968 468 1184 538 dignus.
1210 466 1448 524 Dicendo
1475 469 1617 522 enim
1649 462 1791 534 quod
1817 461 2062 532 sepultus
2083 462 2176 530 sit,

602 563 838 616 insinuat
867 561 1044 615 obiter
1073 560 1340 617 Dominus
1375 562 1516 634 quod
1547 567 1600 614 et
1629 559 1808 613 anima
1847 557 1965 627 ejus
2002 555 2178 611 locum

600 650 840 705 infimum
873 662 928 707 et
959 650 1314 720 caliginosum
1343 654 1531 706 sortita
1569 649 1755 704 fuerit.

2292 477 2424 525 σιος,
2472 463 2565 515 καὶ
2609 463 2804 534 ἐτάφη.
2855 465 2944 534 Τῷ
2986 466 3100 519 δντι
3150 467 3260 539 γάρ
3297 467 3390 520 καὶ
3439 467 3654 550 ζῶντος
3699 486 3883 523 κατω-

2294 551 2536 625 ρυγμένη
2574 553 2742 608 αὐτοῦ
2775 551 2901 627 ἦνή
2939 556 3088 629 ψυχὴ
3113 599 3126 623 ,
3176 559 3253 621 ὡς
3285 561 3455 629 τάφον
3507 562 3885 633 περιφέρουσα

2286 645 2388 714 τὴν
2436 645 2638 716 σάρκα.
2695 647 2788 700 Διδ
2837 649 2931 702 καὶ
2982 649 3274 704 ἀποθανὼν
3324 651 3424 724 οὐχ
3476 653 3584 707 ὑπὸ
3633 655 3884 723 ἀγγέλων

595 743 890 812 ἀπάγεται,
916 743 1029 797 ἀλλ’
1057 747 1136 807 εἰς
1157 744 1246 796 τὸν
1268 744 1400 815 ᾅδην
1426 743 1744 811 κατάγεται.
1783 742 1841 796 '0
1869 741 1976 812 γὰρ
2005 737 2173 810 μηδὲν
2212 737 2416 808 ὑψηλὸν
2445 739 2723 810 φρονήσας
2750 741 2881 793 ποτε
2921 741 3048 810 μηδ’
3075 743 3344 813 οὐράνιον,
3402 746 3500 799 τοῦ
3566 750 3883 803 κατωτάτου

595 840 762 892 τόπου
796 839 977 908 ἄξιος,
1008 841 1089 910 τῷ
1120 841 1252 910 γοῦν
1293 841 1490 904 εἰπεῖν,
1523 840 1606 893 ὅτι
1639 839 1837 908 ἐτάφη,
1869 835 2027 890 τοῦτο
2070 832 2410 906 παρῃνίξατο
2473 835 2502 888 ό
2531 833 2755 905 Κύριος,
2792 837 2872 890 ὅτι
2906 838 3001 891 καὶ
3069 841 3102 910 ἡ
3135 839 3282 911 ψυχὴ
3344 839 3512 897 αὐτοῦ
3575 843 3667 896 τὸν
3697 862 3882 898 ita-tur

597 934 743 987 τάτω
769 935 934 988 τόπον
964 936 1056 987 καὶ
1089 935 1305 1006 ζοφώδη
1340 935 1556 1005 ἔλαχεν.

667 1027 833 1082 Vens.
863 1027 1054 1082 25-26.
1092 1047 1108 1079 ι
1148 1030 1323 1098 Atque
1366 1030 1418 1084 in
1464 1026 1938 1085 tartara-sublatis
1968 1025 2175 1088 oculis,

597 1135 717 1172 rum
759 1129 906 1174 esset
939 1119 992 1174 in
1041 1121 1356 1184 tormentis,
1406 1121 1549 1173 videt
1597 1119 1871 1174 Abraham
1922 1119 2174 1182 eminus,

595 1218 647 1262 et
692 1208 958 1263 Lazarum
1002 1210 1053 1263 in
1089 1210 1211 1264 sinu
1246 1210 1363 1280 ejus
1399 1229 1410 1264 :
1445 1217 1498 1263 et
1528 1207 1646 1277 ipse
1688 1209 1928 1264 clamans
1975 1209 2112 1264 dixit
2159 1226 2172 1262 :

598 1299 759 1354 Pater
791 1301 1084 1366 Abraham,
1123 1301 1382 1357 miserere
1415 1301 1557 1368 mei,
1593 1310 1648 1355 et
1689 1301 1845 1355 mitte
1875 1300 2172 1368 Lazarum,

597 1402 654 1444 ut
694 1392 926 1461 intingat
965 1400 1269 1448 extremum
1312 1393 1462 1463 digiti
1503 1395 1585 1448 sui
1626 1394 1677 1449 in
1713 1410 1906 1463 aquam
1931 1435 1946 1457 ,
1986 1409 2050 1450 ac
2091 1410 2174 1450 re-

594 1486 819 1557 frigeret
863 1488 1099 1558 linguam
1147 1503 1360 1553 meam,
1413 1489 1540 1558 quia
1594 1490 1810 1544 crucior
1861 1489 1914 1544 in
1959 1487 2172 1543 flamma

597 1581 716 1634 hac.
766 1580 911 1634 Dixit
947 1588 1128 1635 autem
1161 1580 1436 1635 Abraham
1472 1593 1489 1634 :
1531 1579 1671 1648 Fili,
1706 1582 1988 1636 recordare
2029 1580 2174 1652 quod

2355 1042 2373 1078 ι
2413 1024 2521 1077 Καὶ
2553 1025 2612 1078 ὲν
2642 1025 2720 1095 τῷ
2764 1025 2864 1096 ᾅδῃ
2899 1026 3114 1098 ἐπάρας
3144 1027 3270 1090 τοὺς
3309 1026 3630 1098 ὀφθαλμοὺς
3664 1031 3838 1086 αὐτοῦ
3866 1075 3878 1096 ,

2278 1116 2540 1187 ὑπάρχων
2590 1118 2649 1170 ἐν
2697 1116 2992 1186 βασάνοις,
3034 1121 3138 1190 ὁρᾷ
3169 1119 3259 1172 τὸν
3302 1119 3562 1191 Ἀϐραάμ
3615 1121 3728 1175 ἀπὸ
3773 1140 3880 1193 μα-

2277 1207 2494 1277 κρόθεν,
2554 1209 2648 1262 καὶ
2698 1209 2951 1280 Λάζαρον
2987 1213 3045 1264 ἐν
3097 1211 3213 1276 τοῖς
3267 1209 3492 1276 κόλποις
3528 1212 3740 1276 αὑτοῦ,
3787 1213 3881 1268 καὶ

2275 1292 2440 1357 αὐτὸς
2473 1295 2729 1366 φωνήσας
2775 1292 2919 1349 εἴπεο
2970 1298 3155 1369 Πάτερ
3196 1300 3469 1370 Ἀϐραὰμ,
3507 1302 3739 1371 ἐλέησόν
3775 1321 3880 1372 με,

2275 1381 2372 1434 καὶ
2404 1382 2624 1454 πέμψον
2658 1385 2932 1457 Λάζαρον,
2965 1389 3054 1442 ἵνα
3084 1389 3232 1460 βάψῃ
3263 1391 3323 1443 τὸ
3345 1391 3519 1462 ἄκρον
3548 1391 3647 1444 τοῦ
3673 1393 3880 1447 δακτύ-

2276 1475 2370 1529 λου
2403 1476 2569 1554 αὑτοῦ
2599 1477 2813 1544 ὓδατος,
2847 1479 2940 1533 καὶ
2979 1481 3271 1556 καταψύξῃ
3302 1482 3401 1555 τὴν
3430 1484 3698 1553 γλῶσσάν
3739 1504 3843 1556 μου
3866 1529 3877 1551 ,

2275 1568 2358 1622 ὃτι
2386 1569 2657 1640 ὀδυνῶμαι
2687 1573 2743 1624 ἐν
2765 1575 2830 1642 τῇ
2873 1573 3032 1642 φλογὶ
3062 1575 3255 1647 ταύτῃ.
3288 1571 3425 1630 Εἷπε
3458 1578 3519 1631 δὲ
3564 1577 3838 1649 Ἀϐραάμ
3859 1595 3870 1606 ’

599 1674 866 1740 receperis
916 1672 1054 1726 bona
1097 1681 1184 1726 tua
1231 1673 1282 1726 in
1331 1673 1436 1726 vita
1488 1683 1606 1738 tua,
1639 1685 1693 1728 et
1727 1671 1970 1729 Lazarus
2017 1673 2165 1728 simi-

2279 1662 2502 1726 Τέκνον,
2534 1663 2845 1735 μνήσθητι,
2874 1667 2957 1719 ὅτι
3007 1667 3284 1732 ἀπέλαόες
3320 1669 3386 1722 σὺ
3427 1669 3498 1723 τὰ
3545 1671 3736 1736 ἀγαθά
3779 1689 3872 1725 σου

598 1764 719 1816 liter
753 1764 890 1816 mala
921 1781 936 1830 ;
968 1780 1112 1818 nunc
1143 1774 1319 1822 autem
1354 1766 1439 1821 hic
1479 1765 1671 1820 solatio
1695 1764 1906 1832 fruitur,
1943 1775 1998 1820 tu
2047 1780 2171 1820 vero

594 1856 872 1911 cruciaris.
926 1857 994 1910 Et
1039 1872 1201 1928 super
1260 1859 1374 1913 haec
1422 1860 1605 1912 omnia
1655 1858 1795 1913 inter
1838 1873 1939 1914 nos
1978 1866 2031 1913 et
2075 1873 2170 1914 vos

593 1949 773 2003 hiatus
809 1949 994 2020 ingens
1027 1948 1274 2004 firmatus
1319 1960 1436 2015 est,
1483 1959 1540 2005 ut
1587 1951 1639 2005 hi
1683 1952 1774 2020 qui
1821 1950 2004 2004 volunt
2043 1949 2171 2004 hinc

596 2042 829 2096 transire
869 2042 936 2097 ad
967 2056 1062 2098 vos
1091 2057 1196 2097 non
1247 2043 1476 2113 possint,
1524 2058 1699 2114 neque
1725 2043 1849 2099 inde
1885 2052 2169 2097 transcen—

589 2133 717 2187 dere
765 2135 830 2188 ad
883 2149 999 2190 nos.
1051 2153 1068 2186 ι
1113 2136 1579 2201 Quemadmodum
1624 2135 1886 2191 Dominus
1934 2134 2165 2204 ejectum

589 2227 761 2279 Adam
809 2239 838 2279 e
892 2225 1107 2295 regione
1160 2226 1399 2295 paradisi
1438 2227 1760 2292 collocavit,
1802 2235 1863 2280 ut
1909 2225 2167 2281 continuo

588 2327 892 2387 aSpectans,
921 2318 1122 2372 clarius
1143 2318 1368 2372 sentiret
1386 2332 1415 2372 a
1434 2319 1650 2389 quantis
1673 2318 1830 2373 bonis
1844 2317 2132 2372 excidisset
2151 2335 2164 2370 :

588 2412 667 2466 sic
703 2421 758 2466 et
801 2410 948 2465 illum
984 2411 1368 2466 condemnavit
1417 2411 1471 2466 in
1515 2421 1808 2483 conspectu
1845 2410 2073 2476 Lazari,
2110 2419 2168 2465 ut

587 2506 776 2561 videns
807 2504 956 2559 illttm
1013 2505 1065 2558 in
1110 2504 1357 2573 qualibus
1391 2513 1569 2569 esset,
1618 2503 1846 2558 sentiret
1895 2501 2037 2555 unde
2071 2516 2168 2570 per

588 2598 1042 2653 inhumanitatem
1084 2596 1396 2652 excidisset.
1443 2595 1510 2650 Et
1544 2604 1829 2667 propterea
1873 2608 1982 2648 non
2025 2594 2164 2663 apud

588 2692 754 2746 alium
786 2691 1071 2762 quemdam
1104 2691 1343 2761 justum,
1382 2692 1476 2746 sed
1513 2690 1566 2745 in
1601 2689 1725 2744 sinu
1765 2687 1997 2743 Abrahae
2033 2687 2169 2742 vidit

588 2782 878 2849 Lazarum,
902 2782 1156 2852 quoniam
1199 2781 1483 2850 hospitalis
1528 2781 1703 2836 fuerat
1738 2777 2046 2842 Abraham.
2095 2779 2166 2837 Ut

586 2875 748 2946 igitur
782 2874 1272 2944 reprehenderetur
1303 2873 1445 2928 illius
1470 2873 1888 2942 inhospitalitas,
1916 2882 2164 2943 propter-

585 2984 646 3024 ea
697 2967 845 3022 illum
894 2966 1035 3038 apud
1073 2966 1350 3021 Abraham
1403 2964 1570 3021 videt;
1620 2964 1712 3020 Ille
1747 2964 1908 3021 etiam
1945 2979 2038 3021 eos
2070 2965 2162 3035 qui

2281 1756 2339 1809 ὲν
2371 1758 2436 1826 τῇ
2468 1756 2578 1828 ζωῇ
2613 1774 2729 1822 σου,
2756 1759 2853 1812 καὶ
2871 1758 3127 1830 Λάζαρος
3151 1759 3356 1830 ὁμοίως
3382 1761 3450 1815 τά
3477 1763 3650 1825 κακά,
3686 1762 3784 1815 νῦν
3818 1763 3875 1816 δὲ

2279 1845 2365 1900 ὅδε
2413 1848 2853 1917 παρακαλεῖται,
2891 1849 2956 1902 σὺ
2989 1849 3047 1904 δὲ
3094 1851 3377 1908 ὀδυνᾶσαι.
3430 1854 3544 1907 Καὶ
3595 1854 3692 1907 ἐπὶ
3740 1856 3876 1908 πᾶσι

2277 1937 2489 2003 τούτοις
2529 1942 2717 2012 χάσμα
2754 1943 2899 2013 μέγα
2945 1944 3272 2018 ἐστήρικται
3313 1947 3518 2016 μεταξὺ
3568 1947 3735 2017 ἡμῶν
3783 1949 3876 2000 καὶ

2278 2029 2456 2100 ὑμῶν,
2494 2033 2643 2096 ὅπως
2681 2036 2730 2087 οί
2784 2035 3030 2099 θέλοντες
3064 2036 3317 2107 διαϐῆναι
3352 2037 3508 2090 ἐνθεν
3543 2039 3688 2109 πρὸς
3729 2040 3876 2107 ὑμᾶς

2280 2120 2357 2192 μὴ
2409 2121 2695 2191 δύνωνται,
2753 2127 2890 2198 μηδὲ
2928 2131 2975 2182 οί
3026 2131 3236 2184 ἐκεῖθεν
3283 2132 3423 2203 πρὸς
3473 2134 3628 2202 ἡμᾶς
3675 2134 3872 2186 διαπε-

2278 2215 2467 2287 ρῶσιν.
2504 2237 2523 2270 ι
2563 2219 2775 2292 ’Ὠσπερ
2807 2222 2899 2278 τὸν
2937 2225 3112 2298 Ἀδάμ
3145 2228 3174 2280 ὁ
3205 2225 3413 2296 Κύριος
3443 2227 3734 2281 ὲκὸάλλων
3777 2229 3874 2282 τοῦ

2276 2310 2607 2380 παραδείσου
2633 2313 2894 2392 ἀπέναντι
2928 2317 3096 2371 αὑτοῦ
3125 2318 3454 2388 κατῴκισεν,
3489 2318 3578 2372 ἵνα
3612 2324 3678 2392 τῇ
3715 2338 3873 2374 συνεη

2274 2403 2360 2470 χετ
2385 2400 2506 2471 ὄψει
2538 2405 2937 2478 ἀνανεούμενον
2972 2409 3033 2462 τὸ
3062 2409 3236 2473 πάθος
3261 2408 3679 2479 ἀκριϐεστέραν
3721 2411 3876 2483 αύτῷ

2275 2493 2533 2566 παράσχῃ
2561 2495 2661 2565 τὴν
2703 2496 2957 2568 αῐσθησιν
2990 2499 3090 2570 τῆς
3118 2499 3227 2553 τῶν
3257 2498 3480 2567 ἀγαθῶν
3510 2500 3873 2565 ἐκπτώσεως,

2272 2584 2416 2640 οὕτω
2440 2588 2533 2642 καὶ
2551 2588 2738 2643 τοῦτον
2762 2591 3054 2646 κατέναντι
3077 2591 3170 2645 τοῦ
3195 2591 3449 2662 Λαζάρου
3476 2593 3871 2656 κατεδίκασεν,

2274 2679 2340 2732 ἶν’
2369 2679 2512 2752 ὁρῶν
2540 2681 2702 2736 αὑτὸν
2730 2684 2786 2738 ἐν
2814 2682 2943 2747 οἵοις
2982 2685 3153 2750 ἐστὶν,
3183 2683 3511 2754 αἰσθάνηται
3541 2677 3622 2739 ὧν
3656 2685 3748 2739 διὰ
3778 2688 3876 2755 τὴν

2275 2769 2673 2841 ἀπανθρωπίαν
2723 2773 3081 2828 ὲκπέπτωκε.
3134 2774 3289 2828 Διατί
3323 2775 3380 2828 δὲ
3425 2776 3488 2828 οὐ
3548 2777 3686 2846 παρ’
3729 2777 3875 2846 ἄλλῳ

2271 2861 2380 2915 τινὶ
2401 2861 2513 2915 τῶν
2531 2862 2788 2930 δικαίων,
2837 2863 2954 2917 ἀλλ’
2989 2867 3048 2918 ὲν
3074 2866 3186 2927 τοῖς
3217 2865 3438 2930 κόλποις
3466 2865 3565 2920 τοῦ
3621 2867 3874 2939 Ἀϐραὰμ

2272 2952 2380 3011 εῖδε
2409 2957 2500 3012 τὸν
2532 2959 2804 3029 Λάζαρον,
2835 2960 2956 3013 ἐπεὶ
2988 2958 3263 3028 φιλόξενος
3293 2956 3361 3031 ἦν
3384 2963 3411 3014 ό
3440 2962 3726 3033 Ἀϐραάμ.
3778 2960 3873 3016 Ἰν⁸

585 3059 964 3130 praeteribant,
1017 3055 1070 3112 in
1105 3059 1323 3112 domum
1355 3071 1508 3112 suam
1539 3057 1822 3120 trahebat,
1859 3057 1945 3112 hic
1979 3067 2159 3113 autem

2274 3053 2359 3107 οὖν
2383 3054 2605 3124 ἐλεγχος
2638 3054 2736 3122 τῆς
2765 3053 3080 3124 μισοξενίας
3106 3053 3272 3106 αὐτοῦ
3303 3055 3558 3125 γένηται,
3587 3056 3682 3110 διά
3712 3055 3872 3109 τοῦτο

583 3152 749 3225 419
785 3153 948 3206 etiam
981 3152 1120 3205 intra
1155 3149 1374 3204 domum
1418 3149 1666 3219 jacentes
1695 3149 2047 3220 despiciebat.
2085 3151 2160 3203 At

588 3261 686 3298 cur
735 3260 838 3300 non
902 3242 1062 3298 vertit
1115 3256 1422 3298 sermonem
1491 3242 1557 3296 ad
1608 3241 1898 3308 Lazarum,
1954 3243 2046 3297 sed
2100 3243 2165 3297 ad

583 3336 895 3390 Abraham?
919 3332 1368 3389 Confundebatur
1389 3332 1637 3389 fortassis
1658 3373 1671 3400 ,
1698 3334 2022 3389 existimans
2049 3332 2160 3388 for-

584 3429 720 3482 sitan
752 3426 1018 3482 Lazarum
1057 3425 1307 3480 vindicta:
1343 3424 1583 3492 avidum,
1639 3435 1694 3481 et
1739 3441 1805 3481 ex
1840 3426 1955 3481 suis
1985 3427 2164 3480 causis

583 3519 858 3589 judicabat
895 3517 1064 3572 illum.
1103 3518 1160 3572 Si
1192 3518 1334 3574 enim
1363 3531 1462 3589 ego
1493 3527 1640 3573 tanta
1672 3518 1930 3574 felicitate
1976 3519 2166 3574 fruens

584 3611 879 3680 contempsi
907 3611 1053 3664 illum
1082 3611 1245 3666 tantis
1268 3611 1426 3665 malis
1449 3620 1889 3679 coangustatum,
1911 3619 1964 3665 et
1989 3626 2164 3683 neque

586 3706 755 3760 micas
813 3705 862 3759 ei
918 3704 1364 3759 communicavi:
1420 3703 1588 3758 multo
1639 3705 1808 3774 magis
1866 3705 1981 3774 ipse
2034 3721 2161 3759 con-

587 3805 818 3863 tetnptus
846 3794 1155 3858 vindicabit,
1202 3803 1256 3848 et
1301 3809 1406 3847 non
1449 3802 1652 3847 annuet
1690 3805 1747 3846 ut
1784 3794 1913 3847 mihi
1961 3793 2162 3848 beneﬁ-

581 3891 722 3944 cium
756 3889 1103 3941 concedatur.
1135 3886 1426 3954 Propterca
1471 3887 1535 3939 ad
1564 3886 1840 3939 Abraham
1874 3884 2005 3940 facit
2046 3901 2162 3940 ser-

582 3995 815 4034 monem.
854 3978 1083 4033 Putabat
1130 3977 1277 4032 enim
1329 3979 1583 4047 ignorare
1631 3979 1993 4047 patriarcliam
2043 3992 2165 4046 qua:

580 4071 952 4139 contigissent.
989 4069 1123 4135 Quid
1159 4071 1321 4137 igitur
1350 4069 1475 4123 ille‘l
1509 4069 1625 4122 Non
1659 4069 1829 4123 dixit:
1868 4067 2164 4124 lnhumane

583 4175 636 4218 et
690 4163 950 4225 crudelis,
1020 4176 1124 4216 non
1184 4161 1502 4214 erubescis?
1564 4161 1949 4216 misericordiae
2018 4177 2161 4216 nunc

582 4253 920 4309 recordaris?
957 4254 1047 4306 sed
1101 4254 1370 4321 quomodo
1407 4254 1429 4303 ?
1468 4251 1588 4306 Fili.
1630 4253 1756 4307 Vide
1813 4254 2162 4322 compatien-

583 4360 686 4402 tem
716 4355 770 4401 et
800 4354 1067 4401 sanctum.
1097 4345 1233 4398 Dicit
1265 4347 1408 4396 enim
1442 4353 1495 4396 et
1523 4344 1738 4412 sapiens
1766 4345 2005 4413 quidam,
2036 4346 2160 4398 Ani-

583 4455 724 4494 mam
756 4439 1090 4492 hutniliatatn
1125 4450 1189 4490 ne
1219 4435 1542 4489 turbaveris.
1581 4434 1646 4488 Et
1679 4445 1960 4505 propterea
1993 4436 2156 4490 etiam

581 4534 694 4601 ipse
745 4531 895 4597 dicit,
941 4528 1078 4593 Fili,
1127 4528 1406 4580 insinuans
1449 4541 1542 4593 per
1577 4527 1674 4579 hoc
1705 4537 1929 4582 eatenus
1963 4528 2066 4582 sibi
2103 4527 2165 4581 li-

582 4640 726 4691 cere,
761 4631 1029 4692 quatenus
1061 4629 1168 4673 tam
1205 4618 1433 4687 benigne
1464 4619 1780 4687 alloquitur,
1811 4621 1904 4673 sed
1938 4620 2163 4675 ulterius

585 4715 717 4768 nihil
751 4714 910 4767 licere
950 4712 1021 4766 ei.
1055 4709 1209 4775 Quod
1253 4724 1494 4777 possum,
1529 4708 1632 4763 hoc
1673 4710 1766 4763 tibi
1800 4713 2160 4776 communico,

587 4807 1005 4874 compatiutem
1041 4801 1249 4855 scilicet
1278 4814 1486 4854 vocem.
1521 4801 1586 4854 At
1615 4800 1740 4854 hinc
1778 4801 1902 4855 illuc
1933 4804 2164 4858 transire

586 4916 688 4953 non
727 4907 807 4951 est
844 4905 1085 4950 nostrum
1127 4913 1138 4946 :
1173 4894 1426 4948 conclusa
1461 4893 1601 4946 enim
1629 4902 1754 4945 sunt
1782 4894 1983 4947 omnia.
2011 4894 2074 4949 Et
2108 4906 2162 4949 tu

585 4992 801 5058 quidem
855 4987 1108 5057 recepisti
1154 4987 1291 5040 bona
1345 4994 1457 5051 tua,
1514 4985 1599 5038 ille
1640 4994 1822 5038 autem
1878 4987 2038 5040 mala.
2097 4985 2164 5041 Et

585 5095 754 5149 quare
802 5096 903 5133 non
946 5079 1119 5141 dixit,
1159 5076 1448 5146 'Accepisti,
1509 5076 1625 5140 sed,
1657 5073 1966 5145 Recepisti?
2006 5079 2165 5134 Reci-

588 5190 714 5240 pere
745 5174 887 5226 cnim
915 5173 976 5224 de
1009 5173 1089 5224 his
1115 5171 1291 5223 dicere
1312 5170 1544 5223 solemus
1567 5171 1657 5238 qui
1688 5173 1992 5239 suscipiunt
2023 5174 2166 5240 quod

592 5267 670 5318 eis
722 5265 1035 5317 debebatur.
1085 5260 1354 5314 Discitnus
1396 5259 1558 5326 igitur
1593 5263 1734 5328 quod
1778 5263 1900 5316 licet
1947 5265 2163 5331 quidam

591 5357 875 5409 facinerosi
913 5356 1020 5408 sint
1085 5364 1136 5404 et
1183 5354 1233 5404 itt
1281 5360 1578 5405 extremam
1633 5355 1970 5420 pervenerint
2009 5357 2165 5408 mali-

589 5449 740 5509 tiam,
785 5460 1162 5511 nonnunquam
1213 5454 1386 5495 tamen
1428 5459 1591 5496 unum
1642 5445 1905 5512 quoddam
1949 5447 2029 5499 vel
2063 5449 2166 5500 duo

591 5543 728 5592 luna
777 5553 938 5606 opera
993 5538 1237 5600 faciunt;
1281 5537 1420 5590 unde
1475 5547 1525 5589 et
1556 5537 1654 5606 ipsi
1711 5539 1969 5594 habentes
2027 5543 2164 5594 bona

591 5633 853 5696 t‘,tt.‘t:tia:n,
896 5644 1013 5696 qtne
1061 5629 1110 5679 in
1149 5629 1427 5695 praesentis
1477 5631 1596 5682 vita:
1652 5633 2014 5700 prosperitate
2073 5649 2162 5687 ca-

594 5726 764 5788 piunt,
817 5736 1054 5789 recipetc
1099 5719 1364 5775 dicuntur.
1401 5720 1660 5776 Similiter
1691 5736 1867 5778 autem
1902 5735 1954 5779 et
2007 5727 2172 5781 Lazt~

2271 3147 2389 3216 μετ’
2440 3146 2649 3200 ἐκείνου
2701 3145 2911 3216 βλέπει.
2984 3147 3228 3209 Ἐκεῖνος
3285 3147 3382 3200 καὶ
3437 3149 3569 3210 τοὺς
3630 3152 3866 3220 παριόν-

2266 3257 2366 3302 τας
2411 3241 2491 3302 είς
2524 3240 2625 3309 τὴν
2671 3239 2849 3293 οίκίαν
2882 3234 3032 3293 εἷλκε
3065 3239 3166 3311 τὴν
3205 3240 3425 3306 ἑαυτοῦ,
3468 3241 3640 3303 αὐτὸς
3679 3243 3737 3294 δὲ
3777 3244 3870 3295 καὶ

2265 3328 2356 3380 τὸν
2392 3327 2500 3383 ἔσω
2540 3329 2794 3398 κείμενον
2830 3329 3114 3401 παρεώρα.
3161 3331 3314 3382 Διατί
3349 3331 3405 3383 δὲ
3469 3331 3548 3401 μὴ
3587 3333 3730 3400 πρὸς
3783 3337 3873 3387 τὶιν

2265 3421 2518 3491 Λάζαρον
2597 3423 2877 3477 ἀποτείνει
2966 3423 3059 3475 τὸν
3120 3422 3298 3491 λόγον,
3365 3423 3504 3477 ἀλλὰ
3579 3427 3725 3493 πρὸς
3780 3429 3873 3480 τὸν

2278 3509 2558 3582 Ἀὖραάμ;
2606 3513 2899 3582 ᾙσχύνετο
2933 3513 3064 3578 ἴσως
3098 3530 3110 3544 ⁸
3148 3513 3369 3584 ἐνόμιζε
3405 3516 3515 3586 γάρ
3556 3519 3725 3587 τυχῦν
3778 3521 3873 3572 καὶ

2269 3606 2628 3673 μνησικακεῖν
2659 3604 2748 3656 τὸν
2788 3605 3066 3676 Λάζαρον,
3119 3607 3220 3660 καὶ
3250 3609 3314 3661 ὲκ
3360 3609 3469 3660 τῶν
3505 3611 3633 3663 καθ’
3669 3613 3871 3665 ἑαυτὸν

2264 3694 2447 3766 ἔκρινε
2497 3698 2590 3750 καὶ
2637 3697 2703 3751 τὰ
2739 3696 2833 3749 τοῦ
2869 3699 3154 3770 Λαζάρου.
3205 3701 3266 3752 Ei
3298 3701 3409 3772 γὰρ
3437 3704 3550 3770 ἐγὼ
3594 3707 3873 3776 τοσαύτης

2267 3788 2562 3843 ἀπολαύων
2616 3791 2940 3860 εὐημερίας,
2996 3793 3305 3864 παρεώρων
3354 3795 3521 3848 αὑτὸν
3573 3799 3871 3862 τοσούτοις

2265 3883 2454 3944 κακοῖς
2508 3882 3036 3951 στενοχωρούμενον,
3090 3884 3185 3936 καὶ
3233 3886 3355 3938 οὐδὲ
3411 3887 3616 3958 ψιχίων
3652 3891 3871 3959 μετεδί-

2264 3973 2410 4036 δουν,
2443 3972 2622 4043 πολλῷ
2657 3975 2860 4042 μᾶλλον
2917 3975 3082 4038 αὐτὸς
3112 3977 3140 4028 ὁ
3180 3979 3629 4048 καταφρονηθεὶς
3666 4001 3867 4052 μνησιο

2265 4065 2519 4134 κακήσει,
2565 4065 2659 4118 καὶ
2709 4067 2809 4119 οὐκ
2853 4068 3129 4120 ἐπινεύσει
3171 4067 3359 4124 δοῦναι
3394 4072 3498 4141 τὴν
3531 4074 3734 4145 κχάριν.
3773 4080 3868 4128 Διά

2262 4155 2420 4209 τοῦτο
2483 4157 2620 4227 πρὸς
2672 4158 2766 4210 τὸν
2837 4158 3094 4229 Ἀδραάμ
3152 4163 3388 4215 ποιεῖται
3439 4163 3575 4228 τοὺς
3641 4166 3863 4235 λόγους.

2275 4249 2521 4319 Ἐνόμιζε
2561 4251 2671 4321 γὰρ
2722 4252 2940 4334 ἀγνοεῖν
2976 4252 3070 4304 τὸν
3121 4255 3473 4325 πατριάρχην
3520 4257 3591 4311 τὰ
3628 4276 3864 4333 γεγενη-

2268 4344 2422 4411 μένα.
2456 4344 2520 4396 Τί
2568 4339 2662 4397 οὖν
2701 4344 2951 4410 ἐκεῖνος;
2996 4346 3096 4397 οὐκ
3131 4343 3308 4399 εἶπεν·
3364 4347 3742 4420 Ἀπένθρωπε
3774 4353 3867 4406 καὶ

2265 4433 2404 4502 ὼμὲ,
2452 4435 2551 4487 οὐκ
2600 4436 2874 4506 αἰσχύνῃ;
2932 4437 3347 4508 φιλανθρωπίας
3391 4440 3488 4495 νῦν
3541 4444 3862 4515 μέμνησαις

2265 4525 2401 4577 ἀλλὰ
2437 4526 2552 4589 πῶς
2578 4544 2592 4592 ;
2622 4529 2843 4582 Τέκνον.
2879 4529 3023 4599 ’Ὅρα
3054 4532 3314 4601 συμπαθῆ
3335 4534 3426 4584 καὶ
3460 4533 3628 4601 ἁγίαν
3651 4538 3858 4608 ψυχήνο

2265 4618 2399 4684 φησι
2429 4619 2535 4688 γὰρ
2568 4619 2658 4670 καί
2689 4637 2771 4682 τις
2809 4619 2970 4686 σοφός
2991 4636 3004 4650 ο
3037 4620 3228 4691 Ψυχὴν
3268 4627 3756 4698 τεταπεινωμένην
3790 4633 3863 4699 μὴ

2266 4711 2671 4784 προσταράξῃς.
2718 4713 2817 4765 Διὰ
2847 4713 3009 4766 τοῦτο
3048 4716 3145 4767 καὶ
3191 4715 3375 4780 αὐτὸς,
3415 4718 3634 4785 τέκνον,
3674 4723 3861 4791 φησὶν,

2265 4803 2634 4872 αἰνιττόμενος
2665 4804 2753 4858 διά
2778 4806 2994 4873 τούτου,
3026 4808 3108 4859 ὅτι
3137 4808 3267 4879 ἄχρι
3306 4809 3499 4863 τούτου
3535 4814 3687 4868 ἐστὶν
3713 4813 3862 4885 αὐτῷ

2268 4894 2548 4963 ήὲξουσίσ
2599 4895 2692 4949 τοῦ
2748 4897 3013 4966 ὀνομάσαι
3059 4900 3222 4952 αὐτὸν
3257 4900 3431 4966 οὔτως
3483 4903 3713 4972 ἱλαρῶς,
3767 4924 3862 4959 πε-

2272 4988 2507 5056 ραιτέρω
2537 4989 2592 5040 ἐι
2641 4988 2853 5050 οὐδενὸς
2901 4990 3225 5055 ἐξουσιάζει.
3261 4984 3336 5045 Οὗ
3392 4993 3502 5062 ἔχω
3544 4995 3736 5048 τούτου
3783 5014 3858 5048 σοι

2271 5080 2624 5149 μεταδίδωμι,
2661 5081 2984 5150 συμπαθοῦς
3016 5084 3222 5152 φωνῆς,
3269 5085 3329 5137 τὸ
3371 5085 3429 5137 δὲ
3456 5087 3712 5139 ἐντεῦθεν
3751 5091 3864 5141 ἐκεῖ

2271 5172 2620 5241 μεταϐαίνειν
2663 5173 2761 5239 οὐχ
2796 5175 3086 5244 ἡμέτερον·
3122 5176 3378 5246 ἐκλείσθη
3421 5179 3530 5249 γὰρ
3563 5180 3630 5231 τὰ
3666 5184 3856 5235 πάντα.

2266 5262 2373 5317 Καὶ
2407 5268 2470 5319 σὺ
2507 5267 2606 5335 μὲν
2641 5266 2914 5330 ἀπέλαϐες
2959 5267 3028 5319 τὰ
3066 5269 3248 5335 ἀγαθά
3305 5288 3424 5333 σου,
3459 5275 3674 5337 ἐκεῖνος
3708 5276 3762 5326 δὲ
3794 5278 3856 5324 τὰ

2269 5356 2434 5407 κακά.
2477 5356 2633 5418 Τίνος
2686 5356 2743 5406 δὲ
2803 5357 2992 5408 ἕνεκεν
3042 5358 3142 5409 οὐκ
3197 5355 3372 5427 εἶπεν,
3409 5359 3669 5426 Ἐλαὸες,
3722 5365 3854 5422 ἀλλ’,

2281 5449 2613 5514 ’Λπέλαϐες;
2659 5450 2721 5501 [ὸ
2759 5449 2868 5518 γὰρ
2904 5451 3203 5503 ἀπολαϐεῖν
3234 5456 3325 5504 ἐπὶ
3369 5455 3479 5507 τῶν
3527 5458 3858 5526 ὑποδεχομέ-

2269 5558 2373 5593 νων
2413 5541 2554 5611 ἆπερ
2585 5541 3012 5610 ὲχρεωστοῦντο,
3058 5543 3239 5611 λέγειν
3296 5545 3590 5616 εἰώθαμεν.
3653 5551 3715 5601 Τί
3770 5549 3855 5600 ὠν

2273 5635 2651 5704 μανθάνομεν;
2690 5636 2811 5686 ’Ὁτι
2845 5636 2947 5686 κᾶν
2992 5639 3178 5706 μιαροξ
3239 5656 3380 5701 τινες
3432 5637 3566 5703 εἷεν,
3624 5645 3729 5693 κᾶν
3781 5643 3854 5700 εἰς

2267 5731 2489 5796 ἔσχατον
2539 5723 2738 5785 κακίας
2786 5724 3156 5793 ἐληλακότες,
3223 5727 3489 5791 πολλάκις
3663 5749 3710 5781 τι
3765 5747 3850 5781 και
