4030 6432
213 371 318 434 977

1010 372 1463 436 ENAllllA'l‘lO
1512 373 1591 432 IN
1637 370 2144 434 EVANGELIUM
2182 368 2419 432 LUC'E.
2449 396 2514 404 -
2545 367 2706 428 CAP.
2746 363 2898 425 XVI.

3409 359 3516 421 978

213 487 309 539 δυο
349 488 675 556 εἰργάσαντο
705 484 908 555 ἀγαθά.
943 485 1112 539 ’Ὅθεν
1162 486 1259 540 καὶ
1305 483 1471 546 αὐτὸς
1523 482 1665 553 ἔχων
1695 481 1817 535 τινὰ

1946 498 2020 537 'us
2054 481 2214 535 mala.
2250 478 2526 536 Fortassis
2556 475 2704 532 enim
2736 483 2790 530 ct
2821 473 2911 528 ille
2938 486 3105 528 unum
3137 471 3218 526 vel
3250 471 3356 526 duo
3389 471 3530 523 mala

213 579 399 647 ἀγαθά
422 581 510 633 διὰ
539 581 637 650 τῆς
673 581 732 633 ὲν
776 579 914 649 τῷδε
941 579 1020 648 τῷ
1052 577 1153 646 βίῳ
1183 575 1490 646 εὐημερίας
1523 575 1622 646 τὴν
1652 575 1814 645 ἀμοι-

217 673 321 743 ϐὴν
360 673 679 741 δεξάμενος,
737 671 1039 725 ἀπολαϐεῖν
1088 668 1264 723 ταῦτα
1313 668 1557 736 λέγεται·
1613 667 1817 737 ὁμοίως

212 765 268 817 δὲ
308 766 402 817 καὶ
429 767 456 816 6
487 765 740 835 Λάζαρος
770 765 839 818 τά
875 764 1046 819 κακά.
1089 763 1251 826 ’Ὶσως
1284 762 1394 832 γὰρ
1433 761 1531 813 καὶ
1562 753 1720 824 οὗτος
1759 760 1818 813 ἓν

213 859 246 928 ἢ
277 857 370 910 δύο
404 856 699 927 εἰργάσατο
732 859 902 916 κακὰ,
936 857 1033 910 καὶ
1077 854 1168 908 διὰ
1206 855 1308 922 τῆς
1360 853 1575 924 ὀδύνης,
1631 847 1700 925 ἦς
1731 853 1818 906 ὲν-

211 949 390 1002 ταῦθα
422 949 738 1020 ὑπέμεινεν,
785 949 1029 1004 ἀπέλαϐε
1079 949 1178 1018 τήν
1229 947 1386 1013 ἀξίαν
1422 946 1662 1016 ἀμοιϐήν
1695 945 1817 999 τού-

210 1059 343 1096 των.
371 1042 461 1096 Διὸ
493 1045 891 1113 παρακαλεῖται
923 1044 1022 1114 μὲν
1047 1036 1228 1107 οὗτος,
1262 1042 1516 1096 ὀδυνᾶσαι
1544 1040 1600 1094 δὲ
1625 1039 1711 1094 σύ.
1746 1039 1820 1094 Τὸ

211 1134 270 1186 δὲ
320 1135 510 1205 χάσμα
551 1137 704 1204 δηλοῖ
733 1136 832 1208 τὴν
877 1137 989 1189 τῶν
1027 1136 1256 1190 δικαίων
1293 1135 1430 1205 πρὸς
1464 1133 1594 1197 τοὺς
1628 1133 1817 1204 ἁμαρ-

209 1225 418 1288 τωλοὺς
444 1226 725 1280 διάστασιν
785 1229 878 1281 καὶ
908 1227 1198 1296 διαφοράν.
1244 1226 1460 1297 Ὠσπερ
1487 1224 1596 1296 γὰρ
1628 1215 1722 1278 καὶ
1763 1223 1819 1276 αἱ

211 1318 565 1388 προαιρέσεις
621 1320 804 1375 αὐτῶν
866 1320 1119 1390 διάφοροι
1169 1315 1336 1391 ἦσαν,
1393 1318 1538 1372 οὓτω
1600 1317 1697 1372 καὶ
1763 1317 1820 1372 αί

216 1407 384 1474 μοναὶ
428 1406 631 1478 πολλὴν
661 1411 762 1479 τὴν
813 1410 1122 1464 ἀπόστασιν
1174 1409 1415 1481 ἔχουσιν,
1473 1409 1710 1462 ἑκάστου
1753 1408 1824 1464 τὰ

214 1495 531 1566 κατάλληλα
576 1501 640 1569 τῇ
699 1500 1021 1570 προαιρέσει
1087 1502 1184 1555 καὶ
1233 1503 1310 1572 τῷ
1359 1501 1460 1571 βίῳ
1495 1499 1822 1570 ἀπολαμϐά-

213 1603 421 1650 νοντος.
454 1589 769 1660 Σημείωσαι
791 1593 848 1644 δὲ
877 1591 1132 1645 ἐντεῦθεν
1175 1593 1425 1664 πόρισμά
1453 1611 1506 1645 τι
1533 1591 1678 1647 κατὰ
1710 1592 1822 1645 τῶν

227 1678 650 1751 Ὠριγενιαστῶν
669 1685 973 1754 λεγόντων,
1012 1687 1097 1741 ὅτι
1127 1687 1280 1752 τέλος
1317 1687 1552 1759 ἐχούσης
1583 1687 1684 1758 τῆς
1724 1705 1820 1740 κο-

211 1772 428 1838 λάσεως
459 1775 614 1829 ἔσται
646 1779 862 1847 καιρὸς,
887 1779 977 1833 ὅτε
1020 1780 1068 1832 οἱ
1101 1781 1421 1851 ἁμαρτωλοὶ
1451 1779 1821 1851 ἑνωθήσονται

212 1870 324 1930 τοῖς
359 1869 612 1934 δικαίοις,
665 1873 759 1925 καὶ
807 1872 888 1943 τῷ
921 1873 1065 1944 Θεῷ,
1108 1875 1205 1928 καὶ
1247 1874 1422 1938 οὕτως
1459 1875 1531 1928 τὰ
1559 1875 1739 1929 πάντα
1769 1876 1826 1928 ὲν
1860 1855 1903 1915 Β

212 1963 348 2014 πᾶσι
407 1963 638 2033 γένηται
696 1967 724 2018 6
783 1967 941 2030 Θεός.
1025 1967 1159 2020 ’ἰδοὺ
1227 1969 1338 2037 γὰρ
1389 1965 1667 2037 ἀκούομεν
1729 1965 1824 2022 τοῦ

227 2052 486 2124 ’Λϐραάμ
535 2054 807 2124 λέγοντος,
842 2058 994 2122 ὅπως
1036 2059 1084 2112 oi
1139 2058 1459 2130 βουλόμενοι
1494 2058 1649 2113 ἐνθεν
1685 2059 1823 2131 πρὸς

215 2147 383 2216 ὑμᾶς,
423 2149 456 2218 ἢ
496 2149 710 2203 ἐκεῖθεν
741 2151 1001 2223 διαϐῆναι
1034 2155 1174 2224 πρὸς
1226 2155 1374 2224 ήμᾶς
1412 2154 1488 2224 μὴ
1535 2152 1824 2209 δύνωνται.

217 2238 435 2311 Ὥσπερ
476 2238 573 2295 οὖν
615 2243 880 2298 ἀδύνατον
933 2249 998 2299 ἐκ
1045 2246 1146 2316 τῆς
1193 2247 1404 2318 λήξεως
1453 2245 1563 2299 τῶν
1601 2246 1828 2301 δικαίων

217 2334 526 2405 μεταϐῆναί
552 2354 674 2390 τινα
701 2339 782 2402 είς
804 2339 895 2392 τὸν
923 2341 1088 2394 τόπον
1111 2341 1219 2395 τῶν
1254 2340 1624 2412 ἁμαρτωλῶν,
1653 2340 1826 2404 οὕτως

216 2424 506 2491 ἀδύνατον,
546 2430 692 2498 ἡμᾶς
723 2430 969 2484 διδάσκει
1015 2432 1294 2503 Ἀϐραάμ,
1327 2432 1388 2485 τὸ
1423 2432 1731 2504 μεταϐῆναι
1765 2435 1830 2486 ὲκ

217 2518 310 2570 τοῦ
336 2519 506 2572 τόπου
535 2521 632 2590 τῆς
669 2522 950 2587 κολάσεως
994 2525 1073 2587 είς
1109 2524 1201 2578 τὸν
1229 2525 1397 2580 τόπον
1431 2525 1542 2580 τῶν
1578 2526 1825 2581 δικαίων.

229 2608 492 2683 Ἀϐραὰμ
543 2613 599 2665 δὲ
646 2614 1103 2688 ἀξιοπιστότερος
1151 2619 1325 2689 δήπου
1390 2619 1726 2692 Ὠριγένους.
1764 2620 1831 2672 Τί

216 2701 277 2755 δὲ
316 2707 344 2757 6
390 2704 565 2775 ᾆδης;
604 2707 667 2760 Ol
706 2709 806 2778 μὲν
840 2709 1004 2764 αὐτόν
1032 2728 1165 2780 φασι
1196 2712 1376 2784 χῶρον
1409 2713 1670 2776 ὑπόγειον
1703 2731 1830 2767 σκο-

217 2792 423 2856 τεινὸν,
461 2796 512 2847 oi.
546 2796 604 2849 δὲ
636 2799 737 2868 τὴν
780 2799 890 2853 ἀπὸ
918 2801 1015 2853 τοῦ
1067 2801 1349 2872 ἐμφανοῦς
1383 2805 1465 2867 εἰς
1514 2803 1573 2857 τὸ
1623 2804 1830 2872 ἀφανὲς

217 2887 318 2940 καὶ
342 2888 519 2952 ἀειδὲς
546 2892 882 2960 μετάστασιν
903 2895 1005 2966 τῆς
1029 2894 1209 2968 ψυχῆς
1237 2897 1372 2968 ᾅδην
1401 2897 1633 2968 ἔφασαν.
1666 2898 1832 2968 Ἀχρι

221 2981 326 3052 μὲν
357 2982 466 3054 γὰρ
500 2985 558 3037 ὲν
594 2985 810 3056 σώματί
839 2990 987 3043 ἐστιν
1023 2992 1055 3060 ή
1101 2991 1274 3060 ψυχὴ,
1308 2992 1564 3059 φαίνεται
1598 2991 1689 3044 διὰ
1723 2991 1832 3045 τῶν

218 3077 443 3131 οἶκείων
473 3080 789 3150 ἐνεργειῶν,
841 3086 1160 3153 μεταστᾶσα
1189 3084 1244 3136 δὲ
1282 3084 1375 3138 τοῦ
1427 3085 1685 3157 σώματος
1717 3086 1833 3140 ἀει-

218 3169 320 3240 δής
373 3170 630 3238 γίνεται·
668 3173 829 3226 τοῦτο
878 3175 1011 3244 γοῦν
1072 3175 1284 3245 ἔφασαν
1334 3173 1477 3232 εἶναι
1526 3177 1619 3233 τὸν
1673 3178 1830 3250 ᾅδην.

221 3262 475 3326 Κόλπους
525 3264 583 3317 δὲ
645 3265 923 3340 Ἀϐραὰμ,
983 3271 1083 3341 τήν
1132 3270 1399 3342 περιοχὴν
1455 3271 1566 3328 τῶν
1610 3272 1836 3342 ἀγαθῶν

221 3355 334 3410 τῶν
370 3358 757 3430 ἀποκειμένων
806 3365 920 3426 τοῖς
953 3363 1209 3431 δικαίοις,
1261 3367 1372 3429 τοῖς
1415 3366 1524 3419 ἀπὸ
1557 3365 1726 3438 ζάλης
1757 3367 1838 3431 είς

220 3449 454 3516 λιμένας
480 3457 892 3525 καταντήσασιν
948 3457 1259 3528 οὐρανίους.
1309 3458 1467 3512 Ἐπεὶ
1501 3461 1598 3513 καὶ
1647 3461 1705 3514 ὲν
1739 3461 1840 3514 θα-

222 3541 400 3615 λάσσῃ
442 3547 694 3611 κόλπους
730 3548 1004 3619 εἰώθαμεν
1054 3549 1246 3603 καλεῖν
1296 3550 1425 3616 τοὺς
1479 3551 1841 3622 λιμενοειδεῖς

1921 575 2308 639 commiserat,
2341 581 2395 629 et
2433 580 2722 643 propterea
2757 568 3001 624 dolorem
3036 566 3186 620 illum
3223 566 3532 625 sustinens,

1923 670 2140 738 dignam
2185 666 2348 722 factis
2385 665 2694 721 mercedem
2750 662 2976 732 recepit.
3023 660 3174 716 Unde
3204 659 3533 714 consolatio»

1925 781 2046 822 ncm
2086 767 2248 822 habet
2283 765 2396 831 ille,
2452 775 2506 818 tu
2544 778 2672 818 vero
2709 761 3000 818 cruciaris.
3040 759 3214 814 Porro
3242 757 3429 813 hiatus
3465 759 3535 812 si--

1922 862 2146 931 gnificat
2177 858 2496 914 distantiam
2526 867 2582 911 et
2615 855 2983 911 differentiam
3019 853 3294 923 justorum
3323 859 3378 904 et
3406 866 3536 918 pec-

1923 961 2191 1007 catorum.
2227 950 2361 1006 Nam
2396 950 2540 1005 sicut
2583 949 2894 1002 voluntates
2923 961 3114 1001 eorum
3158 945 3386 998 diversa:
3422 941 3538 996 fuc-

1924 1052 2070 1109 runt,
2125 1045 2197 1098 ita
2248 1053 2305 1098 et
2353 1043 2672 1096 mansiones
2728 1044 2959 1094 multant
3014 1038 3160 1092 inter
3206 1049 3266 1090 se
3309 1035 3537 1098 distant,

1925 1150 2258 1205 unoquoque
2301 1136 2601 1204 recipiente
2629 1147 2694 1188 ea
2729 1148 2849 1202 qua:
2877 1131 3002 1185 vitae
3029 1139 3084 1184 et
3124 1129 3392 1183 voluntati
3427 1143 3538 1182 sua:

1923 1239 2252 1299 congruunt.
2287 1226 2528 1283 Observa
2563 1237 2746 1281 autem
2787 1225 2893 1280 hoc
2917 1225 3039 1279 loco
3068 1233 3258 1277 contra
3288 1221 3541 1289 Origeni-

1926 1331 2039 1379 stas
2069 1321 2318 1379 dicentes
2349 1321 2493 1392 quod
2531 1331 2748 1391 tempus
2774 1319 2882 1373 erit
2909 1331 3018 1388 quo
3047 1317 3313 1371 finientur
3340 1314 3540 1382 impio-

1927 1432 2050 1473 rum
2082 1416 2372 1488 supplicia,
2404 1421 2459 1469 et
2485 1423 2807 1484 peccatores
2838 1428 2962 1468 cum
3003 1411 3170 1478 justis
3207 1407 3545 1478 coniungen-

1928 1519 2038 1574 tur,
2072 1519 2126 1564 et
2151 1510 2232 1565 sic
2261 1507 2449 1564 omnia
2497 1509 2552 1561 in
2589 1506 2844 1561 omnibus
2873 1505 2977 1559 erit
3011 1504 3177 1558 Deus.
3215 1499 3356 1555 Ecce
3396 1500 3543 1554 enim

1928 1603 2186 1658 audimus
2209 1599 2487 1655 Abraham
2518 1598 2789 1654 dicentem
2821 1597 2965 1666 quod
3001 1593 3052 1648 hi
3081 1594 3173 1663 qui
3201 1592 3389 1647 volunt
3419 1591 3545 1644 hinc

1928 1699 1994 1751 ad
2029 1712 2146 1760 vos,
2169 1695 2253 1751 vel
2284 1693 2434 1748 illinc
2465 1694 2531 1747 ad
2566 1707 2663 1746 nos
2697 1691 2954 1754 transire,
2993 1704 3100 1743 non
3154 1688 3387 1758 possint.
3425 1684 3549 1739 Sic-

1931 1795 1989 1840 ut
2041 1787 2207 1858 igitur
2274 1783 2616 1856 impossibile
2665 1791 2756 1837 est
2810 1797 2875 1836 ex
2937 1781 3224 1836 mansione
3270 1780 3547 1850 justorum

1932 1879 2247 1950 quempiam
2286 1877 2526 1932 transire
2568 1877 2620 1930 in
2658 1875 2836 1930 locum
2875 1882 3226 1944 peccatorum
3266 1911 3280 1936 ,
3324 1873 3397 1926 ita
3449 1871 3550 1924 im-

1931 1971 2192 2043 possibile
2213 1981 2316 2035 est,
2353 1981 2413 2025 ut
2437 1983 2536 2024 nos
2557 1968 2722 2024 docet,
2754 1966 3058 2026 Abraham,
3095 1965 3336 2019 transire
3369 1981 3396 2016 a
3430 1963 3553 2016 lout

1931 2078 2109 2134 pinna:
2142 2063 2194 2117 in
2247 2062 2428 2117 locum
2469 2059 2768 2130 jus-torum.
2821 2057 3100 2112 Abraham
3151 2072 3285 2111 sane
3330 2056 3434 2111 fide
3471 2056 3553 2108 di—

1934 2159 2096 2222 gnior
2157 2163 2263 2220 est,
2323 2169 2487 2224 quam
2530 2151 2816 2222 Origines.
2876 2150 3015 2217 Quid
3081 2159 3266 2204 autem
3325 2161 3409 2204 est
3475 2149 3556 2202 in-

1933 2249 2160 2304 fernus?
2204 2247 2437 2314 Quidam
2491 2247 2686 2300 dicunt
2730 2261 2850 2300 esse
2904 2244 3081 2298 locum
3129 2244 3552 2297 subterraneum

1935 2343 2314 2397 tenebrosum.
2369 2339 2474 2394 Alii
2538 2348 2719 2393 autem
2775 2337 3069 2392 transitum
3118 2337 3316 2390 anitum
3375 2352 3404 2388 a
3471 2335 3553 2388 lu-

1935 2434 2061 2490 cido
2137 2434 2191 2490 in
2253 2436 2554 2509 obscurum
2609 2441 2663 2488 ct
2753 2431 3103 2486 tenebrosum
3197 2430 3385 2483 dicunt
3475 2429 3557 2482 in-

1935 2528 2171 2584 fernum.
2253 2517 2532 2594 Quandiu'
2579 2525 2748 2598 420
2823 2525 2968 2579 enim
3049 2524 3101 2577 in
3173 2537 3408 2592 oorpore
3473 2532 3557 2576 est

1936 2621 2142 2686 anima,
2207 2631 2434 2690 apparet
2489 2628 2712 2687 propter
2742 2615 3098 2685 operationos
3144 2628 3274 2669 suas
3321 2630 3333 2666 :
3402 2618 3555 2681 post-

1937 2728 2101 2784 quam
2140 2724 2322 2766 autem
2356 2727 2386 2766 a
2433 2724 2667 2777 corpore
2700 2708 3080 2778 emigraverit,
3129 2705 3423 2761 invisibilis
3478 2706 3556 2756 tit.

1939 2805 2052 2861 Hoc
2094 2806 2264 2876 igitur
2319 2805 2582 2860 dixerunt
2632 2818 2759 2859 esse
2814 2800 3114 2857 infernum.
3171 2801 3338 2857 Sinus
3373 2807 3555 2852 autem

1935 2897 2171 2953 Abraha:
2203 2907 2399 2952 vocant
2429 2895 2828 2952 continentiam
2867 2897 3134 2950 bonorum
3163 2907 3286 2962 quae
3316 2892 3558 2961 reposita

1938 2997 2065 3044 sunt
2106 2989 2293 3060 justis,
2335 2987 2428 3059 qui
2485 3004 2512 3041 a
2561 2996 2888 3058 tempestate
2937 2986 3101 3056 hujus
3147 2985 3318 3040 maris
3373 2984 3560 3054 ingre-

1938 3083 2170 3138 diuutur
2208 3085 2262 3138 in
2298 3091 2487 3153 portus
2527 3081 2784 3142 cwlestes
2837 3098 2850 3135 :
2890 3080 3154 3150 quoniam
3208 3088 3265 3133 et
3314 3078 3367 3133 in
3423 3094 3557 3131 tnar.

1942 3176 2095 3232 sinus
2128 3174 2469 3247 appellamus
2501 3173 2619 3230 loca
2673 3173 2943 3244 portubus
2981 3180 3036 3227 et
3074 3171 3246 3242 quieti
3281 3183 3432 3240 apta.
3469 3171 3565 3224 At-

1949 3267 2111 3324 tende
2157 3268 2248 3323 hic
2279 3270 2424 3338 quod
2461 3268 2514 3322 in
2548 3267 2636 3322 die
2665 3265 2754 3321 illo
2781 3265 2874 3336 qui
2912 3265 3076 3326 alium
3122 3262 3321 3334 injuria
3358 3263 3564 3326 aﬂecit,

1950 3361 2159 3416 videbit
2203 3361 2404 3432 injuria
2448 3360 2706 3416 affectum
2747 3360 2802 3414 in
2855 3359 3000 3426 quali
3036 3351 3208 3429 gloria
3258 3359 3349 3422 sit,
3385 3369 3442 3412 ct
3479 3357 3567 3412 hic

1956 3455 2154 3510 iterum
2185 3453 2338 3508 illum
2383 3456 2436 3509 in
2481 3463 2685 3524 quanta
2723 3451 3185 3509 condemnatione
3237 3469 3249 3507 :
3286 3452 3434 3508 sicut
3466 3451 3569 3505 hoc

1956 3553 2077 3608 loco
2110 3552 2260 3607 dives
2290 3548 2590 3613 Lazarum,
2632 3559 2686 3602 et
2718 3546 2965 3600 Lazarus
2996 3546 3247 3601 divitem.

224 3637 323 3690 καὶ
351 3639 805 3711 ἀναπαυτηρίους
835 3644 1058 3706 τύπους.
1087 3645 1410 3715 Σημείωσαι
1442 3645 1499 3699 δὲ
1523 3647 1622 3699 καὶ
1681 3645 1865 3713 τοῦτο,
1907 3647 1991 3701 ὅτι
2029 3647 2088 3700 ὲν
2123 3647 2191 3715 τῇ
2235 3643 2423 3716 ἡμέρᾳ⁴
2463 3643 2653 3714 ἐκείνη
2709 3642 2737 3693 6
2822 3641 3030 3695 ἀδικῶν
3069 3639 3160 3694 τὸν
3203 3640 3571 3712 ἀδικούμενον

221 3730 438 3798 ὄψεται,
475 3735 532 3786 ὲν
567 3735 698 3807 ποίᾳ
740 3737 870 3808 δόξῃ
903 3738 1044 3805 ἐστὶ,
1086 3741 1181 3792 καὶ
1223 3733 1379 3804 οὗτος
1410 3737 1479 3794 αὖ
1533 3739 1745 3797 ἐκεῖνον
1812 3743 1871 3796 ὲν
1945 3742 2080 3813 ποίᾳ
2130 3739 2487 3810 κατακρίσει,
2541 3732 2734 3809 ὥᾶητερ
2788 3733 3027 3790 ἐνταῦθα
3073 3737 3100 3787 6
3156 3735 3420 3799 πλούσιος
3471 3737 3567 3790 τὸν

225 3827 505 3898 Λάζαρον,
539 3829 634 3882 καὶ
659 3826 815 3895 οὗτος
848 3834 1013 3889 πάλιν
1048 3835 1139 3888 τὸν
1169 3836 1450 3892 πλούσιον.

308 3940 326 3972 ι
361 3919 532 3975 Ἐῐπε
558 3923 615 3976 δέ
643 3940 657 3954 ⁶
699 3925 925 3996 Ἐρωτῶ
957 3927 1056 3982 οὖν
1108 3946 1192 3996 σε,
1227 3932 1429 4002 πάτερ,
1477 3932 1566 3988 ἵνα
1619 3933 1847 4006 πέμψῃς

220 4011 393 4068 αὐτὸν
433 4015 512 4077 είς
548 4014 638 4069 τὸν
664 4015 816 4071 οἷκον
841 4020 937 4072 τοῦ
974 4023 1182 4094 πατρός
1219 4040 1344 4093 μου·
1381 4023 1492 4094 ἔχω
1524 4025 1634 4097 γὰρ
1685 4026 1845 4080 πέντε

223 4105 518 4174 ἀδελφοὺς,
560 4108 710 4174 ὅπως
741 4111 1194 4186 διαμαρτύρηται
1229 4118 1436 4183 αὐτοῖς,
1474 4119 1564 4172 ἵνα
1617 4119 1696 4190 μή
1750 4123 1846 4173 καὶ

223 4196 389 4250 αὐτοὶ
428 4197 657 4253 ἔλθωσιν
717 4203 797 4266 εἰς
841 4203 933 4259 τὸν
975 4205 1141 4260 τόττον
1189 4209 1381 4262 τοῦτον
1435 4213 1533 4280 τῆς
1582 4211 1848 4282 βασάνου.

223 4290 397 4357 Λέγει
426 4291 576 4364 αύτῷ
619 4295 891 4367 Ἀϐραάμ·
925 4297 1154 4367 Ἔχουσι
1191 4301 1396 4355 Μωσέα
1433 4303 1530 4358 καὶ
1555 4305 1680 4368 τοὺς
1712 4323 1848 4380 προ-

224 4385 434 4451 φήτας,
498 4385 892 4442 ἀκουσάτωσαν
945 4392 1149 4450 αὐτῶν.
1215 4394 1274 4448 Ὀ
1326 4395 1381 4449 δὲ
1434 4391 1610 4451 εἶπεν·
1673 4401 1844 4471 Οὐχὶ,

225 4477 414 4546 πάτερ
481 4479 756 4552 Ἀϐραὰμ,
806 4484 923 4538 ἀλλ’
972 4486 1069 4538 ὲάν
1116 4505 1200 4552 τις
1247 4489 1311 4543 ὲκ
1349 4492 1565 4562 νεκρῶν
1597 4495 1843 4566 πορευθῇ

2033 3930 2196 3988 Vens.
2234 3909 2430 3983 9.7-3l.
2473 3946 2490 3978 ι
2529 3927 2628 3981 Ait
2657 3934 2840 3981 autem
2879 3945 2891 3980 :
2928 3925 3079 3997 Rogo
3113 3939 3243 3994 ergo
3277 3933 3349 3990 te,
3401 3933 3576 3993 pater,

1958 4038 2016 4082 u‘t
2049 4028 2236 4082 mittas
2287 4040 2412 4080 eum
2444 4024 2497 4079 in
2539 4025 2762 4080 domum
2796 4023 2968 4093 patris
3019 4023 3124 4078 mei
3170 4043 3180 4075 :
3225 4021 3398 4076 habeo
3431 4021 3575 4074 enim

1957 4124 2206 4191 quinque
2237 4118 2436 4174 fratres
2470 4135 2482 4172 :
2511 4126 2569 4172 ut
2601 4126 2834 4172 testetur
2869 4117 3001 4183 illis,
3038 4133 3104 4170 ne
3132 4125 3188 4171 ct
3221 4115 3323 4186 ipsi
3354 4114 3578 4170 veniant

1959 4217 2012 4269 in
2040 4216 2183 4269 hunc
2219 4212 2400 4268 locum
2433 4210 2731 4266 cruciatus.
2771 4210 2860 4265 Ait
2886 4210 2964 4269 illi
3008 4209 3287 4263 Abraham
3318 4226 3332 4262 :
3367 4208 3579 4263 llahent

1961 4309 2150 4365 Mosen
2216 4324 2280 4364 ac
2332 4307 2649 4378 prophetas,
2684 4307 2911 4361 audiant
2961 4305 3104 4362 illos.
3160 4310 3230 4360 At
3259 4304 3349 4359 illc
3389 4304 3528 4359 dixit
3565 4320 3576 4357 :

1957 4403 2097 4467 Non,
2125 4411 2285 4473 pater
2315 4401 2620 4466 Abraham,
2663 4399 2759 4456 sed
2816 4399 2860 4454 si
2899 4399 3026 4468 quis
3065 4413 3131 4453 ex
3172 4399 3406 4452 mortuis
3456 4397 3573 4451 ierit

1956 4498 2022 4554 ad
2072 4511 2191 4563 eos,
2237 4495 2584 4566 resipiscent.
2643 4494 2736 4548 Ait
2768 4503 2952 4547 autem
2997 4491 3072 4547 illi
3128 4509 3141 4544 ι
3196 4492 3252 4547 Si
3299 4491 3485 4546 Mosen
3527 4502 3580 4546 et

226 4571 373 4642 πρὸς
425 4574 644 4639 αὐτοὺς,
716 4582 1170 4649 μετανοήσουσιν.
1235 4579 1372 4637 Εἶπε
1429 4585 1486 4637 δὲ
1547 4587 1719 4660 αὐτῷ*
1775 4589 1835 4642 ΕΞ

1954 4591 2250 4661 prophetas
2295 4603 2403 4643 non
2443 4589 2693 4654 audiunt,
2747 4603 2925 4656 neque
2963 4587 3010 4641 si
3062 4586 3189 4656 quis
3230 4600 3296 4641 ex
3341 4587 3580 4640 mortuis

226 4665 484 4732 Μωσέως
535 4671 630 4722 καὶ
693 4672 805 4725 τῶν
853 4675 1156 4744 προφητῶν
1214 4679 1316 4730 οὐκ
1367 4679 1686 4747 ἀκούουσιν,
1726 4683 1850 4736 οὐδὲ

228 4760 335 4814 ἐάν
365 4777 451 4824 τις
501 4763 565 4816 ὲκ
599 4765 818 4835 νεκρῶν
860 4767 1093 4839 ἀναστῇ,
1140 4772 1556 4843 πεισθήσονται.
1612 4793 1630 4826 ι
1687 4777 1850 4830 Ἀπο-

226 4852 424 4923 τυχὼν
465 4855 574 4908 τῶν
623 4858 748 4911 καθ’
781 4860 974 4913 ἑαυτὸν
1016 4862 1045 4913 ὁ
1089 4863 1324 4927 ἐλεεινὸς
1365 4865 1649 4931 πλούσιος,
1703 4869 1850 4940 ὑπὲρ

231 4948 449 5018 ἑτέρων
494 4950 678 5022 τίθησι
718 4952 821 5025 τὴν
871 4954 1180 5027 ἱκετηρίαν.
1236 4959 1382 5030 Ὅρα
1433 4961 1550 5025 πῶς
1599 4963 1705 5016 ὑπὸ
1752 4964 1851 5034 τῆς

229 5043 518 5106 κολάσεως
561 5044 641 5108 εἰς
678 5047 1037 5118 συναίσθησιν
1083 5045 1240 5120 ἦλθε,
1273 5053 1365 5105 καὶ
1404 5055 1432 5106 6
1461 5053 1556 5106 τοῦ
1589 5055 1850 5127 Λαζάρου

229 5134 372 5204 πρὶν
418 5136 785 5207 καταφρονῶν
848 5143 908 5194 ὲν
969 5142 1099 5194 ποσὶ
1156 5147 1437 5214 κειμένου,
1496 5147 1592 5200 νῦν
1648 5148 1852 5221 ἐτέρων

229 5229 492 5284 ἀπόντων
519 5234 819 5302 φροντίζει,
837 5236 932 5289 καὶ
960 5240 1275 5308 παρακαλεῖ
1296 5241 1617 5312 πεμφθῆναι
1636 5243 1726 5296 τὸν
1746 5244 1857 5297 Λά-

233 5324 410 5394 ζαρον
441 5327 506 5380 ἐκ
533 5328 638 5382 τῶν
657 5331 868 5402 νεκρῶν
887 5332 966 5395 είς
994 5334 1085 5387 τὸν
1102 5330 1251 5388 οἷκον
1281 5337 1375 5389 τοῦ
1414 5340 1624 5410 πατρὸς
1661 5338 1850 5393 αὑτοῦ.

233 5417 356 5471 Καὶ
391 5419 491 5490 οὐχ
518 5421 708 5485 ἁπλῶς
737 5424 836 5477 ἕνα
869 5425 978 5477 τῶν
1004 5429 1244 5498 νεκρῶν,
1272 5430 1412 5485 ἀλλά
1454 5431 1548 5485 τὸν
1580 5431 1853 5504 Λάζαρον,

231 5513 392 5575 ὅπως
445 5512 633 5567 ἴδωσιν
674 5516 836 5569 αὑτὸν
885 5521 1306 5587 στεφανωθέντα
1351 5527 1440 5578 καὶ
1490 5526 1548 5576 ὲν
1580 5525 1709 5597 δόξῃ
1763 5526 1858 5578 καὶ

237 5603 424 5673 ὑγεία.
446 5605 494 5656 οἱ
516 5604 714 5670 ἰδόντες
754 5609 915 5662 αὑτὸν
960 5613 1018 5662 ἐν
1053 5614 1360 5686 ἀρρωστίᾳ,
1389 5616 1486 5668 καὶ
1524 5617 1857 5686 ἀτιμίᾳριαὶ

238 5702 290 5753 oi.
337 5700 623 5770 γενόμενοι
657 5701 940 5773 μάρτυρες
973 5705 1075 5774 τῆς
1121 5707 1310 5769 πενίας
1357 5708 1545 5772 αὐτοῦ,
1577 5708 1733 5762 αὐτοὶ
1762 5710 1858 5761 καῖ.

240 5797 344 5863 τῆς
403 5795 563 5864 δπίξης
617 5801 884 5866 *τέκωνται
937 5801 1146 5858 θεαταέ,
1199 5804 1472 5873 Πρόδηλον
1522 5806 1630 5874 γέίρ
1672 5805 1748 5868 ιἰς
1801 5808 1859 5858 ἐν

249 5886 380 5961 δόξῃ
433 5890 659 5961 ἔμελλεν
712 5897 894 5961 αὐτοῖς
946 5898 1313 5970 ἐπιφανῆναι,
1363 5898 1481 5964 εἴγε
1540 5897 1858 5966 ἀξιόπιστον

1961 4683 2268 4739 resurrexit
2292 4681 2537 4737 credent.
2575 4700 2593 4732 ι
2631 4681 2708 4736 De
2741 4681 2903 4734 rebus
2932 4679 3049 4736 suis
3083 4679 3388 4749 desperans
3414 4679 3580 4734 miser

1963 4777 2053 4833 ille
2092 4778 2246 4833 dives
2287 4791 2386 4846 pro
2427 4775 2551 4832 aliis
2581 4774 2882 4845 supplicat.
2920 4773 3057 4828 Vide
3089 4783 3274 4828 autem
3305 4773 3580 4843 quomodo

1963 4872 2014 4925 in
2071 4869 2356 4941 suppliciis
2403 4884 2625 4924 sensum
2661 4868 2854 4922 aliena:
2903 4865 3252 4922 infelicitatis
3304 4867 3476 4936 capit.
3517 4867 3580 4920 lit

1964 4963 2117 5031 prius
2165 4961 2438 5016 Lazarum
2495 4960 2834 5030 despiciebat
2888 4969 3018 5014 ante
3068 4961 3235 5030 pedes
3281 4958 3580 5028 iacentem,

1965 5076 2110 5114 nunc
2145 5058 2378 5113 aliorum
2416 5056 2726 5112 absentium
2775 5071 2966 5110 curam
3011 5056 3175 5125 gerit,
3225 5063 3280 5110 et
3327 5057 3583 5111 obsecrat

1966 5165 2023 5209 ut
2064 5153 2303 5208 Lazarus
2334 5166 2400 5207 ex
2435 5151 2668 5206 mortuis
2703 5150 2753 5203 in
2805 5150 3028 5205 domum
3066 5148 3241 5220 patris
3277 5152 3362 5205 sui
3401 5150 3583 5204 mitta-

1967 5257 2075 5301 tur.
2122 5246 2185 5300 Et
2221 5262 2328 5302 non
2381 5245 2703 5314 simpliciter
2749 5259 2814 5299 ex
2855 5244 3089 5298 mortuis
3139 5243 3438 5314 quispiam,
3487 5244 3584 5299 sed

1966 5339 2229 5406 Lazarus,
2281 5349 2338 5392 ut
2391 5338 2613 5392 videant
2657 5351 2781 5390 cum
2838 5344 3164 5392 coronatum
3202 5347 3256 5390 et
3310 5335 3483 5403 gloria
3533 5344 3586 5390 et

1967 5430 2372 5494 incolumitate,
2423 5431 2516 5499 qui
2571 5429 2822 5483 viderant
2872 5436 3002 5484 ante
3045 5428 3324 5482 infirmum
3368 5439 3424 5483 et
3450 5443 3583 5482 con-

1970 5533 2232 5594 templum
2264 5541 2276 5576 :
2309 5533 2364 5578 et
2393 5524 2488 5592 qui
2526 5533 2693 5578 testes
2731 5521 2953 5577 fuerunt
2997 5523 3342 5592 paupertatis
3387 5522 3583 5591 ipsius,

1971 5617 2073 5686 ipsi
2105 5618 2269 5672 etiam
2297 5615 2483 5686 gloria:
2504 5615 2637 5670 fiant
2662 5624 3024 5685 spectatores.
3062 5615 3410 5670 Manifestum
3435 5614 3580 5669 enim

1969 5719 2075 5777 est,
2108 5710 2250 5780 quod
2285 5710 2336 5764 in
2369 5710 2537 5781 gloria
2575 5709 2681 5764 illis
2710 5720 2857 5765 esset
2891 5709 3336 5780 conspiciendus,
3385 5709 3430 5763 si
3461 5708 3584 5777 qui-

1972 5803 2092 5857 dem
2124 5803 2301 5873 ipsum
2338 5803 2442 5857 lidc
2497 5803 2718 5873 dignum
2759 5817 3062 5871 prmmncm
3095 5801 3220 5856 esse
3267 5800 3576 5870 oportebat.

1973 5898 2109 5969 Quid
2170 5898 2334 5974 igitur
2390 5895 2716 5963 Abraham?
2783 5898 3001 5966 Habent
3042 5897 3227 5958 Mosen
3302 5896 3418 5953 Non
3493 5897 3559 5949 ἱιςι
