4030 6400
552 297 657 360 979

1483 297 2064 359 THEOPHYLACTI
2097 296 2505 361 BULGARI/E
2536 295 2898 358 ARCHIEP.

3715 293 3820 356 980

554 410 748 481 inquit,
804 416 858 464 tu
908 407 1132 463 fratrum
1183 422 1371 463 curam
1408 409 1550 479 geris
1593 420 1651 461 ut
1695 408 1784 476 qui
1823 408 1944 465 illos
1993 409 2120 464 fecit

2226 409 2383 464 αὐτὸν
2412 409 2579 480 ἐχρῆν
2601 403 2739 461 εῖναι
2768 407 2838 478 κή
2849 421 3014 474 ρυκα.
3036 402 3102 456 Τί
3121 399 3216 458 οὖν
3235 403 3263 457 6
3281 402 3572 474 ’Λϐραάμ;
3599 401 3828 475 Ἔχουσι

550 499 714 554 Deus.
779 498 1096 556 Innumeros
1167 500 1312 555 enim
1388 499 1496 555 illis
1569 498 1810 570 prtefrcit
1873 501 2120 556 doctores

547 592 807 654 Atdives,
840 588 978 654 Non,
1017 591 1211 660 inquit,
1258 598 1428 658 pater.
1478 588 1613 645 Nam
1663 591 2120 662 quemadmodum

547 683 661 751 ipse
695 682 1008 752 Scripturas
1035 681 1260 738 audiens
1309 697 1414 738 non
1452 681 1781 749 crediderat,
1824 693 1880 738 et
1914 681 2122 738 fabulas

545 789 666 827 esse
717 782 937 842 putarat
977 787 1038 828 ea
1081 789 1200 842 quat
1250 774 1618 834 dicebantur;
1655 775 1907 832 similiter
1955 775 2118 831 etiam

548 862 741 919 fratres
787 878 915 918 suos
947 877 1005 920 se
1049 864 1246 919 habere
1291 864 1596 935 suspicatus
1635 877 1736 931 est,
1771 875 1825 921 et
1858 880 1924 920 ex
1956 863 2122 933 seju-

545 956 734 1009 dicans
765 955 979 1010 dicebat
1019 957 1161 1026 quod
1191 972 1296 1013 non
1348 959 1584 1013 audituri
1633 960 1735 1014 sint
1789 957 2120 1028 Scripturas,

545 1047 684 1101 sicut
714 1062 890 1117 neque
919 1049 1072 1120 ipse;
1111 1051 1227 1115 sed,
1266 1051 1311 1106 si
1346 1051 1469 1120 quis
1502 1066 1567 1104 ex
1604 1050 1830 1105 mortuis
1876 1055 2119 1106 resurre-

547 1146 736 1193 cturus
766 1147 932 1207 esset,
957 1141 1216 1196 credituri
1267 1142 1376 1194 sint
1438 1140 1595 1196 Tales
1615 1141 1776 1197 etiam
1818 1155 1962 1196 nunc
1996 1149 2123 1196 sunt

549 1229 642 1297 qui
701 1230 926 1286 dicunt:
977 1232 1106 1298 Quis
1153 1233 1286 1286 vidit
1324 1248 1386 1288 ea
1432 1249 1552 1302 quae
1599 1234 1650 1287 in
1705 1233 1956 1289 inferno?
1989 1233 2121 1302 Quis

549 1319 691 1374 venit
718 1321 886 1386 illinc,
917 1331 969 1374 et
991 1321 1329 1376 annuntiavit
1355 1322 1542 1377 nobis?
1567 1323 1671 1378 Sed
1703 1324 1925 1378 audiant
1949 1325 2121 1378 Abra-

546 1412 694 1465 ham.
731 1410 992 1478 Quoniam
1039 1413 1082 1469 si
1130 1412 1442 1484 Scripturas
1484 1429 1592 1469 non
1630 1406 1913 1479 audimus,
1948 1429 2122 1485 neque

545 1503 629 1558 his
660 1505 749 1574 qui
781 1519 845 1560 ex
898 1503 1111 1561 inferno
1141 1505 1385 1571 veniunt,
1416 1506 1724 1562 credemus.
1746 1506 1831 1583 Et
1866 1508 1970 1562 hoc
2007 1523 2122 1562 ma-

545 1595 869 1652 nifestarunt
887 1596 1084 1664 Judaei,
1101 1601 1190 1669 qui
1214 1600 1334 1669 quia
1355 1598 1661 1670 Scripturas
1684 1615 1791 1656 non
1815 1602 2122 1668 audierunt,

553 1705 727 1758 neque
791 1705 910 1746 cum
963 1694 1389 1748 rcsurrexissent
1449 1696 1674 1759 mortui,
1721 1695 2119 1751 crediderunt:

552 1780 644 1835 sed
670 1790 723 1836 et
757 1780 1018 1837 Lazarum
1051 1785 1298 1840 occidere
1343 1795 1703 1851 tentaverunt,
1739 1797 1792 1841 et
1828 1801 1951 1841 eum
1983 1801 2125 1840 mor-
2159 1782 2197 1835 Β

547 1872 639 1951 tui.
675 1871 826 1926 multi
875 1877 1303 1932 resurrexissent
1346 1877 1606 1932 crucifixo
1648 1877 1797 1942 Jesu,
1836 1878 2006 1949 magis
2042 1891 2122 1932 ta-

545 1978 666 2016 men
696 1965 977 2020 saevientes
1027 1963 1197 2021 Judaei
1236 1967 1547 2024 invaserunt
1592 1971 1862 2039 apostolos
1897 1988 1910 2026 :
1962 1970 2120 2042 42],

544 2056 669 2124 quia
739 2057 782 2114 si
827 2058 1042 2128 quidem
1102 2059 1232 2116 illud
1279 2062 1571 2130 profuisset
1619 2065 1774 2119 nobis
1826 2064 1891 2127 ad
1947 2065 2125 2130 fidem,

543 2150 703 2203 etiam
758 2149 857 2205 hoc
893 2165 1035 2219 saepe
1065 2151 1283 2207 fecisset
1320 2151 1600 2208 Dominus.
1650 2153 1805 2210 Nunc
1847 2155 1979 2210 nihil
2020 2169 2124 2210 tam

546 2240 675 2294 utile
706 2248 877 2296 estut
933 2241 1338 2310 Scripturarum
1370 2243 1599 2314 diligens
1645 2247 1929 2302 scrutatio.
1981 2246 2126 2301 Mor-

546 2345 760 2388 tuorum
807 2335 1221 2390 suscitationem
1276 2335 1410 2392 false
1467 2347 1519 2391 et
1571 2349 1893 2408 apparenter
1947 2338 2126 2394 facere

541 2436 731 2496 posset
765 2429 926 2482 etiam
966 2427 1235 2495 diabolus,
1273 2438 1332 2484 ut
1359 2433 1582 2485 seducat
1611 2431 2003 2500 imprudentes,
2042 2446 2125 2486 se-

543 2522 758 2574 minans
791 2520 1068 2576 doctrinas
1093 2521 1157 2574 de
1186 2521 1396 2576 inferno
1428 2523 1614 2590 dignas
1642 2538 1737 2577 sua
1779 2523 1978 2577 malitia
2017 2542 2032 2576 :
2073 2532 2128 2576 at

541 2615 624 2670 eis
672 2616 764 2684 qui
799 2615 1113 2685 Scripturas
1166 2616 1331 2686 probe
1389 2625 1722 2680 scrutantur,
1771 2617 1907 2671 nihil
1954 2626 2127 2683 potest

543 2709 788 2763 illudere.
835 2708 945 2762 Illae
972 2709 1114 2764 enim
1145 2719 1270 2764 sunt
1311 2712 1534 2766 lucerna
1571 2726 1599 2765 ε
1669 2726 1870 2774 .umen,
1909 2723 2014 2780 quo
2054 2709 2130 2762 lu-

543 2809 699 2855 cente
738 2801 824 2854 fur
849 2802 1275 2870 deprehenditur
1298 2814 1352 2858 et
1385 2804 1787 2860 manifestatur.
1823 2802 1931 2858 illis
1963 2803 2127 2870 igitur

542 2892 897 2959 credendum,
932 2891 1082 2948 etde
1117 2903 1457 2950 mortuorum
1496 2896 1858 2950 suscitatione
1895 2910 2013 2950 non.
2033 2908 2124 2948 cur

545 2985 796 3038 randum.
833 2983 1024 3040 Posset
1057 2994 1238 3040 autem
1265 2986 1516 3054 parabola
1543 2987 1654 3042 haec
1684 3002 1776 3058 per
1811 2985 2119 3056 allegoriam

543 3077 758 3146 exponi.
797 3085 849 3133 et
896 3077 967 3132 ita
1020 3077 1311 3148 dici,quod
1363 3093 1459 3146 per
1500 3079 1721 3135 divitem
1774 3077 2002 3149 populus
2029 3075 2122 3132 Ju-

544 3172 776 3225 daaorum
811 3170 1167 3240 significetur.
1217 3170 1374 3226 Dives
1403 3171 1548 3227 enim
1590 3171 1677 3226 ille
1725 3171 1826 3226 fuit
1858 3170 2009 3236 olim,
2046 3169 2124 3224 lo-

543 3263 848 3333 cupletatus
877 3265 1024 3319 omni
1065 3263 1373 3334 cognitione
1423 3273 1474 3318 et
1524 3264 1787 3334 sapientia
1831 3270 1885 3320 et
1915 3277 2125 3318 sermo-

541 3355 698 3411 nibus
726 3356 840 3420 Dei,
870 3354 960 3425 qui
996 3370 1156 3424 super
1196 3370 1388 3410 aurum
1433 3363 1487 3410 et
1521 3354 1748 3424 lapidem
1802 3355 2121 3426 pretiosum,

547 3448 640 3503 sed
673 3458 726 3503 et
765 3463 1000 3519 purpura
1043 3459 1098 3503 et
1139 3449 1297 3517 bysso
1339 3448 1556 3503 indutus
1589 3457 1730 3514 erat,
1761 3463 1984 3518 regnum
2029 3450 2123 3502 ha-

545 3541 678 3594 bens
715 3549 771 3594 et
819 3540 1217 3603 sacerdotium,
1268 3550 1321 3593 et
1362 3540 1540 3610 regale
1593 3551 1711 3596 erat
1761 3540 2121 3595 sacerdotium

546 3630 675 3684 Deo.
705 3631 985 3701 Significat
1015 3639 1195 3686 autem
1229 3647 1461 3701 purpura
1491 3633 1705 3700 quidem
1733 3648 1977 3703 regnum,
2005 3633 2124 3702 bys-

545 3739 639 3780 sus
683 3738 813 3778 vero
866 3724 1246 3777 sacerdotium.
1308 3723 1441 3778 Nam
1486 3724 1688 3779 Levitae
1735 3726 1788 3778 in
1843 3726 2125 3780 sacrificiis

545 3815 779 3884 byssinis
814 3799 1555 3872 vestimcntiszinduebantur.
1589 3815 1917 3886 Epulabatur
1943 3827 2120 3872 autem

544 3907 784 3978 quotidie
819 3917 872 3961 et
904 3906 1115 3962 vivebat
1146 3907 1443 3976 splendide.
1478 3908 1731 3974 Quotidie
1759 3910 1901 3964 enim
1933 3908 2120 3965 offere-

544 3999 674 4053 bant
721 3999 1048 4053 sacrificium
1096 3999 1423 4054 matutinum
1474 4007 1528 4055 et
1566 4003 1956 4069 vespertinum,
2004 4016 2122 4071 quae

541 4103 596 4147 et
641 4090 1041 4162 ἐνδελεχισμὸν,
1072 4092 1174 4146 hoc
1223 4099 1305 4146 est
1340 4091 1462 4163 juge
1500 4093 1828 4149 sacrificium
1876 4096 2122 4151 nomina-

545 4187 699 4242 bant.
736 4185 977 4238 Lazarus
1008 4198 1136 4237 vero
1184 4184 1412 4253 populus
1455 4187 1732 4255 gentilium
1774 4187 1891 4253 fuit,
1925 4203 2124 4257 pauper

544 4275 726 4328 divina
750 4275 921 4346 gratia
957 4283 1010 4329 et
1045 4275 1328 4343 sapientia,
1361 4284 1412 4331 et
1437 4287 1564 4332 ante
1594 4277 1737 4333 fores
1770 4279 1988 4346 jacens;
2015 4295 2119 4334 non

543 4368 686 4422 enim
711 4367 906 4422 licebat
933 4366 1223 4436 gentilibus
1248 4367 1455 4422 intrare
1490 4367 1542 4420 in
1574 4368 1790 4422 domum
1835 4389 1845 4422 :
1899 4368 2123 4439 pollutio

2231 498 2454 554 Mwaéa'
2487 498 2583 570 οὐχ
2624 496 2819 563 οὕτως,
2865 495 3021 567 φησὶ,
3073 496 3136 550 σὺ
3183 495 3323 567 κήδῃ
3369 495 3482 548 τῶν
3538 496 3812 564 ἀδελφῶν,

2231 593 2306 656 ὡς
2341 594 2369 647 6
2418 593 2647 662 ποιήσας
2683 590 2882 651 αὐτοὺς
2909 589 3076 653 Θεός⁸
3114 587 3343 659 μυρίους
3371 587 3482 657 γὰρ
3519 588 3828 655 ἐπέστησεν

2231 687 2411 749 αὐτοῖς
2451 683 2827 745 διδασκάλους.
2892 682 2953 735 Ὀ
3000 682 3058 735 δὲ
3118 681 3393 746 πλούσιος,
3445 682 3608 751 Οὐχὶ,
3668 683 3825 752 φησὶ,

2231 781 2423 850 πάτερ.
2458 776 2615 831 Ἐπεὶ
2663 776 2770 848 γὰρ
2804 773 2966 839 αὐτὸς
2998 773 3108 827 τῶν
3174 773 3411 844 Γραφῶν
3442 772 3661 826 ἀκούων
3702 771 3832 842 ἠπί-

2233 890 2370 939 στει,
2401 871 2495 926 καὶ
2527 870 2733 941 μύθους
2774 864 2915 921 εἶναι
2941 867 3008 921 τά
3036 866 3310 936 λεγόμενα
3346 865 3593 935 ἐνόμιζε,
3625 865 3829 934 ὁμοίως

2231 966 2376 1039 έχειν
2406 965 2497 1018 καὶ
2525 964 2650 1026 τοὺς
2676 962 2941 1031 ἀδελφοὺς
2977 958 3352 1030 ὑπελάμϐανε,
3384 960 3481 1012 καὶ
3506 959 3600 1028 ἀφ’
3628 956 3828 1010 ἐαυτοῦ

2231 1060 2430 1132 κρίνων
2457 1057 2634 1126 ἔλεγε,
2669 1058 2752 1110 ὅτι
2788 1056 2888 1110 ούκ
2913 1054 3170 1109 ἀκούουσι
3199 1053 3308 1107 τῶν
3344 1052 3604 1124 Γραφῶν,
3635 1052 3829 1120 ὥσπερ

2229 1155 2322 1210 οὖν
2350 1154 2458 1208 οὐδ’
2503 1152 2688 1217 αὐτὸς,
2721 1151 2835 1204 ἀλλ’
2881 1151 2976 1204 ὲάν
3003 1166 3086 1212 τις
3115 1151 3180 1202 ἐκ
3223 1147 3434 1215 νεκρῶν
3479 1149 3698 1214 ἀναστῇ
3734 1162 3827 1196 πι-

2232 1246 2536 1301 στεύσουσι.
2565 1242 2809 1299 Τοιούτοι
2827 1243 2920 1296 καὶ
2937 1241 3032 1296 νῦν
3052 1241 3190 1294 εἰσιν
3214 1240 3262 1293 οἳ
3309 1239 3552 1307 λέγουσι·
3577 1239 3677 1300 Τίς
3721 1232 3827 1288 οἶδε

2229 1341 2296 1391 τὰ
2320 1341 2379 1392 ἐν
2404 1338 2532 1409 ᾅδου
2557 1354 2571 1402 ;
2606 1337 2688 1401 τίς
2710 1335 2878 1389 ἐλθὼν
2902 1336 3112 1388 ἐκεῖθεν
3126 1333 3464 1405 ἀπήγγειλεν
3487 1332 3654 1401 ἡμῖνς
3688 1328 3830 1382 Ἀλλ’

2224 1417 2617 1484 ’ἀκουσάτωσαν
2664 1426 2759 1482 τοῦ
2808 1425 3084 1496 Ἀϐραὰμ,
3106 1427 3185 1479 ὅτι
3208 1427 3255 1478 εί
3285 1423 3393 1477 τῶν
3433 1423 3674 1493 Γραφῶν
3721 1421 3826 1473 ούκ

2229 1521 2522 1592 ἀκούομεν,
2545 1520 2667 1573 οὐδὲ
2691 1521 2802 1582 τοῖς
2831 1518 2888 1584 ἐξ
2915 1518 3041 1590 ᾅδου
3078 1518 3397 1588 ἐρχομένοις
3427 1514 3824 1582 πιστεύσομεν.

2231 1617 2340 1669 Καὶ
2364 1615 2526 1668 τούτο
2557 1614 2833 1684 ἐδήλωσαν
2860 1616 2907 1666 οἱ
2930 1613 3198 1675 Ἰουδαῖοι,
3224 1611 3272 1664 οἳ
3303 1611 3424 1692 ἐπεὶ
3448 1609 3560 1662 τῶν
3594 1609 3632 1660 Γ
3637 1607 3827 1677 ραφῶν

2240 1709 2343 1763 οὐκ
2371 1707 2591 1780 ἢκουον,
2634 1706 2754 1759 οὐδὲ
2802 1706 3030 1776 νεκροὺς
3073 1704 3274 1766 ἰδόντες
3320 1702 3674 1763 ἀναστάντας
3708 1701 3831 1751 ἐπί-

2230 1819 2487 1869 στευσαν,
2523 1802 2658 1855 ἀλλά
2703 1800 2798 1854 καὶ
2840 1799 2931 1852 τὸν
2957 1798 3208 1868 Λάζαρον
3240 1797 3450 1851 ἀνελεῖν
3482 1794 3828 1865 ἐπεχείρουν,

2231 1890 2324 1946 καὶ
2349 1891 2404 1943 ὲν
2450 1889 2528 1962 τῷ
2558 1889 2777 1958 σταυρῷ
2803 1887 3016 1956 νεκρῶν
3044 1887 3253 1940 πολλῶν
3282 1886 3659 1949 ἀναστάντων,
3682 1886 3831 1954 ὅμως

2229 1984 2340 2046 τοῖς
2370 1981 2692 2044 ἀποστόλοις
2732 1979 3022 2048 ἐπεπήδων
3071 1977 3466 2048 φονικώτερον.
3515 1978 3677 2031 Ἐπεὶ
3707 1978 3824 2044 εἴγε

2229 2074 2430 2146 ὠφέλει
2461 2076 2606 2143 ἡμᾶς
2642 2075 2724 2137 είς
2758 2073 2960 2137 πίστιν,
2991 2073 3084 2125 καὶ
3125 2072 3284 2124 τοῦτο
3316 2073 3492 2124 ἐποίει
3525 2073 3594 2125 ἂν
3631 2072 3832 2142 συχνά-

2228 2187 2314 2232 κις
2339 2169 2366 2221 6
2394 2168 2617 2238 Κύριος.
2647 2166 2760 2218 Νῦν
2791 2166 2847 2217 δὲ
2885 2165 3037 2218 οὐδὲν
3068 2164 3241 2227 οὕτως
3275 2163 3500 2231 ὠφελεῖ,
3538 2164 3616 2226 ὡς
3643 2165 3675 2234 ή
3716 2164 3824 2215 τῶν

2227 2256 2460 2328 Γραφῶν
2517 2255 2752 2325 ἀκριϐὴς
2785 2253 3004 2322 ἔρευνα.
3042 2253 3286 2322 Νεκροὺς
3322 2252 3380 2305 δὲ
3409 2252 3664 2321 ἀνιστᾷν,
3709 2253 3828 2302 ἐσο-

2227 2350 2423 2419 φίσατο
2459 2347 2524 2402 ἂν
2556 2350 2582 2400 6
2620 2346 2867 2409 διάϐολος
2896 2344 3038 2399 κατά
3066 2344 3393 2412 φαντασίαν,
3429 2345 3526 2395 καὶ
3555 2343 3646 2395 διὰ
3673 2341 3834 2394 τούτο

2225 2440 2527 2510 ἐπλάνησεν
2557 2439 2624 2493 ἂν
2677 2441 2804 2502 τοὺς
2850 2439 3136 2508 ἀνοήτους,
3173 2440 3304 2508 περὶ
3349 2437 3457 2490 τῶν
3491 2437 3548 2488 ἐν
3581 2436 3714 2506 ᾅδου
3745 2433 3832 2487 δὸ-

2226 2551 2412 2605 γματα
2446 2532 2574 2598 ἄξια
2619 2534 2717 2602 τῆς
2758 2532 2970 2595 οἰκείας
3008 2531 3212 2593 κακίας
3249 2530 3671 2599 κατασπείρων.
3709 2529 3830 2581 Τῶν

2225 2629 2280 2681 δὲ
2309 2627 2541 2697 Γραφῶν
2568 2626 2737 2694 ὑγιῶς
2767 2625 3180 2695 ἐρευνωμένων,
3214 2624 3368 2678 οὐδὲν
3398 2623 3617 2694 ίσχύσει
3642 2621 3827 2676 τοιού-

2227 2734 2317 2770 τον
2359 2715 2686 2785 σοφίσασθαι
2727 2733 2740 2746 ο
2792 2709 2956 2769 αὗται
3004 2715 3112 2786 γάρ
3154 2716 3260 2768 είσι
3305 2714 3498 2784 λύχνος
3546 2715 3645 2767 καὶ
3691 2713 3828 2782 φῶς,

2228 2807 2321 2862 καὶ
2350 2807 2541 2861 τούτου
2589 2806 2895 2875 φαίνοντος,
2944 2807 2973 2858 6
3013 2805 3261 2875 κλέπτης
3313 2806 3564 2875 φαίνεται
3605 2807 3702 2858 καὶ
3746 2806 3832 2858 εύ-

2229 2903 2500 2972 ρίσκεται.
2547 2898 2789 2962 Ταύταις
2841 2893 2934 2952 οὖν
2993 2897 3334 2959 πιστευτέον,
3400 2898 3497 2949 καὶ
3537 2897 3615 2967 μὴ
3664 2897 3831 2966 ζητη-

2223 2993 2344 3046 τέον
2368 2990 2578 3061 νεκρῶν
2608 2989 2954 3052 ἀναστάσεις.
2991 2989 3147 3042 Ἔστι
3183 2988 3240 3042 δὲ
3270 2989 3364 3042 καὶ
3403 2988 3825 3059 τροπικώτερον

2225 3086 2324 3155 τὴν
2403 3083 2723 3156 παραϐολὴν
2800 3072 3016 3152 ταύτην
3076 3083 3352 3147 ἐκλαϐεῖν,
3411 3081 3676 3149 λέγοντας
3741 3081 3832 3132 τὸν

2238 3177 2532 3249 Ἐϐραῖκον
2584 3176 2712 3229 λαὸν
2783 3173 3186 3246 ύποδηλοῦσθαι
3247 3173 3338 3228 διὰ
3385 3174 3480 3226 τού
3540 3174 3824 3226 πλουσίου.

2230 3271 2488 3335 Πλούσιος
2520 3270 2628 3342 γὰρ
2663 3265 2729 3341 ἦν
2757 3263 2911 3333 ουτος
2940 3269 3001 3323 τὸ
3030 3269 3281 3331 παλαιὸν,
3315 3267 3372 3320 ἐν
3402 3267 3552 3339 πάσῃ
3621 3265 3824 3334 γνώσει

2227 3365 2320 3418 καὶ
2354 3364 2518 3436 σοφίᾳ
2565 3361 2934 3426 πλουτισθεὶς,
2975 3361 3072 3414 καὶ
3132 3361 3245 3424 τοῖς
3291 3359 3497 3427 λογίοις
3544 3359 3642 3412 τοῦ
3690 3358 3827 3412 Θεοῦ

2224 3461 2336 3521 τοῖς
2366 3459 2508 3526 ύπέρ
2566 3455 2791 3528 χρυσίον
2868 3457 2964 3507 καὶ
3016 3453 3163 3507 λίθον
3210 3453 3395 3523 τίμιον
3435 3454 3640 3516 πολὺν,
3694 3453 3828 3505 ἀλλὰ

2226 3552 2320 3606 καὶ
2396 3549 2686 3621 πορφύραν
2753 3548 2847 3601 καὶ
2912 3546 3111 3618 βύσσον
3173 3545 3476 3610 ἐνεδέδυτο,
3544 3545 3828 3616 βασιλείαν

2226 3643 2365 3711 ἔχων
2404 3642 2502 3696 καὶ
2555 3639 2878 3710 ἱερωσύνην,
2924 3640 3019 3693 καὶ
3082 3638 3353 3710 βασίλειον
3395 3637 3470 3691 ὢν
3519 3639 3826 3709 ἱεράτευμα

2225 3735 2303 3802 τῷ
2356 3733 2495 3802 Θεῷ.
2540 3735 2846 3787 Αίνίττεται
2898 3733 2954 3786 δὲ
3000 3732 3034 3801 ἠ
3088 3731 3185 3801 μὲν
3227 3731 3488 3802 πορφύρα
3532 3731 3638 3800 τὴν
3675 3732 3828 3800 βασι-

2227 3827 2456 3896 λείαν,ἡ
2489 3826 2545 3878 δὲ
2577 3823 2774 3895 βύσσος
2823 3825 3150 3894 ἱερωσύνην.
3199 3827 3260 3877 Ol
3295 3826 3402 3894 γάρ
3438 3826 3667 3877 Λευῖται
3702 3824 3828 3892 βυσ-

2229 3914 2393 3978 σίνοις
2443 3914 2684 3984 ἐχρῶντο
2733 3915 2791 3968 ἐν
2825 3915 2945 3977 ταῖς
2982 3913 3317 3984 ἱερουργίαις
3350 3914 3687 3982 ὲσθήμασιν.
3721 3914 3821 3965 E6-

2226 4007 2484 4078 φραίνετό
2519 4023 2577 4061 τε
2632 3990 2758 4061 κᾶθ’
2809 4008 3022 4078 ἡμέραν
3050 4005 3322 4078 λαμπρῶς
3352 4021 3366 4037 ο
3404 4005 3530 4059 καθ’
3585 4006 3826 4073 ἑκάστην

2223 4099 2334 4170 γὰρ
2373 4100 2584 4170 ἡμέραν
2627 4098 2820 4163 θυσίας
2857 4099 3124 4171 ἀνέφερον
3155 4098 3371 4168 πρωτας
3404 4098 3501 4151 καὶ
3553 4099 3822 4169 ἑσπέρας,

2223 4193 2288 4256 ἃς
2323 4193 2538 4247 καὶτοῦ
2578 4191 2960 4263 ἐνδελεχισμοῦ
3000 4191 3310 4262 ὠνόμαζον.
3346 4189 3601 4263 Λάζαρος
3649 4192 3705 4245 δὲ
3759 4188 3824 4264 ἦν

2224 4288 2250 4337 6
2279 4285 2338 4350 ἐξ
2368 4285 2538 4337 ἐθνῶν
2578 4285 2725 4347 λαὸς,
2782 4283 2951 4354 πένης
2986 4283 3143 4336 θείων
3175 4284 3414 4353 χαρίτων
3475 4285 3572 4337 καὶ
3605 4287 3822 4352 σοφίας.

2226 4377 2321 4428 καὶ
2355 4377 2461 4445 πρὸ
2507 4375 2615 4428 τῶν
2655 4375 2916 4429 πυλώνων
2964 4375 3236 4444 κείμενος·
3289 4377 3352 4430 ού
3387 4374 3498 4446 γάρ
3552 4374 3684 4446 ἐξῆν
3712 4380 3821 4438 τοῖς

543 4459 686 4512 enim
714 4457 1018 4524 videbatur,
1055 4460 1197 4513 sicut
1231 4459 1282 4512 in
1310 4459 1462 4513 Actis
1493 4460 1855 4530 apostolorum
1887 4461 2122 4517 clamant

2228 4468 2460 4531 ἐθνικοῖς
2503 4470 2583 4532 εἰς
2615 4469 2707 4522 τὸν
2737 4463 2885 4520 οἷκον
2928 4468 3215 4522 εἰσελθεῖν·
3265 4469 3506 4538 μιασμὸς
3557 4470 3669 4539 γάρ
3706 4472 3820 4522 ἐδό-

542 4551 594 4604 in
629 4550 855 4605 Paulum
887 4550 1027 4617 quod
1078 4551 1303 4617 gentiles
1335 4551 1706 4606 introduxerat
1739 4553 1790 4608 in
1844 4554 2120 4624 templum,

545 4651 599 4695 et
620 4654 960 4694 communem
994 4638 1209 4694 fecisset
1231 4649 1476 4694 sanetum
1504 4642 1649 4696 illum
1678 4645 1877 4698 locum.
1903 4643 2126 4714 Insuper

543 4741 599 4789 et
629 4732 900 4788 ulceribus
933 4742 1276 4801 peccatorum
1325 4733 1608 4789 fetentium
1657 4738 1845 4804 plenus
1878 4750 1996 4794 erat
2035 4741 2122 4796 ille

540 4826 790 4895 populus,
815 4835 867 4878 et
895 4824 1232 4892 impudentes
1259 4829 1726 4896 canes,,dialmlos,
1744 4832 1993 4898 pascebat
2011 4833 2121 4887 suis

544 4918 836 4972 ulceribus.
876 4915 1148 4985 Voluptati
1184 4918 1327 4972 enim
1375 4918 1483 4973 illis
1531 4928 1656 4972 sunt
1703 4932 1885 4974 nostra
1919 4922 2116 4976 ulcera.

544 5011 900 5066 Desiderabat
948 5010 1075 5063 item
1127 5020 1179 5064 et
1220 5011 1385 5065 micas
1415 5013 1726 5067 decidentes
1766 5027 1792 5063 a
1825 5027 2006 5066 mensa
2038 5013 2120 5067 di-

543 5105 688 5157 vitis.
723 5104 956 5158 Omnino
980 5105 1120 5157 enim
1152 5105 1368 5158 carebat
1399 5121 1554 5172 pane,
1591 5107 1678 5174 qui
1709 5105 1997 5160 confirmat
2027 5121 2120 5160 cor

543 5197 774 5249 hominis
804 5215 816 5250 :
845 5205 896 5249 et
936 5196 1159 5249 minimo
1187 5195 1442 5264 tenuique
1472 5198 1594 5251 cibo
1624 5207 1678 5251 ct
1715 5198 1966 5252 rationali
1993 5213 2118 5265 ege-

546 5285 656 5349 bat,
688 5289 826 5341 sicut
867 5298 920 5342 et
953 5288 1253 5343 Cbananma
1302 5288 1491 5344 mulier
1530 5305 1648 5344 cum
1696 5292 1908 5345 cthnica
1951 5304 2115 5359 esset,

545 5376 610 5428 de
644 5377 798 5430 micis
839 5381 1071 5433 saturari
1108 5379 1376 5449 cupiebat.
1430 5378 1566 5444 Quid
1603 5381 1830 5436 multis?
1877 5381 2116 5439 Mortuus

538 5475 625 5518 est
658 5465 955 5523 ilebraicus
988 5470 1214 5539 populus
1252 5469 1381 5536 Deo,
1415 5481 1468 5524 et
1509 5483 1716 5526 mortua
1746 5484 1873 5530 sunt
1903 5474 2114 5529 illorum

538 5568 684 5616 ossa,
734 5573 855 5626 qua}
899 5559 964 5612 ad
1015 5560 1211 5614 bonum
1257 5561 1560 5616 faciendum
1627 5581 1732 5620 non
1805 5576 2110 5622 moventur.

544 5644 783 5702 Mortuus
806 5658 888 5704 est
925 5661 1105 5706 autem
1129 5662 1181 5707 et
1211 5653 1451 5710 Lazarus
1490 5668 1709 5724 peccato
1732 5702 1745 5725 ,
1783 5662 1999 5730 gentilis
2029 5663 2112 5716 in-

542 5753 700 5806 quam
745 5743 994 5812 populus.
1024 5744 1088 5800 Et
1115 5744 1282 5803 Judazi
1301 5749 1513 5819 quidem
1541 5752 1630 5820 qui
1658 5752 1710 5807 in
1736 5745 1972 5823 pecc'atis
2000 5756 2134 5812 suis"

2231 4577 2334 4625 κει,
2366 4561 2440 4623 ὼς
2473 4561 2566 4613 καὶ
2599 4562 2656 4614 ἐν
2691 4562 2812 4624 ταῖς
2847 4561 3088 4631 Πράξεσι
3136 4561 3477 4614 καταϐοᾶται
3522 4565 3550 4615 6
3605 4564 3819 4626 Παῦλος

2226 4653 2300 4714 ὡς
2330 4651 2574 4716 ἐθνικοὺς
2605 4652 2919 4720 εἰσαγαγὼν
2946 4656 3024 4711 είς
3055 4653 3143 4706 τὸν
3168 4653 3315 4718 ναὸν,
3350 4655 3444 4706 καὶ
3470 4656 3817 4718 κεκοινωκὼς

2223 4745 2315 4799 τὸν
2366 4745 2521 4812 ἅγιον
2577 4746 2741 4800 τόπον
2799 4746 3011 4800 τοῦτον.
3074 4747 3233 4800 Ἀλλά
3290 4749 3383 4800 καὶ
3433 4747 3657 4818 ἥλκωτο
3701 4752 3816 4812 ταῖς

2225 4837 2636 4906 προσωζούσαις
2679 4839 3001 4908 ἁμαρτίαις,
3037 4840 3133 4892 καὶ
3174 4839 3302 4902 τοὺς
3343 4840 3586 4903 ἀναιδεῖς
3622 4841 3811 4898 κύνας,

2222 4928 2348 4990 τοὺς
2387 4927 2669 4998 δαίμονας,
2698 4928 2898 4998 ἔτρεφε
2953 4932 3067 4992 τοῖς
3096 4930 3282 4983 ἕλκεσι
3332 4931 3568 4994 τούτοις.
3620 4932 3811 5000 Ἡδονὴ

2224 5021 2331 5092 γάρ
2359 5023 2545 5085 αὐτοῖς
2578 5023 2646 5075 τά
2676 5021 2926 5093 ἡμέτερα
2959 5023 3113 5094 ἕλκη.
3165 5025 3465 5093 Ἐπεθύμει
3494 5026 3551 5078 δὲ
3582 5027 3690 5078 τῶν
3729 5026 3811 5094 ψι-

2221 5113 2354 5183 χίων
2383 5115 2493 5168 τῶν
2539 5115 2851 5168 πιπτόντων
2890 5116 2996 5168 ἀπὸ
3040 5116 3138 5184 τῆς
3171 5117 3455 5188 τραπέζης
3498 5119 3599 5172 τοῦ
3649 5121 3809 5171 πλου-

2222 5209 2359 5261 σίοω
2393 5209 2620 5278 ἄμοιρος
2667 5207 2776 5278 γὰρ
2822 5203 2890 5280 ἦν
2937 5210 3258 5264 παντάπασι
3291 5212 3398 5262 τῶν
3447 5212 3546 5281 τὴν
3581 5214 3805 5283 καρδίαν

2222 5303 2584 5370 στηριζὸντων
2633 5302 2834 5374 ἄρτων,
2878 5304 2970 5356 καὶ
3021 5305 3119 5372 τῆς
3160 5305 3514 5375 λεπτοτάτης,
3568 5311 3658 5359 καί
3723 5327 3804 5374 ξιι-

2218 5395 2377 5463 κρᾶς,
2409 5393 2504 5446 καὶ
2547 5395 2774 5464 λογικῆς
2803 5396 3010 5465 τροφῆς
3039 5395 3230 5458 ἐδεῖτο,
3265 5397 3456 5467 ὧσπερ
3485 5401 3580 5450 καὶ
3612 5400 3643 5466 ἡ
3695 5401 3800 5450 Χει-

2219 5484 2644 5554 ναναία,ὲθνικὴ
2694 5481 2850 5551 οὖσα,
2903 5487 3012 5538 ἀπὸ
3059 5486 3166 5539 τῶν
3199 5488 3398 5556 ψιχίων
3439 5490 3799 5559 διατραφῆναι

2218 5575 2388 5645 ζητεῖ.
2439 5574 2503 5628 Τί
2536 5575 2759 5640 τοίνυνς
2805 5575 3070 5628 Ἀπέθανε
3125 5578 3222 5646 μὲν
3269 5578 3297 5630 6
3339 5578 3625 5648 Ἐϐραῖκδς
3678 5581 3797 5642 λαὸς

2217 5671 2295 5739 τῷ
2334 5668 2472 5738 Θεῷ,
2511 5670 2603 5722 καὶ
2635 5670 2806 5738 νεκρά
2834 5669 3059 5736 γέγονεν
3105 5671 3288 5723 αὐτῶν
3319 5673 3386 5724 τά
3430 5673 3583 5736 ὀστᾶ,
3641 5674 3798 5741 μηδε-

2222 5762 2349 5831 μίαν
2379 5763 2594 5833 κίνησιν
2628 5762 2764 5833 πρὸς
2791 5761 2846 5815 τὸ
2874 5762 3080 5830 ἀγαθὸν
3118 5763 3477 5833 ποιουμένων.
3538 5766 3795 5819 Ἀπέθανε
