4030 6412
271 324 374 389 981

1019 332 1466 397 ENARRATIO
1510 334 1594 395 IN
1633 332 2145 396 EVANGELIUM
2184 333 2421 396 LUCIE.
2468 326 2961 397 —1CAP..XVII.

2242 6 2816 15 ____i——‘--f

3449 320 3564 384 98’}.

261 437 322 490 δὲ
359 437 455 490 καὶ
490 437 515 488 ό
546 433 796 506 Λάζαρος
833 440 896 509 τῇ
929 437 1200 512 ἁμαρτίᾳ,
1235 443 1264 494 ό
1303 442 1516 505 ἐθνικὸς
1550 443 1703 510 λαὸς,
1760 444 1836 496 κα

1965 441 2166 497 mortui
2200 451 2353 506 sunt,
2384 441 2438 506 in
2467 438 2685 494 ﬂamma
2710 435 2926 492 invidia:
2946 438 3270 497 exuruntur,
3301 428 3567 494 zelantes,

259 529 312 580 οί
353 529 452 598 μὲν
485 529 732 582 Ἰουδαῖοι
785 531 842 581 ἐν
875 534 996 592 ταῖς
1046 533 1352 602 ἁμαρτίαις
1408 535 1591 589 αὐτῶν
1639 534 1849 590 ἀποθαο

257 617 445 681 νόντες
480 620 538 672 ἐν
596 621 663 689 τῇ
697 619 854 689 φλογὶ
905 623 1305 678 κατακαίονται
1355 626 1446 680 τοῦ
1483 625 1702 694 φθόνου,
1755 627 1852 695 ζη-

257 707 499 777 λοῦντες,
561 710 635 774 ῶς
701 728 872 782 φησιν
925 716 954 767 ὁ
998 715 1344 781 Ἀπόστολος,
1393 718 1476 770 ὅτι
1530 719 1580 772 οί
1642 719 1853 772 ἐθνικοὶ

256 801 704 873 προσεδέχθησαν
738 804 817 868 είς
865 805 1194 873 τὴνπίστιν,
1227 809 1253 861 ό
1280 809 1336 861 δέ
1383 809 1515 880 πρὶν
1553 811 1724 881 πένης
1753 809 1850 864 καὶ

253 894 450 963 ἄτιμος
509 895 637 957 λαδς
686 895 796 948 τῶν
849 896 1020 951 ἐθνῶν
1067 899 1127 951 ἐν
1185 899 1408 965 κόλποις
1455 901 1712 972 Ἀϐραὰμ
1751 901 1847 957 τοῦ

254 986 466 1055 πατρὸς
505 986 612 1038 τῶν
669 986 839 1041 ἐθνῶν
891 988 1070 1056 διάγει
1123 990 1374 1056 είκότως.
1430 993 1541 1046 Καὶ
1581 993 1693 1066 γὰρ
1755 996 1848 1048 καὶ

255 1074 533 1148 Ἀϐραὰμ,
574 1079 784 1145 ἐθνικὸς
811 1079 908 1149 ὢν,
947 1081 1238 1136 ἐπίστευσε
1271 1084 1351 1156 τῷ
1386 1084 1507 1156 Θεῷ
1541 1088 1634 1139 καὶ
1663 1085 1724 1151 ἐξ
1770 1088 1848 1140 εί-

249 1168 648 1241 δωλολατρείας
692 1173 774 1237 είς
828 1173 1164 1242 θεογνωσίαν
1235 1177 1494 1248 μετέστη.
1549 1179 1613 1232 Οί
1666 1179 1847 1234 τοίνυν

249 1265 502 1316 κοινωνοὶ
551 1264 653 1334 τῆς
703 1266 1051 1335 μεταθέσεως
1097 1268 1262 1323 αὑτοῦ
1304 1272 1398 1324 καὶ
1448 1271 1550 1341 τῆς
1585 1273 1843 1340 πίστεως,

247 1354 479 1420 εἰκότως
531 1357 625 1411 καὶ
678 1359 738 1413 ἐν
780 1361 894 1423 τοῖς
952 1361 1175 1425 κόλποις
1217 1362 1384 1418 αὐτοῦ
1448 1365 1843 1432 ἀναπαύονται,

245 1445 348 1510 τάς
393 1447 566 1511 αὑτὰς
612 1448 763 1520 αὑτῷ
796 1450 1001 1520 λήξεις,
1037 1454 1130 1507 καὶ
1185 1454 1377 1524 μονὰς,
1436 1457 1530 1510 καὶ
1576 1459 1845 1531 ὑποδοχὰς

245 1533 356 1591 τῶν
382 1539 603 1608 ἀγαθῶν
633 1540 1072 1613 κληρωσάμενοι.
1107 1547 1214 1600 Καὶ
1237 1548 1499 1620 ἐπιθυμεῖ
1525 1552 1554 1603 δ
1587 1548 1858 1618 Ἰουδαῖος⁵

247 1633 528 1701 σταγῶνος
570 1635 700 1705 μιᾶς
752 1636 860 1690 τῶν
898 1638 1051 1708 παρὰ
1082 1638 1161 1711 τῷ
1195 1641 1346 1712 νόμῳ
1377 1644 1625 1699 παλαιῶν
1656 1649 1844 1717 ῥαντι-

246 1722 425 1792 σμῶν,
474 1725 570 1777 καὶ
599 1725 935 1796 καθαρσίων,
971 1728 1047 1790 ὡς
1095 1730 1162 1783 ἂν
1205 1733 1582 1806 καταψυχθείη
1612 1737 1776 1791 αὑτοῦ
1810 1740 1843 1809 ή

246 1812 489 1880 γλῶσσα,
536 1816 630 1868 καὶ
670 1815 785 1885 ἔχοι
832 1818 893 1870 τὸ
939 1803 1544 1891 παῤῥησιάξεσθαινκαὶ
1571 1803 1760 1895 *λέγειν
1791 1803 1836 1882 τι

1948 1827 2195 1894 noluisti,
2251 1843 2316 1883 ac
2365 1837 2562 1886 caetera
2619 1847 2634 1886 ε

248 1905 388 1975 πρὸς
427 1907 596 1977 ἡμᾶς,
631 1908 707 1972 ὡς
736 1908 832 1962 τοῦ
859 1912 1024 1979 νόμου
1055 1914 1433 1984 ἐνεργοῦντος,
1472 1918 1589 1973 ἀλλ’
1622 1920 1684 1973 ού
1711 1938 1845 1989 τυγ-

243 1996 418 2067 χάνει.
457 1998 516 2052 '0
542 2000 708 2070 νόμος
730 2002 839 2074 γὰρ
865 2003 971 2068 ἕως
1009 2006 1284 2061 Ἰωάννουο
1312 2010 1406 2063 καλ⁹
1434 2010 1650 2080 θυσίαν,
1685 2016 1842 2086 φησι,

245 2091 338 2144 καὶ
373 2094 694 2162 προσφοράν
741 2097 843 2150 οὐκ
895 2097 1195 2168 ἠθέλησας,
1243 2103 1338 2154 καὶ
1373 2105 1442 2158 τὰ
1476 2104 1626 2176 ἑξῆς.
1663 2109 1772 2161 Καὶ
1813 2111 1841 2161 ὁ

244 2181 444 2252 Δανιὴλ
475 2183 1030 2256 ἐξολοθρευθήσεσθαι
1080 2190 1309 2262 χρίσμα,
1351 2195 1447 2248 καὶ
1501 2199 1844 2268 σφραγισθῆ-

241 2289 334 2326 ναι
389 2275 752 2345 προφητείαν,
795 2279 1062 2346 τουτέστι,
1099 2283 1380 2354 παυθῆναι
1450 2288 1547 2341 καὶ
1588 2289 1843 2357 συγκλειο

243 2363 440 2435 ιρ-θῆναι
470 2370 870 2440 προηγόρευσε.
898 2373 971 2427 Σὺ
1001 2372 1058 2427 δὲ
1091 2375 1183 2429 καὶ
1215 2377 1427 2446 ἠθικῶς
1459 2380 1559 2451 τὴν
1591 2383 1840 2452 παραϐο-

241 2455 341 2527 λὴν
373 2457 709 2530 ἐκλαμϐανε,
745 2463 838 2516 καὶ
890 2464 964 2536 μὴ
992 2464 1246 2532 πλούσιος
1276 2469 1353 2524 ὢν
1382 2471 1440 2525 ἐν
1471 2476 1660 2539 κακοῖς
1694 2491 1841 2548 παρ-

238 2550 372 2620 ορᾷς
429 2550 520 2604 τὸν
567 2553 692 2606 νοῦν
739 2572 834 2608 σου
881 2556 1244 2628 λιμώττοντα,
1278 2563 1373 2616 καὶ
1421 2565 1573 2619 κάτω
1603 2565 1845 2640 βεϐλημ-

243 2640 407 2709 μένον
443 2644 535 2696 τὸν
563 2643 676 2700 ἄνω
706 2646 972 2718 φέρεσθαι
1003 2650 1574 2727 δεδημιουργημένον,
1610 2662 1700 2714 καὶ
1739 2663 1845 2733 πρὸ

235 2730 350 2786 τῶν
391 2733 654 2789 πυλώνων
700 2737 978 2808 κείμενον,
1038 2742 1155 2795 ἀλλ’
1193 2745 1458 2816 εἰσάγαγε
1489 2750 1655 2805 αὑτὸν
1711 2730 1841 2808 sub.

238 2824 336 2877 καὶ
373 2822 451 2897 μὴ
480 2823 584 2892 ἔξω
610 2825 772 2907 ἔστω,
824 2829 921 2886 καὶ
955 2835 1407 2906 περιπλανάσθω,
1445 2841 1584 2910 μηδὲ
1615 2843 1841 2908 κείσθω,

1960 543 2019 589 ιιι
2063 533 2197 590 dicit
2236 528 2554 604 Apostolus,
2586 528 2732 600 quod
2772 527 3005 600 gentiles
3050 523 3320 594 assumpti
3351 521 3464 580 sint
3497 523 3564 576 ad

1959 627 2116 681 ﬁdem
2146 645 2159 682 :
2200 625 2294 696 qui
2324 632 2504 680 autem
2538 623 2690 694 prius
2715 635 2924 692 pauper
2953 627 3150 675 eratet
3177 615 3434 688 ignobilis
3466 630 3564 684 por-

1955 719 2117 789 pulus
2163 717 2405 789 gentilis,
2453 716 2506 772 in
2557 714 2773 772 sinibus
2811 710 3049 768 Abrahae
3104 710 3279 782 patris
3319 709 3566 781 gentium

1956 811 2152 865 merito
2181 818 2456 865 versatur.
2503 806 2721 875 Etenim
2764 813 2821 860 et
2865 803 3145 860 Abraham
3185 817 3311 857 cum
3346 799 3566 872 gentilis

1953 910 2122 965 esset,
2168 899 2407 957 credidit
2453 897 2586 967 Deo,
2638 905 2695 953 et
2727 911 2792 954 ex
2844 894 3113 952 idolorum
3159 895 3310 951 cultu
3364 894 3434 950 ad
3467 895 3562 949 Dei

1952 994 2288 1065 agnitionem
2346 994 2588 1049 transiit.
2649 991 2886 1048 Proinde
2947 986 3041 1060 qui
3089 989 3390 1061 participes
3439 996 3565 1043 sunt

1957 1083 2340 1140 translationis
2385 1083 2504 1153 ejus
2538 1093 2594 1140 et
2629 1081 2777 1149 ﬁdei,
2821 1080 2949 1152 jure
2996 1089 3051 1138 et
3093 1082 3146 1136 in
3185 1080 3398 1136 sinibus
3444 1079 3563 1150 ejus

1951 1179 2264 1249 quiescunt,
2310 1179 2565 1235 eumdem
2644 1179 2807 1233 finem
2856 1187 2912 1234 et
2956 1174 3326 1233 habitationes
3371 1184 3426 1230 et
3472 1189 3565 1229 su-

1949 1271 2288 1340 sceptionem
2317 1270 2586 1326 bonorum
2637 1269 2844 1326 sortiti.
2874 1268 3040 1341 [‘22
3065 1268 3130 1323 Et
3163 1269 3315 1338 cupit
3344 1264 3559 1320 Judao-

1950 1377 2069 1418 rum
2093 1363 2324 1433 populus
2350 1378 2513 1419 unam
2545 1372 2754 1434 guttam
2797 1363 2864 1418 de
2903 1361 3314 1432 aspersionibus
3343 1367 3398 1414 et
3428 1373 3560 1428 pur-

1948 1457 2264 1528 gationibus
2314 1456 2514 1528 priscis
2573 1455 2864 1526 legalibus,
2912 1462 2975 1510 ut
3042 1452 3399 1524 refrigeretur
3442 1451 3562 1521 ejus

1948 1549 2160 1618 lingua,
2196 1558 2251 1605 et
2287 1550 2458 1620 possit
2508 1548 2850 1605 confidenter
2903 1546 3051 1616 loqui
3095 1542 3253 1600 nobis
3287 1542 3434 1613 quod
3474 1541 3559 1595 lex

1948 1640 2019 1694 sit
2049 1639 2237 1695 efﬁcax
2268 1650 2323 1696 et
2350 1642 2762 1712 operetur;sed
2787 1655 2894 1695 non
2927 1648 3046 1695 est:
3081 1637 3166 1692 lex
3203 1637 3349 1692 enim
3387 1649 3561 1704 usque

1946 1733 2015 1787 ad
2054 1730 2321 1789 Joannem
2357 1751 2370 1788 :
2400 1745 2454 1790 et
2490 1735 2856 1799 sacrificium,
2901 1731 3100 1802 inquit,
3134 1738 3190 1785 et
3224 1728 3557 1784 oblationem

2691 1838 2747 1885 et
2802 1827 3016 1892 Daniel,
3088 1822 3562 1880 Exterminabitur

1945 1923 2155 1977 unctio.
2211 1921 2278 1976 Et
2318 1923 2523 1993 signari
2570 1925 2894 1992 prophetas,
2950 1922 3054 1976 hoc
3101 1929 3212 1984 est,
3244 1927 3562 1975 cessaturos

1943 2029 2068 2070 esse
2097 2025 2151 2071 et
2181 2015 2596 2073 concludentlos
2630 2017 2905 2088 praedixit.
2953 2013 3033 2069 Tu
3066 2023 3251 2068 autem
3293 2019 3346 2068 et
3375 2025 3561 2065 mora-

1942 2110 2071 2164 liter
2097 2108 2416 2177 parabolam
2449 2123 2684 2177 cXpoue,
2711 2117 2856 2163 etne
2882 2122 3005 2162 cum
3031 2105 3109 2161 sis
3134 2104 3309 2168 dives,
3336 2104 3388 2156 in
3417 2103 3561 2154 malo

1946 2208 2188 2254 mentem
2224 2210 2372 2254 tuam
2424 2199 2735 2254 famelicam
2781 2209 3108 2269 praetereas,
3163 2207 3341 2264 neque
3373 2192 3560 2260 despi-

1939 2293 2054 2349 cias
2089 2293 2388 2348 inhumum
2437 2294 2741 2365 proiectam
2775 2303 2851 2357 et,
2892 2308 3016 2348 cum
3046 2291 3194 2344 facta
3228 2289 3301 2343 sit
3349 2297 3407 2342 ut
3439 2301 3561 2342 sur-

1943 2402 2063 2443 sum
2095 2387 2302 2453 tendat,
2329 2397 2460 2442 ante
2513 2387 2660 2443 fores
2689 2387 2990 2456 jacentem,
3022 2383 3118 2438 sed
3157 2381 3410 2437 introduc
3438 2394 3558 2434 eam

1950 2481 2117 2545 intro,
2151 2490 2206 2537 et
2230 2495 2342 2536 non
2373 2489 2482 2535 stet
2511 2480 2666 2546 foris,
2691 2495 2791 2534 nec
2820 2487 3072 2549 vagetur,
3104 2489 3206 2530 nec
3227 2474 3432 2543 jaceat,
3463 2471 3562 2526 sed

1950 2581 2226 2642 operetur.
2272 2573 2338 2627 Et
2373 2573 2453 2628 sic
2506 2588 2567 2630 ea
2619 2587 2740 2644 quae
2781 2571 3001 2634 mentis,
3057 2566 3296 2639 operari,
3341 2579 3398 2621 et
3452 2578 3571 2619 non

1951 2666 2123 2719 solum
2155 2664 2212 2720 in
2241 2679 2407 2722 carne
2440 2665 2684 2722 tleliciari
2719 2664 2949 2736 poteris.
2985 2661 3170 2718 Facile
3203 2659 3365 2715 fuerit
3390 2658 3555 2715 etiam

1952 2758 2056 2812 alia
2089 2773 2209 2828 qua:
2239 2758 2297 2814 in
2324 2759 2428 2815 hac
2455 2758 2714 2830 parabola
2758 2766 2886 2813 sunt
2916 2754 2984 2810 atl
3017 2767 3229 2808 morum
3264 2749 3555 2806 utilitatem

1952 2865 2244 2920 exponere.

237 2916 355 2970 ἀλλ’
393 2918 708 2989 ἐνεργείτω.
745 2923 932 2990 Οὕτως
964 2927 1090 3006 ’γάρ
1132 2930 1198 2984 ἀν
1228 2948 1310 2985 σοι
1343 2933 1562 3007 ὑπάρξῃ
1631 2938 1693 2991 τὸ
1729 2942 1872 2997 κατὰ
1908 2916 2036 2999 νοῦν
2065 2947 2335 3016 ἐνεργεῖν,
2385 2947 2481 2999 καὶ
2549 2945 2624 3016 μὴ
2676 2947 2834 3017 μόνον
2886 2946 3032 3002 κατά
3083 2945 3264 3016 σάρκα
3317 2947 3555 3018 τρυφᾷν.

239 3008 349 3062 Καὶ
408 3011 456 3062 τ’
507 3011 642 3067 ἀλλα
693 3013 752 3066 δι
796 3015 898 3086 τῆς
947 3020 1272 3094 παραϐολῆς
1324 3026 1509 3096 ῥᾴδιον
1547 3031 1626 3092 εἰς
1663 3031 1828 3102 ἤθους
1868 3008 2527 3105 miserescat...

859 3133 1114 3193 ΚΕΦΑΛ.
1153 3138 1253 3196 lZ'.

237 3235 784 3331 Περίτσαίαῖδὲίῖιίου.
803 3246 950 3331 ρει)
980 3248 1088 3329 {of}
1120 3250 1368 3331 ᾀφξῐται
1401 3258 1507 3331 τὰς
1537 3261 1830 3331 ἁμαρτίας

461 3312 777 3402 ignotos:
795 3312 934 3402 ἷζερὶ
953 3316 1065 3402 ζῇς
1079 3312 1342 3402 είς-’Θρργ
1368 3312 1830 3402 azq'zéiSa'ﬁépi

307 3377 428 3472 mor
470 3377 624 3472 δέκα
659 3377 920 3472 λεπρῶῦσ.
1145 3377 1253 3472 τοᾷ
1284 3377 1828 3472 ζιηᾶὸξῖᾶἓριῖἱὲἦὶ

307 3447 519 3516 θέντος
544 3452 690 3506 πότε
712 3447 946 3525 ἔρχεται
979 3447 1486 3537 ἠξϐασιλείαξτοῧ

312 3581 332 3615 ι
372 3560 505 3618 Eine
545 3566 603 3623 δὲ
653 3569 790 3641 πρὸς
834 3574 963 3639 τοὺς
1015 3577 1292 3648 μαθητὰς,
1344 3584 1665 3643 ἀνένδεκτόν
1714 3593 1830 3647 ἐστι

234 3654 331 3754 τοῦ
371 3656 449 3728 μὴ
480 3659 656 3714 ἐλθεῖν
682 3664 750 3716 τὰ
780 3665 1078 3734 σκάνδαλα,
1104 3675 1229 3728 οὐαὶ
1269 3676 1324 3730 δὲ
1357 3677 1426 3731 δι’
1451 3675 1512 3735 οὗ
1547 3681 1826 3754 ἔρχονται’

235 3742 509 3803 λυσιτελεῖ
536 3751 686 3823 αὐτῷ
712 3755 771 3818 εί,
814 3757 983 3825 μύλος
1022 3762 1202 3828 ὀνικὸς
1235 3769 1544 3839 περίκειται
1582 3742 1712 3846 έέρι
1741 3778 1831 3832 τὸν

235 3838 508 3909 τράχηλον
532 3844 722 3913 αὐτοῦ,
779 3850 872 3902 καὶ
903 3851 1162 3924 ἔρριπται
1195 3861 1274 3923 είς
1449 3838 1748 3935 θάλασσαν,
1795 3871 1830 3942 ἢ

239 3930 325 3982 ἵνα
363 3934 698 4011 σκανδαλίσῃ
732 3940 826 3994 ἕνα
862 3943 972 3998 τῶν
1006 3949 1221 4018 μικρῶν
1257 3954 1484 4010 τούτων.
1523 3959 1830 4033 Προσέχετε

236 4022 472 4089 ἑαυτιῖς.
521 4027 646 4081 Ἐὰν
677 4030 733 4082 δὲ
768 4033 992 4109 ἁμάρτῃ
1022 4040 1102 4102 είς
1138 4041 1196 4094 σέ
1240 4045 1267 4096 ὁ
1299 4045 1527 4115 ἁδελφός
1565 4022 1678 4119 σου,
1706 4022 1831 4109 ,ἐπι-

235 4115 467 4185 τίμησον
511 4119 683 4191 αὐτῷ’
719 4123 814 4177 καὶ
844 4128 939 4179 ἐὰν
971 4136 1303 4206 μετανοήσῃ,
1340 4138 1478 4206 ἀφες
1529 4115 1701 4213 αὐτῷ,
1738 4149 1832 4201 καὶ

238 4209 334 4261 ἐὰν
395 4211 626 4277 ἑπτάκις
678 4217 775 4286 τῆς
827 4219 1041 4292 ἡμέρας
1102 4225 1414 4298 ἁμαρτήσει
1467 4236 1546 4298 εἰς
1598 4209 1678 4302 σέ,
1737 4242 1831 4293 καὶ

235 4304 466 4400 ἑπτάκις
498 4306 812 4384 ἐπιστρέψῃ
842 4314 920 4376 είς
938 4315 1016 4380 σὲ,
1050 4316 1242 4388 λέγων,
1277 4323 1564 4392 Μετανοῶ,
1597 4331 1831 4400 ἀφήσεις

235 4392 409 4464 αὐτῷ.
447 4415 464 4448 ι
531 4397 750 4473 Ἐπειδὴ
783 4404 830 4455 oi
861 4405 1168 4478 Φαρισαῖοι,
1205 4413 1601 4487 φιλοχρήματοι
1647 4392 1829 4491 ὅντες,

233 4488 585 4559 διεγόγγυζον
637 4495 781 4548 κατά
841 4498 936 4551 τοῦ
985 4501 1196 4572 Κυρίου
1247 4507 1378 4576 περὶ
1437 4488 1830 4586 ἀκτημοσύνης

230 4579 507 4649 λέγοντος,
556 4583 680 4640 εἶπε
730 4589 831 4659 μὲν
871 4591 964 4644 καὶ¹
1003 4594 1100 4664 τὴν
1129 4596 1226 4648 τοῦ
1260 4598 1518 4655 πλουσίου
1567 4579 1685 4659 ’καὶ
1734 4579 1829 4660 τού

230 4672 483 4744 Λαζάρου
515 4678 858 4750 παραϐολὴν,
890 4681 1154 4738 δεικνύων
1176 4687 1360 4744 αὐτοῖς
1390 4690 1480 4744 διὰ
1502 4693 1710 4766 ταύτης
1736 4697 1828 4752 οἵα

227 4761 426 4829 αὐτοὺς
459 4767 680 4834 κόλασις
714 4771 992 4840 ἐκδέξεται
1023 4776 1113 4829 διὰ
1161 4779 1223 4830 τὸ
1252 4780 1631 4849 φιλόπλουτον.
1661 4761 1827 4857 λέγει

227 4854 284 4908 δὲ
321 4854 508 4911 λοιπὸν
541 4861 634 4913 καὶ
683 4863 820 4933 πρὸς
854 4865 982 4930 τοὺς
1021 4867 1273 4940 μαθητάς
1324 4876 1418 4928 καὶ
1468 4879 1597 4947 περὶ
1645 4854 1829 4936 αὐτῶν

228 4945 340 4998 τῶν
374 4948 703 5019 Φαρισαίων,
744 4958 1219 5032 σκανδαλουργοὺς
1268 4968 1552 5037 ἐμφαίνων
1603 4973 1825 5044 αὐτοὺς,

224 5037 339 5106 καὶί
377 5040 716 5110 ἐμποδιστὰς
745 5047 845 5117 τῆς
893 5050 1044 5116 θείας
1075 5054 1219 5120 ὁδοῦ,
1254 5060 1347 5111 καὶ
1379 5059 1466 5111 διὰ
1495 5062 1656 5115 τοῦτο
1699 5037 1825 5118 οὐαί

228 5129 417 5196 αὐτοῖς
442 5135 789 5208 ἀποκληρῶν.
827 5142 892 5194 Τί
915 5140 1010 5197 οὗν
1052 5162 1252 5216 φησιν,
1307 5149 1528 5219 ἴδωμεν.
1577 5155 1819 5208 Ἀνένδε-

227 5222 360 5276 κτόν
411 5225 529 5278 ἐστι
580 5228 655 5299 μὴ
710 5232 889 5287 ἐλθεῖν
917 5235 987 5289 τὰ
1041 5238 1338 5307 σκάνδαλα,
1381 5243 1505 5296 οὐαὶ
1555 5247 1609 5297 δὲ
1663 5246 1730 5299 δι’
1761 5242 1822 5302 οὗ

228 5313 473 5383 ἔρχεται,
525 5323 846 5390 τουτέστιν,
901 5326 1166 5384 ἀδύνατόν
1220 5332 1336 5385 ἐστι
1397 5333 1473 5404 μὴ
1525 5335 1702 5390 ἐλθεῖν
1753 5342 1822 5394 τὰ

227 5407 524 5472 σκάνδαλα,
572 5412 692 5482 ἦτοι
722 5416 791 5468 τὰ
823 5417 1126 5489 κωλύματα
1167 5425 1268 5493 τῆς
1311 5425 1524 5496 ἀγαθῆς
1557 5430 1649 5481 xxi.
1699 5430 1822 5485 θεο-

229 5496 420 5567 φιλοῦς
453 5500 752 5570 πολιτείας.
817 5509 1059 5581 Ἀνάγκη
1085 5515 1193 5586 γάρ
1222 5515 1308 5570 διὰ
1353 5518 1451 5587 τὴν
1479 5520 1682 5590 πολλὴν
1713 5523 1823 5576 τῶν

227 5590 534 5662 ἀνθρώπων
560 5602 824 5672 πονηρίαν
853 5604 1154 5675 κωλύματα
1196 5610 1368 5664 πολλά
1398 5613 1493 5665 τοῦ
1525 5613 1822 5685 κηρύγμα⁶

1866 3155 1916 3218 C

2519 3153 2751 3210 CAPUT
2790 3154 2956 3212 XVII.

1933 3267 2321 3344 De_sca_m_talo.
2359 3270 2516 3344 Quod
2540 3274 2857 3344 remittenda
2882 3276 2986 3329 sint
3019 3276 3277 3344 proximis
3309 3287 3546 3344 peccata.

2007 3338 2084 3392 De
2115 3338 2219 3406 ﬁde
2262 3341 2319 3394 in
2351 3341 2540 3397 Deum.
2580 3342 2657 3396 De
2687 3345 2863 3398 darem
2892 3338 3135 3410 leprosis.
3181 3346 3259 3400 De
3285 3338 3417 3401 Iesu
3467 3348 3556 3402 in-

2008 3417 2295 3480 terrogato,
2325 3410 2683 3476 Quandonam
2716 3425 2990 3469 venturum
3023 3418 3088 3472 sit
3111 3432 3329 3487 regnum
3358 3417 3480 3474 Dei.

2011 3595 2177 3653 Vens.
2229 3599 2346 3654 1-4.
2399 3619 2417 3652 ι
2473 3600 2622 3656 Dixit
2649 3613 2832 3657 autem
2877 3605 2944 3657 ad
2994 3604 3296 3673 discipulos
3341 3621 3354 3658 :
3404 3605 3549 3660 Fieri

1937 3702 2044 3742 non
2083 3699 2262 3757 potest
2306 3690 2438 3760 quin
2471 3693 2692 3748 veniant
2718 3693 3085 3764 offendicula;
3123 3712 3204 3752 vae
3238 3707 3421 3752 tamen
3473 3697 3550 3754 illi

1937 3793 2035 3848 per
2060 3795 2223 3850 quem
2256 3782 2501 3839 veniunt.
2536 3785 2774 3858 Expedit
2816 3788 2890 3842 illi
2937 3790 2981 3844 si
3019 3790 3161 3844 mola
3187 3793 3424 3845 asinaria
3454 3808 3548 3862 po-

1938 3882 2100 3926 uatur
2130 3875 2273 3930 circa
2309 3876 2506 3931 collum
2535 3878 2674 3948 ejus,
2703 3890 2756 3933 et
2783 3885 3062 3951 projectus
3089 3881 3252 3937 fuerit
3282 3883 3334 3937 in
3371 3900 3545 3950 mare,

1933 3960 2116 4031 potius
2158 3981 2318 4036 quam
2353 3979 2413 4023 ut
2443 3969 2776 4027 oﬂ‘endiculo
2806 3974 2879 4027 sit
2923 3975 3013 4027 uni
3046 3975 3114 4029 de
3151 3975 3363 4044 pusillis
3397 3975 3541 4033 istis.

1936 4055 2138 4123 Cavete
2169 4059 2339 4114 vobis.
2376 4058 2434 4116 Si
2475 4065 2786 4131 peccaverit
2837 4066 2892 4119 in
2941 4076 2991 4120 te
3037 4065 3207 4122 frater
3259 4077 3407 4134 tuus,
3463 4071 3548 4124 in-

1938 4161 2100 4216 crepa
2141 4147 2291 4202 illum
2332 4167 2346 4202 :
2391 4161 2444 4206 et
2485 4151 2531 4207 si
2586 4153 2931 4222 pwnituerit,
2984 4159 3203 4213 remitte
3242 4159 3340 4214 illi.
3384 4161 3453 4215 Et
3497 4164 3544 4217 si

1939 4237 2146 4306 septies
2174 4241 2229 4294 in
2257 4239 2346 4297 die
2381 4245 2692 4310 peccaverit
2721 4245 2776 4299 in
2809 4257 2881 4306 te.
2907 4258 2960 4300 et
2986 4250 3187 4316 septies
3214 4251 3268 4304 in
3300 4254 3386 4307 die
3416 4269 3546 4308 con-

1939 4342 2130 4385 versus
2166 4330 2331 4386 fuerit
2378 4337 2444 4389 ad
2485 4346 2556 4401 te,
2595 4337 2806 4404 dicens,
2857 4338 3093 4394 Paenitet
3155 4357 3243 4398 me
3275 4361 3288 4398 :
3326 4346 3548 4400 remitte

1941 4419 2090 4474 illi.)
2154 4422 2424 4490 Quoniam
2487 4425 2753 4484 Pharisaei
2812 4433 2967 4486 avari
3052 4435 3544 4492 obtnurmurabant

1863 4497 1908 4553 Ῑ)
1938 4521 2127 4568 contra
2160 4515 2450 4572 Dominum
2487 4519 2553 4574 de
2589 4530 2911 4592 paupertate
2961 4525 3297 4609 loquentem,
3346 4529 3543 4600 quibus

1934 4615 1990 4661 et
2025 4608 2340 4676 parabolam
2373 4611 2508 4666 dixit
2546 4613 2611 4668 de
2654 4614 2820 4671 divite
2865 4626 2920 4673 et
2963 4608 3192 4687 [λεῖοι-ο,
3244 4624 3542 4678 ostendens

1935 4700 2014 4754 eis
2065 4716 2164 4771 per
2207 4701 2381 4770 illam,
2434 4716 2637 4775 quanta
2675 4719 2899 4777 propter
2934 4725 3177 4766 amorem
3224 4712 3538 4768 divitiarum

1934 4791 2198 4859 supplicia
2229 4797 2445 4862 passuri
2490 4808 2618 4851 sunt
2649 4815 2662 4852 :
2696 4799 2827 4854 dicit
2862 4816 3009 4856 nunc
3038 4801 3105 4857 ad
3143 4803 3440 4873 discipulos
3475 4806 3540 4860 de

1935 4883 2127 4938 iisdem
2173 4884 2488 4956 Pharisaeis,
2533 4891 2893 4948 manifestans
2946 4909 3041 4949 eos
3095 4909 3218 4950 esse
3248 4898 3538 4952 seandalo-

1933 4987 2054 5030 rum
2086 4984 2362 5045 auctores,
2395 4989 2450 5035 et
2480 4981 2843 5053 impedientes
2876 5001 2908 5040 a
2937 4988 3022 5040 via
3047 4986 3165 5053 Dei,
3201 4997 3253 5041 et
3288 5000 3541 5058 propter-

1935 5083 1996 5123 ea
2024 5083 2105 5124 vae
2137 5070 2216 5125 eis
2250 5071 2623 5141 inﬂigentlum.
2651 5074 2947 5134 Videamus
2995 5081 3160 5149 igitur
3186 5080 3315 5149 quid
3346 5083 3492 5137 dicat
3521 5103 3535 5138 :

1935 5157 2077 5215 Fieri
2122 5177 2227 5220 non
2272 5174 2453 5232 potest
2484 5177 2540 5222 ut
2571 5184 2676 5223 non
2717 5171 2978 5226 eveniant
3019 5174 3301 5238 scandala,
3333 5176 3410 5245 (α)
3461 5194 3537 5232 va:

1928 5259 2111 5307 autem
2157 5254 2234 5307 illi
2294 5271 2388 5325 per
2424 5271 2584 5326 quem
2637 5261 2868 5316 veniunt
2917 5282 2928 5316 :
2985 5263 3197 5318 scilicet
3252 5265 3368 5320 fieri
3429 5283 3533 5324 non

1928 5355 2103 5413 potest
2152 5355 2211 5401 ut
2259 5364 2364 5403 non
2419 5352 2644 5407 veniant
2681 5356 2961 5422 scandala,
3002 5359 3102 5413 hoc
3147 5370 3248 5423 est,
3302 5361 3532 5431 impedi-

1931 5449 2112 5490 menta
2164 5440 2318 5494 bona:
2369 5444 2586 5512 Deoque
2647 5448 2860 5515 placitae
2909 5451 3050 5505 vitze.
3101 5452 3338 5509 Necesse
3387 5457 3530 5510 cnim

1930 5541 2147 5598 propter
2181 5535 2405 5588 multam
2454 5532 2732 5594 hominum
2783 5543 3047 5598 malitiam
3083 5547 3250 5600 multa
3301 5549 3555 5616 impedi-‘

1934 5632 2114 5675 menta
2147 5627 2552 5692 praedicationis
2584 5641 2636 5686 et
2661 5634 2906 5688 veritatis
2941 5636 3190 5691 inveniri.
3229 5637 3318 5691 Va:
3349 5652 3530 5694 autem

299 5774 375 5845 (η)
399 5773 539 5832 Edit.
581 5779 706 5837 Lut.
743 5783 947 5854 omisit,
982 5802 1054 5843 rce
1082 5799 1256 5843 autent
1295 5791 1372 5846 illi
1403 5810 1494 5864 per
1543 5814 1694 5866 quem
1743 5801 1951 5854 veniunt
1988 5820 2002 5857 .'
2037 5804 2500 5875 scilicet/ierint)»
2536 5824 2702 5880 potest
2762 5822 2949 5868 utnon
2996 5815 3204 5870 veniunt
3251 5819 3529 5876 scandala.
