4000 6410
526 298 637 365 983

1452 298 2037 366 THEOPHYLACTI
2081 306 2495 368 BULGARI/E
2535 306 2892 368 ARCHIEP.

3684 304 3783 368 98l

531 412 604 471 illi
636 426 731 482 per
750 426 908 482 quem
947 414 1185 480 veniunt,
1209 414 1261 469 id
1284 424 1388 481 est,
1421 414 1498 472 illi
1526 415 1614 485 qni
1643 431 1706 471 ea
1739 415 1888 482 facit,
1916 417 2081 486 quale:

2208 438 2297 484 τος
2356 420 2449 475 καὶ
2480 419 2579 490 τῆς
2609 419 2870 490 ἀληθείας
2893 416 3203 490 εὐρεθῆναν
3238 414 3379 487 πλὴν
3409 415 3529 471 ἀλλ’
3563 417 3689 471 οὐαὶ
3713 421 3787 490 τῷ

526 512 655 560 sunt
677 501 1066 573 Pharisaeigqui
1085 504 1365 562 offendunt
1384 514 1437 561 et
1464 506 1747 571 prohibent
1761 507 2101 575 praedicatio.

526 608 672 649 nem.
715 593 789 665 (a)
816 593 901 670 At_
928 594 1173 665 plerique
1239 597 1621 651 addubitantes
1674 604 1949 666 quaerunt,
1974 613 2099 651 num

527 699 748 739 necesse
784 683 873 749 sit,
914 688 1172 741 eveniant
1197 687 1473 754 scandala,
1506 704 1625 757 quae
1660 686 2099 757 prmdicationem

525 788 748 841 prorsus
780 773 942 846 5.23
980 777 1297 846 impediunt.
1332 776 1509 844 Quare
1546 777 1711 849 igitur
1741 778 2097 845 condemnas,

525 863 770 931 Domine,
792 877 845 921 et
864 870 1092 924 miseros
1108 869 1242 925 dicis
1265 884 1358 925 eos
1387 871 1745 941 qui‘scandala
1775 870 2097 929 faciunt?ex

526 958 850 1014 necessitate
878 960 1022 1014 enim
1054 960 1187 1017 tales
1213 962 1342 1016 facti
1366 972 1512 1017 sunt.
1539 962 1713 1019 Omne
1742 972 1922 1020 autem
1954 965 2097 1035 quod

524 1048 916 1115 necessarium,
945 1050 1063 1106 ,hoc
1092 1060 1147 1105 et
1175 1052 1328 1107 venia
1368 1052 1617 1122 dignum.
1663 1050 1772 1108 Sed
1794 1054 1917 1108 audi
1952 1054 2095 1124 quod

519 1140 818 1197 necessitas
857 1141 943 1196 illa
986 1157 1051 1198 ex
1083 1144 1363 1200 voluntate
1413 1146 1578 1201 habet
1635 1146 1844 1201 initium
1879 1165 1894 1213 ;
1936 1157 2012 1213 et,
2040 1159 2097 1201 ut

525 1231 844 1300 explicatius
876 1227 1048 1291 dicam
1087 1276 1102 1301 ,
1166 1235 1430 1293 Dominus
1479 1238 1669 1295 videns
1706 1238 1967 1293 malitiam
2000 1240 2098 1294 ho-

520 1322 723 1377 minum
754 1326 844 1393 qui
877 1330 1013 1380 tunc
1035 1335 1189 1381 erant
1222 1344 1236 1380 :
1277 1329 1431 1397 proni
1468 1330 1611 1384 enim
1660 1339 1817 1385 erant
1850 1332 1902 1386 in
1934 1346 2095 1388 omne

516 1416 1010 1489 malum,-nihilque
1056 1418 1180 1475 boni
1212 1420 1480 1490 eligebant
1526 1438 1540 1475 :
1575 1423 1710 1479 dicit
1753 1424 1895 1495 quod
1921 1437 2094 1494 quan-

520 1514 633 1559 tum
668 1507 734 1560 ad
766 1510 1207 1577 consequentiam
1257 1524 1444 1566 eorum
1505 1527 1628 1582 quae
1682 1512 1956 1580 videntur,
1992 1530 2093 1571 ne-

517 1608 667 1650 cesse
714 1597 783 1651 sit
823 1597 1008 1652 venire
1042 1599 1317 1654 scandala.
1368 1600 1570 1657 Malitia
1629 1603 1793 1673 igitur
1848 1604 1935 1658 cui
1974 1612 2091 1660 stu-

515 1687 643 1741 dent
696 1687 963 1757 homines,
1015 1705 1083 1746 ex
1135 1692 1412 1748 voluntate
1439 1703 1541 1749 est.
1594 1693 1851 1765 Operatio
1907 1707 2087 1753 autem

514 1777 963 1835 oﬂendiculorum
1001 1785 1312 1839 necessario
1361 1786 1617 1841 malitiam
1664 1790 1957 1843 comitatur
1991 1808 2003 1843 :
2037 1799 2089 1843 et

514 1868 586 1922 ita
619 1881 839 1939 propter
860 1874 961 1928 hoc
1001 1884 1055 1929 et
1080 1876 1332 1943 puniendi
1381 1888 1507 1932 sunt
1542 1879 1922 1934 scandalorum
1958 1896 2080 1936 auc-

515 1973 681 2017 tores.
710 1962 775 2018 Et
805 1979 899 2035 age
930 1966 1172 2022 dicamus
1206 1970 1478 2039 exempla.
1522 1970 1727 2026 Videns
1778 1975 2083 2045 quempiam

478 2055 754 2112 'medieus
806 2059 1000 2114 malam
1051 2060 1264 2116 diaetam
1345 2077 1567 2119 servare
1620 2076 1675 2120 et
1723 2066 2083 2123 insatiabilem

512 2160 655 2213 esse,
678 2149 851 2206 dicit:
889 2151 1265 2209 Necessarium
1290 2164 1371 2210 est
1417 2157 1567 2211 illum
1595 2168 1882 2228 aegrotare.
1946 2158 2082 2214 Num

512 2239 678 2308 igitur
730 2240 951 2297 morbus
1002 2246 1387 2301 necessarius?
1440 2248 1642 2313 Etiam,
1700 2260 1969 2319 quatenus
2020 2254 2084 2306 ad

513 2329 667 2385 malae
696 2333 868 2389 diaetae
896 2337 1357 2392 consecutionem.
1414 2338 1704 2407 Propterea
1742 2355 1820 2396 vae
1854 2342 1938 2399 his
1994 2344 2084 2412 qui

512 2420 949 2490 praedicationem
980 2426 1300 2494 impediunt,
1338 2442 1402 2482 eo
1427 2428 1570 2499 quod
1617 2432 1674 2483 in
1709 2439 1916 2486 tantam
1956 2446 2083 2500 per—

510 2522 771 2567 venerunt
811 2515 1095 2582 malitiam,
1140 2527 1199 2571 ut
1247 2518 1411 2573 etiam
1468 2512 2085 2578 necessarioeveniant

508 2604 785 2659 scandala.
822 2606 885 2660 Et
919 2608 1198 2675 expediret
1240 2610 1413 2680 magis
1449 2611 1657 2666 homini
1714 2614 1969 2669 scandala
2030 2624 2087 2669 et

508 2690 831 2749 offendicula
862 2694 1087 2752 facienti
1146 2699 1339 2753 molam
1376 2701 1669 2759 asinariam
1704 2703 1758 2757 in
1806 2703 1945 2759 collo
1967 2705 2086 2775 ejus

508 2783 763 2851 appendi,
797 2794 851 2837 et
881 2786 1070 2855 projici
1110 2802 1232 2842 eum
1283 2789 1335 2842 in
1368 2804 1543 2857 mare,
1586 2806 1748 2861 quam
1801 2800 1965 2848 unum
2017 2809 2083 2850 ex

506 2874 719 2942 pusillis
749 2874 997 2933 fidelibus
1031 2879 1390 2935 scandalizari
1434 2891 1488 2937 et
1514 2885 1777 2940 subverti.
1806 2885 1933 2941 Ideo
1965 2902 2083 2942 mu-

507 2964 586 3017 nit
615 2965 910 3035 discipulos
940 2982 1088 3033 suos,
1124 2980 1177 3023 et
1205 2969 1372 3027 dicit:
1428 2971 1628 3029 Cavete
1683 2980 1858 3033 vobis.
1918 2977 2079 3046 Ecce,

506 3058 703 3127 inquit,
736 3060 972 3129 praedico
1012 3063 1163 3119 vobis
1192 3065 1335 3134 quod
1378 3068 1595 3122 venient
1649 3071 1809 3137 mala,
1856 3072 2080 3127 inexcu-

2207 516 2274 569 δι’
2300 508 2362 569 οὗ
2392 513 2663 583 ἔρχονται,
2694 512 2773 583 τῷ
2798 511 3006 584 ἐργάτῃ
3026 510 3257 574 τούτων,
3288 504 3391 563 οἷοι
3418 511 3470 563 οί
3498 512 3785 581 Φαρισαῖοι

2208 604 2671 671 σκανδαλίζοντες,
2712 604 2809 659 καὶ
2857 603 3157 665 κωλύοντες
3190 602 3251 655 τὸ
3298 603 3593 679 κήρυγμα.
3626 604 3785 658 Ἀλλά

2206 699 2430 769 ζητοῦσι
2463 698 2648 751 πολλοὶ
2682 695 3113 774 ἐπαποροῧῇντες,
3162 697 3211 749 εί
3250 695 3472 763 ἀνάγκη
3502 695 3682 749 ἐλθεῖν
3721 696 3787 750 τά

2206 790 2500 856 σκάνδαλα,
2520 791 2611 842 καὶ
2632 789 2893 843 ἀδύνατον
2910 787 2986 858 μὴ
3003 785 3398 858 ἐμπώισθῆναι
3417 786 3482 839 τὸ
3496 788 3783 857 κήρυγμα,

2201 884 2289 937 διὰ
2320 886 2371 937 τί
2398 883 2584 937 λοιπὸν
2622 881 2995 952 κατακρίνεις,
3040 874 3103 932 ὣ-
3132 878 3326 948 Κύριε,
3356 879 3451 933 καὶ
3477 878 3786 943 ταλανίζεις

2201 977 2328 1042 τοὺς
2357 976 2466 1030 τῶν
2495 974 2810 1030 σκανδάλων
2842 972 3078 1043 ἐργάτας
3106 988 3119 1037 ;
3153 971 3211 1035 ἐξ
3234 972 3485 1040 ἀνάγκης
3527 970 3637 1041 γὰρ
3661 970 3785 1038 ἐγέ-

2201 1087 2354 1124 νοντο
2416 1068 2670 1131 τοιοῦτοι,
2712 1067 2825 1120 πᾶν
2878 1065 2935 1120 δέ
2979 1062 3471 1131 τὸάναγκαστικὸν
3502 1062 3603 1115 καὶ
3658 1078 3789 1129 συγ·

2201 1162 2460 1230 γνωστόν.
2510 1159 2649 1213 Ἀλλ’
2690 1161 2854 1214 ἄκουε
2895 1158 2978 1213 δτι
3005 1159 3038 1228 ή
3070 1156 3300 1223 ἀνάγκη
3325 1153 3465 1224 αὕτη
3501 1158 3567 1208 ἐκ
3595 1171 3786 1223 προαι-

2202 1257 2408 1327 ρέσεως
2459 1253 2574 1325 ἔχει
2613 1252 2713 1321 τὴν
2748 1250 2944 1343 ἀρξην,
3002 1244 3117 1302 οἶόν
3176 1264 3230 1343 τι
3262 1245 3425 1343 λέγω,
3490 1247 3518 1298 6
3562 1246 3786 1343 ’Κύριος

2196 1351 2340 1420 όρῶν
2387 1348 2486 1420 τὴν
2534 1343 2799 1417 πονηρίαν
2828 1337 2939 1397 τῶν
2966 1342 3085 1396 τότε
3117 1337 3449 1412 ἀνθρώπιον,
3487 1339 3585 1392 καὶ
3632 1340 3783 1402 ὅπως

2196 1461 2475 1529 ἔγκεινται
2507 1460 2599 1513 ἐπὶ
2634 1458 2694 1512 τὸ
2719 1456 2978 1529 πονηρὸν,
3022 1456 3118 1509 καὶ
3160 1454 3313 1509 οὐδὲν
3353 1450 3566 1520 ἀγαθὸν
3593 1466 3785 1519 προαι-

2199 1553 2443 1625 ροῦνται,
2488 1547 2664 1615 εἶπεν,
2722 1551 2805 1603 ὅτι
2863 1550 2985 1603 ὅσον
3015 1547 3124 1602 ἀπὸ
3168 1545 3268 1617 τῆς
3316 1542 3641 1602 ἀκολουθίας
3674 1540 3783 1592 τῶν

2193 1646 2486 1718 ὁρωμένων
2514 1645 2729 1713 ἀνάγκη
2763 1642 2911 1695 ἐστὶν
2941 1641 3115 1693 ἐλθεῖν
3135 1639 3205 1692 τά
3230 1636 3529 1690 σκάνδαλα.
3590 1634 3652 1686 Ἦ
3684 1631 3783 1702 μὲν

2194 1736 2285 1795 οὖν
2320 1738 2575 1809 πονηρία,
2616 1738 2681 1807 ἥν
2708 1731 3099 1804 ἐπετηδεύοντο
3147 1732 3193 1784 οί
3222 1728 3527 1799 ἄνθρωποι,
3554 1728 3619 1779 ἐκ
3646 1742 3784 1794 προ-

2192 1830 2478 1900 αιρέσεως,
2514 1830 2547 1897 ἡ
2574 1827 2629 1879 δὲ
2658 1826 2764 1880 τῶν
2798 1824 3111 1878 σκανδάλων
3144 1821 3381 1892 ἐργασία
3420 1820 3487 1871 ἐκ
3529 1816 3632 1885 τῆς
3686 1831 3783 1868 πο·

2191 1917 2383 1988 νηρῐας
2430 1914 2747 1983 ἀναγκαίως
2791 1912 3252 1983 ἐπηκολούθησεν,
3309 1908 3449 1961 ὥστε
3504 1906 3596 1960 διὰ
3624 1904 3782 1957 τοῦτο

2192 2013 2285 2063 καὶ
2308 2009 2587 2063 κολαστέοι
2638 2010 2687 2061 oi
2710 2007 2817 2060 τῶν
2848 2004 3162 2059 σκανδάλων
3190 2002 3443 2073 ἐργάται.
3492 1999 3603 2062 Ὡς,
3646 1996 3782 2065 φέρε

2189 2107 2367 2159 εἰπεῖν
2417 2104 2510 2157 ἐπὶ
2547 2100 2969 2171 ύποδείγματος,
3022 2096 3203 2165 ίατρὸς
3238 2093 3381 2165 ὁρῶν
3405 2109 3531 2145 τινα
3572 2088 3782 2160 μοχθη-

2194 2199 2301 2269 ρῶς
2346 2196 2722 2266 διαιτώμενον,
2765 2194 2860 2245 καὶ
2914 2190 3189 2259 ἀπληστίᾳ
3244 2189 3553 2257 χρώμενον,
3589 2182 3776 2234 εἴποι·

2202 2290 2526 2361 Ἀναγκαῖον
2560 2290 2674 2342 ἐστι
2730 2286 2919 2341 τοῦτον
2958 2284 3207 2353 νοσῆσαι.
3249 2276 3380 2350 'Ap’
3419 2273 3516 2331 οὖν
3548 2279 3579 2347 η
3626 2274 3780 2335 νόσος

2187 2385 2488 2455 ἀναγκαίας
2516 2383 2644 2447 Ναὶ,
2677 2382 2801 2434 ὅσον
2825 2379 2933 2433 ἀπὸ
2958 2381 3055 2449 τῆς
3080 2372 3401 2436 ἀκολουθίας
3430 2373 3533 2443 τῆς
3570 2371 3779 2441 μοχθη-

2188 2481 2289 2551 ρᾶς
2323 2477 2553 2547 διαίτης.
2619 2475 2717 2529 Διά
2775 2472 2936 2527 τοῦτο
2990 2469 3113 2523 οὐαὶ
3156 2471 3268 2530 τοῖς
3302 2466 3659 2537 ἐμποδίζουσι
3701 2464 3779 2535 τῷ

2188 2571 2529 2642 κηρύγματι,
2564 2568 2699 2621 διότι
2746 2566 2826 2628 είς
2855 2559 3350 2621 τοσοῦτονκακίας
3381 2554 3579 2628 ἦλθον,
3635 2556 3779 2607 ὥστε

2166 2665 2430 2735 ἀνάγκην
2483 2662 2737 2732 γενέσθαι
2764 2658 2856 2711 τοῦ
2881 2656 3059 2711 ἐλθεῖν
3086 2655 3157 2708 τὰ
3193 2651 3487 2706 σκάνδαλα.
3522 2650 3639 2703 Καὶ
3668 2649 3777 2716 γὰρ

2189 2775 2463 2845 συμφέρει
2526 2772 2603 2843 τῷ
2655 2767 2929 2841 ἀνθρώπῳ
2968 2767 3045 2837 τῷ
3078 2762 3350 2818 σκάνδαλα
3391 2765 3488 2816 καὶ
3538 2759 3777 2830 ἐμπόδια

2190 2868 2435 2922 ποιοῦντι
2481 2864 2650 2935 μύλον
2706 2862 2887 2915 ὁνικὸν
2949 2858 3329 2930 περιτεθῆναι,
3366 2854 3463 2908 καὶ
3507 2852 3778 2923 βληθῆναι

2186 2962 2265 3024 είς
2302 2958 2400 3029 τὴν
2430 2956 2725 3020 θάλασσαν,
2763 2953 2795 3023 ἢ
2839 2952 2935 3005 ἐνα
2964 2951 3073 3005 τῶν
3115 2946 3328 3020 μικρῶν
3364 2944 3573 3017 πιστῶν
3604 2961 3775 2997 σκαν-

2182 3052 2393 3107 δαλίσαι
2428 3052 2523 3104 καὶ
2588 3046 2940 3119 περιτρέψαι.
2974 3044 3066 3097 Διὸ
3111 3040 3473 3112 ἀσφαλίζεται
3503 3038 3634 3101 τοὺς
3670 3055 3777 3107 μα·

504 3149 701 3205 sabiles
729 3153 879 3207 estis.
933 3152 1314 3211 Necessarium
1358 3159 1502 3213 enim
1558 3170 1615 3214 ut
1674 3164 1892 3219 veniant
1957 3164 2075 3230 illa,

2187 3147 2375 3218 θητάς,
2408 3144 2509 3201 καί
2564 3160 2729 3214 φησιθ
2788 3138 3093 3212 Προσέχετε
3143 3137 3379 3230 ἑαυτοῖς.
3416 3132 3774 3230 fimi—(91101,

505 3252 612 3292 non
642 3254 863 3297 necesse
895 3251 1076 3297 autem
1111 3260 1207 3301 vos
1249 3247 1450 3317 perire,
1486 3250 1530 3306 si
1564 3254 1779 3321 quidem
1834 3254 2081 3311 munive-

500 3330 624 3386 ritis
645 3338 700 3386 et
731 3334 1072 3390 armaveritis
1106 3351 1223 3392 vos.
1265 3336 1649 3397 Necessarium
1681 3347 1824 3399 enim
1861 3357 1946 3401 est
1991 3362 2080 3401 ve-

504 3422 620 3475 nire
647 3422 853 3492 lupum,
878 3425 973 3479 sed
1008 3426 1053 3481 si
1088 3425 1390 3498 vigilaverit
1417 3440 1628 3501 pastor,
1664 3449 1770 3489 non
1823 3451 2077 3492 necessa-

502 3516 642 3570 rium
672 3528 753 3571 est
786 3518 963 3586 perire
992 3534 1152 3589 oves,
1206 3522 1299 3579 sed
1337 3524 1496 3593 lupus
1531 3524 1733 3583 frustra
1777 3529 1933 3584 hians
1964 3532 2080 3586 abi-

506 3607 602 3663 bit.
638 3608 780 3664 Dixit
809 3610 973 3679 igitur
1006 3613 1121 3668 haec
1144 3614 1210 3669 de
1242 3614 1327 3671 his
1362 3617 1453 3685 qui
1492 3615 1793 3685 offendunt,
1826 3620 1930 3676 hoc
1973 3631 2076 3686 est,

502 3699 801 3767 impediunt
832 3710 887 3755 et
916 3714 1136 3759 nocent.
1165 3705 1430 3772 Quoniam
1463 3718 1645 3765 autem
1669 3711 1857 3766 multa:
1884 3712 2077 3767 horum

499 3786 816 3846 diﬂ‘erentiae
871 3810 885 3847 :
942 3810 1065 3849 nam
1128 3796 1215 3850 alii
1272 3798 1492 3868 quidem
1566 3812 1695 3856 sunt
1734 3803 2077 3872 incurabiles,

501 3882 689 3951 quales
719 3882 1029 3951 Pharisaei}
1066 3886 1155 3941 alii
1190 3904 1319 3945 vero
1340 3892 1634 3959 sanabiles,
1657 3894 1849 3964 quales
1880 3895 2079 3952 fratres

506 3972 717 4028 Domini
772 3990 899 4046 erga
954 3976 1240 4035 Dominum
1284 3982 1511 4051 ipsum:
1576 4000 1703 4040 nam
1750 4002 1925 4057 neque
1977 3989 2077 4058 ipsi

503 4066 795 4122 credebant
827 4068 880 4124 in
915 4083 1037 4125 eum
1067 4085 1080 4128 :
1112 4074 1237 4142 quia
1267 4073 1431 4144 igitur
1455 4077 1637 4132 multae
1670 4078 2076 4147 impedientium

504 4157 838 4227 differentia},
900 4163 1195 4220 verisimile
1264 4168 1427 4221 etiam
1474 4169 1740 4237 quosdam
1789 4170 1880 4239 qui
1935 4171 2075 4226 idem

500 4252 744 4319 credant,
775 4253 911 4309 tales
937 4270 1058 4310 esse
1086 4274 1099 4322 ;
1130 4264 1185 4310 et
1234 4270 1517 4328 propterea
1561 4260 1731 4314 dicit:
1788 4261 1846 4316 Si
1880 4277 2074 4332 pecca-

498 4345 637 4399 verit
662 4346 715 4400 in
753 4355 805 4399 te
843 4346 1008 4401 frater
1031 4355 1176 4412 tuus,
1209 4364 1375 4417 argue
1404 4365 1526 4405 eum
1558 4359 1612 4405 tu
1644 4353 1811 4416 solus,
1848 4360 1901 4407 et
1930 4367 2077 4407 seor-

496 4453 655 4493 sum:
688 4446 742 4493 et
771 4439 1038 4507 siquidem
1084 4441 1319 4498 audierit
1365 4452 1437 4507 te,
1500 4443 1745 4499 lucratus
1791 4457 1852 4499 es
1887 4444 2070 4499 illum:

2185 3240 2434 3311 προλέγω
2463 3238 2615 3307 ὑμῖν,
2640 3238 2721 3289 ὅτι
2756 3234 2876 3305 ἥξει
2902 3232 2968 3287 τά
2987 3229 3156 3294 κακὰ,
3188 3226 3594 3295 ἀναπολόγητοί
3622 3227 3772 3279 ἐστε.

2197 3331 2435 3400 Ἀνάγκη
2466 3329 2565 3400 μὲν
2598 3327 2703 3397 γάρ
2737 3327 2889 3397 ἥξειν
2915 3326 3119 3387 ἐκεῖνα,
3154 3322 3255 3376 οὐκ
3279 3319 3493 3390 ἀνάγκη
3524 3320 3580 3372 δέ
3627 3319 3775 3386 ὑμᾶς

2183 3421 2503 3486 ἀπολέσθαι,
2533 3420 2649 3488 εἴγε
2684 3414 3052 3487 ἀσφαλίζεσθε
3091 3412 3318 3476 ἐαυτοὺς
3361 3411 3462 3464 καὶ
3500 3408 3771 3463 καθοπλίο

2183 3517 2327 3580 ζετε.
2379 3512 2623 3582 Ἀνάγκη
2675 3511 2773 3581 μὲν
2832 3510 2940 3579 γὰρ
2968 3508 3060 3561 τὸν
3111 3507 3274 3559 λύκον
3304 3504 3500 3566 ἐλθεῖν,
3535 3500 3775 3557 ἀλλ’ἐάν

2180 3607 2487 3679 ἐγρήγορεν
2543 3606 2571 3657 6
2608 3603 2833 3673 ποιμὴν,
2885 3602 2985 3655 ούκ
3025 3599 3239 3669 ἀνάγκη
3299 3597 3671 3667 διαφθαρῆναι
3704 3594 3774 3649 τά

2183 3700 2454 3772 πρόϐατα,
2489 3696 2627 3753 ἀλλά
2652 3695 2746 3750 τὸν
2767 3694 2929 3749 λύκον
2971 3692 3149 3764 μάτην
3205 3691 3440 3760 χανόντα
3487 3689 3769 3745 ἀπελθεῖν.

2182 3790 2368 3845 Εἰπὼν
2396 3789 2488 3843 οὖν
2513 3788 2687 3843 ταῦτα
2711 3790 2839 3858 περὶ
2869 3787 2977 3839 τῶν
2998 3781 3462 3846 σκανδαλιζόντων
3514 3783 3610 3834 καὶ
3640 3781 3771 3851 βλα-

2182 3884 2460 3949 πτόντων,
2505 3880 2784 3934 τουτέστιν
2853 3876 3275 3948 ἐμποδιζόντων,
3332 3876 3524 3946 ἐπειδὴ
3576 3872 3773 3927 πολλαὶ

2181 3973 2436 4044 διαφοραί
2464 3974 2569 4027 είσι
2598 3972 2827 4026 τούτων·
2866 3971 2916 4023 οἱ
2960 3971 3060 4040 μὲν
3090 3971 3198 4039 γάρ
3223 3969 3362 4021 εἰσιν
3398 3968 3637 4032 ἀνίατοι,
3659 3960 3770 4019 οἷον

2180 4072 2227 4122 0i
2267 4069 2569 4137 Φαρισαῖοι,
2602 4068 2649 4118 oi
2689 4064 2745 4118 δὲ
2769 4063 2998 4132 ίάσιμοι,
3034 4059 3205 4114 οἶοιοί
3235 4060 3328 4114 τοῦ
3365 4060 3575 4130 Κυρίου
3610 4059 3771 4111 ἀδελ-

2180 4164 2270 4232 (pol.
2304 4165 2442 4234 πρὸς
2498 4161 2661 4214 αὐτὸν
2715 4160 2807 4211 τὸν
2860 4156 3085 4229 Κύριον,
3129 4156 3251 4210 οὐδέ
3299 4156 3409 4225 γάρ
3459 4154 3620 4205 αὐτοὶ
3651 4153 3771 4205 ἐπί-

2182 4274 2369 4312 στευον
2397 4257 2477 4320 είς
2498 4253 2687 4309 αὐτόν·
2716 4254 2841 4307 ἐπεὶ
2867 4252 2961 4305 οὖν
2986 4252 3178 4306 πολλαὶ
3221 4249 3478 4321 διαφοραὶ
3524 4250 3638 4303 τῶν
3670 4254 3769 4318 ἐμ-

2182 4350 2527 4413 ποδιζόντων·
2567 4346 2715 4409 εἰκὸς
2769 4348 2877 4417 γάρ
2934 4340 3075 4399 εἷναί
3099 4362 3253 4407 τινας
3302 4347 3400 4397 καὶ
3430 4346 3769 4413 ὁμοπίστους

2179 4440 2452 4503 τοιούτους
2483 4456 2497 4470 ·
2533 4439 2619 4493 διά
2648 4438 2805 4493 τοῦτό
2828 4454 3015 4508 φησιν’
3060 4437 3186 4491 Ἐἀν
3233 4438 3455 4509 ἁμάρτῃ
3512 4439 3593 4499 είς
3636 4436 3693 4488 σὲ
3742 4438 3768 4489 6

499 4535 581 4589 sin
611 4536 813 4601 minus,
858 4537 1042 4606 accipe
1066 4522 1243 4592 tecum
1282 4553 1450 4592 unum
1482 4538 1566 4593 vel
1601 4539 1759 4603 duos,
1809 4546 1917 4595 etc.
1957 4556 2077 4611 quae

2187 4532 2411 4603 ἀδελφός
2450 4548 2569 4599 σου,
2601 4532 2928 4602 ἐπιτίμησον
2960 4529 3109 4600 αὐτῷ
3143 4529 3206 4582 σὺ
3244 4530 3404 4600 μόνος
3441 4529 3566 4581 κατ’
3606 4528 3765 4587 ίδίαν,

496 4628 605 4683 late
634 4630 857 4699 exponit
908 4628 1245 4685 Matthaaus:
1297 4630 1473 4685 Lucas
1524 4640 1705 4685 autem
1762 4639 1818 4685 ut
1853 4632 1993 4688 dicta
2044 4647 2074 4686 a

494 4721 753 4776 Matthzco
788 4720 1004 4776 silentio
1032 4721 1311 4789 praeteriit.
1349 4721 1532 4791 Itaque
1559 4725 1651 4795 qui
1708 4725 1941 4779 audierit
1987 4727 2073 4780 in-

492 4813 883 4883 crepationem,
922 4812 1082 4867 venia
1105 4813 1295 4881 dignus
1325 4822 1444 4879 est;
1479 4814 1571 4882 qui
1614 4824 1794 4870 autem
1834 4831 1939 4871 non
1971 4832 2067 4872 au-

491 4902 674 4968 dierit,
704 4904 774 4956 sit
806 4900 901 4956 tibi
932 4902 1079 4957 velut
1100 4902 1347 4959 ethnicus
1377 4913 1433 4959 et
1457 4905 1798 4975 publicanus,
1834 4907 1935 4962 hoc
1965 4920 2066 4976 est,

493 4994 559 5048 ab
615 4992 865 5048 omnibus
916 5002 1280 5065 contemptus,
1336 5005 1391 5049 et
1445 4998 1694 5066 indignus
1750 5009 1808 5053 ut
1849 5012 2070 5057 vocetur

492 5085 681 5137 frater.-
718 5082 907 5138 Postea
940 5087 1093 5154 quasi
1129 5087 1419 5157 interroget
1446 5090 1749 5158 quispiam:
1778 5090 1927 5159 Esto,
1958 5092 2072 5149 Do-

492 5173 658 5239 mine,
696 5173 810 5228 haec
862 5178 1078 5243 quidem
1128 5179 1265 5233 bene
1302 5179 1509 5234 dixeris
1545 5199 1557 5234 :
1593 5182 1639 5236 si
1688 5192 1867 5237 autem
1926 5200 2067 5254 saepe

494 5266 707 5318 veniam
736 5276 1061 5322 consecutus
1104 5268 1290 5336 fuerit,
1325 5280 1379 5326 et
1418 5272 1612 5326 iterum
1664 5283 1876 5342 noceat,
1936 5278 2065 5345 quid

494 5353 798 5411 faciendum
830 5358 912 5410 ei?
938 5358 1070 5412 dicit
1109 5378 1120 5413 :
1168 5359 1221 5413 Si
1258 5363 1532 5432 resipiscit
1584 5364 1801 5431 iterum,
1854 5368 2069 5422 remitte

491 5446 560 5501 ei.
598 5446 664 5501 Et
702 5452 895 5503 iterum
926 5466 939 5502 :
977 5450 1033 5504 Si
1068 5454 1265 5520 septies
1290 5454 1341 5507 in
1377 5456 1464 5509 die
1522 5459 1827 5526 peccaverit
1854 5469 1906 5514 et
1932 5476 2065 5515 con-

494 5553 685 5593 versus
728 5540 911 5608 fuerit,
946 5544 1160 5598 remitte
1189 5544 1258 5599 ei.
1306 5545 1514 5616 Septies
1544 5558 1722 5604 autem
1772 5552 1871 5608 hoc
1900 5552 2067 5624 424

2176 4628 2271 4681 καὶ
2294 4626 2361 4680 ἀν
2395 4626 2494 4696 μὲν
2523 4624 2732 4695 ἀκούσῃ
2775 4641 2889 4688 σου,
2923 4622 3224 4693 ἐκέρδησας
3255 4621 3418 4674 αὐτόν
3440 4636 3455 4651 ο
3500 4622 3550 4673 εί
3584 4621 3640 4674 δὲ
3668 4622 3765 4690 μὴ,

2175 4718 2460 4789 παράλαϐε
2521 4716 2660 4785 μετὰ
2692 4715 2787 4769 σοῦ
2834 4716 2931 4768 ἐνα
2987 4714 3018 4785 ἢ
3052 4714 3166 4778 δύο,
3215 4714 3307 4766 καὶ
3333 4713 3460 4783 ἐξῆς
3486 4728 3501 4743 ’
3531 4714 3633 4765 ὅσα
3672 4713 3767 4782 μὲν

2174 4810 2422 4872 πλατέως
2451 4812 2478 4862 6
2498 4808 2775 4871 Ματθαῖος
2804 4806 3040 4873 ἐξέθετο,
3066 4810 3092 4860 6
3118 4806 3175 4859 δὲ
3222 4806 3438 4870 Λουκᾶς
3481 4806 3766 4874 παρεσιώ-

2176 4923 2352 4975 πησεν
2404 4905 2479 4968 ὡς
2530 4903 2607 4974 τῷ
2643 4902 2911 4972 Ματθαίῳ
2970 4902 3225 4973 ρηθέντα.
3279 4901 3337 4955 '0
3372 4903 3471 4972 μὲν
3522 4902 3765 4963 ἀκούσας

2178 4999 2289 5052 τῶν
2314 4998 2714 5067 ἐπιτιμήσεων,
2752 4996 3091 5066 συγγνώμης
3123 4997 3291 5061 ἄξιος,
3320 4996 3349 5048 6
3378 4995 3434 5049 δέ
3489 4994 3566 5066 μὴ
3600 4995 3765 5049 ἁκού-

2180 5110 2299 5159 σας,
2326 5093 2467 5145 ἔστω
2503 5109 2585 5144 σοι
2614 5092 2687 5154 ὡς
2712 5092 2738 5142 6
2767 5090 2980 5153 ἐθνικὸς
3007 5090 3101 5142 καὶ
3140 5093 3167 5143 6
3190 5090 3427 5159 τελώνης
3458 5132 3469 5155 ,
3512 5091 3761 5141 τουτέστι

2182 5184 2491 5254 βδελυκτὸς,
2525 5185 2619 5237 καὶ
2672 5186 2770 5236 οὐκ
2830 5184 2979 5249 ἄξιος
3006 5182 3285 5237 καλεῖσθαι
3344 5184 3591 5251 ἀδελφός.
3632 5180 3761 5235 Εἶτα

2180 5278 2369 5349 ὥσπερ
2409 5279 2653 5341 εἰπόντος
2679 5280 2821 5342 τινὸς
2842 5319 2855 5343 ,
2887 5280 2969 5331 ὅτι
3003 5277 3204 5343 Ἔστω,
3234 5277 3429 5345 Κύριε,
3460 5277 3635 5330 ταῦτα
3666 5277 3761 5345 μὲν

2179 5370 2361 5433 καλῶς
2393 5372 2607 5439 διείλες,
2640 5373 2733 5425 ἐὰν
2759 5372 2815 5424 δὲ
2854 5370 3111 5433 πολλάκις
3143 5370 3475 5441 συγγνώμης
3508 5372 3759 5435 ἀξιωθεὶς

2177 5462 2337 5516 πάλιν
2369 5463 2601 5534 βλάπτῃ,
2655 5464 2704 5515 τί
2736 5465 2984 5535 ποιητέον
3015 5463 3201 5532 αύτῷ;
3244 5463 3408 5532 φησίν
3432 5478 3443 5491 ’
3484 5466 3547 5517 Ei
3596 5482 3731 5532 μετα

2177 5557 2285 5607 νοεῖ
2314 5556 2497 5620 πάλιν,
2522 5556 2657 5624 ἄφες
2678 5554 2848 5625 αύτῷ.
2882 5556 2989 5608 Καὶ
3020 5554 3180 5608 πάλιν
3202 5573 3214 5586 ⁸
3260 5555 3377 5610 Κᾶν
3407 5556 3638 5619 ἑπτάκις
3667 5556 3755 5623 τῆς

565 5661 642 5751 ᾔει)
684 5660 812 5717 [lem
859 5666 1059 5749 οῐηῖιῐὶι
1094 5686 1106 5721 ε
1137 5670 1207 5751 ΑΙ,
1254 5669 1484 5751 Plerique
1532 5674 1903 5733 addubilanles
1940 5689 2204 5747 quarunt,
2248 5698 2370 5735 num
2451 5696 2651 5737 necesse
2692 5684 2756 5736 si!
2784 5682 3017 5736 eveniant
3044 5678 3317 5746 scandala,
3389 5698 3504 5751 qua;
3564 5682 3752 5750 prmi:-

493 5734 746 5789 cationem
774 5751 987 5803 prorsus
1019 5734 1324 5806 impediunt.
