4000 6414
213 360 324 427 985

1003 356 1455 420 ENARRATIO
1488 357 1568 419 ΙΝ
1601 351 2114 419 EVANGELIUM
2165 357 2407 419 LUC/E.
2443 378 2513 392 -
2550 355 2712 416 CAP.
2740 352 2935 416 XVII.

3426 347 3533 414 986
3546 377 3556 386 η

214 472 431 545 ἡμέρας
463 471 790 544 ἐπιστρέψῃ,
828 471 965 540 ἄφες
1021 471 1194 541 αὐτῷ.
1233 473 1308 526 Τὸ
1354 473 1412 526 δὲ
1454 473 1691 534 ἐπτάκις
1728 472 1811 524 ἐν·

1923 470 2047 528 loco
2083 487 2182 542 pro
2215 471 2421 541 saepius
2455 471 2693 541 positum
2725 479 2810 525 est
2837 486 2851 536 ;
2877 467 3099 526 sicutct
3131 481 3255 522 cum
3288 465 3527 524 dicitur:

215 565 392 622 ταῦθα
420 566 544 620 ἀντὶ
579 563 698 630 τοῦ,
735 559 998 629 πολλάκις
1056 567 1256 630 κεῖται,
1319 565 1517 636 ὥσπερ
1583 564 1679 617 καὶ
1729 563 1813 624 τὸ,

218 659 344 711 Ὅτι
379 660 565 728 στεῖρα
596 657 782 709 ἔτεκεν
809 656 968 710 ἐπτά.
1008 656 1235 720 Ὁσάκις
1266 655 1360 711 οὖν
1391 657 1663 726 μετανοεῖ,
1696 671 1819 708 τοσ⁹

219 746 455 809 αυτάκις
499 745 650 816 αύτῷ
708 747 930 812 ἀφιέναι
962 747 1065 801 δεῖ.
1099 747 1192 819 Μὴ
1224 747 1334 819 γάρ
1373 734 1436 818 δὴ
1497 747 1689 818 νόμιζε
1728 747 1814 800 ὅτι

216 839 458 913 ἀριθμὸν
487 837 707 909 τίθησιν
745 841 772 891 6
817 839 1023 910 Κύριος
1055 838 1155 908 τῆς
1215 839 1647 910 συγχωρήσεως,
1700 836 1816 889 ἀλλ’

213 932 355 1000 ὅπερ
379 923 552 994 εἷπον,
581 930 639 983 τὺ
665 931 916 994 ἑπτάκις,
943 931 1064 984 ἀντὶ
1089 931 1204 994 τοῦ,
1239 930 1526 996 πολλάκις,
1559 931 1654 982 καὶ
1683 933 1820 985 ἀνα-

218 1021 462 1093 ρίθμητα
503 1022 635 1089 νόει,
667 1024 860 1093 ὥσπερ
892 1023 988 1076 καὶ
1026 1023 1085 1075 ἐν
1125 1024 1190 1094 τῇ
1225 1022 1448 1094 συνήθει
1503 1021 1694 1093 ὁμιλίᾳ
1725 1021 1818 1074 λέ-

217 1130 413 1184 γομεν,
455 1113 780 1185 μυρίανδρος
806 1115 984 1183 πόλις,
1016 1117 1113 1185 οὐχ
1142 1116 1227 1169 ὅτι
1258 1115 1486 1186 μυρίους
1519 1113 1656 1184 ἔχει,
1689 1114 1822 1176 ἴσως

213 1206 326 1277 γάρ
361 1208 456 1261 καὶ
484 1207 726 1271 πλείους,
757 1207 874 1261 ἀλλ’
903 1209 1024 1261 ἀντὶ
1051 1208 1168 1272 τοῦ,
1212 1208 1575 1278 πολύανδρος,
1621 1207 1818 1270 εἰπεῖν,

219 1298 796 1370 μυρίανδρος,φαμέν.
831 1299 956 1354 Ὀτι
1000 1299 1057 1353 δὲ
1098 1300 1260 1354 τοῦτο
1307 1299 1477 1368 λέγει,
1513 1297 1672 1368 δῆλον
1712 1298 1822 1352 ἀπὸ

216 1390 315 1443 τοῦ
344 1391 652 1445 Ματθαίου.
696 1392 848 1446 Ἐκεῖ
871 1393 981 1464 γὰρ
1014 1391 1092 1464 τῷ
1129 1392 1322 1464 Πέτρῳ
1369 1391 1577 1444 εἰπόντι
1603 1407 1616 1420 ·
1646 1385 1816 1461 Ἀρά,

219 1483 415 1552 Κύριε,
477 1484 581 1547 ἐως
639 1484 871 1548 ἑπτάκις
931 1486 1278 1555 συγχωρήσω
1333 1483 1519 1554 αύτῷ;
1574 1479 1743 1536 Εἶπεν
1791 1484 1820 1536 6

220 1576 428 1648 Κύριος
450 1593 463 1607 ·
492 1577 652 1648 Οὐχὶ,
680 1578 795 1631 ἀλλ’
823 1578 1290 1648 ἑϐδομηκοντάκις
1315 1577 1478 1644 ἑπτὰ,
1508 1576 1596 1632 διὰ
1625 1576 1819 1630 τούτου

214 1669 278 1720 τὸ
333 1668 704 1740 ἀναρίθμητον
740 1669 1044 1738 ὑποδηλῶν.

298 1780 316 1812 ι
345 1761 461 1813 Καὶ
529 1759 684 1816 εἷπον
741 1764 789 1816 οἱ
859 1762 1150 1816 ἀπόστολοι
1178 1763 1256 1832 τῷ
1285 1760 1477 1834 Κυρίῳ
1517 1779 1532 1792 ο
1575 1761 1818 1831 Πρόσθες

213 1850 351 1920 ἡμῖν
403 1852 607 1906 πίστιν.
661 1848 798 1906 Eine
833 1855 888 1907 δὲ
952 1856 979 1908 6
1033 1854 1272 1925 Κυρίος·
1302 1855 1364 1906 Ei
1412 1854 1588 1923 εἴχετε
1637 1853 1820 1908 πίστιν

213 1942 291 2006 ὡς
350 1944 551 1998 κόκκον
633 1945 946 2012 σῖνάπεως,
995 1947 1214 2014 ἐλέγετε
1277 1945 1343 2003 ἂν
1395 1948 1462 2016 τῇ
1532 1944 1818 2016 συκαμίνῳ

210 2040 428 2112 ταύτῃ·
494 2042 901 2113 Ἐκριζώθητι,
956 2043 1052 2096 καὶ
1119 2043 1416 2114 φυτεύθητι
1483 2045 1540 2096 ἐν
1600 2044 1665 2112 τῇ
1722 2041 1819 2095 θα-

211 2133 412 2205 λάσσῃ,
467 2135 563 2189 καὶ
627 2138 946 2207 ὑπήκουσεν
994 2135 1060 2190 ἂν
1119 2137 1270 2206 ὑμῖν.
1336 2135 1433 2198 Τίς
1484 2135 1540 2187 δέ
1567 2133 1626 2204 ἐξ
1659 2135 1816 2205 ὑμῶν

207 2225 397 2280 δοῦλον
430 2227 569 2297 ἔχων
627 2229 1036 2301 ἀροτριῶνταῆ
1088 2229 1474 2298 ποιμαίνοντα,
1530 2227 1590 2289 ὃς
1636 2226 1815 2280 είσελ-

211 2320 362 2374 θόντι
396 2320 550 2389 αύτῷ
599 2323 663 2374 ἐκ
713 2321 806 2374 τοῦ
838 2321 1013 2390 ἀγροῦ
1047 2325 1165 2393 ἐρεῖ
1208 2338 1222 2353 ’
1257 2321 1477 2384 Εὐθέως
1526 2319 1817 2390 παρελθὼν

209 2409 508 2475 ἀνάπεσαι,
564 2411 679 2465 ἀλλ’
721 2413 844 2481 οὐχὶ
875 2414 993 2482 ἐρεῖ
1018 2410 1168 2481 αύτῷ
1202 2427 1216 2442 °
1265 2410 1592 2480 Ἑτοίμασον
1621 2410 1673 2461 τί
1704 2408 1815 2462 δει-

210 2503 430 2574 πνήσω,
461 2505 556 2556 καὶ
594 2503 1048 2574 περιζωσάμενος
1089 2505 1332 2558 διακόνει
1369 2524 1481 2576 μοι,
1518 2506 1624 2568 ἕως
1655 2505 1817 2574 φάγω

218 2595 314 2648 καὶ
355 2596 487 2659 πίω,
521 2596 618 2649 καὶ
653 2596 791 2666 μετά
819 2595 995 2649 ταῦτα
1058 2598 1298 2665 φάγεσαι
1341 2599 1434 2651 καὶ
1493 2598 1680 2650 πίεσαι
1713 2597 1812 2662 σῦς

219 2687 319 2757 Μὴ
350 2689 514 2758 χάριν
552 2688 769 2759 ἐχειτῷ
796 2689 970 2759 δούλῳ
1001 2690 1216 2761 ἐκείνῳ,
1248 2692 1330 2744 ὅτι
1352 2691 1578 2760 ἐποίησε
1603 2691 1670 2744 τά
1699 2690 1814 2743 δια-

206 2780 483 2850 ταχθέντα
521 2781 700 2852 acup;
765 2781 840 2834 Οὐ
873 2781 1039 2835 δοκῶ.
1091 2781 1251 2836 Οὕτω
1317 2783 1412 2834 καὶ
1454 2784 1639 2853 ὑμεῖς,
1681 2782 1813 2835 ὃταν

209 2874 484 2942 ποιήσητε
518 2873 697 2926 πάντα
738 2871 807 2925 τά
841 2873 1204 2943 διαταχθέντα
1261 2874 1410 2941 ὑμῖν,
1442 2873 1632 2942 λέγετε
1658 2913 1672 2935 ,
1729 2874 1814 2926 ὅτι

221 2964 458 3034 Ἀχρεῖοι
487 2963 642 3016 δοῦλο
706 2966 896 3034 ἐσμεν,
929 2963 957 3016 δ
982 2963 1288 3034 ὠφείλομεν
1307 2967 1556 3034 ποιῆσαι,
1584 2965 1815 3034 πεποιή-

210 3072 415 3125 καμεν.
475 3074 494 3107 ι
552 3057 617 3109 Oi
657 3055 950 3109 ἀπόστολοι
987 3056 1275 3109 ἐπίστευον
1333 3056 1434 3127 μὲν
1484 3055 1562 3126 τῷ
1596 3056 1810 3127 Κυρίῳ,

1924 563 2143 620 Sterilis
2170 564 2383 635 peperit
2418 574 2652 633 septem.
2689 561 2915 629 Quoties
2949 560 3114 630 igitur
3142 560 3524 630 paenitentiam

1923 657 2056 729 agit,
2089 657 2250 712 t0ties
2309 657 2590 712 remittere
2637 663 2876 725 Oportet.
2931 652 3050 708 Non
3104 653 3254 707 enim
3310 652 3523 723 cogites

1922 753 2066 821 quod
2108 749 2371 806 Dominus
2406 757 2572 820 ponat
2622 763 2911 803 numerum
2977 744 3320 800 remissionis
3365 781 3380 804 ,
3433 743 3528 797 sed

1925 858 2020 913 per
2051 843 2255 911 septies
2275 842 2516 912 intellige
2551 841 2775 909 saepius,
2801 849 2857 894 et
2889 839 3007 894 sine
3024 852 3257 892 numero
3292 854 3305 890 :
3335 851 3530 905 quem-

1924 936 2224 992 admodum
2262 944 2316 991 et
2377 937 2430 989 in
2473 933 2733 988 familiari
2787 932 3062 1001 colloquio
3123 929 3363 985 dicimus
3433 944 3531 984 ur-

1925 1033 2044 1088 bem
2079 1031 2267 1086 decem
2305 1027 2557 1093 millium,
2589 1042 2699 1081 non
2732 1024 2876 1094 quod
2914 1023 3104 1078 decem
3128 1021 3298 1075 millia
3330 1029 3518 1074 etnon

1924 1124 2111 1196 plures
2149 1123 2296 1177 viros
2327 1121 2529 1176 habeat
2565 1137 2581 1176 :
2635 1133 2760 1173 nam
2793 1117 3043 1172 fortassis
3079 1114 3262 1185 plures
3314 1111 3478 1167 habet
3512 1131 3526 1167 :

1924 1217 2020 1273 sed
2047 1217 2187 1271 idem
2220 1214 2404 1269 dicere
2467 1212 2720 1268 volumus
2761 1224 2826 1265 ac
2867 1210 2910 1264 si
2970 1207 3277 1265 diceremus
3328 1205 3532 1260 multo-

1926 1324 2046 1362 rum
2077 1307 2343 1362 virorum.
2377 1303 2445 1359 Et
2493 1305 2636 1374 quod
2682 1305 2786 1358 hoc
2834 1301 2984 1356 dicat
3050 1298 3406 1354 manifestum
3447 1307 3532 1352 est

1925 1417 1992 1456 ex
2017 1401 2290 1455 Matthzeo.
2324 1399 2442 1453 Jllic
2471 1397 2628 1452 enim
2658 1411 2784 1452 cum
2823 1393 3052 1449 dixisset
3096 1392 3326 1447 Petrus:
3375 1389 3527 1443 Nun-

1925 1493 2076 1563 quid,
2127 1489 2378 1556 Domine,
2420 1503 2594 1559 usqne
2643 1487 2847 1558 septies
2897 1485 3172 1540 remittam
3208 1483 3257 1537 ei
3281 1482 3362 1536 εει
3412 1481 3522 1534 Do-

1926 1585 2108 1639 minus
2140 1583 2316 1638 dixit:
2353 1581 2494 1646 Non,
2559 1580 2652 1636 sed
2685 1577 2994 1648 septuagies
3050 1576 3272 1646 septies,
3326 1584 3380 1629 et
3435 1589 3533 1644 per

1925 1677 2028 1732 hoc
2063 1673 2482 1729 innumerabilia
2518 1672 2789 1742 designat.

1997 1767 2161 1822 Vens.
2219 1767 2378 1822 5-10.
2423 1784 2442 1818 ι
2506 1765 2578 1820 Ει
2625 1764 2884 1818 dixerunt
2944 1759 3179 1829 apostoli
3233 1757 3519 1812 Domino:

1922 1861 2149 1932 Adauge
2176 1859 2333 1915 nobis
2360 1858 2542 1913 fidem.
2578 1857 2727 1912 Dixit
2763 1865 2946 1910 autem
2973 1853 3236 1907 Dominus
3267 1865 3280 1903 :
3320 1851 3378 1905 Si
3430 1851 3531 1904 ha-

1924 1955 2128 2010 beretis
2163 1954 2321 2008 fidem
2355 1953 2497 2007 sicut
2549 1965 2778 2020 granum
2807 1949 3037 2018 sinapis,
3073 1945 3356 1999 dixissetis
3407 1944 3532 1997 huic

1922 2047 2102 2103 arbori
2167 2045 2484 2119 sycamino,
2539 2042 2837 2096 Eradicare
2886 2051 2940 2095 et
2992 2037 3397 2108 transplantare
3461 2037 3514 2089 in

1923 2153 2073 2192 mare
2099 2176 2114 2202 ,
2144 2144 2197 2192 et
2222 2135 2499 2191 obedisset
2530 2135 2708 2190 vobis.
2741 2132 2876 2199 Quis
2905 2139 3087 2185 autem
3118 2139 3365 2194 vestrum
3427 2128 3528 2180 ha-

1921 2229 2054 2284 bens
2087 2244 2305 2285 servum
2337 2236 2585 2281 arantem
2623 2236 2716 2279 aut
2761 2231 3105 2292 pascentem,
3137 2220 3227 2288 qui
3283 2232 3530 2290 regresso

1922 2322 1993 2377 ab
2025 2337 2157 2392 agro
2190 2322 2374 2374 dicat:
2418 2317 2612 2373 Statim
2652 2316 2821 2372 transi
2852 2326 2907 2372 et
2962 2315 3225 2369 accumbe
3260 2330 3274 2378 ;
3310 2327 3374 2367 ac
3419 2327 3528 2364 non

1919 2415 2104 2487 potius
2136 2414 2269 2469 dicit
2294 2413 2368 2467 illi
2411 2429 2424 2466 :
2452 2412 2590 2466 Para
2625 2411 2768 2481 quod
2795 2424 3030 2474 coenetn,
3063 2418 3118 2461 et
3155 2405 3427 2478 prmcinge
3454 2413 3529 2468 te,

1922 2522 1986 2561 ac
2025 2506 2274 2561 ministra
2302 2505 2434 2560 mihi
2465 2505 2640 2558 donec
2671 2503 2838 2557 edere
2858 2511 2913 2555 et
2940 2499 3148 2573 hibero,
3178 2509 3232 2553 et
3260 2508 3380 2566 post
3414 2498 3532 2549 inec

1922 2601 2069 2655 edito
2110 2598 2357 2654 etbibito
2389 2599 2486 2653 tu?
2523 2596 2659 2651 Num
2694 2596 2932 2666 gratiam
2992 2593 3157 2650 habet
3215 2606 3374 2646 servo
3429 2587 3528 2650 illi,

1921 2694 2050 2763 quia
2085 2692 2215 2747 fecit
2249 2692 2659 2760 qureimperata
2699 2689 2953 2745 fuerant?
2990 2687 3106 2741 Non
3139 2696 3290 2756 puto.
3345 2681 3438 2736 Sic
3476 2689 3531 2733 et

1922 2801 2018 2839 vos
2047 2800 2170 2839 cum
2224 2783 2464 2838 feceritis
2513 2783 2697 2837 omnia
2731 2797 2851 2850 quae
2885 2790 3155 2851 prmeepta
3188 2787 3319 2851 sunt
3352 2773 3530 2836 vobis,

1920 2879 2084 2934 dicite
2119 2893 2132 2931 :
2165 2876 2321 2931 Servi
2365 2877 2583 2931 inutiles
2637 2891 2829 2950 sumus
2862 2889 2875 2929 :
2911 2874 3056 2946 quod
3112 2870 3404 2927 debuimus
3461 2866 3533 2920 fa-

1919 2986 2063 3035 cere,
2090 2970 2342 3026 fecimus.
2376 2987 2394 3021 ι
2417 2967 2660 3037 Apestoli
2678 2969 2976 3022 credebant
3004 2965 3225 3034 quidem
3250 2960 3482 3014 Domino
3506 2999 3519 3022 ,

1922 3080 2112 3118 verum
2151 3075 2329 3116 tamen
2359 3077 2481 3115 cum
2505 3061 2786 3115 venissent
2803 3061 2855 3114 in
2878 3055 3273 3113 conscientiam
3295 3051 3531 3107 infirmi-

210 3149 356 3219 πλὴν
379 3150 460 3213 είς
485 3149 838 3220 συναίσθησιν
861 3151 959 3219 τῆς
992 3147 1281 3210 ἀσθενείας
1320 3148 1501 3202 αὐτῶν
1539 3146 1806 3214 ἐλθόντες,

1924 3155 2052 3211 tatis
2081 3170 2215 3221 suae,
2270 3164 2327 3210 et
2356 3154 2702 3210 audivissent
2738 3151 3026 3206 Dominum
3066 3152 3131 3204 de
3161 3148 3376 3218 magiis
3402 3146 3530 3214 quia

205 3243 304 3296 καὶ
360 3241 696 3304 ἀκούσαντες
756 3239 852 3294 τοῦ
896 3241 1104 3317 Κυρίρυ
1151 3241 1281 3312 περὶ
1344 3240 1597 3311 μεγάλων
1644 3240 1809 3293 τινῶν

205 3336 456 3399 εἰπόντος
488 3335 694 3402 αὐτοῖς,
738 3335 835 3387 καὶ
865 3334 1116 3406 περίτοῦ
1155 3335 1406 3388 κινδύνου
1435 3334 1530 3388 τοῦ
1559 3334 1667 3388 ἀπὸ
1700 3333 1810 3387 τῶν

208 3428 554 3493 σκανδάλων,
592 3427 806 3480 δέονται
857 3427 934 3488 ὡς
973 3426 1040 3481 ἂν
1087 3427 1364 3498 πλεονάσῃ
1403 3427 1586 3490 αὐτοῖς
1640 3428 1674 3496 ή
1709 3427 1810 3497 τῆς

205 3520 450 3582 πίστεως
478 3519 730 3590 δύναμις,
765 3519 815 3572 δι
872 3511 940 3590 ἧς
983 3517 1308 3588 δυνήσονται
1356 3518 1552 3584 ταῦτα,
1596 3520 1630 3572 ὃ.
1665 3513 1810 3582 εἷπε,

205 3612 583 3684 κατορθῶσαι,
640 3612 708 3665 τά
780 3613 914 3684 περὶ
965 3611 1362 3682 ἀκτημοσύνης
1419 3611 1585 3680 φημί.
1646 3611 1814 3664 Οὐδὲν

205 3705 316 3774 γάρ
385 3703 529 3756 οὕτω
578 3702 837 3773 κατορθοῖ
875 3702 1290 3773 ἀκτημοσύνην,
1320 3705 1395 3767 ώς
1426 3705 1488 3756 τὸ
1522 3703 1814 3758 πιστεῦσαι

206 3799 302 3852 καὶ
340 3797 616 3869 θαρρῆσαι
663 3797 784 3866 Θεῷ
830 3812 844 3826 ⁸
884 3795 1076 3866 ὥσπερ
1109 3796 1266 3849 οὐδὲν
1314 3794 1461 3849 οὕτω
1517 3799 1664 3850 ποιεῖ
1715 3797 1813 3867 θη-

207 3891 513 3961 σαυρίζειν,
547 3893 622 3954 ὡς
651 3889 712 3942 τὺ
739 3887 816 3958 μὴ
847 3890 1151 3952 πιστεύειν,
1188 3889 1271 3941 ὅτι
1332 3889 1507 3958 μέγας
1547 3892 1752 3960 ταμίας
1785 3892 1812 3943 6

203 3982 361 4050 Θεὸς,
399 3984 494 4036 καὶ
520 3971 751 4053 ταμεῖον
789 3983 1067 4036 ἀκένωτον
1103 3981 1437 4052 ἠάγαθότης
1468 3982 1656 4035 αὐτοῦ.
1688 3982 1812 4035 Ἔτι

203 4095 266 4131 τε
302 4079 399 4131 καὶ
438 4077 574 4145 πρὸς
609 4077 678 4129 τὰ
720 4077 996 4130 σκάνδαλα
1045 4075 1135 4130 διὰ
1170 4076 1275 4146 τῆς
1308 4076 1550 4140 πίστεως
1596 4076 1812 4140 ἕξουσιν

205 4170 551 4236 ἀντιστῆναι,
587 4170 667 4223 διὸ
700 4169 1140 4242 προσερχόμενοί
1177 4187 1311 4239 φασι
1339 4186 1351 4200 ’
1388 4169 1634 4240 Πρόσθες
1671 4169 1807 4238 ἡμῖν

208 4265 417 4328 πίστιν,
469 4264 842 4332 τελειοτέρους
889 4262 1172 4327 ἀνάδειξον
1213 4266 1363 4333 ἡμᾶς
1411 4265 1470 4316 ἐν
1505 4266 1569 4335 τῇ
1627 4264 1809 4316 πίστει

204 4357 301 4412 καὶ
358 4356 761 4428 βεϐαιοτέρους.
809 4359 868 4410 '0
900 4358 956 4411 δὲ
1009 4358 1220 4428 Κύριος
1279 4357 1544 4411 δεικνύων
1591 4358 1801 4423 αὐτοῖς,

202 4450 288 4505 ὅτι
319 4449 498 4514 καλῶς
532 4449 767 4512 αἰτοῦσι,
814 4451 910 4502 καὶ⁹
956 4451 1038 4503 ὅτι
1076 4447 1285 4520 ταύτην
1331 4448 1430 4520 τὴν
1459 4447 1692 4520 γνώμην
1721 4450 1804 4502 δεῖ

203 4544 403 4606 αὐτοὺς
443 4541 589 4613 ἔχειν
631 4542 858 4613 βεϐαίαν
901 4542 1162 4613 περὶτῆς
1199 4543 1442 4606 πίστεως
1481 4543 1557 4606 ώς
1594 4543 1810 4614 μεγάλα.

203 4636 553 4706 δυναμένης,
587 4635 774 4704 φησὶν,
805 4636 907 4701 ὅτι,
939 4635 1002 4689 Ei
1037 4635 1215 4706 εἴχετε
1242 4637 1445 4701 πίστιν,
1475 4637 1570 4690 καὶ
1603 4637 1810 4706 ταύτην

203 4729 272 4781 ἂν
311 4728 411 4798 τὴν
462 4728 763 4797 συκάμινον
800 4727 1223 4798 μετεφυτεύετε.
1273 4727 1377 4780 Δύο
1411 4726 1469 4780 δὲ
1525 4729 1582 4780 ἐν
1619 4727 1809 4799 ταύτῷ

201 4822 271 4874 τά
304 4819 540 4891 μεγάλα,
571 4822 632 4873 τό
655 4837 714 4872 τε
751 4820 1192 4890 μετακινηθῆναι
1221 4819 1284 4873 ’τὸ
1327 4822 1474 4873 κατὰ
1505 4820 1610 4890 γῆς
1654 4821 1808 4892 spet-

204 4911 473 4981 ζωμένον,
513 4911 606 4964 καὶ
659 4911 720 4963 τὸ
770 4913 828 4963 ἐν
875 4913 942 4982 τῇ
999 4911 1248 4981 θαλάσσῃ
1300 4912 1801 4983 μεταφυτευθῆναυ

204 5008 262 5056 ἐν
295 5004 447 5057 ὕδατι
475 5005 584 5072 γὰρ
615 5004 666 5056 τί
699 5003 767 5057 ἂν
793 5003 1126 5073 φυτευθείη;
1159 5005 1331 5075 Δῆλον
1375 5005 1432 5058 δὲ
1467 5005 1550 5058 ὅτι
1591 5005 1679 5058 διά
1708 5005 1801 5060 τοῦ

203 5097 379 5151 ταῦτα
426 5097 600 5149 εἰπεῖν
626 5112 640 5126 ⁸
677 5095 777 5168 τὴν
820 5097 923 5166 τῆς
974 5096 1213 5160 πίστεως
1264 5097 1509 5151 δείκνυσι
1548 5097 1799 5168 δύναμιν.

203 5193 357 5262 Τάχα
380 5190 425 5245 δ’
457 5192 520 5245 ἄν
542 5209 626 5254 τις
647 5191 972 5263 ἀλληγορῶν
1000 5192 1100 5261 τὴν
1124 5193 1449 5262 συκάμινον,
1480 5191 1623 5244 εἴποι
1663 5188 1804 5246 εἶναι

203 5283 294 5336 τὸν
331 5283 598 5350 διάῦολον,
643 5283 720 5347 ὼς
756 5285 850 5337 τοῦ
919 5285 1143 5338 αἰωνίου
1197 5285 1484 5355 σκώληκος
1542 5285 1805 5356 πρόξενον

205 5378 360 5447 ήμῑν,
391 5379 487 5429 καὶ
528 5379 732 5448 τροφέα
768 5378 1056 5449 γινόμενον
1080 5377 1169 5431 διὰ
1209 5379 1320 5434 τῶν
1357 5378 1415 5446 ἐξ
1452 5379 1621 5432 αὑτοῦ
1673 5397 1805 5448 φυο-

205 5469 381 5540 μένων
413 5467 712 5540 λογισμῶν,
744 5471 847 5538 τῆς
877 5470 986 5542 γάρ
1012 5473 1321 5542 συκαμίνου
1345 5473 1412 5525 τά
1446 5472 1620 5541 φύλλα
1655 5472 1801 5526 σκώ-

200 5561 373 5632 ληκας
400 5561 686 5632 τρέφουσι,
720 5561 787 5614 δι’
820 5558 894 5616 ὧν
928 5564 995 5616 τά
1028 5565 1232 5636 σηρικά
1282 5564 1501 5637 νήματα
1529 5566 1798 5633 γίνονται.

203 5656 422 5726 Ταύτην
451 5653 545 5708 οὖν
577 5657 675 5727 τὴν
726 5662 1031 5729 συκάμινον
1071 5663 1104 5715 1“
1153 5661 1339 5727 πίστις
1382 5663 1610 5719 δύναται
1641 5665 1798 5735 ἐκρι-

272 5841 316 5874 ⁸³
351 5839 544 5899 Matth.
577 5861 732 5911 tum,
780 5845 988 5902 21.22.

1921 3249 2148 3305 busdam
2206 3248 2310 3302 sibi
2337 3246 2610 3302 dicentem
2637 3255 2690 3300 et
2719 3247 2785 3300 de
2807 3244 3051 3313 periculo
3074 3243 3142 3295 ab
3163 3240 3531 3305 offendit-uiis,

1919 3350 2213 3414 precantur
2253 3350 2311 3396 ut
2353 3350 2621 3410 augeatur
2648 3338 2702 3392 in
2734 3339 2813 3393 eis
2844 3338 2967 3393 fidei
3007 3337 3202 3398 virtus,
3239 3351 3334 3405 per
3359 3349 3522 3404 quam

1918 3435 2131 3506 possint
2173 3433 2289 3487 haac
2340 3448 2459 3502 quae
2513 3432 2646 3487 dicit
2697 3431 2905 3502 perfici,
2943 3432 3008 3483 de
3057 3436 3379 3498 paupertate
3442 3427 3525 3478 vi—

1923 3527 2140 3581 delieel.
2194 3523 2343 3579 Nihil
2385 3523 2529 3578 enim
2583 3523 2719 3576 adeo
2753 3521 2819 3574 ad
2859 3529 3240 3589 paupertatem
3289 3517 3356 3572 de
3419 3534 3526 3587 qua

1919 3620 2183 3691 loquitur,
2226 3619 2620 3689 perficiendam
2660 3616 2942 3680 conducit,
2999 3626 3163 3682 atque
3196 3614 3422 3667 credere
3472 3623 3529 3664 et

1929 3711 2206 3768 confidere
2234 3709 2386 3766 Deo:
2422 3709 2884 3781 quemadmodum
2943 3707 3079 3762 nihil
3116 3707 3187 3759 ita
3236 3705 3368 3759 facit
3413 3706 3530 3759 the-

1917 3818 2113 3860 sauros
2144 3815 2435 3878 reponere,
2473 3810 2530 3855 ut
2594 3814 2700 3855 non
2735 3799 2966 3853 credere
2999 3799 3143 3868 quod
3197 3811 3427 3866 magnus
3457 3795 3528 3848 sit

1919 3895 2294 3972 thesaurarius
2329 3894 2492 3959 Deus,
2550 3899 2606 3946 et
2665 3891 3054 3945 inexhaustum
3083 3886 3523 3959 promptuarium

1918 3986 2134 4042 b0nitas
2156 3977 2298 4056 ejus.
2344 3984 2573 4054 insuper
2603 3994 2663 4038 ut
2728 3993 2782 4038 et
2823 3982 3165 4037 ofiendieulis
3227 3997 3324 4052 Per
3365 3979 3524 4034 ltdctn

1917 4077 2186 4133 obsistere
2227 4076 2463 4147 possint,
2528 4076 2652 4131 ideo
2703 4076 3032 4129 accedentes
3077 4075 3267 4128 dicunt
3313 4092 3326 4126 :
3375 4073 3528 4142 Auge

1917 4170 2077 4224 nobis
2111 4170 2295 4236 fidem,
2349 4167 2436 4224 fac
2482 4184 2584 4225 nos
2624 4162 2981 4238 perfectiores
3029 4177 3085 4222 et
3142 4166 3417 4222 firmiores
3472 4165 3526 4216 in

1919 4263 2044 4319 fide.
2083 4263 2346 4318 Dominus
2380 4273 2563 4318 autem
2618 4263 2917 4318 ostendens
2961 4261 3040 4316 eis
3073 4259 3215 4328 quod
3251 4258 3392 4312 bene
3417 4271 3516 4324 pe-

1920 4365 2056 4422 tant,
2095 4364 2151 4410 et
2181 4358 2327 4426 quod
2357 4357 2499 4411 hanc
2528 4365 2765 4410 mentem
2794 4354 3025 4408 firmiter
3055 4354 3257 4407 habere
3289 4352 3526 4405 debeant

1915 4451 1982 4506 de
2003 4450 2106 4504 fide
2138 4460 2195 4504 ut
2232 4450 2460 4503 multum
2485 4448 2718 4514 efﬁcaci,
2741 4449 2871 4503 dicit
2898 4467 2910 4502 :
2942 4448 2998 4503 Si
3029 4446 3306 4501 haberetis
3337 4445 3523 4506 fidem,

1919 4546 2078 4598 istam
2116 4542 2463 4613 sycaminum
2510 4541 3051 4613 transplantassetis.
3093 4539 3209 4594 Duo
3250 4547 3432 4592 autem
3465 4537 3520 4591 in

1915 4637 2020 4692 hoc
2053 4651 2248 4706 magna
2301 4644 2453 4699 sunt,
2488 4651 2690 4706 nempe
2739 4637 2795 4690 iu
2855 4636 3022 4689 alium
3077 4633 3255 4688 locum
3313 4631 3523 4686 moveri

1915 4732 2218 4786 radicatam
2273 4731 2529 4797 interra,
2566 4742 2622 4786 et
2671 4729 2906 4800 plantari
2960 4729 3013 4783 in
3070 4727 3229 4783 mari.
3270 4727 3328 4781 In
3383 4741 3522 4796 aqua

1912 4821 2060 4878 enim
2096 4821 2354 4891 quidnam
2385 4820 2704 4891 plantatur?
2733 4820 3082 4876 Manifestum
3121 4829 3306 4873 autem
3343 4818 3510 4886 quod,

1917 4920 2046 4973 dum
2083 4921 2198 4973 hcec
2237 4917 2394 4985 dicit,
2449 4918 2572 4973 fidei
2607 4927 2880 4972 monstrat
2928 4917 3211 4972 virtutem.
3245 4913 3522 4970 Fortassis

1916 5022 2099 5064 autem
2134 5026 2229 5080 per
2261 5010 2578 5081 allegoriam
2614 5013 2736 5082 quis
2772 5011 3118 5082 sycaminum
3149 5010 3351 5064 dixerit
3397 5021 3522 5060 esse

1914 5104 2215 5168 diabolum,
2258 5103 2402 5172 quod
2439 5103 2598 5158 nobis
2647 5115 2839 5158 auctor
2859 5113 2916 5158 et
2939 5103 3193 5156 alumnus
3219 5102 3288 5154 sit
3318 5096 3520 5152 vermis

1915 5196 2130 5261 interni,
2166 5203 2392 5266 propter
2423 5197 2785 5265 cogitationes
2809 5210 2950 5265 quas
2980 5195 3068 5248 ille
3092 5199 3337 5262 generat.
3369 5186 3518 5243 Folia

1916 5289 2062 5343 enim
2096 5288 2367 5357 sycamini
2406 5302 2618 5342 vermes
2644 5298 2900 5358 pascunt,
2952 5289 3095 5341 unde
3130 5289 3264 5338 fiunt
3312 5281 3510 5336 serica.

1915 5381 2066 5436 lianc
2098 5383 2260 5450 igitur
2298 5384 2641 5452 sycaminum
2669 5384 2802 5438 fides
2843 5382 3125 5437 eradicare
3169 5376 3334 5450 425
3372 5374 3518 5429 valet:

1911 5489 1976 5528 ex
2007 5473 2177 5529 corde
2233 5476 2490 5539 humano,
2524 5485 2578 5530 et
2609 5476 2662 5528 in
2721 5491 2870 5529 mare
2914 5475 3204 5545 projicere.
3247 5472 3348 5523 hoc
3409 5476 3513 5529 est,

1910 5569 1963 5624 in
2008 5568 2265 5640 abyssum
2293 5571 2542 5639 perdere.
2580 5571 2643 5624 Et
2668 5571 2796 5642 quia
2824 5572 2939 5625 lucc
2967 5570 3099 5623 dicit
3133 5566 3199 5622 de
3229 5567 3352 5624 fide,
3383 5562 3510 5616 sub-

1906 5660 1986 5715 dit
2009 5657 2323 5715 doctrinam
2351 5661 2510 5717 aliam
2539 5662 3120 5735 magisnecessariam.
3150 5658 3334 5728 Qualis
3355 5651 3512 5711 lucc?
