4000 6394
491 308 597 371 987

1389 305 1971 374 TllEOPHYLACTl
2007 309 2420 370 BULGARLE
2456 309 2810 370 ARCHIEP.

3652 306 3755 371 988

497 423 611 480 Non
643 422 1063 496 superbiendum
1093 435 1214 477 esse
1241 422 1293 475 in
1325 421 1480 476 bonis
1501 421 1774 493 operibus.
1802 421 2070 489 Quoniam

2190 424 2348 489 ζῶσαι
2379 426 2485 478 άπὸ
2511 426 2738 496 καρδίας
2769 424 3142 496 ἀνθρωπίνης,
3172 425 3263 477 καὶ
3296 424 3377 488 είς
3417 422 3519 495 τὴν
3551 423 3757 477 θάλασ-

493 518 639 571 enim
673 517 805 571 fides
841 513 1004 568 multa
1029 514 1276 582 corrigit,
1307 523 1360 568 et
1395 512 1522 568 facit
1559 513 1785 583 implere
1809 516 2062 570 mandata

493 608 722 673 eumqui
759 605 899 659 illam
935 603 1120 671 habet,
1153 619 1274 660 cum
1298 619 1362 658 eo
1391 607 1534 673 quod
1575 604 1802 659 adornat
1831 606 2064 659 miracu-

494 697 666 750 lorum
699 699 972 764 operibus.
1004 694 1196 751 Verum
1219 697 1344 764 quia
1377 697 1668 751 verisimile
1688 697 2063 752 esthominem

493 803 554 839 ex
595 787 676 839 bis
708 788 757 840 in
791 789 1092 855 superbiam
1127 790 1383 855 incidere,
1421 789 1593 842 munit
1642 789 1916 860 apostolos
1948 790 2018 842 ita
2043 827 2059 854 ,

496 889 544 928 ut
583 895 688 930 non
725 880 1052 932 extollantur
1094 879 1145 934 in
1183 881 1339 934 bonis
1386 883 1660 950 operibus,
1706 880 2066 950 pulcherrimo

493 971 760 1037 exemplo.
811 970 942 1034 Quis
989 972 1131 1024 enim
1162 983 1425 1038 vestrum,
1459 973 1650 1042 inquit,
1705 978 1920 1027 Servum
1967 970 2067 1024 ba-

495 1060 651 1122 bcns,
693 1072 744 1115 et
772 1071 984 1116 ραιιρτσ.
1025 1063 1357 1118 Monstratur
1381 1067 1524 1119 enim
1577 1080 1672 1134 per
1708 1065 1850 1119 banc
1906 1077 2064 1132 para-

496 1153 668 1206 bolum
699 1155 841 1222 quod
873 1170 978 1208 non
1025 1165 1236 1224 oportet
1279 1155 1460 1210 extolli
1520 1157 1575 1210 in'
1624 1157 1765 1210 bono
1803 1155 2058 1225 quopiam

496 1259 680 1311 Opere,
711 1245 816 1298 imo
850 1261 1024 1314 neque
1076 1248 1126 1300 in
1157 1248 1396 1303 omnium
1447 1249 1826 1302 mandatorum
1877 1247 2068 1315 imple-

501 1340 667 1391 tione.
697 1339 863 1392 Servo
891 1339 1033 1391 enim
1055 1343 1350 1396 necessitas
1381 1342 1720 1396 incumbitut
1743 1340 1900 1395 faciat
1922 1356 2075 1394 man-

499 1434 620 1483 data
654 1431 881 1492 domini,
909 1447 1083 1500 neque
1130 1442 1187 1487 ut
1234 1434 1429 1486 bonum
1465 1449 1600 1502 opus
1663 1433 1763 1488 sibi
1802 1433 1930 1487 illud
1981 1447 2071 1486 as-

498 1521 707 1572 cribere
737 1521 912 1575 debet.
949 1521 1156 1592 Quippe
1187 1525 1230 1577 si
1259 1539 1360 1576 non
1391 1524 1724 1592 operabitur,
1771 1524 1964 1592 dignus
1993 1531 2074 1577 est

500 1610 683 1665 multis
716 1613 888 1682 plagis
919 1633 930 1668 :
973 1630 1093 1668 cum
1137 1624 1314 1669 autem
1346 1627 1605 1685 operatus
1635 1616 1819 1682 fuerit,
1848 1623 2070 1670 conten-

502 1715 587 1758 tus
617 1707 685 1759 sit
712 1711 851 1774 quod
903 1710 1088 1774 plagas
1130 1709 1402 1778 effugerit.
1456 1709 1688 1763 Proinde
1722 1725 1830 1763 non
1863 1716 2076 1778 oportet

499 1797 566 1850 de
606 1800 703 1850 hoc
729 1800 958 1863 pretium
995 1800 1074 1866 vel
1136 1801 1398 1853 honorent
1452 1803 1764 1855 necessario
1808 1815 2073 1870 quaerere.
2109 1793 2150 1848 Β

499 1888 865 1942 Liberalitatis
928 1892 1069 1943 enim
1133 1892 1336 1946 domini
1396 1893 1558 1947 fuerit
1592 1893 1723 1947 dare
1792 1893 1914 1962 ipsi,
1968 1894 2076 1947 imo

500 1979 681 2048 largiri
715 1981 1011 2049 quidpiam.
1049 1981 1216 2051 igitur
1245 1992 1298 2038 et
1331 1983 1421 2050 qui
1467 1985 1633 2038 servit
1686 1983 1818 2046 Deo,
1860 1984 2074 2038 etiamsi

499 2073 752 2126 mandata
819 2075 1086 2140 perficiat,
1126 2092 1233 2128 non
1298 2075 1455 2130 debet
1498 2075 1716 2129 extolli..
1759 2073 1904 2128 Nihil
1933 2077 2074 2129 enim

500 2181 750 2234 magnum
791 2166 938 2230 fecit,
969 2169 1060 2220 sed
1105 2184 1182 2220 va:
1230 2170 1336 2221 erit
1368 2169 1415 2220 ei
1475 2168 1576 2221 nisi
1629 2167 1866 2233 fecerit;
1930 2167 2078 2221 sicut

500 2255 790 2322 Aposxolus
818 2258 944 2310 dicit
974 2275 984 2309 :
1026 2277 1042 2307 ι
1082 2257 1171 2309 Va:
1198 2259 1326 2310 mihi
1349 2259 1448 2312 nisi
1474 2260 1917 2327 evangelizavero
1940 2259 2005 2310 “.
2057 2277 2073 2310 ι

500 2344 730 2400 Proinde
757 2349 801 2401 si
830 2350 967 2402 dona
1005 2348 1166 2402 fuerit
1195 2361 1501 2409 assecutus.
1536 2366 1639 2403 non
1671 2351 1832 2404 debet
1872 2350 1923 2402 in
1972 2349 2080 2402 illis

501 2441 799 2506 siiperbire,
838 2451 889 2492 et
925 2443 990 2494 de
1033 2442 1110 2494 eis
1137 2441 1442 2507 sejactare.
1479 2440 1746 2495 Beneficia
1778 2442 1921 2494 enim
1955 2448 2082 2494 sunt

502 2548 595 2600 per
626 2534 1058 2587 misericordiam
1107 2533 1200 2587 Dei
1231 2535 1302 2586 illi
1339 2549 1618 2599 concessa,
1673 2549 1781 2587 non
1813 2535 1954 2602 quod
1990 2535 2084 2588 de-

502 2626 621 2679 beat
657 2630 701 2679 ei
732 2627 932 2695 aliquid
969 2629 1258 2680 Dominus:
1289 2627 1395 2680 imo
1453 2641 1642 2680 servus
1678 2626 1839 2679 debet
1866 2626 2083 2679 domino

503 2731 603 2770 suo
629 2730 686 2770 ut
711 2719 1068 2772 fat-iatomnia
1107 2719 1223 2785 ejus
1267 2719 1542 2770 mandata.
1577 2716 1634 2770 Si
1667 2728 1846 2770 autem
1876 2725 1928 2769 et
1961 2731 2081 2769 cum

505 2809 686 2861 omnia
714 2809 962 2861 mundata
1014 2809 1325 2872 fecerimus,
1362 2823 1612 2876 magnum
1650 2806 1907 2874 quiddam
1957 2818 2084 2862 tunc

505 2899 826 2952 sentirenon
863 2900 1143 2966 debemus,
1178 2900 1325 2967 quid,
1369 2912 1493 2951 eum
1531 2898 1827 2950 maximam
1860 2909 2069 2966 partem

507 2991 877 3042 mandatorum
900 2991 988 3043 Dei
1009 3006 1114 3043 non
1133 2989 1467 3058 perﬁcimus,
1487 2987 1718 3056 amplius
1731 2986 2084 3041 extollimur?

509 3081 740 3136 Adverte
770 3094 952 3136 autem
983 3084 1123 3151 quod
1156 3083 1208 3135 in
1237 3083 1379 3135 dicta
1422 3081 1677 3150 parabola
1708 3080 1943 3150 primum
1987 3095 2085 3149 po-

507 3175 613 3230 suit
647 3186 914 3237 arantem,
943 3183 996 3228 et
1017 3173 1253 3227 subdidit
1277 3185 1461 3242 postea
1488 3179 1821 3241 pascentem.
1842 3170 2086 3223 Primum

504 3267 650 3320 enim
677 3276 892 3336 oportet
940 3281 1059 3321 esse
1096 3274 1389 3331 aratorem,
1437 3265 1631 3319 deinde
1669 3272 1723 3316 et
1756 3260 2088 3330 pastoralem

508 3373 692 3410 curam
715 3372 1012 3411 assumere.
1040 3355 1172 3408 Nam
1214 3356 1302 3425 qui
1336 3370 1554 3408 carnem
1598 3368 1750 3406 suam
1792 3354 1930 3406 bene
1969 3365 2091 3405 ara-

511 3451 826 3518 veritqunsi
879 3458 1079 3504 terram
1140 3448 1456 3517 quamdam,
1509 3448 1704 3515 dignus
1765 3446 1872 3500 erit
1918 3445 2086 3499 etiam

517 3543 746 3596 aliorum
781 3552 962 3611 pastor
991 3542 1140 3596 ‘lieri.
1172 3540 1273 3608 Qui
1318 3541 1459 3594 enim
1503 3555 1612 3593 sua:
1668 3538 1853 3594 domui
1909 3538 2090 3592 nescit

511 3648 743 3700 praeesse
780 3645 834 3686 ut
861 3641 1092 3700 oportet,
1117 3634 1390 3701 quomodo
1412 3632 1666 3686 Ecclesiae
1687 3647 1874 3686 curam
1905 3630 2087 3702 geret?

507 3726 616 3776 Ara
646 3725 806 3793 igitur
825 3723 975 3791 prius
1011 3724 1262 3790 teipsnm,
1287 3731 1340 3774 et
1367 3732 1488 3775 tunc
1512 3735 1705 3788 pasces
1731 3721 1864 3772 alios
1895 3759 1909 3783 ,
1946 3720 2087 3773 sicut

521 3825 575 3868 et
617 3814 879 3869 Jeremias
915 3816 1088 3867 dit-it:
1132 3814 1338 3869 Novate
1404 3815 1556 3866 vobis
1603 3813 1841 3878 novalia,
1894 3811 2089 3866 deinde

509 3905 725 3959 subdit:
762 3905 1070 3960 llluminate
1105 3920 1194 3958 vos
1224 3906 1423 3957 lmnine
1446 3905 1684 3959 scientiae
1707 3922 1718 3956 :
1740 3903 1882 3972 quod
1908 3912 2087 3972 pasto-

503 4012 626 4052 rum
661 3999 988 4067 praecipuum
1023 4012 1218 4050 munus
1249 3997 1430 4051 fuerit.

2174 534 2271 569 σαν
2311 516 2512 588 βαλεῖν,
2560 513 2866 581 τουτέστιν,
2910 518 2989 580 είς
3045 516 3145 587 τὴν
3173 517 3411 572 ἄϐυσσον
3445 515 3747 570 ἀπολῦσαι.

2182 606 2336 659 Ἐπεὶ
2360 607 2416 660 δὲ
2442 608 2616 661 ταῦτα
2645 602 2765 660 εἷπε
2796 607 2926 675 περὶ
2955 605 3056 676 τῆς
3082 605 3342 670 πίστεως,
3373 605 3635 676 ἐπιφέρει
3659 605 3754 657 καὶ

2173 701 2612 772 ἀναγκαιοτάτην
2661 702 2854 772 ἑτέραν
2890 699 3266 764 διδασκαλίαν,
3299 701 3462 753 ποίαν
3518 697 3753 765 ταύτην;

2173 794 2285 863 Τὴν
2317 795 2443 863 περὶ
2476 795 2569 846 τοῦ
2610 795 2685 864 μὴ
2709 795 2821 848 δεῖν
2865 794 3294 864 μεγαλοφρονεῖν
3343 793 3442 845 ἐπὶ
3469 790 3757 861 κατορθὼο

2178 903 2309 956 μασι
2337 903 2350 915 ·
2392 886 2577 955 ἐπειδὴ
2609 886 2770 957 γὰρὴ
2803 885 2989 947 πίστις
3013 885 3184 938 πολλά
3214 884 3491 954 κατορθοῖ,
3525 887 3622 938 καὶ
3652 883 3760 936 τῶν

2176 979 2404 1031 ἐντολῶν
2432 979 2725 1050 πληρωτὴν
2749 981 2895 1030 ποιεῖ
2916 977 3008 1030 τὸν
3039 975 3242 1047 ταύτην
3275 975 3469 1045 ἔχοντα
3496 976 3638 1044 μετὰ
3666 973 3757 1027 τοῦ

2177 1074 2271 1124 καὶ
2301 1071 2770 1142 θαυματουργίαις
2799 1071 3176 1139 κατακοσμεῖν
3214 1068 3398 1130 αὐτὸν,
3442 1069 3506 1120 ἐκ
3556 1067 3762 1119 τούτων

2179 1165 2234 1218 δὲ
2271 1165 2415 1227 είκὸς
2440 1164 2531 1217 τὸν
2562 1163 2850 1234 ἄνθρωπον
2875 1165 2954 1226 είς
2983 1159 3471 1231 μεγαλοφροσύνην
3509 1161 3765 1210 ἐκπεσεῖν

2181 1255 2459 1318 πολλάκις,
2497 1253 2861 1321 ἀσφαλίζεται
2903 1255 3029 1315 τοὺς
3087 1251 3446 1316 ἀποστόλους,
3495 1250 3639 1301 ὥστε
3689 1249 3765 1318 μὴ

2181 1347 2508 1418 ἐπαίρεσθαι
2541 1348 2632 1399 ἐπὶ
2659 1344 3078 1416 κατορθώμασι,
3126 1343 3191 1396 δι’
3218 1342 3623 1410 ὑποδείγματος
3672 1357 3769 1409 χα-

2186 1441 2488 1510 ριεστάτου.
2517 1440 2615 1502 Τίς
2643 1440 2775 1508 γὰρ,
2821 1439 3007 1506 φησὶν,
3059 1435 3214 1506 ὑμῶν
3247 1435 3435 1489 δοῦλον
3471 1434 3636 1503 ἔχων,
3678 1434 3770 1485 καὶ

2181 1534 2247 1584 τὰ
2291 1531 2440 1600 ἑξῆς.
2489 1530 2856 1584 Ἐνδείκνυται
2908 1530 3019 1599 γὰρ
3051 1530 3139 1582 διὰ
3179 1527 3385 1595 ταύτης
3429 1526 3531 1594 τῆς
3593 1541 3772 1593 παρα·

2184 1623 2366 1690 δολῆς,
2409 1624 2490 1676 ὅτι
2524 1622 2585 1675 ού
2615 1623 2696 1674 δεῖ
2728 1621 3052 1690 ἐπαίρεσθαι
3096 1621 3185 1673 ἐπί
3213 1637 3321 1672 τινι
3350 1616 3768 1686 κατορθώματι,

2189 1715 2388 1786 μᾶλλον
2421 1713 2474 1766 δὲ
2505 1713 2626 1766 οὐδέ
2659 1713 2750 1766 ἐπὶ
2783 1715 2851 1783 τῇ
2911 1712 3102 1765 πασῶν
3124 1711 3235 1765 τῶν
3283 1709 3516 1762 ἐντολῶν
3567 1707 3773 1774 ἐκπληο

2181 1806 2369 1876 ρώσει;
2405 1805 2586 1871 Δούλῳ
2613 1804 2722 1872 γάρ
2749 1803 2961 1872 ἀνάγκη
2991 1803 3289 1862 ἐπίκειται,
3315 1800 3376 1852 τὸ
3395 1796 3645 1867 πληροῦν
3673 1797 3770 1857 τὰς

2180 1897 2401 1960 ἐντολὰς
2432 1895 2524 1949 τοῦ
2556 1895 2787 1965 Κυρίου,
2815 1895 2872 1948 ού
2906 1895 3012 1964 μὴν
3050 1895 3125 1957 ὡς
3155 1892 3492 1961 κατόρθωμα
3531 1889 3774 1959 ἐπιγρά-

2181 1991 2376 2060 φεσθαι
2414 1990 2592 2059 ἐαυτῷ
2614 1989 2774 2042 τοῦτο
2798 1989 3025 2056 ὀφείλει.
3078 1989 3138 2040 Ei
3174 1988 3283 2056 γάρ
3325 1986 3400 2056 μὴ
3437 1983 3770 2052 ἐργάσηται,

2180 2082 2408 2152 πληγῶν
2441 2082 2724 2148 ἀξιωτέος,
2751 2082 2872 2133 ἐπεὶ
2908 2081 2963 2132 δὲ
2998 2080 3315 2148 εἰργάσατο,
3357 2076 3640 2148 ἀρκείσθω
3694 2075 3777 2126 ὅτι

2181 2177 2280 2239 τὰς
2331 2176 2546 2244 πληγὰς
2596 2175 2880 2242 ἐξέφυγεν,
2937 2175 2997 2224 οὐ
3038 2173 3143 2240 μὴν
3202 2171 3408 2238 ὀφείλει
3467 2171 3562 2221 ἐπὶ
3598 2168 3776 2237 τούτῳ

2181 2263 2348 2332 τιμὴν
2389 2263 2570 2332 ζητεῖν
2623 2263 2960 2330 ἀναγκαίως.
3013 2262 3123 2329 Τῆς
3156 2261 3263 2329 γὰρ
3333 2259 3427 2311 τοῦ
3505 2258 3776 2310 δεσπότου

2185 2355 2499 2424 φιλοτιμίας
2530 2355 2646 2406 ἐστὶ
2672 2354 2732 2406 τὸ
2765 2354 2945 2406 δοῦναι
2989 2354 3160 2421 αύτῷ,
3204 2352 3402 2421 μᾶλλον
3442 2351 3497 2403 δέ
3536 2353 3778 2421 χαρίσα-

2187 2443 2310 2495 σθαί
2350 2460 2421 2496 τι.
2449 2442 2662 2494 Οὐκοῦν
2687 2443 2780 2495 καὶ
2812 2442 2888 2511 τῷ
2924 2441 3044 2509 Θεῷ
3074 2440 3362 2502 δουλεύων,
3401 2441 3511 2492 εἴτε
3546 2442 3646 2502 τὰς
3685 2441 3773 2490 ἐν-

2184 2536 2343 2596 τολὰς
2400 2535 2682 2604 κατορθοῖ,
2743 2535 2844 2586 οὐκ
2903 2534 3113 2602 ὀφείλει
3188 2531 3538 2602 ἐπαίρεσθαι.
3603 2532 3778 2584 Οὒδὲν

2187 2626 2295 2695 γάρ
2330 2625 2472 2695 μέγα
2533 2625 2792 2694 ἐποίησεν
2826 2642 2840 2656 ·
2884 2625 3002 2678 ἀλλ’
3059 2624 3182 2676 ούαὶ
3239 2619 3306 2693 ἦν
3368 2623 3541 2691 αὐτῷ,
3596 2622 3648 2674 εί
3702 2621 3776 2691 μὴ

2188 2719 2460 2787 ἐποίησεν,
2496 2718 2569 2779 ὡς
2601 2721 2626 2770 ό
2671 2717 2995 2779 Ἀπόστο).ός
3041 2733 3230 2786 φησιν,
3275 2734 3291 2766 ι
3332 2715 3469 2768 Ούαί
3504 2731 3617 2782 μοι,
3681 2715 3778 2766 ἐάν

2192 2811 2264 2878 μὴ
2292 2808 2755 2878 εὐαγγελίζωμαι.
2787 2829 2803 2861 ι
2845 2809 2974 2862 Οῦτῖ
2998 2804 3062 2861 αὖ
3089 2809 3136 2860 εί
3165 2807 3525 2877 χαρισμάτων
3559 2806 3775 2876 ἔτυχεν,

2187 2900 2392 2968 ὀφείλει
2431 2900 2520 2950 ἐπὶ
2558 2898 2768 2959 τούτοις
2807 2897 3256 2967 μεγαλοφρονεῖν·
3305 2897 3631 2968 χαρίσματα
3667 2900 3778 2968 γάρ

2191 2989 2298 3040 είσι
2331 2987 2419 3039 διὰ
2461 2987 2610 3040 ἔλεον
2647 2987 2782 3040 Θεοῦ
2821 2987 3155 3057 χαρισθέντα
3227 2987 3402 3056 αὐτῷ,
3460 2987 3588 3058 ούχὶ
3641 2989 3780 3041 διότι

2192 3075 2485 3146 ἐχρεώστει
2520 3077 2668 3146 αύτῷ
2699 3079 2726 3130 ό
2770 3078 3058 3145 δεσπότης.
3107 3078 3326 3132 Μᾶλλον
3367 3078 3477 3150 γὰρ
3515 3082 3543 3132 ό
3595 3079 3784 3144 δοῦλος

2193 3173 2460 3239 χρεωστεῖ
2489 3168 2564 3238 τῷ
2596 3170 2832 3238 δεσπότῃ
2866 3169 3056 3236 αὑτοῦ,
3116 3170 3175 3222 τδ
3216 3172 3391 3224 ποιεῖν
3442 3171 3626 3234 πάσας
3685 3172 3786 3235 τὰς

2195 3260 2416 3322 ἐντολὰς
2448 3259 2635 3312 αὑτοῦ.
2670 3260 2733 3312 El
2779 3260 2834 3312 δὲ
2871 3259 2966 3313 καὶ
3006 3261 3132 3313 ὅταν
3175 3261 3354 3324 πάσας
3403 3261 3503 3325 τὰς
3559 3264 3585 3315 ἐ
3610 3263 3786 3327 ’ὀλὰς

2193 3353 2540 3422 ποιήσωμεν,
2581 3351 2701 3405 οὐδὲ
2735 3353 2855 3405 τότε
2882 3352 3172 3421 ὀφείλομεν
3202 3353 3413 3408 οίεσθαί
3443 3371 3495 3407 τι
3530 3357 3702 3424 μέγα,
3730 3355 3783 3408 τί

2191 3445 2486 3514 γενόμεθα,
2521 3445 2652 3496 ὅταν
2684 3444 2821 3514 μηδέ
2850 3444 2909 3498 τὸ
2937 3445 3231 3499 πολλοστὸν
3260 3447 3428 3516 μέρος
3487 3445 3601 3501 τῶν
3638 3449 3789 3501 ἐντο-

2193 3536 2302 3588 λῶν
2326 3535 2418 3588 τοῦ
2459 3535 2596 3588 Θεοῦ
2629 3536 3027 3606 κατορθοῦντες
3057 3537 3140 3591 ἔτι
3189 3538 3571 3608 ἐπαιρόμεθα;
3636 3540 3789 3593 Ἐπί·

2197 3640 2395 3692 στησον
2420 3623 2476 3675 δὲ
2529 3625 2585 3676 ἐν
2619 3621 2696 3692 τῷ
2732 3621 2834 3691 τῆς
2874 3623 3196 3696 παραϐολῆς
3226 3627 3398 3696 ῥητῷ,
3448 3628 3532 3680 ὃτι
3565 3628 3786 3698 πρῶτον

2196 3714 2349 3780 ἔταξε
2389 3715 2473 3777 τὸ,
2533 3713 2897 3785 ἀροτριῶντα,
2941 3713 3062 3769 είτα
3118 3718 3368 3786 ἐπήγαγε
3408 3719 3492 3782 τὸ,
3554 3720 3784 3789 ποιμαί-

2198 3825 2378 3861 νοντα.
2411 3807 2636 3878 Πρῶτον
2670 3809 2769 3876 μὲν
2799 3809 2908 3879 γὰρ
2933 3810 3012 3862 δεῖ
3048 3811 3250 3880 ἀρότην
3284 3808 3425 3865 εἷναί
3474 3831 3621 3876 τινα,
3666 3809 3785 3866 εἶτα

2199 3900 2293 3950 καὶ
2330 3897 2695 3968 ποιμαντικὴν
2724 3898 3159 3970 ἐγχειρισθῆναι.
3205 3903 3264 3955 Ὀ
3295 3903 3405 3975 γὰρ
3435 3903 3534 3973 τὴν
3587 3904 3784 3958 ἑαυτοῦ

2204 3991 2382 4059 σάρκα
2413 3989 2591 4051 καλῶς
2623 3989 2966 4061 ἁροτριὼσας
2995 3985 3106 4044 οἶόν
3144 4009 3266 4045 τινα
3296 3994 3421 4063 γῆν,
3450 3991 3608 4058 οὗτος
3639 3996 3786 4060 ἄξιός

508 4094 624 4144 ἐστι
655 4093 748 4144 κα)⁵
783 4094 987 4162 ποιμὴν
1020 4093 1222 4163 ἐτέρων
1253 4092 1528 4160 γενέσθαι.
1566 4094 1661 4154 Ὃς
1683 4091 1792 4161 γὰρ
1822 4088 1916 4144 τοῦ
1985 4089 2116 4143 ίδίου
2157 4090 2307 4140 οἴκου
2338 4089 2437 4140 οὐκ
2499 4083 2661 4151 οἶδεν,
2698 4088 2772 4151 ὡς
2801 4087 2900 4153 δεῖ,
2936 4090 3260 4160 προστῆναι,
3295 4091 3413 4154 πῶς
3454 4091 3786 4163 Ἐκκλησίας

509 4184 934 4254 ἐπιμελήσεται;
971 4185 1200 4252 ’Ᾱροσον
1231 4181 1323 4237 οὖν
1365 4186 1629 4254 πρότερον
1675 4185 1923 4249 σεαυτὸν,
1980 4183 2072 4234 καὶ
2113 4181 2231 4232 τότε
2269 4182 2552 4248 ποιμανεῖς
2595 4181 2837 4250 ἐτέρους,
2908 4180 3052 4235 καθὰ
3115 4183 3207 4234 καὶ
3267 4183 3541 4254 Ἱερεμίας
3603 4187 3736 4256 φησί
3763 4206 3778 4221 ο

509 4275 766 4328 Νεώσατε
801 4276 1009 4337 ἑαυτοῖς
1039 4273 1315 4344 νεώματα,
1347 4271 1464 4328 εἶτα
1540 4277 1634 4328 τόο
1663 4276 1940 4330 Φωτίσατε
1993 4275 2202 4335 ἑαυτοῖς
2239 4271 2354 4336 φῶς
2417 4272 2698 4338 ννώσεως,
2743 4273 2772 4326 ὃ
2831 4273 2981 4344 δηλοῖ
3004 4276 3102 4345 τῆς
3134 4278 3505 4346 ποιμαντικῆς
3560 4280 3624 4332 τὸ
3688 4297 3785 4332 κν-

511 4373 778 4444 ριώτατον
817 4372 1003 4441 μέρος.

581 4467 738 4520 Vens.
779 4466 961 4519 ll-lS).
1007 4483 1024 4515 ι
1073 4464 1137 4519 Ει
1161 4464 1362 4518 factum
1387 4473 1471 4520 est
1500 4465 1625 4520 dum
1678 4467 1782 4521 iret
1821 4466 2083 4521 llieroso-
2125 4467 2171 4522 D

508 4555 730 4625 lymam.
768 4565 820 4609 et
854 4556 964 4622 ipse
1007 4555 1270 4607 transibat
1300 4570 1392 4622 per
1428 4555 1656 4609 mediam
1683 4555 1990 4609 Samariam
2034 4562 2088 4605 et

508 4646 804 4697 Gaiilwam.
850 4643 1058 4695 Etcum
1086 4645 1455 4711 ingrederetur
1476 4648 1758 4712 quamdam
1784 4646 2086 4708 civitatem,

511 4743 871 4788 occurrerunt
895 4735 942 4786 ei
977 4736 1157 4788 decem
1185 4735 1284 4787 viri
1315 4736 1536 4803 loprosi,
1559 4738 1647 4804 qui
1681 4745 1944 4790 steterunt
1973 4750 2090 4804 pro-

509 4829 614 4889 col,
677 4828 991 4895 intentaque
1044 4843 1174 4881 voce
1213 4829 1467 4882 dixerunt
1513 4844 1526 4879 :
1579 4827 1703 4882 Jesu
1765 4840 2085 4899 prteceptor,

512 4918 772 4970 miserere
800 4917 991 4971 nostri.
1033 4918 1175 4982 Quos
1210 4930 1264 4969 ut
1297 4920 1447 4984 vidit,
1483 4919 1620 4973 dixit
1664 4920 1768 4974 illis
1803 4935 1816 4973 τ
1857 4917 1952 4986 Ite,
2001 4937 2090 4974 os-

513 5009 712 5062 tendite
751 5024 844 5060 vos
900 5011 1295 5063 sacerdotibus.
1358 5010 1417 5063 lit
1465 5009 1668 5065 factum
1717 5020 1798 5065 est
1851 5020 1906 5063 ut
1953 5014 2092 5066 inter

513 5100 749 5152 eundum
778 5101 1018 5154 mundati
1058 5103 1184 5157 sint.
1219 5102 1366 5156 Unus
1403 5114 1576 5159 autem
1616 5121 1679 5158 ex
1725 5105 1830 5158 illis
1871 5115 1926 5157 ut
1959 5105 2093 5157 vidit

517 5195 657 5259 quod
696 5200 984 5250 mundatus
1017 5207 1185 5259 esset,
1218 5211 1496 5266 regressus
1526 5209 1627 5264 est,
1657 5216 1781 5251 cum
1829 5214 1957 5251 voce
1981 5214 2094 5250 ma-

513 5300 615 5351 gna
650 5286 956 5352 glorilicans
992 5291 1179 5352 Deum,
1229 5300 1282 5342 et
1331 5292 1563 5360 procidit
1596 5292 1648 5345 in
1683 5291 1848 5362 426
1901 5291 2094 5344 faciem

515 5372 582 5424 ad
613 5376 776 5441 lll'dL’S
807 5377 942 5443 θίυδ,
975 5382 1172 5445 gratius
1203 5395 1366 5449 agens
1406 5383 1454 5436 El
1495 5402 1508 5436 :
1543 5394 1595 5436 et
1628 5384 1715 5436 ltic
1749 5394 1864 5436 erat
1891 5384 2083 5436 Sama-

514 5467 744 5522 ritanus.
779 5469 1126 5536 ltespondons
1166 5484 1345 5527 autem
1384 5473 1541 5530 Jesus
1573 5475 1702 5529 dicit
1731 5494 1741 5528 :
1780 5475 1968 5528 Nonne
1998 5476 2092 5529 de—

516 5576 629 5611 t-cm
658 5564 897 5614 mundati
934 5576 1054 5614 sunt
1084 5565 1102 5615 ?
1144 5582 1330 5620 norem
1360 5577 1535 5624 autem
1574 5567 1647 5622 illi
1674 5567 1800 5624 ubi?
1832 5567 1945 5622 Non
1968 5578 2092 5621 sunt

591 5735 678 5788 ³⁸1
718 5740 818 5792 ('Ot‘
858 5757 929 5807 ix,
979 5744 1055 5794 Η).

2283 4475 2300 4507 ι
2334 4458 2443 4510 Καὶ
2471 4457 2689 4526 ἐγένετο
2720 4459 2776 4511 ὲν
2806 4457 2882 4528 τῷ
2909 4459 3239 4528 πορεύεσθαι
3270 4458 3434 4512 αὑτὸν
3462 4460 3542 4522 είς
3589 4460 3786 4532 Ἰερου-

2197 4547 2400 4617 σαλὴμ,
2429 4547 2522 4600 καὶ
2558 4549 2718 4610 αὐτὸς
2745 4549 3000 4617 διήρχετο
3025 4548 3112 4599 διὰ
3143 4548 3308 4617 μέσου
3335 4548 3658 4617 Σαμαρείας
3696 4554 3786 4604 καὶ

2198 4641 2507 4704 Γαλιλαίας.
2552 4642 2662 4694 Καὶ
2703 4642 3091 4710 εἰσερχομένου
3125 4641 3288 4694 αὐτοῦ
3319 4642 3400 4705 είς
3430 4659 3557 4694 τινα
3610 4645 3785 4707 πόλιν,

2197 4735 2526 4804 ἀπήντησαν
2573 4733 2721 4802 αύτῷ
2772 4734 2901 4786 δέκα
2945 4733 3136 4802 λεπροὶ
3183 4735 3396 4804 ἄνδρες,
3429 4736 3491 4792 «οἳ
3550 4736 3786 4804 ἔστησαν

2197 4826 2505 4896 πόρρωθεν,
2543 4827 2637 4879 καὶ
2664 4827 2816 4879 αὐτοὶ
2845 4822 2984 4897 ἦραν
3019 4827 3224 4895 φωνὴν,
3253 4828 3510 4894 λέγοντες
3545 4846 3559 4859 ο
3614 4828 3784 4899 Ἰησοῦ

2197 4920 2484 4985 ἐπιστάτα,
2513 4919 2736 4987 ἐλέησον
2771 4922 2938 4990 ἡμᾶς.
2965 4923 3073 4974 Καὶ
3111 4920 3234 4973 ἰδὼν
3259 4918 3413 4974 εἶπεν
3443 4923 3657 4984 αὐτοῖς’
3689 4926 3787 4976 Πο-

2198 5011 2486 5080 ρευθέντες
2527 5013 2836 5077 ἐπιδείξατε
2863 5015 3095 5077 ἑαυτοὺς
3122 5017 3235 5076 τοῖς
3269 5015 3494 5083 ἱερεῦσι.
3534 5017 3649 5069 Καὶ
3672 5017 3789 5083 ἐγὲα

2195 5120 2315 5154 νετο
2341 5105 2396 5154 ἐν
2564 5105 2796 5171 ὑπάγειν
2826 5107 3044 5172 αὐτοὺς,
3078 5106 3547 5176 ἐκαθαρίσθησαν.
3587 5104 3680 5172 Εἷς
3733 5110 3786 5162 δὲ

2198 5196 2254 5258 ἐξ
2289 5198 2465 5249 αὐτῶν
2521 5198 2645 5249 ἰδὼν
2694 5199 2772 5250 ὅτι
2829 5199 2975 5268 ίάθη,
3021 5199 3352 5267 ὑτέστρεψε,
3399 5203 3539 5268 μετά
3601 5203 3784 5269 φωνῆς

2205 5290 2448 5360 μεγάλης
2473 5289 2709 5354 δοξάζων
2737 5292 2829 5345 τὸν
2864 5293 3016 5355 Θεὸν,
3054 5294 3148 5345 καὶ
3178 5294 3373 5345 ἔπεσεν
3437 5294 3534 5346 ἐπὶ
3573 5298 3784 5364 πρόσω-

2199 5398 2300 5434 πον
2330 5385 2476 5452 παρὰ
2506 5386 2631 5446 τοὺς
2661 5387 2824 5448 πόδας
2857 5387 3047 5448 αὑτοῦ,
3076 5387 3416 5457 εὐχαριστῶν
3477 5388 3651 5456 αύτῷ·
3695 5389 3782 5439 καὶ

2196 5476 2356 5537 αὐτὸς
2423 5474 2488 5544 ἦν
2549 5478 2922 5548 Σαμαρείτης.
2992 5478 3340 5549 Ἀποκριθεὶς
3387 5478 3444 5531 δὲ
3505 5481 3533 5532 ὀ
3579 5477 3780 5548 Ἰησοῦς

2200 5566 2350 5621 εἶπεν
2383 5585 2393 5597 ·
2421 5569 2626 5639 Οὑχὶοί
2658 5571 2785 5624 δέκα
2808 5572 3247 5644 ἐκαθαρίσθησαν
3268 5589 3283 5640 ;
3304 5572 3427 5626 οίδὲ
3457 5574 3614 5627 ἐννέα
3647 5571 3778 5635 ποῦ,
