4000 6420
262 355 371 421 989
953 356 1400 418 ENARRATIO
1441 355 1521 415 ΙΝ
1567 353 2078 419 EVANGELIUM
2107 356 2349 419 LUC/E.
2375 380 2441 391 -
2466 355 2630 417 CAP.
2664 354 2856 418 XVII.
3468 353 3579 419 990

265 470 381 539 Οὐχ
413 465 718 538 εὑρέθησαν
737 464 1182 537 ὑποστρέψαντες
1209 465 1393 519 δοῦναι
1424 465 1585 530 δόξαν
1613 463 1694 535 τῷ
1715 463 1860 535 Θεῷ,

1972 467 2173 535 reperti
2203 466 2294 537 qui
2324 465 2585 521 redierint
2618 472 2676 519 ut
2704 467 2899 519 darent
2928 462 3160 535 gloriam
3187 460 3323 530 Deo,
3356 461 3457 518 nisi
3489 464 3578 522 hic

261 562 313 615 εί
345 561 421 632 μὴ
454 562 483 613 ό
509 556 802 627 ἀλλογενὴς
829 549 1007 622 οὗτος.
1040 558 1151 611 Kal.
1167 552 1321 621 εἶπεν
1355 555 1508 627 αὑτῷ
1542 573 1557 589 ⁸
1593 556 1865 620 Ἀναστὰς

1970 559 2296 631 alienigena.
2334 556 2401 613 Et
2423 560 2499 613 ait
2524 556 2633 619 illi:
2665 556 2861 627 Surge,
2900 555 3056 621 vade,
3094 554 3228 610 ﬁdes
3262 562 3354 611 tua
3383 566 3435 610 te
3455 570 3576 610 ser-

222 706 223 709 η
265 652 520 724 πορεύου,
550 652 583 720 ή
610 650 797 713 πίστις
843 665 939 702 σου
979 648 1191 703 σέσωκέ
1223 638 1305 703 σεξ
1366 668 1384 699 ι
1437 646 1859 703 Κάντεῦθενάν

268 764 354 808 τις
377 742 648 813 ἑπιγνοίη,
686 744 760 806 ὡς
803 742 958 797 οὐδὲν
986 742 1273 813 ἐμποδίζει
1302 742 1411 796 τινὶ⁹
1458 742 1598 812 πρὸς
1638 741 1701 796 τὸ
1727 743 1859 797 εὑα-

266 839 487 911 ρεστεῖν
541 835 681 906 Θεῷ,
720 836 825 890 κᾶν
866 835 1281 901 ἐπικαταράτου
1312 834 1506 903 γένους
1554 834 1665 906 εἴη,
1702 836 1864 907 μόνον

266 934 318 986 εἰ
348 929 684 1002 προαίρεσιν
718 929 933 1000 ἀγαθὴν
959 928 1097 999 έχοι.
1141 928 1273 983 Ἰδοὺ
1302 929 1412 1001 γὰρ
1465 930 1599 983 δέκα
1631 930 1732 998 μέν
1770 930 1862 984 λε-

267 1023 401 1095 προὶ
444 1023 791 1093 συνήντησαν
827 1020 908 1090 τῷ
938 1020 1129 1090 κἸησοῢ
1184 1022 1444 1091 μέλλοντι
1490 1020 1757 1074 εἰσελθεῖν
1782 1023 1862 1085 εῐς

260 1130 387 1167 τινα
420 1112 596 1166 πόλιν.
648 1112 996 1181 Ἀπήντησαν
1023 1110 1081 1163 δὲ
1112 1110 1219 1178 ἔξω
1244 1111 1343 1179 τῆς
1376 1110 1611 1173 πόλεως.
1649 1108 1724 1161 Oti
1751 1108 1863 1179 γὰρ

259 1206 391 1274 ἐξῆν
443 1204 627 1266 αὑτοῖς
659 1203 997 1273 ἀκαθάρτοις
1030 1201 1412 1271 νομιζομένοις
1451 1200 1585 1253 εἵσω
1634 1199 1734 1268 τῆς
1764 1198 1863 1251 πό-

258 1294 399 1359 λεως
420 1295 657 1363 διάγεινο
679 1292 969 1365 πόρρωθεν
997 1294 1053 1346 δέ
1081 1292 1329 1356 στάντες,
1361 1286 1449 1345 οἷα
1476 1290 1862 1361 αἰσχυνόμενοι

262 1389 365 1458 τὴν
400 1386 668 1441 δοκοῦσαν
693 1385 875 1438 αὑτῶν
912 1384 1285 1455 ἀκαθαρσίαν,
1318 1385 1412 1437 καὶ
1447 1383 1521 1453 μὴ
1551 1381 1862 1453 τολμῶντες

258 1482 509 1551 ἐγγῖσαι·
539 1478 795 1551 ἐνόμιζον
819 1479 928 1548 γάρ
979 1481 1075 1532 καὶ
1104 1480 1195 1531 τὸν
1243 1475 1456 1545 Ἰησοῦν
1492 1475 1858 1547 βδελυχθῆναι

257 1572 327 1625 ἂν
365 1571 591 1634 αὑτοὺς,
616 1569 807 1641 ὥσπερ
831 1570 926 1624 ml.
955 1572 1003 1623 oi.
1030 1569 1210 1623 λοιποὶ⁵
1244 1568 1487 1621 ἐποίουνο
1510 1566 1731 1635 αἴρουσι
1759 1566 1861 1639 τὴν

259 1662 470 1733 φωνὴν,
507 1666 602 1716 καὶ
640 1662 973 1716 ἱκετεύουσι.
1011 1660 1103 1732 Τῷ
1159 1660 1257 1731 μὲν
1287 1661 1437 1729 τόπῳ
1471 1660 1665 1731 πόρῤω
1699 1660 1863 1729 ἔστη-

258 1771 383 1813 σαν,
410 1755 475 1823 τῇ
514 1753 569 1806 δέ
605 1752 785 1823 ἱκεσίᾳ
814 1754 983 1820 ἐγγὺς
1014 1753 1288 1820 ἐγένοντο.
1351 1751 1551 1818 Ἐγγὺς
1602 1750 1711 1823 γάρ
1762 1751 1860 1802 καὶ

260 1847 402 1897 πᾶσι
430 1847 543 1907 τοῖς
595 1844 1055 1913 ἐπικαλουμένοις
1115 1844 1279 1896 αὑτὸν
1330 1843 1388 1897 ὲν
1442 1842 1694 1912 ἀληθείᾳ.
1750 1842 1861 1895 Καὶ
1898 1829 1937 1881 Β

255 1940 359 2009 οὑχ
386 1939 459 2000 ὡς
493 1938 679 2000 ἁπλῶς
712 1937 1006 2007 ἄνθρωπον
1035 1936 1394 2001 ἱκετεύουσιν,
1434 1936 1549 1989 ἀλλ’
1600 1935 1673 1998 ὡς
1719 1934 1860 2003 ὑπὲρ

257 2030 568 2101 ἄνθρωπον.
613 2031 952 2100 Ἐπιστάτην
998 2031 1107 2101 γάρ
1158 2030 1321 2081 αὑτὸν
1379 2028 1765 2099 ὀνομάζουσιν,
1832 2028 1860 2080 ὃ

258 2125 403 2187 ἐστι,
464 2123 691 2193 Κύριον,
730 2123 1031 2193 κηδεμόνα,
1066 2123 1286 2193 ἔφορον,
1321 2123 1461 2193 ὅπερ
1511 2121 1681 2190 ἐγγύς
1742 2122 1861 2173 ἐστι

260 2213 355 2267 τοῦ
388 2213 519 2266 Θεὸν
551 2214 798 2282 νομίζειν
828 2215 1013 2268 αὐτόν.
1057 2214 1116 2266 Ὀ
1168 2213 1227 2267 δὲ
1282 2214 1611 2283 προστάττει
1671 2212 1859 2275 αὑτοῖς

259 2306 531 2369 ἐπιδεῖξαι
559 2307 788 2369 ἑαυτοὺς
821 2308 933 2368 τοῖς
964 2304 1233 2374 ίερεῦσιν⁶
1264 2307 1312 2360 oi
1341 2306 1448 2375 γὰρ
1485 2307 1653 2376 ίερεϊς
1689 2304 1864 2357 ἐδοκί-

264 2396 440 2467 μαζον
481 2398 609 2460 τοὺς
633 2397 936 2462 τοιούτους,
969 2398 1064 2450 καὶ
1101 2399 1233 2468 παρ’
1264 2398 1492 2452 ἐκείνων
1522 2398 1622 2466 τὴν
1667 2396 1852 2467 ψῆφον

262 2489 536 2558 ἐδέχοντο,
582 2490 693 2541 εῐτε
724 2488 954 2558 καθαροὶ
996 2488 1095 2557 τῆς
1135 2488 1344 2557 λέπρας
1400 2482 1534 2551 εἷεν,
1590 2486 1703 2539 εἴτε
1758 2485 1859 2554 μή.

265 2576 430 2651 Εἶχον
490 2580 603 2651 γάρ
663 2580 869 2649 σημεῖα
918 2580 967 2631 oi
1030 2580 1198 2649 ίερεῖς
1236 2580 1304 2633 δι’
1362 2574 1439 2633 ὧν
1496 2578 1596 2649 τὴν
1640 2578 1863 2630 ἀνίατον

265 2673 477 2743 λέπραν
507 2671 971 2743 ἐχαρακτήριζον.
1019 2672 1185 2729 Ἀλλά
1217 2672 1314 2725 καὶ
1351 2672 1471 2742 μεθ’
1502 2672 1530 2724 ὃ
1574 2670 1862 2741 ἐλεπρὼθη

260 2784 370 2831 ιιις,
395 2762 514 2819 εἶτα
548 2766 763 2835 ὑγιείας
794 2764 1009 2837 ἔτυχεν,
1060 2766 1108 2819 oi
1161 2766 1327 2837 ἱερεῖς
1387 2764 1732 2836 ἐδοκίμαζον,
1769 2765 1865 2818 καὶ

260 2858 437 2929 δῶρον
466 2859 843 2930 προσεφέρετο
890 2857 952 2910 τὸ
983 2858 1040 2909 ἐν
1087 2857 1166 2927 τῷ
1201 2858 1351 2928 νόμῳ
1376 2855 1691 2926 διαταχθέν.
1744 2856 1863 2909 Ἐν-

262 2951 447 3006 ταῦθα
475 2952 531 3009 δὲ
572 2950 1025 3021 ὁμολογουμένως
1070 2949 1290 3019 λεπρῶν
1324 2950 1495 3002 ὄντων
1546 2948 1777 3014 τούτων,
1812 2946 1865 3000 τί

263 3043 373 3097 ἔδει
400 3044 603 3105 αὐτοὺς
630 3041 1024 3112 ὑποδειχθῆναι
1044 3044 1159 3105 τοῖς
1185 3041 1442 3112 ἱερεῦσιν,
1476 3043 1524 3094 εί
1551 3042 1625 3113 μὴ
1648 3043 1866 3103 πάντως

268 3134 499 3205 ἔμελλον
530 3135 976 3206 καθαρισοῆναι;
1030 3135 1105 3188 Τὸ
1155 3135 1267 3205 γὰρ
1308 3132 1618 3204 προστάξαι
1678 3135 1866 3198 αὐτοῖς

264 3230 531 3284 ἀπελθεῖν
565 3228 703 3299 πρὸς
732 3230 862 3291 τοὺς
903 3228 1092 3299 ἱερεῖς,
1128 3227 1283 3281 οὑδέν
1314 3226 1443 3281 ἄλλο
1491 3228 1799 3297 ἐνέφαινεν,
1831 3226 1864 3296 ἢ

259 3324 348 3377 ὅτι
373 3320 609 3391 καθαροὶ
635 3321 875 3384 ἔσονται,
915 3320 996 3373 διὸ
1024 3320 1117 3373 καί
1147 3336 1335 3390 φησιν,
1383 3320 1465 3373 ὅτι
1494 3320 1552 3373 ἐν
1612 3318 1689 3390 τῷ
1720 3319 1866 3374 ὑπά-

264 3432 388 3484 γειν
426 3414 902 3485 ἐκαθαρίσθησαν.
944 3412 1089 3465 Ἀλλ’
1120 3413 1223 3483 ὅρα
1260 3414 1399 3482 ὅπερ
1442 3414 1498 3467 ἐν
1521 3412 1664 3484 ἀρχῇ
1716 3410 1867 3464 είπο-

264 3524 387 3577 μεν,
414 3508 495 3560 ὅτι
516 3506 648 3559 δέκα
678 3505 868 3571 ὄντων,
894 3506 943 3556 οἱ
966 3506 1063 3575 μὲν
1089 3504 1272 3571 ἐννέα,
1311 3504 1492 3557 καίτοι
1529 3504 1866 3573 Ἰσραηλῖται

258 3599 439 3661 ὄντες.
474 3599 763 3668 ἀχάριστοι
792 3597 1095 3670 ἐφάνησαν,
1132 3600 1160 3651 ό
1202 3597 1259 3650 δὲ
1291 3596 1675 3669 Σαμαρείτης,
1706 3597 1867 3650 ἀλλο-

258 3690 426 3760 γενὴς
481 3688 579 3754 ὢν,
618 3690 929 3759 ὑπέστρεψε
996 3691 1091 3742 καὶ
1139 3688 1238 3760 τὴν
1279 3690 1377 3759 τῆς
1433 3688 1866 3759 εὐγνωμοσύνης

263 3782 453 3853 φωνὴν
484 3783 658 3851 ἠφίει.
699 3782 980 3852 Ἀσσύριοι
1008 3782 1118 3852 γὰρ
1146 3783 1196 3834 οί
1240 3782 1605 3852 Σαμαρεῖται,
1631 3784 1719 3836 ἴνα
1758 3801 1864 3852 μη·
1895 3786 1911 3800 '

259 3876 375 3938 δεὶς
414 3874 632 3937 ἐθνικὸς
662 3873 1046 3945 ἀπογινώσκῃ,
1110 3877 1206 3928 καὶ
1255 3875 1343 3951 ἐνα
1381 3875 1574 3945 μηδεὶς
1608 3876 1673 3929 ἐκ
1726 3894 1864 3945 προ-

260 3966 442 4037 γόνων
478 3966 652 4035 ἁγίων
675 3966 752 4019 ῶν
793 3966 1069 4037 καυχῷτο.
1095 3966 1406 4021 Δίνίττεται
1455 3967 1515 4021 δὲ
1567 3968 1631 4021 τὸ
1676 3966 1867 4038 θαῦμα

258 4059 425 4114 τοῦτο
450 4059 541 4113 καὶ
572 4058 670 4131 τὴν
696 4060 886 4131 κοινὴν
913 4059 1057 4113 κατά
1102 4059 1309 4123 παντὸς
1362 4058 1460 4113 τοῦ
1507 4060 1862 4131 ἀνθρωπίνου

259 4153 460 4221 γένους
488 4153 795 4222 γενομένην
837 4152 1138 4221 σωτηρίαν,
1190 4152 1327 4205 δέκα
1360 4153 1460 4222 μὲν
1499 4154 1614 4222 γὰρ
1650 4154 1861 4224 λεπροὶ,

259 4247 294 4315 ἠ
328 4242 601 4314 παντελὴς
635 4244 745 4297 τῶν
795 4242 1107 4315 ἀνθρώπων
1167 4243 1329 4313 φύσις
1391 4244 1743 4315 λεπρωθεῖσα
1794 4250 1863 4318 τῇ

258 4336 453 4406 κακίᾳ,
488 4336 582 4388 καὶ
611 4335 712 4406 τὴν
758 4336 858 4405 τῆς
889 4336 1167 4407 ἁμαρτίας
1209 4330 1602 4410 ἀσχημοσύνην
1634 4340 1866 4409 περιφέ-

263 4447 458 4502 ρουσα,
504 4432 599 4483 καὶ
647 4430 753 4497 ἔξω
785 4432 883 4499 τῆς
913 4431 1024 4484 τῶν
1081 4432 1332 4502 οὐρανῶν
1380 4433 1588 4496 πόλεως
1631 4433 1719 4487 διὰ
1766 4432 1865 4503 τὴν

1967 649 2136 704 vavit.
2178 668 2198 701 ι
2247 649 2312 703 Et
2348 649 2477 704 hinc
2509 647 2721 703 discere
2744 646 2869 717 quis
2905 655 3102 717 potest.
3130 646 3274 716 quod
3309 646 3441 700 nihil
3464 646 3581 701 cui-

1964 756 2132 813 quam
2164 743 2323 797 obest
2356 742 2423 796 ad
2455 742 2557 796 hoc
2597 740 2801 795 uttDeo
2845 724 3091 811 placeat:
3122 739 3342 793 etiamsi
3398 738 3573 793 malc-

1966 832 2097 886 dicti
2124 833 2341 900 generis
2391 832 2483 897 sit,
2540 831 2700 886 modo
2738 831 2940 885 bonam
2975 829 3315 883 voluntatem
3352 828 3573 882 habeat.

1966 926 2107 981 Ecce
2136 927 2283 982 enim
2322 926 2510 980 decem
2542 924 2739 993 Ieprosi
2777 932 3143 977 occurrerunt
3186 919 3316 975 Jesu
3350 922 3402 973 in
3441 920 3576 973 civi-

1966 1026 2135 1072 tatem
2169 1019 2463 1087 quamdam
2514 1017 2833 1086 iugressnro
2891 1031 2904 1068 :
2962 1021 3327 1067 occurrerunt
3389 1020 3571 1065 autem

1965 1119 2122 1169 extra
2158 1110 2461 1164 civitatem.
2496 1109 2612 1162 Non
2640 1108 2785 1163 enim
2817 1106 3019 1161 licebat
3047 1106 3128 1160 eis
3161 1105 3251 1175 qui
3290 1104 3565 1158 habebanc

1967 1212 2057 1258 tttr
2087 1201 2381 1266 immundi,
2416 1202 2471 1255 in
2525 1201 2838 1255 civitatibus
2890 1200 3120 1252 versari.
3157 1196 3356 1252 Procul
3411 1196 3575 1265 igitur

1965 1296 2205 1360 Stabant,
2269 1304 2455 1365 utpote
2515 1302 2728 1364 prOptet
2798 1290 3202 1345 immunditiam
3240 1303 3363 1359 qua:
3406 1289 3459 1341 in
3494 1289 3575 1343 eis

1964 1391 2261 1459 apparebat
2315 1391 2736 1443 erubescentes:
2774 1396 2828 1439 et
2858 1399 3037 1452 neque
3074 1384 3349 1437 audebant
3382 1396 3577 1450 appro-

1966 1485 2140 1553 piare,
2170 1492 2425 1553 putantes
2456 1481 2600 1549 quod
2638 1478 3037 1535 abominabiles
3077 1479 3125 1530 ei
3159 1485 3367 1538 essent,
3427 1476 3575 1529 sicut

1965 1583 2019 1629 et
2041 1575 2184 1629 aliis.
2225 1572 2504 1627 Extollunt
2536 1571 2708 1641 igitur
2734 1583 2921 1623 vocem
2975 1584 3129 1622 suam
3163 1577 3215 1621 et
3248 1574 3405 1619 orant
3460 1582 3472 1619 :
3519 1576 3577 1619 et

1968 1666 2091 1723 loco
2127 1665 2349 1737 quidem
2392 1664 2585 1733 procul
2638 1671 2824 1725 stant,
2865 1660 3117 1713 oratione
3152 1669 3332 1711 autem
3375 1670 3576 1725 appro—

1967 1761 2140 1829 piaut.
2174 1757 2351 1828 Prope
2381 1758 2529 1812 enim
2568 1763 2653 1809 est
2708 1753 2971 1808 Dominus
3002 1749 3262 1806 omnibus
3312 1750 3578 1803 invocan-

1970 1852 2117 1906 tibus
2154 1866 2277 1906 eum
2318 1850 2367 1903 in
2424 1846 2733 1901 veritate“.
2768 1844 2834 1897 Et
2882 1858 2990 1897 non
3050 1841 3378 1912 simpliciter
3416 1849 3577 1893 orant

1967 1956 2025 1999 ut
2064 1945 2363 2007 hominem,
2409 1942 2503 1996 sed
2538 1949 2595 1995 ut
2621 1954 2744 1994 eum
2779 1938 2872 2007 qni
2902 1952 3065 2003 supra
3100 1935 3400 1990 hominem.
3431 1935 3577 1989 Prte-

1965 2050 2241 2110 ccptoretn
2278 2038 2424 2092 enim
2464 2051 2587 2090 eum
2620 2034 2929 2097 nominant,
2968 2032 3072 2085 hoc
3103 2039 3208 2096 est,
3249 2029 3564 2089 Dominum,

1965 2142 2302 2192 curatorem,
2352 2127 2687 2199 provisorem
2730 2144 2743 2179 :
2787 2126 2838 2178 id
2877 2124 3023 2189 quod
3063 2135 3148 2178 est
3179 2133 3373 2193 putare
3421 2121 3574 2175 illum

1966 2239 2136 2295 pmpe
2176 2224 2370 2277 Deum.
2404 2221 2593 2275 Atille
2626 2220 2874 2290 praecipit
2936 2218 3015 2273 eis
3057 2229 3111 2271 ut
3166 2215 3460 2270 estendant
3518 2229 3577 2267 se

1967 2315 2365 2372 sacerdotibus.
2395 2313 2528 2366 Nam
2582 2314 2905 2367 sacerdotes
2936 2312 3248 2381 probabant
3304 2308 3464 2373 tales,
3522 2314 3575 2360 ct

1968 2409 2035 2463 ab
2073 2408 2179 2463 illis
2217 2408 2547 2463 sententiam
2583 2406 2934 2473 accipiebant
2970 2421 3037 2458 an
3099 2403 3285 2457 mundi
3334 2411 3514 2456 essent
3546 2415 3576 2452 τι

1968 2502 2118 2570 lepra
2152 2500 2235 2554 vel
2264 2516 2389 2554 non.
2418 2498 2713 2573 llabebaut
2738 2498 2883 2552 enim
2921 2498 3237 2552 sacerdotes
3282 2496 3435 2563 signa
3475 2508 3571 2561 per

1968 2608 2090 2663 qua:
2158 2591 2520 2647 insanabilem
2584 2591 2794 2660 lcpram
2848 2589 3278 2658 investigabant.
3343 2584 3455 2639 Sed
3525 2591 3581 2636 ct

1969 2687 2187 2754 quando
2220 2686 2367 2754 lepra
2403 2684 2525 2754 quis
2564 2685 2819 2749 infectus,
2871 2692 3060 2754 postea
3100 2680 3395 2734 sanitatem
3428 2680 3581 2730 asse--

1970 2789 2133 2834 cutus
2163 2787 2303 2840 crat,
2345 2791 2469 2831 eum
2528 2776 2843 2830 sacerdotes
2887 2771 3215 2842 probabant,
3273 2781 3329 2825 et
3373 2770 3576 2822 donum

1968 2868 2303 2922 oﬁercbatur
2355 2868 2407 2920 in
2454 2869 2568 2936 lege
2638 2876 2990 2936 prmecptum.
3056 2863 3170 2918 Hoc
3221 2872 3401 2916 autem
3462 2862 3581 2913 loco

1970 2978 2093 3017 cum
2120 2977 2184 3016 ex
2221 2960 2476 3017 confesso
2503 2969 2687 3014 essent
2725 2959 2946 3027 ieprosi,
2997 2958 3126 3028 quid
3163 2971 3298 3026 opus
3356 2962 3474 3009 erat
3522 2968 3581 3006 se

1968 3055 2258 3110 ostendere
2287 3054 2693 3116 sacerdotibus,
2726 3052 2829 3105 nisi
2860 3051 3085 3115 omnino
3135 3048 3371 3102 fuissent
3423 3061 3585 3101 mun-

1970 3146 2175 3203 daudi?
2204 3146 2341 3202 Nam
2370 3148 2513 3216 quod
2549 3145 2899 3216 praecipiebat
2931 3143 3011 3198 eis
3038 3151 3095 3195 ιιι
3122 3137 3578 3196 sacerdmesadi-

1972 3251 2115 3305 rent,
2151 3241 2287 3296 nihil
2319 3239 2467 3295 aliud
2505 3241 2805 3304 indicabat,
2845 3253 3011 3308 quam
3060 3235 3205 3305 quod
3264 3234 3448 3290 mundi
3496 3232 3580 3285 fu-

1974 3336 2080 3389 turi
2131 3344 2356 3393 esscnt:
2406 3335 2610 3388 idcirco
2661 3343 2715 3386 et
2767 3330 3081 3401 dicitquod
3132 3331 3282 3384 inter
3339 3326 3579 3383 eundum

1973 3428 2220 3483 mmnlati
2250 3425 2495 3482 fuerunt.
2530 3426 2598 3479 At
2632 3425 2757 3481 vide
2790 3424 2915 3490 hoc,
2964 3430 3023 3478 ut
3078 3422 3132 3477 in
3171 3419 3449 3490 principio
3497 3420 3582 3471 di-

1972 3519 2176 3580 ximus,
2214 3519 2357 3588 quod
2408 3532 2530 3571 cum
2597 3516 2784 3570 decem
2845 3524 3052 3579 essent,
3104 3529 3299 3567 novem
3357 3512 3579 3583 quidem

1969 3612 2218 3682 quamvis
2269 3610 2529 3665 israclitze
2575 3609 2777 3677 ingrati
2819 3615 3191 3678 apparuerunt
3227 3625 3241 3662 :
3307 3617 3361 3659 at
3391 3604 3586 3658 Sama-

1972 3705 2183 3759 ritanus
2212 3718 2335 3757 cum
2367 3713 2517 3757 esset
2541 3702 2760 3771 generis
2792 3701 3042 3765 alterius,
3096 3715 3352 3755 reversus
3381 3710 3487 3761 cst,
3529 3708 3577 3752 et

1974 3809 2162 3849 vocem
2201 3794 2555 3864 gratitudinis
2584 3796 2786 3849 emisit.
2840 3792 3053 3865 Assyrii
3088 3793 3235 3848 enim
3268 3801 3430 3847 erant
3477 3792 3583 3845 Sa-

1972 3886 2265 3941 marilaui:
2300 3897 2357 3941 ut
2386 3886 2563 3941 nullus
2597 3887 2816 3955 gentilis
2860 3888 3132 3956 desperet,
3173 3896 3229 3941 et
3282 3886 3464 3941 nullus
3517 3887 3585 3942 de

1972 3977 2177 4032 sanctis
2202 3977 2521 4046 parentibus
2543 3976 2828 4046 glorietur.
2860 3978 3106 4031 lnsinuat
3123 3977 3228 4031 hoc
3254 3977 3582 4031 miraculum

1971 4071 2136 4125 etiam
2196 4085 2543 4125 communem
2604 4070 2767 4125 totius
2814 4069 3039 4125 humani
3081 4072 3299 4140 generis
3351 4070 3583 4124 salutem

1973 4162 2113 4217 ﬁeri.
2160 4163 2358 4218 Decem
2400 4164 2545 4218 enim
2586 4163 2787 4233 leprosi
2862 4179 3025 4219 omne
3069 4180 3243 4235 genus
3293 4164 3578 4218 hominum

1971 4256 2192 4326 signant
2240 4255 2391 4325 lepra
2435 4255 2659 4309 malitiae
2722 4254 3011 4321 infectum,
3067 4271 3131 4309 ac
3180 4256 3574 4323 turpitudinem

1980 4350 2190 4417 peccati
2227 4347 2649 4413 circumferens,
2675 4358 2727 4401 et
2752 4356 2907 4401 extra
2950 4348 3101 4415 regni
3132 4348 3396 4400 cmlorum
3455 4346 3591 4399 civi-

1980 4449 2148 4497 tatem
2176 4449 2400 4510 propter
2428 4439 2834 4494 immunditiam
2866 4440 3247 4500 constitutum,
3284 4439 3586 4509 proculque

257 4526 613 4595 ἀκαθαρσίαν
633 4525 922 4593 διάγουσα,
947 4526 1039 4578 καὶ
1076 4526 1367 4597 πόρῤωθεν
1392 4518 1659 4601 ἱσταμένη
1681 4528 1815 4582 Θεοῦ
1842 4545 1854 4559 ο

1976 4552 2004 4590 a
2048 4536 2157 4589 Deo
2185 4543 2361 4589 stans.
2400 4533 2463 4586 Et
2495 4534 2636 4588 istuc
2688 4534 2865 4600 ipsum
2906 4534 3095 4600 procul
3155 4542 3326 4595 stare,
3380 4532 3589 4600 suppli-

263 4618 401 4671 αὑτὸ
420 4618 579 4671 τοῦτο
600 4618 659 4671 τὸ
681 4617 968 4691 πόρρωθεν
986 4619 1261 4686 ἵστασθαι,
1288 4621 1579 4693 ἱκετηρίαν
1601 4620 1745 4692 εἶχε.
1775 4623 1867 4695 Τῷ

263 4713 376 4782 γάρ
400 4711 792 4783 φιλανθρώπῳ,
818 4712 915 4765 καὶ
946 4713 1156 4767 θέλοντι
1204 4716 1417 4779 πάντας
1488 4716 1730 4787 σωθῆναι
1770 4718 1866 4771 καὶ

261 4804 660 4871 ἀγαθύνεσθαι,
686 4806 922 4876 μεγίστη
948 4808 1225 4877 πρόφασις
1255 4810 1333 4869 είς
1362 4808 1513 4863 ἔλεον
1548 4810 1610 4862 τὸ
1646 4810 1854 4881 μηδένα

259 4896 398 4966 όρᾷν
421 4896 718 4965 μετέχοντα
736 4897 835 4967 τῆς
882 4899 1223 4968 ἀγαθότητος
1254 4899 1443 4963 αὑτοῦ,
1469 4902 1538 4953 δι’
1576 4903 1711 4956 αὐτὸ
1752 4904 1863 4973 γὰρ

262 4986 425 5042 τοῦτο
450 4989 865 5058 ὲπικάμπτεται
898 4990 1036 5060 πρὸς
1062 4993 1122 5043 τὸ
1149 4991 1489 5062 θεραπεῦσαι
1518 4995 1646 5058 τοὺς
1686 4995 1861 5061 οὕτως

277 5079 770 5151 ἀθλίωςέχοντας.
811 5082 919 5134 Καὶ
959 5083 1144 5152 μέντοι
1185 5086 1280 5137 καὶ
1313 5087 1651 5156 ἐθεράπευσε
1688 5091 1872 5143 πᾶσαν

265 5170 371 5240 τὴν
402 5171 783 5241 λεπρωθεῖσαν
814 5172 1000 5242 φύσιν,
1034 5174 1174 5247 ὑπὲρ
1209 5180 1411 5241 παντὸς
1454 5179 1747 5250 ἀνθρώπου
1781 5183 1879 5236 καὶ

263 5266 580 5337 σαρκωθείς
605 5285 621 5299 ο
661 5269 756 5322 καὶ
813 5268 1049 5323 θανάτου
1080 5272 1445 5341 γευσάμενος.
1509 5274 1648 5327 Ἀλλ’
1685 5278 1733 5327 οἱ
1779 5276 1878 5345 μὲν

280 5360 532 5413 Ἰουδαῖοι
559 5401 573 5422 .
609 5362 704 5416 καί
742 5379 824 5415 τοι
876 5362 1002 5415 ὅσον
1036 5362 1095 5416 τὸ
1128 5364 1221 5416 ἐπὶ
1270 5365 1347 5435 τῷ
1394 5368 1607 5437 Κυρίῳ,
1642 5369 1879 5439 καθαρι-

263 5453 494 5516 σθέντες
532 5454 642 5509 τῶν
671 5457 893 5511 οἰκείων
933 5459 1032 5527 τῆς
1066 5458 1382 5531 λεπρώδους
1424 5461 1706 5531 ἁμαρτίας
1738 5463 1878 5514 ἀκα-

264 5544 535 5615 θαρσιῶν,
558 5547 878 5619 ἀγνώμονες
897 5551 1270 5622 ἀνεφάνησαν,
1294 5556 1384 5608 καὶ
1406 5555 1505 5625 οὐχ
1526 5554 1877 5623 ὑπέστρεψαν

339 5685 388 5719 ⁸³
427 5685 565 5741 Psal.
606 5702 785 5755 cxuv,
814 5691 903 5746 18.

1976 4629 2137 4684 eandi
2177 4629 2413 4698 speciem
2442 4628 2626 4681 habet.
2679 4624 3021 4680 Misericordi
3072 4623 3218 4678 enim
3278 4632 3331 4676 et
3386 4623 3586 4674 volenti

1976 4720 2235 4777 omnibus
2276 4721 2507 4773 salutem
2556 4719 2753 4774 aii‘crre
2782 4717 2858 4789 (α)
2892 4733 2952 4771 ac
3000 4715 3345 4779 benefacere,
3394 4730 3585 4783 magna

1976 4814 2195 4870 occasio
2214 4823 2296 4867 est
2321 4813 2386 4867 ad
2409 4811 2798 4873 miserendum,
2819 4809 3027 4862 nullum
3055 4810 3240 4862 videre
3262 4808 3582 4877 participem

1969 4922 2079 4962 Sua:
2102 4905 2396 4973 bonitatis;
2421 4902 2916 4974 propterhocenim
2942 4901 3222 4954 inclinavit
3240 4916 3320 4959 se.
3342 4910 3583 4952 utsaua-

1972 5006 2053 5052 ret
2109 4997 2274 5069 427
2318 5012 2413 5051 eos
2472 4996 2561 5064 qui
2608 5004 2714 5047 tant
2774 4994 2916 5046 male
2974 4993 3266 5046 habebant.
3322 4991 3585 5055 Quamvis

1984 5093 2150 5148 etiam
2200 5106 2417 5145 omnem
2473 5086 2724 5142 naturam
2781 5086 3057 5140 sanaverit
3091 5085 3236 5152 lepra
3306 5082 3587 5144 infectam,

1980 5200 2079 5255 pro
2134 5183 2388 5239 omnibus
2443 5193 2494 5235 et
2546 5182 2859 5235 incarnatus
2886 5187 2941 5233 et
2998 5188 3246 5232 mortuus
3294 5195 3308 5233 :
3348 5188 3589 5230 attamen

1980 5276 2177 5342 Judaei,
2216 5277 2468 5346 quamvis
2502 5292 2531 5328 a
2571 5274 2800 5327 Domino
2836 5274 3076 5325 mundati
3113 5273 3340 5326 fuissent
3371 5273 3437 5324 ah
3486 5272 3590 5322 im—

1979 5372 2264 5427 munditiis
2312 5372 2511 5441 leprosi
2557 5370 2788 5440 peccati,
2831 5368 3026 5439 ingrati
3072 5367 3288 5420 fuerunt
3319 5405 3333 5427 ,
3366 5376 3421 5419 et
3482 5378 3593 5416 non

1980 5465 2187 5519 reversi
2230 5475 2358 5519 sunt
2396 5480 2425 5517 a
2459 5464 2542 5517 via
2570 5461 2823 5515 vanitatis
2857 5476 3017 5526 su:r,~
3047 5461 3121 5514 ita
3160 5468 3216 5512 ut
3243 5458 3436 5513 darent
3467 5456 3593 5524 gia-

1980 5558 2116 5612 riam
2145 5558 2193 5614 ei
2219 5559 2308 5629 qui
2342 5558 2525 5615 salvos
2556 5570 2652 5612 eos
2708 5555 2914 5611 fecerat
2941 5592 2956 5621 ,
2997 5555 3102 5610 hoc
3151 5563 3254 5620 est,
3302 5560 3362 5607 ut
3396 5548 3591 5605 crede-

346 5827 423 5896 (a)
458 5826 560 5882 Ed.
584 5824 708 5883 Lut.
746 5841 851 5885 non
902 5828 1097 5897 habet,
1163 5829 1402 5885 omnibus
1468 5829 1692 5885 salutem
1738 5829 1969 5899 adferre.
