4000 6392
479 319 579 386 991

1359 317 1937 383 THEOPllYLACTI
1985 315 2394 376 BULGARl/E
2446 316 2801 378 ARCHIEP.

3649 303 3752 363 9‘33

477 435 598 482 rent
619 427 688 491 ei,
717 429 879 498 quod,
915 443 1035 483 cum
1073 427 1214 483 Deus
1231 437 1399 494 esset,
1432 436 1727 482 extremam
1754 426 2052 496 passionem

2163 423 2272 475 ἀπὸ
2310 424 2408 493 τῆς
2448 424 2566 476 ὁδοῦ
2599 425 2779 478 αὐτῶν
2822 422 2922 493 τῆς
2975 419 3367 493 ματαιότητος,
3395 417 3538 469 ὥστε
3576 414 3754 468 δουναι

475 519 678 573 tulerit.
740 519 862 572 Hmc
890 519 1032 572 enim
1091 528 1174 574 est
1209 519 1376 586 gloria
1414 519 1523 581 Dei,
1568 533 1693 571 caro
1721 527 1773 572 et
1803 532 1956 570 crux.
1994 513 2056 568 Hi

478 610 644 679 igitur
692 611 1031 664 incarnatum
1077 619 1128 664 et
1165 610 1476 664 cruciﬁxum
1524 609 1808 662 Dominmn
1874 607 2061 677 glorias

478 717 583 754 non
613 710 742 754 sunt
787 701 1044 756 confessi.
1094 702 1317 754 Alienus
1361 711 1563 763 autem,
1618 699 1844 767 pupulus
1882 699 2058 768 genti.

476 792 625 854 lium,
662 794 879 859 agnovit
917 809 1039 846 eum
1071 794 1160 860 qui
1205 793 1586 854 mundaverat,
1633 801 1687 845 et
1739 789 2060 860 glorilicavit

475 896 595 936 eum
637 883 906 937 credendo
940 883 1077 950 quod
1123 893 1230 936 tam
1284 885 1595 936 misericors
1646 892 1700 937 et
1733 893 1838 936 tam
1871 893 2059 951 potens

475 973 546 1026 sit
593 973 870 1039 Dominus,
913 983 971 1026 ut
1000 984 1052 1026 et
1091 985 1311 1043 propter
1332 991 1430 1031 nos
1466 975 1726 1030 vilissima
1772 974 1971 1035 tulerit,
2007 974 2057 1026 id

481 1066 623 1131 quod
665 1075 744 1118 est
772 1066 1182 1130 misericordiae,
1214 1077 1266 1120 et
1297 1082 1418 1121 cum
1447 1067 1743 1135 pertulerit,
1780 1066 1909 1120 nihil
1937 1067 2060 1119 inde

482 1155 810 1210 incommodi
833 1158 883 1211 in
916 1173 1067 1213 suam
1097 1170 1346 1213 naturam
1376 1159 1664 1228 acceperit,
1696 1161 1747 1213 id
1785 1159 1927 1226 quod
1960 1173 2058 1226 po-

478 1246 663 1302 tentiae
689 1258 793 1302 est.

545 1423 708 1479 Vens.
741 1426 934 1482 20-25.
977 1448 994 1481 ι
1035 1428 1402 1497 Interrogatus
1450 1437 1626 1482 autem
1685 1441 1713 1480 a
1769 1426 2058 1482 Pharisreis

475 1519 690 1581 quando
725 1527 1008 1572 venturum
1050 1531 1192 1574 esset
1224 1536 1451 1590 regnum
1488 1520 1601 1582 Dei,
1638 1523 1918 1586 respondit
1978 1521 2060 1573 eis

472 1619 523 1660 ct
555 1609 688 1662 dixit
722 1630 734 1662 :
770 1612 888 1665 Non
920 1617 1065 1666 venit
1101 1630 1320 1684 regnum
1355 1615 1448 1668 Dei
1481 1630 1601 1669 cum
1636 1615 2055 1668 observatione:

475 1715 646 1768 neque
684 1703 880 1766 dicent,
919 1703 1053 1758 Ecce
1082 1708 1184 1771 hic,
1223 1717 1336 1771 aut,
1390 1709 1528 1760 Ecce
1562 1706 1688 1760 illic.
1726 1707 1863 1761 Ecce
1911 1708 2052 1761 enim

2164 516 2321 580 δόξαν
2361 516 2438 585 τῷ
2471 517 2590 587 Θεῴ
2619 517 2696 587 τῷ
2727 516 2981 580 σώσαντι,
3019 515 3301 577 τουτέστι,
3332 507 3627 564 πιστεῦσαι
3663 505 3757 559 αὖ·

2163 609 2259 678 τῷ,
2298 610 2376 661 δτι
2405 609 2534 671 Θεὸς
2559 609 2633 662 ὢν
2656 652 2668 671 ,
2699 611 2957 679 ἠνέσχετο
2986 607 3052 660 τὰ
3095 606 3298 675 ἔσχατα
3330 602 3550 656 παθεῖν.
3587 599 3756 650 Τουτο

2163 705 2271 773 γὰρ
2299 701 2424 765 δόξα
2455 702 2614 765 Θεοῦ,
2653 705 2685 769 ἠ
2723 701 2860 770 σάρξ
2883 701 2976 754 καὶ
2997 700 3025 751 ὁ
3052 697 3302 768 σταυρός.
3341 691 3503 749 οῦτοι
3539 692 3638 762 μὲν
3665 687 3754 741 οῦν

2161 799 2252 850 τὸν
2302 797 2660 866 σαρκωθέντα
2691 798 2788 850 καλ
2824 793 3204 862 σταυρωθέντα
3239 789 3445 857 Κύριον
3469 785 3754 885 fin-6.65:};

2161 889 2258 958 οὐχ
2299 887 2674 956 ὡμολόγησαν.
2721 885 2779 937 Ὀ
2813 885 2867 937 δὲ
2916 881 3212 950 ἀλλογενὴς
3256 879 3383 939 λαδς
3425 877 3539 977 τῶν
3587 874 3755 977 sevo:

2161 979 2376 1044 ἐπέγνω
2405 977 2496 1029 τὸν
2529 975 2929 1046 καθαρίσαντα,
2957 977 3053 1027 καὶ
3097 972 3349 1036 ἐδόξασεν
3378 969 3548 1021 αὐτον
3592 969 3650 1019 ὲν
3687 969 3756 1035 τῷ

2163 1068 2481 1135 πιστεῦσαι,
2507 1069 2586 1121 ὅτι
2607 1068 2860 1122 τοσοῦτον
2879 1064 3260 1136 φιλάνθρωπός
3281 1064 3429 1114 ἐστιν
3452 1062 3479 1112 ὁ
3502 1057 3638 1121 Θεὸς
3669 1060 3758 1110 καὶ

2160 1161 2403 1223 δυνατὸς.
2437 1161 2577 1214 ὥστε
2609 1161 2701 1213 καὶ
2741 1159 3060 1230 ἀτιμώτατα
3087 1159 3151 1210 δι’
3187 1156 3337 1224 ἡμᾶς
3366 1151 3754 1214 ἀναδέξασθαι,

2161 1255 2297 1324 ὅπερ
2320 1255 2436 1306 ἐστὶ
2454 1254 2888 1323 φιλανθρωπίας,
2916 1254 3009 1304 καὶ
3033 1249 3432 1330 ἀναδεξάμενος
3461 1244 3632 1314 μηδὲν
3655 1261 3758 1295 πα-

2165 1347 2504 1416 ραϐλαὸἧναι
2525 1348 2603 1408 εἰς
2618 1346 2716 1417 τὴν
2733 1345 2940 1399 οἰκείαν
2957 1346 3138 1414 φύσιν,
3156 1344 3294 1410 ὅπερ
3313 1339 3431 1391 ἐστὶ
3449 1338 3755 1405 δυνάμεως.

2241 1455 2258 1486 ι
2309 1436 2711 1505 Ἐπερωτηθεὶς
2739 1435 2795 1488 δὲ
2824 1435 2927 1487 ὑπὸ
2957 1435 3060 1485 τῶν
3097 1429 3429 1502 Φαρισαίων,
3467 1429 3600 1478 πίὲτε
3667 1427 3756 1494 ἕρ-

2160 1545 2315 1598 χεται
2363 1530 2396 1598 ἡ
2458 1527 2707 1596 βασιλεία
2763 1528 2854 1579 τοῦ
2903 1525 3061 1589 Θεοῦ,
3112 1523 3385 1590 ἀπεκρίθη
3442 1521 3628 1582 αὐτοῖς
3666 1522 3759 1571 καὶ

2159 1616 2333 1672 εἷπενο
2364 1619 2480 1671 Ούκ
2514 1619 2733 1686 ἔρχεται
2763 1620 2794 1686 ἡ
2825 1616 3073 1686 βασιλεία
3111 1615 3201 1667 τοῦ
3233 1613 3368 1665 Θεοῦ
3411 1611 3548 1679 μετά
3584 1625 3760 1676 παρα-

2158 1702 2461 1782 causam.
2495 1710 2867 1779 οὖδὲὲροῦσιν,
2896 1709 3026 1762 Ἰδοὺ
3057 1702 3177 1769 ὧδε,
3202 1708 3259 1775 ἢ,
3298 1707 3428 1758 Ἰδοὺ
3452 1705 3587 1758 εκεῖ.
3624 1702 3756 1754 Ἰδ·.ῦ

473 1802 694 1853 Γθξξηυῐη
756 1790 846 1844 Dei
903 1793 1041 1845 intra
1095 1809 1187 1848 vos
1236 1807 1338 1849 est.
1402 1796 1464 1848 Et
1495 1798 1570 1849 ait
1602 1798 1666 1848 ad
1713 1797 2050 1864 discipulos:

2163 1804 2270 1874 γὰρ
2300 1805 2330 1872 ἡ
2365 1803 2610 1870 βασιλεία
2650 1802 2743 1855 τοῦ
2772 1801 2906 1854 Θεοῦ
2950 1801 3097 1858 ἐντὸς
3134 1800 3285 1868 ὑμῶν
3323 1799 3495 1850 ἐστιν.
3532 1791 3670 1848 Εἷπε
3703 1796 3758 1847 δὲ

474 1878 702 1934 Venicnt
760 1883 874 1935 dies
942 1887 1162 1951 quando
1215 1889 1591 1943 desiderabitis
1649 1891 1830 1942 videre
1885 1907 2050 1944 unum

472 1967 678 2020 dierum
723 1969 843 2024 Filii
896 1973 1153 2036 hominis,
1203 1991 1301 2029 nec
1333 1978 1610 2040 videbitis;
1664 1987 1716 2030 et
1742 1981 1924 2033 dicent
1955 1997 2051 2036 vo-

473 2058 556 2110 bis
591 2075 603 2111 :
639 2060 774 2113 Ecce
802 2062 918 2126 'hic,
951 2074 1043 2117 aut
1071 2065 1208 2118 Ecce
1237 2066 1365 2120 illic.
1401 2067 1577 2122 Nolite
1612 2071 1710 2132 ire,
1757 2086 1931 2140 neque
1963 2091 2049 2128 se-

469 2152 710 2206 ctemiui.
748 2153 878 2206 Nam
923 2157 1060 2209 sicut
1089 2157 1268 2226 fulgur
1293 2175 1588 2215 coruscans
1628 2176 1656 2213 e
1688 2166 1907 2233 regione
1937 2181 2054 2234 qum

471 2244 570 2294 sub
597 2244 732 2298 coelo
756 2256 860 2309 est,
899 2246 951 2300 in
978 2248 1203 2302 alteram
1245 2267 1364 2318 qu:e
1392 2257 1490 2306 sub
1525 2254 1662 2308 callo
1692 2267 1794 2319 est,
1843 2257 2007 2326 fulget
2039 2278 2051 2313 :

472 2330 545 2382 ita
574 2335 673 2384 erit
711 2331 876 2387 Filius
904 2337 1138 2390 hominis
1169 2338 1220 2391 in
1253 2341 1339 2394 die
1370 2356 1484 2396 suo.
1517 2343 1621 2398 Sed
1659 2347 1808 2413 prius
1843 2360 2056 2415 Oportet

474 2421 622 2476 illum
669 2427 836 2478 multa
878 2430 1010 2495 pati,
1039 2440 1092 2481 et
1125 2433 1399 2498 reprobari
1447 2449 1472 2484 a
1509 2436 1724 2490 natione
1773 2439 1892 2491 hac.
1934 2458 1951 2490 ι
1996 2441 2048 2492 ln

477 2515 662 2568 multis
693 2518 910 2585 quidem
941 2521 1202 2575 doctrinae
1232 2538 1341 2577 sua:
1375 2524 1506 2579 locis
1544 2527 1803 2584 Dominus
1831 2547 2048 2598 regnum

471 2603 562 2655 Dei
603 2610 867 2662 nominat.
896 2601 1154 2665 Pharisaei
1211 2624 1388 2668 autem
1436 2619 1547 2670 haec
1592 2621 1893 2682 audientes,
1928 2624 2052 2674 irri-

470 2696 667 2749 debant
700 2713 821 2752 eum
859 2720 871 2754 :
907 2714 958 2754 et
987 2714 1268 2771 prepterea
1311 2707 1376 2758 de
1419 2708 1520 2761 hoc
1550 2709 1929 2780 interrogaturi
1961 2730 2051 2769 ac-

472 2791 674 2844 cedunt
703 2795 766 2844 ad
799 2809 946 2859 eum,
987 2808 1242 2864 rogantes
1290 2801 1505 2866 quando
1528 2811 1810 2856 venturum
1847 2806 1938 2872 sit,
1978 2808 2051 2860 ir-

433 2891 436 2894 '
469 2881 708 2936 ridentes
738 2900 858 2938 eum
899 2897 954 2939 ut
997 2889 1263 2955 insanum,
1296 2894 1359 2946 de
1399 2893 1612 2948 insolita
1649 2906 1701 2950 et
1741 2898 2047 2955 admirabili

472 2989 529 3026 re
558 2977 965 3041 praedicantem.
1006 2979 1195 3034 Nullus
1236 2998 1298 3034 ex
1339 2982 1656 3039 doetoribus
1686 2997 1739 3039 et
1770 2993 2049 3059 prophetis

471 3064 560 3128 qui
595 3067 965 3133 superioribus
1015 3071 1228 3125 saeculis
1272 3070 1510 3140 fuerunt,
1563 3079 1682 3146 ejus
1720 3082 2043 3137 mentionem

473 3152 620 3207 fecit.
661 3155 751 3210 Vel
801 3159 1054 3216 fortassis
1084 3163 1136 3214 in
1183 3173 1359 3218 mente
1408 3167 1669 3224 habentes
1721 3173 1861 3238 quod
1895 3177 2050 3241 paulo

470 3257 587 3316 post
624 3251 857 3304 occisuri
905 3268 1087 3307 essent
1135 3273 1282 3321 eum,
1319 3260 1583 3316 accedunt
1613 3277 1708 3330 per
1743 3265 2048 3323 irrisionem

472 3353 746 3409 rogantes,
791 3355 843 3398 et
881 3348 1032 3412 quasi
1084 3365 1180 3416 per
1213 3351 1441 3405 ironiam
1483 3355 1729 3409 dicentes
1762 3375 1789 3410 ε·
1821 3359 1896 3412 Tu
1930 3363 2050 3429 qui-

471 3432 589 3487 dem
628 3433 693 3488 de
745 3452 910 3505 regno
967 3440 1099 3493 facis
1133 3459 1434 3509 Sermones,
1470 3449 1690 3516 quando
1734 3461 1913 3504 autem
1949 3455 2054 3506 erit

471 3539 694 3592 regnum
741 3527 867 3581 illud
919 3533 1213 3587 tuum?Tu
1254 3538 1395 3590 enim
1449 3553 1570 3593 cras
1622 3555 1649 3592 a
1698 3542 1853 3596 nobis
1902 3545 2052 3597 occi-

476 3618 682 3670 dendus
708 3635 785 3681 es,
815 3631 868 3672 et
901 3622 1040 3677 feres
1067 3641 1304 3690 crucem,
1337 3640 1387 3682 et
1425 3632 1778 3699 ignominiosa
1804 3652 2048 3706 quzrq'vc.

471 3711 609 3773 Quid
645 3711 807 3778 igitur
834 3714 1122 3769 Christus?
1151 3717 1264 3771 Non
1292 3720 1444 3787 juxta
1476 3725 1693 3778 stultam
1725 3731 2049 3783 sententiam

471 3812 524 3855 et
561 3804 922 3874 insipientiam
955 3812 1234 3876 respondit
1267 3815 1648 3884 insipientibus
1679 3860 1692 3883 ,
1727 3824 1818 3876 sed
1853 3825 2054 3880 relictis

471 3895 605 3962 ipsis
633 3908 686 3949 ut
721 3909 901 3951 errent
935 3902 985 3953 in
1021 3905 1239 3959 nomine
1277 3909 1450 3976 regni,
1484 3921 1536 3962 et
1567 3929 1668 3964 non
1711 3915 2052 3971 manifestata

471 3988 549 4040 eis
598 4005 701 4044 re:
738 4007 910 4054 neque
949 3995 1092 4047 enim
1145 4002 1502 4068 aceepissent,
1563 4005 1607 4056 si
1661 4008 1739 4059 eis
1794 4008 1859 4061 de
1891 4025 2054 4078 regno

471 4079 839 4147 disseruisset,
867 4088 1009 4153 quod
1044 4102 1146 4140 non
1178 4090 1242 4143 sit
1271 4093 1602 4148 mundanum
1636 4108 1858 4166 regnu‘m
1894 4101 2050 4166 illud,

472 4173 563 4223 sed
609 4173 726 4239 plus
766 4191 928 4241 quam
979 4180 1330 4236 mundanum.
1367 4184 1474 4238 Illis
1511 4186 1675 4253 igitur
1720 4191 1919 4245 relictis
1950 4209 2048 4247 ceu

477 4261 560 4313 his
617 4265 705 4329 qui
744 4264 947 4335 indigni
985 4280 1165 4323 essent
1217 4283 1272 4322 ut
1322 4274 1592 4340 audirent,
1625 4293 1689 4331 eo
1737 4283 1876 4348 quod
1913 4283 2054 4339 ultro

470 4352 921 4409 obsurdescerent
955 4399 968 4420 ,
1022 4359 1087 4410 de
1124 4369 1365 4428 tempore
1412 4368 1562 4434 regni
1627 4368 1861 4437 disserit,
1904 4375 2044 4442 quod

2159 1898 2295 1966 πρὸς
2317 1897 2442 1958 τοὺς
2486 1894 2757 1966 μαθητάςο
2797 1893 3138 1946 Ἐλεύσονται
3172 1891 3402 1961 ἡμέραι,
3436 1891 3526 1942 ὅτε
3565 1888 3756 1941 ἐπιου-

2168 1991 2370 2058 μήσετε
2423 1989 2550 2057 μίαν
2594 1988 2701 2039 τῶν
2739 1986 2963 2056 ἡμερῶν
3011 1986 3104 2038 τοῦ
3139 1984 3270 2037 Υίοῦ
3306 1983 3400 2037 τοῦ
3459 1981 3755 2051 ἀνθρώπου

2165 2084 2313 2148 ἰδεῖν,
2345 2081 2439 2133 καὶ
2468 2082 2567 2132 οὐκ
2599 2080 2693 2148 ὖψε
2707 2079 2820 2139 σθε.
2851 2080 2938 2132 καὶ
2965 2079 3177 2149 ἐροῦσιν
3205 2080 3353 2145 ύμῖν·
3394 2078 3525 2130 ’ἰδοῦ
3545 2070 3669 2137 ὦδε,
3700 2076 3757 2142 ἦ,

2173 2176 2300 2228 Ἰδοὺ
2333 2177 2468 2226 ἐκεῖ.
2508 2174 2596 2238 Μὴ
2619 2171 2910 2240 ἀπέλθητε,
2931 2171 3063 2240 μηδὲ
3084 2168 3330 2238 διώξητε.
3360 2168 3695 2239 Ὥσπεργὰρ
3725 2169 3758 2238 ἡ

2161 2267 2416 2336 ἀστραπὴ
2447 2268 2477 2335 ή
2511 2264 2898 2332 ἀστράπτουσα
2927 2264 2988 2314 ὲκ
3014 2261 3111 2328 τῆς
3147 2261 3237 2312 ὑπ’
3259 2259 3509 2330 οὐρανὸν,
3549 2261 3627 2320 εἰς
3657 2260 3754 2327 τὴν

2162 2360 2252 2411 ὑπ’
2285 2356 2512 2426 ούρανὸν
2544 2355 2748 2422 λάμπει
2773 2394 2786 2417 ,
2822 2354 2994 2415 οὕτως
3020 2353 3172 2405 ἔσται
3200 2353 3292 2404 καὶ
3321 2354 3347 2403 ὁ
3383 2351 3510 2411 Υἱὸς
3541 2350 3634 2402 τοῦ
3662 2350 3755 2401 ἀν-

2158 2448 2376 2520 Ορὼπου
2402 2450 2456 2498 ὲν
2476 2449 2538 2516 τῇ
2566 2446 2748 2514 ἡμέρᾳ
2774 2443 2962 2496 αὑτοῦ·
2991 2443 3202 2513 πρῶτον
3229 2441 3281 2493 δὲ
3301 2441 3380 2492 δεῖ
3399 2440 3562 2492 αὑτὸν
3585 2439 3748 2492 πο).λό

2158 2541 2374 2604 παθεῖν,
2408 2539 2498 2591 καὶ
2551 2536 3054 2604 ἀποδοκιμασῦῆναι
3097 2533 3206 2585 ἀπὸ
3252 2531 3349 2599 τῆς
3388 2532 3583 2598 γενεᾶς
3619 2532 3753 2582 ταύ-

2156 2649 2274 2702 της.
2315 2650 2332 2681 ι
2370 2630 2648 2698 Πολλαχοῦ
2683 2629 2782 2697 μὲν
2831 2626 2940 2679 τῶν
2986 2623 3343 2678 διδασκαλιῶν
3375 2621 3544 2675 αὑτοῦ
3577 2625 3604 2674 ὁ
3636 2622 3754 2674 Κύ-

2160 2741 2275 2794 ριος
2315 2722 2591 2791 ἐμέμνητο
2622 2720 2722 2788 τῆς
2758 2717 3034 2790 βασιλείας
3061 2715 3154 2768 τοῦ
3200 2714 3360 2768 Θεοῦ.
3397 2714 3460 2765 Οί
3494 2713 3550 2766 δὲ
3588 2715 3755 2782 Φαρι-

2166 2818 2332 2878 σαῖοι,
2375 2813 2548 2866 ταῦτα
2583 2814 2892 2876 ἀκούοντες,
2931 2808 3387 2877 κατειρωνεύοντο
3428 2805 3627 2866 αὐτοῦ,
3660 2807 3753 2858 καὶ

2155 2910 2241 2962 διὰ
2276 2909 2431 2961 τοῦτο
2481 2909 2607 2977 περὶ
2641 2906 2844 2976 ταύτης
2894 2905 3188 2973 προσίεσαν
3242 2899 3562 2973 ἐρωτῶντες
3607 2900 3750 2990 216::

2154 3000 2394 3069 ἔρχεται,
2433 2999 2792 3066 διαγελῶντες
2843 2999 3005 3050 αὑτὸν
3037 2995 3111 3057 ὡς
3164 2995 3430 3047 ἀλλόκοτα
3469 2996 3565 3043 καὶ
3620 2994 3751 3061 περὶ

2154 3094 2455 3163 ἀσυνήθους
2488 3093 2578 3152 καὶ
2616 3092 2769 3158 ξένου
2804 3092 3129 3158 πράγματος
3157 3085 3520 3159 κηρύττοντά.
3558 3085 3752 3146 Ούδεῖς

2155 3186 2260 3254 γὰρ
2311 3187 2418 3238 τῶν
2451 3185 2897 3256 προγενεστέρων
2933 3181 3292 3234 διδασκάλων·
3326 3179 3419 3253 καλ⁵
3456 3178 3751 3247 προςητῶν

2154 3275 2357 3346 ταύτης
2395 3274 2740 3344 ἐπεμνήσθη.
2793 3275 2861 3326 Ἢ
2893 3273 3030 3342 τάχα
3081 3272 3175 3324 καὶ
3207 3271 3346 3322 κατὰ
3381 3268 3505 3321 νοῦν
3535 3268 3751 3338 ἔχοντες

2153 3367 2234 3419 ὅτι
2265 3368 2389 3419 ὅσον
2438 3367 2724 3436 μέλλουσιν
2766 3365 2928 3417 αὐτὸν
2965 3366 3300 3427 ἀποκτεῖναι,
3340 3361 3633 3432 προσίασιν
3673 3361 3750 3420 ὡς

2155 3462 2213 3509 ἐν
2247 3458 2616 3530 μυκτηρισμῷ
2642 3459 2734 3511 καὶ
2763 3456 3017 3526 εἰρωνεία
3049 3455 3386 3524 ἐρωτῶντες,
3421 3455 3516 3506 καὶ
3547 3451 3753 3505 ὡσανεὶ

2152 3549 2379 3603 τοιαῦτα
2440 3551 2769 3618 φάσκοντες·
2824 3549 2894 3600 Σὺ
2944 3549 3042 3617 μὲν
3072 3548 3199 3616 περὶ
3251 3545 3529 3616 βασιλείας
3577 3547 3752 3605 ποιεῖς

2152 3641 2278 3699 τοὺς
2318 3640 2529 3707 λόγους,
2569 3641 2700 3692 πότε
2735 3641 2790 3691 δὲ
2823 3639 3032 3708 ἔσταιὴ
3066 3637 3309 3708 βασιλεία
3339 3653 3431 3688 σου
3458 3636 3636 3705 αῦτη;
3678 3636 3749 3686 Σῦ

2153 3730 2259 3797 γὰρ
2290 3728 2478 3800 αὔριον
2505 3729 2591 3798 ὑφ’
2626 3729 2781 3798 ήμῶν
2805 3725 3172 3781 Θανατοῦσθαι
3199 3726 3440 3795 μέλλεις,
3466 3725 3566 3777 καὶ
3594 3734 3754 3776 παῦ’

2159 3821 2246 3890 po;
2286 3837 2345 3872 σε
2385 3821 2788 3890 παραλήψεται,
2819 3823 2914 3873 καὶ
2947 3823 3044 3871 ὅσα
3073 3818 3172 3886 τῆς
3201 3817 3450 3886 ἀτιμίας.
3488 3816 3554 3868 Τί
3598 3813 3693 3868 οῦν
3727 3814 3754 3865 ὁ

2156 3913 2428 3981 Χριστὸςς
2461 3915 2533 3977 Ού
2568 3912 2709 3965 κατὰ
2753 3912 2849 3982 τὴν
2884 3912 3109 3978 ἀνόητον
3177 3910 3356 3962 αὐτῶν
3390 3908 3618 3977 γνώμην
3659 3905 3755 3958 καὶ

2160 4005 2474 4075 ἀφροσύνην
2502 4008 2853 4072 ἀποκρίνεται
2883 4009 2996 4066 τοῖς
3025 4005 3276 4073 ἄφροσιν,
3309 4002 3424 4055 ἀλλ’
3459 4003 3620 4070 ἀφεὶς
3655 4001 3753 4052 αῦ-

2159 4099 2286 4158 τους
2317 4098 2623 4151 πλανᾶσθαι
2667 4099 2794 4167 περὶ
2833 4098 2931 4164 τὴν
2965 4097 3287 4166 ὁμωνυμίαν
3315 4095 3414 4164 τῆς
3449 4092 3749 4162 βασιλείας,

2155 4190 2248 4241 καὶ
2303 4187 2377 4258 μὴ
2418 4188 2772 4256 ἀποκαλύψας
2806 4189 3009 4251 αὐτοῖς·
3057 4188 3175 4239 οὐδὲ
3217 4187 3324 4255 γὰρ
3358 4184 3610 4248 ἐδέξαντο
3649 4185 3748 4244 ἂν,

2159 4281 2288 4347 περὶ
2343 4283 2503 4342 ποίας
2555 4280 2829 4348 βασιλείας
2873 4279 3203 4346 διαλέγεται.
3261 4281 3354 4330 καὶ
3410 4280 3491 4329 ὅτι
3527 4278 3627 4346 οὐχ
3679 4277 3752 4335 ὡς

2158 4365 2267 4422 οἶόν
2295 4388 2354 4422 τε
2383 4372 2674 4439 ὲγκόσμιός
2717 4373 2866 4422 ἐστιν
2897 4371 3031 4440 αὕτη
3069 4373 3099 4440 ἡ
3137 4370 3402 4440 βασιλεία,
3437 4369 3555 4421 ἀλλ’
3580 4371 3748 4439 ὑπερ-

472 4445 714 4516 ignoutm
780 4451 848 4502 sit
883 4461 934 4502 et
967 4452 1376 4509 inobservabile.
1408 4457 1520 4511 Non
1552 4461 1692 4513 enim
1726 4465 1884 4518 habet
1916 4483 2049 4534 pm:-

2160 4463 2406 4531 κὸσμιος.
2440 4461 2624 4516 Ταῦτα
2663 4462 2754 4515 οῦν
2786 4463 2965 4529 ἀφεὶς,
3008 4463 3083 4525 ὼς
3116 4463 3189 4533 μὴ
3235 4462 3399 4526 ἀξίων
3431 4463 3604 4514 ὄντων
3633 4462 3741 4514 τούι

473 4536 677 4590 tinitum
711 4548 942 4610 tempus,
980 4544 1072 4597 sed
1112 4559 1329 4614 semper
1380 4549 1577 4602 volenti
1629 4551 1779 4606 adest
1817 4556 1908 4610 Dei
1964 4573 2053 4612 re-

471 4645 658 4698 gnum.
691 4631 925 4686 Omnino
951 4637 1091 4688 enim
1130 4653 1353 4703 regnum
1388 4642 1602 4707 quidem
1634 4643 1724 4698 Dei
1748 4657 1850 4714 est,
1881 4665 2048 4720 augeo

472 4719 642 4774 lorum
676 4737 825 4776 more
860 4726 1061 4778 vivere.
1104 4727 1272 4797 428
1328 4730 1479 4786 Tunc
1521 4735 1665 4788 cnim
1699 4753 1822 4794 vere
1851 4743 2053 4799 dicitur

471 4827 702 4879 regnare
732 4811 890 4879 Deus,
918 4818 1135 4882 quando
1164 4819 1294 4871 nihil
1325 4824 1652 4878 mundanum
1686 4828 1737 4881 in
1769 4835 2053 4888 animabus

469 4903 672 4956 nostris
718 4919 986 4971 versatur,
1033 4910 1126 4962 sed
1162 4914 1383 4967 omnino
1431 4915 1590 4971 aliter
1635 4921 1834 4976 vivitur
1891 4942 2051 4993 quam

473 4996 703 5047 mundus
737 4999 896 5052 solet.
935 4999 1085 5053 llanc
1141 5013 1321 5072 autem
1367 5007 1529 5060 vitam
1563 5012 1704 5066 intra
1738 5031 1834 5069 nos
1885 5018 2052 5074 habe-

474 5100 611 5151 tnus,
638 5089 738 5138 hoc
771 5099 872 5151 est,
903 5094 1117 5158 quando
1161 5095 1511 5152 voluerimus.
1560 5100 1676 5157 Non
1710 5109 1852 5159 enim
1899 5109 2054 5180 longo

472 5185 712 5245 tempore
782 5197 952 5249 neque
1015 5185 1167 5252 longa
1219 5192 1652 5258 peregrinatione
1721 5213 1855 5266 epus
1892 5242 1905 5263 ,
1964 5205 2054 5256 sed

470 5283 635 5334 prope
681 5288 775 5325 nos
821 5284 900 5326 est
946 5283 999 5328 et
1055 5278 1207 5341 tides,
1255 5289 1308 5332 et
1352 5295 1468 5349 po.~t
1519 5287 1674 5340 {idem
1710 5290 1890 5345 divina
1925 5295 2050 5349 vita.

477 5358 658 5413 |~thuc
708 5364 881 5431 ipsum
917 5373 1077 5420 etiam
1117 5368 1413 5436 Apostolus
1464 5377 1726 5434 dicebat:
1778 5382 1950 5452 Prope
2005 5397 2054 5440 te

476 5454 693 5504 verbum
750 5468 830 5507 est.
885 5459 934 5511 in
981 5477 1073 5514 ore
1128 5472 1221 5516 tuo
1283 5477 1332 5516 et
1371 5468 1421 5520 iu
1465 5472 1628 5525 corde
1677 5481 1788 5537 tuo,
1826 5479 1928 5533 hoc
1975 5492 2055 5533 est

477 5545 696 5595 \‘rrhum
745 5549 774 5599 li
805 5549 890 5601 iei.
938 5551 1174 5609 Credere
1222 5558 1386 5622 enim,
1439 5573 1490 5614 et
1544 5569 1838 5621 secundum
1894 5573 2052 5626 ﬁdem

471 5633 765 5703 ambulare,
793 5640 930 5693 sicut
960 5646 1177 5711 dignum
1206 5657 1289 5701 est
1317 5655 1614 5719 vocatione,
1648 5658 1789 5712 intra
1826 5679 1921 5717 nos
1945 5675 2051 5718 est.

474 5719 944 5790 lla-"lucl’hariszci
999 5734 1294 5791 irridebant
1340 5740 1618 5798 Dominum
1676 5758 1928 5818 [aliquam
1987 5754 2048 5809 dc

2157 4573 2263 4606 των
2294 4555 2512 4607 ἀκούειν
2541 4556 2627 4609 δια
2655 4556 2715 4607 τὸ
2740 4555 3120 4624 ὲΟελοκωφεῖν,
3150 4556 3278 4624 περὶ
3303 4555 3394 4606 τοῦ
3426 4554 3625 4624 καιροῦ
3655 4554 3749 4624 τῆς

2160 4649 2434 4717 βασιλείας
2468 4649 2802 4717 διαλέγεται,
2839 4649 2914 4712 ὼς
2955 4649 3231 4716 ἄγνωστός
3283 4651 3400 4700 ἐστι
3447 4647 3544 4699 καὶ
3613 4649 3748 4701 ἀπα-

2161 4746 2488 4815 ρατήρητος.
2522 4747 2594 4797 Οὐ
2635 4746 2744 4815 γὰρ
2785 4746 2895 4815 ἔχει
2926 4745 3115 4814 καιρὸν
3150 4745 3481 4814 ὡρισμένον,
3509 4744 3628 4796 ἀλλ’
3666 4746 3750 4796 ἀεὶ

2156 4836 2232 4905 τῷ
2258 4836 2564 4908 βουλομένῳ
2590 4839 2851 4907 πάρεστιν
2876 4839 2907 4906 ἡ
2944 4836 3189 4907 βασιλεία
3217 4836 3310 4889 τοῦ
3337 4835 3492 4889 Θεοῦ.
3524 4837 3748 4894 Πάντως

2157 4929 2264 4997 γὰρ
2291 4927 2537 4996 βασιλεία
2582 4929 2680 4998 μὲν
2714 4928 2806 4980 τοῦ
2841 4929 2976 4981 Θεοῦ
3030 4931 3182 4982 ἐστιν
3222 4930 3254 4997 ἡ
3287 4929 3558 4996 ἀγγελικὴ
3582 4930 3750 4981 κατάο

2160 5035 2348 5079 στάσις
2398 5020 2490 5070 καὶ
2515 5020 2785 5088 διαγωγή.
2811 5018 2942 5072 Τότε
2971 5020 3076 5090 γὰρ
3101 5019 3163 5088 δὴ
3197 5020 3414 5086 λέγεται
3440 5021 3750 5088 βασιλεύειν

2156 5111 2233 5180 τῷ
2270 5111 2382 5163 ὄντι
2421 5112 2573 5174 Θεὸς,
2611 5113 2739 5164 ὅταν
2789 5113 2954 5183 μηδὲν
2986 5114 3249 5182 κοσμικδν
3281 5116 3338 5165 ἐν
3373 5117 3494 5186 ταῖς
3551 5116 3749 5183 ψυχαῖς

2157 5201 2317 5268 ἡμῶν
2344 5202 2716 5270 πολιτεύηται,
2739 5204 2874 5256 ἀλλὰ
2898 5205 2966 5257 τὰ
2986 5207 3161 5257 πάντα
3186 5199 3334 5274 ὦμεν
3359 5208 3744 5278 ύπερκοσμίως

2157 5293 2456 5361 διάγοντες.
2509 5295 2726 5366 Ταύτην
2770 5297 2827 5350 δὲ
2896 5299 2994 5368 τὴν
3055 5300 3330 5368 διαγωγὴν
3389 5300 3541 5360 ἐντος
3591 5300 3747 5369 ἡμῶν

2158 5385 2375 5453 ἔχομεν,
2412 5389 2708 5453 τουτέστιν,
2744 5389 2872 5441 ὅταν
2908 5391 3274 5459 βουληθῶμεν.
3303 5393 3377 5443 oo
3411 5392 3607 5460 καιροῦ
3645 5394 3748 5460 γὰρ

2163 5477 2399 5545 μακροῦ,
2449 5478 2569 5529 οὐδὲ
2619 5480 2930 5549 ἀποδημίας
2985 5483 3164 5550 χρεία,
3220 5482 3333 5533 ἀλλ’
3376 5484 3542 5548 ὲγγῦς
3595 5483 3745 5550 ἡμῶν

2161 5568 2274 5618 ἐστι
2321 5570 2414 5620 καὶ
2454 5573 2485 5639 ὴ
2535 5572 2736 5633 πίστις,
2777 5575 2867 5623 καὶ
2903 5576 2934 5641 ἡ
2998 5576 3129 5642 μετα
3166 5575 3224 5624 τὸ
3265 5575 3560 5626 πιστεῦσαι
3612 5575 3747 5624 κατα

2159 5661 2289 5714 Θεὸν
2321 5663 2588 5734 διαγωγή.
2620 5667 2796 5718 Tauro
2819 5668 2873 5719 δὲ
2903 5668 3058 5720 τοῦτο
3086 5671 3175 5720 καὶ
3205 5671 3230 5720 ὁ
3275 5669 3595 5730 ’Λπὸστολος
3621 5667 3742 5732 ἔρῃ,

2164 5755 2330 5823 ἐγγύς
2365 5774 2456 5809 σου
2493 5758 2551 5809 τ),
2579 5759 2731 5828 ῥῆμα
2773 5761 2917 5815 ἐστιν
2953 5764 3006 5814 ἐν
3040 5761 3112 5832 τ’ῖι
3150 5761 3374 5831 art-ignari
3414 5780 3531 5822 σου,
3569 5763 3661 5815 καὶ
3694 5762 3744 5810 Et
