4000 6422
321 268 428 333 9‘33

1008 264 1461 326 EN'ABRATIO
1493 262 1573 325 ΙΝ
1624 262 2124 325 EVANGELIL'M
2169 263 2407 325 LUCIE.
2435 285 2500 298 -·
2531 263 2697 329 CAP.
2727 264 2914 326 XVII.

3540 269 3647 336 994

307 386 373 454 τῇ
406 381 604 451 καρδίᾳ
634 395 750 446 σου,
783 377 1053 441 τουτέστι,
1093 377 1154 430 τὸ
1194 379 1345 449 ῥῆμα
1373 379 1471 449 τῆς
1499 378 1761 440 πίστεως.
1808 377 1907 430 Kal

2030 392 2198 447 regno
2237 377 2651 448 praedicantem,
2696 377 2764 433 de
2814 393 2923 448 quo
2971 378 3154 434 nullus
3214 380 3636 450 praedicaverat.

305 475 368 528 τὸ
416 474 710 528 πιστεῦσαι
751 471 882 540 γὰρ,
936 471 1030 522 καὶ
1092 469 1152 522 τδ
1207 472 1343 540 μετὰ
1375 472 1476 541 τὴν
1527 470 1714 524 πίστιν
1749 469 1920 534 ἀξίως

307 566 684 639 περιπατῆσαι
749 563 852 632 τῆς
896 563 1166 633 κλήσεως,
1221 565 1370 628 ἐντὸς
1404 563 1564 634 ήμῶν
1620 566 1792 617 ἐστιν,
1847 563 1918 615 Oi

310 664 408 733 μὲν
443 658 536 715 οὖν
564 660 851 728 Φαρισαῖοι
900 656 1246 728 διεχλεύαζον
1285 658 1377 711 τὸν
1414 657 1644 728 Κύριον,
1675 657 1750 720 ὼς
1788 655 1918 727 περὶ

308 761 408 828 τῆς
442 752 720 825 βασιλείας
750 749 1121 822 κηρύττοντα,
1150 750 1279 822 περὶ
1313 746 1381 821 ἧς
1407 751 1586 813 οὐδεὶς
1619 749 1912 820 ἐκήρυξεν.

317 850 375 902 '0
402 848 460 900 δὲ
514 845 718 915 Κύριος
763 844 979 905 δεικνὺς
1011 843 1110 910 (8),
1144 841 1225 893 ὅτι
1259 840 1516 909 ἀγνοοῦσι
1566 842 1829 910 πρᾶγμα,
1889 839 1917 891 ὃ

303 942 452 1003 ἐντὸς
482 938 662 993 αὐτῶν
687 940 824 998 ἐστι,
851 938 944 989 καὶ
968 936 1318 1006 βουλομένοις
1344 935 1504 987 τοῦτο
1522 935 1710 986 λαόεἰν
1738 934 1912 1004 πολλὴ

305 1035 330 1100 ή
364 1031 605 1086 εὐκολία.
639 1029 757 1082 Νῦν
783 1029 891 1100 γὰρ
917 1029 1070 1091 ὄντος
1094 1027 1228 1098 ἐμοῦ
1267 1027 1432 1097 μέσον
1467 1026 1645 1096 ὑμῶν,
1673 1026 1913 1081 δύνασθε

300 1129 520 1186 παντως
551 1125 650 1194 τὴν
700 1121 980 1192 βασιλείαν
1027 1120 1121 1172 τοῦ
1173 1121 1310 1173 Θεοῦ
1352 1120 1633 1187 δέξασθαι,
1692 1117 1917 1172 πιστεύ-

301 1233 496 1278 σαντες
521 1217 601 1277 εἰς
634 1214 757 1284 ἐμὲ,
800 1215 893 1266 καὶ
926 1214 1068 1266 κατὰ
1099 1213 1200 1275 τὰς
1230 1212 1372 1282 ἐμὰς
1401 1211 1626 1273 ἐντολὰς
1665 1211 1765 1283 ζῇν
1798 1211 1916 1264 ἐλό-

302 1327 477 1378 μενοι.
515 1308 641 1370 Τοῖς
661 1307 715 1360 δὲ
750 1305 1026 1376 μαθηταῖς
1070 1305 1239 1359 αὑτοῦ
1271 1301 1450 1368 εἶπεν,
1497 1323 1518 1357 ι
1566 1299 1912 1358 Ἐλεύσονται

297 1403 529 1472 ἡμέραι,
563 1420 580 1451 ι
621 1402 714 1452 καὶ
744 1401 814 1452 τὰ
843 1399 1006 1470 ἑξῆς·
1044 1401 1314 1463 τουτέστι,
1363 1399 1457 1451 καὶ
1503 1398 1635 1468 ὑμῖν
1681 1400 1714 1467 ή
1758 1397 1912 1468 βασι-

296 1494 414 1547 λεία
461 1494 556 1546 τοῦ
607 1493 744 1545 Θεοῦ
797 1492 1084 1562 πάρεστιν,
1137 1493 1196 1544 ἐν
1245 1493 1360 1562 ὅσῳ
1413 1492 1533 1560 εἰμὶ
1568 1490 1691 1561 μεθ’
1729 1491 1910 1560 ὑμῶν.

297 1588 536 1658 Πάρεστι
570 1587 628 1640 δὲ
676 1586 816 1655 αῦτη
867 1588 1018 1656 ὑμῖν,
1055 1585 1116 1638 ού
1162 1585 1324 1655 μόνον
1377 1585 1514 1638 καθὸ
1547 1583 1912 1638 ἐπιστεύσατέ

299 1697 391 1750 μοι
445 1679 540 1731 καὶ
594 1678 1003 1748 ἠκολουθήσατε
1049 1716 1063 1739 ,
1120 1677 1255 1730 ἀλλὰ
1307 1678 1401 1730 καὶ
1465 1677 1602 1730 καθὸ
1653 1678 1713 1730 ἐν
1762 1677 1912 1748 πάσῃ

296 1771 628 1841 ἀφροντισίᾳ
663 1771 880 1838 διάγετε
920 1769 1036 1834 νῦν,
1087 1767 1226 1840 ἐμοῦ
1267 1768 1424 1839 ὑμῶν
1456 1769 1758 1840 κηδομένου
1812 1769 1904 1820 καὶ

2021 1771 2290 1827 tlerabitis
2324 1773 2407 1824 vel
2437 1789 2602 1830 unum
2637 1788 2704 1827 ex
2745 1773 2941 1830 diebus
2975 1780 3112 1832 meis
3144 1777 3371 1843 habere,
3402 1781 3507 1836 hoc
3539 1794 3618 1836 est

292 1865 724 1934 προνοουμένου.
785 1864 1134 1917 Ἐλεύσονται
1169 1864 1225 1916 δέ
1271 1865 1478 1934 ἡμέραι
1527 1865 1639 1929 ὅτε,
1673 1863 1907 1927 ἀπόντος

291 1960 452 2030 ἐμοῦ,
499 1961 768 2023 κινδύνοις
815 1959 1290 2034 παραδοθήσεσθε,
1331 1961 1425 2012 καὶ
1488 1960 1582 2012 ἐπὶ
1631 1959 1906 2030 ἡγεμόνας

292 2059 386 2107 καὶ
423 2055 663 2125 βασιλεῖς
705 2054 966 2124 ἀγόμενοι
994 2055 1084 2106 τὸν
1118 2053 1214 2106 νῦν
1245 2053 1532 2105 ἀκίνδυνον
1587 2054 1778 2124 καιρόν
1815 2053 1908 2106 καὶ

296 2148 391 2217 τὴν
432 2149 817 2217 ἁφροντισίαν,
873 2149 940 2218 ἢν
987 2146 1124 2218 ἐμοῦ
1163 2146 1416 2208 συνόντος
1448 2146 1578 2216 ὑμῖν
1615 2145 1789 2215 ἔχετε,
1831 2145 1907 2208 ὡς

291 2242 575 2311 βασιλείαν
599 2240 737 2294 Θεοῦ
769 2240 1062 2311 ποθήσετε.
1095 2241 1203 2293 Καὶ
1232 2237 1497 2302 πολλάκις
1527 2238 1905 2310 ἐπιθυμήσετε

289 2334 403 2386 τῶν
447 2335 598 2405 ἐμῶν
627 2333 855 2404 ἡμερῶν
893 2334 1020 2403 μιᾶς
1057 2333 1356 2401 ἐπιτυχεῖν,
1388 2331 1669 2391 τουτέστι,
1699 2331 1907 2402 ταύτης

297 2429 391 2496 τῆς
414 2427 536 2496 μετ’
553 2428 688 2496 ἐμοῦ
711 2426 1116 2494 συνδιαγωγῆς,
1137 2425 1212 2487 ὡς
1235 2424 1700 2494 ἀκινδυνωτέρας.
1718 2425 1776 2476 ΕΞ
1795 2424 1905 2494 γὰρ

291 2522 386 2572 καὶ
413 2519 510 2571 σὺν
533 2519 682 2589 αὐτῷ
718 2519 871 2582 ὖντες
895 2558 911 2583 ,
937 2519 997 2571 οὐ
1036 2521 1216 2587 πάντη
1247 2517 1447 2570 ἄπονον
1495 2518 1590 2568 καὶ
1620 2515 1904 2568 ἀκίνδυνον

292 2608 424 2682 ἦγον
463 2611 600 2683 βίον,
651 2611 789 2664 ἀλλὰ
841 2609 1098 2678 φεύγοντι
1142 2607 1558 2678 συμφεύγοντες
1608 2607 1904 2660 ἐκακοπά-

289 2705 440 2768 θουν,
477 2706 570 2756 καὶ
623 2703 1024 2773 λοιδορουμένῳ
1059 2700 1555 2771 συνελοιδοροῦντο,
1592 2699 1730 2752 ἀλλὰ
1767 2701 1904 2769 πρὸς

298 2801 416 2860 τοὺς
454 2797 748 2867 μέλλοντας
782 2795 1064 2858 κινδύνους
1097 2795 1510 2864 συγκρινόμενα
1535 2795 1603 2845 τὰ
1634 2793 1904 2862 πρότερον

288 2891 475 2954 αὐτοῖς
543 2890 1042 2960 ἐπισυμϐαίνοντα,
1095 2889 1158 2941 τὸ
1213 2887 1496 2940 ἀκίνδυνον
1572 2884 1709 2938 πολὺ
1756 2884 1896 2954 ἐχειιν

288 2984 648 3051 φανήσονται.
704 2983 867 3034 Ὥστε
918 2981 951 3050 ἡ
1007 2979 1258 3048 βασιλεία
1306 2977 1401 3029 τοῦ
1456 2976 1594 3029 Θεοῦ
1627 2975 1902 3028 καὶκατὰ

2025 468 2094 521 At
2128 469 2243 538 ipse
2268 468 2512 523 ostendit
2536 470 2680 538 quod
2716 470 2970 539 ignorent
3000 486 3112 526 rem
3139 487 3261 541 qua:
3289 473 3430 528 intra
3457 492 3518 530 se
3550 479 3642 544 sit,

2023 572 2078 617 et
2101 578 2223 633 qua:
2243 563 2398 617 valde
2430 563 2632 628 laeilis,
2667 564 2711 618 si
2739 565 2830 633 qui
2859 579 3058 634 capere
3088 566 3276 620 velint.
3305 566 3465 622 Nunc
3496 573 3645 624 enim

2023 674 2148 714 cum
2173 657 2276 713 sim
2313 659 2528 714 medius
2556 659 2699 714 inter
2750 674 2867 724 vos,
2903 662 3140 729 potestis
3163 664 3390 717 omnino
3417 681 3645 736 regnum

2026 752 2122 807 Dei
2158 765 2381 822 capere,
2423 752 2469 806 si
2504 751 2732 806 creditis
2765 755 2816 806 in
2868 769 2974 819 me,
3007 765 3062 808 et
3109 755 3276 810 vultis
3299 756 3454 821 juxta
3490 776 3647 813 tuan-

2026 846 2155 899 data
2199 861 2316 898 mea
2350 845 2551 899 vivere.
2585 844 2882 912 Diseipulis
2909 860 3036 899 vero
3062 847 3178 900 suis
3227 849 3367 902 dixit
3401 867 3415 904 :
3470 869 3488 902 ι
3539 849 3648 906 Ve-

2000 924 2175 987 ‘nienl
2197 934 2382 1000 dies,»
2410 943 2544 998 etc.,
2579 936 2682 989 hoc
2705 945 2807 1000 est,
2833 944 2888 990 et
2909 937 3064 990 vobis
3094 953 3323 1004 regnum
3348 939 3439 993 Dei
3470 948 3646 1008 adest,

2023 1035 2298 1093 quatenus
2328 1041 2450 1080 sum
2484 1027 2790 1081 vobiscum.
2841 1027 3012 1082 Adest
3049 1040 3235 1084 autem
3282 1031 3414 1086 illud
3465 1037 3642 1100 vobis,

2022 1134 2129 1172 non
2181 1119 2360 1173 solum
2413 1120 2560 1187 quod
2605 1121 2924 1174 credidistis
2951 1132 3004 1174 et
3037 1124 3214 1177 secuti
3240 1128 3375 1178 estis
3405 1125 3510 1193 me,
3551 1131 3644 1182 sed

2019 1211 2146 1279 quia
2179 1225 2325 1264 nunc
2377 1212 2428 1264 in
2466 1225 2660 1279 magna
2698 1213 2998 1268 securitate
3031 1216 3216 1269 vivitis
3244 1220 3452 1288 absque
3495 1221 3649 1274 solli-

2019 1303 2291 1368 citudine,
2332 1319 2418 1359 me
2449 1319 2640 1358 curam
2684 1308 2849 1360 vestri
2879 1319 3125 1377 gerente.
3177 1309 3406 1365 Venient
3456 1323 3639 1367 autem

2018 1399 2160 1462 dies,
2193 1415 2317 1454 cum
2348 1415 2449 1468 ego
2480 1400 2730 1464 abfuero,
2766 1410 2819 1455 ct
2849 1407 3137 1459 trademiui
3171 1407 3451 1473 periculis,
3487 1420 3543 1464 et
3570 1412 3636 1465 ad

2017 1506 2175 1561 reges
2198 1499 2253 1546 et
2277 1491 2542 1560 prtesides
2565 1495 2890 1548 trahemini:
2917 1505 3045 1550 tunc
3065 1498 3456 1555 desiderabitis
3481 1519 3644 1558 secu-

2018 1602 2134 1640 ratn
2169 1586 2316 1639 illam
2348 1594 2402 1640 ct
2429 1586 2805 1642 sollicitudine
2827 1599 3108 1644 carentem
3143 1583 3330 1658 vitam,
3360 1611 3526 1664 quam
3559 1613 3644 1651 nte

2019 1687 2292 1748 pr:escnte
2327 1681 2526 1750 agitis,
2575 1679 2720 1733 sicut
2765 1695 2994 1751 regnum
3032 1671 3151 1738 Dei.
3209 1686 3277 1756 Et
3317 1704 3460 1756 saepe
3495 1689 3644 1744 desi-

2016 1878 2081 1918 ει
2106 1878 2300 1918 secura
2338 1864 2426 1917 illa
2452 1881 2614 1934 quam
2643 1880 2859 1922 mecum
2889 1869 3051 1934 agitis
3070 1871 3206 1924 vita.
3239 1870 3506 1937 Quamvis
3541 1891 3642 1927 au-

2017 1967 2125 2011 tem
2153 1966 2208 2011 et
2231 1971 2340 2026 quo
2371 1966 2621 2026 tempore
2645 1973 2770 2013 cum
2797 1960 2918 2029 ipso
2935 1971 3117 2028 erant,
3143 1978 3248 2016 non
3269 1965 3498 2018 omnino
3521 1967 3643 2020 sine

2013 2049 2201 2104 labore
2242 2059 2297 2104 et
2327 2050 2584 2120 periculis
2624 2051 2794 2105 vitam
2832 2053 3092 2128 agebant,
3120 2055 3214 2109 sed
3241 2071 3365 2110 cum
3399 2059 3644 2128 fugiente

2015 2142 2288 2214 fugientes
2326 2142 2734 2212 aﬂligebantur,
2774 2161 3013 2214 cumque
3043 2162 3110 2201 eo
3144 2148 3397 2202 convicia
3451 2151 3644 2204 audie-

2014 2238 2145 2288 bant
2176 2255 2188 2290 :
2236 2244 2422 2290 tamen
2457 2238 2504 2290 si
2552 2253 2675 2307 quae
2708 2246 2838 2292 tunc
2865 2237 3139 2304 ferebant,
3176 2253 3642 2308 compararentur

2011 2346 2136 2385 eum
2166 2332 2250 2385 his
2281 2347 2402 2402 qua:
2427 2343 2614 2401 postea
2647 2333 2810 2386 laturi
2842 2344 3020 2398 erant,
3053 2334 3384 2398 viderentur
3416 2352 3644 2406 prorsus

2011 2440 2205 2480 secura
2254 2437 2313 2480 et
2361 2429 2572 2493 alisque
2635 2425 2918 2493 periculis.
2964 2427 3146 2496 Atque
3181 2430 3510 2496 ita'regnum
3545 2427 3641 2483 Dei

2014 2517 2181 2570 etiam
2225 2517 2328 2572 hoc
2368 2519 2530 2571 modo
2571 2518 2714 2572 intra
2747 2520 3025 2588 apostolos
3059 2531 3200 2585 erat,
3238 2523 3341 2575 hoc
3385 2533 3493 2588 est,
3534 2524 3638 2575 tui-

2011 2611 2160 2665 niine
2194 2612 2531 2666 laboriosum
2575 2620 2628 2664 et
2665 2613 3033 2682 periculosum
3064 2629 3316 2684 regnum.
3370 2614 3498 2669 l’ost
3545 2631 3634 2670 re-

2011 2704 2420 2758 surrectionem
2465 2704 2610 2758 enim
2675 2705 2818 2759 sicut
2869 2708 3095 2774 captivi,
3153 2717 3208 2758 et
3240 2708 3331 2776 qui
3381 2723 3642 2776 persecu-

2010 2797 2216 2850 tionem
2285 2799 2593 2866 patiuntur,
2646 2797 3027 2854 obambulant.
3087 2798 3261 2854 Porro
3315 2802 3401 2854 his
3456 2802 3638 2856 verbis

2009 2893 2381 2962 apostolorum
2430 2894 2597 2947 corda
2634 2893 2701 2948 ad
2744 2892 3007 2948 ferendos
3039 2895 3262 2949 labores
3311 2905 3366 2949 et
3397 2906 3552 2966 parat
3582 2907 3638 2952 et

2012 2985 2229 3039 roborat
2269 2992 2324 3038 et
2368 2985 2614 3052 praedicit
2654 2986 2734 3039 eis
2767 3001 2837 3038 ne
2876 2987 3244 3054 decipiantur.
3290 2985 3426 3040 Nam
3459 2989 3503 3042 si
3545 2989 3640 3058 qui

285 3075 481 3127 τοῦτόν
505 3091 567 3142 γε
595 3075 688 3127 τὸν
729 3075 931 3144 τρόπον
964 3073 1114 3136 ἐντὸς
1144 3071 1255 3123 τῶν
1287 3067 1604 3123 ἀποστόλων
1634 3064 1724 3137 ἦν,
1756 3067 1898 3120 κατὰ

2014 3078 2275 3140 dixerint,
2314 3078 2514 3144 inquit,
2552 3077 2692 3130 Ecce
2726 3078 2848 3141 hic,
2886 3080 2971 3131 vel
3013 3078 3152 3132 Ecce
3189 3079 3321 3146 illic,
3353 3095 3423 3134 ne
3463 3091 3641 3134 secte-

287 3166 352 3221 τδ
416 3167 702 3220 ἀκίνδυνον
761 3165 855 3219 καὶ
915 3164 1114 3218 ἅπονόν
1166 3173 1332 3234 φημι.
1380 3161 1618 3214 Ἐπείτοι
1664 3177 1725 3228 γε
1768 3161 1908 3228 μετὰ

287 3261 388 3332 τὴν
424 3261 724 3313 ἀνάστασιν
759 3259 834 3321 ὼς
882 3241 1235 3326 αἰχμάλωτοι
1275 3254 1370 3307 καὶ
1441 3253 1769 3319 διωκόμενοι
1807 3267 1904 3302 πε-

292 3355 546 3428 ριῄεσαν.
581 3354 999 3416 Κατασκευάζει
1031 3351 1087 3403 δέ
1119 3351 1208 3403 διὰ
1231 3349 1438 3402 τούτων
1468 3347 1577 3400 τῶν
1607 3347 1784 3410 λόγων
1809 3346 1906 3409 τὰς

288 3449 399 3502 τῶν
428 3447 743 3502 ἀποστόλων
771 3447 1000 3518 καρδίας
1029 3444 1368 3514 φερεπόνους
1400 3443 1492 3495 καὶ
1543 3440 1903 3512 καρτερικὰς,

289 3544 386 3597 καὶ
440 3544 703 3613 προλέγει
755 3541 961 3605 αὐτοῖς,
1016 3539 1107 3594 ἵνα
1145 3538 1220 3608 μὴ
1253 3535 1624 3607 πλανηθῶσιν.
1666 3535 1765 3586 Ἂν
1797 3532 1906 3604 γὰρ

289 3640 514 3702 εἴπωσι,
546 3639 732 3707 φησὶν,
776 3635 904 3688 Ἰδοὺ
933 3627 1055 3694 ὦδε,
1093 3632 1126 3702 ἢ
1176 3630 1308 3683 Ἰδοὺ
1340 3633 1475 3695 ἐκεῖ,
1529 3631 1603 3699 μὴ
1651 3626 1902 3694 διώξητε.

291 3731 500 3799 Μηδεὶς
539 3730 668 3798 γὰρ,
715 3727 901 3796 φησὶν,
942 3725 1085 3793 ὑμᾷς
1123 3722 1391 3784 πείσειεν,
1419 3722 1499 3773 ὅτι
1531 3716 1696 3790 ἦλθον
1733 3714 1899 3788 ὠδεῆ

294 3826 462 3875 ἐκεῖ·
507 3823 569 3874 οὐ
628 3821 738 3887 γὰρ
783 3820 935 3888 τόπῳ
994 3815 1520 3888 περικλεισθήσεται
1566 3815 1599 3884 ή
1669 3810 1904 3880 δευτέρα

297 3936 402 3987 μου
433 3915 713 3987 παρουσία
740 3914 770 3984 ή
803 3912 1188 3982 λαμπροτέρα,
1237 3910 1328 3962 καὶ
1362 3907 1700 3976 ἐνδοξοτέρα.
1764 3904 1903 3957 Ἀλλ’

289 4011 486 4079 ὥσπερ
526 4006 787 4078 ἀστραπὴ
833 4006 892 4057 οὐ
938 4004 1225 4068 λανθάνει,
1272 4001 1387 4055 ἀλλ’
1435 4002 1532 4054 ἀπ’
1585 4000 1757 4071 ἄκρου
1805 3999 1904 4069 τῆς

290 4106 398 4173 γῆς
449 4107 541 4156 ἐπὶ
603 4103 831 4169 θάτερον
885 4100 1054 4168 ἄκρον
1119 4098 1330 4167 φαίνει,
1383 4095 1529 4148 οὕτω
1561 4095 1654 4147 καὶ
1709 4095 1742 4164 ή
1794 4093 1902 4162 ἐμὴ

293 4197 571 4264 παρουσία
630 4194 860 4264 λαμπρὰ
902 4194 997 4245 καὶ
1059 4192 1327 4263 ²τιφανής
1389 4190 1572 4253 ἔσται,
1644 4189 1740 4240 καὶ
1809 4187 1897 4238 οὐ·

290 4292 420 4344 δένσι
475 4289 942 4358 ἁποκρυϋήσετειι.
1001 4287 1048 4338 M
1155 4284 1249 4337 οῦν
1282 4283 1598 4350 πλανηθῆτε
1643 4281 1748 4333 ὑπὸ
1793 4279 1901 4331 τῶν

292 4382 720 4454 ψευδοχρίστων.
775 4382 848 4432 υύ
887 4381 996 4448 γὰρ
1031 4381 1221 4448 ωσπερ
1275 4378 1542 4447 πρότερον
1595 4375 1654 4426 ἐν
1725 4375 1900 4442 φάτνῃ

2016 3170 2171 3224 mini.
2205 3168 2421 3234 Nullus,
2471 3169 2669 3236 inquit,
2705 3170 2858 3223 vobis
2894 3173 3245 3238 persuadeat,
3293 3172 3437 3241 quod
3471 3187 3638 3226 vene-

2015 3266 2115 3318 rim
2173 3265 2279 3316 huc
2332 3263 2415 3315 vel
2456 3262 2608 3314 illuc.
2647 3260 2764 3314 Non
2802 3261 2948 3314 enim
2993 3263 3112 3317 loco
3149 3263 3639 3320 circumscribetur

2013 3355 2289 3409 secundus
2323 3353 2412 3407 ille
2453 3369 2608 3406 meus
2645 3355 2940 3416 adventus,
2971 3356 3064 3422 qui
3109 3357 3404 3423 gloriosior
3442 3367 3497 3411 et
3526 3360 3640 3412 cla-

2017 3448 2144 3499 rior.
2181 3444 2382 3498 Verum
2414 3443 2557 3498 sicut
2591 3444 2772 3514 fulgur
2796 3461 2905 3498 non
2937 3446 3094 3512 latet,
3125 3449 3217 3501 sed
3247 3449 3316 3502 ab
3344 3466 3452 3503 una
3481 3466 3636 3506 sum-

2013 3537 2203 3590 mitate
2239 3545 2400 3590 terrm
2442 3552 2615 3606 usque
2653 3539 2718 3590 ad
2761 3537 2924 3589 aliam
2981 3541 3346 3606 conspicuum
3375 3553 3461 3598 est
3498 3563 3514 3599 :
3560 3548 3634 3598 ita

2010 3639 2062 3683 ct
2096 3643 2251 3681 meus
2285 3628 2559 3682 adventus
2611 3628 2794 3680 clarus
2836 3629 2942 3683 erit
2977 3641 3032 3683 et
3069 3629 3322 3695 illustris,
3357 3635 3636 3702 nullisque

2012 3720 2252 3790 ignouts.
2314 3717 2392 3773 Ne
2434 3720 2599 3787 igitur
2661 3718 3020 3789 tlecipiainini
3078 3736 3106 3774 a
3163 3721 3630 3784 Pseudochristis.

2011 3813 2125 3868 Non
2158 3815 2304 3868 enim
2342 3814 2486 3867 sicut
2526 3814 2678 3883 prius
2716 3813 2770 3867 iu
2805 3817 3076 3883 prtesepio
3112 3826 3166 3870 et
3200 3817 3508 3873 humilitate
3540 3837 3636 3888 per

2013 3908 2238 3978 triginta
2276 3922 2451 3960 annos
2495 3906 2751 3975 apparui,
2788 3905 2860 3959 ita
2885 3917 2956 3979 _et
2994 3914 3144 3968 tunc,
3183 3909 3277 3962 sed
3323 3925 3447 3963 cum
3479 3913 3631 3966 omni

2009 4002 2182 4069 gloria
2211 4000 2543 4068 stipantibus
2572 4013 2657 4052 tne
2705 3999 2917 4068 angelis
2951 4040 2964 4063 ,
3000 4009 3055 4054 et
3090 4001 3140 4053 in
3193 4014 3492 4057 momento.
3525 4003 3636 4057 Po-

2009 4107 2126 4149 stea
2167 4095 2296 4162 quia
2339 4094 2555 4147 dixerat
2580 4092 2661 4147 eis
2691 4103 2959 4146 eventura
2993 4094 3153 4146 valde
3183 4111 3397 4162 aspera,
3435 4113 3634 4152 conso-

2010 4186 2152 4239 latur
2175 4185 2343 4257 429
2361 4201 2454 4238 eos
2475 4195 2529 4239 et
2557 4187 2905 4250 exhortatur,
2937 4200 3014 4251 et,
3057 4198 3115 4241 ut
3143 4203 3407 4257 generose
3432 4191 3631 4257 lerant,

2008 4280 2259 4347 exemplo
2322 4293 2423 4330 suo
2475 4278 2854 4332 commendat.
2908 4275 3025 4331 Non
3074 4281 3220 4332 enim
3259 4283 3628 4349 admiremini,

2009 4372 2209 4439 inquit,
2245 4371 2290 4424 si
2343 4371 2627 4425 evenerint
2679 4369 2832 4424 vobis
2867 4381 2975 4424 tatu
3018 4374 3273 4441 molesta,
3307 4391 3428 4445 qttce
3477 4377 3632 4433 vobis

295 4480 392 4530 καὶ
428 4475 673 4546 πτωχείᾳ
723 4474 812 4526 διὰ
863 4476 1162 4544 τριάκοντα
1196 4471 1334 4524 ἐτῶν
1375 4469 1604 4538 ἐφάνην,
1633 4465 1777 4519 οὕτω
1807 4467 1904 4518 καὶ

2014 4465 2345 4521 desiderium
2385 4462 2620 4516 afferent
2651 4462 2890 4528 dierum,
2950 4466 3151 4534 quibus
3203 4481 3302 4536 ego
3344 4468 3629 4525 vobiscum

298 4571 443 4631 τότε,
485 4570 621 4622 ἀλλὰ
654 4569 832 4622 πάντα
868 4570 924 4617 ἐν
949 4565 1099 4636 δόξῃ,
1151 4563 1602 4635 δορυφορούντων
1632 4559 1903 4627 ἀγγέλων,

299 4665 391 4716 καὶ
440 4664 498 4714 ἐν
531 4664 689 4732 ριπῇ.
748 4655 881 4713 Είτα
919 4658 1106 4726 ἐπειδὴ
1161 4656 1346 4717 αὐτοῖς
1394 4655 1605 4724 φοϐερά
1643 4655 1907 4723 προεῖπεν

294 4759 640 4826 ἀπαντήσειν
665 4798 677 4822 ,
708 4753 1205 4825 παραμυθούμενος
1258 4749 1481 4813 αὐτοὺς,
1517 4749 1612 4800 καὶ
1647 4765 1906 4815 παρακα-

297 4851 410 4904 λῶν
439 4851 703 4922 γενναίως
767 4852 980 4920 φέρειν,
1022 4847 1102 4916 τῷ
1137 4844 1258 4898 καθ’
1301 4845 1496 4897 ἐαυτὸν
1544 4842 1907 4911 ὑποδείγματι

298 4946 462 4998 τοῦτο
491 4943 730 5014 συνιστᾷ.
765 4943 855 5013 Μή
884 4943 993 5013 γὰρ
1022 4941 1364 5011 θαυμάσητε,
1398 4939 1587 5007 φησὶν,
1619 4937 1664 4988 εἰ
1695 4935 1908 5004 συμὸήτ

300 5057 456 5093 σεται
493 5040 621 5109 ὑμῖν
652 5035 884 5090 τοιαῦτα
912 5037 1147 5087 ἐπίπονα
1182 5030 1270 5086 οἶα
1300 5031 1597 5101 ἐπιθυμίαν
1621 5031 1749 5100 ὑμῖν
1773 5029 1911 5097 άγαῑ

299 5132 420 5198 γεῖν
448 5129 548 5198 τῆς
592 5128 708 5198 μετ’
758 5125 894 5196 ἐμοῦ
943 5126 1149 5194 ταύτης
1197 5124 1296 5193 τῆς
1349 5123 1466 5174 νυνι
1503 5119 1906 5188 συνδιαγωγῆς.

302 5222 479 5284 Αὐτὸς
515 5226 623 5291 γὰρ
659 5219 768 5286 ἐγὼ
796 5223 822 5271 ὁ
854 5219 1062 5287 μέλλων
1095 5218 1168 5279 ὡς
1197 5214 1455 5284 ἀστραπὴ
1486 5213 1744 5281 φανῆναι,
1780 5211 1910 5278 πρός

2009 4573 2151 4613 sum.
2198 4557 2332 4610 Nam
2368 4565 2420 4610 ct
2455 4571 2556 4622 ego
2594 4556 2708 4624 ipse
2742 4557 2835 4625 qui
2881 4567 3147 4613 venturus
3196 4575 3317 4614 sum
3349 4561 3488 4616 sicut
3528 4563 3632 4617 l'ul-

2010 4666 2129 4722 gur,
2174 4650 2324 4718 prius
2379 4662 2641 4718 passurus
2698 4647 2867 4702 multa
2943 4651 3432 4722 reprobandusque
3484 4670 3628 4721 sum,

2011 4754 2063 4797 et
2099 4743 2172 4796 ita
2208 4742 2260 4794 in
2295 4741 2469 4812 gloria
2506 4741 2610 4793 ista
2640 4742 2876 4794 veniam.
2912 4743 3091 4812 Atque
3128 4745 3201 4798 ita
3241 4747 3343 4801 hoc
3372 4747 3527 4802 vobis
3560 4752 3633 4804 sit

2010 4836 2384 4893 exstimulatio
2415 4835 2480 4888 ad
2509 4835 2784 4903 patientia:
2819 4836 3101 4900 virtutem,
3132 4848 3186 4892 et
3217 4839 3284 4893 ad
3312 4839 3526 4896 fortiter
3552 4839 3634 4896 fe-

2014 4933 2244 4986 rendum
2282 4929 2494 4983 alacres
2537 4944 2634 4984 vos
2670 4927 2858 4995 faciat,
2891 4931 3017 4982 dum
3060 4931 3111 4984 in
3146 4947 3232 4985 me
3266 4934 3543 5002 respicitis
3578 4945 3633 4988 et

2014 5023 2251 5094 speratis
2282 5040 2294 5075 :
2329 5021 2454 5091 quia
2491 5029 2544 5074 et
2577 5021 2732 5074 vobis
2764 5022 3022 5076 Obveniet
3053 5023 3224 5092 gloria
3259 5041 3324 5078 ex
3348 5026 3632 5095 periculis,

2016 5115 2143 5170 dum
2195 5113 2444 5184 patimini
2493 5120 2547 5166 et
2601 5113 3018 5182 reprobamini,
3072 5119 3533 5184 quemadmodum
3579 5130 3634 5174 et

2018 5210 2175 5265 mihi.

302 5333 464 5386 τερον
515 5315 694 5385 μέλλω
772 5314 966 5366 παθεῖν
1026 5312 1218 5374 πολλὰ,
1269 5313 1364 5362 καὶ
1441 5307 1978 5378 ἀποδοκιμασθῆναι,
2023 5303 2118 5356 καὶ
2164 5301 2339 5365 οὕτως
2390 5301 2448 5355 ἐν
2506 5301 2573 5371 τῇ
2621 5297 2750 5370 δόξῃ
2807 5297 2980 5368 ταύτῃ
3036 5299 3234 5355 ἐλθεῖν.
3271 5300 3436 5354 Ὥστε
3477 5303 3631 5356 τοῦτο

1261 5450 1344 5507 Ex
1383 5446 1734 5508 collatione
1776 5445 1963 5506 codd.
2008 5444 2239 5504 Venet.
2284 5443 2348 5502 S.
2385 5439 2612 5501 Marci.

383 5580 458 5646 l8)
485 5578 620 5633 Cod.
654 5577 746 5640 9.6,
795 5578 926 5646 Περὶ
954 5571 1020 5646 ἧς
1067 5573 1242 5646 οὐδεὶς
1295 5572 1587 5642 ἐκήρυξεν.
1642 5571 1698 5623 '0
1727 5571 1783 5622 δέ
1813 5572 1909 5646 άν-

305 5642 594 5721 τιστρέφει
626 5651 812 5708 αὐτοῖς
856 5642 946 5699 τὸν
979 5642 1323 5711 ’κατάγελων
1351 5685 1363 5708 ,
1403 5646 1722 5721 δεικνὺς-,κ
1768 5661 1817 5721 τ.

313 5741 334 5776 ι
376 5716 450 5776 De
483 5716 590 5791 quo
623 5721 800 5773 nullus
830 5719 1240 5788 prtedicavernt.
1280 5719 1346 5768 At
1392 5719 1506 5782 ipse
1539 5716 1741 5791 iu_i_llo_s
1780 5716 1909 5767 irri-

308 5787 521 5849 siouetn
565 5787 860 5857 convertit,
908 5791 1224 5855 ostendens,
1289 5808 1302 5837 θ
1356 5798 1464 5843 etc.
1503 5817 1570 5826 ν-
1609 5787 1760 5840 L‘nde
1803 5802 1908 5842 non

2016 5569 2158 5624 male
2191 5567 2425 5622 habebat
2452 5568 2582 5622 edit.
2610 5567 2732 5622 Litt.
2756 5569 2876 5623 illos
2903 5571 3142 5623 inrisum
3188 5570 3443 5623 convertit
3473 5583 3490 5621 :
3515 5584 3633 5637 quae

2016 5641 2179 5694 verba
2216 5641 2435 5692 sustulit
2473 5652 2752 5693 corrector
2781 5640 3021 5695 Venetus
3052 5645 3323 5709 quodnon
3352 5647 3630 5693 exstarent

2019 5714 2071 5792 in
2108 5719 2259 5838 texunt
2313 5709 2504 5767 Graeco
2542 5753 2556 5779 ,
2582 5715 2674 5782 qui
2708 5714 2892 5782 potius
2928 5729 3023 5783 per
3057 5712 3472 5768 lianc-codicem
3506 5726 3628 5765 co:-

2019 5800 2170 5838 rtucu
2217 5799 2279 5837 us
2311 5791 2411 5836 est.

2019 5796 2279 5854 rtgcudus
2311 5796 2411 5836 εει.
