4000 6394
450 251 559 317 995

1311 247 1863 310 THEOPHYLACT
1868 247 1894 308 Ι
1943 247 2356 309 BULGARIrE
2394 251 2754 314 ARCHIEP.

3633 251 3738 314 996

452 364 580 434 ὑμῖν
613 359 755 414 ἓστω
802 360 882 424 εἰς
934 356 1278 432 παράκλησιν
1329 357 1444 430 ’τὴν⁸
1486 357 1623 428 πρὸς
1672 357 1894 428 ἀρετὴν,
1937 358 2538 427 κα“ιπροθυμοποιείτω
2587 362 2733 431 ὑμᾶς
2784 362 2864 424 εἰς
2927 361 2990 414 τὸ
3034 363 3346 434 καρτερεῖν.
3380 361 3443 416 τ’)
3522 363 3737 435 ἀφορᾷν

451 455 652 528 δηλαδὴ
686 454 820 527 πρὸς
864 453 985 524 ἐμὲ,
1017 452 1110 505 xui.
1147 450 1409 516 ἐλπίζειν,
1443 451 1526 505 ὅτι
1560 453 1656 506 καὶ
1696 451 1826 522 ὑμῖν
1855 453 1888 522 ἡ
1919 451 2049 516 δόξα
2084 453 2147 507 ἐκ
2180 453 2271 506 τοῦ
2314 454 2593 536 κινδύνου-ς
2627 454 2824 508 παθεῖν
2888 455 2982 510 καὶ
3011 455 3520 526 ἀποδοκιμασθῆναι
3581 473 3740 527 περι·

457 552 761 620 γενήσεται,
794 549 980 616 ὥσπερ
1009 546 1100 599 οὖν
1133 548 1226 599 xui.
1255 547 1399 616 ἐμοί.

524 648 687 702 Vens.
714 645 902 700 26-30.
943 663 960 697 ι
999 644 1060 698 Et
1088 646 1232 700 sicut
1258 644 1456 698 accidit
1488 645 1539 696 in
1574 643 1766 698 diebus
1797 642 1928 709 Noe,
1962 644 2036 698 ita
2069 654 2116 711 Α

453 741 560 795 erit
610 748 663 793 et
724 740 911 793 diebus
944 737 1060 792 Filii
1127 737 1382 792 hominis.
1438 735 1705 804 Edebant,
1763 737 2041 804 bibebam,

455 843 651 886 uxores
676 830 968 894 ducebant,
1003 839 1057 883 et
1087 829 1354 883 dabantur
1376 837 1600 896 nuptum
1629 829 1693 881 ad
1724 843 1845 883 eum
1873 843 2043 897 usque

454 923 622 986 diem,
654 937 762 989 quo
796 919 910 974 Noe
970 922 1020 974 in
1068 936 1250 975 arcam
1296 920 1521 974 intravit
1559 931 1657 975 :et
1707 921 1852 975 venit
1904 920 2044 975 dilu-

458 1015 626 1078 vium,
673 1023 727 1069 et
765 1014 1003 1084 perdidit
1036 1029 1242 1069 omnes.
1282 1013 1656 1068 Consimiliter
1694 1015 1855 1070 etiam
1900 1015 2042 1069 sicut

455 1109 653 1161 accidit
683 1108 736 1160 in
773 1107 960 1160 diebus
991 1105 1110 1160 Lot.
1145 1105 1410 1172 Edebant,
1439 1106 1718 1171 bibebant,
1765 1110 2036 1171 emebant,

458 1200 786 1263 vendebant,
839 1199 1175 1267 plantahant,
1212 1196 1554 1250 aediﬁcabant
1591 1216 1603 1252 :
1637 1207 1890 1252 cauerunt
1933 1214 2041 1266 quo

454 1291 539 1345 die
569 1291 701 1344 exiit
727 1287 828 1343 Lot
861 1304 892 1344 e
937 1288 1192 1342 Sodomis
1247 1288 1380 1357 pluit
1414 1289 1523 1358 igni
1576 1299 1631 1343 et
1677 1291 1936 1359 sulphure
1975 1292 2041 1345 de

453 1383 608 1446 coelo,
649 1392 701 1436 et
746 1397 934 1436 omnes
989 1381 1244 1452 perdidit.
1287 1379 1592 1436 Secundum
1628 1383 1741 1435 hazc
1772 1382 1877 1436 erit
1923 1382 2040 1436 dies

452 1490 560 1543 quo
603 1471 774 1528 Filius
831 1473 1067 1528 hominis
1105 1473 1450 1529 revelabitur.
1499 1491 1515 1522 ι
1565 1474 1630 1527 Ει
1677 1488 1770 1542 per
1805 1476 1918 1528 haec
1956 1489 2042 1529 re-

453 1573 730 1639 pentinum
768 1579 822 1623 et
853 1570 1284 1637 inexspectatum
1332 1584 1488 1622 suum
1525 1569 1812 1622 adventum
1862 1578 2041 1623 osten-

455 1662 553 1714 dit.
587 1658 720 1712 Nam
750 1658 890 1713 sicut
923 1659 1260 1727 temporibus
1308 1657 1422 1713 Noe
1455 1669 1678 1729 repente
1710 1659 1857 1713 venit
1907 1660 2043 1714 dilu-

451 1752 621 1816 vium,
657 1763 713 1806 et
750 1751 970 1805 abstulit
1001 1766 1197 1806 omnes
1229 1792 1243 1814 ,
1277 1752 1349 1805 ita
1384 1753 1488 1806 erit
1519 1763 1572 1806 et
1599 1753 1860 1808 adventus
1901 1751 2036 1820 ejus.

452 1844 764 1897 lusiuuatur
804 1850 982 1896 autem
1040 1858 1135 1912 per
1169 1844 1417 1913 exempla
1461 1843 1574 1898 haec
1621 1845 1807 1898 diluvii
1853 1855 1906 1899 et
1939 1845 2040 1898 So-

455 1936 700 1992 domitici
754 1936 1007 2001 incendii,
1041 1937 1212 2005 quod,
1243 1953 1364 1990 cum
1401 1938 1616 1991 venerit
1648 1939 2037 2004 Antichristus,

2224 665 2242 698 ι
2284 644 2394 697 Καὶ
2440 640 2624 704 καθὼς
2671 641 2889 709 ἐγένετο
2930 641 2987 692 ἐν
3016 642 3138 702 ταῖς
3184 639 3420 709 ἡμέραις
3461 634 3556 691 τοῦ
3589 635 3735 700 Νῶε,

2146 737 2316 802 οὕτως
2355 737 2508 788 ἐσται
2557 733 2649 788 xui
2682 733 2740 785 ἐν
2770 733 2889 793 ταῖς
2922 731 3160 802 ἡμέραις
3203 729 3296 783 τοῦ
3329 729 3461 782 Υἰοῦ
3511 727 3607 781 τοῦ
3641 732 3734 782 ἀνα

2147 830 2365 900 θρώπου
2389 843 2402 856 ·
2435 827 2621 895 ἡσθιον
2661 825 2755 878 xui.
2805 823 3009 886 ἔπινον,
3045 821 3285 891 ἐγάμουν
3349 823 3445 873 xu‘:
3483 819 3740 888 ἐξεγαμί-

2146 921 2322 985 ζοντο,
2355 919 2486 988 ἄχρι
2519 913 2586 988 ἦς
2618 916 2834 986 ἡμέρας
2887 913 3106 984 εἰσῆλθε
3151 912 3274 967 Νῶε
3315 915 3395 976 εἰς
3423 913 3526 982 τὴν
3573 912 3740 966 κιδω-

2144 1015 2261 1080 τὸν,
2295 1013 2388 1065 καὶ
2418 1007 2582 1081 ἦλθεν
2611 1013 2638 1062 6
2668 1006 3076 1077 κατακλυσμὸς,
3115 1005 3209 1059 xui.
3244 1004 3531 1059 ἀπώλεσεν
3562 1004 3735 1058 ᾶπαν-

2143 1124 2263 1168 τας.
2305 1103 2538 1173 Ὁμοίως
2567 1103 2660 1155 καὶ
2692 1101 2768 1163 ῶς
2803 1099 3022 1168 ἐγένετο
3053 1100 3110 1151 ἐν
3162 1100 3284 1162 ταῖς
3316 1099 3560 1169 ἡμέραις
3589 1095 3735 1160 Λὼτ,

2146 1199 2354 1269 ἡσθιον,
2400 1195 2606 1258 ἔπινον,
2637 1194 2930 1264 ἡγόραζον,
2968 1191 3230 1256 ἐπώλουν,
3270 1193 3562 1260 ἐφύτευον,
3598 1190 3739 1260 ᾠκο-

2145 1289 2361 1357 δόμουν,
2481 1286 2536 1339 δὲ
2567 1283 2751 1356 ἡμέρᾳ
2797 1282 2989 1350 ἐξῆλθε
3022 1279 3147 1334 Λὼτ
3185 1281 3294 1335 ἀπὸ
3339 1280 3616 1347 Σοδόμων,
3646 1278 3741 1330 καὶ

2145 1375 2331 1446 ἔϐρεξε
2365 1374 2476 1445 πῦρ
2542 1375 2638 1427 καί
2689 1373 2828 1426 θεῖον
2876 1372 2973 1425 ἀπ’
3013 1371 3267 1442 οὐρανοῦ,
3315 1372 3410 1423 καὶ
3455 1370 3741 1423 ἀπώλεσεν

2145 1470 2411 1530 ἅπαντας.
2445 1466 2603 1520 Κατὰ
2625 1467 2799 1519 ταῦτα
2838 1465 2990 1518 ἔσται
3087 1465 3273 1535 ἡμέρᾳ
3301 1466 3328 1516 6
3359 1464 3487 1525 Υἰὸς
3519 1463 3616 1516 τοῦ
3651 1464 3738 1514 ἀν-

2147 1560 2364 1629 θρώπου
2404 1559 2868 1612 ἀποκαλύπτεται.
2907 1577 2924 1610 ί
2959 1559 3069 1611 Καὶ
3100 1557 3187 1610 διὰ
3215 1556 3423 1610 τούτων
3455 1557 3514 1608 τὸ
3557 1555 3742 1624 αἰφνί-

2144 1653 2255 1704 διον
2328 1651 2422 1704 καὶ
2475 1651 2887 1722 ἀπροσδόκητον
2938 1651 3036 1720 τῆς
3089 1650 3254 1703 αὑτοῦ
3305 1649 3610 1720 παρουσίας
3652 1651 3740 1700 ἐν-

2144 1745 2437 1798 δείκνυται.
2468 1743 2681 1814 Ὥσπερ
2708 1744 2816 1812 γὰρ
2851 1743 2946 1794 ἐπ)⁵
2979 1741 3071 1794 τοῦ
3115 1742 3238 1794 Νῶε
3270 1741 3534 1810 ἐξαίφνης
3576 1737 3743 1812 ἦλθεν

2145 1841 2171 1890 6
2203 1837 2612 1907 κατακλυσμὸς,
2655 1837 2750 1890 καὶ
2778 1833 2914 1907 ἦρεν
2945 1839 3212 1900 ἅπαντας,
3253 1836 3427 1899 οὕτως
3461 1837 3616 1890 ἕσται
3643 1838 3742 1889 καὶ

2144 1931 2176 2000 ἡ
2231 1929 2503 2000 παρουσία
2564 1927 2752 1980 αὐτοῦ.
2793 1927 3098 1981 Αἰνίττεται
3141 1927 3198 1979 δέ
3237 1925 3328 1980 διὰ
3386 1927 3496 1979 τῶν
3525 1927 3746 1980 ὑποδει-

452 2026 657 2080 illicita:
693 2025 996 2094 voluptates
1032 2027 1083 2078 in
1124 2026 1434 2081 hominibus
1485 2028 1812 2093 increscent,
1848 2039 1898 2082 et
1929 2030 2040 2082 dis-

2151 2020 2370 2088 γμάτων
2401 2018 2632 2086 τούτων,
2660 2017 2754 2070 τοῦ
2805 2035 2862 2071 τε
2893 2017 3005 2070 τῶν
3053 2017 3195 2070 κατὰ
3227 2019 3316 2070 τὸν
3350 2019 3744 2088 κατακλυσμὸν

452 2117 612 2171 soluti
666 2127 847 2183 erunt,
882 2117 1089 2171 deliciis
1134 2129 1387 2173 vacantes
1425 2138 1439 2174 :
1476 2120 1525 2174 id
1561 2121 1702 2189 quod
1733 2129 1788 2174 et
1814 2122 2044 2190 Aposto-

451 2207 536 2263 lus
589 2207 751 2274 dixit,
798 2211 940 2278 quod
978 2211 1028 2262 in
1075 2214 1334 2267 extremis
1371 2215 1703 2282 temporibus
1738 2221 1899 2267 erunt
1935 2213 2040 2269 ho-

456 2300 634 2352 mines
693 2298 1054 2368 voluptatum,
1104 2301 1280 2368 magis
1329 2315 1491 2370 quam
1537 2301 1630 2354 Dei
1685 2303 2040 2357 amatores".

451 2391 518 2446 Et
551 2391 750 2445 merito
799 2394 848 2444 in
897 2407 1062 2460 regno
1099 2394 1402 2459 deceptoris
1434 2394 1699 2449 ﬂorebunt
1729 2394 1890 2448 mala.
1926 2395 2042 2448 Erit

452 2483 593 2537 enim
642 2483 731 2537 ille
769 2485 972 2551 peccati
1013 2495 1067 2537 et
1119 2484 1340 2539 malitia:
1373 2487 1550 2539 omnis
1602 2487 1812 2541 sentina
1852 2505 1864 2541 :
1901 2488 2040 2540 unde

450 2591 611 2645 quant
661 2575 824 2628 aliam
862 2576 1103 2644 ttuliliam
1153 2586 1206 2631 el
1249 2580 1411 2631 vitam
1447 2579 1664 2632 iuveltet
1714 2579 2039 2633 miserandae

453 2677 580 2722 tunc
608 2668 890 2721 hominum
920 2669 1282 2735 generationi,
1320 2686 1479 2739 quam
1511 2671 1734 2725 omnino
1763 2686 1882 2726 eam
1921 2686 2041 2740 quae

451 2759 526 2814 illi
587 2760 844 2829 propria?
879 2775 942 2814 ex
981 2761 1194 2828 impuro
1242 2762 1385 2815 enim
1443 2763 1572 2832 quid
1626 2763 2043 2832 puriﬁcabitur?

448 2854 624 2906 Erunt
659 2864 788 2907 tunc
821 2854 1071 2908 homines
1104 2855 1154 2908 in
1183 2856 1439 2909 omnibus
1473 2856 1703 2923 deliciis,
1731 2857 1873 2911 sicut
1905 2867 2044 2912 tem-

449 2945 674 3014 poribus
705 2945 838 3011 Noe,
867 2955 920 3000 et
951 2946 1082 2999 nihil
1109 2962 1272 3016 grave
1307 2947 1674 3002 formidabuut
1702 2967 1716 3003 :
1745 2950 1838 3004 sed
1863 2964 2039 3019 neque

451 3039 674 3090 credent
713 3039 756 3092 si
788 3037 912 3108 quis
948 3038 1053 3092 illis
1085 3040 1152 3092 de
1184 3040 1504 3106 quibusdam
1539 3041 1782 3095 adversis
1815 3053 2039 3096 eventu-

453 3130 528 3183 ris
573 3129 740 3193 dicet;
793 3132 935 3183 sicut
988 3138 1041 3182 et
1097 3128 1149 3182 bi
1182 3129 1272 3197 qui
1327 3131 1664 3200 temporibus
1711 3130 1824 3185 Noe
1856 3141 1910 3186 et
1941 3131 2042 3185 Lot

454 3219 691 3272 luerunt.

450 3315 864 3382 ἀπιστήσουσιν,
892 3313 985 3366 ἐάν
1010 3329 1093 3374 τις
1116 3312 1300 3376 αὐτοῖς
1327 3313 1454 3383 περί
1495 3330 1656 3367 τινων
1681 3313 2119 3384 συμϐησομένων
2151 3313 2432 3385 δυσχερῶν
2491 3315 2646 3385 λέγῃ,
2679 3316 2998 3387 ὥσπερκαὶ
3032 3319 3080 3369 οἱ
3110 3316 3206 3369 ἐπὶ⁵
3247 3315 3343 3368 τοῦ
3412 3316 3538 3369 Νῶε
3567 3360 3581 3383 ,

452 3406 501 3455 οἱ
529 3406 617 3456 ἐπὶ
649 3405 742 3456 τοῦ
768 3403 914 3457 Λώτ.

528 3496 692 3550 Vens.
731 3496 925 3549 31-55.
967 3506 983 3546 δ
1025 3497 1080 3550 ln
1111 3497 1201 3550 illo
1235 3497 1322 3551 die
1354 3496 1442 3566 qui
1479 3496 1641 3551 fuerit
1677 3497 1728 3551 in
1760 3505 1936 3564 tecto,
1988 3507 2042 3553 et
2072 3502 2113 3562 C

453 3604 578 3642 Vasa
618 3587 734 3655 ejus
798 3590 850 3642 in
924 3591 1106 3655 domo,
1163 3606 1229 3642 ne
1277 3591 1567 3644 descendat
1619 3590 1685 3644 ad
1750 3591 2044 3645 tollendum

456 3686 546 3738 illa
579 3702 590 3736 :
623 3695 675 3738 et
707 3686 796 3753 qui
830 3685 884 3737 in
919 3700 1072 3754 agro,
1101 3685 1351 3738 similiter
1380 3701 1489 3739 non
1523 3686 1706 3740 redeat
1735 3688 1800 3740 ad
1831 3687 2044 3742 relicta.

456 3775 722 3830 Memores
779 3785 953 3831 estote
1002 3777 1189 3831 uxoris
1245 3775 1369 3830 Lot.
1408 3775 1732 3847 Quicunque
1773 3779 2050 3847 qntesierit

456 3867 691 3919 animam
730 3882 886 3919 suam
921 3882 1158 3930 servare,
1200 3867 1387 3936 perdet
1417 3867 1559 3920 illam
1604 3888 1616 3920 :
1653 3877 1708 3922 et
1737 3869 2046 3937 quicunque

457 3960 758 4028 perdiderit
814 3960 983 4022 illam,
1043 3960 1206 4011 vitam
1266 3959 1340 4011 illi
1378 3959 1611 4027 parabit.
1657 3976 1675 4009 ι
1710 3957 1764 4011 In
1812 3960 1903 4014 illa
1960 3960 2048 4014 die

455 4051 716 4103 adventus
761 4049 1104 4111 Antichristi,
1167 4051 1213 4102 is
1257 4050 1346 4117 qui
1400 4048 1563 4103 fuerit
1617 4064 1780 4118 super
1814 4057 2042 4114 tectum,

457 4141 556 4193 hoc
613 4151 693 4194 est
740 4143 791 4194 in
827 4143 1054 4195 summis
1081 4141 1391 4206 virtutibus,
1429 4157 1495 4194 ne
1527 4142 1839 4207 descendat,
1867 4156 2045 4210 neque

455 4233 662 4287 abillis
715 4235 948 4288 desistat
1000 4235 1299 4302 cujuspiam
1359 4235 1675 4300 temporalis
1732 4237 1806 4289 rei
1845 4238 2038 4302 gratia.

457 4325 648 4381 Omnia
684 4328 826 4380 enim
863 4326 1178 4395 temporalia
1223 4328 1338 4380 hare
1383 4342 1510 4382 vasa
1551 4328 1806 4382 dicuntur
1841 4307 2044 4382 homini

455 4418 814 4481 ceuferentia,
868 4419 954 4471 alii
1005 4419 1219 4487 quidem
1263 4419 1327 4471 ad
1362 4419 1640 4484 virtutem,
1688 4420 1775 4472 alii
1817 4435 1944 4473 vero
1976 4421 2043 4474 ad

457 4511 742 4562 malitiam.
809 4511 972 4577 Igitur
1006 4511 1097 4578 qui
1143 4512 1193 4562 in
1227 4512 1456 4565 summis
1494 4521 1577 4566 est
1627 4512 1941 4578 virtutibus,
1975 4527 2044 4567 ne

454 4598 618 4669 430
661 4601 956 4652 descendat
1003 4607 1220 4667 propter
1253 4600 1552 4668 temporale
1596 4601 1832 4668 aliquod,
1863 4614 1914 4654 et
1947 4618 2044 4656 ex-

456 4690 600 4734 cidat
629 4698 656 4735 a
705 4697 801 4734 suo
853 4681 1068 4750 fastigio
1100 4724 1114 4747 ,
1153 4682 1245 4735 sed
1296 4686 1514 4737 resistat
1566 4685 1803 4748 malitiae,
1841 4695 1895 4740 et
1936 4702 2039 4740 non

458 4774 843 4828 demulceatur.
880 4775 942 4827 Et
977 4777 1019 4828 is
1045 4776 1137 4843 qui
1174 4777 1225 4829 in
1254 4791 1406 4845 agro,
1438 4776 1688 4830 similiter
1716 4795 1818 4832 non
1859 4796 2037 4835 rever-

460 4872 602 4916 tatur
628 4864 691 4917 ad
721 4879 780 4916 ea
811 4880 928 4931 qua:
955 4875 1076 4934 post
1112 4873 1187 4920 se;
1226 4867 1356 4920 Nam
1390 4884 1533 4932 eum,
1565 4869 1656 4938 qui
1691 4870 1743 4922 in
1776 4886 1904 4939 agro
1933 4883 2036 4937 est,
2074 4846 2116 4900 D

459 4956 557 5009 hoc
590 4963 672 5009 est
717 4961 936 5021 mundo,
974 4970 1027 5013 ct
1057 4970 1314 5027 operatur
1375 4963 1654 5026 virtutem,
1691 4979 1792 5017 non
1827 4975 2042 5032 oportet

458 5047 652 5100 reverti
698 5046 763 5101 ad
792 5063 852 5101 ea
880 5065 997 5116 qua:
1032 5062 1147 5116 post
1185 5067 1261 5116 se,
1292 5054 1383 5105 sed
1438 5055 1614 5122 urgeri
1648 5055 1714 5107 ad
1749 5057 2038 5110 anteriora.

457 5131 587 5185 Nam
645 5135 784 5189 sicut
841 5138 950 5190 alio
1005 5139 1121 5190 low
1173 5143 1348 5193 dicit:
1386 5160 1402 5192 ε
1441 5141 1627 5197 Nullus
1676 5145 1766 5212 qui
1824 5161 2041 5199 manum

459 5239 607 5276 suam
635 5226 697 5277 ad
735 5239 971 5282 aratrum
1001 5232 1185 5295 mittit,
1214 5244 1264 5285 et
1291 5249 1584 5289 conversus
1609 5248 1692 5290 est
1717 5250 2036 5306 retrorsum,

459 5316 678 5370 idoneus
709 5328 790 5372 est
835 5323 898 5374 ad
959 5339 1180 5393 regnum
1208 5325 1467 5381 ccelorum
1503 5329 1591 5393 “7;
1636 5349 1651 5380 ι
1698 5330 1852 5384 aﬂert
1914 5333 2039 5384 item

455 5415 755 5483 exemplum
793 5420 1030 5473 mulieris
1061 5422 1179 5482 Lot.
1207 5441 1346 5491 quae,
1380 5442 1498 5480 cum
1531 5443 1788 5483 Conversa
1832 5439 1913 5485 est
1955 5446 2040 5485 re-

461 5509 639 5570 tro,in
676 5519 906 5564 statuam
958 5515 1086 5570 salis
1129 5519 1313 5588 riguit,
1369 5521 1469 5574 hoc
1527 5536 1628 5588 σει,
1679 5539 1784 5580 non
1823 5528 1958 5582 exiit
2012 5544 2036 5581 a

533 5684 576 5715 ⁶⁶
615 5685 651 5738 11
679 5687 817 5746 Tim.
845 5705 925 5754 In,
952 5693 1002 5746 ιί.
1081 5695 1124 5726 ⁸⁷
1204 5697 1327 5753 Luc.
1366 5718 1438 5764 Ix,
1469 5707 1556 5755 0'3.

2147 2113 2470 2185 ἀνθρώπων,
2507 2115 2602 2166 καί
2645 2111 2740 2166 τοῦ
2787 2111 2897 2164 τῶν
2932 2112 3265 2183 Σοδομιτῶν,
3305 2114 3386 2166 ὅτι
3418 2111 3514 2165 τοῦ
3562 2114 3744 2164 Ἀντι-

2146 2206 2367 2278 χρίστου
2410 2203 2682 2267 ἐλθόντος,
2718 2204 2786 2256 τὰ
2815 2204 2927 2256 τῶν
2956 2205 3175 2259 ἀτόπων
3214 2205 3418 2275 ἡδονῶν
3452 2204 3745 2274 ἐπιθήσον-

2145 2317 2233 2352 ται
2257 2301 2366 2363 τοῖς
2395 2297 2726 2368 ἀνθρώποις,
2752 2298 2849 2351 καὶ
2871 2298 3059 2367 λάγνοι
3085 2299 3320 2361 ἔσονται,
3358 2298 3454 2352 καὶ
3477 2298 3743 2367 ἀθέσμοις

2143 2392 2358 2463 ἡδοναῖς
2385 2391 2767 2457 ἐκδεδωκότες,
2789 2392 2924 2463 ὅπερ
2955 2390 3018 2461 δὴ
3049 2393 3143 2444 καὶ
3167 2394 3194 2444 6
3219 2391 3548 2454 Ἀπόστολος
3562 2387 3742 2454 εἶπεν,

2142 2489 2225 2541 ὅτι
2266 2489 2323 2538 ἐν
2373 2487 2495 2548 ταῖς
2543 2485 2800 2555 ἐσχάταις
2840 2483 3079 2554 ἡμέραις
3113 2483 3327 2537 ἔσονται
3363 2486 3410 2536 οἰ
3462 2484 3743 2554 ἄνθρωποι

2142 2578 2416 2648 φιλήδονοι
2471 2577 2695 2647 μᾶλλον,
2749 2577 2782 2647 ἢ
2819 2575 3089 2646 φιλόθεον
3128 2577 3223 2629 καὶ
3266 2576 3492 2637 εἰκότως
3516 2577 3611 2628 ἐπὶ
3643 2575 3744 2645 τῆς

2145 2670 2422 2741 βασιλείας
2463 2668 2553 2722 τοῦ
2581 2667 2784 2722 πλάνου
2823 2667 3046 2738 ἀνθήσει
3077 2667 3147 2720 τὰ
3181 2667 3348 2720 κακά·
3383 2668 3483 2737 τῆς
3511 2669 3624 2737 γὰρ
3647 2684 3744 2720 ποι

2145 2765 2338 2835 νηρίας
2372 2762 2469 2816 καὶ
2517 2762 2697 2830 πάσης
2724 2760 3000 2831 ἁμαρτίας
3033 2759 3378 2828 καταγώγιον
3405 2758 3480 2812 ὣν
3507 2761 3742 2826 ἐκεῖνος,

2143 2857 2196 2909 τί
2231 2858 2359 2909 ἄλλο
2388 2853 2847 2926 ἐμπολιτεύεσθαι
2871 2855 3116 2922 ποιήσειε
3145 2856 3210 2922 τῇ
3245 2854 3451 2924 ἐλεεινῇ
3485 2854 3596 2904 τῶν
3619 2853 3743 2905 τότε

2148 2945 2452 3017 ἀνθρώπων
2503 2947 2687 3016 γενεᾷ,
2746 2946 2778 3016 ἡ
2826 2946 3046 3008 πάντως
3087 2945 3156 2997 τά
3221 2945 3396 2998 οἰκεῖα
3442 2943 3628 3014 uili-up;
3683 2943 3746 3008 ἐξ

2149 3040 2462 3109 ἀκαθάρτου
2533 3041 2641 3109 γὰρ
2693 3039 2746 3092 τί
2785 3039 3285 3110 καθαρισθὴσεται;
3342 3040 3602 3092 Ἔσονται
3647 3037 3745 3092 οὖν

2149 3131 2451 3200 τηνικαῦτα
2491 3132 2539 3182 οἰ
2572 3130 2852 3200 ἄνθρωποι
2890 3133 2946 3183 ἐν
2978 3130 3128 3202 πάσῃ
3170 3132 3372 3201 τρυφῇ,
3425 3129 3620 3199 ὥσπερ
3649 3131 3746 3182 ἐπὶ

2151 3221 2245 3274 τοῦ
2282 3222 2427 3285 Νῶε,
2470 3222 2563 3274 xui.
2591 3222 2742 3276 οὐδὲν
2789 3223 3052 3294 δυσχερὲς
3088 3225 3422 3285 ἐλπίσουσιν,
3458 3224 3600 3276 ἀλλά
3648 3226 3747 3279 καὶ

3648 3317 3746 3371 καὶ

2223 3517 2242 3549 ι
2291 3497 2378 3550 Ἐν
2407 3495 2592 3567 εκείνῃ
2617 3499 2682 3567 τῇ
2717 3497 2901 3568 ἡμέρᾳ
2930 3496 2988 3562 ὃς
3026 3497 3180 3552 ἔσται
3214 3499 3304 3552 ἐπὶ
3335 3499 3429 3553 τοῦ
3465 3500 3743 3572 δώματος,

2149 3591 2242 3645 καὶ
2272 3589 2338 3642 τὰ
2364 3589 2539 3660 σκεύη
2569 3589 2733 3641 αὑτοῦ
2775 3591 2832 3641 ἐν
2863 3593 2928 3661 τῇ
2958 3591 3128 3662 οἰκίᾳ,
3168 3592 3242 3663 μὴ
3283 3593 3582 3648 καταϐάτω
3613 3591 3745 3663 ἆραι

2150 3683 2310 3735 αὑτά.
2346 3683 2455 3735 Καὶ
2488 3683 2516 3734 6
2555 3683 2612 3734 ἐν
2636 3681 2713 3753 τῷ
2743 3682 2898 3752 ἀγρῷ
2955 3684 3180 3753 ὁμοίως,
3240 3686 3315 3755 μὴ
3356 3687 3745 3755 ἐπιστρεψάτω

2151 3779 2230 3840 εἰς
2261 3779 2328 3829 τὰ
2361 3777 2564 3830 ὀπίσω.
2608 3777 2996 3845 Μνημονεύετε
3035 3781 3133 3846 τῆς
3163 3780 3424 3847 γυναικὸς
3465 3782 3610 3835 Λώτ.
3649 3785 3746 3848 Ὃς

2151 3867 2247 3920 ἐὰν
2273 3869 2484 3939 ζητήσῃ
2512 3868 2607 3937 τὴν
2632 3868 2810 3938 ψυχὴν
2841 3869 3006 3921 αὐτοῦ
3040 3871 3231 3937 σῶσαι,
3261 3873 3518 3928 ἀπολέσει
3549 3877 3743 3946 αὐτὴν,

2150 3963 2243 4014 καὶ
2276 3961 2334 4023 ὃς
2361 3959 2425 4012 ἂν
2456 3960 2696 4031 ἀπολέσῃ
2730 3961 2922 4029 αὐτὴν,
2973 3962 3300 4033 ζωογονήσει
3346 3966 3540 4036 αὐτήν.
3594 3987 3611 4019 ι
3657 3969 3747 4022 Ἐν

2150 4053 2334 4125 ἐκείνῃ
2375 4055 2440 4122 τῇ
2474 4052 2655 4123 ἡμέρᾳ
2700 4054 2798 4122 τῆς
2828 4053 2921 4107 τοῦ
2971 4055 3341 4125 Ἀντιχρίστου
3379 4061 3687 4127 παρουσίας
3718 4063 3746 4113 6

2151 4145 2224 4199 ὢν
2254 4147 2347 4198 ἐπὶ
2373 4146 2466 4199 τοῦ
2494 4146 2766 4216 δώματος,
2794 4148 3040 4201 τουτέστι
3085 4152 3177 4202 τοῦ
3208 4149 3374 4220 ὕψους
3397 4154 3494 4222 τῆς
3521 4154 3745 4222 ἀρετῆς,

2155 4238 2230 4308 μὴ
2276 4237 2592 4301 καταϐάτω,
2644 4239 2777 4308 μηδέ
2805 4241 3062 4311 ὑφεθὴτω
3109 4242 3219 4294 ἀπὸ
3261 4244 3467 4312 ταύτης
3507 4246 3596 4298 διά
3625 4263 3746 4298 τινα

2152 4331 2428 4398 πρόφασιν
2471 4330 2753 4399 βιωτικήν.
2801 4333 2986 4386 Πάντα
3015 4333 3124 4406 γὰρ
3158 4334 3225 4386 τὰ.
3273 4333 3528 4403 βιωτικὰ,
3575 4338 3743 4408 σκεύη

2151 4426 2404 4492 λέγονται
2454 4421 2594 4478 εἶναι
2624 4428 2700 4496 τῷ
2750 4429 3046 4500 ἀνθρώπῳ,
3082 4430 3228 4501 ἄλλῳ
3261 4432 3360 4500 μὲν
3401 4432 3483 4496 εἰς
3518 4435 3744 4504 ἀρετὴν,

2151 4520 2295 4588 ἄλλῳ
2325 4519 2381 4570 δὲ
2437 4521 2514 4582 εἰς
2552 4520 2750 4573 κακίαν
2779 4523 3218 4592 συμϐαλλόμενα.
3260 4526 3350 4593 Μὴ
3375 4526 3561 4579 τοίνυν
3596 4530 3624 4580 6
3654 4530 3745 4580 ἐπὶ

2150 4609 2242 4661 τοῦ
2282 4609 2447 4680 ὕψους
2477 4610 2575 4682 τῆς
2619 4613 2822 4682 ἀρετῆς
2862 4615 3172 4684 ἱστάμενος,
3223 4616 3524 4669 καταϐάτω
3558 4618 3647 4671 διά
3697 4636 3748 4670 τι

2152 4701 2430 4771 βιωτικδν,
2491 4705 2585 4758 xui.
2633 4706 2960 4761 ἀποπεσέτω
3021 4707 3116 4761 τοῦ
3160 4710 3362 4762 οἰκείου
3395 4709 3587 4778 ὕψους,
3632 4713 3745 4766 ἀλλ’

2149 4793 2394 4862 ἐνστήτω
2441 4795 2579 4861 πρὸς
2629 4796 2727 4865 τὴν
2783 4797 3008 4860 κακίαν,
3050 4800 3142 4851 xui.
3185 4802 3260 4869 μὴ
3325 4802 3742 4873 μαλακισθὴτω.

2149 4885 2259 4937 Καὶ
2296 4884 2324 4933 6
2373 4887 2428 4936 ἐν
2471 4885 2548 4955 τῷ
2595 4887 2750 4957 ἀγρῷ
2795 4891 2996 4959 ὁμοίως
3054 4892 3127 4961 μὴ
3155 4894 3542 4963 ἐπιστρεψάτω
3575 4900 3652 4959 εὶς
3683 4900 3746 4950 τα

2150 4976 2348 5026 ὀπίσω⁴
2377 4977 2466 5028 τὸν
2501 4978 2609 5048 γὰρ
2627 4979 2683 5031 ἐν
2710 4980 2786 5050 τῷ
2823 4981 3000 5052 ἀγρῷ,
3032 4983 3107 5052 τῷ
3141 4985 3329 5053 κόσμῳ
3362 4987 3561 5054 τούτῳ,
3586 4990 3745 5055 ἐργα-

2163 5068 2205 5113 ir
2225 5085 2382 5135 μενον
2415 5069 2509 5138 τὴν
2540 5072 2738 5142 ἀρετὴν
2770 5074 2830 5125 οὺ
2859 5075 2938 5126 δεῖ
2963 5077 3313 5145 ἐπιστρέφειν
3341 5080 3420 5137 εἰς
3456 5081 3524 5131 τὰ
3547 5081 3743 5142 ὀπί-σω,

2157 5161 2289 5213 ἀολά
2321 5164 2430 5226 τοῖς
2463 5163 2776 5232 ἔμπροσθεν
2813 5168 3248 5223 ἐπεκτείνεσθαι.
3286 5171 3499 5240 Ὥσπερ
3532 5175 3627 5224 καὶ
3659 5175 3744 5225 αλ-

2152 5254 2324 5324 λαγοῦ
2383 5275 2582 5324 φησιν·
2622 5276 2640 5308 t
2685 5261 2871 5324 Οὐδεὶς
2911 5262 3184 5315 ἐπιϐαλὼν
3223 5266 3320 5334 τὴν
3369 5268 3528 5335 χεῖρα
3582 5268 3743 5319 αὑτοῦ

2151 5345 2232 5398 ἐπ’
2290 5347 2546 5418 ἄροτρον,
2595 5354 2689 5402 καὶ
2745 5358 3006 5423 στραφεὶς
3055 5358 3134 5418 εξς
3182 5357 3249 5410 τὰ
3288 5358 3483 5422 ὀπίσω,
3528 5360 3744 5420 εὗῦετιζς

2154 5441 2298 5492 ἐστιν
2332 5445 2410 5503 εἰς
2453 5443 2548 5512 τὴν
2606 5444 2885 5512 βασιλείαν
2933 5449 3037 5500 τῶν
3080 5451 3342 5519 οὐρανῶν.
3391 5471 3408 5501 ι
3463 5453 3742 5521 Ἐπιςεπει

2152 5532 2202 5581 δὲ
2246 5533 2550 5606 ὑπίδειγμα
2591 5537 2689 5607 τὴν
2733 5543 2966 5606 γυναῖκα
3025 5542 3116 5594 τοῦ
3165 5543 3308 5609 Λὼτ,
3363 5549 3395 5614 ἡ
3442 5550 3741 5614 στοαςεῐσα
