4000 6416
251 289 364 356 99⁵1

246 402 450 463 ὀπίσω,
481 396 581 477 είς,
612 394 818 467 στήλην
863 391 991 455 ἁλὸς
1041 391 1250 461 ἐπάγη,
1298 389 1571 456 τουτέστι,
1613 388 1687 459 μὴ
1723 388 1865 454 ὲξελ-
1890 392 1943 453 Α

246 494 425 548 θοῦσα
464 493 561 561 τῆς
596 488 823 552 κακίας,
859 484 1188 556 ὶναπέμεινε
1231 486 1295 553 τῇ
1347 484 1555 551 ταύτης
1585 482 1853 553 ἀλμυρίᾳ,

242 588 343 657 ὅλη
377 585 524 656 κακὴ
555 580 848 652 γενομένη,
882 581 978 634 καὶ
1010 577 1408 648 στηλιτεύουσα
1438 574 1537 643 τὴν
1564 575 1760 645 ἧτταν,
1787 573 1856 643 ἣν

244 680 443 745 ἔπαθε,
480 678 720 745 παγεῖσα
771 674 867 726 καὶ
908 670 1321 740 ὲναπομείνασα
1365 671 1430 739 τῇ
1480 668 1671 738 κακίᾳ.
1718 662 1855 719 Εἶτα

244 769 586 843 ὲπιφέρειτὰ
613 766 888 822 ἀκόλουθα
905 766 1017 827 τοῖς
1046 764 1159 819 ἀνω
1183 762 1524 867 εἰρημένοις,
1562 758 1855 867 “(fameq-

246 884 335 919 σει
362 866 461 933 τὴν
486 862 666 932 ψυχὴν
693 858 858 913 αὑτοῦ
888 859 1083 920 σῶσαι,
1110 856 1370 908 ἀπολέσει
1393 853 1586 924 αὑτήν.
1608 852 1699 923 Μὴ
1722 852 1852 923 γάρ’,

246 958 405 1029 φησὶ,
446 952 809 1009 σπουδασάτω
860 968 944 1014 τις
978 951 1038 1003 ὲν
1067 949 1144 1018 τῷ
1172 947 1269 1001 τοῦ
1312 947 1691 1017 ’Δντιχρίστου
1723 946 1853 999 διω-

243 1050 374 1122 γμῷ
417 1044 885 1118 περιποιήσασθαι
934 1043 1037 1113 τὴν
1086 1039 1281 1096 ἑαυτοῦ
1332 1039 1513 1109 ψυχήν
1542 1057 1553 1069 ·
1592 1037 1851 1091 ἀπολέσει

243 1144 354 1214 γάρ
388 1141 581 1209 αὐτὴν.
622 1142 719 1200 Ὃς
759 1137 804 1189 δ’
864 1136 930 1189 ἂν
984 1135 1179 1188 ἑαυτὸν
1233 1134 1469 1202 σφαγαῖς
1525 1131 1621 1184 καὶ
1661 1130 1851 1192 ἁπλῶς

242 1233 519 1295 κινδύνοις
565 1231 729 1300 ἐκδῷ,
784 1228 1118 1297 σωθήσεται,
1165 1226 1240 1296 μὴ
1271 1223 1613 1287 ,ὑποκύπτων
1653 1222 1731 1292 τῷ
1761 1239 1851 1274 τυ-

244 1326 429 1398 ράννῳ
475 1324 562 1378 διὰ
589 1323 651 1375 τὸ
681 1320 966 1390 φιλόζωον.
1000 1319 1214 1388 Ὥσπερ
1246 1312 1341 1369 οὖν
1371 1316 1634 1383 ἀνωτέρω
1670 1309 1846 1379 εἶπεν,

241 1421 329 1473 ὅτι
364 1420 390 1472 6
422 1419 514 1471 ἐπὶ
556 1415 650 1470 τοῦ
699 1414 866 1483 ὓψους
896 1412 998 1480 τῆς
1026 1411 1252 1480 ἀρετῆς,
1284 1409 1359 1479 μὴ
1401 1409 1489 1461 διὰ
1520 1408 1587 1459 τὰ
1617 1405 1849 1477 βιωτικά

245 1509 555 1581 πράγματα
585 1505 881 1575 καταϐήτω
919 1500 1358 1574 μαλακιζόμενος
1388 1499 1549 1571 τυχὸν
1588 1498 1678 1552 διὰ
1712 1500 1849 1569 κτή-

247 1622 396 1676 ματα
440 1604 532 1656 καὶ
577 1603 858 1671 χρήματα,
905 1598 1000 1651 καὶ
1049 1596 1137 1649 διὰ
1169 1593 1346 1649 ταῦτα
1404 1596 1700 1664 ὑφιέμενος
1746 1593 1845 1664 τῆς

242 1695 575 1757 ἐνστάσεως,
624 1691 767 1743 οὕτω
800 1691 895 1743 καὶ
931 1688 1027 1740 νῦν
1203 1685 1411 1757 προϊών
1445 1702 1603 1756 φησι,
1643 1686 1739 1738 καὶ
1793 1684 1846 1736 τί

241 1788 391 1855 λέγω
418 1788 500 1840 ὅτι
534 1783 607 1856 μὴ
636 1782 922 1853 καταϐήσῃ
955 1780 1043 1834 διὰ
1074 1780 1244 1851 σκεύη
1268 1797 1280 1844 ;
1322 1777 1457 1850 μηδὲ
1480 1779 1566 1832 διά
1592 1778 1659 1831 τὰ
1687 1778 1846 1840 ἐκτὸς
1885 1759 1922 1812 Β

244 1883 468 1953 προήσῃ
510 1881 609 1949 τὴν
653 1878 877 1948 ἀρετὴν,
920 1876 1055 1945 μηδὲ
1100 1874 1168 1927 δι’
1197 1872 1369 1944 αὐτὴν
1409 1872 1507 1944 τὴν
1538 1872 1637 1941 τῆς
1670 1872 1848 1942 ψυχῆς

244 1971 601 2043 περιποίησιν
626 1968 754 2039 δέξῃ
778 1965 1142 2032 ὑποκλιθῆναι
1174 1963 1253 2034 τῷ
1276 1962 1463 2031 πλάνῳ
1486 1963 1580 2015 καὶ
1620 1961 1846 2031 διώκτῃ.

243 2061 436 2116 Ταῦτα
489 2061 543 2113 δὲ
575 2063 602 2113 6
633 2059 909 2122 Ματθαῖος
959 2058 1140 2110 πάντα
1191 2056 1279 2108 διὰ
1327 2056 1423 2125 τὴν
1457 2054 1566 2106 τῶν
1614 2056 1847 2124 Ἰεροσο-

242 2156 435 2225 λύμων
487 2154 690 2207 ἅλωσιν
732 2151 993 2223 λεχθῆναι
1040 2149 1117 2220 τῷ
1152 2149 1341 2219 Κυρίῳ
1375 2150 1562 2219 φησὶν,
1612 2150 1847 2201 αἰνιττο-

246 2250 397 2320 μὲνῳ
416 2245 512 2316 τήν
535 2245 642 2298 τῶν
667 2244 881 2315 ἐχθρῶν
906 2245 1174 2308 ἐπίθεσιν,
1202 2244 1298 2295 καὶ
1322 2242 1405 2294 ὅτι
1432 2239 1853 2311 ἀμεταστρεπτὶ

244 2341 475 2411 φεύγειν
520 2339 601 2390 δεῖ
640 2339 767 2399 τοὺς
813 2337 1118 2407 Ῥωμαίους
1155 2336 1434 2399 ἐπιόντας,
1472 2334 1567 2385 καὶ
1618 2336 1759 2402 μήτε
1797 2336 1853 2385 ὲν

243 2434 323 2504 τῷ
351 2432 563 2501 δώματι
588 2430 771 2497 ὄντας,
803 2432 1154 2484 καταὸαίνειν
1205 2431 1283 2490 είς
1328 2428 1426 2498 τὴν
1456 2427 1636 2481 οίκίαν
1667 2426 1757 2479 διά
1802 2444 1853 2480 τι

245 2526 527 2597 χρειῶδες,
564 2524 681 2577 ἀλλ’
712 2526 877 2587 εὐθὺς
910 2523 1136 2592 φεύγειν
1164 2541 1178 2555 ο
1232 2523 1295 2575 οὐ
1347 2522 1455 2593 γάρ
1508 2523 1626 2574 ἐστι
1660 2520 1854 2591 καιρὸς

245 2617 471 2687 σχολῆς,
519 2615 662 2668 ὥστε
696 2614 1153 2679 συσκευάζεσθαι,
1192 2613 1333 2685 μήτε
1380 2616 1438 2666 ἐν
1477 2614 1632 2683 ἀγρῴ
1665 2613 1848 2676 ὄντας,

248 2709 579 2780 στρέφεσθαι
614 2710 693 2772 είς
723 2707 821 2778 τὴν
854 2709 1034 2761 οἰκίαν
1062 2724 1074 2736 ⁸
1110 2708 1205 2760 καὶ
1230 2708 1323 2759 τὸν
1378 2706 1435 2758 ὲν
1465 2710 1530 2777 τῇ
1564 2706 1714 2776 οἰκίᾳ
1741 2705 1849 2776 γάρ

245 2800 379 2855 ὄντα
435 2800 659 2869 φεύγειν
710 2800 810 2854 δεῖ.
853 2800 1022 2853 Οὐδὲν
1056 2799 1113 2851 δὲ
1162 2799 1480 2869 θαυμαστὸν
1528 2798 1625 2851 καὶ
1690 2801 1748 2851 ἐν
1782 2799 1848 2869 τῇ

248 2891 452 2945 ἁλώσει
483 2892 593 2945 τῶν
638 2890 1031 2963 Ἰεροσολύμων
1059 2890 1234 2944 ταῦτα
1266 2890 1571 2958 γεγονέναι,
1599 2890 1694 2942 καὶ
1722 2888 1852 2958 μέλ-

247 2984 363 3039 λειν
394 2981 550 3050 αὖθις
600 2984 934 3057 γενήσεσθαι
987 2985 1046 3038 ὲν
1086 2986 1153 3055 τῇ
1190 2984 1465 3056 παρουσίᾳ
1514 2981 1611 3036 τοῦ
1676 2983 1852 3036 Ἀντι-

965 277 1415 344 ENARRATIO
1446 278 1531 339 ΙΝ
1570 276 2085 339 EVANGELIUM
2108 274 2355 338 LUCIE.
2386 300 2458 312 —
2484 274 2648 338 CAP.
2678 274 2878 339 XVII.

3468 279 3578 346 998

1972 383 2202 457 malitia,
2263 388 2360 444 sed
2418 388 2619 444 mansit
2682 383 2735 444 lu
2783 387 3067 468 salsugine
3092 402 3211 455 sna,
3267 398 3377 446 tota
3434 393 3576 451 facta

1963 480 2127 545 mala,
2162 494 2229 535 ac
2261 479 2480 535 celebre
2516 480 2723 536 faciens
2764 488 2817 535 et
2852 481 3007 550 quasi
3072 482 3343 540 columna:
3376 486 3576 543 inscri-

1962 574 2097 628 bens
2150 572 2353 627 malum
2387 574 2532 642 quod
2571 588 2728 641 passa
2762 582 2845 628 est
2884 593 2896 628 :
2929 575 3205 629 obstinata
3238 578 3384 631 enim
3417 594 3576 634 man-

1960 666 2033 720 sit
2059 667 2111 720 in
2142 666 2354 720 malitia
2384 682 2503 721 sua.
2541 666 2748 721 Deinde
2787 666 2948 722 ail‘ert
2985 683 3046 723 ea
3085 684 3206 736 quae
3252 670 3319 723 ad
3376 687 3573 743 supra-

1958 759 2099 814 dicta
2127 772 2437 831 sequuntur
2460 778 2474 814 :
2500 760 2826 830 Quicunque
2846 764 3128 831 quaesierit
3156 765 3397 819 animam
3418 784 3572 823 suam

1957 847 2195 912 salvare,
2235 850 2426 916 perdet
2456 864 2599 903 eam.
2636 851 2757 906 Non
2788 862 2996 919 quaerat
3026 852 3247 921 aliquis,
3281 855 3477 923 inquit,
3518 859 3571 913 iu

1954 941 2280 997 Antichristi
2336 945 2725 1011 persecutione
2792 947 3029 999 animam
3092 962 3249 1001 suam
3314 948 3573 1005 salvare:

1953 1036 2147 1112 perdet
2177 1035 2325 1090 enim
2376 1052 2521 1091 eam.
2567 1037 2638 1090 At
2691 1038 2780 1106 qui
2820 1055 2879 1093 se
2926 1040 3187 1095 occisioni
3225 1051 3280 1096 et
3316 1044 3575 1112 periculis

1956 1111 2296 1197 exposuerit,
2347 1130 2674 1183 salvabitur.
2714 1130 2792 1184 Nc
2846 1132 3012 1201 igitur
3060 1146 3119 1187 se
3176 1111 3427 1190 ltumiliet
3487 1146 3575 1208 ty-

1956 1235 2131 1275 ranno
2182 1232 2405 1291 propter
2456 1219 2582 1275 vitae
2636 1237 2903 1276 amorem.
2961 1223 3174 1295 Quippe
3229 1227 3369 1281 sicut
3405 1244 3570 1297 supra

1954 1311 2117 1377 dixit,
2149 1310 2251 1378 Qui
2284 1322 2366 1366 est
2397 1311 2451 1365 in
2504 1311 2725 1382 fastigio
2770 1313 3010 1379 virtutis,
3047 1325 3268 1386 propter
3318 1332 3407 1370 res
3435 1329 3572 1372 tem-

1956 1403 2173 1470 porales
2228 1419 2294 1458 ne
2352 1406 2651 1458 descendat
2685 1444 2697 1467 ,
2746 1406 2952 1459 divitiis
3016 1415 3069 1459 ct
3134 1408 3575 1476 possessionibus
3656 1460 3657 1465 η

1953 1496 2235 1561 delinitus,
2269 1504 2325 1551 et
2375 1507 2663 1565 prepterea
2698 1500 2855 1552 cedat
2890 1498 3148 1567 periculis
3188 1518 3199 1553 :
3236 1504 3312 1556 sic
3340 1511 3396 1555 et
3425 1518 3570 1557 nunc

1953 1588 2185 1642 ulterius
2248 1589 2607 1658 progrediens
2666 1589 2833 1653 dicit,
2886 1588 3028 1651 dico,
3100 1605 3203 1643 non
3272 1593 3574 1646 descendas

1953 1692 2177 1750 propter
2217 1696 2368 1746 vasa,
2430 1697 2608 1752 neque
2636 1692 2861 1761 propter
2899 1691 3124 1735 externa
3160 1684 3423 1737 virtutem
3480 1686 3574 1738 de-

1957 1793 2109 1831 seras
2140 1818 2155 1843 ,
2188 1794 2367 1847 neque
2410 1790 2629 1849 propter
2667 1780 2862 1834 animm.
2892 1781 3100 1835 lucrum
3133 1796 3368 1848 annuas,
3400 1792 3459 1836 ut
3490 1785 3575 1836 in-

1959 1871 2182 1925 cliueris
2214 1871 2500 1941 impostori
2526 1882 2581 1926 et
2619 1874 2986 1943 persecutori.
3030 1873 3154 1929 Hazc
3178 1874 3398 1943 quidem
3431 1876 3575 1930 Mat-

1959 1962 2133 2017 tltazus
2180 1973 2404 2031 propter
2439 1963 2950 2035 Hierosolymorum
3003 1966 3382 2035 captivitatem
3426 1968 3571 2022 dicta

1956 2070 2081 2111 esse
2126 2072 2154 2109 a
2184 2056 2417 2112 Domino
2466 2067 2656 2111 narrat
2690 2059 3001 2114 insinuante
3043 2060 3282 2115 hostium
3336 2061 3467 2125 vim,
3517 2072 3573 2118 et

1955 2149 2100 2217 quod
2142 2146 2423 2203 Romanos
2454 2150 2545 2219 qui
2603 2151 2845 2206 invasuri
2886 2162 3035 2217 sunt,
3075 2153 3264 2223 iugere
3293 2164 3569 2222 oporteat,

1957 2242 2033 2296 ita
2067 2255 2123 2296 ut
2155 2259 2223 2298 ne
2266 2245 2596 2312 respiciatur
2634 2260 2648 2298 :
2687 2260 2866 2315 neque
2895 2248 2984 2313 qui
3036 2246 3090 2300 in
3131 2256 3273 2300 tecto
3310 2246 3440 2305 sint.
3472 2246 3571 2303 de-

1956 2336 2218 2391 scendant
2266 2336 2318 2389 in
2355 2336 2577 2390 domum
2623 2337 2855 2405 alicujus
2888 2336 2963 2390 rei
2994 2338 3316 2404 temporalis
3363 2338 3565 2405 gratia,

1954 2426 2050 2483 sed
2086 2427 2271 2480 statim
2307 2427 2562 2497 fugiant;
2602 2442 2706 2482 non
2753 2430 2861 2483 erit
2908 2429 3055 2496 enim
3089 2442 3301 2498 tempus
3345 2433 3463 2491 otii,
3497 2430 3572 2485 ita

1956 2527 2014 2571 ut
2044 2532 2170 2572 vasa
2222 2519 2482 2587 colligere
2504 2520 2672 2575 liccat
2699 2538 2713 2575 :
2750 2536 2928 2591 neque
2959 2522 3049 2591 qui
3083 2522 3134 2575 in
3178 2537 3309 2591 agro
3339 2532 3445 2589 est,
3477 2538 3571 2578 re-

1954 2621 2198 2667 vertatur
2230 2612 2283 2667 in
2316 2613 2536 2668 domum
2566 2630 2744 2681 suam,
2774 2616 2871 2669 sed
2898 2630 3021 2669 cum
3050 2616 3143 2685 qui
3181 2616 3233 2668 in
3268 2616 3428 2669 domo
3478 2628 3560 2671 est

1955 2703 2145 2775 fugere
2190 2706 2492 2777 Oportet”.
2551 2708 2697 2762 Nihil
2734 2708 2882 2763 enim
2919 2710 3121 2763 mirum
3165 2710 3216 2762 in
3257 2708 3567 2781 Hierosoly-

1957 2812 2171 2852 morum
2209 2801 2528 2869 captivitate
2578 2802 2681 2854 Itoc
2728 2800 2934 2854 factum
2967 2814 3113 2868 esse,
3148 2802 3457 2871 iterumque
3490 2800 3559 2855 fu.

1960 2897 2139 2943 turum
2177 2891 2229 2944 in
2262 2892 2500 2947 adventu
2534 2892 2889 2959 Antichristi,
2918 2892 3028 2947 imo
3055 2896 3122 2948 ad
3156 2895 3328 2963 ipsum
3358 2903 3573 2962 tempus

1958 2986 2452 3039 consummationis
2488 2982 2671 3039 futura
2708 2996 2795 3040 est
2830 2986 3115 3041 tribulatio
3148 2987 3496 3056 gravissima.

248 3078 509 3149 χρίστου·
548 3080 751 3150 μᾶλλον
803 3078 861 3131 δὲ
894 3078 1030 3149 πρὸς
1069 3077 1221 3147 αὑτῷ
1253 3076 1332 3147 τῷ
1369 3076 1549 3149 καιρῷ
1595 3076 1699 3147 τῆς
1770 3074 2107 3142 συντελείας,
2179 3076 2415 3147 θλίψεως
2466 3078 2565 3132 καὶ
2589 3079 2713 3132 τότε
2749 3078 3056 3149 μελλούσης
3100 3079 3356 3147 γίνεσθαι
3419 3081 3559 3149 ἀφο-

252 3175 442 3243 ρήτου.

325 3284 346 3318 ‹
388 3264 549 3333 Λέγω
595 3263 747 3335 ὑμῖν,
778 3262 863 3317 ὅτι
909 3264 967 3316 ἐν
994 3262 1173 3335 ταύτῃ
1204 3264 1270 3334 τῇ
1298 3264 1458 3317 νυκτὶ
1491 3262 1708 3318 ἔσονται
1757 3265 1849 3319 δύο

2030 3264 2201 3319 Vens.
2250 3263 2442 3318 54-57.
2486 3282 2504 3315 ι
2551 3264 2683 3319 Dico
2728 3263 2910 3330 vobis,
2970 3264 3021 3318 in
3078 3263 3165 3318 illa
3202 3275 3358 3321 nocte
3409 3276 3574 3323 erunt

248 3360 341 3413 ἐπὶ
367 3359 557 3427 κλίνης
596 3360 748 3425 μιᾶς,
769 3359 797 3410 6
822 3352 903 3419 εἷς
936 3356 1455 3427 παραληφθήσεται,
1479 3356 1576 3410 καὶ
1602 3359 1629 3410 6
1661 3358 1849 3429 ἕτερος

248 3452 609 3522 ἀφεθήσεται.
650 3450 755 3503 Δύο
802 3450 1015 3503 ἔσονται
1051 3449 1351 3520 ἀλήθουσαι
1398 3450 1492 3503 ἐπὶ
1539 3450 1600 3503 τὸ
1632 3451 1844 3521 αὑτὸ,ή

252 3543 355 3611 μία
389 3539 904 3610 παραληφθήσεται,
943 3540 1036 3591 καὶ
1069 3540 1103 3609 ή
1139 3540 1304 3609 ἑτέρα
1338 3540 1698 3609 ἀφεθήσεται.
1738 3542 1849 3593 Ka‘t

248 3633 643 3702 ἀποκριθέντες
698 3632 947 3699 λέγουσιν
996 3631 1178 3703 αὐτῷ·
1232 3631 1367 3694 Ποῦ,
1409 3632 1617 3703 Κύριε;
1677 3633 1734 3685 '0
1792 3632 1848 3685 δὲ

248 3722 406 3780 εἶπεν
441 3724 623 3787 αὐτοῖς
656 3739 670 3753 ·
708 3723 885 3783 Ὅπου
925 3722 987 3775 τὸ
1023 3724 1245 3789 πτῶμα,
1302 3725 1419 3776 ἐκεῖ
1472 3726 1641 3777 κοιὶοὶ
1695 3724 1848 3777 ἀετοὶ

250 3815 709 3886 συναχθήσονται.
745 3832 763 3865 ι
801 3813 912 3866 Kal.
940 3812 1193 3865 ἐντεῦθεν
1226 3815 1287 3865 τὸ
1314 3813 1721 3885 ἀπροσδόκητον
1752 3816 1848 3867 καὶ

247 3909 515 3978 αἰφνίδιον
547 3908 645 3978 τῆς
681 3906 848 3961 αὐτοῦ
879 3906 1185 3977 παρουσίας
1233 3906 1603 3977 μανθάνομενο
1647 3909 1708 3961 τὸ
1738 3912 1846 3978 γὰρ

249 4004 448 4067 εἰπεῖν,
484 4001 566 4054 ὅτι
592 4000 687 4053 δύο
715 3999 929 4054 ἔσονται
957 4000 1049 4051 ἐπὶ
1084 4000 1272 4071 κλίνης
1314 4003 1465 4070 μιᾶς,
1503 4001 1846 4071 ἀμεριμνίαν

249 4094 510 4163 ἐμφαίνει
530 4108 543 4121 ·
574 4092 669 4145 καὶ
696 4092 757 4143 τὸ
781 4090 1004 4161 ἀλήθειν
1036 4091 1093 4144 δὲ
1133 4096 1224 4143 καὶ
1252 4092 1406 4143 τοῦτο
1439 4093 1847 4163 ἀπροσδόκητον

250 4184 473 4237 ἔσεσθαι
519 4183 618 4252 τὴν
653 4183 958 4252 παρουσίαν
994 4183 1275 4253 ὑποδηλοῖ.
1309 4184 1420 4237 Καὶ
1454 4184 1583 4237 ἄλλο
1618 4184 1672 4237 δὲ
1706 4201 1848 4253 μαν-

250 4280 508 4347 θάνομεν,
549 4278 631 4329 ὅτι
662 4277 718 4328 ὲν
751 4278 910 4328 νυκτὶ
959 4278 991 4346 ἡ
1024 4278 1299 4346 παρουσία
1334 4278 1509 4342 ἔσται,
1548 4278 1712 4347 φησὶν
1753 4276 1846 4330 οὖν

247 4372 336 4424 ὅτι
374 4371 469 4423 καὶ
498 4372 562 4422 ἐκ
591 4368 698 4421 τῶν
742 4368 1016 4422 πλουσίων
1061 4370 1170 4421 τῶν
1218 4371 1312 4421 ἐπὶ
1349 4370 1534 4440 κλίνης
1571 4371 1849 4423 ἀναπαυο-

254 4463 453 4533 μένων,
479 4464 526 4514 οἱ
565 4463 665 4532 μὲν
694 4461 1055 4530 σωθήσονται,
1082 4462 1131 4513 οἱ
1155 4461 1212 4513 δὲ
1234 4460 1319 4515 οὔ.
1363 4463 1514 4515 Ἐπεί¹
1542 4462 1651 4532 γὰρ
1668 4457 1845 4527 εἶπεν,

248 4558 334 4609 ὃτι
367 4556 640 4618 δυσκόλως
667 4557 713 4608 οἱ
744 4554 987 4607 πλούσιοι
1014 4554 1297 4619 σώζονται.
1324 4557 1575 4608 Δείκνυσι
1606 4555 1723 4618 νῦν,
1764 4556 1846 4608 ὃτι

1944 3360 2066 3417 duo
2100 3361 2150 3412 in
2186 3361 2331 3413 lecto
2374 3374 2505 3424 uno,
2557 3374 2699 3412 lllllls
2734 3367 3072 3423 assumetur,
3124 3369 3180 3411 et
3230 3360 3369 3414 alter
3409 3361 3574 3415 relin.

1956 3462 2178 3521 quetnr.
2206 3451 2333 3505 Duze
2374 3460 2538 3505 erunt
2570 3451 2838 3505 molentes
2867 3451 3053 3516 simul,
3088 3466 3195 3505 una
3221 3466 3569 3519 assumetur,

1944 3557 2011 3601 .et
2045 3546 2215 3599 altera
2252 3544 2615 3612 relinquetur.
2669 3543 2735 3597 Et
2776 3544 3175 3612 respondentes
3210 3544 3398 3599 dicunt
3444 3545 3521 3599 illi
3554 3564 3567 3600 :

1961 3637 2085 3701 Ubi,
2141 3636 2369 3691 Domine
2410 3635 2568 3701 ’ίρυὶ
2622 3636 2760 3690 dixit
2802 3636 2961 3690 illis:
3023 3635 3347 3706 Ubicunque
3407 3637 3573 3693 fuerit

1958 3733 2212 3793 cadaver,
2264 3729 2389 3783 illuc
2421 3730 2906 3798 congregabuntur
2936 3738 2991 3781 et
3022 3729 3238 3796 aquilae.
3289 3746 3307 3779 ι
3342 3729 3420 3783 Ex
3464 3730 3571 3786 hoc

1957 3826 2120 3879 etiam
2155 3823 2273 3876 loco
2306 3820 2652 3890 repentinum
2679 3828 2734 3873 et
2758 3816 3101 3887 in0pinatum
3124 3816 3243 3885 ejus
3271 3819 3569 3875 adventrum

1957 3918 2242 3972 discimus.
2279 3914 2446 3975 Duos,
2479 3913 2624 3967 enim
2677 3927 2799 3967 esse
2832 3912 2887 3965 in
2927 3911 3071 3966 lecto
3106 3927 3238 3977 uno,
3294 3914 3572 3982 signiﬁcat

1956 4008 2343 4063 sollicitudinis
2376 4005 2705 4067 carentiam,
2725 4013 2781 4057 et
2805 4003 3011 4058 molere
3039 4020 3282 4073 quoque,
3312 4006 3572 4073 inexspe-

1957 4110 2160 4155 ctatum
2215 4098 2491 4167 signiﬁcat
2552 4099 2874 4151 adventum.
2944 4093 3219 4150 Discimus
3283 4104 3337 4149 et
3413 4098 3566 4151 aliud

1956 4194 2237 4263 quiddam,
2271 4192 2417 4261 quod
2451 4191 2503 4243 in
2536 4201 2695 4243 nocte
2732 4192 3001 4243 adventus
3029 4190 3158 4243 erit.
3197 4188 3566 4259 Dicit'igitur,

1955 4288 2098 4357 quod
2127 4302 2193 4339 ex
2220 4284 2479 4339 divitibus
2502 4284 2594 4353 qui
2622 4283 2673 4336 in
2710 4284 2852 4337 lecto
2884 4282 3193 4351 quiescent,
3220 4282 3308 4337 alii
3343 4284 3565 4353 quidem

1957 4381 2335 4445 salvabuntur,
2369 4377 2457 4431 alii
2508 4386 2691 4431 autem
2730 4392 2859 4432 non.
2893 4374 3028 4429 Nam
3056 4375 3218 4449 431
3264 4379 3389 4445 quia
3428 4378 3566 4433 dixit

1957 4471 2101 4541 quod
2152 4469 2367 4524 difﬁcile
2394 4468 2589 4521 divites
2622 4468 2924 4530 salvantur,
2952 4469 3193 4521 ostendit
3231 4484 3374 4520 nunc.
3418 4468 3563 4536 quod

1959 4579 2135 4632 neque
2166 4564 2218 4616 lii
2249 4570 2501 4629 pereunt,
2548 4574 2723 4630 neque
2748 4574 3014 4627 pauperes
3042 4574 3234 4613 omnes
3258 4558 3559 4612 salvantur.

251 4651 381 4704 οὔτε
416 4647 559 4705 οὗτοι
617 4652 970 4717 ἀπόλλυνται,
1011 4650 1137 4704 οὔτε
1177 4654 1226 4704 οί
1280 4653 1512 4721 πένητες
1556 4653 1845 4722 σώζονται,

1958 4655 2064 4711 Sed
2120 4664 2175 4709 et
2223 4670 2289 4709 ex
2342 4653 2603 4708 divitibus
2638 4668 2779 4705 unus
2812 4653 3110 4705 assumitur
3162 4652 3215 4705 in
3269 4667 3561 4705 occursum

250 4741 393 4797 ἀλλά
444 4745 536 4793 καὶ
583 4744 648 4795 ἐκ
692 4738 802 4796 τῶν
852 4744 1125 4797 πλουσίων
1154 4745 1316 4813 ὁμὲν
1350 4746 1848 4817 παραλαμϐάνεται

249 4839 335 4898 εἰς
365 4835 676 4905 ἀπάντησιν
708 4834 802 4889 τοῦ
848 4837 1059 4907 Κυρίου
1097 4838 1504 4909 ἁρπαζόμενος,
1539 4840 1614 4902 ὡς
1648 4842 1852 4909 κοῦφος

246 4927 328 4998 τῷ
372 4928 644 4997 πνεύματι
698 4929 795 4983 καὶ
828 4930 1098 5001 οὐράνιος,
1153 4933 1181 4983 6
1207 4933 1264 4983 δὲ
1305 4932 1523 5000 ἀφίεται
1586 4934 1738 4987 κάτω
1777 4934 1853 4997 ὡς

250 5023 605 5089 κατάκριτος.
647 5023 759 5075 Καὶ
808 5023 873 5074 ἐκ
912 5022 1020 5075 τῶν
1060 5025 1312 5093 πενήτων
1354 5027 1579 5095 ὁμοίως,
1635 5025 1729 5089 οὓς
1763 5028 1853 5079 διὰ

247 5118 311 5167 τὸ
345 5112 566 5183 ἁλήθειν
602 5114 901 5183 ἐσήμανεν,
951 5116 979 5167 6
1019 5114 1117 5184 μὲν
1151 5116 1475 5185 σωθήσεται,
1511 5118 1539 5169 6
1566 5116 1623 5171 δὲ
1658 5117 1739 5171 οὗ.
1775 5118 1851 5170 Οὐ

247 5208 362 5275 γὰρ
391 5205 593 5267 πάντες
629 5208 859 5276 πένητες
884 5207 1115 5260 δίκαιοι·
1160 5211 1224 5261 ὲκ
1258 5210 1464 5263 τούτων
1509 5212 1615 5281 γάρ
1646 5212 1693 5263 oi
1725 5210 1851 5264 κλέ-

248 5316 408 5361 πται,
444 5297 540 5349 καὶ
592 5297 1031 5369 βαλαντιοτόμοι,
1087 5300 1174 5353 διά
1230 5302 1322 5354 τοῦ
1356 5303 1579 5373 ἀλήθειν
1622 5300 1715 5356 οὖν
1760 5304 1853 5356 τὸν

245 5393 512 5448 ἐπίπονον
560 5392 674 5463 βίον
726 5392 835 5446 τῶν
868 5396 1119 5464 πενήτων
1165 5395 1456 5463 ἐδήλωσεν.
1502 5397 1853 5467 Ἐρωτησάν-

244 5504 358 5540 των
392 5485 447 5537 δὲ
491 5485 601 5537 τῶν
634 5485 930 5555 μαθητῶν·
973 5488 1104 5551 Ποῦ,
1156 5489 1350 5558 Κύριε,
1391 5491 1852 5561 παραληφθήσον-

246 5597 339 5633 τκι
374 5573 550 5646 οὗτος
606 5579 735 5650 ἔφη,
772 5580 950 5634 Ὅπου
981 5583 1040 5633 τὸ
1078 5582 1300 5654 πτῶμα,
1336 5586 1455 5638 ἐκεῖ
1485 5587 1578 5639 καὶ
1604 5588 1651 5639 οἱ
1679 5587 1852 5654 ἀετοὶ,

320 5763 366 5795 ⁸⁸
414 5760 598 5818 Matth.
656 5778 811 5829 xmv,
853 5761 1072 5831 17,18.

1955 4750 2166 4804 Domini
2208 4758 2416 4818 raptus,
2453 4747 2607 4816 quasi
2657 4746 2790 4799 levis
2854 4745 3048 4813 spiritu
3093 4756 3147 4799 et
3186 4745 3473 4811 caelestis,
3508 4756 3563 4800 et

1954 4845 2094 4900 alius
2141 4843 2472 4911 relinquitur
2508 4841 2659 4895 infra‘
2687 4850 2744 4894 ιιι
2772 4840 3191 4895 condemnatus.
3224 4835 3290 4890 Et
3320 4852 3390 4895 ex
3421 4849 3561 4910 ωυ-

1952 4938 2174 5009 peribus
2224 4935 2502 4999 similiter,
2550 4949 2687 5003 quos
2738 4948 2835 5002 per
2885 4930 3153 4986 moientes
3201 4930 3556 5001 signiﬁcavit,

1954 5031 2211 5101 quoniam
2253 5043 2348 5098 per
2404 5028 2695 5098 pistrinum
2747 5024 3079 5079 laboriosam
3130 5038 3428 5092 pauperum
3484 5041 3559 5077 vt-

1953 5136 2061 5181 tam
2090 5124 2352 5189 insinuat,
2386 5137 2528 5175 unus
2564 5121 2784 5189 quidem
2820 5118 3139 5181 salvabitur,
3190 5115 3330 5170 alius
3376 5127 3561 5171 autem

1952 5233 2084 5273 non.
2128 5216 2247 5271 Non
2277 5230 2465 5271 omnes
2502 5227 2770 5283 pauperes
2797 5212 2952 5280 justi.
2986 5211 3117 5264 Nam
3148 5225 3214 5265 ex
3253 5211 3359 5264 illis
3412 5211 3559 5265 fures

1955 5318 2009 5365 et
2042 5310 2441 5377 marsupiorum
2498 5308 2784 5361 incisores.
2842 5303 2978 5359 Cum
3029 5313 3211 5359 aulent
3274 5311 3562 5372 rogassent

1964 5400 2216 5469 discipuli
2251 5418 2261 5451 :
2298 5399 2438 5465 Quo,
2478 5397 2732 5461 Domine,
2791 5406 3143 5450 assumentur
3194 5395 3311 5450 illi?
3371 5398 3560 5453 dixit:

1955 5492 2058 5548 Ubi
2105 5493 2357 5559 cadaver,
2416 5491 2525 5546 illic
2567 5502 2624 5545 et
2654 5490 2852 5561 aquila:
2890 5508 2903 5543 :
2940 5490 3045 5546 hoc
3094 5499 3200 5557 est,
3250 5491 3339 5544 ubi
3389 5487 3560 5545 Filius

1956 5586 2220 5653 hominis,
2248 5585 2358 5643 illic
2390 5597 2443 5643 et
2476 5585 2650 5643 sancti
2676 5585 2794 5657 ejus
2834 5583 2979 5642 leves
3033 5594 3088 5641 et
3116 5584 3175 5641 in
3199 5583 3429 5641 sublime
3463 5596 3559 5638 vo-
