4000 6394
486 206 606 318 ’999

1393 220 1976 282 THEOPHYLACTI
2015 213 2437 282 BULGABI/E-
2463 207 2825 272 ARCHIEP.

3627 196 3766 260 1000

499 315 717 398 iantes:
767 338 906 395 sicut
948 335 1258 407 peccatores
1291 348 1506 403 graves,
1560 333 1650 402 qui
1702 341 1756 385 et
1792 332 1932 386 intra
1990 347 2075 386 re-

2190 327 2480 390 τουτέστιν,
2516 324 2651 376 ὅπου
2682 320 2710 372 ὁ
2758 315 2888 379 Υίὸς
2937 314 3032 368 τοῦ
3069 310 3387 386 ἀνθρώπου,
3421 311 3542 364 ἐκεῖ
3579 308 3783 363 πάντες

499 433 836 502 linquentur.
893 426 1026 482 Nam
1083 428 1227 481 sicut
1278 426 1493 495 jacente
1554 423 1841 486 cadavere,
1897 438 2087 478 omnes

501 525 800 579 carnivora:
833 521 1069 576 volucres
1109 518 1362 574 advolant
1395 535 1408 571 :
1446 518 1516 571 ita
1555 525 1605 571 et
1641 517 1728 569 ubi
1761 515 1931 570 Filius
1980 515 2084 569 ho-

504 616 667 669 minis
697 622 912 682 propter
939 626 1037 667 nos
1067 621 1339 675 mortuus,
1381 618 1436 663 et
1465 609 1515 661 in
1549 621 1732 661 casum
1763 608 1991 675 positus,
2021 607 2086 660 de

505 707 642 761 coelo
679 708 1012 775 apparuerit,
1067 718 1256 758 omnes
1291 701 1464 756 sancti
1498 703 1996 769 congregabantur,
2031 709 2085 752 et

506 799 606 865 ipsi
639 796 834 865 angeli.
880 796 1014 849 Cum
1051 793 1154 847 illis
1201 792 1382 845 veniet
1408 791 1460 844 in
1493 789 1662 858 gloria
1695 790 1895 856 Patris,
1945 798 2001 843 et
2029 788 2082 841 iu

504 890 788 958 Splendore
816 887 1079 941 indicibili
1111 904 1124 939 :
1151 885 1270 938 licet
1302 883 1445 938 enim
1471 893 1684 951 tempus
1708 881 1838 934 illud
1869 892 2074 936 nucten.

503 981 730 1044 vocarit,
782 993 846 1033 eo
896 978 1038 1048 quod
1099 976 1444 1044 repentinum
1481 985 1532 1028 et
1590 975 1953 1042 inopinatum,
2000 973 2084 1026 vel

502 1074 622 1142 quia
657 1071 894 1125 tenebris
932 1068 1275 1122 involventur
1316 1075 1650 1134 peccatores,
1685 1065 1820 1117 dixit
1855 1082 1867 1118 :
1911 1063 2084 1118 Justis

504 1166 591 1217 lux
620 1165 852 1226 orietur,
877 1163 1062 1230 imoet
1095 1161 1192 1229 ipsi
1217 1158 1498 1226 fulgebunt
1526 1159 1666 1213 sicut
1693 1156 1794 1211 sol.

2185 422 2235 474 oi
2282 421 2430 487 ἆγιοι
2455 418 2503 469 oi
2529 414 2722 482 κοῦφοι
2771 410 2866 464 καὶ
2891 408 3195 478 ὑψιπετεῖς,
3223 406 3299 469 ὡς
3321 405 3438 473 οἵγε
3465 401 3786 475 ἁμαρτωλοὶ

2186 513 2394 584 βαρεῖς,
2429 509 2509 562 διὸ
2533 507 2629 560 καὶ
2663 504 2814 558 κάτω
2849 501 3122 571 ἀφίενται.
3157 499 3368 570 Ὠσπερ
3399 496 3496 550 καὶ
3527 494 3785 566 σώματος

2183 600 2379 673 νεκροῦ
2427 598 2716 668 κειμένου.
2753 600 2954 656 πάντες
2992 594 3038 646 oi
3077 589 3408 660 σαρκοὸόροι
3456 588 3644 658 ὄρνεις
3697 585 3782 639 ἐπ’

2184 693 2315 747 αὐτὸ
2347 691 2628 760 φέρονται,
2658 686 2801 740 οὕτω
2828 685 2922 738 καὶ
2955 682 3050 736 τοῦ
3081 680 3214 735 Υίοῦ
3241 680 3334 734 τοῦ
3362 678 3659 748 ἀνθρώπου
3688 673 3783 730 τοῦ

2183 785 2250 839 δι’
2285 785 2432 854 ἡμᾶς
2465 780 2854 851 νεκρωθέντος,
2887 777 2981 829 καὶ
3011 775 3090 836 είς
3124 771 3333 826 πτῶσιν
3369 769 3648 833 τεθέντος,
3685 765 3781 820 ἀπ’

2185 877 2434 946 οὐρανῶν
2483 875 2769 945 φανέντος,
2824 873 3024 932 πάντες
3055 871 3102 921 oi
3135 867 3281 935 ἆγιοι
3319 863 3782 934 συναχθήσονται,

2186 972 2283 1024 καὶ
2331 970 2486 1023 αὐτοὶ
2534 970 2583 1020 oi
2629 966 2851 1035 ἄγγελοι
2885 981 2899 995 ·
2941 962 3057 1034 μετ’
3089 961 3270 1015 αὐτῶν
3325 957 3437 1026 γὰρ
3476 956 3599 1027 ἥξει
3630 956 3688 1006 ἐν
3719 955 3782 1022 τῇ

2189 1064 2316 1135 δόξῃ
2349 1063 2440 1115 τοῦ
2471 1059 2704 1130 Πατρὸς,
2731 1062 2826 1111 καὶ
2869 1059 2927 1110 ἐν
2957 1056 3185 1128 ἀρρήτῳ
3230 1052 3414 1124 αἴγλῃ.
3451 1051 3516 1103 Ei
3550 1050 3660 1118 γὰρ
3692 1047 3785 1100 καὶ

2183 1156 2356 1209 νύκτα
2372 1155 2624 1223 ὠνόμασε
2640 1152 2730 1204 τὸν
2765 1148 2954 1220 καιρὸν
2975 1150 3204 1211 ἐκεῖνον,
3226 1145 3362 1197 ἀλλὰ
3383 1142 3472 1195 διὰ
3494 1141 3784 1210 τὸίὰπροσ-

501 1260 749 1327 δόκητον.
794 1257 887 1312 καὶ
913 1256 998 1310 διὰ
1026 1257 1085 1308 τὸ
1114 1259 1228 1318 τοῖς
1253 1253 1598 1325 ἁμαρτωλοῖς
1631 1251 1822 1322 μέλλον
1852 1250 2248 1321 προσγενέσθαι
2284 1251 2475 1314 σκότος
2497 1291 2512 1316 ,
2539 1249 2698 1302 τοῦτο
2737 1247 2925 1318 εῐρηκε
2945 1261 2959 1275 ·
3031 1245 3145 1305 τοῖς
3209 1239 3316 1312 γὰρ
3381 1237 3618 1299 δικαίοις
3673 1233 3786 1307 φῶς

502 1351 781 1422 ἀνατελεῖι,
817 1351 1018 1422 μᾶλλον
1060 1349 1118 1403 δέ
1152 1349 1242 1401 καὶ
1297 1347 1454 1400 αὐτοὶ
1505 1345 1878 1416 ἐκλάμψουσιν
1924 1344 1998 1408 ώς
2053 1345 2080 1395 6
2117 1341 2290 1415 ἥλιος.

1061 1480 1288 1538 CAPUT
1327 1479 1516 1536 XVIII.

504 1599 655 1666 Quod
695 1598 908 1652 assidue
941 1596 1220 1650 orandum.
1261 1595 1331 1648 De
1363 1595 1559 1663 injuste
1586 1594 1787 1665 judice.
1822 1594 1897 1649 De
1933 1592 2082 1648 Pha-

2783 1472 3035 1527 ΚΕΦΑΛ.
3077 1471 3188 1523 ιη’.

2192 1592 2328 1661 Περὶ
2358 1592 2464 1647 τοῦ
2493 1590 2580 1645 ἀεὶ
2610 1583 3253 1661 προσεύχεσθαιηηερι
3285 1581 3646 1661 ’τοῦ-κριτοῖ
3659 1579 3784 1661 Ξῆς

575 1674 724 1724 risco
749 1681 792 1723 et
817 1669 1121 1735 publicano.
1154 1667 1226 1719 De
1245 1652 1499 1736 puerulis
1523 1652 1745 1734 quorum
1774 1677 1848 1719 est
1871 1682 2082 1736 regnum

2261 1652 2685 1736 déixlac._ﬂsﬁi
2713 1659 2822 1736 τοῦ
2844 1652 3176 1736 Φαρισαίου
3203 1654 3306 1736 καί
3324 1652 3614 1736 reiceret):
3651 1652 3785 1732 Περὶ

573 1741 690 1794 Det.
728 1741 798 1792 De
819 1734 1192 1805 interpellante
1222 1734 1511 1792 Christum.
1546 1736 1622 1791 De
1656 1738 1879 1804 Iepraao.

576 1985 738 2039 Vsus.
771 1985 884 2040 l-8.
929 2002 947 2036 ι
983 1983 1209 2039 Dicebat
1240 1992 1418 2040 autem
1448 1991 1501 2040 et
1533 1985 1842 2055 parabolam
1873 1985 1940 2040 ad
1966 1985 2086 2041 illos

505 2078 610 2130 huc
639 2084 997 2144 spectantem,
1033 2075 1176 2144 quod
1209 2083 1489 2144 oporteret
1520 2089 1733 2144 semper
1767 2088 1925 2129 orare
1984 2089 2087 2129 nec

503 2169 807 2236 defatigari,
865 2167 1090 2222 dicens:
1130 2165 1298 2222 Judex
1346 2169 1566 2236 quidam
1600 2177 1719 2222 erat
1761 2168 1814 2221 in
1847 2169 2081 2235 quadam

501 2261 740 2323 civitate,
783 2259 875 2326 qui
931 2259 1095 2311 Deum
1126 2273 1234 2312 non
1265 2258 1514 2323 timebat,
1559 2271 1656 2310 nec
1689 2258 1960 2312 hominem
2001 2273 2086 2313 re-

500 2351 814 2406 verebatur.
842 2347 1014 2403 Vidua
1038 2359 1214 2403 autem
1242 2350 1486 2417 quaedam
1512 2358 1628 2403 erat
1655 2349 1947 2404 incivitate
1973 2350 2085 2415 illa,

502 2452 558 2495 et
585 2441 834 2496 veniebat
864 2441 930 2493 ad
964 2456 1084 2494 eum
1128 2440 1314 2493 dicens
1344 2456 1358 2492 :
1386 2438 1613 2494 Vindica
1655 2453 1740 2494 me
1784 2438 1852 2492 de
1893 2440 2088 2494 adver-

501 2533 642 2588 sario
677 2548 816 2586 meo.
867 2531 932 2586 Et
964 2531 1180 2586 nolebat
1227 2531 1560 2599 aliquandiu.
1595 2529 1724 2587 Post
1761 2532 1873 2587 hare
1901 2544 2084 2588 autem

500 2627 638 2682 dixit
683 2627 824 2680 intra
877 2639 934 2679 se
966 2641 980 2678 :
1017 2627 1339 2693 Quanquam
1389 2625 1556 2678 Deum
1593 2640 1699 2679 non
1749 2626 1936 2692 timeo,
1987 2642 2088 2683 nec

500 2716 770 2772 hominem
824 2728 1095 2780 revereor,
1155 2723 1335 2768 tamen
1389 2716 1513 2784 quia
1568 2717 1798 2771 molesta
1829 2726 1914 2774 est
1959 2719 2087 2773 mihi

499 2809 613 2863 bzec
648 2809 829 2870 vidua,
865 2789 1152 2861 vindicabo
1185 2806 1359 2872 illam,
1393 2822 1462 2880 ne
1496 2808 1707 2862 tandem
1734 2810 1959 2865 veniens
1991 2825 2088 2864 su-

2261 1734 2382 1786 τῶν
2410 1721 2683 1796 πάιδίωὶρ,
2717 1730 2805 1782 ὅτι
2833 1721 3035 1782 αὐξῶν
3061 1726 3232 1796 ἐστιν
3274 1725 3312 1792 ἡ
3351 1721 3651 1796 ,ϐασιλεία
3681 1721 3786 1796 τοῦ

2263 1804 2432 1858 Θεοῦ.
2483 1801 2621 1870 Περὶ
2667 1793 2774 1854 τοῦ
2812 1795 3309 1867 ἐπερωτήσαντος
3359 1795 3471 1848 τὸν
3509 1793 3783 1861 Ἰησοῦν.

2261 1874 2402 1942 Περὶ
2433 1874 2537 1927 τοῦ
2571 1870 2820 1938 λεπροῦ.

2264 2007 2282 2040 ι
2319 1988 2513 2056 Ἔλεγε
2543 1986 2599 2039 δὲ
2628 1983 2947 2056 παραϐολὴν
2979 1983 3168 2046 αὐτοῖς
3195 1981 3333 2052 πρὸς
3359 1979 3420 2033 τὸ
3450 1980 3563 2034 δεῖν
3589 1979 3789 2042 αὐτοὺς

2186 2083 2421 2136 πάντοτε
2486 2077 2909 2150 προσεύχεσθαι,
2973 2077 3067 2130 καὶ
3120 2077 3196 2147 μὴ
3236 2077 3520 2140 ἐκκακεῖν,
3577 2073 3784 2142 λέγων·

2189 2176 2386 2247 κριτής
2407 2191 2490 2236 τις
2519 2168 2587 2244 ἦν
2623 2171 2680 2224 ἐν
2705 2189 2813 2224 τινι
2837 2170 2988 2224 πόλει
3022 2169 3114 2223 τὸν
3144 2167 3276 2222 Θεὸν
3317 2168 3392 2238 μὴ
3422 2166 3786 2235 φοϐούμενος.

2188 2272 2280 2323 καὶ
2328 2267 2617 2337 ἄνθρωπον
2676 2265 2751 2335 μὴ
2783 2262 3201 2334 ἐντρεπόμενος.
3245 2261 3405 2332 Χήρα
3434 2259 3491 2312 δέ
3517 2255 3602 2323 τις
3626 2254 3697 2329 ἦν
3731 2260 3788 2311 ἐν

2187 2361 2370 2431 ἐκείνῃ
2421 2361 2488 2428 τῇ
2536 2357 2710 2416 πόλει.
2763 2357 2858 2409 καὶ
2893 2356 3089 2424 ἧρχετο
3127 2353 3265 2423 πρὸς
3314 2351 3480 2406 αὐτὸν
3529 2352 3783 2419 λέγουσα,

2199 2452 2516 2524 Ἐκδίκησόν
2537 2467 2603 2520 με
2633 2449 2742 2503 ἀπὸ
2775 2445 2870 2501 τοῦ
2899 2447 3170 2500 ἀντιδίκου
3211 2462 3335 2510 μου.
3374 2445 3489 2498 Καὶ
3518 2445 3622 2496 οὐκ
3655 2443 3783 2513 ὴθέ-

2184 2547 2348 2618 λησεν
2377 2547 2469 2598 ἐπὶ
2497 2544 2707 2615 χρόνον.
2737 2540 2962 2596 Μετὰδέ
2990 2540 3163 2593 ταῦτα
3197 2535 3353 2592 εἶπεν
3383 2541 3441 2592 ἐν
3473 2538 3680 2608 ἐαυτῷο
3725 2536 3786 2590 El

2187 2639 2283 2693 καὶ
2309 2640 2398 2692 τὸν
2425 2637 2558 2691 Θεὸν
2581 2636 2642 2690 οὐ
2675 2633 2974 2706 φοϐοῦμαι,
3008 2632 3102 2686 καὶ
3134 2631 3424 2701 ἄνθρωπον
3455 2631 3557 2683 οὐκ
3595 2629 3786 2701 ἐντρέτζ

2190 2749 2384 2803 πομαι,
2407 2730 2495 2784 διά
2513 2746 2578 2798 γε
2606 2729 2666 2780 τὸ
2691 2725 2953 2798 παρέχειν
2983 2742 3072 2795 μοι
3097 2725 3299 2786 κόπους
3325 2723 3426 2795 τὴν
3455 2723 3630 2793 χήραν
3655 2721 3788 2775 ταύ-

2187 2839 2308 2892 την,
2369 2821 2641 2891 ἐκδικήσω
2683 2817 2875 2888 αὐτὴν,
2936 2816 3021 2870 ἵνα
3055 2815 3130 2886 μὴ
3178 2815 3258 2877 είς
3315 2813 3475 2878 τέλος
3510 2814 3784 2884 ἐρχομένη

499 2899 650 2970 gillet
700 2915 806 2953 me.
840 2899 928 2953 Ait
957 2910 1138 2954 autem
1172 2898 1436 2955 Dominus
1470 2917 1483 2953 :
1527 2901 1724 2955 Audite
1762 2902 1889 2969 quid
1919 2902 2082 2970 judex

2190 2912 2462 2984 ὑποπιέζῃ
2494 2929 2581 2982 με.
2605 2906 2745 2964 Εἶπε
2765 2909 2821 2964 δέ
2848 2911 2876 2960 6
2900 2908 3123 2978 Κύριοςσ
3151 2907 3449 2961 ’Δκούσατε
3481 2907 3534 2960 τί
3551 2910 3578 2960 6
3595 2907 3789 2979 κριτὴς

501 2992 720 3060 iniquus
750 2991 913 3045 dicat.
946 2991 1085 3045 Deus
1113 2997 1291 3044 autem
1319 3004 1426 3044 non
1459 2990 1622 3046 faciet
1652 2991 1942 3050 vindictam
1970 2993 2082 3049 ele-

2190 3006 2286 3075 τῆς
2321 3005 2536 3066 ἀδικίας
2566 3002 2752 3070 λέγει·
2781 3003 2808 3054 6
2846 3001 2904 3054 δὲ
2941 2999 3073 3062 Θεὸς
3100 2999 3160 3051 οὐ
3201 2997 3277 3069 μὴ
3313 3001 3519 3068 ποιήσῃ
3555 2997 3658 3068 τὴν
3691 2999 3788 3050 ἐκ-

498 3093 711 3137 Ctorum
736 3098 953 3137 suorum
981 3082 1328 3137 clamantium
1362 3083 1428 3137 ad
1456 3098 1516 3139 se
1543 3085 1627 3138 die
1649 3099 1710 3140 ac
1733 3094 1891 3140 nocte
1917 3086 2082 3139 etiam

2190 3099 2401 3168 δίκησιν
2430 3076 2538 3149 τῶν
2569 3094 2844 3148 ἐκλεκτῶν
2890 3091 3056 3146 αὑτοῦ
3091 3089 3484 3161 τῶνβοώντων
3515 3091 3656 3160 πρὸς
3690 3106 3789 3144 αυ-

500 3194 623 3233 cuni
647 3178 855 3244 patiens
883 3175 1044 3231 fuerit
1065 3192 1228 3246 super
1256 3177 1400 3232 illis?
1425 3179 1554 3234 Dico
1583 3180 1736 3234 vobis
1763 3180 1906 3249 quod
1929 3181 2082 3235 faciet

2190 3191 2276 3243 τὸν
2306 3187 2640 3260 ἡμέραςκαὶ
2663 3186 2883 3250 νυκτὸς,
2916 3185 3008 3238 καὶ
3035 3183 3412 3255 μακροθυμῶν
3445 3181 3534 3234 ἐπ’
3564 3182 3784 3246 aiatait;

501 3269 791 3323 vindictam
816 3269 1030 3321 illorum
1061 3269 1188 3322 cito.
1222 3265 1420 3322 Verum
1443 3278 1622 3324 tamen
1651 3269 1820 3325 Filius
1851 3270 2082 3325 hominis

2190 3281 2329 3348 λέγω
2357 3280 2508 3349 ὑμῖν,
2537 3280 2620 3332 ὅτι
2640 3279 2856 3349 ποιήσει
2884 3275 2986 3344 τὴν
3011 3275 3292 3346 ἐκδίκησιν
3316 3274 3497 3328 αὐτῶν
3522 3277 3581 3328 ἐν
3606 3274 3785 3344 τάχει.

501 3371 624 3414 cum
656 3359 882 3425 venerit,
937 3375 1002 3412 an
1057 3368 1373 3429 reperturus
1418 3369 1500 3415 est
1530 3360 1688 3415 Iidem
1725 3362 1776 3414 in
1819 3361 2001 3416 terra?
2052 3381 2069 3412 ι

500 3452 795 3522 Postquam
845 3453 1173 3507 mentionem
1225 3453 1354 3507 fecit
1397 3450 1748 3516 alllictionum
1785 3465 1838 3508 et
1869 3455 2081 3522 pericu-

505 3548 704 3610 lorum,
759 3561 900 3600 nuuc
956 3547 1138 3600 subdit
1188 3545 1460 3615 quomodo
1512 3547 1566 3600 in
1625 3545 1735 3601 illis
1789 3547 2078 3602 salvemur.

501 3640 776 3692 Curantur
818 3639 960 3691 enim
1007 3638 1252 3692 oratione
1300 3648 1685 3706 perseverante
1717 3646 1771 3692 et
1820 3639 2079 3693 sollicita.

503 3731 636 3784 Nam
675 3735 904 3782 ventura
952 3714 1078 3781 sntit
1124 3729 1238 3780 haec
1280 3730 1485 3780 omnia.
1519 3727 1786 3782 Caeterum
1823 3744 2077 3798 magnum

505 3823 765 3878 auxilium
798 3823 849 3874 in
889 3821 972 3873 his
1006 3820 1110 3873 fert
1141 3819 1404 3887 precatio,
1437 3819 1595 3872 modo
1622 3833 1986 3888 perseverans
2013 3820 2086 3874 sit

501 3924 555 3970 ct
585 3916 863 3969 continua.
892 3912 1115 3981 Oportet
1143 3912 1288 3965 enim
1314 3925 1412 3964 nos
1439 3911 1786 3966 considerare
1813 3913 2085 3981 quomodo

501 4008 686 4075 injusti
735 4005 933 4076 judicis
971 4004 1324 4073 pertinaciam
1363 4000 1525 4073 432
1579 4002 1840 4057 sedulitas
1905 4004 2083 4060 viduae

502 4096 747 4164 fregerit.
799 4094 858 4147 Si
930 4094 1072 4146 enim
1127 4092 1272 4144 illum
1312 4095 1459 4145 omni
1516 4091 1721 4145 malitia
1791 4091 2080 4164 repletum,

502 4201 679 4254 neque
709 4188 876 4240 Deum
926 4199 1102 4248 neque
1131 4183 1380 4236 homines
1427 4194 1788 4247 reverentetn,
1822 4199 2080 4254 perseve—

507 4283 678 4331 rantis
716 4276 890 4329 oratio
942 4273 1192 4327 deiuultit
1225 4289 1236 4326 :
1279 4282 1482 4341 quanto
1517 4276 1691 4342 magis
1731 4291 1830 4330 nos
1862 4275 2079 4332 Patrem

2188 3373 2336 3442 Πλὴν
2364 3375 2391 3425 6
2427 3372 2555 3434 Υἱὸς
2577 3372 2678 3423 ’τοῦ
2720 3367 3014 3441 ἀνθρώπου
3071 3366 3243 3420 ἐλθὼν
3276 3360 3388 3436 ἆρα
3420 3365 3649 3436 εὑρήσει
3689 3365 3788 3436 τὴν

2185 3465 2366 3518 πίστιν
2398 3465 2489 3518 ἐπὶ¹
2515 3465 2611 3535 τῆς
2640 3464 2784 3532 γῆςς
2829 3481 2848 3514 ι
2887 3461 3105 3532 Ἐπειδὴ
3137 3460 3368 3530 θλίψεων
3391 3461 3786 3530 ἐμνημόνευσε

2186 3559 2281 3612 καὶ
2317 3557 2599 3622 κινδύνων,
2643 3557 2895 3626 ἐπιφέρει
2945 3556 3038 3608 καὶ
3067 3554 3165 3624 τὴν
3212 3553 3512 3626 θεραπείαν
3551 3553 3784 3618 τούτων,

2183 3650 2216 3718 ἡ
2251 3649 2306 3702 δέ
2332 3651 2480 3702 ἐστιν
2541 3651 2574 3719 ἡ
2625 3648 2925 3720 προσευχὴ,
2975 3648 3069 3700 καὶ
3112 3647 3210 3716 οὐχ
3254 3645 3442 3708 ἀπλῶς
3480 3647 3781 3717 προσευχὴ.

2186 3739 2300 3793 ἀλλ’
2337 3740 2595 3809 ἐπίμονος
2661 3740 2756 3794 καὶ
2822 3738 3306 3810 μεμεριμνημένη.
3359 3738 3637 3792 Μέλλουσι
3686 3741 3784 3808 μὲν

2187 3830 2316 3901 γὰρ,
2352 3830 2509 3900 φησι,
2541 3828 2716 3883 ταῦτα
2747 3831 2928 3882 πάντα
2966 3833 3079 3893 τοῖς
3107 3831 3229 3882 τότε
3262 3831 3614 3900 συμϐαινειν,
3648 3830 3785 3885 ἀλλὰ

2188 3923 2363 3991 μέγας
2399 3921 2590 3991 βοηθὸς
2623 3921 2761 3990 πρὸς
2792 3919 2967 3974 ταῦτα
2997 3923 3029 3990 ἡ
3064 3919 3363 3990 προσευχὴ,
3402 3922 3468 3990 ἢν
3503 3923 3783 3990 ἐπιμόνως

2188 4015 2282 4065 καὶ
2308 4009 2548 4082 συνέχῶς
2580 4013 2849 4067 ποιεῖσθαι
2870 4014 2951 4066 δεῖ
2988 4014 3136 4084 ἡμᾶς
3170 4013 3508 4076 ἐννοοῦντας.
3545 4013 3663 4077 πῶς
3695 4015 3784 4067 τὸν

2187 4105 2382 4175 κριτὴν
2429 4105 2530 4174 τῆς
2574 4104 2792 4167 ἀδικίας
2825 4106 2858 4174 ἠ
2901 4106 2996 4174 τῆς
3041 4105 3218 4175 χήρας
3253 4104 3584 4176 προσεδρεία
3618 4124 3782 4160 κατε-

2183 4196 2527 4266 δυσώπησεν.
2563 4198 2624 4250 Εί
2652 4197 2760 4267 γὰρ
2788 4196 2977 4250 τοῦτον
3003 4195 3093 4250 τὸν
3126 4196 3307 4266 πάσης
3339 4197 3540 4258 κακίας
3572 4200 3784 4271 πεπλη-

2190 4290 2453 4359 ρωμένον,
2487 4291 2581 4343 καὶ
2611 4289 2748 4360 πρὸς
2782 4289 2915 4342 Θεὸν
2974 4291 3069 4342 καὶ
3103 4289 3241 4360 πρὸς
3291 4289 3620 4360 ἀνθρώπους
3675 4294 3782 4346 ἀπ·

504 4369 892 4427 ιιιίεοτίροτὰἱτε
933 4367 1098 4419 Deum
1145 4365 1210 4418 ad
1245 4365 1649 4421 miserationem
1704 4369 2079 4438 movebimus,

2200 4381 2632 4452 αναιδεσὰμενον
2686 4381 3016 4453 ήκαρτερία
3050 4382 3313 4452 ἐμάλαξε,
3369 4386 3525 4455 πόσῳ
3583 4387 3783 4455 μᾶλλον

504 4463 717 4518 etiamsi
773 4467 1056 4513 cunctetur
1105 4456 1390 4510 nonnihil?
1445 4454 1576 4511 Vide
1625 4466 1806 4513 autem
1863 4461 2085 4528 majoris

506 4556 722 4609 malitias
777 4552 1035 4605 indicium
1087 4563 1227 4609 esse,
1291 4564 1463 4617 neque
1515 4551 1770 4606 homines
1823 4538 2082 4609 revereri.

505 4646 672 4700 Deum
709 4645 848 4696 enim
884 4641 1035 4694 anIli
1071 4655 1177 4692 non
1207 4641 1417 4703 timent,
1447 4649 1684 4696 attamen
1718 4644 1964 4700 homines
1999 4661 2084 4701 re-

504 4746 782 4797 verentur,
816 4735 934 4787 ideo
969 4742 1022 4785 et
1054 4733 1232 4785 minus
1261 4743 1488 4800 peccant
1522 4747 1536 4785 :
1574 4736 1789 4803 quando
1821 4747 1996 4790 autem
2029 4749 2082 4792 et

503 4827 644 4897 apud
705 4827 951 4880 homines
993 4825 1115 4893 quis
1169 4826 1452 4893 impudens
1507 4826 1691 4891 fuerit,
1749 4837 1876 4882 tunc
1909 4833 2083 4886 amnis

504 4922 719 4974 malitiae
769 4927 950 4971 vertex
995 4917 1227 4971 videtur.
1277 4917 1478 4972 Idcirco
1510 4928 1563 4971 et
1596 4919 1851 4976 Dominus
1896 4934 2082 4991 postea

505 5015 706 5081 posuit,
741 5026 910 5076 neque
945 5011 1214 5062 hominem
1247 5025 1523 5076 τριετοῦς,
1552 5015 1706 5081 quasi
1739 5014 1841 5068 hoc
1874 5018 2080 5085 dicens,

500 5105 670 5157 Judex
703 5113 818 5156 erat
872 5102 1039 5154 Deum
1099 5119 1201 5155 non
1238 5103 1454 5168 timens,
1508 5116 1561 5158 et
1606 5107 1732 5174 quid
1779 5108 1902 5163 dico
1936 5112 2079 5180 quod

500 5197 666 5250 Deum
716 5212 816 5248 non
877 5196 1154 5248 timuerit?
1197 5196 1373 5262 majus
1421 5199 1638 5252 malitia:
1691 5201 1947 5255 indicium
1983 5206 2079 5257 ha-

501 5288 634 5350 buit,
662 5287 786 5353 quia
830 5301 1003 5352 neque
1043 5287 1315 5338 hominem
1364 5291 1734 5343 revcrebatur.
1765 5290 1932 5345 Porro
1966 5294 2080 5348 haec

504 5381 750 5448 paralmla
783 5395 881 5433 nos
911 5382 1080 5440 docet,
1111 5381 1251 5448 quod
1280 5396 1420 5449 szepe
1451 5382 1680 5438 dicimus
1712 5387 1854 5439 inter
1880 5387 2080 5441 exhor-

503 5473 737 5534 tandum,
805 5487 870 5524 ne
922 5474 1276 5539 delatigemur
1336 5477 1387 5527 in
1441 5477 1708 5542 precibus.
1748 5481 1887 5534 Sane
1938 5483 2079 5536 sicut

501 5567 620 5617 alibi
656 5566 781 5616 dicit
817 5582 828 5617 :
865 5565 996 5628 Quis
1031 5582 1265 5619 vestrum
1320 5570 1552 5621 amicum
1597 5570 1823 5636 habens,
1854 5582 1907 5627 et
1955 5590 2075 5628 cum

502 5657 703 5710 venerit
745 5667 797 5710 et
845 5656 1138 5724 pulsaverit
1189 5670 1370 5729 nocte,
1412 5662 1562 5717 illum
1625 5664 1927 5732 rejecturus
1960 5666 2076 5722 (τειῖ

2191 4475 2350 4543 ἡμεῖς
2379 4474 2467 4526 τὸν
2507 4474 2719 4544 πατέρα
2746 4474 2839 4527 τοῦ
2875 4475 3058 4537 ἐλέους
3083 4475 3214 4528 Θεὸν
3237 4476 3336 4545 οὐχ
3366 4476 3674 4547 ἐλκύσομεν
3704 4480 3781 4538 ei;

2188 4560 2390 4629 οἶκτον,
2417 4566 2522 4618 κᾶν
2557 4565 2887 4636 μακροθυμῇ
2923 4566 3058 4637 πρὸς
3109 4566 3171 4618 τὸ
3204 4566 3414 4635 παρόν;
3450 4568 3596 4638 Ὅρα
3617 4570 3674 4621 δὲ
3701 4571 3780 4622 ὅτι

2186 4657 2246 4707 τὸ
2297 4656 2432 4725 μηδέ
2486 4655 2810 4726 ἀνθρώπους
2864 4655 3219 4726 αἰσχύνεσθαι
3277 4657 3524 4730 χείρονος
3581 4661 3778 4723 κακίας

2186 4748 2406 4816 δεῖγμα·
2437 4748 2528 4800 τὸν
2561 4749 2659 4816 μὲν
2691 4748 2797 4815 γὰρ
2834 4748 2966 4800 Θεὸν
2993 4747 3175 4802 πολλοὶ
3203 4749 3265 4802 οὐ
3288 4749 3611 4818 φοὸούνται,
3647 4752 3775 4824 πλὴν

2186 4837 2301 4889 ἀλλ’
2332 4837 2655 4907 ἀνθρώπους
2701 4839 3073 4908 αἰσχύνονται,
3100 4840 3182 4893 διὸ
3209 4844 3300 4894 καὶ
3324 4837 3490 4913 ἦττον
3531 4845 3780 4916 ἁμαρτά-

2186 4947 2385 4985 νουσιν.
2425 4932 2592 4984 Ὅταν
2624 4932 2680 4984 δὲ
2713 4935 2807 4986 καὶ
2857 4933 3353 5004 πρὸςάνθρώπους
3397 4937 3778 5008 ἀπαναισχυνο

2184 5026 2367 5095 τήσειέ
2398 5044 2504 5093 τις,
2549 5027 2783 5080 ἐνταῦθα
2831 5029 2931 5098 ἥδη
2967 5030 3063 5098 τῆς
3103 5031 3302 5093 κακίας
3331 5032 3364 5099 ἡ
3415 5036 3657 5101 κορυφή.
3689 5033 3776 5085 Διὸ

2185 5118 2278 5167 καὶ
2310 5116 2336 5167 6
2374 5116 2578 5186 Κύριος
2628 5115 2856 5186 ὕστερον
2886 5119 3098 5171 τέθεικε
3131 5119 3212 5183 τὸ,
3248 5120 3538 5190 ἄνθρωπον
3573 5124 3650 5191 μὴ
3687 5125 3760 5174 έν-

2183 5209 2540 5278 τρεπόμενος,
2588 5209 2791 5263 ώσανεὶ
2844 5210 3001 5263 τοῦτο
3049 5211 3262 5278 λέγων’
3299 5214 3421 5264 Ὅτι
3463 5216 3656 5285 κριτὴς
3704 5212 3769 5286 ἦν

2182 5303 2273 5352 τὸν
2306 5302 2439 5354 Θεὸν
2475 5300 2550 5372 μή
2587 5301 2940 5371 φοϐούμενος,
2973 5305 3066 5355 καὶ
3094 5304 3146 5354 τί
3186 5303 3328 5368 λέγω
3355 5306 3538 5367 τοῦτο,
3574 5308 3654 5358 ὅτι
3683 5309 3768 5358 τὸν

2183 5395 2312 5446 Θεὸν
2343 5398 2441 5448 οὐκ
2497 5397 2778 5463 ἐφοὸεἴτος
2830 5397 2889 5448 τὸ
2928 5397 3112 5467 μεῖζον
3145 5395 3258 5468 εἶχε
3299 5398 3498 5468 δεῖγμα
3533 5401 3632 5468 τῆς
3673 5419 3768 5451 κα-

2177 5487 2325 5548 κίας,
2362 5488 2442 5539 ὅτι
2469 5488 2593 5539 οὐδὲ
2621 5489 2906 5557 ἄνθρωπον
2937 5490 3221 5559 ᾐσχύνετο.
3259 5490 3443 5542 Ταῦτα
3477 5491 3576 5560 μὲν
3617 5492 3706 5543 οὖν
3739 5495 3766 5561 ἡ

2183 5578 2466 5648 παραϐολὴ
2495 5580 2642 5648 ἡμᾶς
2680 5579 2943 5642 διδάσκει,
2967 5581 3041 5641 ώς
3077 5581 3337 5643 πολλάκις
3369 5583 3619 5649 εἴπομεν,
3649 5601 3764 5634 νου-

2183 5670 2412 5724 θετοῦ-σα
2450 5673 2523 5741 μὴ
2557 5674 2813 5728 ἐκκακεῖν
2839 5675 2896 5725 ἐν
2926 5675 3044 5737 ταῖς
3073 5677 3423 5745 προσευχαῖς,
3459 5674 3646 5748 ὥσπερ
3676 5675 3756 5731 οὗ)
