4000 6422
275 375 412 443 1001

935 369 1386 434 ENA'RRATIO
1427 372 1512 434 IN
1553 367 2067 436 EVANGELIUM
2110 366 2355 431 LUC-ﬂ.
2388 393 2458 405 κ-
2480 368 2639 430 CAP.
2684 367 2906 430 XVIII.

3436 366 3574 433 1002

240 497 340 549 καὶ
367 486 605 560 ἀλλαχοῦ
655 486 782 557 ἔφη’
810 485 906 549 Τίς
932 487 993 551 ἐξ
1017 485 1044 539 ὑ
1055 484 1174 558 μῶν
1207 484 1362 557 φίλον
1392 485 1557 557 ἔχων,
1593 471 1719 538 εῒτοί
1760 481 1848 536 ὲλ-

1965 481 2097 537 Nam
2118 490 2342 554 propter
2363 478 2760 552 impudentiam
2782 477 2926 548 ejus,
2949 478 2995 534 si
3021 492 3128 560 non
3151 487 3376 550 propter
3398 480 3572 545 aliud,

238 586 408 639 θόντα
448 585 542 639 καὶ
571 580 841 652 κρούοντα
867 579 1063 642 νυκτὸς
1106 579 1538 650 ἀποπέμψεταις
1599 580 1698 633 Διὰ
1741 575 1854 648 γὰρ

236 678 344 747 τὴν
393 675 672 729 ἀναίδειαν
717 671 903 736 αὑτοῦ,
953 671 1001 724 εί
1033 672 1108 742 μὴ
1147 671 1217 724 δι’
1241 671 1396 726 οὐδὲν
1451 671 1583 726 ἄλλο
1620 669 1849 734 ἀνοίξει.

234 768 548 832 Καὶπάλιν
570 783 582 796 ·
619 783 640 818 ε
674 766 771 830 Τίς
822 765 881 833 ἐξ
909 765 1083 837 ὑμῶν,
1118 764 1178 818 6v
1210 763 1307 819 ἐὰν
1334 766 1361 826 6
1394 765 1508 830 υίὸς
1537 764 1708 819 αὑτοῦ
1760 763 1852 817 at!-

234 864 387 937 στήσῃ
413 860 600 933 ἄρτον,
644 879 663 914 ι
699 859 796 915 καὶ
823 859 894 914 τὰ
923 858 1074 926 ἑξῆς.
1105 857 1208 912 Διὰ
1239 857 1449 914 τούτων
1480 857 1590 930 γὰρ
1627 859 1851 912 πάντων

233 961 341 1030 τὴν
371 958 612 1027 ἔμμονον
640 949 839 1026 σχολὴν
881 956 940 1007 ὲν
973 955 1096 1016 ταῖς
1125 953 1461 1024 προσευχαῖς
1492 954 1628 1022 ἡμῖν
1655 949 1849 1005 ὑποτί-

235 1053 414 1106 θεται.
456 1045 866 1120 Ἐπειράθησαν
893 1047 949 1101 δέ
975 1064 1121 1111 τινες
1151 1047 1578 1118 περιεργότερον
1609 1048 1711 1115 τὴν
1740 1032 1856 1099 πα·-

239 1146 478 1219 ραϐολὴν
509 1144 719 1213 ταύτην
754 1138 1114 1202 ὲκλαϐέσθαι,
1143 1140 1242 1193 καὶ
1277 1139 1585 1192 ἀπεικάσαι
1615 1138 1854 1210 ἐτόλμη-

235 1257 340 1294 σαν
374 1242 442 1310 τῇ
471 1235 728 1308 ἀληθείᾳ.
763 1226 1078 1304 Χήρατμὲν,
1113 1232 1348 1302 ἔφασαν,
1374 1232 1495 1284 ἐστὶ
1522 1233 1675 1284 πᾶσα
1696 1231 1846 1302 ψυχὴ

230 1333 330 1385 τὸν
358 1330 529 1402 ἄνδρα
568 1328 920 1384 ἀποϐαλοῦσα
951 1324 1147 1395 αὑτῆς,
1179 1325 1239 1378 ὃν
1273 1320 1388 1394 εἶχε
1425 1324 1717 1396 πρότερον,
1752 1323 1846 1377 τὸν

231 1424 488 1479 διάϐολον
514 1422 681 1492 φημὶ,
712 1421 806 1474 καὶ
835 1419 924 1474 διὰ
954 1417 1117 1472 τοῦτο
1148 1417 1424 1472 ἀντίδικον
1453 1417 1617 1471 αὑτὸν
1645 1416 1848 1489 ἔχουσα

234 1518 329 1578 ἀεὶ
359 1514 745 1586 ἐπιτιθέμενον
785 1513 947 1582 αὑτῇ·
1001 1513 1033 1581 ή
1081 1510 1140 1564 δὲ
1187 1508 1557 1581 προσέρχεται
1603 1507 1681 1580 τῷ
1725 1507 1846 1580 Θεῷ

234 1611 406 1682 κριτῇ
444 1609 546 1678 τῆς
599 1605 836 1674 ἀδικίας,
894 1603 1172 1668 τουτέστι,
1208 1603 1286 1674 τῷ
1317 1603 1708 1674 κατακρίνοντι
1743 1603 1846 1668 τὴν

231 1703 481 1768 ἀδικίαν,
515 1701 573 1764 ὃς
604 1699 727 1754 οὕτε
759 1699 893 1752 Θεὸν
932 1699 1205 1769 φοϐεῖται.
1232 1697 1407 1762 Αὐτὸς
1435 1699 1547 1768 γὰρ
1577 1697 1712 1761 Θεὸς
1748 1697 1846 1767 μό-

232 1811 349 1857 νος,
383 1795 480 1846 καὶ
529 1792 630 1846 οὐκ
662 1791 778 1862 ἔχει
812 1791 875 1846 ὃν
905 1790 1285 1862 φοϐηθήσεται
1324 1791 1535 1862 ἕτερον’
1571 1790 1689 1844 ἀλλ’
1717 1789 1844 1844 οὗτε

1964 574 2193 645 aperiet.
2251 574 2318 630 Et
2359 574 2559 629 iterum
2594 589 2608 626 :
2652 591 2670 625 ι
2706 570 2842 640 Quis
2887 585 2951 625 ex
2986 557 3179 638 vobis,
3209 588 3238 626 a
3270 585 3380 642 quo
3429 569 3472 626 si
3516 571 3576 625 il-

1963 667 2070 723 lius
2122 667 2242 739 ejus
2292 679 2487 737 panem
2538 672 2713 736 petat,
2740 674 2851 719 etc.
2922 681 2940 714 ›
2981 661 3193 728 Quibus
3240 661 3476 730 sollicita
3513 676 3578 714 ac

1962 769 2225 832 perpetua
2256 759 2434 813 oratio
2479 756 2880 830 praescribitur.
2917 754 2988 809 At
3041 761 3323 808 tentarunt
3354 754 3577 824 quidam

1963 852 2278 924 parabolam
2334 851 2479 906 hanc
2540 849 2817 906 curiosius
2872 834 3190 916 exponere,
3247 856 3303 902 et
3356 847 3578 914 veritati

1960 961 2287 1016 comparare
2355 954 2484 1001 sunt
2546 945 2666 1000 ausi
2727 941 2823 1014 (α).
2868 939 3102 998 Viduam
3177 941 3324 996 enim
3385 941 3580 998 dicunt

1961 1054 2180 1093 omnem
2211 1039 2451 1094 animam
2480 1053 2624 1101 esse,
2667 1037 2847 1092 virum
2885 1048 3070 1092 autem
3105 1037 3386 1098 dimisisse
3415 1051 3576 1108 quem

1961 1133 2116 1202 prius
2150 1132 2364 1199 habuit,
2400 1131 2680 1188 diabolum
2716 1152 2729 1190 :
2781 1143 2834 1189 et
2868 1142 3097 1205 preptcr
3145 1131 3250 1186 hoc
3293 1132 3442 1186 illum
3475 1132 3577 1187 ha-

1961 1227 2052 1280 bet
2085 1226 2464 1281 adversarium
2501 1241 2718 1297 semper
2755 1229 3107 1284 resistentem
3157 1226 3284 1281 sibi.
3321 1224 3440 1298 Ipsa
3475 1242 3578 1280 au-

1960 1327 2072 1375 tem
2108 1319 2324 1394 accedit
2355 1319 2422 1374 ad
2459 1317 2627 1374 Deum
2659 1319 2907 1389 judicem
2963 1319 3273 1390 injustitize.
3313 1319 3421 1374 hoc
3467 1330 3574 1379 est.

1956 1412 2418 1469 comlemuantem
2456 1413 2805 1481 injustitiam,
2856 1413 2948 1484 qui
2987 1428 3164 1483 neque
3195 1413 3365 1469 Deum
3399 1413 3573 1469 timet.

1955 1509 2074 1581 ipse
2103 1508 2251 1565 enim
2285 1506 2610 1573 Deussolus
2637 1522 2745 1563 non
2775 1507 2944 1564 habet
2976 1513 3138 1578 quem
3164 1507 3358 1563 timeat
3385 1507 3575 1573 alium,

1955 1606 2048 1660 sed
2069 1600 2554 1675 nequebominem
2583 1611 2906 1668 reveretur;
2935 1600 3078 1656 Deus
3102 1605 3247 1656 enim
3277 1616 3574 1672 personam

1957 1695 2196 1750 hominis
2246 1708 2357 1749 non
2407 1692 2600 1763 recipit
2625 1691 2694 1746 θ’.
2732 1693 2872 1747 l-luic
2902 1691 3100 1759 vidum,
3132 1707 3255 1764 quae
3288 1693 3416 1748 dum
3451 1704 3579 1749 orat

1954 1788 2234 1844 continuis
2268 1788 2530 1857 precibus
2566 1797 2790 1858 propter
2821 1786 3207 1843 adversarium
3262 1802 3420 1843 suum
3454 1787 3575 1844 dia-

233 1887 530 1959 ἄνθρωπον
557 1883 899 1957 αἰσχύνεται,
928 1883 1064 1948 Θεὸς
1087 1883 1197 1954 γὰρ
1223 1883 1524 1956 πρόσωπον
1551 1882 1846 1954 ἀνθρώπου

1957 1882 2170 1948 bolum,
2202 1883 2499 1938 miseretur
2531 1881 2697 1946 Deus,
2745 1890 2802 1936 et
2853 1882 3110 1953 placatur
3156 1892 3382 1952 propter
3433 1883 3578 1937 assi-

233 1981 298 2034 οὐ
355 1977 651 2049 λαμϐάνει.
705 1977 930 2049 Ταύτην
982 1977 1083 2049 τὴν
1136 1977 1318 2048 χήραν
1362 1976 1543 2049 ψυχὴν
1582 1975 1852 2048 δεομένην

232 2073 334 2128 τοῦ
361 2073 499 2127 Θεοῦ
541 2072 782 2145 συνεχῶς
822 2072 912 2126 διὰ
936 2072 1028 2126 τὸν
1061 2073 1333 2127 ἀντίδικον
1368 2074 1541 2146 αὑτῆς
1573 2074 1848 2140 διάϐολον,

233 2166 506 2237 οίκτείρει
594 2165 729 2230 Θεὸς
759 2165 1318 2237 καταδυσωπησάσης
1347 2167 1516 2222 αὑτὸν
1549 2167 1647 2238 τῆς
1677 2185 1850 2239 προσ-

233 2259 454 2331 εδρείας
487 2257 709 2328 ταύτης.
747 2257 936 2313 Ταῦτα
968 2257 1064 2329 μὲν
1091 2257 1187 2313 οὖν
1219 2259 1326 2330 ὅτῳ
1361 2259 1534 2329 φίλον,
1581 2259 1847 2331 δεχέσθω.

235 2352 525 2424 Παρετὲθη
566 2352 702 2423 γὰρ,
730 2352 816 2406 ἵνα
868 2353 946 2423 μὴ
994 2355 1323 2422 ἁγνοῶνται.
1363 2355 1512 2425 Πλὴν
1546 2356 1723 2410 ταῦτα
1765 2356 1846 2412 διο

232 2444 405 2510 saga;
448 2443 598 2513 ἡμᾶς
644 2446 672 2496 6
712 2444 916 2516 Κύριος
959 2447 1090 2517 περὶ
1124 2448 1218 2500 τοῦ
1273 2449 1384 2502 δεῖν
1413 2451 1846 2522 προσεύχεσθαι,

1957 1973 2224 2030 duitatem
2253 1974 2396 2045 ejus.
2441 1972 2594 2039 Haec,
2623 1972 2718 2045 qui
2748 1973 2914 2042 volet,
2950 1983 3007 2030 et
3055 1974 3142 2029 cui
3200 1973 3440 2044 placent,
3474 1987 3572 2029 su-

1956 2067 2174 2136 scipiat.
2232 2066 2519 2138 Proposita
2553 2068 2701 2123 enim
2749 2078 2878 2124 sunt
2906 2084 2973 2125 ne
3022 2067 3362 2136 ignorentur.
3406 2069 3570 2140 Atqui

1955 2159 2223 2217 Dominus
2250 2161 2366 2221 haec
2416 2177 2516 2218 nos
2568 2162 2780 2231 docuit,
2839 2161 2984 2233 quod
3043 2172 3298 2233 oporteat
3354 2177 3574 2233 semper

1953 2270 2114 2323 orare
2150 2274 2164 2312 :
2198 2266 2252 2312 et
2303 2256 2749 2327 per-exemplum
2809 2255 3096 2324 iudicavit,
3151 2258 3298 2329 quod
3349 2256 3569 2312 etiami

1955 2349 2060 2404 iste
2095 2350 2314 2421 iniquus
2344 2362 2397 2406 et
2425 2353 2574 2406 omni
2613 2352 2821 2407 malitia
2853 2351 3066 2421 plenus,
3100 2351 3458 2408 misereretur
3486 2360 3570 2403 ta-

1955 2459 2080 2496 men
2113 2442 2183 2496 ob
2225 2444 2512 2500 continuas
2545 2459 2760 2516 preces,
2791 2454 2996 2516 quanto
3025 2446 3200 2514 magis
3229 2444 3372 2500 Deus
3393 2445 3571 2499 omnis

235 2540 332 2592 aut
393 2537 707 2604 ὑποδείξας,
759 2539 844 2592 ὅτι
893 2540 942 2593 εί
977 2532 1136 2605 οὗτος
1179 2544 1206 2595 ὁ
1255 2543 1480 2615 ἄνομος,
1535 2548 1633 2600 καὶ
1667 2550 1848 2620 πάσης

1955 2535 2174 2605 iustitia!
2224 2536 2332 2590 dux
2384 2553 2491 2593 non
2540 2537 2704 2593 faciet
2753 2537 2904 2594 brevi
2963 2538 3280 2603 vindictam,
3322 2537 3573 2608 quamvis

233 2632 443 2697 κακίας
514 2634 954 2705 πεπληρωμένος
1009 2635 1247 2710 ᾤκτειρε
1307 2642 1372 2711 τῇ
1418 2642 1698 2716 ’συνεχείᾳ
1744 2643 1849 2714 τῆς

230 2727 500 2796 δεήσεως,
545 2728 700 2800 πόσῳ
753 2729 959 2800 μᾶλλον
1005 2734 1032 2785 6
1063 2731 1198 2796 Θεὸς
1227 2735 1256 2787 6
1285 2735 1468 2806 πάσης
1495 2736 1849 2810 δικαιοσύνης

233 2821 485 2893 ἀρχηγὸς
522 2823 584 2876 οὑ
633 2824 880 2894 ποιήσειε
921 2825 1020 2897 τὴν
1049 2827 1332 2898 ὲκδίησιν
1363 2831 1422 2883 ἐν
1462 2831 1640 2903 τάχει,
1668 2833 1849 2889 καίτοι

236 2913 643 2985 μακροθυμῶν,
684 2919 780 2970 καὶ
821 2918 1556 2993 φαινόμενοςὰνηκουστεῖν
1593 2925 1702 2982 τῶν
1730 2927 1850 2979 6co-

238 3006 424 3076 μένων
452 3006 621 3062 αὐτοῦ
651 3009 846 3072 νυκτὸς
875 3011 968 3064 καὶ
993 3012 1240 3084 ήμέρας;
1265 3014 1453 3069 Ταῦτα
1477 3014 1572 3069 οὖν
1598 3016 1845 3084 διδάξας,

233 3099 335 3153 καὶ
382 3098 756 3171 δείξας,ἡμῖν,
805 3103 890 3155 ὅτι
935 3106 992 3156 ἐν
1035 3104 1114 3175 τῷ
1157 3105 1337 3178 καιρῷ
1371 3107 1469 3178 τῆς
1530 3109 1850 3176 συντελείας

229 3193 303 3263 τῇ
337 3195 623 3288 προσευχῇ
675 3195 947 3266 χρηστέον
1004 3197 1143 3268 πρὸς
1191 3198 1319 3263 τοὺς
1382 3200 1684 3271 μέλλοντας
1721 3205 1844 3257 τότε
1873 3228 1918 3288 C

229 3283 523 3350 κινδύνους
569 3288 1315 3363 ὲπιγενήσεσθαι,ἒπιφὲρει,
1358 3294 1462 3362 ὅτι,
1502 3294 1564 3350 '0
1588 3297 1716 3362 Υίὸς
1751 3297 1847 3352 τοῦ

229 3377 536 3450 ἀνθρώπου
586 3373 696 3452 ἄρα
736 3379 912 3435 ἐλθὼν
963 3381 1193 3454 εὑρήσει
1244 3385 1346 3458 τὴν
1402 3391 1588 3443 πίστιν
1619 3389 1713 3443 ἐπὶ
1747 3391 1849 3462 τῆς

229 3469 378 3540 γῆςς
403 3473 464 3525 ἐν
515 3471 761 3544 σχήματι
821 3474 1150 3545 ἐρωτήσεως
1177 3526 1181 3530 .
1211 3477 1275 3531 τὸ
1317 3478 1546 3534 σπάνιον
1586 3481 1696 3535 τῶν
1714 3483 1848 3547 ,τότε

229 3560 698 3632 εὑρεθησομένων
734 3564 945 3620 πιστῶν
974 3565 1397 3638 ὑποσημαίνων.
1432 3571 1707 3628 Τοσοῦτον
1737 3576 1848 3648 γὰρ

228 3655 657 3726 κατακρατήσει
707 3658 829 3710 τότε
854 3659 887 3710 ὑ
936 3658 1051 3724 υίὸς
1099 3661 1201 3731 τῆς
1235 3663 1677 3735 ἀνομίας,.ὧστε
1709 3669 1849 3723 πλαο

228 3744 335 3814 νᾷν
374 3745 470 3797 καὶ
519 3747 646 3810 τοὺς
696 3749 1014 3816 ἐκλεκτοὺς,
1065 3753 1116 3807 εἰ
1166 3751 1414 3809 δυνατόν.
1457 3757 1627 3812 Εῐωθε
1657 3759 1713 3814 δὲ
1754 3761 1849 3814 ἐπὶ

227 3833 331 3888 τοῦ
366 3836 610 3902 σπανίως
641 3840 1042 3913 εὑρισκομένου
1066 3884 1080 3910 ,
1104 3843 1183 3916 τῷ
1222 3846 1633 3921 ὲρωτηματικῷ
1659 3853 1849 3924 τρόπῳ

228 3927 500 4000 χρᾶσθαι,
550 3931 628 3996 ὡς
672 3933 768 3988 καὶ
795 3935 890 3989 ἐπὶ
928 3934 1022 3989 τοῦ
1047 3953 1060 3967 ο
1118 3937 1216 4001 Τίς
1262 3939 1374 4012 ἄρα
1412 3943 1618 3997 ἐστιννὸ
1652 3946 1848 4010 πιστὸς

225 4022 444 4089 δοῦλος,
470 4025 564 4078 καὶ
596 4027 900 4098 φρόνιμοςς
930 4031 1042 4084 Καὶ
1072 4026 1314 4086 ἐνταῦθα
1345 4030 1440 4088 οὖν
1470 4036 1532 4090 τὸ
1559 4037 1694 4105 αὑτὸ
1721 4039 1852 4093 ὑπο-

227 4115 438 4186 δηλῶν,
469 4120 568 4172 καὶ
593 4121 676 4173 ὄτι
712 4120 961 4192 βραχεῖς,
988 4125 1087 4180 καὶ
1114 4126 1390 4194 ὀλιγόστοι
1418 4128 1633 4186 ἔσονται
1669 4135 1717 4188 oi
1749 4133 1848 4206 τὴν

228 4209 373 4278 πρός
405 4228 463 4264 τε
488 4213 582 4266 τὸν
606 4212 762 4282 Θεὸν,
796 4217 892 4269 καὶ
934 4219 1073 4289 πρὸς
1092 4220 1372 4292 ἀλλήλους
1393 4223 1601 4300 ,πίστιν
1644 4227 1850 4295 φυλάτ-

225 4318 444 4368 τοντες,
471 4308 538 4376 τῇ
576 4309 847 4378 ἐρωτήσει
877 4310 1053 4384 ταύτῃ
1075 4307 1374 4385 ἐχρήσατο.
1408 4317 1653 4381 Είκότως
1689 4319 1745 4373 δὲ
1779 4322 1845 4392 τῇ

230 4398 369 4466 περὶ
407 4396 501 4449 τοῦ
530 4399 940 4473 προσεύχεσθαι
977 4406 1306 4476 παραινέσει
1332 4409 1424 4462 τὸν
1449 4413 1581 4483 περὶ
1615 4412 1718 4484 τῆς
1757 4413 1850 4466 πί-

231 4503 412 4552 στεως
465 4489 619 4568 λόγον
647 4493 1007 4566 ὲπισυνῆψεν.
1051 4497 1271 4571 Ἐπειδὴ
1312 4503 1422 4572 γὰρ
1452 4504 1638 4575 πάσης
1673 4524 1844 4577 προσ-

1955 2631 2190 2700 dill‘erat,
2218 2642 2272 2688 et
2295 2634 2547 2690 videatur
2571 2649 2675 2689 nou
2708 2634 2903 2690 audire
2925 2641 3150 2690 orantes
3167 2633 3255 2688 die
3289 2646 3355 2687 ac
3375 2631 3574 2686 nocte?

1954 2726 2143 2799 Itaque
2179 2731 2270 2800 qui
2302 2729 2488 2785 docuit
2519 2739 2575 2785 et
2605 2732 2933 2785 monstravit
2965 2731 3122 2786 nobis
3156 2729 3304 2801 quod
3335 2728 3392 2783 iu
3428 2738 3573 2784 tem-

1954 2837 2087 2894 pore
2119 2823 2615 2878 consummationis
2645 2822 2831 2879 saeculi
2861 2837 3000 2893 Opus
3024 2823 3096 2879 sit
3125 2823 3484 2887 oratioue,ut
3516 2822 3569 2874 in

1956 2917 2155 2972 futuris
2188 2916 2448 2986 periculis
2470 2917 2684 2972 durare
2716 2916 3016 2989 valeamus,
3042 2917 3238 2973 subdit
3271 2937 3287 2972 :
3316 2914 3569 2984 Nunquid

1954 3007 2126 3064 Filius
2146 3010 2386 3064 hominis
2400 3025 2523 3066 cum
2545 3011 2780 3079 venerit,
2803 3011 3043 3066 inveniet
3060 3009 3221 3065 ﬁdem
3241 3011 3293 3064 in
3323 3019 3468 3064 terra
3485 3009 3571 3062 ⁸⁸2

1954 3102 2068 3170 Qua
2107 3104 2556 3173 interrogationis
2586 3104 2756 3176 figura
2790 3120 2947 3161 raros
2976 3104 3108 3160 dicit
3136 3115 3268 3159 tunc
3293 3101 3571 3157 iureuien-

1954 3199 2053 3253 dos
2083 3198 2292 3254 ﬁdeles.
2328 3198 2386 3254 lu
2414 3206 2622 3253 tantum
2656 3199 2803 3254 enim
2839 3201 3139 3255 iuvalescet
3179 3198 3324 3253 tilius
3365 3196 3570 3267 iniqui-

1956 3291 2105 3358 tatis,
2139 3299 2192 3346 ul
2223 3293 2413 3356 etiam,
2442 3292 2486 3347 si
2523 3292 2785 3363 possibile
2820 3302 2991 3357 esset,
3023 3293 3315 3349 seduceret
3343 3291 3568 3350 electos.

1954 3385 2010 3442 lu
2043 3386 2183 3442 raris
2229 3384 2376 3442 enim
2424 3386 2564 3445 solet
2608 3384 2924 3455 hujusmodi
2969 3387 3351 3460 interrogandi
3397 3387 3569 3459 tlgura

1955 3480 2056 3543 uti,
2088 3480 2230 3537 sicut
2252 3490 2310 3536 et
2333 3496 2458 3536 cum
2490 3480 2624 3538 dicit
2659 3481 2836 3550 :Quis
2858 3497 3018 3556 putas
3050 3485 3224 3543 tldells
3249 3496 3302 3543 et
3322 3487 3578 3558 prudens

1956 3573 2184 3638 servus?
2215 3575 2398 3645 Atque
2424 3574 2532 3631 hoc
2552 3575 2673 3632 loco
2699 3576 2839 3632 idem
2868 3579 3210 3651 signiﬁcans,
3236 3585 3387 3652 quod
3414 3586 3585 3655 pauci.

1925 3680 1928 3683 '
1956 3683 2186 3722 numero
2213 3663 2380 3740 533
2403 3678 2567 3723 erunt
2594 3669 2684 3738 qui
2712 3685 2841 3740 erga
2871 3669 3039 3726 Deum
3064 3682 3121 3728 et
3145 3671 3298 3731 inter
3321 3693 3379 3733 se
3411 3679 3572 3735 tidem

1953 3760 2280 3826 servabunt,
2317 3763 2420 3817 hac
2472 3761 2909 3834 interrogatione
2938 3781 3071 3821 usus
3102 3779 3214 3824 est.
3247 3768 3443 3826 Met-ito
3472 3788 3574 3828 au-

1955 3863 2062 3907 tem
2099 3855 2342 3909 sermoni
2393 3854 2460 3910 de
2494 3857 2750 3912 oratione
2799 3872 3120 3916 sermonem
3174 3862 3243 3918 de
3290 3863 3397 3920 ﬁde
3443 3881 3578 3921 con-

1954 3946 2168 4012 ncxuit,
2215 3948 2482 4018 quoniam
2519 3949 2701 4005 omnis
2741 3951 3013 4007 orationis
3051 3951 3470 4013 fundamentum
3510 3975 3575 4015 ac

1954 4038 2104 4094 basis
2138 4051 2222 4096 est
2264 4040 2424 4098 titles.
2476 4041 2589 4097 Nisi
2642 4044 2788 4099 enim
2827 4044 3138 4104 crediderit
3181 4048 3389 4118 homo,
3430 4055 3574 4122 quod

1956 4134 2059 4190 hoc
2089 4135 2235 4205 quod
2288 4136 2423 4205 petit
2471 4147 2802 4209 accepturus
2835 4137 2921 4193 sit.
2961 4139 3015 4196 in
3048 4156 3204 4196 suam
3240 4143 3532 4200 utilitatem
3556 4187 3571 4205 ,

1957 4244 2100 4284 vana
2142 4241 2228 4285 est
2261 4229 2444 4286 oratio
2476 4245 2645 4301 quam
2676 4231 2832 4288 facit.
2869 4233 2940 4289 Et
2974 4237 3574 4308 propterea‘Domiuus

1953 4317 2020 4372 de
2058 4318 2308 4374 oratione
2343 4320 2572 4387 docens,
2609 4321 2775 4378 etiam
2811 4325 2937 4381 tidei
2975 4329 3247 4395 meminit,
3283 4329 3573 4386 declarans

1953 4409 2198 4477 interim,
2243 4427 2541 4485 paucorum
2574 4414 2693 4471 fore
2726 4425 2860 4473 tunc.
2886 4434 3048 4476 orare
3077 4439 3091 4476 :
3124 4425 3568 4496 tutandoquidem

1954 4502 2089 4559 ﬁdes
2122 4504 2175 4559 in
2208 4507 2400 4575 paucis
2447 4507 2776 4564 invenietur.
2813 4509 2990 4582 igitur
3034 4531 3159 4570 cum
3197 4520 3412 4574 venerit
3466 4519 3572 4574 Do-

226 4579 403 4683 ευχής
428 4579 650 4683 βάθρον,
687 4586 783 4638 καὶ
819 4589 1084 4660 κρηπὶςή
1117 4590 1336 4656 πίστις·
1397 4598 1449 4649 εί
1502 4597 1577 4667 μὴ
1608 4598 1718 4670 γὰρ
1749 4616 1842 4654 πισ-

1957 4598 2138 4654 minus
2167 4600 2220 4654 in
2256 4601 2516 4667 nubibus,
2551 4620 2660 4658 non
2685 4604 2934 4663 inveniet
2959 4608 3119 4665 ﬁdem
3148 4626 3314 4683 super
3340 4623 3566 4680 terram,

231 4669 457 4724 στεύσει
487 4674 514 4725 6
541 4673 852 4746 ἄνθρωπος,
887 4679 970 4732 ὅτι
999 4679 1027 4732 ὃ
1055 4682 1150 4735 ἐὰν
1190 4684 1415 4759 αἰτήσῃ,
1445 4669 1842 4762 λήψεταιπρὸς

1955 4691 2057 4747 nisi
2088 4693 2143 4746 in
2180 4695 2395 4764 paucis.
2424 4693 2614 4752 Faciet
2647 4711 2836 4757 autem
2870 4701 3015 4760 hanc
3061 4715 3190 4760 tunc
3222 4723 3235 4759 :
3275 4706 3432 4761 inviti
3463 4724 3567 4762 au-

166 4825 169 4827 _
225 4764 327 4864 1:6-
360 4767 682 4867 dupe-epota,
715 4771 922 4840 ματαία
954 4775 986 4842 ἡ
1023 4779 1324 4858 προσευχὴ,
1350 4781 1418 4849 ἣν
1446 4767 1688 4836 ’ποιεῖται
1709 4799 1726 4816 ο
1755 4784 1847 4840 διὰ

1955 4794 2058 4841 lem
2081 4802 2276 4849 omnes
2300 4789 2718 4850 conﬁtebuntur
2738 4797 2884 4867 quod
2909 4798 3176 4856 Dominus
3209 4799 3370 4858 Jesus
3407 4802 3569 4859 Chri-

225 4858 399 4909 τοῦτο
432 4860 459 4910 ὁ
497 4858 704 4929 Κύριος
753 4865 886 4934 περὶ
942 4866 1045 4935 τοῦ,
1093 4871 1500 4945 προσεύχεσθαι
1551 4875 1844 4945 διδάσκων,

1955 4888 2070 4934 stus
2103 4880 2154 4934 in
2194 4881 2370 4953 gloria
2417 4895 2504 4940 est
2536 4885 2630 4941 Dei
2671 4858 2852 4946 Patris
2884 4905 2900 4945 :
2943 4891 2991 4947 si
3025 4893 3246 4964 quidem
3283 4896 3401 4952 haec
3435 4858 3567 4951 fides

227 4950 328 5054 iul.
353 4951 456 5054 ii};
517 4953 1144 5032 πίστεωςὲπεμνήσθη,
1202 4964 1380 5037 δηλῶν
1417 4973 1839 5042 κεκρυμμένως,

1955 4974 2192 5029 vocanda
2225 4985 2332 5043 est,
2366 4987 2422 5032 et
2452 4995 2561 5035 non
2602 4983 2788 5054 potius
2818 4988 3142 5052 necessitas,
3177 4988 3369 5046 Nullus
3417 4993 3561 5046 enim

225 5041 320 5151 ὅτι
341 5041 540 5151 δλίγιυν
583 5045 745 5120 ἔσται⁴
770 5051 864 5102 καὶ
909 5053 971 5104 τὸ
1022 5055 1429 5127 προσεύχεσθαι
1467 5041 1613 5128 τότε,
1653 5065 1845 5138 ἐπειδὴ

1955 5066 2054 5122 erit
2086 5067 2390 5126 inﬁdelium
2423 5072 2514 5143 qui
2541 5087 2651 5132 non
2688 5079 2880 5135 credet
2911 5082 3058 5151 quod
3091 5082 3243 5140 solus
3275 5085 3348 5140 sit
3377 5085 3563 5141 Salva-

225 5135 385 5204 καὶή
415 5135 595 5202 πίστις
620 5140 676 5191 ὲν
707 5140 911 5209 ὀλίγοις
935 5144 1323 5217 εὑρεθήσεται.
1371 5151 1578 5209 Ἐλθὼν
1617 5158 1716 5228 μὲν
1748 5135 1844 5215 οὖν

1955 5165 2108 5230 toris,
2142 5181 2305 5236 quem
2340 5177 2501 5226 antea
2536 5157 2970 5246 blasphemarat.

223 5232 613 5352 fliﬁptog‘é:
656 5239 934 5352 νεφέλαις,
995 5243 1094 5352 οὐχ
1122 5245 1348 5352 εὑρήσει
1375 5250 1711 5352 ’τὴνιπίστιν
1747 5259 1841 5313 ἐπὶ
1880 5260 1983 5332 τῆς
2013 5232 2234 5335 ﬁla-ei
2273 5264 2351 5340 μὴ
2375 5264 2486 5340 ἄρα
2553 5270 2614 5324 ἐν
2660 5232 2920 5343 ’ὀλίγοις,
2971 5278 3194 5346 ποιήσει
3244 5278 3301 5332 δὲ
3354 5279 3565 5352 ταύτην

221 5327 374 5447 16:5,
432 5332 526 5438 καὶ
581 5332 812 5447 ἄκοντες
1012 5342 1223 5447 παντες.
1269 5327 1726 5419 ὁμολογήσουσιν,
1786 5355 1875 5408 ὅτι
1914 5327 2124 5427 mea};
2174 5327 2384 5432 Ἰησούς
2415 5327 2523 5430 ⁶είς
2562 5365 2724 5432 δόξαν
2770 5327 2921 5424 ⁶Θεοίξ
3235 5327 3332 5429 ,ζει

221 5426 543 5543 {Nimim
591 5449 798 5543 τξιστινο
834 5437 972 5527 diu?
1019 5439 1097 5509 μὴ
1128 5441 1379 5514 ἀνάγκην
1437 5448 1636 5516 εἰπεῖν,
1667 5451 1844 5515 οὖδεῖς
1881 5454 1996 5510 τῶν
2032 5457 2283 5515 ἀπίστων
2324 5463 2498 5529 ἔσται,
2561 5465 2621 5531 ὃς
2683 5468 2745 5521 οὐ
2814 5471 3124 5540 πιστεύσει,
3180 5475 3264 5528 ὅτι
3336 5474 3496 5543 μόνος
3533 5478 3565 5532 6

218 5524 424 5595 Σωτὴρ
453 5528 481 5578 6
503 5531 635 5600 παρ’
666 5533 849 5587 αὑτοῦ·
874 5524 1004 5605 πρὶν
1024 5537 1540 5614 βλασφημούμενος.

330 5686 379 5719 ⁸⁸
435 5686 612 5744 Galat.
667 5650 725 5753 tt,
763 5691 817 5746 6.
899 5695 946 5725 '°
1002 5695 1137 5753 Luc.
1193 5716 1344 5766 xx'ttt,
1390 5703 1441 5758 8.

305 5871 390 5938 (α)
431 5866 574 5921 Είίίι.
624 5870 745 5928 Lut.
803 5891 909 5930 non
973 5879 1157 5946 habet,
1195 5896 1242 5939 et
1280 5887 1486 5956 t‘rrj'att
1547 5907 1861 5962 comparare
1898 5907 2019 5951 sunt
2050 5873 2216 5950 ausi.

489 5965 764 6029 Parum.
807 5969 925 6032 Gtt.
960 5973 1241 6037 CXXI“.

3200 6006 3275 6049 ἰν)
