4000 6396
570 375 707 442 1003

637 490 798 545 Vsus.
832 488 980 545 9-H.
1027 507 1042 539 ι
1085 485 1229 540 Dixit
1257 497 1433 539 autem
1471 496 1523 540 et
1555 485 1618 537 ad
1662 487 1921 554 quosdam
1967 487 2057 556 qui
2091 488 2140 539 in
2175 489 2218 545 Α

559 602 617 641 sc
648 585 989 641 confidebant
1019 582 1162 649 quod
1207 589 1390 633 essent
1433 578 1587 646 justi,
1623 588 1676 630 et
1708 579 2140 646 aspernabantur

560 689 783 733 cancros
806 716 820 739 ,
871 673 1185 743 parabolam
1218 673 1376 727 istam
1412 690 1424 726 :
1457 673 1569 726 Duo
1599 669 1849 724 homines
1878 671 2138 724 ascende-

561 774 690 825 bant
729 771 778 822 in
812 768 1066 838 templum
1104 779 1160 820 ut
1193 775 1541 834 precarentur
1574 782 1588 818 :
1623 779 1763 818 unus
1812 763 2138 828 Phariszeus,

558 874 608 914 ct
645 861 782 915 alter
815 861 1149 930 publicanus.
1201 855 1506 910 Pharisaeus
1557 869 1711 910 stans
1741 857 1854 910 haec
1898 858 2037 924 apud
2085 869 2143 907 se

559 955 748 1006 orabat
780 970 791 1004 :
827 951 990 1012 Deus,
1021 948 1224 1020 gratias
1257 963 1357 1017 ago
1388 949 1479 1001 libi
1511 949 1652 1017 quod
1692 963 1797 1001 non
1844 963 1963 1000 sum
1999 946 2142 1000 sicut

553 1046 737 1100 caeteri
785 1041 1052 1106 homines,
1091 1049 1360 1108 raptores,
1419 1039 1629 1109 injusti,
1686 1040 1944 1102 adulteri,
1992 1038 2142 1093 velut

555 1134 714 1187 etiam
755 1134 840 1186 hic
889 1130 1246 1202 publicanus;
1279 1129 1467 1199 jejuno
1496 1129 1575 1183 bis
1607 1131 1656 1182 in
1705 1129 1967 1193 Sabbato,
1995 1129 2140 1182 deci-

562 1241 678 1279 mus
714 1227 780 1279 do
809 1226 1050 1279 omnium
1098 1238 1217 1292 qua:
1251 1223 1521 1290 possideo.
1564 1222 1628 1274 Et
1663 1223 1981 1289 publicanus
2011 1236 2138 1288 pro-

557 1317 644 1369 cul
676 1325 845 1382 stans,
899 1329 998 1368 nec
1027 1313 1211 1368 oculos
1244 1312 1457 1366 volebat
1505 1313 1570 1366 ad
1621 1312 1816 1366 ccelum
1854 1312 2135 1379 attollere,

559 1409 653 1461 sed
685 1406 943 1459 tundebat
975 1413 1166 1473 pectus
1191 1419 1372 1469 suum,
1407 1403 1592 1456 dicens
1623 1419 1638 1456 :
1674 1402 1836 1466 Deus,
1871 1403 2138 1471 propitius

558 1509 674 1552 esto
708 1499 834 1550 ruihi
877 1497 1171 1566 peccatori.
1206 1495 1334 1549 Dico
1352 1494 1521 1558 vobis,
1552 1495 1831 1549 descendit
1865 1495 1951 1548 ltic
1979 1494 2142 1560 justi-

558 1591 748 1644 licatus
778 1591 827 1642 in
866 1589 1085 1641 domum
1111 1601 1288 1649 suam,
1321 1586 1492 1655 magis
1519 1600 1681 1655 quam
1708 1584 1796 1640 ille
1822 1603 1836 1638 :
1874 1585 1998 1654 quia
2024 1602 2142 1640 om-

558 1683 642 1736 nis
690 1681 781 1749 qni
815 1696 872 1734 se
910 1677 1144 1743 extollit,
1183 1677 1579 1742 humiliabitur,
1635 1687 1689 1731 et
1735 1679 1913 1732 omnis
1947 1679 2039 1746 qui
2082 1692 2141 1731 se

561 1773 831 1834 humiliat,
864 1771 1173 1826 extolletur.
1227 1787 1246 1821 ι
1301 1767 1416 1823 Non
1451 1778 1629 1823 cessat
1673 1768 1937 1823 Dominus
1973 1769 2138 1838 pluri-

1446 371 2031 432 THEOPHYLACTI
2085 371 2494 431 BULGARIE
2531 371 2891 431 ARCIIIEP.

3709 372 3846 436 1οθ4

2327 505 2342 535 ι
2383 482 2516 538 Eii-:5
2551 485 2604 537 δὲ
2627 484 2720 538 καὶ
2748 485 2883 553 πρός
2911 499 3060 546 τινας
3088 481 3213 545 τοὺς
3251 480 3586 544 πεποιθότας
3615 481 3701 551 ἐφ’
3720 482 3844 536 ἑαυ-

2246 583 2392 643 τοῖς,
2429 579 2511 630 ὅτι
2571 578 2678 629 εἰσὶ
2740 577 2959 640 δίκαιοι,
2993 576 3088 628 καὶ
3119 573 3538 638 ἐξουθενοῦντας
3565 575 3697 638 τοὺς
3734 573 3845 629 λοι-

2245 675 2399 736 ποὺς,
2431 672 2527 742 τὴν
2555 669 2872 740 παραϐολὴν
2902 669 3107 738 ταύτην
3128 685 3142 695 “
3172 667 3491 737 ’Ἄνθρωποι
3525 665 3619 720 δύο
3646 666 3846 736 ἀνέϐη-

2247 784 2345 820 σαν
2379 769 2456 828 είς
2511 767 2571 817 τὸ
2637 762 2780 832 ἱερὸν
2818 760 3260 830 προσεύξασθαι’
3303 762 3330 810 6
3392 752 3476 821 εἷς
3523 761 3842 829 Φαρισαῖος,

2248 860 2340 912 καὶ
2378 858 2406 910 6
2441 857 2625 924 ἕτερος
2672 853 2933 922 τελώνης.
2986 855 3047 906 '0
3083 854 3406 923 Φαρισαῖος,
3443 851 3665 914 σταθεὶς
3705 851 3842 921 πρὸς

2248 952 2461 1015 ἑαυτὸν,
2487 949 2663 1003 ταῦτα
2696 947 3042 1018 προσηύχετο
3065 963 3078 974 ·
3122 947 3179 998 '0
3218 946 3372 1008 Θεὸς,
3411 945 3729 1016 εὐχαριστῶ
3766 963 3845 997 σοι

2246 1045 2327 1096 ὅτι
2355 1044 2453 1095 οὐκ
2485 1043 2599 1110 είμὶ
2631 1041 2821 1111 ὥσπερ
2849 1042 2896 1093 οἱ
2932 1040 3111 1092 λοιποὶ
3141 1038 3253 1091 τῶν
3293 1037 3627 1107 ἀνθρώπων,
3661 1038 3845 1106 ἅρπα-

2247 1153 2361 1204 γες,
2398 1135 2598 1197 ἄδικοι,
2647 1135 2849 1203 μοιχοὶ,
2898 1131 2930 1201 ἢ
2963 1132 3056 1184 καὶ
3087 1131 3160 1191 ὼς
3204 1122 3360 1192 οὗτος
3390 1131 3417 1181 6
3445 1128 3695 1198 τελώνης
3755 1145 3848 1198 νη-

2247 1229 2420 1279 στεύω
2445 1227 2524 1288 δίς
2553 1225 2647 1277 τοῦ
2691 1225 2992 1288 Σαϐϐατου,
3022 1222 3343 1275 ἀποδεκατῶ
3368 1223 3552 1275 πάντα
3586 1223 3692 1275 ὅσα
3715 1222 3849 1274 κτῶο

2248 1336 2365 1386 μαι.
2393 1319 2501 1371 Καὶ
2521 1320 2546 1370 6
2570 1317 2828 1387 τελώνης,
2856 1317 3132 1388 μακρόθεν
3163 1314 3355 1379 ἑστὼς,
3377 1317 3480 1368 οὐκ
3512 1315 3709 1385 ἤθελεν
3729 1314 3848 1367 οὐδὲ

2244 1411 2371 1472 τοὺς
2393 1408 2704 1478 ὀφθαλμοὺς
2731 1413 2810 1470 εἰς
2834 1408 2929 1460 τὸν
2953 1407 3180 1474 οὐρανὸν
3209 1409 3435 1476 ἐπᾶραι,
3467 1405 3584 1457 ἀλλ’
3616 1405 3849 1457 ἔτυπτεν

2246 1497 2324 1558 είς
2351 1497 2410 1546 τὸ
2449 1496 2643 1564 στῆθος
2678 1496 2864 1560 αὑτοῦ,
2897 1495 3105 1563 λέγων·
3161 1495 3218 1548 '0
3271 1493 3402 1556 Θεὸς
3457 1493 3715 1562 ἱλάσθητί
3762 1511 3846 1560 μοι

2248 1589 2324 1658 τῷ
2357 1589 2689 1658 ἁμαρτωλῷ.
2723 1588 2885 1656 Λέγω
2941 1589 3092 1657 ὑμῖν,
3131 1587 3338 1658 κατέϐη
3371 1581 3532 1649 οὗτος
3566 1587 3847 1642 δεδικαιω-

2250 1681 2409 1748 μένος
2434 1681 2511 1741 είς
2551 1678 2642 1730 τὸν
2668 1673 2816 1730 οἷκον
2836 1678 3029 1740 αὐτοῦ,
3064 1679 3096 1750 ἢ
3130 1681 3357 1744 ἐκεῖνος,
3386 1681 3469 1731 ὅτι
3502 1681 3612 1741 πᾶς
3646 1682 3673 1731 6
3703 1679 3847 1746 ὑψῶν

2246 1771 2459 1834 ἑαυτὸν,
2491 1769 2984 1841 ταπεινωθήσεται,
3020 1773 3044 1822 6
3063 1771 3118 1824 δὲ
3150 1771 3426 1822 ταπεινῶν
3454 1771 3679 1833 ἑαυτὸν,
3705 1771 3848 1842 ὑψω-

561 1869 659 1920 bus
710 1865 1047 1934 argumentis
1091 1876 1383 1931 repurgare
1433 1862 1703 1931 superbiae
1757 1862 1964 1915 vitium.
2013 1861 2140 1914 Plus

2250 1863 2492 1933 θήσεται.
2537 1883 2556 1916 ι
2607 1865 2682 1916 Οὐ
2720 1864 2950 1916 παύεται
2991 1865 3019 1915 6
3061 1863 3266 1934 Κύριος
3298 1863 3360 1916 τὸ
3417 1866 3517 1930 τῆς
3555 1865 3847 1933 ὑπερηφα-

557 1959 702 2012 euim
735 1956 858 2011 aliis
890 1955 1036 2009 vitiis
1063 1965 1296 2008 mentem
1321 1957 1616 2008 humanam
1652 1955 1851 2018 turbat,
1888 1963 2133 2023 propter-

559 2065 620 2102 ω
656 2065 798 2118 sape
827 2061 880 2102 et
912 2050 1135 2101 multum
1167 2046 1233 2101 de
1270 2050 1370 2100 hac
1399 2047 1585 2101 docet.
1648 2047 1890 2116 Denique
1922 2055 1974 2100 et
1998 2061 2140 2099 nunc

563 2143 798 2210 pejorcm
855 2141 974 2208 ejus
1031 2141 1266 2209 speciem
1323 2147 1534 2208 purgat.
1600 2137 1762 2191 Multa
1816 2137 1960 2192 enim
2016 2145 2142 2190 sunt

566 2231 839 2298 philautia:
863 2230 1127 2299 germina.
1161 2228 1357 2297 Opinio
1381 2227 1446 2282 de
1472 2242 1530 2281 se
1557 2244 1775 2298 magna,
1805 2228 2137 2297 arrogantia,

559 2333 611 2379 et
647 2324 824 2377 inanis
859 2323 1044 2392 gloria:
1079 2321 1344 2391 cupiditas
1376 2322 1442 2374 ab
1478 2323 1578 2375 hac
1629 2321 1913 2390 pullulant.
1954 2321 2143 2374 l’erni-

558 2417 757 2470 ctnsior
791 2428 968 2468 autem
1013 2415 1270 2467 omnibus
1299 2413 1422 2466 aliis
1458 2423 1539 2466 est
1572 2413 1845 2480 superbia,
1897 2428 2017 2481 qua:
2046 2411 2140 2466 Dei

558 2518 639 2562 est
675 2517 1037 2576 contemptus.
1071 2505 1205 2560 Cum
1241 2506 1384 2559 enim
1414 2504 1536 2572 quis
1576 2519 1678 2558 non
1719 2506 1849 2570 Deo,
1903 2507 1996 2558 sed
2038 2504 2138 2558 sibi

558 2615 652 2654 sua
687 2601 824 2653 bona
863 2613 1027 2667 opera
1061 2599 1272 2663 tribuit,
1324 2597 1452 2666 quid
1507 2598 1609 2650 hoc
1650 2596 1793 2649 aliud
1848 2613 2006 2665 quant
2044 2612 2139 2650 ne-

559 2709 686 2761 gare
718 2691 883 2746 Deum
914 2701 1018 2755 est,
1051 2700 1106 2744 et
1136 2692 1185 2746 ei
1231 2690 1546 2744 adversari?
1592 2689 1705 2743 lloc
1737 2690 1901 2757 igitur
1931 2691 2137 2754 vitium,

559 2785 647 2838 cui
681 2784 945 2837 Dominus
1000 2783 1074 2834 ita
1107 2783 1451 2845 adversatur,
1498 2789 1556 2833 ut
1602 2780 1852 2834 inimicus
1897 2780 2140 2848 inimico,

555 2882 662 2934 hac
689 2879 944 2947 parabola
973 2875 1231 2930 medicari
1263 2874 1529 2929 Dominus
1557 2873 1887 2927 declaratur.
1915 2870 2145 2940 Propter

562 2977 661 3026 hoc
690 2972 835 3025 enim
870 2970 1016 3038 quod
1048 2967 1334 3022 conﬁdunt
1385 2966 1440 3018 in
1470 2967 1687 3035 seipsis,
1727 2974 1782 3018 et
1830 2979 1937 3019 non
1975 2973 2142 3016 totum

562 3069 668 3120 Deo
719 3065 991 3128 tribuunt,
1025 3063 1120 3116 sed
1161 3062 1295 3115 alios
1326 3076 1421 3129 per
1467 3061 1567 3114 hoc
1613 3058 1974 3122 exinaniant,
2031 3059 2144 3110 haec

560 3157 690 3210 dicit
726 3173 738 3209 :
766 3168 818 3209 et
849 3155 1088 3210 ostendit
1115 3153 1257 3222 quod
1297 3153 1528 3222 iustitia,
1556 3153 1804 3222 quamvis
1834 3151 2032 3220 alioqui
2074 3151 2143 3204 sit

561 3248 857 3311 mirabilis,
903 3259 954 3300 et
987 3247 1260 3300 hominem
1317 3246 1426 3299 Deo
1475 3245 1782 3313 proximum
1828 3244 2211 3304 constituat,“

559 3356 683 3394 eum
714 3339 1023 3410 superbiam
1057 3339 1382 3401 admiserit,
1429 3338 1706 3392 hominem
1752 3338 1804 3390 in
1853 3338 2031 3390 locum
2062 3337 2145 3388 itt-

561 3437 744 3489 lituum
783 3433 1012 3500 rejiciat,
1060 3442 1114 3486 et
1157 3434 1455 3486 daemonem
1513 3432 1726 3498 reddat,
1776 3433 1867 3499 qui
1912 3429 2021 3495 jam
2089 3441 2146 3482 se

561 3528 824 3596 aequalem
864 3527 972 3579 Deo
1017 3525 1241 3580 fecerat.
1299 3523 1505 3578 Similia
1562 3524 1745 3593 itaque
1803 3533 1929 3576 sunt
1982 3523 2144 3576 verba

560 3620 819 3675 Pharisaei
853 3619 920 3672 ab
954 3619 1130 3684 initio,
1163 3622 1302 3688 grati
1334 3617 1571 3671 hominis
1605 3617 1972 3672 sermonibus.
2011 3616 2148 3669 Gra-

563 3713 663 3766 tias
689 3715 830 3764 enim
857 3712 1032 3766 habeo
1061 3710 1178 3772 tibi,
1209 3710 1404 3776 inquit,
1436 3710 1574 3762 Deus
1602 3725 1616 3772 ;
1640 3720 1695 3761 at
1721 3717 1914 3761 caetera
1944 3718 2144 3774 quanta

565 3805 761 3856 rel‘erta
803 3812 926 3855 sunt
956 3801 1296 3871 arrogantia!
1336 3797 1501 3869 434
1533 3798 1646 3852 Non
1678 3800 1823 3851 enim
1857 3799 2010 3861 dixit,
2047 3796 2147 3849 Fe-

565 3895 686 3947 cisti
715 3909 802 3948 me
849 3879 1124 3946 abstinere
1158 3893 1223 3943 ab
1275 3890 1536 3955 iniustitia
1563 3930 1577 3955 ,
1606 3899 1661 3941 et
1691 3904 1718 3940 a
1750 3890 1935 3955 rapina
1987 3903 2000 3938 :
2053 3887 2144 3940 sed

564 3985 868 4054 quomodo?
906 3984 1021 4038 Non
1054 4000 1195 4036 sutn.
1235 3983 1455 4052 Sibitpsi
1480 3981 1728 4034 attribuit
1761 3984 1954 4034 bonum
1988 3994 2144 4047 opus,

563 4091 613 4131 et
650 4092 748 4132 suo
804 4078 1006 4131 robori.
1044 4077 1114 4129 At
1147 4076 1282 4129 alios
1307 4075 1554 4142 judicare
1597 4073 1874 4142 quomodo
1914 4083 1997 4126 est
2045 4072 2145 4125 bo-

567 4174 724 4226 minis
753 4173 976 4228 scientia
1006 4173 1150 4240 quod
1187 4188 1214 4224 a
1250 4171 1359 4226 Deo
1400 4172 1601 4226 habeat
1632 4186 1753 4240 quae
1788 4169 1987 4224 habet?
2019 4166 2145 4222 0m-

567 4268 692 4321 nino
720 4267 862 4319 enim
899 4266 946 4320 si
979 4263 1302 4318 credidisset
1355 4265 1497 4334 quod
1531 4276 1625 4331 per
1657 4265 1886 4333 gratiam
1920 4262 2147 4316 haberet

569 4360 739 4411 aliena
784 4360 943 4420 bona,
982 4371 1085 4410 non
1129 4356 1546 4424 contempsisset
1589 4355 1746 4415 alios,
1794 4354 2146 4408 considerans

567 4452 707 4517 quod
758 4429 922 4503 etiam
973 4450 1085 4516 ipse
1125 4462 1277 4516 aeque
1324 4447 1496 4500 nudus
1543 4457 1708 4509 esset,
1767 4456 2028 4515 quantum
2079 4446 2145 4496 ad

2241 1954 2358 2018 νίας
2400 1955 2569 2019 πάθος
2603 1955 2947 2024 ἐκκαθαίρων
2999 1955 3087 2008 διὰ
3119 1955 3406 2008 πλειόνων.
3475 1956 3708 2024 Ἐπειδὴ
3740 1957 3848 2025 γὰρ

2242 2049 2404 2102 πλέον
2454 2049 2561 2101 τῶν
2608 2049 2784 2102 ἄλλων
2821 2048 3009 2101 παθῶν
3043 2050 3252 2118 ἐνοχλεῖ
3289 2053 3410 2111 ταῖς
3469 2049 3847 2119 ἀνθρωπίναις

2241 2140 2615 2209 γνὼμαις,διὰ
2649 2140 2809 2192 τοῦτο
2841 2139 3111 2210 πολλαχοῦ
3133 2141 3226 2192 καὶ
3256 2139 3528 2202 πολλάκις
3567 2157 3633 2192 πε
3645 2142 3699 2209 ρὶ
3726 2141 3846 2192 τού-

2241 2251 2333 2285 του
2362 2233 2623 2286 διδάσκει.
2653 2233 2872 2301 Ἀμέλει
2909 2233 3004 2286 καὶ
3038 2231 3132 2285 νῦν
3161 2233 3222 2285 τὸ
3257 2235 3442 2302 χεῖρον
3470 2227 3613 2296 εἶδος
3644 2234 3847 2302 ταύτης

2243 2327 2582 2397 ἐκκαθαίρει.
2623 2326 2796 2378 Πολλὰ
2852 2327 2960 2398 γὰρ
3019 2327 3086 2380 τὰ
3121 2328 3220 2395 τῆς
3258 2326 3557 2396 φιλαυτίας
3610 2326 3845 2397 βλαστὴ-

2243 2438 2408 2489 ματα.
2441 2420 2550 2471 Καὶ
2581 2419 2686 2489 γὰρ
2716 2420 2807 2471 καὶ
2835 2420 3032 2488 οἴησις,
3066 2419 3160 2472 καὶ
3191 2418 3499 2482 ἁλαζωνεία
3525 2461 3540 2483 ,
3571 2419 3668 2471 καὶ
3696 2435 3847 2469 κενο-

2241 2513 2391 2578 δοξία
2422 2514 2487 2565 ὲκ
2517 2511 2717 2582 ταύτης
2754 2510 3000 2580 φύονται.
3049 2510 3482 2582 Ὀλεθριώτερον
3527 2512 3588 2562 δὲ
3625 2511 3845 2564 πάντων

2242 2605 2670 2674 ἡύπερηφανία,
2705 2605 3056 2674 ὑπερηφανία
3103 2605 3159 2656 δέ
3187 2607 3337 2657 ἐστιν
3384 2604 3650 2672 ἀθέτησις
3685 2602 3842 2655 Θεοῦ.

2243 2697 2416 2750 ..Οταν
2440 2698 2546 2768 γάρ
2580 2714 2663 2760 τις
2695 2697 2754 2748 οὑ
2786 2697 2864 2766 τῷ
2895 2697 3034 2764 Θεῷ,
3074 2695 3189 2748 ἀλλ’
3227 2694 3410 2763 ἐαυτῷ
3461 2695 3847 2763 ἐπιγράφηται

2241 2791 2310 2842 τὰ
2348 2790 2770 2860 κατορθώματα,
2800 2790 2851 2841 τί
2886 2790 3034 2855 ἄλλο,
3067 2789 3099 2858 ἢ
3132 2789 3364 2858 ἄρνησις
3413 2785 3558 2838 Θεοῦ
3606 2790 3724 2838 ἐστι
3752 2786 3847 2837 καὶ

2242 2883 2513 2937 ἀντιθεῒα.
2545 2883 2717 2935 Τοῦτο
2747 2881 2840 2935 οὖν
2875 2882 2934 2934 τὸ
2969 2881 3142 2943 πάθος
3194 2881 3254 2932 τὸ
3285 2879 3556 2942 ἀντίθεον,
3591 2873 3634 2947 ᾧ
3681 2883 3708 2932 6
3737 2880 3847 2930 Κύ-

2246 2995 2359 3045 ριος
2402 2977 2802 3036 ἀντιτάσσεται,
2831 2975 2906 3038 ὡς
2935 2975 3130 3045 ἐχθρὸς
3167 2973 3370 3043 ἐχθρῷ,
3402 2973 3493 3025 διὰ
3519 2974 3619 3042 τῆς
3659 2989 3843 3041 παρα-

2245 3063 2408 3132 ϐολῆς
2461 3067 2665 3137 ταύτης
2698 3070 2726 3119 ὀ
2765 3067 2970 3136 Κύριος
3028 3064 3359 3135 θεραπεύειν
3408 3064 3842 3132 ἐπαγγέλλεται.

2248 3157 2343 3206 Δια
2367 3157 2472 3226 γὰρ
2499 3158 2626 3219 τοὺς
2661 3159 2990 3220 πεποιθότας
3021 3157 3106 3225 ἐφ’
3143 3158 3380 3219 ἑαυτοῖς,
3422 3157 3517 3209 καὶ
3548 3157 3625 3226 μὴ
3651 3156 3713 3208 τὸ
3736 3157 3845 3209 πᾶν

2246 3245 2364 3313 Θεῷ
2391 3245 2795 3316 λογιζομένους,
2828 3247 2966 3300 ἀλλὰ
2999 3246 3087 3299 διὰ
3135 3245 3297 3303 τοῦτο
3348 3247 3440 3299 καὶ
3486 3249 3616 3309 τοὺς
3650 3246 3846 3308 ἄλλους

2247 3337 2682 3404 ἐξουθενοῦντας,
2704 3339 2877 3393 ταῦτά
2899 3356 3057 3410 φησι,
3094 3342 3189 3393 καὶ
3233 3338 3530 3406 δείκνυσιν,
3582 3341 3667 3393 ὅτι
3703 3342 3735 3410 ἡ
3771 3341 3841 3392 διι

2248 3431 2512 3500 καιοσύνη
2535 3430 2710 3484 τᾶλλα
2746 3432 3037 3502 θαυμαστή
3067 3448 3151 3494 τις
3176 3427 3332 3496 οὖσα,
3366 3433 3464 3484 καὶ
3500 3432 3734 3503 πλησίον
3751 3432 3844 3484 τοῦ

2247 3522 2380 3574 Θεοῦ
2410 3524 2500 3575 τὸν
2535 3524 2825 3594 ἄνθρωπον
2857 3525 3082 3589 ίστῶσα,
3133 3525 3262 3577 ὅταν
3312 3525 3413 3593 τὴν
3459 3525 3850 3595 ὑπερηφανίαν

2247 3612 2648 3682 προσλάὸηται,
2680 3615 2759 3675 εἰς
2793 3613 2864 3666 τὰ
2888 3613 3179 3667 κατώτατα
3218 3615 3309 3666 τὸν
3341 3615 3636 3685 ἄνθρωπον
3677 3618 3838 3686 ἁπορι

2249 3707 2454 3777 ῥίπτει,
2495 3708 2587 3759 καὶ
2619 3707 2694 3770 ὡς
2731 3707 2964 3776 δαίμονα
2989 3712 3134 3760 ποιεί
3168 3708 3260 3760 τὸν
3301 3711 3438 3771 τέως
3468 3712 3682 3762 ἰσόθεον
3715 3728 3844 3780 χρηε

2251 3801 2570 3870 ματίζοντα.
2605 3801 2789 3853 Ἐοικε
2822 3801 2922 3871 μὲν
2949 3798 3040 3856 οὖν
3068 3803 3132 3854 τὰ
3171 3803 3393 3870 ῥήματα
3419 3803 3514 3854 τοῦ
3545 3805 3844 3873 Φαρισαίου

2249 3893 2308 3958 ἐξ
2345 3896 2517 3964 ἀρχῆς
2548 3896 2645 3962 μὲν
2675 3896 3019 3965 εὐγνώμονος
3047 3895 3338 3965 ἀνθρώπου
3372 3896 3577 3962 λόγοις.
3610 3898 3851 3968 E6129;-

2251 3994 2358 4044 στῶ
2394 4011 2474 4044 σοι
2505 3993 2633 4062 γὰρ,
2663 3992 2848 4062 φησὶν,
2873 3995 2900 4044 6
2930 3993 3084 4057 Θεὸς,
3111 3995 3176 4046 τὰ
3197 3994 3252 4046 δὲ
3284 3994 3484 4063 ἐφεξῆς
3507 3999 3692 4065 πάσης
3718 3999 3851 4048 ἀπο-

2249 4084 2395 4146 νοίας
2411 4084 2844 4154 πεπληρωμένα.
2869 4086 2944 4138 Οὐ
2968 4088 3076 4153 γὰρ
3103 4083 3286 4152 εἶπεν,
3321 4088 3403 4138 ὃτι
3450 4088 3754 4159 Ἐποίησάς
3783 4104 3848 4156 με

2250 4177 2480 4247 ἀπέχειν
2513 4177 2619 4230 ἀπὸ
2648 4177 2884 4242 ἀδικίας,
2919 4178 3028 4230 ἀπὸ
3056 4178 3336 4250 ἁρπαγῆς·
3380 4179 3522 4232 ἀλλὰ
3552 4181 3672 4244 πῶς
3696 4199 3710 4246 ;
3738 4182 3851 4233 Οὐκ

2249 4269 2385 4338 εἰμί.
2443 4268 2654 4338 Ἐαυτῷ
2688 4269 2939 4338 προσῆψε
2970 4270 3030 4322 τὸ
3057 4270 3413 4341 κατόρθωμα,
3449 4275 3545 4325 καὶ
3574 4277 3642 4342 τῇ
3675 4275 3849 4341 οἰκεία

2254 4362 2418 4431 ἰσχύϊ.
2456 4363 2527 4413 T6
2560 4363 2613 4413 δὲ
2647 4361 2738 4415 καὶ
2764 4363 2887 4424 τοὺς
2908 4363 3097 4425 ἄλλους
3133 4364 3510 4433 κατακρίνειν,
3548 4367 3712 4418 τοῦτο
3734 4366 3846 4430 πῶς

2252 4456 2398 4506 ὲστιν
2434 4454 2723 4524 ἀνθρώπου
2750 4453 2974 4522 εἰδότος,
3007 4455 3081 4517 ὡς
3114 4457 3268 4527 παρὰ
3295 4457 3432 4509 Θεοῦ
3459 4458 3602 4528 ἔχει,
3633 4459 3667 4512 ἃ
3699 4460 3805 4527 ἔχει
3832 4477 3845 4523 ;

565 4561 716 4596 suam
751 4543 1004 4596 virtutem
1059 4542 1342 4594 attinebat.
1379 4540 1561 4594 Gratis
1605 4541 1750 4594 enim
1804 4540 2024 4594 indutus
2067 4547 2146 4592 est

2258 4549 2479 4610 Πάντως
2507 4549 2615 4617 γὰρ
2637 4550 2684 4600 εί
2712 4549 3057 4611 ἐπίστευσεν,
3097 4552 3176 4602 ὃτι
3208 4551 3394 4620 χάριτι
3431 4552 3549 4622 ἔχει
3593 4554 3666 4605 τὰ
3697 4554 3846 4606 ἁλλό-

565 4647 786 4703 propter
824 4633 1257 4688 misericordiam
1297 4650 1308 4685 :
1343 4645 1626 4702 propterea
1666 4635 1930 4701 superbus
1958 4632 2151 4686 Phari-

564 4745 704 4783 sr-us
725 4771 738 4793 ,
785 4739 1042 4796 tanquam
1086 4726 1321 4795 propria:
1349 4727 1622 4778 aserihens
1653 4731 1904 4793 pOientia:
1935 4743 1995 4779 ea
2029 4741 2148 4795 quae

570 4824 707 4872 t'icta
741 4828 894 4882 sunt,
932 4818 1058 4873 inde
1099 4834 1162 4872 eo
1198 4834 1520 4888 progressus
1552 4828 1662 4878 est,
1703 4828 1759 4870 ut
1801 4829 1854 4872 ct
1886 4821 2021 4872 alios
2063 4821 2148 4889 ju-

567 4914 729 4966 «ticet.
761 4911 1011 4966 Ostendit
1062 4923 1243 4966 autem
1283 4913 1543 4966 Dominus
1573 4922 1626 4968 et
1675 4927 1770 4982 per
1821 4914 2147 4978 stationem,

567 5008 875 5074 superbiam
926 5007 1074 5076 ejus,
1121 5018 1175 5061 et
1231 5007 1556 5060 humilitatis
1605 5006 1865 5074 in0piam.
1923 5005 2151 5059 Humilis

567 5104 704 5150 enim
738 5099 946 5153 viriest
992 5111 1046 5152 et
1072 5113 1320 5168 aspectus
1379 5100 1710 5161 humiliatus,
1746 5100 1830 5152 hic
1860 5112 2038 5152 autem
2098 5110 2151 5151 et

577 5194 759 5244 ‘iabittt
781 5204 831 5246 et
864 5204 1014 5261 gestu
1041 5195 1304 5259 superbus
1334 5197 1664 5260 agnoscitur.
1694 5195 1949 5258 Quamvis
1971 5202 2150 5244 autent

570 5295 622 5334 vt
657 5288 721 5335 de
752 5286 1034 5348 publicano
1065 5285 1265 5336 dictum
1293 5287 1362 5336 sit
1394 5285 1530 5351 quod
1557 5285 1789 5346 steterit,
1817 5293 1993 5336 tamen
2032 5284 2152 5336 vide

568 5388 618 5424 et
661 5392 778 5443 quin
823 5388 1145 5444 sequuntur,
1197 5378 1338 5446 quod
1386 5394 1557 5446 neque
1609 5380 1792 5431 oeulos
1862 5379 1912 5430 in
1955 5377 2148 5430 ccelum

574 5469 804 5522 voluerit
836 5471 1129 5537 extolli-re,
1167 5473 1308 5524 unde
1341 5476 1502 5524 statio
1539 5471 1652 5537 ejus
1699 5484 1977 5524 Incurvata
2013 5485 2148 5525 erat.

569 5562 716 5614 ittins
749 5573 926 5615 autent
961 5573 1014 5617 et
1040 5567 1178 5618 oculi
1213 5566 1263 5617 in
1292 5567 1486 5619 etclum
1518 5566 1941 5629 extollebantur,
1979 5577 2031 5619 et
2060 5583 2151 5619 cor

571 5655 728 5707 simul
761 5657 1148 5709 extollebatur.
1180 5658 1313 5712 Vide
1340 5671 1518 5712 autem
1554 5672 1604 5713 ct
1653 5661 1704 5713 in
1742 5663 1984 5713 oratione
2012 5662 2152 5714 l’ha-

574 5751 710 5801 ris-.ci
739 5752 1003 5816 ordinem,
1045 5754 1172 5819 quid
1207 5754 1404 5806 indicet
1440 5755 1592 5805 nobis
1629 5771 1640 5806 :
1678 5755 1908 5821 primum
1935 5755 2148 5822 quidem

572 5840 708 5891 dixit
749 5860 808 5892 ea
845 5859 959 5907 qua:
1010 5861 1111 5898 non
1143 5852 1300 5895 erant
1337 5863 1348 5894 :
1383 5856 1434 5896 et
1471 5857 1597 5899 tunc
1643 5847 1979 5900 enumerat/it
2034 5862 2152 5915 qute

2253 4659 2380 4713 τρια
2410 4642 2612 4709 ἀγαθὰ,
2637 4643 2735 4694 οὐκ
2770 4641 2834 4694 ἂν
2860 4643 2987 4705 τοὺς
3019 4643 3214 4706 ἄλλους
3236 4643 3535 4707 ἐξουθένει,
3557 4643 3658 4712 λογ
3688 4645 3847 4713 ξομε-

2253 4753 2339 4797 νος
2373 4736 2452 4787 ὅτι
2505 4736 2597 4787 καὶ
2638 4736 2802 4797 αὐτὸς
2853 4736 3050 4804 ἐπίσης
3083 4737 3287 4806 γυμνρς
3314 4739 3466 4788 ἐστιν
3494 4738 3624 4790 ὅσον
3656 4741 3750 4791 ἐπὶ
3785 4741 3843 4806 τῇ

2252 4829 2432 4898 οἰκεία
2463 4828 2713 4895 δυνάμει,
2767 4827 2977 4898 δωρεὰν
3016 4828 3073 4880 δὲ
3127 4827 3351 4897 ἐνεδύθη
3411 4828 3502 4882 διὰ
3536 4829 3710 4883 ἔλεον.
3757 4836 3846 4882 At:

2255 4920 2411 4972 τοῦτο
2445 4922 2792 4989 ὑπερήφανος
2827 4923 2854 4972 6
2883 4922 3198 4988 Φαρισαῖος,
3222 4920 3295 4982 ὼς
3327 4922 3510 4991 οἰκείᾳ
3545 4923 3696 4991 ἰσχύϊ
3729 4925 3845 4976 ἐπι-

2254 5013 2480 5081 γράφων
2512 5013 2578 5064 τὰ
2615 5014 2957 5080 εἰργασμένα
2978 5029 2989 5040 ·
3025 5013 3320 5065 κάντεῦθεν
3358 5015 3582 5083 ὑπήχθη
3613 5018 3708 5067 καὶ
3732 5019 3844 5074 τοῦς

2255 5106 2449 5165 ἄλλους
2509 5106 2886 5174 κατακρίνειν.
2952 5105 3414 5175 Ἑπισημαίνεται
3463 5107 3522 5158 δὲ
3564 5110 3593 5159 6
3647 5111 3844 5180 Κύριος

2255 5200 2351 5249 καὶ
2385 5198 2473 5248 διὰ
2503 5197 2620 5261 τοῦ,
2654 5197 2900 5262 Σταθεὶς,
2930 5198 2988 5249 τὸ
3040 5198 3352 5268 ὑψηλόφρον
3383 5199 3553 5251 αὑτοῦ
3590 5203 3687 5252 καὶ
3717 5205 3844 5251 ἀτα-

2256 5291 2542 5342 πεὶνωτινο
2573 5290 2663 5342 τοῦ
2705 5290 2804 5358 μὲν
2841 5292 2950 5360 γὰρ
2973 5292 3395 5360 ταπεινόφρονος
3430 5294 3528 5343 καὶ
3556 5295 3616 5344 τὸ
3643 5294 3844 5363 ὁρώμε-

2256 5401 2345 5433 νον
2378 5383 2654 5446 ταπεινὸν,
2687 5376 2840 5445 οὗτος
2871 5383 2926 5434 δὲ
2960 5385 3054 5435 καὶ
3102 5383 3179 5451 τῷ
3226 5384 3466 5452 σχήματι
3508 5386 3842 5455 σοϐαρότητα

2259 5475 2631 5527 ἐπεδείκνυτο.
2671 5477 2730 5526 ΕΞ
2760 5477 2814 5528 δὲ
2847 5478 2940 5528 καὶ
2989 5479 3116 5546 περὶ
3150 5475 3242 5528 τοῦ
3279 5478 3513 5528 τελώνου
3547 5481 3759 5546 εἴρηται
3791 5481 3843 5528 τί.

2255 5567 2469 5630 ἑστὼς,
2498 5567 2611 5618 ἀλλ’
2635 5569 2733 5637 ὅροι
2757 5569 2848 5619 καὶ
2868 5571 2926 5620 τὸ
2950 5569 3145 5638 ἐφεξῆς
3179 5608 3193 5631 ,
3223 5570 3303 5620 ὅτι
3334 5569 3451 5620 οὐδὲ
3480 5572 3610 5633 τοὺς
3640 5573 3832 5637 dph).-

2260 5664 2392 5731 μους
2429 5665 2620 5732 ἤθελεν
2650 5668 2728 5725 εἰς
2761 5667 2853 5716 τὸν
2891 5666 3118 5730 οὐρανὸν
3149 5666 3376 5733 ἐπᾶραι,
3415 5664 3559 5716 ὥστε
3595 5668 3626 5733 ἡ
3663 5668 3839 5726 στάσις

2258 5754 2407 5822 αύτῷ
2445 5759 2822 5823 συγκεκυφυῖα
2851 5752 2938 5823 ἦν.
2988 5757 3228 5807 Ἐκείνον
3253 5756 3308 5808 δὲ
3346 5758 3440 5807 καὶ
3491 5758 3540 5807 οἱ
3579 5756 3842 5822 οφθαὶμςὶ

2261 5849 2340 5909 είς
2369 5848 2458 5899 τὸν
2483 5848 2998 5918 οὺρανὸνὲπῇροντο
3026 5888 3037 5911 ,
3066 5852 3156 5901 καὶ
3186 5851 3250 5919 τῇ
3273 5849 3471 5919 καρδία
3496 5849 3838 5915 συν-ρέοῐιντο.
