4000 6446
206 483 344 547 1035

883 476 1333 540 ENARRATIO
1371 475 1454 534 ΙΝ
1494 462 2006 535 EVANGELIUM
2041 467 2280 532 LUC/E.
2323 493 2394 504 -·
2428 469 2588 528 CAP.
2644 466 2869 532 XVHI.

3391 466 3530 535 1006

201 599 346 668 Ὀρα
376 596 431 648 δὲ
467 595 572 648 κάν
596 595 660 663 τῇ
694 592 784 645 τοῦ
811 593 1112 662 Φαρισαίου
1141 591 1274 662 εὐχῇ
1299 589 1450 656 τάξιν
1480 587 1809 641 ύποδεικνυ-

1919 593 2098 636 erant.
2138 583 2286 638 Dixit
2321 584 2466 637 enim
2507 600 2521 636 :
2560 581 2675 637 Non
2705 598 2827 637 sum
2857 580 3000 639 sicut
3033 579 3192 636 multi
3220 581 3529 651 hominum,

204 693 375 760 μένην
421 690 578 759 ἡμῖν.
645 688 921 756 Πρότερον
953 686 1059 756 γὰρ
1094 681 1250 738 εἶπεν
1294 682 1330 737 ἃ
1389 683 1488 734 οὐκ
1530 681 1672 744 ἔστι,
1712 677 1810 732 καὶ

200 785 320 835 τύτε
376 778 670 844 κατέλεξεν
702 779 734 832 ἃ
783 779 952 832 ἐστιν.
1017 777 1203 831 Εἰπὼν
1240 775 1369 845 γὰρ,
1402 774 1525 828 ’Ότι
1555 774 1654 826 οὐκ
1691 771 1810 840 εἰμὶ

198 872 343 933 ὼξοί
397 871 582 924 πολλοὶ
621 871 734 922 τῶν
785 869 1096 940 ἀνθρώπων
1141 869 1268 922 τάδε
1303 868 1400 921 καὶ
1457 866 1607 932 τάδε,
1637 881 1808 935 προσ-

202 965 366 1032 έθηκε
399 965 493 1017 καὶ
516 964 586 1017 τὰ
611 965 708 1034 τῆς
735 965 965 1034 ἀρετῆς,
998 964 1060 1017 τὸ
1091 963 1382 1034 νηστεύειν
1417 961 1500 1024 δὶς
1545 960 1639 1013 τοῦ
1669 960 1810 1012 Σαϐ-

202 1059 390 1119 ϐάτου,
427 1057 521 1110 καὶ
552 1058 614 1110 τὸ
636 1057 1013 1111 ἁποδεκατοῦν
1044 1059 1148 1110 ὅσα
1189 1059 1411 1110 κτᾶται.
1453 1056 1548 1107 Δεῖ
1585 1054 1694 1124 γὰρ
1731 1055 1808 1124 μὴ

202 1151 475 1205 ἐκκλίνειν
511 1151 670 1220 μόνον
704 1150 814 1203 ἀπὸ
846 1148 1044 1210 κακοῦ,
1075 1149 1211 1202 ἀλλά
1247 1150 1340 1201 καὶ
1371 1150 1548 1202 ποιεῖν
1578 1146 1806 1215 ἀγαθόν.

200 1246 310 1299 Καὶ
349 1246 620 1316 πρότερον
663 1246 745 1298 δεῖ
776 1245 1118 1314 ἀποσχέσθαι
1147 1245 1244 1313 τῆς
1277 1243 1508 1306 κακίας,
1546 1243 1643 1296 καὶ
1683 1242 1808 1295 τότε

197 1344 264 1409 τῇ
298 1340 468 1411 ἀρετῇ
498 1339 875 1409 ἐπιχειρῆσαι,
904 1338 1097 1408 ὥσπερ
1127 1334 1219 1391 οὗν
1253 1338 1349 1391 καὶ
1395 1337 1580 1407 πηγῆς
1613 1334 1808 1405 βορὸο-

204 1432 478 1502 ρωθείσης
513 1432 655 1501 ὕδωρ
694 1431 912 1502 μέλλων
948 1432 1347 1501 ἀπαρύσασθαι
1373 1431 1638 1502 καθαρὸν,
1676 1430 1812 1502 πρό⁹

195 1541 358 1594 τερον
393 1508 705 1596 ὲκκάθαρον
757 1525 850 1578 τὸν
910 1525 1201 1596 βόρϐορον,
1235 1527 1332 1578 καὶ
1381 1525 1507 1577 τότε
1541 1527 1724 1597 ἀρύσῃ
1751 1525 1812 1578 τὸ

201 1619 466 1688 καθαρόν.
500 1617 612 1672 Καὶ
644 1618 804 1672 τοῦτο
842 1619 900 1673 δὲ
932 1618 1333 1688 ἐπισκόπησον,
1357 1619 1474 1681 πῶς
1503 1619 1603 1671 οὐκ
1631 1614 1809 1686 εἶπεν,

201 1713 286 1765 ὅτι
323 1713 424 1763 οὐκ
463 1712 583 1781 εἰμι
605 1711 681 1773 ὡς
717 1713 765 1763 οξ
804 1711 1016 1773 πολλοὶ,
1052 1711 1263 1782 ἅρπαξ,
1310 1711 1522 1780 μοιχὸς,
1557 1710 1812 1781 οὐδὲγὰρ

198 1805 530 1871 κατεδέξατο
566 1807 698 1876 ἄχρι
724 1807 820 1858 καὶ
846 1806 1095 1876 ῥήματος
1123 1806 1282 1875 ψιλοῦ
1326 1806 1499 1875 ὄνομα
1521 1803 1812 1875 διαϐεϐληο

202 1897 367 1967 μένον
431 1897 510 1967 τῷ
569 1899 764 1952 ἑαυτοῦ
821 1899 1105 1970 προσώπῳ
1159 1898 1469 1969 μοναδικῶς
1503 1898 1808 1968 προσάψαι,

198 1989 342 2042 ἀλλά
387 1989 774 2064 πληθυντικῶς
826 1993 942 2053 τοῖς
995 1990 1207 2054 λοιποῖς
1271 1990 1587 2062 ἀνθρώποις
1633 1988 1812 2043 ταῦτα

200 2082 598 2153 προσέρριψεν.
632 2084 818 2137 Εἰπὼν
868 2084 925 2137 δὲ
977 2085 1100 2138 ’Ότι
1134 2086 1234 2137 οὐκ
1268 2086 1386 2155 είμὶ
1418 2084 1494 2147 ὡς
1532 2086 1578 2135 οἱ
1609 2084 1807 2149 λοιποὶ,

200 2174 478 2247 ἀντέθηκε
540 2175 718 2246 τούτῳ
760 2176 840 2241 τὸ,
902 2177 1171 2249 Νηστεύω
1223 2177 1305 2240 δὶς
1357 2177 1452 2231 τοῦ
1502 2178 1807 2240 Σαϐϐάτου,

197 2268 474 2333 τουτέστι,
532 2267 788 2341 δεύτερον
813 2271 914 2341 τῆς
967 2271 1286 2341 ἑϐδομάδος.
1325 2272 1608 2326 Σάὸδατον
1638 2273 1749 2344 γὰρ
1777 2274 1808 2342 ἡ

200 2360 445 2430 ἑϐδομὰς
489 2361 727 2429 ἐλέγετο,
755 2363 862 2416 ἀπ’,
895 2363 995 2433 τῆς
1020 2360 1350 2428 τελευταίας
1376 2365 1471 2417 καὶ
1500 2363 1812 2418 ἀναπαυσὶ-

198 2470 308 2522 μου
338 2455 550 2522 ἡμέρας
577 2455 983 2525 ὀνομαζομένη.
1019 2455 1236 2508 Σα66ἀτ
1264 2457 1372 2526 γὰρ
1404 2458 1436 2526 ἡ
1469 2457 1809 2521 ἀνάπαυσις,

195 2547 296 2598 καὶ
334 2547 590 2600 Σάϐὅατα
620 2549 676 2601 δὲ
716 2550 816 2619 τὴν
851 2549 1126 2619 ἑϐδομάδα
1175 2549 1366 2617 ἔλεγον
1399 2551 1810 2620 πληθυντικῶς.

199 2639 372 2690 ’Ὁθεν
405 2643 499 2692 καὶ
539 2641 669 2708 μίαν
715 2643 1015 2696 Σαδδάτων
1052 2645 1150 2711 τὴν
1179 2644 1408 2715 πρώτην
1453 2646 1671 2716 ἡμέραν
1711 2649 1814 2711 τῆς

194 2729 499 2800 ἑϐδομάδος
552 2733 649 2803 τὴν
701 2735 832 2805 παρ’
866 2737 1000 2804 ἡμῖν
1057 2738 1625 2808 Κυριακὴνέκάλουψ
1658 2741 1813 2810 παρὰ

195 2822 313 2892 γὰρ
355 2823 633 2893 Ἑϐραίοις
664 2826 725 2878 τὸ
765 2827 895 2895 μίαν
924 2829 1124 2880 ταυτὸν
1155 2831 1415 2899 σημαίνει
1449 2831 1526 2901 τῷ
1561 2830 1807 2902 πρώτην.

203 2915 404 2979 Ὀντος
433 2919 527 2968 καὶ
558 2919 748 2988 ἐτέρου
775 2920 938 2987 λόγου
973 2921 1300 2992 βαθυτέρου·
1327 2924 1465 2993 πρὸς
1497 2924 1596 2994 μὲν
1624 2923 1717 2978 οὖν
1752 2925 1814 2978 τὸ

193 3010 302 3077 τῆς
332 3010 576 3078 μοιχείας
611 3011 780 3073 πάθος
811 3013 911 3083 τὴν
958 3015 1215 3085 νηστείαν
1257 3016 1810 3089 ἀντηλαζωνεύσατο,

195 3105 300 3153 καὶ
325 3101 433 3168 γὰρ
475 3105 583 3156 ἀπὸ
606 3105 819 3176 τρυφῆς
853 3108 885 3176 ἡ
913 3101 1165 3174 λαγνεία,
1213 3110 1377 3174 αὐτὸς
1426 3112 1527 3180 μὲν
1558 3112 1619 3164 τὸ
1648 3111 1814 3182 σῶμα

194 3191 292 3244 διὰ
327 3194 584 3261 νηστείας
614 3195 821 3265 ἄγχων,
857 3197 994 3250 πολὺ
1027 3201 1224 3270 ἀπεῖχε
1255 3201 1364 3254 τῶν
1409 3203 1671 3258 τοιούτων
1700 3222 1810 3258 πα-

1915 674 2002 728 illa
2032 687 2086 730 et
2116 676 2202 732 illa
2227 718 2242 740 ,
2279 677 2478 732 deinde
2529 677 2787 747 apposuit
2815 690 2936 745 quae
2992 675 3215 731 virtutis
3254 689 3442 744 erant,
3478 689 3538 734 ut

1908 768 2162 836 jejunare
2193 771 2276 824 his
2310 770 2362 823 in
2399 769 2666 833 Sabbato,
2701 777 2757 823 et
2790 768 3036 823 decimas
3076 769 3210 824 dare
3253 768 3321 823 de
3357 772 3538 825 omni-

1916 863 2015 914 bus
2047 877 2168 932 quae
2231 862 2569 932 possidebat.
2609 860 2840 932 Oportet
2872 863 3020 916 enim
3071 877 3180 917 non
3215 862 3391 918 solum
3436 865 3536 920 de-

1914 955 2122 1008 clinare
2147 969 2177 1008 a
2206 953 2370 1019 malo,
2404 955 2498 1009 sed
2522 964 2578 1009 et
2609 953 2796 1008 facere
2820 954 3053 1009 bonum.
3091 952 3157 1008 Et
3189 955 3342 1025 prius
3371 971 3537 1027 opor-

1916 1049 1992 1096 tet
2019 1043 2289 1097 absistere
2323 1059 2351 1097 a
2384 1043 2530 1099 malo
2555 1084 2570 1109 ,
2619 1053 2678 1098 et
2726 1053 2916 1113 postea
2949 1046 3214 1100 virtutem
3261 1047 3482 1119 aggredi
3517 1064 3533 1101 :

1913 1135 2378 1203 quemadmodum
2431 1147 2486 1190 et
2543 1138 2598 1190 in
2650 1135 2805 1191 font'e
2842 1135 3046 1202 lutoso,
3100 1147 3157 1190 ut
3199 1152 3341 1206 aqua
3397 1153 3537 1209 pura

1915 1226 2138 1293 deﬂuat,
2184 1228 2337 1298 prius
2388 1228 2563 1283 lutum
2598 1230 3038 1300 expurgandum,
3079 1241 3136 1284 ut
3166 1230 3395 1287 haurias
3430 1247 3535 1301 pu—

1916 1336 2031 1373 ram
2061 1337 2283 1389 aquam.
2316 1322 2619 1377 Considera
2653 1332 2838 1378 autem
2871 1331 2926 1378 et
2956 1337 3081 1388 noc,
3115 1324 3394 1392 quomodo
3425 1341 3535 1381 non

1917 1416 2218 1485 arripuerit
2281 1432 2512 1486 parvum
2550 1417 2818 1482 verbum,
2877 1426 2936 1471 ut
2988 1417 3256 1487 singulari
3315 1419 3538 1474 nomine

1916 1509 2127 1563 diceret
2163 1549 2177 1574 ,
2213 1509 2310 1564 sed
2342 1509 2535 1580 plurali
2577 1525 2809 1565 numero
2839 1510 2894 1564 in
2939 1511 3139 1566 multos
3180 1511 3296 1567 haec
3327 1528 3539 1582 expue-

1919 1601 1988 1653 rit
2015 1643 2029 1666 ,
2059 1601 2293 1657 dicendo
2323 1621 2337 1662 :
2366 1602 2521 1668 Quod
2556 1617 2662 1664 non
2694 1618 2814 1658 sum
2849 1602 2990 1658 sicut
3024 1604 3230 1659 caueri.
3263 1605 3400 1659 Cum
3423 1621 3542 1672 eau-

1920 1702 2026 1746 tem
2059 1694 2326 1764 dixisset,
2364 1694 2482 1750 Non
2525 1710 2644 1750 sum
2694 1696 2842 1752 sicut
2886 1697 3068 1752 caeteri
3095 1741 3108 1764 ,
3154 1699 3449 1768 apposuit,
3483 1710 3542 1755 et

1919 1787 2099 1841 dixit:
2134 1785 2334 1857 Jejuno
2362 1787 2447 1843 bis
2497 1789 2552 1843 in
2604 1787 2868 1855 sabbato,
2911 1789 3013 1844 hoc
3067 1799 3176 1856 est,
3213 1791 3298 1846 bis
3342 1793 3394 1846 in
3437 1793 3538 1848 he-

1918 1880 2208 1936 bdomade.
2234 1883 2535 1937 Sabbatum
2564 1885 2710 1937 enim
2743 1883 3044 1939 hebdomas
3073 1895 3177 1950 εει,
3198 1901 3321 1955 qua:
3343 1903 3376 1941 a
3409 1902 3541 1942 con-

1921 1974 2289 2028 summatione
2321 1983 2372 2028 et
2403 1974 2591 2043 quieto
2622 1973 2715 2029 die
2754 1974 3093 2029 nominatur.
3129 1976 3337 2031 Sabbat
3366 1978 3538 2042 enim,

1920 2068 2115 2136 quies;
2151 2068 2284 2135 quin
2312 2075 2366 2122 et
2400 2066 2643 2122 Sabbata
2687 2067 3092 2123 hebdomadem
3128 2070 3389 2125 dicebant
3421 2071 3542 2140 plu-

1922 2162 2020 2214 rali
2052 2177 2303 2215 numero.
2345 2161 2506 2218 Unde
2541 2171 2597 2217 et
2648 2178 2814 2215 unam
2846 2161 3245 2230 Sabbatorum,
3301 2165 3538 2235 primam

1919 2256 2061 2309 diem
2093 2256 2475 2320 hebdomadie,
2515 2271 2637 2326 qua:
2671 2256 2814 2326 apud
2847 2272 2951 2311 nos
2979 2267 3064 2312 est
3094 2257 3406 2322 Dominica,
3438 2274 3538 2314 ro-

1917 2350 2149 2414 cahant;
2185 2351 2324 2419 apud
2362 2352 2627 2406 llebrazos
2654 2351 2801 2406 enim
2837 2367 3007 2406 unum
3033 2361 3088 2407 et
3121 2352 3363 2422 primum
3392 2354 3536 2409 idem

1919 2443 2120 2513 signat.
2156 2442 2252 2498 Est
2285 2453 2339 2498 et
2386 2445 2527 2499 alius
2567 2445 2896 2515 profundior
2928 2461 3150 2513 sermo;
3190 2462 3315 2501 nam
3345 2457 3537 2502 contra

1919 2537 2251 2592 adulterium
2290 2538 2637 2608 gloriabatur
2674 2541 2739 2594 de
2766 2539 2981 2610 jejunio
3017 2553 3032 2594 :
3072 2556 3101 2593 a
3134 2540 3349 2596 deliciis
3390 2543 3538 2596 enim

1918 2632 2243 2700 petulantia.
2294 2633 2413 2702 Ipse
2471 2633 2637 2701 igitur
2701 2649 2911 2704 corpus
2989 2644 3217 2704 propter
3268 2636 3539 2704 jejunium

1918 2741 2303 2796 compescens,
2341 2742 2370 2780 a
2423 2727 2610 2780 multis
2642 2727 2916 2797 ejusmodi
2956 2727 3346 2784 affectionibus
3400 2729 3541 2784 liber

1919 2829 2055 2875 erat.
2094 2817 2425 2888 Jejunabant
2455 2831 2641 2874 autem
2672 2820 2939 2875 Pharisaei
2967 2825 3207 2877 secunda
3240 2832 3292 2876 et
3322 2823 3539 2891 quinta.

1918 2915 2125 2970 Contra
2165 2916 2410 2983 rapinam
2441 2927 2496 2970 et
2522 2913 2850 2983 injustitiam
2891 2915 3210 2986 proferebat
3259 2918 3538 2972 datinneni

1920 3009 2263 3064 decimarum
2315 3009 2561 3063 omnium
2604 3025 2726 3077 qua:
2761 3010 3103 3079 possidebat.
3140 3009 3405 3073 Tantum,
3456 3011 3543 3064 in-

1919 3101 2060 3171 quit,
2094 3103 2412 3158 contrarius
2442 3118 2562 3156 sum
2607 3105 2812 3173 rapiam
2855 3113 2910 3158 et
2947 3101 3248 3174 iujustitiw,
3281 3113 3338 3157 ut
3374 3106 3541 3159 etiam

1919 3211 2041 3263 quae
2083 3211 2202 3249 mea
2236 3204 2385 3262 sunt,
2426 3198 2758 3265 expendam.
2817 3196 3164 3250 Decimarnm
3200 3199 3346 3251 enim
3391 3198 3545 3252 datio

193 3285 337 3338 θῶν.
385 3287 708 3357 Ἐνήστευον
741 3290 786 3341 δ’
822 3290 933 3360 ἄρα
972 3293 1021 3343 οξ
1059 3295 1346 3363 Φαρισαῖοι
1386 3297 1673 3368 δευτέραν,
1719 3299 1811 3352 καὶ

1923 3289 2142 3344 videtur
2193 3291 2522 3359 quibusdam
2567 3292 2896 3361 simpliciter
2946 3291 3112 3364 435
3157 3303 3212 3347 et
3264 3294 3437 3347 semel
3477 3295 3546 3348 de

195 3381 648 3451 πέμπτην.ῐ]ρὸς
680 3382 844 3452 δὲτὸ,
878 3386 1163 3455 Ἀρπαγες
1188 3391 1283 3442 καὶ
1314 3390 1514 3455 ἄδικοι,
1549 3392 1813 3458 ἀντέταξε

189 3472 283 3536 τὸ,
327 3473 676 3528 Ἀποδεκατῶ
701 3478 802 3530 ὅσα
853 3479 1074 3548 κτῶμαι
1102 3496 1114 3508 ο
1150 3482 1406 3534 τοσοῦτον
1454 3484 1583 3554 γὰρ,
1621 3486 1810 3555 φησιν,

193 3566 558 3637 ὲναντιοῦμαι
616 3572 682 3639 τῇ
736 3571 988 3643 ἁρπαγῇ,
1046 3575 1142 3626 καὶ
1174 3575 1384 3645 ἀδικίᾳ,
1441 3574 1584 3628 ὥστε
1623 3580 1718 3630 καὶ
1743 3579 1813 3632 τά

192 3658 450 3730 ἐμαυτοῦ
508 3663 872 3733 προσδίδωμι.
945 3665 1008 3718 Ἠ
1066 3667 1121 3719 δὲ
1178 3669 1484 3732 δεκάτωσις
1510 3671 1662 3722 δοκεῖ
1711 3672 1813 3742 μέν

190 3768 348 3805 τισιν
368 3752 552 3816 ἁπλῶς
576 3756 670 3807 καὶ
693 3755 844 3821 ἅπαξ
871 3761 1024 3826 παρά
1046 3760 1140 3813 τοῦ
1169 3761 1337 3832 νόμου
1362 3763 1809 3833 διαγορεύεσθαι,

194 3844 320 3905 τοῖς
351 3843 408 3896 δὲ
443 3843 652 3912 βαθέως
700 3850 1000 3919 ἐρευνῶσιν
1035 3853 1221 3917 αὐτὸν,
1292 3855 1610 3925 εὑρίσκεται
1663 3861 1813 3930 τρεῖς

194 3933 540 3998 δεκατώσεις
567 3940 984 4010 εἰσηγούμενος,
1019 3945 1112 3996 καὶ
1140 3944 1300 3999 τοῦτο
1332 3949 1394 3999 ἐκ
1420 3949 1514 4002 τοῦ
1547 3953 1813 4020 Δεύτερο-

191 4027 396 4096 νομίου
433 4032 655 4103 μαθήσῃ
686 4023 955 4105 ἀκριϐῶς,
982 4040 1286 4111 ἐπιστήσας
1317 4043 1410 4097 τὸν
1439 4045 1586 4100 νοῦν.
1625 4048 1814 4103 Ταῦτα

202 4123 313 4190 μὲν
349 4121 442 4174 οὖν
472 4125 498 4174 ὁ
535 4127 853 4197 Φαρισαῖος·
887 4132 914 4180 ὁ
968 4132 1024 4183 δὲ
1057 4133 1301 4206 τελώνης
1332 4138 1514 4192 πάντα
1552 4141 1621 4193 τά
1659 4130 1815 4195 ἐναν-

192 4218 314 4270 τία.
348 4219 641 4288 Μακρόθεν
669 4223 778 4292 γάρ
804 4223 994 4277 ἵστατο
1030 4230 1124 4279 καὶ
1152 4216 1416 4299 σχήματι,
1440 4234 1537 4287 καὶ
1578 4236 1809 4305 ῥήματι,

194 4313 299 4363 καὶ
336 4313 629 4377 κατανύξει
662 4316 894 4386 καρδίας
927 4321 1191 4389 πάμπολυ
1216 4325 1441 4396 ἀπέχων
1467 4328 1654 4395 αὑτοῦ,
1718 4334 1814 4384 καὶ

190 4406 260 4457 οὐ
292 4406 440 4474 μόνῳ
461 4407 540 4476 τῷ
567 4410 783 4479 τοπικῷ
812 4411 1145 4483 διαστήματι
1173 4432 1184 4444 ·
1226 4420 1352 4482 τούς
1386 4438 1444 4472 τε
1475 4421 1581 4492 γὰρ
1610 4423 1814 4492 seen.

197 4499 343 4566 μοὺς
377 4497 553 4566 ᾐδεῖτο
575 4502 656 4564 εἰς
688 4503 777 4555 τὸν
818 4505 1051 4574 οὐρανὸν
1083 4505 1239 4579 ἆραι,
1273 4511 1532 4578 ἀναξίους
1580 4518 1680 4586 τῆς
1704 4518 1813 4572 τῶν

191 4593 316 4646 ἄνω
372 4592 500 4656 Θέας
552 4595 757 4665 κρίνων
821 4600 948 4662 τοὺς
980 4601 1047 4654 τὰ
1076 4601 1175 4672 τῆς
1219 4605 1321 4672 γῆς
1355 4608 1541 4675 ἀγαθὰ
1566 4608 1810 4679 βλέπειν,

1923 3383 2040 3454 lege
2071 3384 2362 3454 praedicari
2401 3402 2413 3438 :
2449 3385 2534 3439 liis
2569 3394 2752 3439 autem
2794 3388 2885 3455 qui
2914 3385 3245 3456 profundius
3289 3398 3545 3442 scrutan—

1925 3487 2030 3541 tur,
2067 3487 2368 3532 occurrunt
2415 3487 2530 3533 tres
2569 3480 2906 3533 decimarum
2946 3481 3236 3546 dationes,
3286 3497 3426 3552 quas
3464 3484 3546 3534 iii-

1923 3571 2162 3626 troducit
2202 3571 2251 3624 id
2300 3573 2445 3641 quod
2482 3588 2544 3626 ex
2597 3572 3030 3627 Deuteronomio
3061 3575 3266 3639 disces,
3320 3575 3366 3630 si
3419 3576 3548 3629 dili-

1919 3675 2112 3735 genter
2161 3665 2451 3720 intuearis.
2501 3667 2566 3720 Et
2629 3667 2744 3721 hazc
2797 3668 3020 3736 quidem
3081 3665 3419 3724 Pharisreus.
3471 3671 3544 3723 At

1921 3757 2246 3826 publicanus
2272 3760 2510 3814 diversa.
2549 3759 2737 3828 Longe
2760 3761 2908 3814 enim
2949 3760 3152 3826 stabat,
3186 3773 3241 3815 et
3275 3765 3542 3832 gestibus,

1919 3858 1974 3902 et
2022 3865 2300 3915 sermone,
2345 3863 2400 3905 et
2462 3853 2890 3921 compunctione
2932 3854 3117 3908 cordis
3158 3855 3404 3910 distabat
3475 3861 3544 3909 ab

1920 3941 2034 4006 illo,
2072 3958 2178 3996 non
2232 3952 2444 3998 tantum
2487 3944 2642 4012 loco;
2697 3947 2994 4001 verebatur
3041 3948 3188 4001 enim
3239 3950 3430 4006 oculos
3488 3952 3544 4006 in

1920 4034 2119 4088 coelum
2189 4035 2469 4102 attollere,
2523 4038 2778 4107 indignos
2844 4039 3105 4108 judicans
3162 4042 3255 4111 qui
3316 4059 3538 4098 sursum

1920 4139 2274 4198 spectarent,
2311 4131 2402 4200 qui
2442 4131 2732 4186 Voluerant
2777 4131 2968 4187 videre
3017 4135 3162 4187 bona
3207 4142 3451 4198 terrena,
3489 4145 3544 4188 et

1921 4223 2026 4277 illis
2051 4223 2190 4277 frui.
2229 4226 2295 4277 Et
2346 4225 2626 4294 percussit
2667 4231 2858 4293 pectus
2902 4241 3091 4291 suum,
3120 4242 3220 4282 cor
3253 4231 3540 4295 videlieui,

1919 4327 2146 4385 propter
2190 4315 2362 4369 malas
2391 4317 2784 4383 cogitationes,
2817 4325 2873 4372 et
2921 4326 2984 4371 ut
3011 4317 3218 4373 excitet
3261 4335 3350 4388 qui
3375 4321 3406 4372 ιι
3441 4337 3488 4373 υ.
3522 4350 3542 4358 -

1917 4408 2241 4472 dormierat,
2267 4406 2399 4462 nihil
2429 4408 2570 4462 aliud
2592 4408 2830 4473 dicebat,
2851 4424 3012 4479 quam
3044 4426 3057 4461 :
3089 4409 3253 4472 Deus,
3274 4413 3543 4482 propitius

1918 4507 2039 4550 esto
2083 4498 2215 4550 mihi
2263 4503 2565 4566 peccaturi.
2608 4499 2843 4568 Propter
2877 4501 2994 4556 haec
3026 4504 3212 4556 omnia
3249 4504 3545 4559 descendit

1914 4588 2250 4657 justiticatus
2283 4591 2334 4644 in
2386 4593 2608 4646 domum
2641 4609 2825 4660 suam,
2862 4594 3037 4663 magis
3087 4612 3250 4665 quam
3287 4598 3397 4652 ille.
3436 4598 3545 4652 liii-

191 4687 300 4739 καὶ
331 4687 678 4758 καρποῦσθαι
705 4689 1067 4760 θελήσαντας.
1097 4695 1189 4758 Εῐς
1218 4715 1276 4750 τε
1303 4699 1362 4751 τὸ
1397 4699 1811 4770 στῆθοςιέαυτοῦ

1927 4684 2158 4738 mundus
2185 4686 2330 4739 enim
2356 4687 2496 4756 apud
2526 4687 2815 4741 Dominum
2843 4691 3028 4743 omnis
3053 4690 3324 4759 superbus
3350 4695 3540 4755 corde,

191 4775 459 4842 ἔτυπτεν,
495 4778 593 4849 τὴν
619 4780 848 4850 καρδίαν
875 4784 1039 4835 οἱονεὶ
1078 4785 1341 4856 πλήσσων
1387 4791 1530 4861 ὑπὲρ
1567 4793 1676 4845 τῶν
1707 4811 1809 4847 πο-

191 4871 388 4941 νηρῶν
418 4872 825 4944 βουλευμάτων,
859 4880 955 4931 καὶ
986 4882 1065 4943 εἰς
1097 4882 1351 4952 αἴσθησιν
1402 4885 1690 4958 διεγείρων
1722 4883 1812 4942 οἶα

192 4963 708 5030 καθεύδουσαν,καὶ
740 4970 892 5022 οὐδὲν
924 4971 1054 5024 ἄλλο
1091 4972 1302 5040 ἔλεγεν,
1325 4976 1381 5044 ἢ,
1423 4977 1484 5029 Ὀ
1515 4978 1666 5045 Θεὸς,
1697 4980 1810 5033 ἱλά-

195 5056 368 5126 σθητί
412 5076 501 5128 μοι
554 5061 630 5130 τῷ
661 5064 993 5135 ἀμαρδωλῴ.
1063 5067 1172 5118 Καὶ
1204 5070 1293 5121 διὰ
1318 5071 1523 5123 τούτων
1549 5073 1810 5128 ἁπάντων

191 5151 416 5220 ωτέῦη
475 5150 918 5224 δεδικαιωμένος,
1029 5160 1258 5225 ἐκεῖνος,
1297 5164 1419 5216 ἀντὶ
1462 5163 1580 5231 τοῦ,
1611 5165 1742 5236 παρ’
1783 5167 1810 5219 ὂ

192 5244 415 5306 ἐκεῖνος
437 5259 448 5272 ·
467 5243 803 5318 Ἀκάθαρτος
826 5251 936 5321 γὰρ
959 5252 1110 5322 παρὰ
1142 5257 1334 5326 Κυρίῳ
1361 5260 1467 5319 πᾶς
1497 5259 1815 5331 ὑψηλοκάρ-

192 5336 340 5400 διος,
365 5337 461 5388 καὶ
491 5337 694 5407 Κύριος
716 5340 1093 5412 ὑπερηφάνοις
1117 5350 1818 5416 ἀντιτάσσεται,ταπεινοῖς

190 5429 255 5482 δὲ
290 5430 473 5482 δίδωσι
497 5433 676 5500 χάριν.
725 5435 889 5489 Ἀλλά
913 5437 1248 5509 θαυμάσειεν
1283 5445 1347 5497 ἄν
1373 5462 1478 5508 τις,
1513 5445 1631 5508 πῶς
1654 5449 1682 5500 ὁ
1715 5447 1816 5516 μὲν

191 5525 502 5593 Φαρισαῖος
530 5526 688 5594 ὀλίγα
713 5530 934 5598 ῥήματα
970 5533 1459 5607 μεγαλοφροσύνης
1486 5539 1819 5609 προϊέμενος

191 5618 623 5688 κατακρίνεται,
660 5624 687 5674 ό
716 5623 773 5676 δὲ
819 5623 942 5677 Ἰὼὸ
977 5625 1278 5696 πάμπολλα
1323 5631 1815 5704 μεγαλορρημονή-

193 5729 307 5776 σας
342 5717 742 5783 negaui/061m;
786 5720 910 5775 Ὅτι
939 5739 1022 5774 τοι
1048 5724 1076 5774 ὀ
1109 5725 1206 5792 μὲν
1249 5726 1546 5796 Φαρισαῖος
1595 5729 1810 5793 οὐδενὸς

193 5807 615 5874 ἀναγκάζοντος
648 5812 834 5867 ἵστατο
878 5817 1107 5870 τοιαῦτα
1142 5817 1483 5890 ματαιάζων,
1515 5821 1608 5875 καὶ
1637 5839 1810 5875 κατα.

270 5994 316 6023 ’⁸
360 5993 550 6049 lPetr.
593 6013 644 6062 ν,
676 5998 728 6053 5.

1922 4788 1977 4831 et
2006 4777 2271 4834 Dominus
2327 4783 2583 4849 superbis
2614 4782 2847 4846 resistit,
2903 4783 3202 4837 humilibus
3235 4795 3417 4839 autem
3453 4789 3544 4840 dat

1922 4872 2154 4940 gratiam
2177 4873 2244 4926 9‘.
2282 4871 2483 4927 Verum
2513 4875 2880 4928 admiraiiitur
2909 4876 3051 4944 quis,
3087 4878 3366 4946 quomodo
3396 4877 3542 4933 Pha-

1922 4966 2136 5031 risaeus,
2165 4982 2288 5020 cum
2316 4981 2487 5035 pauca
2521 4969 2686 5023 verba
2720 4978 3043 5038 arroganter
3072 4971 3538 5040 pronuntiaverit,

1920 5061 2356 5125 condemnetur;
2382 5059 2484 5114 Job
2509 5072 2691 5115 autem
2719 5057 2841 5115 cuin
2872 5062 3042 5116 multa
3076 5064 3140 5118 de
3165 5078 3223 5118 se
3251 5067 3542 5137 magniﬁce

1922 5153 2087 5217 dicat,
2147 5157 2482 5210 coronetur?
2534 5155 2689 5222 Quod
2737 5155 3049 5211 Pharisreus
3111 5158 3333 5226 quidem
3389 5159 3541 5213 nullo

1918 5257 2150 5316 cogente
2204 5259 2314 5302 stat
2367 5250 2497 5303 talia
2554 5266 2801 5320 nugaus.
2853 5261 2910 5304 et
2969 5250 3109 5305 alios
3158 5252 3542 5308 condemnatis

1918 5341 2066 5394 nullo
2103 5358 2201 5395 usu
2235 5351 2466 5412 urgente
2516 5362 2528 5396 :
2568 5342 2671 5397 Job
2725 5359 2856 5399 vero
2913 5346 3294 5414 prementibus
3322 5349 3536 5412 amicis,

1915 5447 1972 5490 et
2001 5436 2220 5506 gravius
2253 5436 2700 5492 incumbentibus
2727 5455 2895 5508 quam
2934 5440 3226 5494 calamitas
3274 5441 3414 5510 ipsa,
3447 5443 3532 5497 di—

1917 5531 2280 5599 centihusque
2326 5532 2472 5602 quod
2526 5541 2752 5601 propter
2805 5543 3031 5602 peccata
3071 5533 3159 5587 illa
3197 5535 3269 5587 sit
3303 5551 3534 5605 passus,

1916 5625 2232 5693 compulsus
2263 5635 2344 5678 est
2376 5640 2708 5678 enumerare
2741 5641 2838 5680 sua
2873 5642 3064 5696 opera,
3113 5627 3279 5698 idque
3310 5637 3536 5698 propter

1924 5719 2155 5788 gloriam
2188 5719 2322 5784 Dei,
2376 5735 2446 5775 ne
2479 5719 2690 5774 scilicet
2728 5720 2982 5777 homines
3024 5738 3053 5775 a
3090 5733 3242 5778 recto
3275 5724 3535 5777 virtutum

1925 5839 2090 5877 cursu
2123 5821 2462 5876 exciderent.
2495 5813 2629 5870 Nam
2663 5816 2705 5870 si
2736 5832 3059 5887 persuasum
3096 5819 3414 5871 habuissent
3444 5816 3542 5869 ho-
