4000 6410
204 354 338 420 1013

871 353 1319 417 ENARRATIO
1359 355 1441 416 IN
1487 351 1999 415 EVANGELIUM
2038 351 2371 415 LUCE.—
2401 353 2568 414 CAP.
2598 351 2824 414 XVIII‘.

3373 348 3523 418 1016

199 470 268 522 τὰ
297 469 562 538 χρήματα
589 465 951 538 προεμένους,
982 467 1268 537 ἐπιτυχεῖν
1301 465 1412 518 τῶν
1439 465 1573 519 ἀνω.
1595 464 1798 518 Δύσκο⁴

1912 465 2088 534 sequi.
2145 463 2213 517 Et
2263 461 2481 519 difficile
2521 462 2739 531 quidem
2808 464 2929 518 boc.
2987 463 3321 520 Tenaciores
3371 469 3516 524 enim

199 563 288 617 λον
319 562 502 635 μέντοι
536 559 695 613 τοῦτο
730 575 745 590 '
780 558 895 625 ίξοῦ
952 560 1062 631 γὰρ
1097 559 1546 630 κολλητικώτερα
1569 559 1635 614 τὰ
1669 559 1802 628 χρή-

203 671 349 726 ματα
385 654 481 709 καὶ
503 653 780 715 δυσκόλως
815 653 1136 705 ἀποσπᾶται
1170 654 1198 705 6
1232 651 1446 716 τούτοις
1487 652 1799 723 συσχεθεὶς.

201 743 570 820 Παρακατιὼν
599 743 658 797 δέ
695 744 792 798 καὶ
835 744 913 806 ὡς
948 743 1212 797 ἀδύνατον
1258 743 1392 797 αὐτὸ
1437 744 1641 814 τίθησι,
1669 745 1805 815 φησι

199 835 744 910 γάρ,Εύκοπώτερόν
783 838 899 890 ἐστι
939 835 1188 908 κάμηλον
1225 836 1313 889 διὰ
1353 827 1665 906 τρυμαλιᾶς
1702 838 1802 907 ῥα-

199 934 346 1002 φίδος
380 932 668 996 εἰσελθεῖν,
700 931 732 1002 ἢ
783 929 1040 984 πλούσιον
1083 929 1326 1000 σωθῆναι
1356 948 1368 958 ·
1396 931 1663 984 ἀδύνατον
1695 930 1803 1000 γὰρ

198 1027 415 1089 πάντως
446 1025 696 1096 κάμηλον
722 1025 812 1079 διὰ
842 1027 1207 1096 τρυπήματος
1244 1023 1487 1094 βελονίου
1529 1023 1802 1095 χωρῆσαι,

195 1124 306 1177 εἴτε
332 1121 394 1174 τὸ
427 1118 567 1184 ζῶον
593 1119 725 1172 αὐτὸ
750 1119 970 1189 νοήσεις
1000 1117 1273 1187 κάμηλον,
1298 1116 1411 1169 εἴτε
1441 1113 1655 1185 σχοῖνόν
1681 1130 1806 1166 τινα

195 1213 462 1285 ναυτικὴν
508 1215 764 1284 παχεῖαν.
804 1213 868 1265 El
917 1205 1010 1266 οὖν
1060 1210 1311 1282 κάμηλον
1351 1209 1670 1282 χωρηθῆναι
1714 1206 1805 1261 διὰ

191 1308 559 1378 τρυπήματος
595 1305 838 1377 βελονίου
883 1303 1288 1372 εὐκοπώτερον,
1334 1304 1367 1375 ἢ
1405 1303 1663 1358 πλούσιον
1695 1319 1803 1356 σω-

194 1398 386 1469 θῆναι,
441 1399 707 1453 ἀδύνατον
751 1397 808 1452 δὲ
856 1393 1020 1451 τοῦτο
1054 1438 1068 1460 ,
1129 1397 1530 1467 ἀδυνατότερον
1587 1395 1696 1466 ἄρα
1742 1393 1804 1447 τὸ

194 1494 438 1562 σωθῆναι
507 1491 786 1546 πλούσιον.
841 1491 908 1544 Τί
961 1488 1058 1544 οὖν
1105 1489 1256 1544 ἔστιν
1315 1492 1522 1560 είπεῖνξς
1580 1489 1803 1561 Πρῶτον

196 1585 318 1654 μὲν,
355 1586 441 1638 ὅτι
483 1583 702 1654 ἀληθῶς
759 1583 936 1646 οὕτως
988 1583 1150 1654 ἔχει’
1190 1584 1452 1638 πλούσιον
1509 1584 1619 1655 γὰρ
1672 1583 1803 1637 ὄντα

192 1677 456 1732 ἀδύνατον
499 1676 762 1748 σωθῆναι.
821 1677 915 1748 Μὴ
965 1677 1076 1749 γάρ
1132 1695 1222 1748 μοι
1262 1677 1426 1749 εἴπῃς
1467 1678 1550 1730 ὃτι
1594 1678 1622 1730 6
1654 1677 1804 1730 δεῖνα

192 1771 450 1833 πλούσιος
495 1771 591 1837 ὢν,
638 1771 811 1825 ἐδίδου
864 1770 932 1824 τά
985 1770 1283 1840 προσόντα,
1316 1772 1412 1824 καὶ
1467 1770 1648 1840 ἐσώθη
1693 1785 1706 1800 '
1736 1771 1797 1823 οὐ

190 1867 302 1936 γὰρ
353 1863 614 1928 πλούσιος
675 1864 892 1928 ἐσώθη,
959 1862 1076 1916 ἀλλ’
1119 1863 1152 1934 ἢ
1196 1864 1465 1933 ἀκτήμων
1522 1863 1796 1932 γεγονὼς,

191 1962 226 2028 ἢ
258 1957 398 2021 τέως
416 1958 701 2025 οἰκονόμος
727 1957 802 2010 ὣν
825 1956 1029 2027 ἐσώθη,
1054 1957 1151 2009 καὶ
1174 1958 1296 2026 οὐχὶ
1323 1956 1606 2019 πλούσιος.
1634 1956 1800 2010 Ἄλλο

189 2051 301 2121 γὰρ
334 2051 621 2120 οἰκονόμος
660 2052 754 2103 καὶ
782 2051 910 2104 ἄλλο
947 2049 1208 2114 πλούσιος
1231 2067 1242 2080 ·
1274 2050 1530 2114 πλούσιος
1568 2051 1668 2121 μὲν
1691 2050 1799 2119 γάρ

190 2145 366 2208 ἐστιν,
395 2145 422 2196 ό
455 2143 633 2212 ἐαυτῷ
661 2145 848 2214 τηρῶν
881 2144 973 2196 τὸν
1001 2144 1256 2207 πλοῦτον,
1293 2145 1578 2214 οἰκονόμος
1606 2144 1660 2197 δέ
1684 2147 1710 2197 6
1731 2144 1797 2198 δι’

156 2235 416 2305 ,ἐτέρους
483 2235 671 2289 τοῦτον
721 2235 1112 2306 ἐγχειρισθεὶς.
1178 2237 1341 2290 Ὥστε
1404 2238 1499 2289 καὶ
1554 2238 1602 2289 εί
1643 2230 1800 2301 οὗτος

189 2325 397 2395 ἐσώθη,
422 2327 486 2379 οὐ
507 2326 767 2390 πλούσιος
789 2326 993 2398 ἐσώθη,
1021 2326 1138 2381 ἀλλ’
1167 2326 1224 2397 ἢ,
1247 2327 1322 2390 ὡς
1353 2326 1589 2398 ἔφημεν,
1619 2328 1800 2382 πάντα

189 2421 649 2492 ἀποκτησάμενος
680 2419 716 2473 ἃ
746 2415 917 2490 εἶχεν,
945 2419 979 2491 ἦ
1009 2419 1085 2484 ὡς
1118 2421 1407 2491 οἰκονόμος
1442 2420 1627 2485 καλῶς
1657 2422 1799 2475 αὐτὰ

186 2514 586 2584 διατιθέμενος.
619 2513 852 2567 Ἔπειτα
879 2513 976 2568 καὶ
1003 2513 1164 2568 τοῦτο
1201 2514 1420 2595 σκόπει,
1459 2514 1542 2568 ὅτι
1575 2515 1668 2568 τὸν
1699 2516 1798 2585 μὲν

188 2607 452 2660 πλούσιον
501 2606 770 2661 ἀδύνατον
829 2607 1115 2678 σωθῆναι,
1174 2607 1266 2661 τὸν
1312 2608 1370 2662 δὲ
1425 2608 1494 2661 τὰ
1537 2609 1800 2679 χρήματα

188 2701 389 2772 ἔχοντα
411 2699 700 2761 δύσκολον,
737 2700 813 2762 ὼς
841 2699 909 2753 ἂν
940 2703 989 2752 εί
1026 2699 1239 2768 ἔλεγεν,
1292 2700 1350 2754 '0
1389 2701 1491 2771 μὲν
1527 2701 1798 2772 ἐχόμενος

187 2795 300 2848 ὑπὸ
329 2795 439 2848 τῶν
473 2795 799 2866 χρημάτων,
830 2796 926 2848 καὶ
969 2794 1242 2848 δουλεύων
1295 2797 1503 2859 αὐτοῖς,
1534 2797 1631 2850 καὶ
1656 2813 1796 2867 κρα-

183 2890 454 2960 τούμενος
475 2891 534 2942 οὐ
566 2889 895 2960 σωθήσεται,
927 2891 955 2942 6
979 2889 1036 2941 δὲ
1068 2888 1209 2960 ἔχων
1234 2890 1302 2942 τὰ
1324 2891 1608 2961 χρήματα,
1637 2909 1796 2944 τουτ-

184 2983 309 3035 έστι
332 3021 348 3043 ,
401 2980 594 3050 κύριος
617 2980 800 3033 αὐτῶν
829 2981 930 3048 ὢν,
963 2982 1059 3034 καὶ
1091 2982 1253 3046 αὐτὸς
1300 2981 1440 3051 ἔχων
1470 2981 1667 3048 ταῦτα,
1696 2984 1799 3038 οὐκ

183 3077 454 3146 ἐχόμενος
474 3075 533 3128 δὲ
560 3075 655 3128 ὑπ’
687 3073 892 3140 αὐτῶν,
921 3074 1201 3137 δυσκόλως
1236 3075 1544 3145 σωθήσεται
1576 3075 1666 3130 διὰ
1699 3077 1798 3146 τὴν

1829 1819 1876 1877 Β

1911 558 2062 612 visco
2099 558 2387 612 adbazrent
2415 558 2682 626 pecuniae,
2712 566 2768 611 et
2803 553 3021 611 difficile
3052 558 3398 613 abstraltitur
3426 563 3517 629 qui

1910 666 1940 705 a
1981 650 2178 705 talibus
2207 658 2295 705 est
2327 649 2785 720 comprehensus.
2807 646 2926 703 Non
2961 650 3132 703 multo
3156 660 3336 705 autem
3373 663 3515 720 post,

1910 744 2132 814 subiicit
2155 744 2433 814 quomodo
2459 743 2802 817 impossibile
2829 744 2903 799 sit
2929 759 2943 796 :
2972 742 3109 799 dicit
3129 745 3277 798 enim
3307 743 3521 801 facilius

1907 854 2032 894 esse
2067 838 2338 894 camelnm
2375 854 2469 909 per
2501 837 2751 893 foramen
2789 853 2922 894 acus
2958 838 3188 903 intrare,
3231 853 3392 908 quam
3439 842 3520 894 di-

1908 932 2075 986 vitem
2109 929 2335 985 salvari.
2369 928 2711 1005 impossibile
2770 931 2916 986 enim
2958 938 3044 986 est
3089 930 3319 986 omnino
3369 933 3515 1000 quod

1909 1023 2180 1079 camelum
2225 1023 2407 1093 capiat
2450 1023 2697 1078 foramen
2737 1035 2878 1078 acus
2907 1040 2922 1077 :
2954 1023 3069 1077 sive
3106 1037 3202 1092 per
3247 1023 3519 1080 camelum

1909 1116 2115 1170 animal
2148 1115 2440 1187 intelligas,
2470 1115 2585 1170 sive
2616 1113 2802 1171 funem
2836 1118 3118 1171 nauticum
3147 1129 3417 1172 crassum.
3461 1117 3521 1172 Si

1910 1209 2077 1281 igitur
2118 1209 2334 1265 facilius
2365 1212 2633 1265 camelum
2675 1224 2771 1279 per
2800 1208 3051 1266 foramen
3083 1225 3217 1267 acus
3254 1212 3515 1269 transire.

1908 1318 2072 1374 quam
2110 1305 2310 1359 salvari
2339 1304 2565 1359 divitem
2599 1342 2614 1367 ,
2651 1303 2990 1372 impossibile
3030 1314 3213 1358 autem
3250 1305 3375 1373 hoc,
3412 1306 3517 1360 im-

1907 1397 2223 1468 possibilius
2248 1397 2416 1467 igitur
2453 1395 2653 1450 salvari
2687 1395 2932 1449 divitem.
2954 1394 3096 1462 Quid
3135 1396 3307 1465 igitur
3335 1397 3522 1452 dicen-

1908 1489 2077 1545 dum?
2099 1489 2345 1543 Primum
2376 1488 2620 1558 quidem,
2653 1488 2798 1558 quod
2826 1503 2953 1542 vere
2974 1471 3272 1553 sic‘ltabet,
3311 1490 3517 1560 impos-

1908 1583 2068 1638 sibile
2091 1582 2289 1638 salvari
2320 1599 2445 1638 eum
2466 1582 2556 1651 qui
2585 1583 2740 1636 dives
2767 1589 2871 1635 est.
2892 1578 3005 1636 Nec
3027 1580 3173 1635 enim
3208 1581 3343 1646 mihi
3368 1583 3518 1639 dicas

1908 1679 2052 1748 quod
2086 1679 2329 1734 salvatus
2373 1678 2445 1733 sit
2492 1678 2647 1734 dives
2689 1679 2961 1750 quispiam
3002 1678 3092 1748 qui
3123 1691 3219 1732 sua
3258 1677 3468 1733 dederit
3503 1698 3518 1734 :

1910 1785 2017 1825 non
2042 1772 2187 1825 enim
2222 1773 2375 1827 dives
2405 1772 2650 1826 salvatus
2681 1782 2785 1840 est,
2804 1775 2895 1826 sed
2920 1772 3045 1841 quia
3070 1787 3277 1841 pauper
3312 1771 3514 1835 factus.

1905 1863 2073 1936 5,39
2105 1865 2188 1920 vel
2239 1866 2590 1933 dispensator
2641 1867 2889 1923 existens
2945 1877 3200 1923 servatus
3241 1878 3348 1933 est,
3408 1886 3516 1924 non

1905 1958 2079 2013 dives.
2126 1959 2287 2011 Aliud
2321 1960 2467 2012 enim
2501 1966 2585 2013 est
2615 1958 2991 2028 dispensator,
3023 1959 3169 2014 aliud
3215 1962 3390 2017 (lives.
3417 1951 3516 2016 'Di-

1902 2065 1999 2106 ves
2023 2051 2170 2105 enim
2199 2060 2305 2116 est,
2335 2054 2425 2121 qui
2451 2052 2554 2107 sibi
2595 2063 2842 2106 reservat
2865 2052 3087 2108 divitias
3124 2071 3137 2107 :
3170 2055 3520 2123 dispensator

1902 2160 2055 2206 vero.
2089 2145 2176 2200 cui
2206 2146 2538 2200 concredita:
2557 2143 2699 2200 'sunt
2726 2155 2947 2216 propter
2971 2147 3128 2202 alios.
3159 2149 3224 2202 Et
3253 2149 3326 2204 ita
3353 2150 3517 2204 etiam

1904 2239 1992 2295 bic
2028 2242 2075 2295 si
2120 2238 2360 2295 salvatus
2405 2248 2510 2307 est,
2550 2256 2657 2295 non
2694 2242 2846 2295 dives
2895 2240 3142 2298 salvatus
3175 2251 3279 2308 est,
3312 2243 3430 2307 sed,
3462 2256 3521 2298 ut

1905 2333 2166 2399 diximus,
2203 2332 2286 2388 vel
2318 2333 2445 2402 quia
2482 2333 2742 2387 omnibus
2783 2334 3134 2388 renuntiavit
3156 2349 3278 2404 qua:
3303 2335 3516 2400 habuit,

1903 2428 1990 2482 vel
2033 2427 2162 2496 quia
2205 2427 2282 2481 ιιιί
2310 2426 2660 2496 dispensator
2697 2427 2836 2481 bene
2872 2426 2993 2481 illas
3025 2427 3332 2484 distribuit.
3361 2428 3519 2484 Insu-

1903 2535 2002 2591 per
2027 2521 2212 2576 ethoc
2260 2521 2661 2588 animadverte,
2703 2523 2849 2589 quod
2886 2521 2936 2575 di
2959 2522 3113 2576 .‘item
3153 2522 3376 2593 quidem
3413 2521 3518 2577 im-

1903 2614 2165 2683 possibile
2208 2622 2293 2669 est
2348 2613 2550 2669 salvari
2587 2629 2602 2679 ;
2663 2613 3161 2682 pecunias.autem
3199 2613 3518 2682 habentem,

1904 2704 2160 2771 difficile;
2193 2703 2352 2773 quasi
2407 2704 2659 2760 diceret:
2692 2702 2798 2772 Qui
2848 2705 3088 2761 habetur
3131 2715 3190 2762 et
3243 2715 3518 2762 tenetuna

1903 2799 2178 2867 pecuniis,
2221 2812 2286 2852 ac
2323 2797 2495 2852 servit
2539 2797 2644 2864 eis,
2692 2813 2802 2852 non
2844 2799 3157 2855 salvabitnr
3190 2817 3203 2853 :
3242 2799 3336 2870 qui
3388 2809 3520 2856 vero

1901 2891 2164 2962 pecunias
2215 2888 2403 2954 habet,
2439 2887 2545 2944 hoc
2592 2897 2697 2953 est,
2747 2890 3004 2946 dominus
3060 2888 3277 2945 illa-rum
3333 2900 3437 2956 est,
3467 2901 3523 2946 et

1902 2985 2018 3054 ipse
2049 2985 2210 3041 habet
2259 3000 2378 3051 eas,
2413 2991 2468 3040 et
2498 2999 2606 3039 non
2640 2983 2879 3039 habetur
2904 2985 2973 3040 ab
3003 2984 3086 3040 eis
3109 3026 3124 3050 ,
3163 2983 3380 3040 difficile
3406 2984 3518 3040 sal-

1901 3079 2121 3133 vabitur
2147 3088 2371 3149 propter
2404 3078 2702 3134 humanam
2737 3078 3150 3133 infirmitatem-
3179 3077 3522 3150 lmpossibile

181 3168 541 3240 ἀνθρωπίνην
567 3168 875 3223 ἀσθένειαν.
923 3167 1219 3221 Ἀδύνατον
1253 3169 1365 3240 γὰρ
1403 3169 1478 3238 μὴ
1500 3170 1798 3241 παραχρή-

1906 3171 2050 3228 enim
2085 3181 2170 3226 est
2201 3186 2306 3226 non
2344 3171 2492 3226 abuti
2530 3173 2612 3227 his
2635 3189 2758 3243 quae
2788 3173 3075 3228 habemus.
3109 3153 3324 3242 Quippe
3354 3188 3521 3242 quan-

183 3266 388 3317 σασθαι
425 3257 508 3326 οἷς
536 3261 760 3333 ἔχομεν’
795 3261 901 3325 ἐως
932 3262 1042 3332 γὰρ
1074 3261 1274 3331 ἔχομεν
1306 3265 1594 3334 χρήματα,
1630 3282 1799 3318 σπου-

179 3357 344 3421 δάζει
367 3359 394 3410 6
417 3353 667 3417 διάϐολος
709 3351 1100 3420 ὑποσκελίζειν
1135 3357 1306 3426 ἡμᾶς,
1340 3358 1422 3420 είς
1451 3357 1512 3409 τὸ
1535 3357 1689 3429 παρὰ
1709 3358 1801 3411 τὸν

183 3449 424 3514 κανόνα,
468 3451 564 3501 καὶ
611 3446 702 3501 τὸν
753 3446 920 3517 νόμον
970 3449 1068 3516 τῆς
1117 3449 1430 3518 οἰκονομίας
1483 3450 1802 3520 χρήσασθαί

181 3543 339 3595 ἐστιν
362 3541 473 3602 ὅτε,
507 3539 604 3593 καὶ
633 3537 896 3593 δύσκολον
922 3541 1188 3608 ἐκφυγεῖν
1221 3540 1322 3603 τὰς
1348 3541 1588 3609 παγίδας
1611 3543 1799 3596 αὑτοῦ.

181 3635 291 3688 Διά
317 3633 478 3687 τοῦτο
529 3633 697 3686 καλὸν
734 3635 766 3702 ἠ
798 3632 1159 3704 ἀχρημοσύνη
1193 3635 1290 3687 καὶ
1337 3635 1528 3703 σχεδὸν
1563 3637 1800 3707 ἀπείρα-

185 3743 341 3780 στον.
370 3721 541 3780 Εἶπον
565 3727 641 3790 δὲ,
677 3729 865 3795 φησὶν,
900 3727 947 3779 el
968 3725 1307 3788 ἀκούσαντες
1329 3743 1341 3756 ’
1370 3728 1463 3789 Τίς
1500 3728 1610 3791 ἄρα
1641 3730 1803 3784 δύνα-

181 3837 279 3873 ται
305 3821 583 3889 σωθῆναις
627 3816 689 3872 '0
717 3819 772 3871 δὲ
794 3814 917 3872 εἷπε
935 3836 946 3848 ·
981 3837 1000 3870 ι
1027 3818 1109 3870 Τὰ
1129 3818 1371 3871 ἀδύνατα
1405 3822 1560 3891 παρά
1586 3822 1802 3894 ἀνθρώ-

183 3931 340 3976 ποις,
390 3913 595 3966 δυνατά
648 3915 801 3983 παρὰ
845 3912 926 3984 τῷ
950 3895 1091 3983 Θεῷ.
1135 3931 1153 3964 t
1191 3913 1355 3984 Παρά
1391 3913 1491 3983 μὲν
1537 3915 1650 3987 γὰρ
1685 3919 1801 3980 τοῖς

183 4005 547 4076 ἀνθρωπίνην
583 4006 810 4075 γνώμην
841 4005 1079 4074 ἔχουσιν,
1113 4005 1233 4074 ἦτοι
1268 4006 1421 4058 κάτω
1454 4009 1797 4077 συρομένοις,

183 4101 288 4153 καὶ
323 4097 656 4168 ἐπιθυμοῦσι
682 4098 789 4151 τῶν
817 4099 1047 4167 γηΐνων,
1079 4098 1345 4153 ἀδύνατόν
1378 4101 1498 4152 ἐστι
1533 4100 1800 4171 σωθῆναι,

182 4193 268 4257 ὡς
297 4194 538 4263 εἴρηται,
588 4192 744 4263 παρά
770 4192 828 4246 δὲ
859 4192 980 4262 Θεῷ
1013 4194 1264 4258 δυνατὸν,
1318 4194 1627 4260 τουτέστιν,
1671 4199 1801 4251 ὅταν

182 4304 276 4348 τις
325 4285 633 4355 σύμὸουλον
661 4285 761 4357 ἔχῃ
792 4286 885 4338 τὸν
915 4286 1070 4351 Θεὸν,
1110 4287 1204 4340 καὶ
1232 4286 1301 4338 τὰ
1322 4286 1674 4356 δικαιώματα
1699 4289 1797 4344 τοῦ

181 4376 358 4441 Θεοῦ,
400 4378 624 4441 καὶτὰς
667 4379 800 4447 περὶ
838 4378 1235 4449 ἀχρημοσύνης
1281 4380 1505 4443 ἐντολὰς
1535 4381 1799 4436 διδασκά-

181 4472 322 4534 λους
350 4470 510 4541 λάὁῃ,
546 4472 640 4524 καὶ
666 4473 769 4541 τὴν
800 4471 930 4541 παρ’
967 4472 1179 4525 ἐκείνου
1221 4473 1540 4528 ἐπικαλοῖτο
1568 4477 1795 4529 ἐπικουο

1905 3264 1996 3318 diu
2047 3264 2309 3333 pecunias
2350 3262 2642 3328 habemus.
2700 3264 2930 3319 molitur
2971 3263 3227 3321 diabolus
3257 3279 3358 3320 nos
3386 3280 3520 3337 sup-

1906 3355 2180 3423 plantare,
2223 3369 2292 3408 ne
2335 3355 2522 3424 regula
2586 3355 3020 3424 dispensationis
3070 3365 3222 3412 recte
3278 3364 3498 3411 utamur

1904 3457 1957 3500 et
1981 3447 2199 3502 difﬁcile
2229 3454 2315 3501 est
2341 3445 2581 3515 effugere
2604 3445 2724 3516 ejus
2745 3448 2972 3518 laqueos
3004 3467 3018 3516 ;
3053 3458 3342 3519 propterea
3376 3451 3517 3504 bona

1906 3550 1987 3594 est
2011 3547 2325 3610 paupertas,
2352 3547 2405 3594 et
2434 3540 2589 3607 quasi
2618 3540 2920 3596 tentatione
2942 3541 3218 3610 superior.
3254 3539 3406 3596 Dixe.
3425 3551 3520 3596 unt

1907 3645 2112 3700 autem,
2149 3631 2349 3700 inquit,
2385 3633 2438 3687 hi
2467 3633 2558 3702 qui
2593 3632 2931 3688 audierant:
2967 3636 3104 3702 Quis
3159 3636 3325 3705 igitur
3363 3649 3520 3708 pote-

1906 3728 1977 3781 rit
2013 3725 2248 3781 salvari?
2286 3727 2357 3780 At
2387 3725 2476 3782 ille
2505 3726 2644 3781 dixit
2677 3744 2692 3780 :
2731 3745 2748 3778 ι
2783 3727 2914 3794 Quae
2961 3728 3319 3797 impossibilia
3375 3733 3519 3801 apud

1906 3819 2158 3872 homines
2209 3826 2360 3884 sunt,
2417 3819 2699 3886 possibilia
2752 3829 2878 3874 sunt
2933 3822 3075 3889 apud
3130 3821 3323 3875 Deum.
3363 3843 3380 3876 ι
3416 3824 3519 3890 Qui

1905 3909 2051 3961 enim
2097 3907 2301 3963 habent
2350 3919 2590 3963 mentem
2635 3910 2936 3964 humanam
2987 3927 3109 3982 quae
3141 3914 3209 3968 ad
3259 3913 3520 3970 inferiora

1906 4004 2102 4070 vergit,
2136 4008 2191 4054 et
2255 4009 2473 4054 terrena
2525 4000 2825 4067 desiderat,
2882 4003 3086 4058 salvari
3125 4019 3231 4059 non
3266 4018 3516 4075 possunt,

1905 4096 2047 4150 sicut
2099 4096 2303 4150 dictum
2353 4104 2456 4150 est.
2517 4095 2626 4149 Deo
2682 4106 2866 4150 autem
2921 4097 3202 4166 possibile,
3258 4099 3362 4154 hoc
3413 4115 3518 4165 est,

1903 4188 2124 4260 quando
2158 4188 2280 4258 quis
2313 4187 2695 4245 consiliarium
2733 4187 2898 4249 habet
2931 4189 3126 4256 Deum,
3162 4200 3216 4245 et
3250 4190 3522 4259 jttslilicu-

1906 4281 2086 4335 tiones
2121 4279 2236 4346 Dei,
2269 4288 2324 4334 et
2370 4279 2632 4334 mandata
2688 4277 2934 4350 Magistri
2967 4281 3034 4336 de
3069 4293 3394 4352 paupertate
3428 4299 3524 4340 su—

1907 4375 2089 4444 scipit,
2121 4383 2175 4429 et
2201 4373 2346 4429 illius
2379 4374 2599 4429 invocat
2625 4373 2928 4440 auxilium;
2965 4376 3229 4443 possibile
3258 4377 3406 4431 enim
3439 4389 3530 4433 est

1905 4472 2034 4525 hoc.
2084 4466 2347 4522 Nostrum
2400 4472 2486 4521 est
2529 4468 2676 4522 enim
2729 4466 2868 4522 velle
2906 4467 3136 4535 bonum,
3189 4468 3286 4525 Dei
3336 4479 3517 4525 autem

186 4563 342 4634 ρίαν,
395 4562 619 4616 δυνατὸν
671 4563 825 4616 ἔσται
879 4563 1062 4618 τοῦτο·
1103 4564 1265 4635 ἡμῶν
1297 4566 1396 4636 μὲν
1427 4566 1539 4637 γάρ
1584 4569 1702 4622 ἐστι
1736 4571 1798 4622 τὸ

1907 4564 2194 4633 perficere.
2248 4560 2317 4616 Et
2358 4560 2522 4617 aliter
2567 4580 2581 4617 :
2632 4561 2676 4616 si
2727 4562 2949 4631 quidem
3009 4564 3520 4620 transcendet-imus

181 4657 420 4727 θελῆσαι
469 4656 530 4709 τὸ
583 4657 791 4725 ἀγαθὸν
821 4701 836 4723 ,
880 4658 1015 4711 Θεοῦ
1065 4659 1123 4712 δὲ
1194 4661 1254 4712 τὸ
1314 4659 1624 4714 τελειῶσαι.
1686 4665 1796 4717 Καὶ

180 4750 371 4812 ἄλλως
427 4749 482 4803 δέ
518 4751 679 4820 εἴπερ
721 4751 1170 4823 ὑπεραναῦάντες
1208 4754 1391 4807 πᾶσαν
1434 4755 1788 4826 ἀνθρωπίνην

177 4842 282 4894 ἐπὶ
307 4840 386 4909 τῷ
426 4841 645 4912 πλούτῳ
668 4843 1035 4914 μικροψυχίαν
1057 4885 1071 4905 ,
1098 4844 1401 4916 θελήσομεν
1425 4847 1615 4916 φίλους
1657 4852 1793 4921 ἡμῖν

177 4934 394 4997 αὐτοὺς
409 4935 632 5005 ποιῆσαι
666 4937 731 4989 ἐκ
759 4937 854 4988 τοῦ
886 4939 1132 5007 μαμωνᾶ
1156 4941 1254 5010 τῆς
1281 4940 1516 5005 ἀδικίας,
1550 4944 1797 5014 σωθησό-

180 5027 356 5100 μεθα,
394 5028 487 5080 ὑπ’
518 5031 704 5083 αὐτῶν
733 5032 814 5094 εἰς
839 5031 938 5094 τὰς
965 5031 1222 5096 αἰωνίους
1255 5034 1466 5104 σκηνὰς
1497 5053 1796 5109 παραπεμ-

179 5121 444 5189 πόμενοι.
485 5121 708 5174 Βέλτιον
760 5123 861 5192 μὲν
893 5124 1001 5195 γὰρ
1032 5124 1127 5177 ἐὰν
1161 5125 1341 5179 πάντα
1383 5128 1708 5198 προώμεθα,
1746 5132 1795 5184 εί

175 5212 236 5264 δὲ
281 5211 360 5281 μὴ
393 5211 592 5278 πάντα,
630 5215 1018 5283 συμμεριστάς
1047 5214 1178 5281 γοῦν
1210 5217 1438 5284 ποιῆσαι
1470 5219 1598 5281 τοὺς
1627 5219 1795 5290 πένη-

175 5321 308 5369 τας,
345 5305 442 5357 καὶ
471 5304 647 5369 οὕτως
678 5306 741 5358 τὸ
774 5306 1041 5360 ἀδύνατον
1081 5308 1310 5362 δυνατὸν
1354 5310 1589 5377 γίνεται.
1637 5311 1796 5365 Ἀδύ-

176 5413 352 5450 νατον
399 5397 502 5464 μὲν
547 5398 658 5469 γὰρ
702 5398 795 5450 τὸν
846 5398 921 5470 μὴ
957 5401 1138 5453 πάντα
1192 5401 1502 5472 προέμενον
1529 5402 1790 5472 σωθῆναι,

176 5492 331 5560 πλὴν
364 5490 453 5543 διὰ
491 5491 911 5562 φιλανθρωπίαν
941 5493 1076 5546 Θεοῦ
1103 5495 1314 5563 γίνεται
1337 5497 1431 5548 καλ.
1457 5495 1518 5548 τὸ
1544 5499 1794 5566 μερικῶς

179 5582 521 5653 μεταδοῦναι
571 5587 651 5648 είς
688 5586 961 5654 ὠφέλειαν
1014 5587 1302 5656 ἀνάλογον.
1365 5588 1509 5659 Πρὸς
1559 5590 1736 5644 ταῦτα
1765 5592 1793 5644 6

174 5679 397 5746 Πέτρος
446 5679 660 5748 ἐρωτᾷ·
697 5678 834 5731 Ἰδοὺ
883 5679 1046 5748 ἡμεῖς
1102 5681 1398 5751 ἀφήκαμεν
1448 5679 1668 5734 πάνταο
1703 5684 1798 5736 καὶ

175 5771 371 5841 ἐρωτᾷ
401 5771 498 5842 οὐχ
546 5771 687 5844 ὑπὲρ
750 5772 949 5827 ἑαυτοῦ
1014 5773 1198 5843 μόνον,
1247 5775 1386 5828 ἀλλά
1433 5775 1570 5845 πρὸς
1615 5792 1796 5848 παρα-

181 5862 394 5934 μυθίαν
467 5863 690 5921 πάντων
745 5865 857 5921 τῶν
923 5867 1196 5940 πενήτων.
1255 5867 1373 5921 Ἵνα
1427 5868 1535 5938 γὰρ
1612 5869 1688 5941 μὴ
1743 5872 1794 5924 of

1910 4658 2206 4713 humanam
2239 4657 2387 4712 illam
2413 4655 2791 4711 infirmitatem
2815 4655 3071 4721 divitum,
3103 4665 3156 4712 et
3186 4657 3521 4714 voluerimus

1907 4751 2066 4806 nobis
2092 4751 2277 4806 facere
2308 4750 2520 4805 amicos
2556 4763 2621 4804 ex
2653 4764 2965 4805 mammona
3004 4751 3311 4819 iniustitiae,
3343 4754 3522 4808 salva-

1906 4848 2090 4902 bimur
2125 4860 2221 4914 per
2243 4859 2360 4909 cas,
2386 4852 2439 4898 et
2469 4843 2803 4913 recipiemur
2831 4845 2884 4898 in
2906 4855 3111 4900 aeterna
3140 4845 3518 4903 tabernacula.

1907 4940 2043 4994 Nam
2084 4940 2278 4995 melius
2319 4938 2541 5008 quidem
2597 4937 2762 4992 fuerit
2811 4939 3092 4995 dimittere
3139 4941 3325 4996 omnia
3361 4958 3374 5006 ;
3405 4942 3514 4996 hoc

1907 5041 2090 5086 autem
2125 5031 2168 5084 si
2206 5030 2412 5094 minus,
2451 5029 2649 5084 saltem
2684 5031 2866 5087 facere
2896 5033 3196 5102 partiarios
3223 5048 3520 5103 pauperes,

1905 5135 1962 5181 et
1990 5127 2070 5180 sic
2096 5124 2438 5194 impossibile
2467 5126 2560 5180 fiet
2594 5127 2878 5194 possibile.
2917 5128 3263 5197 [inpossibile
3299 5132 3520 5200 quidem

1909 5229 2058 5273 esset
2092 5232 2197 5270 non
2248 5219 2504 5272 omnibus
2552 5219 2799 5274 dimissis
2833 5220 3064 5287 salvari,
3101 5237 3290 5277 verum
3339 5234 3519 5279 tamen

1907 5323 1962 5365 et
1994 5319 2077 5365 est
2109 5321 2332 5379 propter
2363 5309 2803 5365 misericordiam
2832 5312 2956 5378 Dei,
2991 5313 3036 5368 si
3073 5325 3258 5384 partes
3306 5316 3525 5371 dederi-

1908 5419 2031 5458 mus
2066 5404 2117 5456 in
2148 5417 2305 5457 usum
2340 5415 2662 5472 congruum.
2692 5403 2776 5459 Ad
2806 5406 2922 5461 haec
2946 5405 3144 5462 Petrus
3176 5407 3479 5481 interrogat
3505 5427 3520 5464 :

1909 5497 2047 5551 Ecce
2085 5511 2182 5551 nos
2212 5495 2536 5565 reliquimus
2582 5499 2788 5554 omnia.
2835 5499 3143 5572 lntcrrogat
3194 5514 3378 5560 autem
3413 5521 3517 5559 non

1907 5604 2006 5660 pro
2039 5605 2098 5644 se
2132 5590 2271 5655 solo,
2317 5590 2413 5645 sed
2442 5589 2511 5644 ad
2540 5590 2996 5659 {consolationem
3029 5596 3274 5652 omnium
3317 5614 3519 5668 paupe-

1909 5701 2052 5740 rum.
2087 5685 2155 5741 Ut
2182 5684 2327 5740 enim
2360 5699 2465 5738 non
2498 5683 2597 5740 soli
2632 5685 2830 5741 divites
2864 5685 3065 5743 bonam
3093 5704 3246 5760 spem
3283 5691 3522 5747 habeant

1907 5794 1967 5835 se
2001 5779 2175 5832 .multa
2224 5789 2642 5846 consecuturos,
2697 5780 2791 5849 qui
2851 5780 3083 5836 multum
3141 5782 3513 5852 reliquerint,

1910 5885 2178 5945 pauperes
2203 5880 2382 5926 autem
2418 5886 2642 5941 parvam
2677 5886 2831 5941 spent
2867 5871 3129 5940 habeant,
3168 5874 3312 5943 quod
3344 5891 3515 5944 pauca
