4000 6392
220 375 361 436 1017

908 370 1362 442 ENARBATXO
1406 385 1486 446 lN
1527 386 1833 446 EVANGE

1944 389 2036 450 Μ
2080 373 2610 450 Luc-atati).
2649 387 2870 450 xvm.

3381 381 3531 450 1018

215 487 793 562 ἀναμιμνησκόμενοι,
843 489 926 543 ὅτι
958 490 1134 545 ταῦτα
1169 487 1333 563 ἦσαν,
1365 493 1401 548 ἃ
1432 496 1570 558 τέως
1622 496 1824 564 προλέ-

1944 501 2279 555 uanifcsmtn
2314 516 2379 554 cx
2414 500 2629 563 multis,
2656 507 2709 554 et
2741 497 2981 552 maxime
3008 512 3074 551 rx
3107 496 3190 552 his
3221 511 3342 567 qttte
3364 497 3532 555 10am-

213 601 408 652 γοντος
439 583 534 637 τοῦ
562 583 770 652 Κυρίου
802 586 862 636 οὐ
899 583 1176 637 συνίεσαν·
1212 587 1306 638 καὶ
1336 586 1496 639 τοῦτο
1521 587 1681 656 δῆλον
1707 587 1815 639 ἀπὸ

216 678 452 739 πολλῶν,
488 677 582 729 καὶ
617 676 854 746 μάλιστα
878 676 978 746 ’ἀφ’
1008 671 1082 731 ὧν
1127 677 1384 741 Ἰωάννης
1422 679 1603 746 λέγει·
1630 679 1819 730 Ταῦτα

212 769 274 822 δέ
304 769 404 820 οὐκ
431 767 679 840 ἔγνωσαν
702 769 752 820 οἰ
781 767 1028 838 μαθηταὶ
1061 769 1254 834 αὑτοῦ,
1301 769 1529 838 ὕστερον
1552 771 1606 823 δὲ
1650 771 1820 840 ἐμνή-

217 861 452 930 σθησαν,
494 861 575 914 ὅτι
611 862 783 914 ταῦτα
812 856 882 933 ἦν
914 864 1282 932 γεγραμμένα
1328 863 1415 916 ἐπ’
1444 864 1615 934 αὐτῷ.
1663 866 1770 916 Καὶ
1793 865 1820 916 ὀ

222 952 587 1024 Παράκλητος
617 954 672 1006 δὲ
704 955 1026 1025 ἀναμνήσας
1055 957 1254 1018 αὐτοὺς
1293 957 1472 1009 πάντα
1502 956 1818 1020 ἀξιοπιστο-

211 1047 387 1116 τέραν
419 1047 520 1117 τὴν
559 1049 687 1110 περὶ
721 1046 962 1119 Χριστοῦ
999 1051 1310 1120 μαρτυρίαν
1354 1050 1540 1112 αὐτοῖς
1591 1047 1822 1117 ἐγκατέσ-

217 1140 375 1209 θηκε.
415 1139 550 1210 Περὶ
577 1140 636 1192 δέ
664 1139 758 1192 τοῦ
789 1139 905 1202 πῶς
929 1142 1233 1212 τριήμερος
1260 1143 1292 1212 ή
1321 1143 1490 1214 ταφὴ,
1530 1142 1732 1207 ἱκανῶς
1764 1145 1822 1195 ὲν

212 1237 329 1297 τοῖς
361 1233 544 1296 ἄλλοις
575 1232 1009 1302 Εὐαγγελισταῑς
1043 1235 1284 1304 εῐρηται.

300 1349 319 1381 ι
373 1328 623 1396 Ἐγένετο
653 1328 707 1380 δέ
759 1329 814 1380 ὲν
851 1327 930 1398 τῷ
965 1327 1206 1396 ἐγγίζειν
1253 1328 1418 1382 αὐτὸν
1462 1331 1542 1392 εἰς
1591 1322 1821 1401 ’ἱεριχὼ,

213 1423 419 1492 τυφλός
449 1439 532 1485 τις
557 1421 796 1491 ἐκάθητο
815 1421 965 1492 παρὰ
987 1421 1088 1491 τὴν
1109 1421 1229 1474 ἁδὺν
1255 1421 1591 1492 προσαιτῶν.
1636 1421 1826 1474 Ἀκού-

217 1530 322 1577 σας
353 1513 410 1564 δέ
456 1512 617 1582 ὄχλου
657 1512 1151 1582 διαπορευομένου,
1195 1513 1529 1580 ἐπυνθάνετο
1557 1515 1608 1566 τί
1634 1512 1699 1567 ἂν
1737 1512 1823 1583 είη

212 1606 397 1661 τοῦτο.
441 1606 815 1676 Ἀπήγγειλαν
845 1604 901 1657 δέ
929 1605 1077 1672 αὐτῷ
1100 1606 1181 1658 ὅτι
1220 1604 1426 1675 Ἰησοῦς
1448 1609 1475 1659 6
1501 1606 1827 1676 Ναζωραῖος

216 1698 585 1768 παρέρχεται.
629 1697 740 1750 Καὶ
779 1697 973 1767 ἐϐόησε
1018 1697 1195 1766 λέγων
1219 1714 1233 1728 ο
1275 1698 1474 1767 Ἰησοῦ,
1513 1700 1608 1753 Υἰέ
1640 1699 1828 1765 Δαυῒδ,

1921 608 2022 648 nes
2063 593 2198 647 dicit
2237 610 2248 644 :
2291 591 2417 648 llaec
2469 600 2654 646 autem
2710 605 2818 645 non
2867 599 3242 661 cognoverunt
3278 590 3529 656 discipuli

1922 688 2040 758 ejus
2071 686 2115 732 9‘
2141 705 2154 754 ;
2191 683 2381 757 postea
2408 697 2588 740 autem
2625 699 2902 740 memores
2929 682 3058 739 facti
3089 693 3218 740 sunt
3249 684 3392 752 quod
3417 684 3532 740 lucc

1923 779 1991 832 de
2022 777 2138 845 ipso
2183 786 2369 831 essent
2407 777 2637 847 scripta.
2671 775 2742 830 Et
2792 772 3030 842 Spiritus
3065 773 3376 844 paracletus
3407 789 3536 844 sug-

1923 871 2094 942 gessit
2120 869 2200 925 eis
2233 869 2395 943 441
2434 869 2642 935 omnia,
2669 867 3039 923 certissimum
3071 865 3441 920 testimonium
3467 865 3537 919 de

1875 1010 1878 1015 .
1923 961 2148 1017 Christo
2193 963 2248 1017 in
2297 963 2406 1016 iliis
2445 960 2718 1032 ponendo.
2773 958 2848 1013 De
2881 971 2981 1024 eo,
3035 953 3312 1026 quomodo
3354 953 3536 1009 triduo

1925 1053 2095 1108 fuerit
2127 1053 2180 1109 in
2231 1055 2508 1125 sepulcro,
2544 1052 2684 1109 satis
2733 1050 2940 1138 dictum
2973 1056 3058 1106 est
3087 1048 3142 1104 in
3171 1047 3537 1118 Evangelistis

2003 1329 2168 1384 Vens.
2208 1327 2406 1384 55-43.
2442 1345 2461 1379 ι
2497 1325 2718 1381 Accidit
2747 1331 2931 1379 autem
2973 1338 3098 1378 cum
3125 1321 3536 1392 appropinqua-

1931 1435 2014 1479 ret
2044 1423 2287 1488 Jericho,
2317 1437 2494 1478 caecus
2524 1421 2744 1489 quidam
2769 1417 2997 1473 sedebat
3023 1416 3182 1487 juxta
3211 1416 3353 1470 viam
3388 1428 3538 1468 men-

1932 1518 2145 1582 dicans,
2168 1526 2223 1570 et
2246 1530 2367 1569 cmn
2401 1513 2615 1569 audiret
2645 1512 2861 1567 turbam
2892 1517 3338 1580 praetereuntem,
3366 1508 3543 1561 inter-

1935 1607 2161 1681 rogabat
2206 1608 2333 1678 quid
2373 1605 2478 1662 hoc
2531 1613 2696 1662 esset.
2742 1604 3019 1659 Dixerunt
3070 1611 3252 1660 autem
3298 1602 3346 1656 ei
3395 1599 3543 1670 quod

1932 1703 2092 1758 Jcsus
2126 1701 2442 1755 Nazarenus
2476 1699 2754 1761 transiret,
2781 1707 2836 1751 et
2860 1695 3117 1751 clamavit
3152 1696 3380 1750 dicens:
3413 1690 3542 1748 Jesu

215 1789 449 1860 ἐλέησόν
499 1807 590 1860 με.
639 1789 750 1843 Καὶ
784 1791 833 1842 οἰ
870 1789 1211 1860 προάγοντες
1247 1793 1529 1862 ἐπετίμων
1558 1791 1708 1862 αὐτῷ
1741 1791 1830 1845 ἵνα

1944 1794 2037 1849 Fili
2059 1793 2248 1856 David,
2282 1792 2546 1846 miserere
2578 1790 2705 1844 mei.
2739 1787 2807 1841 Et
2835 1788 2924 1858 qui
2955 1786 3222 1857 praeibam
3246 1825 3261 1852 ,
3295 1783 3547 1852 increpa-

217 1858 682 1954 mwtrﬁaqobtbc
707 1881 764 1935 δέ
790 1858 969 1953 πολλῴ
1000 1883 1202 1954 μᾶλλον
1222 1858 1457 1952 ἔκραζεν
1475 1901 1488 1916 ⁸
1516 1885 1613 1938 Υἱὲ
1638 1858 1822 1953 Δαυτδ,

1944 1886 2070 1938 bant
2097 1899 2220 1936 eum
2252 1891 2310 1936 ut
2341 1888 2570 1936 taceret.
2604 1880 2728 1950 Ipse
2760 1895 2890 1934 vero
2924 1877 3099 1932 multo
3132 1876 3306 1946 magis
3338 1873 3548 1928 clama-

214 1977 444 2047 ἐλέησόν
483 1993 573 2047 με.
611 1976 842 2040 Σταθεὶς
886 1977 941 2030 δὲ
983 1979 1011 2031 6
1058 1977 1270 2049 Ἰησοῦς
1298 2021 1311 2045 ,
1345 1981 1633 2034 ἐκέλευσεν
1664 1979 1826 2034 αὗτδν

221 2067 462 2138 ἀχθῆναι
489 2067 626 2138 πρὸς
655 2067 840 2121 αὐτόν.
890 2069 1247 2138 Ἐγγίσαντος
1279 2070 1334 2123 δέ
1366 2073 1534 2125 αὑτοῦ
1557 2114 1569 2132 ,
1603 2072 1828 2142 ἐπηρώ-

215 2177 389 2227 τησεν
410 2159 576 2213 αὑτὸν
597 2160 771 2228 λέγων
793 2178 805 2191 ο
821 2161 887 2214 Τί
907 2179 990 2214 σοι
1018 2161 1196 2227 Θέλεις
1221 2165 1433 2233 ποιήσω
1454 2182 1468 2230 ;
1501 2165 1563 2218 '0
1586 2164 1644 2217 δέ
1668 2161 1788 2218 εἰπε
1811 2181 1824 2196 ο

218 2253 420 2326 Κύριε,
442 2253 529 2306 ἵνα
547 2253 855 2324 ἀναϐλέψω.
886 2254 942 2306 Ὀ
964 2254 1020 2307 δὲ
1052 2255 1258 2325 Ἰησοῦς
1282 2250 1438 2308 εἶπεν
1455 2255 1604 2326 αὐτῷ
1621 2273 1635 2287 ο
1669 2255 1829 2309 Ἀνά-

219 2345 492 2416 ﬂeti/omit
519 2346 700 2406 πίστις
722 2361 818 2398 σου
848 2347 1057 2399 σέσωκέ
1103 2363 1183 2401 σε.
1211 2348 1320 2400 Καὶ
1356 2332 1830 2419 παραχρῆμαάν-

219 2440 441 2512 ιῦλεψε,
481 2441 574 2493 καὶ
594 2439 965 2510 ἠκολούθησεν
995 2441 1144 2512 αὑτῷ
1170 2484 1184 2506 ,
1225 2440 1466 2507 δοξάζων
1496 2443 1588 2495 τὸν
1620 2441 1775 2496 Θεόν.
1802 2461 1820 2494 ι

222 2533 335 2586 Καὶ
379 2533 488 2595 πᾶς
519 2534 546 2584 6
596 2531 725 2595 λαὸς
761 2532 923 2598 ἰδὼν,
970 2528 1121 2586 αἶνον
1163 2533 1331 2587 ἔδωκε
1374 2534 1453 2605 τῷ
1487 2533 1630 2605 Θεῷ.
1673 2533 1828 2588 Ὀδοῦ

219 2626 503 2696 πάρεργον
534 2625 562 2677 6
595 2625 800 2695 Κύριος
829 2627 888 2678 τὸ
922 2627 1015 2679 ἐπὶ
1045 2627 1122 2698 τῷ
1157 2628 1348 2699 τυφλῷ
1377 2628 1564 2698 θαῦμα
1593 2629 1829 2698 ἐργάζε-

218 2731 347 2782 ται,
378 2719 466 2771 ἵνα
502 2718 638 2786 μηδὲ
676 2719 708 2788 ἠ
743 2718 977 2788 πάροδος
1003 2719 1171 2773 αὐτοῦ
1204 2720 1534 2792 ἀλυσιτελὴς.
1578 2725 1662 2792 εῐη
1697 2724 1832 2794 ἡμῖν

220 2807 578 2871 διδασκαλία,
613 2810 710 2860 καὶ
738 2811 852 2872 τοῖς
886 2809 978 2861 τοῦ
1013 2811 1252 2878 Χριστοῦ
1293 2811 1600 2880 μαθηταῖς,
1629 2813 1717 2865 ἵνα
1744 2813 1832 2866 διὰ

222 2901 469 2964 πάντων,
495 2901 593 2954 καὶ
610 2902 861 2965 πάντοτε,
888 2905 983 2956 καὶ
1016 2903 1296 2976 πανταχοῦ
1324 2907 1630 2973 ἐπωφελεῖς
1656 2899 1830 2977 ὦμεν,

224 2994 324 3046 καὶ
351 2995 519 3064 μηδὲν
552 2994 702 3064 ἡμῶν
736 2996 908 3066 ἀργὸν
1039 2996 1097 3048 Ὀ
1124 2997 1303 3051 τοίνυν
1329 2997 1532 3066 τυφλὸς
1562 2999 1723 3051 αὑτὸν
1754 2994 1835 3050 εἷ-

224 3105 316 3142 ναι
345 3087 438 3141 τὸν
486 3088 844 3157 ἐλπιζόμενον
879 3089 1118 3158 Χριστὸν
1166 3090 1498 3155 πιστεύσας,
1537 3093 1686 3154 εἰκὸς
1724 3092 1833 3161 γὰρ

221 3177 294 3254 ἦν
325 3181 510 3246 αὐτὸν,
545 3185 640 3235 ᾰτε
675 3182 739 3252 δὴ
765 3185 875 3246 τοῖς
919 3184 1233 3238 Ἰουδαϊκοῖς
1262 3183 1727 3254 ἐντεθραμμένον,
1757 3186 1832 3257 μὴ
1858 3226 1907 3292 C

225 3278 445 3336 ἀγνοεῖν
491 3277 574 3330 ὅτι
621 3276 687 3329 ἐκ
729 3276 1050 3347 σπέρματος
1098 3276 1265 3331 Δαυῖδ
1308 3281 1336 3332 6
1368 3279 1643 3349 Χριστὸς.
1679 3282 1832 3349 φωνῇ

230 3370 450 3444 μεγάλῃ
478 3370 596 3440 βοᾷ,
632 3369 726 3422 Υἰέ
758 3369 957 3433 Δαυῖδ,
988 3371 1212 3440 ἐλέησόν
1271 3388 1338 3440 με
1371 3387 1385 3401 ο
1425 3372 1521 3425 καὶ
1546 3371 1625 3441 τῷ
1660 3373 1837 3444 εἰπεῖν

233 3442 585 3531 δέ,Ἐλέησόν
616 3461 975 3533 με,ὲμφαίνει
997 3465 1077 3516 ὅτι
1099 3464 1380 3534 θειοτέραν
1404 3464 1525 3518 τινὰ
1556 3442 1671 3535 εἷχε
1708 3481 1773 3516 πε
1787 3463 1839 3534 pi

227 3556 396 3612 αὐτοῦ
429 3556 664 3622 ἔννοιαν,
689 3557 784 3609 καὶ
823 3556 882 3609 οὐ
911 3555 1065 3623 ψιλὸν
1096 3555 1385 3626 ἄνθρωπον
1416 3556 1659 3627 ἐνόμιζε.
1694 3556 1839 3610 Θαύ-

232 3669 408 3724 μασον
436 3651 494 3704 δέ
530 3668 620 3720 μοι
648 3652 743 3704 καὶ
772 3649 872 3721 τὴν
903 3650 1156 3704 ἔνστασιν
1191 3651 1360 3704 αὑτοῦ
1391 3651 1493 3721 τῆς
1517 3651 1838 3720 ὁμολογίας,

230 3743 351 3807 πῶς
381 3744 559 3797 καίτοι
595 3742 808 3796 πολλῶν
851 3742 1234 3812 ἐπιτιμώντων
1264 3741 1415 3812 αὐτῷ
1437 3784 1450 3804 ,
1490 3743 1591 3796 οὐκ
1637 3742 1796 3811 ἐσίγα
1824 3784 1837 3810 ,

230 3836 372 3892 ἀλλὰ
412 3835 808 3906 περισσότερον
840 3834 1067 3906 ἐκραζε,
1099 3835 1377 3905 θερμότης
1413 3837 1523 3904 γὰρ
1556 3831 1626 3905 ἢν
1655 3835 1718 3888 τὸ
1752 3835 1842 3889 ἔν-

240 3931 396 3985 δοθεν
437 3930 624 3983 κινοῦν
655 3930 840 3982 αὐτόν.
876 3928 967 3981 Διὸ
999 3929 1093 3981 καὶ
1127 3931 1154 3980 6
1197 3926 1404 3996 Ἰησοῦς
1448 3929 1842 3997 προσκαλεῖται

238 4021 404 4076 αὑτὸν
442 4022 519 4085 ὡς
565 4022 642 4091 τῷ
686 4020 801 4074 ὄντι
849 4019 1000 4085 ἄξιον
1033 4022 1250 4089 ἐγγίσαι
1291 4021 1464 4091 αὐτῷ,
1503 4023 1844 4094 ἐπερωτᾴδέ

232 4114 438 4180 αὑτὸν,
472 4114 538 4166 Τί
563 4131 647 4166 σοι
681 4112 855 4175 θέλεις
887 4115 1134 4182 ποιήσω;
1171 4114 1270 4185 οὐχ
1301 4114 1375 4176 ὡς
1439 4115 1652 4182 ἀγνοῶν
1674 4158 1688 4179 ,
1729 4115 1842 4167 ἀλλ’

237 4206 391 4268 ὅπως
451 4204 524 4274 μὴ
566 4204 693 4276 δόξῃ
738 4209 852 4266 τοῖς
903 4203 1210 4272 παροῦσιν,
1257 4206 1337 4257 ὅτι
1378 4204 1514 4258 ἄλλα
1563 4204 1846 4267 αἰτοῦντος

234 4298 472 4358 ἐκείνου,
505 4297 640 4352 ἄλλα
668 4297 833 4360 αὐτὸς
859 4296 1066 4361 δίδωσι,
1105 4299 1200 4350 καὶ
1234 4298 1307 4361 ὡς
1334 4300 1544 4362 ἐκεῖνος
1576 4299 1675 4368 μὲν
1705 4299 1849 4350 αἰτεί

235 4392 522 4462 χρήματα,
552 4391 714 4455 αὐτὸς
735 4389 793 4442 δὲ
819 4384 906 4443 οἷα
942 4390 1338 4462 φιλενδείκτης,
1363 4392 1678 4460 τυφλότητα
1699 4390 1848 4455 ἐξιᾶ-

232 4495 351 4533 ταιο
372 4482 504 4544 ῐσως
521 4481 632 4551 γὰρ
658 4479 882 4534 τοιαῦτα
898 4482 926 4534 6
949 4481 1144 4550 φθόνος
1167 4483 1375 4552 ἀνόητα
1400 4482 1845 4552 ἐσυκοφάντησεν

1937 1977 2196 2036 batzFili
2235 1974 2428 2043 David,
2476 1975 2741 2031 miserere
2792 1974 2922 2028 mei.
2969 1970 3133 2027 Stans
3164 1980 3348 2025 autem
3385 1964 3548 2023 Jesus

1933 2071 2098 2142 jussit
2141 2069 2293 2124 illum
2324 2066 2519 2123 adduci
2550 2067 2618 2122 ad
2653 2079 2732 2121 se.
2776 2065 2844 2120 Et
2871 2080 2995 2120 eum
3031 2061 3548 2132 appropinquasset,

1940 2163 2292 2233 interrogavit
2341 2162 2529 2226 illum,
2567 2160 2757 2214 dicens
2799 2176 2813 2211 :
2847 2157 2995 2225 Quid
3046 2155 3145 2212 tibi
3180 2155 3264 2210 vis
3305 2152 3550 2208 faciam?

1897 2240 1902 2245 ⁵
1938 2261 2006 2315 At
2049 2256 2140 2312 ille
2170 2258 2347 2311 dixit:
2382 2253 2632 2323 Domine,
2670 2264 2730 2308 ut
2755 2253 2937 2307 visum
2975 2250 3263 2322 recipiam.
3292 2249 3359 2303 Et
3386 2247 3550 2303 Jesus

1941 2351 2084 2406 dixit
2105 2351 2153 2405 ei
2191 2369 2203 2404 :
2234 2349 2487 2419 Recipito
2511 2349 2709 2412 visum,
2741 2346 2875 2401 fides
2908 2354 3000 2399 tua
3035 2354 3088 2398 te
3119 2343 3331 2397 salvum
3369 2338 3552 2395 reddi-

1942 2446 2041 2500 dit.
2065 2445 2131 2498 Et
2154 2442 2442 2498 confestim
2470 2442 2641 2494 visum
2668 2439 2897 2509 recepit,
2921 2452 2984 2492 ac
3007 2437 3342 2506 sequebatur
3372 2433 3548 2497 illum,

1941 2537 2250 2611 gloriﬁcans
2303 2537 2490 2590 Deum.
2538 2534 2605 2587 Et
2653 2531 2833 2586 omnis
2873 2531 3049 2600 plebs,
3084 2538 3142 2583 ut
3179 2527 3348 2593 vidit,
3401 2525 3553 2580 dedit

1944 2631 2155 2684 Iaudem
2184 2629 2316 2682 Deo.
2359 2647 2378 2680 ι
2421 2627 2684 2682 Dominus
2723 2623 3049 2679 miraculum
3086 2623 3189 2677 hoc
3215 2619 3346 2676 σαεςὶ
3372 2619 3552 2674 obiter

1942 2725 1995 2779 in
2041 2723 2126 2776 via
2161 2730 2419 2792 operatus
2442 2730 2548 2785 est,
2582 2729 2640 2772 ut
2664 2727 2720 2773 et
2750 2718 3020 2772 transitus
3047 2717 3168 2785 ejus
3205 2714 3362 2770 nobis
3402 2711 3552 2768 utilis

1941 2825 2088 2870 esset
2113 2814 2388 2889 doctrina,
2423 2828 2484 2866 ac
2519 2810 2804 2880 discipulis
2837 2808 3076 2874 Christi;
3119 2815 3182 2862 ut
3226 2818 3449 2873 semper
3497 2812 3553 2858 et

1943 2911 2144 2979 ubique
2190 2916 2245 2962 et
2298 2905 2439 2975 apud
2486 2919 2677 2959 omnes
2718 2903 2884 2958 utiles
2923 2902 3096 2957 simus
3123 2942 3138 2966 ,
3180 2908 3236 2954 et
3271 2911 3552 2968 nunquam

1945 3003 2146 3071 ignavi.
2177 2999 2368 3056 Caecus
2398 2999 2562 3067 igitur
2594 2997 2825 3052 credens
2853 3009 2976 3048 eum
3007 3008 3130 3047 esse
3158 2991 3437 3046 Christum
3461 2987 3556 3058 qui

1947 3094 2395 3163 exspectabatur,
2413 3087 2774 3144 -—verisimile
2813 3085 2956 3141 enim
2990 3083 3093 3139 fuit
3126 3083 3326 3152 ipsum,
3369 3087 3557 3148 utpote

1950 3187 2268 3243 innutritum
2296 3183 2564 3247 Judaicis,
2595 3196 2700 3236 non
2736 3181 3020 3250 ignorasse
3052 3175 3332 3230 Christum
3364 3188 3434 3227 ex
3467 3184 3559 3227 se.

1948 3281 2091 3333 mine
2119 3277 2310 3339 David,
2335 3305 2397 3316 -—
2429 3288 2562 3328 voce
2588 3284 2785 3340 magna
2811 3264 3156 3334 clamat,Fili
3181 3263 3373 3330 David,
3390 3262 3558 3317 mise-

1947 3387 2065 3427 rere
2091 3370 2218 3425 mei.
2250 3368 2314 3422 Et
2335 3366 2588 3430 dicendo,
2610 3363 2864 3418 Miserere
2889 3359 3020 3426 mei,
3042 3357 3283 3413 declarat
3309 3355 3455 3424 quod
3471 3353 3559 3409 di-

1945 3463 2213 3517 viniuretn
2246 3459 2539 3529 quamdam
2557 3457 2624 3510 de
2647 3455 2739 3508 illo
2765 3452 3096 3507 sententiam
3125 3451 3349 3513 habeat,
3375 3455 3559 3502 etnon

1947 3555 2222 3610 hominem
2269 3566 2465 3621 purutn
2497 3556 2741 3603 censeat.
2773 3544 3067 3599 Admirare
3103 3551 3313 3607 autem,
3352 3553 3560 3609 quaso,

1947 3645 2217 3715 quomodo
2240 3639 2643 3697 confessionem
2677 3653 2831 3691 suam
2867 3633 3192 3703 multiplicet
3217 3671 3232 3695 ,
3259 3629 3560 3702 quomodo,

1947 3738 2198 3808 quamvis
2241 3735 2391 3789 multi
2433 3733 2790 3798 increparent
2834 3743 2997 3790 eum,
3034 3741 3144 3780 non
3182 3724 3433 3788 tacebat,
3467 3721 3562 3777 sed

1947 3832 2180 3900 amplius
2211 3829 2503 3884 clamabat.
2542 3824 2748 3881 Fervor
2782 3821 3005 3893 quidam
3073 3817 3404 3872 intrinsecus
3463 3813 3564 3869 sti-

1949 3926 2199 3982 mulabat
2239 3937 2362 3976 eum
2409 3937 2424 3974 :
2463 3919 2671 3973 idcirco
2700 3927 2757 3970 et
2791 3913 2949 3970 Jesus
2983 3911 3150 3981 jussit
3176 3909 3328 3964 illum
3368 3905 3564 3962 adduci

1951 4021 2018 4074 ad
2056 4033 2137 4082 se,
2174 4014 2319 4085 quod
2375 4013 2627 4082 profecto
2656 4009 2854 4079 dignus
2900 4014 3050 4062 esset
3086 4002 3178 4074 qui
3213 3999 3567 4072 appropiaret

1951 4113 2022 4167 ei.
2057 4109 2368 4176 interrogat
2397 4112 2581 4158 autem
2613 4102 2765 4162 illum
2794 4097 2970 4166 :Quid
3001 4096 3084 4149 vis
3118 4105 3176 4147 ut
3203 4092 3300 4147 tibi
3328 4087 3567 4144 faciam?

1951 4219 2057 4258 non
2086 4210 2144 4254 ut
2175 4201 2457 4270 ignorans,
2489 4195 2584 4250 sed
2616 4209 2682 4248 ne
2713 4194 2804 4247 ille
2838 4186 3204 4261 praasentibus
3243 4183 3346 4237 alia
3377 4191 3568 4252 petere

1951 4297 2224 4360 videatur,
2252 4294 2365 4362 ipse
2393 4291 2498 4345 alia
2536 4292 2698 4344 dare:
2730 4299 2784 4342 et
2807 4288 2934 4339 dum
2965 4283 3057 4337 ille
3087 4280 3225 4351 petit
3247 4276 3564 4349 pecuniam,

1954 4395 2067 4462 ipse
2090 4402 2149 4445 ut
2180 4398 2510 4448 ostentator,
2543 4384 2847 4440 crecitutem
2873 4385 3115 4434 sanaret.
3147 4373 3282 4428 Nam
3314 4370 3568 4426 fortassis

1952 4487 2276 4555 insipienter
2316 4481 2449 4535 talia
2501 4479 2708 4547 [ingere
2759 4482 2946 4547 posset
2985 4470 3216 4526 invidia.
3270 4468 3569 4537 PrOpterea

236 4577 327 4630 ἄν.
367 4575 459 4628 Διὸ
486 4575 792 4645 ἐρωτήσας,
821 4575 1012 4644 ἐπειδὴ
1035 4569 1196 4646 εὗρεν
1228 4575 1393 4629 αὑτὸν
1414 4575 1508 4629 τοῦ
1539 4574 1834 4644 ἀναϐλέψαι

1953 4595 2077 4634 eum
2125 4578 2524 4645 interrogasset
2575 4581 2632 4627 et
2680 4568 3043 4640 comperisset
3091 4579 3216 4618 eum
3261 4558 3564 4630 recipiendi

237 4668 644 4739 ἐπιθυμοῦντα,
671 4667 833 4721 τοῦτο
859 4667 1095 4723 δίδωσιν.
1125 4670 1267 4740 Ὅρα
1289 4669 1346 4722 δὲ
1369 4670 1432 4722 τὸ
1457 4670 1843 4741 ἀκόμπαστονο

246 4761 322 4816 ἸΙ
371 4762 556 4827 πίστις
601 4780 732 4829 σου,
766 4763 924 4834 φησὶ,
960 4762 1173 4816 σέσωκέ
1210 4780 1303 4829 σε,
1342 4763 1674 4827 ἐπίστευσας
1712 4763 1844 4834 γὰρ,

234 4857 325 4912 ὃτι
347 4858 374 4910 6
394 4856 806 4927 κηρυττόμενος
830 4856 944 4919 υἱός
969 4859 1085 4927 είμι
1110 4852 1318 4919 ἐκεῖνος
1342 4857 1438 4910 τοῦ
1462 4857 1628 4910 Δαυῖδ
1656 4858 1684 4910 6
1711 4859 1848 4929 Χρι-

240 4951 392 5016 στὸς,
412 4951 506 5003 καὶ
539 4948 814 5018 τοσαύτην
840 4950 1195 5003 ἐπεδείκνυσο
1222 4951 1322 5020 τὴν
1343 4949 1678 5022 θερμότητα,
1705 4950 1847 5004 ὥστε

243 5039 384 5112 μηδέ
417 5040 823 5112 ἐπιτιμώμενος
852 5043 1032 5114 σιγᾷν.
1061 5041 1431 5113 Μανθάνομεν
1452 5043 1511 5096 δέ
1538 5045 1604 5096 ἐκ
1629 5042 1844 5110 τούτου,

238 5135 327 5187 ὅτι
347 5132 476 5187 ὅταν
507 5133 645 5202 μετὰ
672 5133 908 5197 πίστεως
937 5134 1206 5204 αἰτῶμεν,
1238 5135 1339 5187 οὐκ
1363 5135 1499 5188 ἄλλα
1530 5135 1634 5205 μὲν
1666 5135 1850 5191 αἰτοῦ-

244 5243 370 5294 μεν,
393 5225 528 5278 ἄλλα
551 5226 607 5278 δὲ
622 5225 860 5288 δίδωσιν,
885 5226 1001 5280 ἀλλ’
1032 5230 1216 5280 ἐκεῖνα
1244 5227 1385 5287 αὑτά
1413 5243 1426 5258 ⁸
1453 5226 1598 5281 ὥστε
1623 5227 1848 5282 ἐπειδὰν

241 5318 382 5373 ἄλλα
414 5318 722 5384 αἰτοῦντες,
744 5319 878 5374 ἄλλα
919 5321 1305 5392 λαμϐάνομεν,
1352 5320 1620 5392 πρόδηλον
1654 5320 1736 5374 ὅτι
1786 5321 1847 5375 οὐ

241 5410 426 5476 καλῶς
450 5413 572 5466 οὐδὲ
599 5413 806 5478 πιστῶς
830 5414 984 5467 αἰτοῦ
995 5432 1117 5484 μενο
1149 5434 1166 5466 ‹
1190 5416 1400 5467 Αἰτεῖτε
1427 5414 1559 5484 γὰρ,
1578 5415 1734 5484 φησὶ,
1755 5415 1850 5468 καὶ

239 5505 307 5559 οῦ
336 5503 668 5576 λαμϐάνετε,
689 5507 825 5561 διό-τι
847 5509 1031 5572 κακῶς
1053 5511 1280 5565 αἰτεῖτε.
1314 5527 1332 5559 ι
1363 5509 1508 5581 Ὅρα
1533 5510 1588 5563 δὲ
1622 5511 1715 5562 καὶ
1745 5509 1847 5581 τὴν

243 5598 523 5663 ἐξουσίαν·
561 5600 909 5672 Ἀνάϐλεψον.
935 5601 1030 5665 Τίς
1061 5601 1169 5672 γὰρ
1193 5601 1302 5654 τῶν
1335 5603 1634 5673 προφητῶν
1672 5601 1846 5668 οὕτως

243 5687 654 5759 ἐθεράπευσεν,
701 5694 760 5746 ἐν
791 5692 1030 5765 τοσαύτῃ
1066 5693 1213 5763 φημὶ
1252 5693 1502 5766 ἐξουσίᾳ;
1536 5692 1700 5750 Ὅθεν
1749 5695 1846 5748 καὶ

325 5873 367 5904 ’³
417 5871 573 5929 «Ιοιιι.
613 5889 711 5941 xit,
751 5873 831 5928 l6.
937 5874 1005 5908 ον
1036 5873 1152 5932 Jac.
1192 5890 1266 5941 tv,
1298 5876 1353 5930 3.

1952 4674 2103 4728 visus
2141 4669 2296 4723 valde
2330 4667 2612 4738 cupidum,
2658 4665 2753 4718 dat
2807 4661 2953 4731 quod
3008 4658 3164 4727 petit.
3205 4654 3343 4710 Vide
3383 4661 3568 4707 autem

1952 4781 2117 4835 quam
2166 4763 2381 4817 alienus
2414 4762 2485 4816 sit
2517 4758 2585 4813 ab
2619 4754 2956 4827 arrogantia.
2997 4750 3161 4806 Fides
3199 4757 3320 4815 tua,
3366 4745 3566 4817 inquit,

1947 4859 2160 4914 salvum
2211 4867 2265 4911 te
2306 4853 2461 4920 fecit,
2496 4851 2774 4906 credidisti
2815 4849 2963 4903 enim
2995 4846 3142 4916 quod
3174 4857 3275 4915 ego
3313 4857 3435 4897 sum
3465 4839 3559 4896 ille

1953 4949 2095 5004 ﬁlius
2131 4947 2321 5015 David,
2355 4947 2446 5016 qui
2473 4943 2785 5000 celebratur
2814 4939 3094 5006 Christus,
3128 4945 3183 4992 et
3214 4943 3424 4991 tantum
3459 4945 3571 5003 prae

1954 5051 2007 5099 te
2050 5042 2221 5096 tulisti
2275 5043 2584 5105 fervorem,
2625 5047 2687 5092 ut
2735 5034 2989 5106 quamvis
3032 5033 3427 5100 increpavere,
3463 5040 3569 5080 non

1952 5136 2196 5191 silueris.
2235 5133 2521 5189 Discamus
2548 5141 2728 5185 autem
2755 5144 2821 5183 ex
2850 5129 2973 5192 hoc,
3012 5123 3160 5194 quod
3192 5123 3416 5192 quando
3447 5133 3571 5173 eum

1957 5227 2060 5282 iide
2091 5227 2329 5298 petimus
2352 5267 2367 5292 ,
2404 5241 2512 5279 non
2554 5223 2660 5277 alia
2687 5223 2910 5293 quidem
2941 5233 3040 5274 nos
3088 5215 3325 5287 petimus
3349 5255 3364 5281 ,
3388 5222 3444 5268 et
3469 5210 3570 5266 alia

1953 5323 2071 5392 ipse
2091 5324 2205 5385 dat,
2223 5323 2316 5377 sed
2334 5321 2420 5374 illa
2441 5320 2578 5387 ipsa.
2597 5317 2773 5388 Atque
2791 5318 2862 5370 ita
2889 5313 3103 5383 quoties
3119 5311 3227 5366 alia
3242 5309 3499 5378 petimus,
3519 5313 3577 5360 et

1954 5417 2060 5471 alia
2082 5417 2404 5486 accipimus,
2429 5413 2780 5468 manifestum
2799 5411 2943 5483 quod
2962 5424 3066 5464 non
3083 5408 3220 5462 bene
3239 5418 3419 5474 neque
3439 5401 3573 5455 ﬁde-

1955 5510 2081 5566 liter
2109 5511 2370 5579 petimus.
2405 5528 2423 5560 ς
2450 5507 2643 5563 Petitis
2668 5508 2835 5572 enim,
2858 5505 3058 5576 inquit,
3080 5508 3267 5557 etnon
3298 5495 3571 5567 accipitis,

1954 5620 2019 5660 eo
2036 5605 2178 5673 quod
2206 5604 2344 5658 male
2363 5603 2701 5672 petatis)“:
2728 5601 2861 5656 Vide
2885 5601 3113 5669 insuper
3139 5601 3570 5667 etpotestatetn:

1952 5695 2160 5766 Recipe
2177 5695 2374 5763 risum,
2391 5695 2587 5766 inquit.
2609 5694 2668 5750 Et
2689 5695 2812 5767 quis
2830 5693 3221 5766 prophetarum
3238 5693 3307 5745 ita
3324 5686 3537 5745 sanavit
3557 5721 3575 5749 ,
