4000 6400
250 344 386 411 1021

932 345 1386 409 ENARRATIO
1425 347 1508 411 IN
1548 348 2056 412 EVANGELIUM
2099 351 2336 412 LUC/E.
2382 373 2453 386 -
2493 348 2658 409 CAP.
2703 351 2866 410 XIX.

3428 347 3567 415 1022

243 461 378 531 βίον.
412 459 518 512 Καὶ
543 457 681 511 αὐτὰ
699 456 808 528 γὰρ
831 455 866 511 5t
889 459 1266 532 ὑπκράτησε,
1295 463 1384 515 διὰ
1407 463 1467 515 τδ
1491 462 1638 533 ἔχειν
1667 463 1825 517 δοῦνα

1959 466 2205 533 qnzedam
2236 463 2405 528 dedit,
2432 464 2524 518 sed
2551 466 2733 518 omnia
2769 466 2836 518 ad
2866 463 3035 517 vitam
3065 460 3395 516 necessaria.
3433 461 3564 516 Nam

237 558 354 618 τοῖς
405 551 743 620 ἀδικηθεῖσιν
797 553 1175 625 ὑπεκρὰτησε.
1242 556 1352 608 Καὶ
1411 558 1522 628 γὰρ
1573 556 1841 610 διδάσκων

235 649 406 718 ἡμᾶς,
439 649 518 699 ὅτι
546 646 701 698 οὐδὲν
734 646 947 715 κέρδος,
989 649 1148 720 εἴπερ
1180 649 1238 716 ἐξ
1277 650 1494 714 ἀδικίας
1535 650 1675 719 ἔχων
1708 651 1843 720 χρὴ·

239 742 387 811 ματά
413 757 500 801 τις
529 739 721 801 ἄλλους
752 737 912 805 ἐλεεῖ,
944 742 1376 811 καταλιμπάνων
1406 745 1530 802 τοὺς
1558 743 1842 810 ἀδικηθέν-

233 852 332 897 τας
363 849 376 862 °
417 833 521 902 ὅρα
549 833 601 884 τί
632 833 735 886 κάν
767 834 941 903 τούτῳ
992 838 1154 886 ποιεῖ·
1192 835 1537 904 τετραπλοῦν
1577 835 1843 890 ἀποδίδω-

234 944 339 990 σιν,
367 929 407 977 εἶ
451 927 559 977 »ινὰ
598 942 649 978 τι
680 925 938 996 ἠδίκησεν
964 967 976 986 ,
1030 927 1224 994 ἐκείνῳ
1247 928 1394 996 αὐτῷ
1425 927 1502 995 τῷ
1526 927 1839 994 ἀδικηθέντι

233 1019 333 1089 τὴν
364 1019 570 1087 ζημίαν
604 1018 1038 1089 ἀποθεραπεύων
1063 1037 1076 1048 ’
1109 1019 1270 1072 τοῦτο
1297 1022 1404 1088 γὰρ
1445 1021 1681 1090 ἀληθοῦς
1716 1020 1838 1072 ἐλε-

233 1114 483 1180 ημοσύνη
513 1130 539 1141 ··
576 1115 668 1165 καὶ
695 1115 792 1183 οὐχ
815 1113 1001 1175 ἁπλῶς
1035 1113 1131 1183 τὴν
1154 1113 1382 1182 ζημίαν,
1412 1115 1549 1166 ἀλλὰ
1573 1116 1669 1166 καὶ
1697 1114 1839 1184 μετὰ

535 1223 579 1268 ς·
615 1209 755 1260 κατὰ
783 1208 874 1259 τὸν
906 1207 1091 1276 νόμον.
1141 1211 1200 1260 Ὀ
1231 1211 1340 1278 γὰρ
1383 1211 1547 1277 νόμος
1588 1208 1679 1260 τὸν
1714 1208 1839 1261 κλέ-

483 1299 779 1368 .τραπλοῦν
840 1299 1189 1353 ἀποτιννύειν
1241 1303 1485 1354 ἐκέλευε.
1546 1302 1738 1356 Καίτοι
1788 1303 1838 1355 εί

234 1207 442 1275 ’δ’τροκτθγι

234 1315 377 1364 πτην

230 1390 479 1459 ἀκριϐῶς
517 1394 904 1460 σκοπήσομεν,
943 1395 1100 1446 οὐδὲν
1142 1395 1280 1454 ὅλως
1325 1397 1476 1464 αὑτῷ
1512 1397 1838 1449 ὑπελείπετο

230 1483 342 1534 τῶν
366 1484 686 1553 χρημάτων.
716 1486 926 1538 Δέδωκε
963 1488 1062 1556 μὲν
1093 1488 1203 1557 γὰρ
1233 1489 1302 1540 τὰ
1327 1488 1498 1559 ἡμίση
1523 1489 1630 1542 τῶν
1660 1491 1841 1558 ῦπαρ-

232 1578 442 1648 χόντων
479 1580 590 1641 τοῖς
635 1584 874 1650 πτωχοῖς
920 1599 934 1612 ·
991 1583 1401 1653 ὑπελείφθησαν
1453 1585 1508 1636 δὲ
1569 1583 1718 1651 αὐτῷ
1768 1584 1836 1637 τὰ

231 1673 432 1743 ἡμίση·
463 1674 526 1725 ἐκ
553 1673 759 1727 τούτων
782 1675 944 1729 πάλιν
975 1678 1085 1728 τῶν
1112 1677 1555 1745 ὑπολειφθέντων
1579 1677 1834 1730 ἀπεδίδου

228 1764 570 1833 τετραπλοῦν
613 1768 726 1830 τοῖς
758 1766 890 1836 παρ’
923 1767 1092 1820 αὑτοῦ
1134 1768 1475 1836 ἀδικηθεῖσιν
1497 1811 1509 1829 ,
1546 1767 1688 1820 ὥστε
1723 1769 1771 1820 εί
1807 1767 1835 1820 ὁ

232 1856 346 1926 βίος
378 1857 472 1910 τοῦ
504 1858 872 1928 ἀρχιτελώνου
896 1860 956 1924 ἐξ
979 1860 1220 1924 ἀδικίας,
1248 1861 1410 1924 αὐτὸς
1441 1862 1498 1913 δὲ
1529 1863 1705 1915 πάντα
1736 1863 1835 1913 ὅσα

227 1947 458 2018 ἠδίκησε
492 1951 909 2019 τετραπλασίως
943 1951 1275 2015 ἀποδίδωσι,
1319 1953 1513 2005 σκόπει
1552 1953 1627 2014 ὡς
1667 1955 1835 2019 γεγύ-

231 2059 444 2111 μνωται
481 2043 784 2107 παντελῶς.
824 2046 1137 2098 Κ-αντεῦθεν
1177 2046 1494 2115 εὑρίσκεται
1529 2047 1623 2097 τοῦ
1667 2046 1832 2114 νόμου

226 2139 480 2206 κρεῖττον
517 2138 753 2208 φρονῶν,
788 2139 867 2210 τῷ
898 2140 1223 2210 Εὑαγγελίῳ
1257 2140 1725 2210 μαθητευὸμενος,
1759 2139 1833 2202 ὡς

225 2233 371 2300 ὑπὲρ
405 2233 596 2285 ἑαυτὸν
642 2235 940 2302 ἀγαπήσας
974 2235 1065 2286 τὸν
1101 2235 1364 2301 πλησίον,
1404 2234 1500 2285 καὶ
1537 2234 1832 2302 ὑπισχνοῦ-

227 2341 391 2392 μενος
432 2325 529 2392 μὲν
559 2325 752 2388 ταῦτα,
789 2325 990 2393 μᾶλλον
1025 2327 1080 2378 δὲ
1113 2323 1370 2395 ποιήσας.
1420 2327 1495 2377 Οὐ
1528 2326 1636 2394 γὰρ
1677 2322 1832 2377 εἷπεν

220 2415 326 2479 ὅτι,
379 2415 548 2469 Δώσω
584 2417 651 2469 τὰ
680 2417 854 2487 ἡμίση
880 2460 893 2481 ,
925 2420 1018 2470 καὶ
1053 2418 1324 2470 ἀποδώσω
1353 2418 1414 2470 τὸ
1449 2417 1788 2486 τετραπλοῦν
1813 2459 1829 2484 ,

222 2511 366 2576 ἀλλ’,
418 2512 548 2565 Ἰδοὺ
578 2514 770 2582 δίδωμι
799 2515 891 2566 καὶ
928 2515 1251 2583 ἀποδίδωμι.
1295 2517 1535 2568 ’Ἤκουσε
1579 2516 1688 2585 γὰρ
1733 2517 1832 2584 τῆς

217 2605 314 2657 τοῦ
333 2606 678 2671 Σολομῶντος
704 2609 1103 2677 παραινέσεωςο
1132 2629 1148 2659 ‹
1178 2610 1267 2679 Μὴ
1291 2609 1830 2678 εἴπῃς,Ἐπανελθὼν

220 2697 497 2768 ἐπάνηκε,
529 2700 620 2749 καὶ
663 2699 854 2768 αῠριον
897 2700 1054 2751 δώσω
1082 2718 1186 2753 σοι.
1229 2721 1246 2750 ›
1292 2701 1350 2753 '0
1383 2702 1621 2771 Χριστὸς
1665 2704 1830 2770 εὐαγ-

224 2790 506 2856 γελίζεται
539 2790 685 2860 αὐτῷ
726 2792 824 2862 τὴν
878 2793 1156 2862 σωτηρίαν
1179 2811 1190 2822 ·
1225 2793 1502 2861 Σήμερον,
1547 2795 1704 2862 φησὶ,
1738 2793 1824 2846 δί-

216 2883 342 2948 δως,
395 2884 636 2953 σήμερον
678 2901 760 2937 σοι
813 2886 1079 2956 σωτηρία.
1137 2887 1324 2939 Εἰπὼν
1356 2892 1488 2956 γὰρ,
1549 2888 1638 2955 Τῷ
1694 2889 1828 2957 οἴκῳ

218 2974 424 3045 τούτῳ,
484 2980 703 3040 πάντως
753 2977 844 3029 τὸν
884 2980 1154 3048 Ζακχαῖον
1206 2980 1356 3046 δηλοί
1397 2982 1496 3049 τὴν
1551 2983 1828 3052 σωτηρίαν

216 3069 673 3138 προσδεχόμενον.
726 3070 784 3123 Ὀ
827 3071 936 3141 γὰρ
975 3075 1243 3142 Ζακχαῖος
1280 3073 1368 3126 διὰ
1415 3073 1509 3126 τοῦ
1543 3074 1694 3126 οἴκου
1729 3075 1825 3145 δη-

212 3160 425 3227 λοῦται,
456 3163 580 3213 ἐπεὶ
601 3161 808 3231 ἄψυχον
826 3164 1171 3235 οἰκοδόμημα
1203 3164 1301 3218 οὐκ
1325 3165 1391 3218 ἂν
1417 3167 1532 3218 υἱον
1567 3166 1823 3236 Ἀϐραὰμ

1931 3164 2146 3217 dicebat
2176 3163 2344 3215 lilium
2378 3165 2614 3216 Abrahae
2655 3180 2666 3214 :

213 3256 404 3321 ἔλεγεν
427 3298 439 3319 ,
475 3255 614 3307 ἀλλὰ
647 3257 915 3326 πρόδηλον
963 3259 1046 3310 ὅτι
1095 3260 1185 3311 τὸν
1227 3259 1472 3330 ἔμψυχον
1505 3261 1823 3314 οἰκοδεσπό-

209 3368 313 3419 την
332 3367 344 3382 '
382 3351 502 3402 υἱὸν
525 3351 582 3403 δὲ
621 3351 874 3421 Ἀϐραὰμ
897 3353 1061 3404 αὐτον
1088 3353 1345 3418 ὠνόμασε
1372 3392 1385 3414 ,
1417 3354 1564 3422 τάχα
1606 3354 1703 3423 μὲν
1733 3355 1824 3404 καὶ

211 3443 289 3507 ὡς
326 3445 722 3510 πιστεύσαντα,
758 3447 853 3497 καὶ
886 3446 1249 3499 δικαιωθέντα
1291 3447 1354 3498 ὲκ
1386 3446 1646 3509 πίστεως,
1677 3447 1818 3514 τάχα

212 3537 271 3592 δὲ
317 3540 413 3592 καὶ
446 3538 522 3593 ti):
571 3540 701 3609 περὶ
733 3539 811 3594 τὰ,
845 3541 1105 3610 χρήματα
1140 3542 1521 3610 μεγαλόψυχον
1549 3541 1642 3592 καὶ
1672 3541 1822 3609 φιλό-

213 3650 453 3702 πτωχον,
487 3629 596 3694 οἷος
628 3629 695 3702 ἦν
730 3634 936 3696 ἐκεῖνος
968 3637 994 3685 ο
1029 3633 1397 3704 πατριάρχης.
1444 3635 1589 3704 Ὅρα
1620 3635 1675 3688 δὲ
1697 3676 1710 3698 ,
1741 3637 1822 3687 ὅτι

123 3753 127 3760 -
210 3723 308 3776 νῦν
333 3720 486 3776 εἶπεν
519 3726 635 3776 υἱον
674 3725 929 3796 Ἀϐραὰμ
958 3727 1049 3778 τὸν
1082 3730 1372 3797 Ζακχαῐον,
1401 3731 1482 3781 ὅτι
1509 3731 1606 3798 τὴν
1640 3732 1702 3782 ἐκ
1726 3730 1821 3784 τοῦ

208 3819 417 3887 τρόπου
461 3815 600 3870 εἶδεν
650 3820 706 3869 ἐν
739 3818 888 3886 αὐτῷ
928 3819 1249 3886 ὁμοιότητα.
1287 3822 1360 3872 Οὐ
1410 3822 1513 3890 γὰρ
1553 3819 1707 3874 εἶπεν
1738 3825 1823 3876 ὅτι

210 3913 420 3965 Καθοτι
448 3914 538 3964 καὶ
571 3913 732 3973 ais-.5;
757 3914 870 3973 υἱός
910 3913 1156 3981 ’Λϐραὰμ
1181 3909 1268 3983 ἦν,
1305 3915 1419 3966 ἀλλ’
1441 3917 1520 3966 ὅτι
1553 3917 1668 3967 ἐστὶ
1701 3919 1816 3968 νῦν⁹

210 4003 405 4073 πρώην
441 4022 569 4073 γαρ,
603 4005 688 4055 ὅτε
736 4004 1106 4073 ἀρχιτελώνης
1139 4001 1206 4073 ἦν
1250 4006 1341 4057 καὶ
1386 4007 1700 4073 φορολόγος,
1728 4007 1822 4056 οὐ-

207 4095 401 4164 δτμίαν
427 4097 722 4164 ὁμοιότητα
750 4093 888 4164 ἔχων
921 4099 1056 4164 πρὸς
1086 4098 1175 4148 τὸν
1201 4098 1430 4158 δίκαιον,
1462 4098 1563 4149 οῦκ
1589 4094 1654 4167 ἦν
1681 4099 1816 4159 υίὸς.

220 4187 381 4239 Ἐπεὶ
423 4188 472 4239 δέ
526 4189 620 4239 καὶ
667 4188 968 4254 ὲεγογγυζον
1001 4207 1042 4238 τ·
1071 4192 1164 4251 ιὲς,
1201 4191 1282 4240 ὅτι
1317 4191 1467 4258 παρὰ
1499 4189 1818 4259 ἀμαρτωλῴ

208 4283 363 4349 ἀνδρὶ
392 4300 461 4333 7.1
481 4284 674 4341 .αλ·ὶει,
711 4282 843 4349 πρὸς
869 4283 928 4333 τὸ
955 4286 1022 4335 sn
1065 4283 1310 4350 ττομίσαι
1340 4284 1585 4347 τούτους,
1620 4283 1809 4353 φησίν·

207 4374 378 4427 ⁷Ηι.¹’·ε
415 4378 521 4446 γὰρ
554 4378 580 4428 ὁ
623 4376 747 4428 Υἱὸς
786 4376 878 4428 τοῦ
913 4379 1007 4429 ἀνθ
1056 4379 1205 4428 timeo
1239 4377 1496 4445 ζητῆσαι,
1521 4380 1614 4430 καὶ
1643 4379 1814 4431 σῶσαι

202 4472 265 4522 τὸ
303 4470 604 4529 ἀπολωλός.
639 4468 824 4521 Ταῦτα
879 4472 974 4535 μὲν
1044 4473 1094 4522 ,ὲ
1146 4471 1239 4522 τοῦ
1284 4473 1472 4539 ῥητοῦ.
1519 4472 1734 4542 Ῥᾴδιον
1770 4473 1815 4524 δ’

1948 568 2004 613 εἰ
2033 559 2121 612 illa
2154 574 2276 627 qua!
2305 558 2556 616 retinuit.
2588 567 2644 612 ut
2682 559 2909 611 haberet
2947 557 3090 626 quod
3126 555 3324 623 injuria
3355 555 3565 613 allectis

1948 652 2123 714 daret,
2186 652 2432 705 retinnit.
2493 652 2657 704 Docet
2713 650 2858 704 enim
2911 667 3009 703 nos
3059 650 3264 703 nullum
3315 665 3438 704 esse
3485 650 3566 703 lu-

1947 763 2124 810 crum,
2154 747 2195 799 si
2226 747 2448 814 quidam
2485 763 2548 799 cx
2587 747 2854 814 injustitia
2889 747 3146 814 pecunias
3181 747 3408 811 habens,
3441 746 3566 800 aliis

1948 842 2299 904 misereatur,
2345 841 2551 894 relictis
2587 840 2691 892 illis
2724 855 2864 908 quos
2923 840 3120 904 injuria
3166 840 3445 894 alieceral.
3501 841 3562 894 Et

1944 934 2069 986 vide
2120 934 2400 1002 quomodo
2436 935 2486 985 in
2522 934 2621 986 hoc
2658 949 2717 986 se
2744 943 2919 1000 gerat.
2957 932 3335 998 Quadruplum
3384 931 3565 984 reddit

1943 1028 1987 1080 si
2042 1042 2204 1096 quem
2261 1027 2636 1091 defraudavit,
2680 1035 2734 1078 ut
2788 1027 2933 1078 illius
2989 1027 3074 1078 cui
3135 1024 3334 1092 injuria
3381 1025 3560 1084 facta.

1943 1121 2204 1173 damnum
2249 1124 2606 1174 resarciatur.
2665 1121 2787 1173 lltee
2830 1121 2975 1172 enim
3032 1135 3157 1171 vera
3212 1120 3560 1188 eleemosyna

1943 1221 2046 1275 est.
2090 1222 2147 1265 ιιι
2178 1229 2286 1266 non
2316 1212 2581 1265 reddatur
2605 1212 2782 1263 solum
2814 1212 3072 1262 damnum
3095 1210 3353 1273 simplex,
3386 1210 3481 1262 sed
3506 1217 3562 1262 et

1943 1321 2066 1360 cum
2097 1317 2414 1375 augmento,
2443 1305 2596 1373 juxta
2637 1306 2832 1373 legem.
2869 1304 2978 1356 Lex
3017 1307 3162 1356 enim
3199 1304 3374 1358 furem
3419 1320 3561 1373 qua~

1943 1395 2195 1463 druplum
2230 1393 2724 1461 redderejubehal.
2755 1393 3018 1458 Quamvis
3046 1394 3086 1445 si
3117 1396 3408 1461 diligenter
3437 1410 3564 1447 con-

1942 1489 2275 1549 sideremus,
2318 1488 2482 1540 nulla:
2533 1504 2759 1554 prorsus
2794 1489 3037 1555 pecuniae
3083 1487 3128 1538 ei
3173 1487 3374 1539 relicum
3410 1493 3559 1538 sunt.

1943 1577 2100 1631 Dedit
2131 1579 2276 1631 enim
2313 1579 2602 1632 dimidium
2640 1581 2905 1630 bonorum
2941 1578 3299 1647 pauperibus.
3339 1576 3562 1630 Relicta:

1941 1684 2125 1726 autem
2163 1683 2289 1727 sunt
2322 1673 2642 1732 dimidiatae,
2681 1684 2733 1727 et
2771 1689 2836 1726 ex
2876 1673 2958 1725 his
2993 1672 3199 1725 relictis
3238 1671 3384 1723 dedit
3423 1686 3559 1738 qua-

1942 1769 2195 1836 druplum
2229 1769 2313 1822 his
2344 1768 2436 1837 qui
2469 1782 2496 1820 a
2529 1784 2586 1820 se
2622 1768 2816 1833 injuria
2849 1775 3009 1820 erant
3036 1765 3218 1819 affecti
3266 1782 3278 1817 :
3320 1767 3479 1829 etjta
3513 1763 3557 1818 si

1943 1859 2081 1912 bona
2119 1860 2383 1928 principis
2421 1859 2837 1927 llllbliCilllOl'Ulll
2876 1874 2943 1911 ex
2977 1858 3262 1924 injustitia,
3306 1856 3422 1918 ipse.
3459 1870 3558 1908 au-

1943 1962 2047 2005 tesu
2070 1931 2254 2006 omnia
2273 1967 2634 2020 qttarcumqne
2658 1951 2857 2020 injuste
2877 1950 3124 2012 abstulit,
3153 1947 3556 2018 quadrifariam

1940 2045 2199 2107 reddidit.
2222 2045 2512 2098 considera
2540 2047 2817 2112 quomodo
2845 2047 3072 2097 omnino
3101 2043 3265 2096 fuerit
3291 2042 3553 2096 nudatus.

1940 2138 2004 2191 Et
2051 2138 2180 2191 hinc
2229 2137 2569 2207 comperitur
2606 2137 2750 2205 quod
2784 2136 3076 2190 sublimius
3110 2135 3356 2202 sapuerit
3393 2149 3554 2201 quarti

1939 2233 2025 2286 lex
2060 2231 2450 2300 prmcipiehat,
2491 2247 2634 2284 nunc
2661 2231 2910 2282 eruditus
2948 2245 3014 2282 ex
3052 2227 3392 2297 Evangelio:
3427 2226 3556 2295 quia

1937 2325 2128 2379 dilexit
2164 2325 2480 2396 proximum
2531 2322 2652 2391 plus
2689 2338 2854 2390 quam
2892 2336 2984 2382 se,
3023 2321 3149 2374 talia
3180 2321 3513 2390 promittens
3539 2357 3555 2382 ,

1937 2417 2046 2470 imo
2084 2417 2312 2470 faciens.
2358 2414 2472 2468 Non
2511 2414 2662 2468 enim
2699 2413 2837 2465 dixit
2879 2429 2895 2467 :
2942 2413 3094 2466 Dabo
3137 2412 3421 2464 dimidium
3447 2452 3461 2474 ,
3500 2421 3556 2464 et

1935 2513 2159 2566 reddam
2200 2511 2567 2580 quadruplum
2603 2527 2616 2562 :
2653 2510 2773 2571 seel,
2812 2507 2951 2561 Ecce
2981 2507 3087 2569 do,
3123 2515 3174 2559 et
3214 2505 3403 2558 reddo.
3442 2507 3556 2559 Au-

1935 2608 2110 2659 dierat
2140 2604 2286 2658 enim
2321 2603 2635 2657 Salomonis
2663 2601 3096 2656 admOnitiouem
3130 2618 3142 2653 :
3182 2620 3200 2650 ι
3241 2596 3320 2651 Ne
3361 2600 3514 2652 dicas
3537 2638 3554 2663 ,

1934 2693 2172 2750 Rediens
2205 2695 2342 2755 redi.
2367 2706 2416 2748 et
2445 2710 2568 2749 cras
2601 2695 2740 2748 dabo
2772 2695 2838 2746 ’⁵.
2886 2713 2904 2744 ι
2931 2693 3183 2746 Christus
3215 2691 3557 2762 evangelizat

1933 2792 1979 2843 ei
2013 2791 2242 2844 salutem
2280 2807 2294 2841 :
2330 2788 2506 2842 Hodie
2547 2789 2717 2854 enim,
2759 2789 2970 2858 inquit,
3009 2789 3128 2849 das,
3171 2787 3331 2840 hodie
3366 2785 3458 2840 tibi
3489 2795 3558 2841 'et

1932 2883 2102 2935 salus.
2124 2881 2367 2934 Dicendo
2390 2881 2562 2944 enim,
2595 2881 2787 2934 Domni
2814 2880 2962 2943 huic,
2986 2881 3212 2932 omnino
3229 2879 3552 2934 Zacchaaum

1931 2977 2224 3045 signiﬁcat,
2253 2978 2345 3048 qui
2388 2977 2620 3032 salutem
2654 2977 2890 3050 accepit.
2922 2977 3224 3031 Zacchacus
3265 2977 3411 3030 enim
3455 2991 3556 3047 per

1931 3071 2154 3123 domum
2175 3069 2541 3139 signiﬁcatur.
2567 3070 2785 3124 Eteni'm
2811 3071 3169 3123 inanimatam
3193 3070 3414 3122 domum
3441 3085 3551 3122 non

2711 3165 2805 3216 sed
2844 3161 3207 3217 manifestum
3245 3164 3390 3231 quod
3427 3163 3553 3217 ani-

1932 3263 2138 3309 matum
2175 3266 2386 3325 patrem
2435 3255 2675 3309 familias
2716 3257 2883 3309 lilium
2920 3255 3156 3309 Abraha:
3191 3253 3490 3310 nominarit
3534 3275 3550 3312 :

1929 3348 2180 3402 fortassis
2211 3358 2264 3402 et
2306 3349 2451 3417 quod
2482 3349 2825 3409 crediderat.
2852 3347 3306 3417 justiﬁeatusque
3339 3353 3460 3402 erat
3485 3363 3552 3402 ex

1930 3418 2088 3497 tide.:
2126 3441 2379 3497 fortassis
2435 3443 2580 3512 quod
2655 3443 2707 3496 in
2770 3443 3160 3511 dispensandis
3195 3443 3391 3514 opibus
3436 3460 3553 3497 ma-

1926 3538 2243 3606 gnanimus,
2295 3548 2351 3591 et
2401 3542 2706 3605 pauperum
2751 3549 2987 3601 amator,
3039 3538 3223 3606 qualis
3281 3546 3403 3591 erat.
3447 3553 3550 3608 pa-

1927 3629 2165 3682 triarcha
2201 3629 2313 3682 ille.
2352 3627 2488 3681 Vide
2517 3630 2740 3698 insuper
2771 3629 2914 3696 quod
2949 3640 3002 3683 et
3036 3646 3182 3683 nunc
3211 3630 3345 3684 dicit
3378 3629 3550 3684 filium

1925 3725 2158 3777 Abraha>
2188 3723 2514 3789 Zachienm,
2556 3740 2680 3779 cum
2715 3741 2927 3779 morum
2954 3725 3372 3778 similitudinem
3409 3725 3460 3778 in
3492 3739 3552 3779 se

1922 3820 2180 3872 ostendit.
2214 3818 2402 3886 Neque
2427 3819 2570 3871 enim
2608 3819 2770 3882 dixit,
2814 3815 3051 3884 quuod
3087 3828 3143 3870 et
3174 3818 3290 3887 ipse
3316 3816 3552 3872 Abrahae

1925 3913 2068 3965 lilius
2105 3912 2303 3974 fuerit,
2347 3914 2445 3966 sed
2492 3913 2639 3980 quod
2693 3927 2838 3966 nunc
2874 3914 2963 3965 sit.
3015 3909 3178 3966 Prius
3227 3913 3374 3965 enim
3422 3929 3547 3966 cum

1923 4008 2174 4074 princeps
2209 4007 2625 4073 publicanorum
2667 4017 2722 4060 et
2753 4017 2981 4060 exactor
3009 4017 3179 4071 esset,
3214 4007 3463 4075 nihilque
3495 4005 3548 4060 ei

1924 4102 1976 4153 in
2009 4101 2220 4168 justitia
2267 4117 2391 4153 cum
2430 4101 2708 4153 Abraham
2745 4116 3039 4153 commune
3069 4109 3245 4162 esset,
3276 4113 3381 4153 non
3429 4109 3550 4153 erat

1924 4193 2090 4246 ﬁlius.
2143 4193 2416 4259 Quoniam
2469 4204 2650 4246 autem
2688 4201 2742 4261 et
2783 4193 3278 4247 obmurmurabanl
3319 4192 3544 4261 quidam

1922 4289 2067 4355 quod
2127 4287 2269 4353 apud
2329 4297 2680 4355 peccatorem
2739 4286 3019 4339 hominem
3077 4285 3422 4352 divertisset,
3477 4288 3546 4340 ad

1921 4379 2285 4433 confutandos
2316 4396 2433 4442 eos,
2475 4382 2654 4448 inquit
2683 4399 2694 4433 :
2729 4377 2880 4432 Venit
2915 4379 3062 4432 enim
3098 4378 3270 4432 Filius
3309 4378 3548 4432 hominis

1923 4486 2186 4538 qumrere.
2215 4483 2269 4523 et
2306 4471 2524 4524 salvare
2570 4470 2715 4540 quod
2750 4471 3010 4538 perierat.
3057 4470 3126 4523 Et
3172 4471 3276 4522 hoc
3318 4469 3546 4539 quidem

203 4563 321 4612 ἐστὶ
343 4561 435 4612 καὶ
455 4560 626 4621 ἄλλως
646 4561 976 4611 ἐκλαεέσθαι
1000 4564 1075 4622 εἰς
1098 4561 1292 4629 ἠθικὴν
1318 4561 1589 4626 (ἶν’,ςέλειαν
1613 4561 1811 4612 ταῦτα*

1931 4567 2073 4635 juxta
2114 4567 2420 4619 historiam.
2466 4565 2650 4618 Facile
2685 4574 2871 4617 autem
2907 4573 2961 4617 et
3004 4563 3164 4616 aliter
3208 4563 3325 4616 haec
3375 4578 3545 4630 expo-

203 4655 314 4713 πᾶς
347 4654 454 4720 γὰρ
482 4654 508 4702 ὁ
552 4651 738 4722 ἄρχων
775 4655 833 4704 ἐν
865 4655 1032 4721 κακία
1065 4654 1297 4712 πολλῶν,
1339 4654 1534 4723 μικρός
1572 4655 1688 4707 ἐστι
1715 4655 1812 4724 τὴν

203 4743 587 4813 πνευματικὴν
650 4745 910 4812 ἠλικίαν,
966 4746 1269 4797 ἀντίκειται
1330 4749 1438 4814 γὰρ
1504 4747 1639 4815 σὰρξ
1718 4748 1813 4799 καὶ

203 4839 428 4907 πνεῦμα
454 4882 466 4896 ,
496 4840 588 4891 καὶ
629 4839 718 4892 διὰ
757 4841 917 4892 τοῦτο
949 4842 1008 4892 οὐ
1038 4842 1264 4893 δύναται
1306 4843 1432 4893 ἰδεῖν
1465 4843 1556 4894 τὸν
1602 4841 1814 4910 Ἰησοῦν

205 4933 317 4984 ἀπὸ
370 4927 462 4984 τοῦ
495 4932 654 5000 ὄχλου
688 4949 699 4962 ⁸
736 4933 838 4984 ὑπὸ
861 4933 970 4984 τῶν
998 4934 1184 4985 παθῶν
1209 4935 1553 5002 ὀχλούμενος,
1587 4938 1680 4987 καὶ
1716 4936 1820 4988 ὑπὸ

205 5025 561 5092 πραγμάτων
609 5025 904 5093 βιωτικῶν,
940 5027 997 5077 οῦ
1032 5026 1256 5079 δύναται
1290 5031 1423 5096 ὁρᾷν
1469 5029 1558 5079 τὸν
1603 5029 1814 5098 Ἰησοῦν

202 5116 536 5185 ἐνεργοῦντα
561 5159 573 5180 ,
620 5119 714 5169 καὶ
747 5121 1067 5188 κινούμενον
1093 5161 1106 5182 ,
1140 5122 1234 5172 καὶ
1270 5121 1707 5189 περιπατοῦντα,
1758 5123 1816 5174 '0

199 5206 312 5274 γὰρ
354 5205 597 5268 τοιοῦτος
633 5208 892 5277 οὐδεμίαν
941 5210 1229 5278 ἐνέργειαν
1271 5213 1631 5279 ἐπιγινώσκει
1679 5215 1818 5282 Χριο

202 5297 406 5365 στιανῷ
433 5299 757 5366 πρέπουσαν
784 5319 794 5330 ·
837 5304 994 5353 τοῦτο
1030 5304 1138 5372 γάρ
1181 5309 1298 5356 ἐστι
1336 5308 1396 5356 τὸ
1441 5306 1679 5373 βαδίζειν
1727 5307 1818 5359 τὸν

211 5388 426 5458 Ἰησοῦν
450 5430 463 5452 ,
494 5393 766 5455 τουτέστι,
799 5395 858 5444 τὸ
892 5396 1153 5463 πράττειν
1182 5414 1234 5449 τι
1268 5398 1324 5448 ὲν
1362 5401 1494 5466 ἡμῖν
1529 5399 1621 5451 τὸν
1668 5401 1806 5468 Χρι-

199 5485 347 5535 στόν.
388 5483 527 5533 Ἀλλ’
555 5487 581 5536 ὸ
615 5486 857 5549 τοιοῦτος
883 5488 1170 5556 ἄνθρωπος
1196 5494 1221 5542 ὁ
1252 5494 1522 5561 μηδέποτε
1562 5493 1686 5544 ἰδὼν
1715 5494 1806 5545 τὸν

209 5576 422 5645 Ἰησοῦν
466 5576 789 5646 βαδίζοντα,
845 5581 986 5635 ἀλλὰ
1035 5584 1215 5652 πάσης
1271 5588 1526 5655 πράξεως
1579 5589 1804 5657 Χριστῷ

195 5668 552 5740 ἁρμοζούσης
586 5673 1012 5743 ἀνεπιαίσβητος,
1051 5679 1111 5728 ἐκ
1151 5680 1520 5746 μεταμελείας
1558 5681 1636 5743 είς
1674 5697 1799 5732 συν-

265 5847 310 5875 θδ
346 5846 505 5901 i‘tov.
542 5863 618 5914 ιιι,
654 5850 744 5905 '28.

1928 4676 2060 4712 nere
2087 4659 2212 4712 licet
2242 4661 2292 4710 in
2324 4659 2618 4711 utilitatem
2652 4657 2938 4710 moralem.
2974 4657 3168 4709 Omnis
3205 4656 3350 4707 enim
3387 4655 3543 4724 prin-

1924 4768 2052 4822 ceps
2085 4753 2384 4805 multorum
2421 4751 2470 4803 in
2505 4751 2734 4814 malitia,
2769 4765 2968 4817 parvus
2998 4758 3085 4803 est
3121 4749 3392 4816 spirituali
3427 4759 3541 4802 sta-

1923 4853 2066 4904 tura.
2122 4844 2400 4895 contraria
2455 4843 2600 4894 enim
2656 4852 2784 4894 sunt
2836 4855 2966 4894 caro
3025 4851 3078 4893 et
3129 4840 3357 4908 spiritus
3413 4857 3424 4890 :
3488 4850 3546 4892 ri.

2115 4945 2407 5004 propterea
2433 4951 2538 4986 non
2571 4944 2752 5002 potest
2785 4933 2974 4984 videre
3001 4931 3190 4985 Jesum
3219 4944 3328 4998 pne
3357 4937 3538 4985 turba.

1918 5029 2018 5093 Qui
2045 5029 2190 5080 enim
2227 5044 2253 5078 ιι
2286 5026 2644 5079 εινςιιιιπὶιιιιε
2673 5023 2908 5093 negotiis
2933 5035 2985 5076 et
3018 5023 3401 5077 ηπεσειοιιὶιιιιε
3428 5037 3542 5075 Iur-

1918 5122 2100 5182 batur,
2132 5138 2237 5174 non
2267 5121 2415 5174 videt
2445 5119 2634 5173 Jcsum
2668 5128 3010 5186 operantem,
3036 5129 3090 5172 et
3121 5131 3460 5182 moventem,
3487 5127 3540 5172 et

1916 5214 2312 5266 ambulantem.
2352 5211 2487 5266 Nam
2538 5213 2627 5280 qui
2669 5213 2791 5266 talis
2832 5221 2952 5277 est,
3006 5212 3213 5265 nullam
3257 5213 3542 5280 experitur

1919 5306 2298 5374 Operationem
2333 5305 2650 5359 Christiano
2683 5305 2927 5373 dignam.
2965 5305 3083 5359 Hoc
3115 5316 3199 5359 est
3227 5307 3374 5358 enim
3421 5321 3538 5356 am-

1920 5400 2107 5453 bulare
2143 5400 2326 5453 Jesum
2353 5443 2366 5464 ,
2403 5402 2620 5469 operari
2668 5400 2955 5456 Christum
3010 5399 3218 5470 aliquid
3263 5400 3318 5454 in
3353 5399 3539 5454 nobis.

1916 5496 1985 5547 At
2029 5494 2152 5547 talis
2196 5496 2360 5547 homo
2389 5496 2480 5564 qui
2533 5513 2812 5565 nunquam
2849 5496 2982 5550 vidit
3019 5493 3207 5549 Jesum
3249 5493 3538 5547 ambulau-

1919 5597 2048 5649 tetn,
2089 5603 2262 5656 neque
2297 5590 2469 5641 sensit
2513 5589 2675 5642 ullam
2719 5589 3095 5657 operationem
3141 5587 3362 5640 Christo
3395 5602 3536 5639 eon-

1914 5697 2131 5749 grnam,
2156 5697 2300 5751 smpe
2328 5697 2422 5751 per
2447 5683 2832 5752 prenitentiam
2855 5682 3013 5738 venit
3040 5683 3092 5737 in
3121 5679 3528 5736 conscientiam
