4000 6406
299 398 436 468 102ῗὶ

1005 396 1454 458 ΕΝΛΒΒΛΤΙΟ
1493 397 1574 458 IN
1613 396 1892 460 EVANG]

2013 397 2128 458 UM
2172 396 2413 460 LUCJE.
2453 419 2524 433 -·-
2563 393 2727 459 CAP.
2763 394 2930 456 XIX.

3483 388 3626 454 1026

292 512 513 570 καθίσει
547 511 605 565 ἐν
661 509 814 581 δεξιᾷ
855 506 950 562 τοῦ
991 506 1184 579 θρόνου
1233 508 1335 579 τῆς
1375 507 1781 580 μεγαλωσύνης
1838 509 1892 562 ὲν

2006 509 2192 564 throni
2221 507 2651 581 magniﬁcentia:
2681 509 2734 562 in
2772 503 3011 561 excelsis
3031 518 3154 560 cum
3183 515 3371 558 carne.
3409 501 3625 558 Etenim

291 605 527 676 ὑψηλοῖς
573 606 712 675 μετὰ
745 603 971 674 σαρκός.
1021 601 1109 664 Ὡς
1139 601 1240 672 μὲν
1289 599 1401 672 γάρ
1444 601 1600 664 Θεὸς,
1638 601 1726 655 ἀεὶ
1769 617 1897 653 συν.

289 697 560 772 εῖριάζων
585 693 660 769 ἦν
687 695 766 768 τῷ
795 697 993 766 Πατρὶ,
1020 695 1094 759 ὡς
1124 695 1181 749 δὲ
1221 690 1509 767 ἄνθρωπος
1537 694 1659 748 τότε
1708 693 1895 748 ἐκάθι-

294 809 406 856 σεν,
446 792 574 844 ὅταν
625 787 904 860 ἀνελήφθη
953 788 1289 860 περιςιένων,
1324 789 1433 852 ἕως
1463 781 1526 842 οὗ
1562 787 1798 842 τεθῶσιν
1846 787 1897 840 οἱ

288 883 478 955 ἐχθροὶ
518 883 625 935 ὑπὸ
653 883 779 944 τοὺς
819 882 987 946 πόδας
1024 879 1216 935 αὐτοῦ.
1264 880 1438 935 Τοῦτο
1467 881 1523 935 δὲ
1554 881 1709 935 ἔσται
1742 884 1799 934 ὲν
1830 886 1895 954 τῇ

290 977 601 1048 συντελείᾳ,
637 975 725 1028 ὅτε
756 973 826 1027 τὰ
869 974 1049 1027 πάντα
1085 973 1181 1026 καὶ
1235 973 1440 1026 ἄκοντα
1476 973 1895 1045 ὑποταγήσεται

286 1071 441 1141 αὖτῷ
492 1067 888 1131 πιστεύσαντα,
919 1069 1000 1121 ὅτι
1033 1066 1239 1138 Κύριος
1299 1067 1511 1135 Ἰησοῦς
1543 1067 1783 1138 Χριστδς
1815 1069 1897 1131 είς

286 1163 447 1227 δόξαν
477 1161 616 1215 Θεοῦ
674 1159 910 1232 Πατρός.
954 1155 1177 1212 Πολῖται
1208 1158 1263 1211 δὲ
1296 1158 1463 1213 αὑτοῦ
1497 1161 1638 1213 εἰσιν
1676 1163 1726 1214 cl
1757 1163 1895 1215 Ἰου-

285 1256 427 1310 διῖη
481 1254 772 1324 μισοῦντες
817 1253 1008 1310 αὐτόν.
1054 1253 1369 1323 Ἐωράκασι
1401 1253 1531 1324 γάρ,
1567 1255 1757 1324 φησιν,
1800 1255 1897 1308 καὶ

289 1350 638 1419 μεμισήκασι
678 1346 774 1400 καὶ
804 1347 925 1415 ἐμὲ,
977 1345 1074 1398 καὶ
1118 1345 1210 1399 τὸν
1255 1345 1475 1417 Πατέρα
1536 1364 1661 1416 μου,
1693 1349 1744 1401 οἳ
1796 1350 1926 1402 οὐκ,

287 1441 566 1512 ἠθέλησαν
596 1438 759 1493 αὐτὸν
794 1438 882 1490 ἐπ’
915 1438 1116 1500 αὐτοὺς
1143 1436 1493 1504 βασιλεῦσαι.
1532 1440 1624 1492 Διὸ
1656 1442 1750 1496 καὶ
1781 1441 1896 1494 ἕλε-

296 1553 395 1604 γον
428 1535 565 1604 πρὸς
596 1533 835 1587 Πιλάτον
871 1529 1203 1601 ἀρνούμενοι
1235 1529 1333 1600 τὴν
1361 1530 1645 1601 βασιλείαν
1677 1533 1848 1586 αὐτο]
1878 1549 1892 1562 ·

290 1650 307 1681 ι
329 1629 445 1682 Οὐκ
475 1627 672 1697 ἔχομεν
690 1625 915 1695 βασιλέα
935 1642 982 1675 ἰ
1005 1624 1098 1677 καὶ
1122 1624 1311 1677 πάλιν⁶
1340 1643 1356 1675 ι
1378 1625 1468 1697 Μὴ
1491 1626 1694 1698 γράφε,
1711 1627 1772 1678 '0
1797 1625 1895 1695 βα.

286 1723 470 1785 σιλεὺς
497 1723 606 1774 τῶν
624 1719 915 1774 Ἰουδαίων.
950 1740 968 1769 ι
996 1718 1187 1770 Καίτοι
1215 1721 1493 1790 Ζαχαρίας
1527 1720 1647 1790 βοᾷο
1669 1740 1685 1771 ι
1720 1721 1894 1791 Χαῖρε

286 1816 520 1886 σςόδρα,
541 1813 782 1884 θύγατερ
815 1810 976 1874 Σιὼν,
1016 1812 1099 1865 ὅτι
1128 1811 1394 1874 Βασιλεύς
1427 1830 1519 1865 σου
1562 1813 1783 1883 ἔρχεταί
1813 1831 1894 1867 σοι

281 1909 514 1974 δίκαιος,
535 1909 628 1963 καὶ
661 1906 904 1970 σώζωνί
945 1904 1038 1960 καὶ
1068 1907 1352 1970 ’Πλαῖαςί
1379 1900 1508 1961 Ἰδοὺ
1539 1908 1602 1976 δὴ
1635 1907 1894 1977 Emeisi);

280 2003 492 2064 δίκαιος
525 2001 892 2070 βασιλεύσειοι
922 1999 1015 2052 καὶ
1049 1999 1263 2057 Δαυίδ.«
1290 1998 1432 2067 Ἐγὼ
1457 1999 1510 2052 δὲ
1547 2001 1891 2071 κατεστάθην

285 2094 544 2166 βασιλεὺς
573 2095 664 2146 ὑπ’
708 2090 898 2147 αὐτοῦ.
931 2111 950 2143 ι
986 2093 1048 2146 Oi
1084 2097 1184 2162 μὲν
1216 2087 1310 2145 οὖν
1334 2093 1581 2146 Ἰουδαῖοι
1615 2095 1892 2165 ὲμῖσησαν

282 2189 376 2243 τὸν
411 2186 642 2257 Κύριον,
687 2189 714 2240 ό
743 2187 799 2240 δὲ
841 2188 950 2249 τοῖς
985 2187 1197 2250 δούλοις
1241 2187 1416 2239 αὑτοῦ
1447 2186 1579 2240 δέκα
1626 2190 1769 2257 μνᾶς
1801 2189 1890 2240 δέ-

282 2280 448 2334 δωκε.
479 2280 667 2332 Δοῦλοι
694 2278 750 2332 δὲ
783 2277 952 2331 αὑτοῦ
988 2279 1036 2332 οἱ
1070 2281 1129 2332 ὲν
1159 2282 1224 2350 τῇ
1269 2278 1576 2352 Ἐκκλησία
1607 2281 1891 2345 διακονίας

283 2373 746 2443 πεπιστευμένοι,
778 2371 912 2424 δέκα
942 2371 1231 2442 λεγόμενοι
1275 2366 1440 2437 εἶναι,
1475 2372 1564 2426 διὰ
1595 2373 1654 2424 τὸ
1681 2374 1892 2426 τέλειον

283 2464 386 2534 τῆς
424 2453 889 2535 ἐκκλησιαστικῆς
922 2463 1289 2535 προστασίας.
1335 2463 1399 2516 'H
1442 2464 1551 2536 γὰρ
1584 2467 1641 2516 ἐν
1672 2468 1738 2534 τῇ
1773 2465 1894 2520 Ἐκο

281 2551 488 2622 κλησίᾳ
538 2551 690 2615 τάξις
745 2550 957 2605 τελείαν
1017 2551 1128 2622 ἔχει
1182 2551 1282 2622 τὴν
1350 2553 1460 2607 τῶν
1529 2555 1894 2625 προεστώτων

281 2643 671 2712 διακόσμησιν,
702 2643 796 2698 καὶ
814 2641 939 2696 οὔτε
971 2642 1228 2707 πλείονας
1263 2645 1371 2699 ἔδει
1395 2641 1556 2713 εἶναι,
1579 2647 1703 2702 οὔτε
1734 2649 1894 2703 ἐλάτ-

279 2753 468 2800 τονας.
507 2729 659 2803 Οἷον,
683 2735 846 2804 λόγου
880 2736 1065 2806 χάριν,
1113 2737 1242 2808 τρία
1278 2738 1452 2792 ταῦτα
1483 2740 1703 2811 ὁρῶμεν
1737 2744 1793 2795 ὲν
1823 2745 1890 2814 τῇ

289 2830 618 2902 Ἐκκλησίᾳ,
646 2830 942 2901 κάθαρσιν.
977 2832 1282 2903 φωτισμὸν,
1315 2835 1412 2887 καὶ
1432 2834 1735 2889 τελείωσιν*
1765 2837 1892 2910 τρία

284 2921 386 2976 καὶ
411 2922 481 2975 τὰ
501 2922 705 2986 ταύτας
733 2924 834 2987 τὰς
862 2924 1146 2994 ἐνεργείας
1172 2925 1583 2997 κληρωσάμενα
1604 2929 1886 2998 τάγματαε

281 3015 334 3069 oi
376 3015 618 3070 διάκονοι
667 3015 994 3087 καθαίρουσι
1069 3018 1159 3072 διὰ
1207 3021 1567 3090 κατηχήσεως
1617 3024 1712 3075 καὶ
1743 3023 1892 3076 διδα-

286 3108 543 3176 σκαλίας,
593 3110 642 3162 oi
676 3109 1046 3183 πρεσϐύτεροι
1095 3112 1396 3181 φωτίζουσι
1439 3114 1530 3168 διὰ
1561 3115 1657 3168 τοῦ
1691 3115 1893 3186 βαπτί-

286 3219 518 3274 σματος,
569 3203 620 3257 οι
664 3203 948 3276 ἀρχιερεῖς
999 3204 1095 3258 καὶ⁵
1146 3207 1429 3277 ἱερατικὰς
1479 3208 1666 3274 τάξεις
1735 3211 1893 3266 καθι-

285 3295 459 3351 στῶσι
496 3300 591 3351 καὶ
638 3297 963 3364 τελειοῦσιν,
998 3299 1026 3352 ὅ
1079 3301 1217 3362 ἐστι,
1257 3302 1682 3374 χειροτονοῦσιν.
1730 3305 1895 3377 Ὁρᾷς

282 3391 357 3445 τά
395 3391 658 3462 τάγματα
697 3391 835 3464 πρὸς
888 3393 989 3457 τὰς
1030 3393 1335 3466 ἐνεργείας,
1383 3397 1478 3448 καὶ
1524 3397 1651 3451 οὕτε
1698 3397 1892 3464 πλείω,

284 3482 416 3538 οὔτε
461 3485 695 3551 ἐλάττω,
755 3487 826 3538 τὰ
877 3484 987 3539 τῶν
1042 3487 1408 3558 προεστώτων
1435 3491 1616 3560 φημί;
1666 3491 1896 3555 Τούτοις

284 3567 384 3626 οὖν
416 3573 532 3637 τοῖς
563 3570 776 3637 δούλοις
819 3573 1066 3646 διανέμει
1093 3576 1228 3630 δέκα
1268 3580 1430 3648 μνᾶς,
1478 3579 1547 3633 τὰ
1576 3583 1896 3653 χαρίσματά

284 3681 454 3735 φημι,
490 3663 528 3716 ἃ
557 3665 777 3735 ἑκάστῳ
809 3664 1016 3719 δίδοται
1045 3666 1182 3739 πρὸς
1211 3667 1272 3720 τὸ
1305 3668 1610 3741 συμφέρον.
1644 3671 1758 3734 Πᾶς
1784 3671 1892 3744 γὰρ

282 3760 314 3811 ό
343 3757 685 3827 προστασίαν
719 3759 1110 3830 ἐγχειρισθεὶς,
1155 3760 1260 3816 κᾶν
1291 3759 1510 3827 ἀνάξιος
1542 3759 1601 3838 ᾖ,
1641 3765 1894 3837 χάρισμα

283 3854 400 3924 εχει
447 3853 505 3920 ἐξ
558 3854 728 3924 αὐτῆς
763 3856 864 3924 τῆς
914 3855 1172 3928 χρίσεως,
1228 3857 1324 3910 καὶ
1359 3857 1481 3911 ἔστι
1540 3859 1700 3912 τοῦτο
1747 3863 1894 3932 μέγα

280 3947 453 4011 ὅντως
489 3948 585 4019 τῆς
627 3947 721 4000 τοῦ
764 3949 902 4003 Θεοῦ
956 3951 1376 4023 φιλανθρωπίας
1424 3952 1524 4006 καὶ
1567 3955 1888 4026 οἰκονομίας

286 4041 617 4114 μυστήριον.

360 4154 379 4186 ‹
420 4134 534 4188 Καὶ
582 4135 804 4203 ἐγένετο
860 4136 935 4189 ἐν·
964 4137 1042 4208 τῷ
1071 4137 1396 4192 ἐπανελθεῖν
1438 4137 1606 4192 αὑτὸν
1651 4129 1890 4193 λαῖόντα

2006 601 2148 655 sicut
2171 600 2339 663 Deus,
2363 614 2584 669 semper
2610 599 2909 653 considens
2937 597 3040 650 fuit
3066 595 3211 649 Patri
3242 613 3254 647 :
3291 596 3434 649 sicUt
3465 593 3628 649 homo

2007 704 2191 749 autem
2231 707 2358 748 tunc
2412 695 2575 760 sedit,
2611 692 2832 761 quando
2889 701 3208 760 assumptus
3259 700 3366 752 est,
3413 703 3630 757 perma~

2005 803 2144 844 nens
2198 790 2374 843 donec
2404 799 2681 857 ponantur
2729 786 2937 840 inimici
2973 772 3091 855 ejus
3123 783 3227 839 sub
3274 785 3441 854 pedes
3485 784 3628 854 t-jus.

2004 884 2121 942 Hoc
2170 897 2352 941 autem
2415 886 2519 941 erit
2577 885 2628 938 in
2687 882 3189 946 consummatione,
3260 883 3480 951 quando
3512 898 3629 935 om-

2001 979 2090 1032 nia
2153 978 2320 1031 etiam
2358 993 2480 1036 qua:
2529 975 2744 1041 uolunt,
2803 975 3172 1045 subjicien'tur
3215 977 3306 1040 ei,
3344 975 3628 1029 crtdentia

2003 1068 2149 1137 quod
2192 1069 2454 1122 Dominus
2493 1066 2650 1122 Jesns
2684 1067 2941 1122 Christus
2978 1069 3030 1120 in
3081 1067 3252 1137 gloria
3302 1065 3394 1120 Dei
3423 1065 3624 1122 Patris.

2001 1160 2161 1215 Cives
2194 1170 2378 1215 autem
2425 1161 2547 1231 ejus
2584 1171 2709 1214 sunt
2749 1158 2949 1223 Judaei,
2984 1161 3107 1214 odio
3156 1161 3420 1214 habentes
3452 1160 3626 1216 illum.

2009 1253 2278 1309 Viderunt
2313 1255 2479 1316 enim,
2521 1253 2720 1324 inquit,
2753 1264 2806 1307 et
2835 1255 2960 1307 odio
3004 1255 3316 1307 habuerunt
3344 1264 3398 1306 et
3429 1267 3538 1320 me,
3572 1263 3628 1308 ct

2001 1348 2216 1403 Patrem
2281 1363 2486 1414 meum,
2541 1360 2594 1402 et
2657 1347 2950 1401 uoluerunt
3011 1347 3138 1400 eum
3201 1362 3366 1416 super
3416 1362 3474 1400 se
3525 1361 3628 1401 re-

2001 1459 2205 1514 gnare:
2275 1442 2418 1497 unde
2467 1452 2524 1497 et
2591 1442 2852 1496 dicebant
2918 1439 2987 1495 ad
3036 1439 3298 1509 Pilatum,
3356 1455 3626 1509 negantes

2002 1552 2228 1606 regnum
2263 1535 2380 1606 ejus
2411 1553 2422 1589 :
2467 1554 2483 1586 ι
2516 1534 2638 1589 Νοη
2688 1534 2954 1588 habemus
2983 1549 3165 1604 regem
3193 1551 3206 1599 ;
3244 1553 3260 1585 ι
3290 1544 3343 1588 et
3376 1534 3575 1586 iterum
3608 1551 3622 1589 :

2007 1652 2023 1682 ε
2065 1629 2142 1686 Ne
2186 1629 2429 1695 scribas,
2471 1627 2585 1682 Rex
2635 1627 2974 1682 Iudaeorum.
3025 1647 3044 1680 ›
3103 1629 3366 1694 Quamtis
3416 1610 3631 1682 Zacha-

2002 1721 2109 1774 rias
2151 1721 2296 1774 dicat
2329 1737 2342 1773 :
2379 1739 2398 1771 ε
2422 1718 2613 1774 Gaude
2649 1720 2827 1784 Valde,
2862 1719 2970 1774 ﬁlia
3021 1719 3327 1788 Sion,quia
3365 1734 3460 1772 rex
3502 1729 3629 1773 tuus

2004 1811 2182 1867 veniet
2225 1813 2320 1865 tibi
2379 1811 2561 1882 justus
2623 1821 2679 1866 et
2719 1812 2939 1866 salvans
2980 1812 3027 1844 ’7
3071 1828 3085 1878 ;
3122 1830 3140 1862 ι
3191 1819 3356 1881 atque
3414 1811 3623 1865 Isaias:

1932 1883 1969 1936 Β
2009 1926 2026 1958 ι
2054 1903 2193 1959 Ecce
2219 1922 2307 1960 rex
2331 1906 2513 1976 justus
2539 1906 2788 1976 regnabit
2815 1922 2860 1970 ς»
2893 1907 3116 1975 insuper
3138 1919 3192 1959 ct
3228 1891 3432 1960 David:
3453 1921 3470 1955 ι
3513 1903 3628 1975 Ego

2004 2012 2184 2054 ament
2242 2001 2573 2054 constitutus
2625 2016 2744 2054 sum
2806 2013 2897 2053 rex
2955 2001 3024 2054 ab
3076 2014 3162 2054 eo.
3215 2019 3233 2050 ›
3276 1997 3449 2052 ,ιιιιίῐξί
3491 2013 3627 2053 sane

2004 2094 2132 2147 odio
2187 2093 2500 2148 habuerunt
2543 2093 2859 2147 Dominum.
2915 2090 3091 2146 Porro
3146 2091 3411 2146 Dominus
3469 2090 3624 2146 dedit

2002 2189 2180 2259 scrtis
2217 2190 2404 2241 derem
2457 2188 2658 2240 minas.
2697 2184 2860 2262 .Servi
2913 2196 3096 2240 autem
3134 2186 3207 2238 illi
3241 2200 3367 2238 sunt
3403 2185 3453 2238 hi
3499 2186 3623 2254 qui-

2004 2281 2105 2335 bus
2140 2281 2190 2333 in
2228 2279 2471 2334 Ecclesia
2512 2281 2879 2334 ministerium
2929 2279 3308 2333 concreditum
3353 2290 3475 2342 est;
3526 2278 3625 2332 «ιυ-

2001 2388 2122 2427 ccm
2167 2373 2428 2427 dicuntur
2467 2387 2610 2436 esse,
2657 2382 2882 2442 propter
2915 2371 3312 2442 perfectionem
3355 2372 3620 2426 ecclesia-

2003 2467 2154 2520 stica:
2188 2466 2567 2535 praesidentia.
2591 2463 2740 2521 Ordo
2772 2467 2918 2521 enim
2951 2465 3000 2519 in
3026 2465 3273 2520 Ecclesia
3316 2463 3617 2534 perfectam

2003 2558 2415 2629 praesidentium
2454 2557 2874 2630 dispositionem
2909 2557 3094 2622 habet,
3140 2567 3195 2611 et
3219 2572 3399 2626 neque
3428 2555 3617 2626 plot-es

2001 2650 2296 2719 oportebat
2324 2665 2468 2717 esse,
2501 2665 2677 2719 neque
2704 2651 2993 2720 pauciores
3024 2667 3038 2704 :
3073 2657 3131 2702 ut
3162 2647 3400 2715 exempli
3436 2647 3618 2716 gratia

2004 2759 2040 2800 lt
2060 2749 2104 2802 ia
2123 2746 2240 2802 hec
2264 2749 2513 2801 videmus
2546 2763 2666 2802 esse
2693 2747 2744 2800 in
2772 2745 3037 2810 Ecclesia,
3065 2745 3467 2816 purgationem,
3494 2743 3622 2796 illn-

2005 2841 2387 2907 niuotionem,
2442 2849 2501 2894 et
2555 2838 2973 2910 perfectionem.
3028 2835 3392 2909 Operationes
3434 2836 3603 2890 etiam

2003 2933 2148 2998 illas,
2179 2943 2291 2988 tres
2332 2933 2514 2988 sortiti
2545 2942 2674 2988 sunt
2704 2933 2948 2988 ordines.
2991 2930 3217 2986 Diaconi
3255 2938 3488 3000 purgant
3523 2944 3620 2998 per

2002 3024 2427 3080 instructionem
2465 3035 2522 3081 et
2569 3026 2903 3091 doctrinam,
2957 3025 3270 3097 presbyteri
3305 3022 3622 3076 illuminant

2000 3134 2107 3188 per
2128 3117 2490 3188 baptismum,
2523 3118 2768 3192 episcopi
2812 3118 3188 3193 sacerdotales
3221 3115 3445 3171 ordines
3483 3128 3622 3169 con-

2001 3212 2240 3267 stituunt
2290 3223 2347 3269 et
2403 3212 2716 3283 perﬁciunt,
2762 3214 2868 3268 hoc
2931 3221 3039 3278 est,
3111 3211 3394 3268 ordinant.
3449 3207 3620 3263 Vides

2001 3306 2226 3361 ordines
2257 3320 2382 3362 cum
2424 3307 2864 3374 operationibus,
2897 3315 2953 3361 et
2985 3319 3164 3374 neque
3195 3304 3405 3372 plures,
3440 3315 3621 3370 neque

1999 3397 2288 3466 pauciores
2313 3437 2328 3462 ,
2352 3395 2759 3468 praesidentium
2785 3396 3009 3466 inquam
3049 3394 3294 3450 ordines.
3316 3390 3427 3449 Illis
3452 3392 3619 3462 igitur

1998 3490 2177 3545 servis
2209 3488 2495 3544 distribuit
2549 3488 2737 3544 decem
2789 3488 2988 3552 minas,
3028 3487 3130 3542 hoc
3161 3494 3270 3550 est,
3305 3483 3446 3539 dona
3494 3497 3619 3552 quae

1997 3581 2295 3651 unicuique
2352 3578 2480 3634 data
2544 3591 2674 3634 sunt
2735 3578 2793 3633 in
2857 3577 3177 3634 utilitatem.
3225 3575 3420 3631 Omnis
3464 3575 3616 3629 enim

1998 3676 2313 3742 cuicunque
2345 3673 2669 3730 concredita
2717 3682 2804 3728 est
2841 3670 3214 3741 praesidentia,
3246 3669 3417 3724 etiam
3449 3668 3496 3723 si
3533 3667 3620 3721 in-

1997 3770 2195 3838 dignus
2258 3769 2446 3834 fuerit,
2505 3766 2711 3824 donum
2789 3766 2956 3822 habet
2993 3771 3091 3820 ex
3138 3764 3425 3818 .unctione
3491 3777 3615 3829 sua,

1998 3865 2048 3919 id
2088 3865 2231 3933 quod
2272 3879 2538 3936 magnum
2584 3862 2786 3918 divina:
2851 3859 3244 3916 misericordia
3287 3871 3613 3915 sacramen-

1997 3967 2112 4014 tum
2152 3969 2257 4014 est.

2068 4134 2240 4190 Vnus.
2291 4134 2473 4189 15-28.
2515 4152 2534 4186 ι
2577 4133 2643 4189 Et
2684 4103 2890 4189 factum
2925 4139 3010 4188 est
3062 4139 3122 4185 ut
3171 4129 3398 4192 rediret,
3452 4141 3615 4184 acce-

279 4232 381 4302 τὴν
425 4228 729 4303 βασιλείαν,
767 4226 891 4283 εἷπε
943 4231 1267 4302 φωνηθῆναι
1307 4233 1459 4306 αύτῷ
1494 4233 1620 4297 τοὺς
1665 4233 1890 4298 δούλους

2002 4239 2088 4300 pto
2123 4243 2311 4298 regno,
2346 4228 2607 4297 misitque
2631 4241 2832 4281 vocare
2871 4239 3063 4280 servos
3104 4222 3225 4277 illos
3266 4221 3334 4276 ad
3370 4236 3450 4285 se,
3487 4219 3615 4290 qui-

279 4322 535 4387 τοᾶτους,
567 4319 645 4384 οἷς
677 4322 846 4376 ἔδωκε
885 4323 948 4376 τὸ
979 4323 1268 4395 ἀργύριον,
1306 4325 1393 4379 ἵνα
1423 4325 1536 4397 γνῷ
1568 4326 1653 4386 τίς
1698 4327 1749 4378 τί
1776 4327 1888 4380 διες

2002 4324 2095 4376 bus
2139 4321 2368 4377 dederat
2410 4319 2725 4391 pecuniam,
2763 4329 2823 4373 ut
2867 4319 3036 4375 sciret
3068 4324 3335 4386 quantmn
3377 4312 3616 4384 quisque

282 4414 781 4484 πραγματεύσαιτο.
831 4416 1178 4488 Παρεγένετο
1221 4417 1278 4470 δὲ
1325 4420 1352 4471 ὁ
1404 4418 1622 4488 πρῶτος
1671 4417 1885 4486 λέγων’

2002 4415 2309 4485 negmiatus
2355 4422 2521 4468 esset.
2560 4410 2727 4467 Venit
2767 4421 2952 4464 autem
2990 4410 3200 4480 primus
3238 4407 3466 4460 dicens:
3507 4404 3617 4458 Do-

284 4510 480 4579 lx'iptz,
527 4510 562 4578 ἡ
623 4509 732 4578 μνᾶ
779 4526 874 4561 σου
906 4511 1352 4580 προσειργάσατο
1385 4512 1516 4566 δέκα
1568 4513 1729 4582 μνᾶς.
1775 4512 1889 4566 Καὶ

2002 4507 2161 4572 mine,
2196 4507 2344 4561 mina
2382 4515 2472 4559 tua
2507 4505 2698 4561 decem
2725 4505 2907 4559 minas
2938 4500 3255 4572 acquisivit.
3286 4497 3350 4551 Et
3377 4497 3454 4553 ait
3491 4496 3565 4550 illi
3596 4514 3610 4551 :

279 4596 439 4655 εἶπεν
472 4601 624 4672 αὐτῷ
643 4618 658 4630 ·
691 4600 786 4665 Εὖ,
807 4601 961 4655 δοῦλε
987 4603 1180 4670 ἀγαθὲ,
1214 4605 1295 4658 ὅτι
1317 4607 1374 4658 ὲν
1401 4605 1675 4677 ³.).αχίστῳ
1695 4605 1886 4669 πιστὸς

2002 4600 2171 4671 Euge,
2207 4598 2377 4671 446
2424 4597 2568 4654 bone
2625 4611 2826 4654 serve:
2879 4595 3006 4665 quia
3063 4596 3116 4660 in
3178 4592 3408 4648 minimo
3463 4587 3616 4644 fuisti

280 4691 496 4760 ἐγένου,
531 4693 642 4747 ῐσθι
679 4691 931 4758 ἐξουσίαν
963 4693 1104 4764 ἔχων
1127 4694 1317 4749 ἐπάνω
1345 4693 1480 4760 δέκα
1508 4696 1740 4752 πόλεων.
1774 4697 1888 4751 Καὶ

279 4780 494 4857 ἦλθενὸ
523 4784 777 4856 δεύτερος
807 4785 983 4855 λέγων
1004 4804 1017 4817 ·
1072 4787 1269 4859 Κύριε,
1301 4791 1334 4860 ἡ
1376 4793 1486 4862 μνᾶ
1530 4809 1625 4844 σου
1662 4791 1890 4861 ἐποίησε

281 4878 450 4932 πέντε
506 4879 670 4948 μνᾶς.
733 4872 872 4932 Είπε
920 4879 1002 4949 δὲ,
1038 4881 1137 4934 καὶ
1187 4881 1400 4952 τούτῳ·
1453 4884 1566 4937 Καὶ
1616 4883 1680 4936 σὺ
1732 4885 1888 4953 γίνου

281 4971 475 5038 ιπάνῳ
506 4971 670 5025 πέντε
704 4972 938 5026 πόλεων.
967 4973 1078 5026 Καὶ
1109 4973 1297 5046 ἔτερος
1339 4971 1472 5046 ἦλθε
1505 4977 1683 5045 λέγων
1716 4992 1730 5006 ·
1767 4976 1890 5030 Κύ-

283 5063 538 5148 ριε,,ίδοί›
568 5067 601 5133 ἠ
637 5051 744 5136 μνᾶ
792 5084 909 5132 σου,
944 5068 1011 5139 ῆν
1040 5063 1190 5140 εἶχον
1232 5070 1610 5141 ἀποκειμένην
1654 5071 1712 5122 ὲν
1762 5087 1891 5124 σου·

282 5156 479 5230 δαρίῳ·
516 5158 834 5230 εφοϐούμην
857 5161 966 5234 γάρ
985 5178 1067 5225 σε,
1087 5163 1171 5216 ὅτι
1194 5160 1293 5216 ἇνο
1304 5178 1484 5230 ρωπος
1513 5162 1790 5234 αὐστηρὸς
1816 5159 1888 5228 εἷ,

282 5249 465 5320 αἴρεις
515 5249 545 5304 ὃ
578 5251 677 5304 οὐκ
710 5251 939 5324 ἔθηκας,
975 5254 1070 5308 καί
1122 5253 1363 5326 θερίζεις
1393 5255 1420 5308 ὃ
1464 5256 1567 5309 οὐκ
1601 5255 1887 5328 ἔσπειρας.

280 5344 452 5414 Λέγει
479 5342 538 5398 δὲ
566 5343 716 5415 αὑτῷ
741 5361 755 5378 ο
801 5346 899 5400 Ἐκ
926 5347 1022 5402 τοῦ
1057 5349 1329 5420 στόματός
1354 5367 1450 5404 σου
1483 5349 1656 5421 κρινῶ
1682 5367 1762 5414 σε,
1793 5369 1892 5404 πο-

281 5439 421 5510 νηρὲ
446 5437 621 5494 δοῦλε.
653 5440 865 5512 ’ῌδεις,
891 5441 976 5494 ὅτι
1009 5440 1119 5512 ἐγὼ
1137 5441 1426 5514 ἄνθρωπος
1452 5442 1725 5513 αὐστηρός
1748 5444 1887 5514 είμι,

282 5534 461 5604 αῐρων
485 5532 515 5586 δ
545 5534 647 5587 οὐκ
686 5533 880 5605 ἔθηκα,
920 5535 1018 5588 καὶ
1048 5535 1281 5607 θερίζων
1308 5536 1336 5590 ὃ
1369 5535 1472 5589 οὐκ
1507 5535 1760 5606 ἔσπειρα,
1792 5535 1888 5589 καὶ

280 5629 376 5685 διὰ
405 5627 460 5680 τί
500 5627 603 5681 οὐκ
631 5615 859 5692 δέδωκας
907 5629 968 5682 τὸ
1008 5629 1275 5701 ἀργύριόν
1313 5647 1416 5701 μου
1451 5632 1544 5682 ἐπὶ
1579 5629 1885 5701 τράπεζαν,

283 5721 384 5778 καὶ
416 5719 530 5790 ἐγὼ
553 5718 746 5787 ἐλθὼν,
773 5722 872 5777 σὺν
897 5723 1042 5794 τόκῳ
1073 5722 1140 5778 ἂν
1174 5723 1389 5790 ἔπραξα
1426 5721 1590 5791 αύτό;
1622 5721 1734 5778 Καὶ
1773 5723 1888 5785 τοῖς

361 5901 408 5936 θ’
441 5902 581 5957 Psal.
609 5919 667 5956 ιι.
708 5904 793 5956 18.

1999 4693 2200 4759 ﬁdelis,
2238 4693 2438 4748 habeto
2463 4699 2790 4763 potestatem
2828 4704 2990 4759 super
3013 4687 3204 4743 decem
3236 4686 3512 4740 civitates.
3543 4680 3614 4737 Et

1997 4785 2140 4840 alter
2190 4784 2339 4840 venit
2391 4785 2620 4841 dicens:
2685 4782 2938 4844 Domine,
3001 4779 3151 4834 mina
3221 4784 3311 4830 tua
3370 4771 3613 4830 confecit

1999 4878 2244 4949 quinque
2280 4878 2479 4932 minas.
2515 4876 2584 4932 Et
2628 4875 2758 4930 huic
2805 4874 2920 4928 ait:
2965 4871 3032 4925 Et
3065 4881 3119 4926 tu
3151 4867 3447 4941 prtefectus
3489 4877 3610 4920 esto

1998 4971 2241 5042 quinque
2270 4969 2606 5026 civitatibus.
2645 4967 2710 5021 Et
2735 4965 2875 5032 alius
2902 4965 3053 5019 venit
3081 4963 3312 5018 dicens:
3356 4958 3607 5021 Domine,

1997 5079 2128 5119 ecce
2167 5064 2311 5118 mina
2358 5072 2446 5116 tua
2482 5076 2648 5132 quam
2690 5060 2857 5114 habui
2899 5058 3199 5128 repositam
3252 5057 3309 5109 ln
3345 5049 3608 5107 sudario:

1995 5157 2150 5211 timui
2209 5156 2354 5210 enim
2411 5165 2488 5220 te,
2539 5156 2684 5224 quod
2743 5156 2907 5208 homo
2966 5159 3226 5204 austeros
3287 5146 3409 5202 sis:
3461 5143 3611 5203 tollis

1996 5251 2144 5320 quod
2198 5265 2304 5304 non
2335 5248 2594 5320 posuisti,
2639 5255 2695 5301 et
2747 5245 2909 5300 metis
2949 5243 3092 5313 quod
3142 5257 3250 5296 non
3295 5238 3607 5295 seminasti.

1999 5342 2140 5396 Dicit
2196 5343 2294 5400 ei:
2356 5341 2428 5395 De
2477 5354 2574 5394 ore
2645 5347 2739 5394 tuo
2785 5343 2839 5392 te
2889 5335 3172 5404 iudicabo,
3202 5346 3383 5388 serve
3444 5328 3607 5382 male.

1998 5437 2226 5493 Sciebas
2254 5435 2402 5506 quod
2431 5450 2532 5506 ego
2571 5433 2737 5488 homo
2774 5441 3034 5488 austeros
3073 5431 3200 5497 sim,
3234 5426 3431 5484 tollens
3459 5423 3607 5495 quod

2000 5548 2106 5587 non
2175 5525 2355 5602 posui,
2411 5538 2464 5582 et
2529 5538 2740 5582 metens
2795 5527 2945 5599 quod
3005 5539 3115 5580 non
3174 5519 3442 5579 seminavi
3486 5536 3500 5573 :
3550 5524 3608 5572 et

1999 5640 2170 5696 quare
2199 5641 2304 5678 non
2349 5624 2546 5679 dedisti
2583 5620 2872 5693 pecuniam
2913 5633 3088 5674 meam
3129 5616 3197 5672 ad
3240 5626 3511 5674 mensam,
3550 5617 3608 5665 et

2002 5736 2100 5791 ego
2134 5719 2358 5779 veniens
2391 5731 2514 5775 cum
2554 5716 2738 5772 usuris
2768 5715 2961 5786 utique
2991 5711 3296 5782 exegissem
3327 5702 3512 5765 illam?
3536 5701 3608 5760 Et
