4000 6388
458 411 590 477 ΜΞἿ

1349 401 1930 467 TIIEOPHYLACTI
1976 397 2310 461 BULGARI
2324 397 2386 456 [Ε
2422 396 2629 456 ARCH
2644 396 2783 455 lEP.

3595 385 3738 452 1023

449 526 758 584 astantibus
795 525 964 580 dixit:
1003 522 1226 578 Auferte
1262 521 1444 575 abillo
1482 520 1706 580 minam,
1740 526 1794 571 et
1826 518 1950 569 date
1975 514 2050 567 illi

2163 513 2510 584 παρεστῶσιν
2541 507 2696 563 εἶπεν
2722 525 2735 538 ·
2771 509 2975 578 ’Λρατε
3009 506 3103 558 ἀπ’
3139 503 3309 559 αὑτοῦ
3335 503 3435 572 τὴν
3467 505 3636 574 μνᾶν,
3672 504 3761 556 καὶ

452 620 542 689 qui
578 619 763 672 decem
809 617 984 671 minas
1013 613 1196 668 habet.
1255 613 1318 665 Et
1359 613 1612 665 dixerunt
1663 610 1755 663 ei:
1799 607 2050 673 Domine,

452 713 618 770 habet
661 712 844 765 decem
895 710 1094 762 minas.
1141 708 1270 761 Dico
1333 706 1505 770 vobis,
1561 702 1702 770 quod
1762 701 1910 754 multi
1953 701 2050 753 ha-

453 807 599 862 benti
649 806 879 868 dabitur,
911 807 977 856 ab
1034 817 1097 857 eo
1155 811 1333 854 autem
1375 799 1464 868 qtti
1521 814 1624 850 non
1669 797 1854 859 habet,
1890 796 2051 847 etiam

455 896 596 966 quod
633 896 825 957 habet,
858 892 1157 946 auferetur.
1178 891 1317 952 Onin
1355 890 1606 941 inimicos
1639 904 1789 940 meos
1817 887 1936 939 illos
1963 888 2052 954 qui

455 987 756 1041 noluerunt
800 1003 883 1040 me
934 1002 1161 1056 regnare
1215 1000 1377 1054 super
1409 1000 1486 1047 se,
1543 982 1798 1036 adducite
1831 982 1957 1046 hm-,
2003 987 2056 1031 et

456 1082 754 1136 interficite
826 1090 951 1133 ante
1013 1095 1121 1133 mc.
1191 1079 1255 1133 Et
1309 1077 1393 1131 his
1438 1077 1598 1130 dictis
1652 1076 1761 1129 ibat
1822 1088 2056 1144 pergens

457 1176 757 1228 ascendere
823 1171 1284 1243 Hierosolymam.
1353 1191 1372 1224 ι
1437 1170 1572 1226 Cum
1636 1170 1914 1223 rediturus
1974 1173 2058 1220 est

457 1262 712 1319 Christus
745 1280 1044 1334 generosus
1076 1266 1163 1318 ille
1194 1275 1246 1318 et
1290 1264 1586 1317 secundum
1632 1262 1923 1314 humanam
1956 1275 2056 1314 na-

453 1365 658 1419 turam,
698 1373 760 1412 ex
798 1357 947 1425 regio
975 1361 1118 1410 enim
1153 1372 1351 1427 genere
1384 1355 1663 1408 descendit
1698 1353 1978 1412 Dominus,
2004 1361 2056 1405 et

455 1449 754 1503 secundum
793 1448 1054 1509 divinant,
1088 1448 1318 1510 ltoecst,
1354 1449 1404 1498 in
1433 1447 1674 1500 sccumlo
1696 1445 1812 1513 ejus
1850 1444 2055 1497 adven-

459 1549 539 1604 tu,
601 1540 815 1608 quando
869 1539 1150 1606 apparebit
1199 1555 1293 1591 rex
1339 1553 1458 1592 cum
1514 1537 1721 1606 angelis
1774 1537 1827 1590 in
1884 1535 2056 1607 gloria

458 1626 638 1683 Patris
687 1629 930 1692 veniens,
981 1639 1033 1682 et
1085 1645 1246 1682 omne
1294 1643 1431 1698 genu
1486 1629 1733 1683 ﬂectetur
1792 1629 1879 1681 ei:
1930 1639 2056 1682 tunc

457 1736 588 1776 sane
630 1724 695 1775 ad
747 1724 1010 1776 rationem
1057 1721 1284 1792 adiget,
1345 1737 1440 1776 eos
1488 1724 1577 1790 qui
1651 1723 1790 1775 dona
1835 1736 2058 1789 accepe-

460 1823 607 1876 runt.
657 1827 711 1868 et
739 1815 1059 1870 invenietur
1103 1832 1250 1869 unus
1283 1817 1500 1882 quidem
1539 1813 1724 1867 multis
1759 1814 2053 1882 profuisse,

2157 608 2275 660 δότε
2339 607 2418 676 τῷ
2469 606 2566 669 τὰς
2599 605 2730 657 δέκα
2780 605 2921 672 μνᾶς
2964 601 3164 671 ἔχοντι.
3209 600 3324 654 Καὶ
3371 596 3531 652 εἶπον
3577 597 3759 667 αὐτῷ’

2092 718 2099 726 ”
2159 701 2351 770 Κύριε,
2410 699 2541 751 δέκα
2579 700 2718 766 μνᾶς
2753 697 2890 766 ἔχει.
2941 695 3102 762 Λέγω
3153 695 3304 764 ὑμῖν,
3358 695 3442 748 ὅτι
3483 693 3656 745 παντὶ
3686 690 3761 761 τῷ

2160 795 2334 864 ἔχοντι
2384 793 2698 862 δοθήσεται,
2764 792 2873 844 ἀπὸ
2931 791 2985 842 δὲ
3036 788 3132 842 τοῦ
3195 789 3269 860 μὴ
3315 788 3561 859 ἔχοντος,
3616 785 3764 839 καὶό

2160 887 2293 956 ἔχει,
2331 885 2634 955 ἀρθήσεται
2683 883 2777 936 ἀπ’
2807 882 2996 936 αὐτοῦ.
3029 880 3175 951 Πλὴν
3216 881 3342 942 τοὺς
3395 879 3636 949 ἐχθρούς
3667 893 3763 946 μου

2160 979 2404 1040 ἐκείνους
2459 977 2585 1038 τοὺς
2633 977 2706 1046 μὴ
2760 974 3101 1045 θελήσαντάς
3162 991 3228 1040 με
3285 971 3618 1040 βασιλεῦσαι
3681 969 3762 1021 ἐπ’

2160 1073 2346 1134 αὐτοῖς
2372 1109 2387 1132 ,
2426 1069 2665 1136 ἀγάγετε
2703 1061 2805 1119 ὧδε
2835 1111 2846 1127 ,
2881 1065 2976 1118 καὶ
3010 1064 3403 1132 κατασφάξατε
3441 1062 3764 1133 ἔμπροσθέν

2164 1181 2288 1232 μου,
2323 1163 2432 1214 Καὶ
2480 1159 2650 1213 εἰπὼν
2685 1157 2878 1221 ταῦτα,
2919 1155 3214 1226 ἐπορεύετο
3255 1153 3601 1225 ἔμπροσθεν,
3640 1155 3765 1205 ἀνα-

2163 1233 2508 1317 ϐαίνων-εὶς
2583 1250 2957 1323 Ἱεροσόλυμα,
3013 1269 3029 1300 ι
3092 1251 3183 1302 Ἐν
3239 1249 3317 1318 τῷ
3361 1246 3766 1316 ἐπανέρχεσθαι

2160 1352 2344 1414 αὐτὸν,
2377 1352 2402 1401 ό
2438 1347 2674 1418 Χριστὸς
2718 1348 2745 1398 ό
2805 1345 3061 1412 εὐγενὴς,
3096 1346 3189 1396 καὶ
3219 1343 3360 1394 κατὰ.
3388 1343 3450 1395 τὸ
3480 1339 3764 1410 ἀνθρώπι-

2160 1460 2271 1507 νον,
2327 1443 2391 1492 ἐκ
2430 1439 2710 1511 βασιλικοῦ
2743 1440 2855 1509 γὰρ
2901 1439 3094 1506 γένους
3144 1437 3422 1505 κατήγετο
3454 1437 3483 1487 ό
3535 1435 3763 1503 Κύριος,

2161 1539 2252 1590 καὶ
2279 1537 2421 1589 κατὰ
2452 1537 2511 1588 τὸ
2552 1536 2716 1597 θεῖον,
2759 1533 3060 1596 τουτέστιν,
3096 1533 3153 1583 ὲν
3195 1533 3261 1601 τῇ
3308 1529 3545 1598 δευτέρα
3597 1525 3764 1579 αὐτοῦ

2161 1629 2394 1693 έλεύσει,
2431 1631 2519 1683 ὅτε
2555 1632 2859 1697 φανήσεται
2897 1625 3152 1695 βασιλεὺς
3186 1622 3326 1694 μετὰ
3366 1622 3479 1675 τῶν
3516 1621 3770 1687 ἀγγέλων

2162 1725 2219 1775 ἐν
2250 1727 2314 1793 τῇ
2372 1723 2500 1794 δόξῃ
2552 1721 2647 1774 τοῦ
2705 1719 2920 1788 Πατρὸς
2969 1719 3291 1789 ἐρχόμενος,
3335 1718 3431 1769 καὶ
3477 1718 3587 1767 πᾶν
3640 1715 3767 1780 γόνυ

2164 1816 2374 1886 κάμψει
2409 1815 2582 1885 αὐτῷ,
2616 1816 2737 1868 τότε
2777 1816 2839 1884 δὴ
2875 1816 2998 1868 τότε
3045 1813 3142 1864 καὶ
3173 1811 3298 1870 τοὺς
3333 1809 3403 1860 τὰ
3445 1808 3769 1876 χαρίσματα

459 1919 514 1961 et
550 1909 923 1977 decuplii-asse
972 1910 1195 1973 donum,
1240 1909 1382 1962 alius
1418 1919 1600 1962 autem
1632 1907 1901 1977 profuisse
1934 1908 2057 1975 qui-

2163 1883 2490 1976 BEE-GéLéVOUC
2532 1883 2753 1969 δούλους
2809 1883 3166 1975 λογοπραγεῖ,
3231 1903 3324 1953 καὶ
3385 1899 3766 1968 εὑρίσκονται,

459 2000 666 2053 demet
711 2002 847 2064 ipse,
893 2003 986 2051 sed
1038 2001 1388 2068 paucioribus
1430 1988 1925 2086 profuissez'alius
1957 2014 2058 2050 au-

458 2101 564 2147 tem
592 2092 795 2146 nemini
830 2091 1119 2162 profuisse,
1155 2093 1248 2147 sed
1291 2093 1557 2163 ignaviter
1605 2092 1929 2147 transit-isse
1959 2107 2056 2146 ne-

457 2189 778 2258 gotiationis
829 2200 1062 2259 tempus.
1110 2189 1345 2244 Proinde
1376 2190 1464 2259 qui
1517 2190 1880 2259 decuplicavit
1913 2189 2058 2259 quod

457 2293 768 2352 acceperat,
825 2297 990 2352 super
1034 2282 1222 2337 decem
1262 2283 1510 2338 civitates
1545 2283 1920 2349 constituitur,
1959 2286 2060 2338 hoc

463 2387 572 2440 est,
621 2367 951 2444 nniltiplices
1020 2378 1414 2431 retributiones
1479 2378 1722 2445 accipit:
1796 2387 1851 2431 et
1920 2376 2060 2432 alius

460 2471 718 2539 deinceps
781 2470 934 2539 juxta
993 2486 1150 2523 suam
1209 2471 1400 2540 recipit
1439 2473 1892 2540 proportionem.
1956 2471 2060 2537 Qui

456 2572 633 2617 autem
667 2565 799 2617 nihil
832 2563 1082 2618 lucratus
1129 2563 1269 2629 fuit,
1311 2564 1730 2620 condemnatur.
1770 2563 2060 2619 Videamus

459 2663 638 2707 autem
667 2661 720 2707 et
764 2654 890 2724 quid
935 2657 1122 2709 dicat:
1173 2655 1424 2720 Domine,
1470 2670 1598 2709 ecce
1642 2657 1784 2709 ruina
1818 2667 1932 2720 tua,
1971 2654 2060 2710 a'c-

460 2748 576 2815 cipe
609 2763 748 2812 eam,
786 2747 946 2800 habui
973 2748 1118 2802 enim
1157 2749 1314 2801 istam
1346 2751 1397 2800 in
1441 2748 1665 2802 sudario
1699 2751 2057 2803 reconditam.

463 2837 726 2892 Dominus
756 2851 1000 2892 mortuus
1059 2840 1277 2892 sudatio
1305 2841 1578 2893 involutus
1628 2841 1756 2898 fuit,
1790 2851 1841 2893 et
1869 2842 2059 2894 Lazari

460 2932 629 2985 facies
693 2933 747 2983 in
790 2933 1042 2999 sepulcro
1071 2933 1288 2985 sudario
1317 2932 1568 2985 obvoluta
1619 2932 1719 2985 fuit
1743 2933 1816 2986 9‘.
1867 2933 2061 2987 Merito

460 3024 626 3093 igitur
691 3024 916 3091 ignavus
964 3024 1050 3078 ille
1101 3027 1153 3076 in
1228 3025 1446 3077 sudario
1493 3026 1670 3093 inquit
1718 3027 2057 3079 reconditum

463 3117 633 3170 fuisse
689 3118 914 3171 donum.
981 3117 1250 3170 Mortuum
1324 3120 1469 3170 enim
1529 3119 1660 3171 illud
1721 3116 1949 3185 fecerat,
2006 3130 2111 3172 et.

462 3207 733 3272 inefﬁcax,
766 3226 870 3262 non
915 3210 1191 3274 evolvens,
1234 3226 1408 3277 neque
1436 3213 1647 3265 lucrum
1688 3212 1918 3266 faciens.
1961 3211 2054 3264 Ti-

462 3304 673 3354 meham
701 3303 846 3354 enim
869 3313 941 3363 te,
975 3305 1167 3369 inquit,
1192 3305 1313 3369 quia
1342 3305 1488 3356 tollis
1510 3306 1652 3372 quod
1679 3321 1783 3357 non
1809 3307 2057 3370 posuisti.

463 3393 618 3447 Talia
670 3395 822 3446 multi
874 3405 1206 3462 prmtexunt.
1262 3396 1520 3449 Nolentes
1578 3399 1718 3448 enim
1773 3399 1895 3448 ullis
1933 3416 2062 3466 pro-

463 3489 660 3550 desse,
699 3488 886 3540 dicunt
943 3503 954 3537 :
1002 3486 1097 3540 Ubi
1167 3504 1270 3540 non
1336 3491 1621 3543 seminavit
1682 3489 1823 3544 Deus
1865 3494 2059 3542 bonum

463 3579 694 3632 indolem
741 3590 793 3632 et
850 3581 1242 3649 :Iptitudlnem,
1293 3582 1435 3635 illine
1486 3598 1552 3635 ne
1620 3587 1867 3650 requiri
1921 3602 2062 3637 mes-

462 3687 600 3726 sem.
667 3669 817 3724 Illum
887 3687 989 3724 non
1046 3672 1170 3725 fecit
1234 3673 1602 3739 industrium,
1639 3686 1689 3727 et
1757 3678 1821 3727 ad
1861 3676 2059 3727 doctri-

463 3778 587 3815 nam
623 3763 902 3828 idonemn,
954 3775 1008 3818 et
1049 3765 1179 3832 quid
1208 3780 1240 3818 a
1291 3782 1379 3818 me
1415 3767 1656 3835 exigitur
1699 3776 1756 3819 ut
1789 3768 1909 3820 inde
1944 3768 2057 3821 fru-

461 3865 608 3909 ctum
635 3856 868 3910 faciam?
889 3856 1094 3911 Idcirco
1122 3859 1381 3911 Dominus
1407 3861 1570 3912 dicit:
1596 3860 1674 3911 'I'u
1704 3862 1860 3920 doce,
1893 3873 1942 3914 el
1970 3862 2062 3916 de-

463 3962 601 4014 pone
621 3949 905 4015 pecuniam
942 3963 1114 4001 meatu
1138 3949 1279 4018 apud
1310 3954 1639 4015 mensarios,
1671 3953 1770 4006 hoc
1789 3964 1891 4012 est.
1920 3956 2061 4021 apud

461 4055 651 4093 omnes
673 4040 942 4104 homines,
969 4043 1057 4110 qui
1084 4044 1342 4110 propositi
1364 4055 1562 4096 suntut
1593 4046 1889 4112 percipiant
1918 4046 2061 4099 utili-

465 4135 630 4180 tatem
649 4169 661 4180 .
686 4127 876 4184 Omnis
896 4131 1041 4184 enim
1078 4133 1238 4185 homo
1267 4135 1573 4187 mensarius
1596 4153 1619 4184 a
1648 4135 1755 4187 Deo
1778 4137 2059 4191 ordinatus

460 4217 620 4290 447
659 4232 760 4286 est,
802 4235 858 4274 ut
894 4223 944 4274 in
984 4223 1141 4289 hujus
1176 4226 1360 4276 mundi
1397 4223 1606 4278 oﬂicina
1653 4242 1843 4293 magna
1885 4242 2054 4295 nego-

463 4311 658 4362 cietur.
690 4309 750 4360 Et
776 4326 874 4378 ego
908 4311 1128 4364 veniens
1154 4315 1457 4380 exegissem
1498 4314 1649 4374 illud,
1689 4315 1793 4368 hoc
1820 4326 1922 4378 est,
1959 4334 2054 4369 re—

461 4402 764 4469 petiissem,
798 4418 921 4455 cum
970 4419 1154 4456 usura.
1198 4407 1424 4472 Oportet
1479 4406 1642 4472 igitur
1677 4419 1729 4460 et
1770 4425 1866 4459 nos
1914 4409 2055 4475 quod

462 4506 707 4548 nostrum
738 4504 819 4548 est
853 4496 1032 4549 facere
1061 4514 1073 4548 :
1106 4497 1244 4550 alios
1275 4508 1452 4550 autem
1483 4498 1741 4552 Dominus
1763 4500 2051 4567 judicabit,

2159 2003 2188 2053 ό
2219 2003 2317 2072 μὲν
2347 2003 2576 2064 πολλοὺς
2627 2001 2934 2071 ὠφελήσας,
2968 1999 3058 2052 καὶ
3101 1995 3553 2055 δεκαπλασιάσας
3580 1994 3641 2044 τὸ
3672 1991 3771 2059 χά-

2163 2113 2359 2165 ρισμα,
2405 2100 2431 2147 ό
2467 2094 2522 2146 δὲ
2574 2095 2870 2165 ὠφελήσας
2907 2094 3003 2162 μὲν
3049 2092 3144 2143 καὶ
3175 2090 3361 2149 αὐτὸς,
3394 2087 3659 2145 ἐλάττους
3689 2084 3766 2149 δὲ,

2160 2191 2186 2241 ό
2220 2189 2276 2240 δὲ
2317 2187 2435 2256 μήδ’
2471 2188 2607 2244 ὅλως
2639 2186 2932 2255 ὠφελήσας
2969 2183 3108 2246 τινὰ,
3146 2180 3264 2233 ἀλλ’
3307 2179 3366 2230 ἐν
3405 2177 3652 2248 ραθ-μ’ᾳ
3678 2176 3770 2227 δα-

2163 2280 2415 2350 πανήσας
2467 2279 2559 2331 τὸν
2602 2279 2794 2349 καιρὸν
2839 2277 2939 2347 τῆς
2987 2277 3397 2346 πραγματείας.
3448 2273 3540 2323 Διὸ
3589 2273 3619 2323 ό
3673 2268 3768 2340 μὲν

2162 2371 2611 2434 δεκαπλασιάσας
2644 2372 2670 2424 ὃ
2704 2372 2919 2432 ἔλαϐεν,
2970 2370 3155 2420 ἐπάνω
3202 2368 3336 2419 δέκα
3387 2366 3601 2416 πόλεων
3637 2362 3771 2415 καθ-

2167 2465 2404 2524 ίσταται,
2447 2465 2756 2527 τουτέστιν,
2792 2463 2968 2534 ἀρχὴν
3005 2462 3138 2514 δέκα
3172 2462 3382 2513 πόλεων
3412 2459 3712 2527 λαμϐάνει,
3743 2457 3768 2509 δ

2164 2559 2301 2618 ἐστι,
2354 2556 2799 2619 πολλαπλασίους
2843 2557 2940 2618 τὰς
3000 2555 3240 2624 ἀμοιϐὰς
3292 2555 3536 2623 δέχεται.
3586 2552 3700 2605 Καὶ
3744 2552 3770 2604 ό

2162 2650 2361 2719 ἑφεξῆς
2389 2651 2531 2703 κατὰ
2563 2653 2661 2718 τὴν
2693 2649 3010 2716 ἀναλογίαν.
3053 2649 3112 2701 Ὀ
3156 2649 3211 2700 δὲ
3249 2647 3418 2717 μηδὲν
3469 2645 3768 2714 κερδάνας,

2164 2747 2582 2813 κατακρίνεται.
2622 2743 2854 2812 ’ῐδωμεν
2887 2741 2944 2793 δὲ
2989 2743 3084 2794 καὶ
3118 2741 3170 2793 τί
3210 2756 3384 2809 φησι·
3419 2736 3622 2807 Κύριε,
3660 2737 3764 2788 ἰδοὺ

2165 2836 2196 2902 ἡ
2239 2836 2348 2901 μνᾶ
2377 2852 2495 2899 σου,
2527 2834 2657 2886 λάϐε
2702 2832 2912 2902 ταύτην
2944 2849 2956 2862 ·
2996 2827 3140 2901 εἶχον
3181 2831 3289 2899 γάρ
3319 2829 3526 2899 ταύτην
3559 2831 3614 2879 ἐν
3650 2845 3766 2879 σουο

2163 2926 2336 2995 δαρίῳ
2361 2926 2760 2996 ἀποκειμένην.
2790 2923 2990 2994 Νεκρῷ
3011 2924 3127 2976 όντι
3156 2923 3233 2993 τῷ
3263 2922 3454 2991 Κυρίῳ
3479 2921 3766 2986 σουδάριον

2167 3015 2484 3085 περιετέθη,
2541 3015 2633 3068 καὶ
2690 3016 2784 3068 τοῦ
2829 3017 3086 3085 Λαζάρου
3133 3017 3191 3066 ὲν
3236 3013 3313 3082 τῷ
3365 3014 3524 3083 τάφῳ
3569 3016 3599 3082 ἡ
3650 3014 3768 3081 ὄᾷις

2168 3108 2441 3178 σουδαρίῳ
2500 3109 3008 3176 περιεκαλύπτετο·
3087 3107 3318 3170 εἰκότως
3376 3103 3470 3161 οὖν
3536 3107 3767 3184 ὀκντνρὲς

2163 3199 2315 3263 οὗτος
2369 3202 2638 3270 σουδαρίῳ
2697 3204 2862 3272 φησιν
2892 3203 3236 3258 ἐναποθεῖναι
3291 3203 3352 3256 τὸ
3389 3205 3645 3275 χάρισμα
3687 3225 3769 3258 νε-

2165 3296 2296 3361 κρδν
2349 3293 2455 3360 γὰρ
2512 3294 2674 3344 αὑτὸν
2728 3295 2964 3362 ποιήσας
3038 3295 3133 3348 καὶ
3182 3295 3550 3365 ἀνενέργητον
3585 3337 3598 3360 ,
3674 3300 3769 3348 οὐκ

2166 3385 2624 3454 ἐπεξειργάσατο,
2678 3388 2797 3440 οὐδὲ
2845 3388 3204 3456 κεκέρδηκεν.
3265 3389 3620 3460 Ἕφοϐούμην
3665 3392 3769 3461 γάρ

2168 3495 2250 3540 σε,
2284 3479 2473 3548 φησιν,
2509 3480 2591 3530 ὅτι
2626 3481 2802 3550 αἴρεις
2835 3481 2861 3531 ὃ
2888 3483 2989 3532 οὐκ
3026 3482 3256 3550 ἔθηκας.
3300 3484 3546 3535 Τοιαῦτα
3587 3485 3768 3536 πολλοί

2167 3571 2653 3639 προφασίζονται·
2687 3574 2760 3640 μὴ
2810 3572 3059 3635 θέλοντες
3112 3576 3219 3645 γὰρ
3261 3575 3549 3644 ὠφελῆσαί
3594 3595 3763 3639 τινας,

2165 3665 2353 3730 φασὶν,
2389 3665 2472 3717 ὅτι
2523 3666 2704 3718 ’Ὅπου
2735 3669 2834 3718 οὐκ
2867 3667 3120 3737 ἔσπειρεν
3149 3674 3177 3722 ό
3210 3671 3343 3732 Θεὸς
3390 3672 3644 3738 εὐφυΐαν.
3681 3674 3769 3723 καὶ

2163 3756 2612 3826 ἐπιτηδειότητα,
2673 3758 2884 3811 ἐκεῖθεν
2919 3759 2994 3829 μὴ
3046 3759 3199 3830 ζήτει
3252 3761 3433 3831 θέρος.
3470 3762 3575 3836 Τὸν
3621 3765 3768 3814 δεινὰ

2164 3849 2265 3901 οὐκ
2311 3849 2570 3919 εποίησεν
2623 3851 2800 3917 εὐφυᾶ
2840 3852 2937 3902 καὶ
2974 3853 3110 3920 πρὸς
3155 3853 3398 3923 μάθησιν
3433 3854 3765 3922 ἐπιτήδειον,

2170 3943 2262 3994 καὶ
2294 3942 2346 3994 τί
2387 3958 2454 4010 με
2491 3943 2720 3994 ἀπαιτεῖ
2770 3942 2867 4011 τὴν
2907 3945 3120 3995 ἐκείνου
3177 3945 3483 4012 ὼερέλειανς
3543 3950 3635 3998 Διὸ
3679 3933 3778 3999 καί

2164 4037 2192 4088 ὁ
2249 4036 2452 4104 Κύριός
2519 4051 2700 4104 φησιο
2774 4037 2845 4088 Σὺ
2903 4036 3137 4102 δίδαξον,
3208 4039 3305 4090 καὶ
3371 4040 3651 4093 κατάόαλε
3711 4040 3768 4092 τὸ

2166 4127 2431 4197 ἀργύριόν
2477 4145 2577 4196 μου
2609 4131 2722 4190 τοῖς
2756 4128 3138 4198 τραπεζίταις,
3172 4133 3449 4192 τουτέστι,
3488 4135 3624 4184 πᾶσι
3659 4136 3768 4195 τοῖς

2164 4220 2300 4289 πρὸς
2322 4220 2378 4272 τί)
2398 4219 2729 4289 ὡφελεῖσθαι
2756 4223 3085 4292 προκειμένο
3113 4243 3138 4287 ς
3157 4224 3493 4294 ἀνθρώποις.
3522 4228 3637 4288 lli;
3657 4227 3766 4296 γὰρ

2161 4311 2448 4379 ἄνθρωπος
2467 4310 2807 4382 τραπεζίτης
2827 4313 2934 4364 ὑπὸ
2956 4313 3091 4365 θεοῦ
3120 4316 3596 4386 προκεχείρισται,
3621 4317 3764 4370 ὣστε

2160 4406 2218 4456 ἐν
2241 4404 2315 4473 τῷ
2350 4404 2573 4473 μεςάλῳ
2602 4405 2695 4456 τοῦ
2731 4406 2939 4474 κόσμου
2987 4408 3176 4459 τούτου
3234 4411 3588 4482 ἐργαστηρίῳ
3622 4431 3763 4482 πρα-

2170 4497 2568 4564 γματεύεσθαι.
2599 4500 2708 4550 Καὶ
2742 4499 2853 4566 ἐγὼ
2882 4500 3073 4567 ἐλθὼν,
3097 4503 3311 4572 ἔπραξα
3334 4506 3400 4556 ἂν
3429 4506 3585 4570 αὐτὸ,
3607 4524 3762 4562 τουτο

462 4589 505 4641 si
547 4588 820 4640 noluerint
854 4589 1142 4641 utilitatem
1188 4591 1310 4643 inde
1347 4594 1647 4660 percipere.
1690 4592 1923 4646 Tollitur
1955 4596 2053 4664 igi-

2163 4587 2333 4650 έστιν,
2355 4589 2613 4656 ἀπῄτησα
2636 4591 2732 4640 σὺν
2756 4591 2919 4660 τόκῳ.
2953 4597 3040 4643 Δεῖ
3071 4593 3168 4662 μὲν
3188 4595 3295 4663 γὰρ
3315 4597 3464 4663 ἡμᾶς
3483 4601 3545 4647 τὸ
3565 4601 3763 4651 οἰκεῖον

465 4688 549 4733 tur
581 4681 803 4742 donum,
840 4691 892 4734 et
925 4685 1085 4735 datur
1119 4684 1259 4736 bono
1294 4686 1641 4753 negotiatori.
1681 4685 1814 4739 Nam
1847 4688 1971 4742 licet
2011 4691 2056 4743 is

465 4771 682 4837 habeat,
726 4781 944 4841 propter
994 4776 1134 4827 istud
1189 4777 1361 4844 ipsum
1426 4788 1602 4830 tamen
1665 4781 1837 4847 magis
1894 4782 2053 4835 debet

465 4864 620 4933 plura
664 4865 932 4931 accipere.
987 4864 1215 4920 Habenti
1277 4869 1422 4920 enim
1457 4869 1695 4936 dabitur,
1730 4873 1831 4925 hoc
1859 4884 1973 4938 est,
2004 4875 2051 4927 ei

464 4955 554 5024 qui
595 4970 660 5008 ex
697 4958 1061 5025 negotiatione
1094 4960 1216 5013 boui
1267 4961 1432 5014 multa
1476 4962 1714 5016 lucratus
1757 4964 1937 5027 fuerit,
1978 4965 2051 5018 illi

466 5046 680 5099 dabitur
715 5057 768 5100 et
799 5049 1049 5112 amplius.
1093 5049 1224 5103 Nam
1277 5053 1316 5104 si
1350 5067 1516 5119 parva
1559 5055 1609 5106 in
1647 5056 1872 5124 decupla
1928 5055 2054 5110 fecit

468 5152 736 5203 crescere,
796 5144 1139 5197 manifestum
1195 5147 1427 5212 quodet
1479 5148 1631 5216 plura
1675 5149 2055 5217 decuplieabit,

469 5228 692 5294 majoris
741 5230 872 5283 lucri
916 5244 1102 5286 auctor
1148 5235 1371 5289 domino
1408 5239 1635 5292 futurus.
1677 5241 1718 5293 A
1755 5241 2060 5310 negligente

469 5328 649 5370 autem
682 5329 735 5371 et
766 5320 978 5389 ignavo,
1027 5333 1079 5377 et
1115 5327 1197 5378 cui
1237 5341 1345 5380 non
1378 5338 1454 5382 est
1491 5330 1728 5382 studium
1763 5341 1818 5383 ut
1849 5342 2060 5385 crescat

466 5418 521 5462 et
546 5422 803 5479 augeatur
836 5417 978 5481 quod
1026 5430 1334 5486 acceperat,
1384 5432 1436 5474 et
1486 5423 1623 5477 istuc
1676 5425 1851 5490 ipsum
1907 5426 2052 5492 (illud

466 5501 629 5554 habet
667 5504 903 5569 tolletur,
942 5519 996 5560 ut
1040 5525 1104 5563 ne
1161 5526 1246 5564 res
1300 5513 1570 5565 dominica
1637 5515 1835 5569 frustra
1877 5529 2050 5581 vacet,

468 5613 590 5665 qua:
624 5601 736 5653 dari
770 5611 945 5668 potest
973 5607 1151 5671 alteri,
1181 5617 1232 5661 et
1266 5609 1634 5677 multiplicari.
1666 5612 1786 5666 llaec
1819 5630 1920 5665 non
1958 5628 2048 5666 so-

466 5689 575 5745 lum
606 5693 673 5746 de
704 5708 954 5750 sermone
989 5709 1041 5753 et
1096 5703 1337 5757 doctrina
1382 5706 1724 5774 exponimus,
1768 5709 1859 5761 sed
1900 5717 1950 5762 et
1988 5710 2051 5763 de

541 5869 583 5899 93
618 5867 770 5923 Joan.
826 5889 900 5926 χι.

2167 4684 2360 4744 ποιεῖν,
2403 4683 2530 4750 περὶ
2561 4683 2617 4736 δὲ
2648 4684 2755 4736 τῶν
2797 4685 3116 4754 μετέπειτα,
3147 4689 3281 4750 Θεὸς
3322 4693 3503 4758 κρινεῖ
3534 4696 3664 4756 τοὺς
3691 4692 3761 4763 μὴ

2167 4773 2501 4844 θελήσαντας
2551 4775 2926 4849 ὠφεληθῆναι.
2975 4780 3200 4849 Λῖρεται
3253 4781 3347 4835 οὖν
3385 4783 3443 4835 τὸ
3493 4786 3758 4856 χάρισμα,

2163 4867 2258 4919 καὶ
2295 4868 2499 4921 δίδοται
2540 4870 2617 4939 τῷ
2653 4871 2845 4942 ἀγαθῷ
2881 4877 3308 4945 πραγματευτῇ·
3353 4877 3459 4930 κᾶν
3497 4883 3606 4950 γὰρ
3645 4883 3760 4950 ἔχῃ.

2167 4963 2368 5031 μᾶλλον
2397 4963 2463 5016 δι’
2497 4965 2628 5016 αὐτὸ
2656 4966 2816 5019 τοῦτο
2841 4967 3049 5035 ὀφείλει
3083 4970 3256 5023 πλείω
3292 4973 3648 5038 προσλαϐεῖν.
3677 4978 3758 5044 Τῷ

2162 5057 2268 5125 γὰρ
2318 5056 2494 5125 ἔχοντι
2547 5057 2858 5127 δοθήσεται,
2891 5061 3165 5126 τουτέστι,
3213 5061 3293 5132 τῷ
3329 5063 3393 5116 ἐκ
3441 5067 3537 5118 τοῦ
3580 5069 3758 5130 καλῶς

2161 5149 2692 5219 πραγματεύσασθαι
2718 5153 2931 5204 πολλῶν
2951 5156 3345 5226 εὐπορήσαντι,
3375 5159 3574 5230 ἐκείνῳ
3607 5162 3756 5232 δοθή-

2164 5260 2312 5294 σεται
2344 5243 2437 5294 καὶ
2470 5244 2660 5296 πλείω.
2703 5245 2766 5298 El
2804 5247 2914 5316 γὰρ
2946 5248 3012 5299 τά
3039 5248 3196 5314 ὀλίγα
3242 5249 3450 5319 ηύξησε
3489 5251 3756 5306 δεκαπλα-

2162 5337 2392 5399 σιάσας,
2463 5337 2731 5407 πρόδηλον
2794 5340 2875 5392 ὅτι
2940 5342 3009 5393 τὰ
3069 5341 3205 5394 πλείι
3279 5344 3755 5411 δεκαπλασιάζων,

2163 5426 2405 5489 πλείονος
2434 5428 2657 5496 κέρδους
2696 5430 2955 5499 πρόξενος
2989 5433 3066 5502 τῷ
3099 5435 3339 5508 δεσπότῃ
3376 5436 3586 5490 ἔσεται.
3633 5441 3757 5492 Ἀπὸ

2162 5518 2215 5570 δὲ
2244 5519 2478 5589 ἀμελοῦς
2510 5523 2600 5573 καὶ
2632 5524 2889 5592 όΑνηροῦ,
2925 5526 3017 5577 καὶ
3044 5525 3117 5596 μὴ
3153 5525 3390 5595 αὐξῆσαι
3425 5532 3752 5583 σπουδάσαν.

2160 5630 2250 5675 τος
2290 5614 2317 5664 ὃ
2349 5615 2534 5676 ἔλαϐε,
2573 5619 2666 5668 καὶ
2696 5618 2828 5670 αὐτὸ
2862 5620 3059 5682 ἐκεῖνο,
3086 5620 3113 5670 ὃ
3146 5619 3278 5691 ἔχει,
3311 5622 3638 5692 ἀρθήσεται,
3673 5627 3754 5676 ἵνα

2166 5708 2239 5776 μὴ
2265 5708 2405 5778 ἀργῇ
2445 5707 2504 5761 τὸ
2533 5708 2855 5764 δεσποτικὸν
2895 5715 3150 5782 πρᾶγμα,
3181 5713 3409 5768 δυνατὸν
3445 5716 3506 5769 ὃν
3543 5719 3756 5786 δοθῆναι
