4000 6418
244 441 383 504 1029

969 438 1419 500 ENABRATIO
1462 437 1545 499 IN
1587 436 2104 498 EVANGELIUM
2145 436 2482 498 I.UC}E.—
2509 437 2674 499 CAP.
2716 435 2891 499 XIX.

3429 434 3573 503 1030

231 558 426 627 ἑτέρῳ,
463 555 558 608 καὶ
598 552 1167 623 πολυπλασιασθῆναι.
1219 553 1408 608 Ταῦτα
1454 554 1511 607 δέ
1555 553 1632 624 μὴ
1676 553 1843 623 μόνον

1956 553 2252 610 moralibus
2285 554 2605 611 virtutibus.
2637 553 2776 608 Nam
2806 564 2863 609 et
2893 553 2948 617 in
2979 551 3065 608 bis
3107 551 3252 609 dona
3289 552 3445 609 nobis
3474 555 3574 611 de-

232 648 327 702 ὲπὶ
361 645 456 700 τοῦ
500 646 685 714 λόγου,
720 648 817 700 καὶ
860 646 964 716 τῆς
999 645 1352 710 διδασκαλίας
1397 646 1842 719 ἐκλαμϐάνομεν,

227 741 369 796 ἀλλὰ
399 741 494 795 καὶ
521 739 748 793 ἐπὶτῶν
780 738 992 809 ἠθικῶν
1026 740 1260 810 ἀρετῶν.
1301 740 1413 793 Καὶ
1442 741 1552 812 γάρ
1584 742 1688 796 κάν
1713 740 1849 794 ταύ-

229 854 357 899 ταις
393 836 629 890 δέδωκεν
668 836 859 905 ήμῖνὸ
908 833 1042 896 Θεὸς
1097 836 1437 905 χαρίσματα,
1483 835 1562 905 τῷ
1608 837 1708 905 μὲν
1753 855 1848 908 νη-

234 931 442 997 στείας,
469 929 546 999 τῷ
587 929 644 983 δὲ
680 929 1074 1000 ἐλεημοσύνης,
1111 929 1188 998 τῷ
1220 929 1278 982 δέ
1307 930 1647 1000 πραότητος,
1687 931 1766 1001 τῷ
1791 931 1847 983 δὲ

230 1023 492 1090 ἀτυφίας.
516 1021 632 1075 Κᾶν
653 1022 753 1090 μὲν
783 1025 1068 1092 νήφωμεν,
1089 1022 1609 1092 πολυπλασιάζομεν
1635 1024 1838 1076 ταῦτα·

227 1114 296 1167 ἂν
325 1114 381 1166 δὲ
416 1114 778 1184 ῥαθυμῶμεν,
810 1117 903 1168 καὶ
945 1115 1428 1186 ἁπονεκρωθῶμεν
1457 1120 1528 1186 τῇ
1578 1118 1844 1188 προαιρέν

229 1225 336 1272 σει,
395 1207 622 1277 ὕστερον
660 1209 1025 1279 αἰτιασόμεθα
1071 1211 1162 1261 τὸν
1225 1210 1381 1275 Θεὸν,
1434 1210 1509 1274 ὡς
1567 1212 1847 1280 εἰώθαμεν

226 1298 436 1364 λέγειν,
468 1299 577 1350 Καὶ
601 1299 654 1350 τί
685 1300 935 1369 ποιήσως
974 1301 1101 1352 Ἐάν
1137 1301 1165 1352 6
1191 1301 1340 1352 δεῖνα
1438 1302 1614 1369 ἆγιος,
1647 1301 1792 1354 θέλει
1822 1303 1849 1355 6

229 1392 386 1453 Θεὸς,
436 1391 530 1443 καὶ
562 1391 712 1444 ἐστιν
763 1391 941 1457 ἅγιος·
989 1394 1090 1462 ἐμὲ
1139 1394 1200 1445 οῦ
1235 1394 1403 1456 θέλει,
1440 1395 1538 1446 καὶ
1575 1395 1674 1447 οὐκ
1706 1395 1843 1464 είμί.

228 1485 342 1536 Καὶ
372 1486 584 1548 ἐκεῖνος
614 1485 821 1555 Πέτρος
854 1481 942 1555 ἦν,
977 1489 1186 1549 ἐκεῖνος
1222 1488 1457 1550 Παῦλος.
1495 1487 1714 1558 Ἀνὸητε
1753 1489 1848 1542 ἄν.

230 1577 444 1647 θρωπε,
490 1582 521 1650 ὴ
568 1581 677 1648 μνᾶ
723 1579 868 1648 αῦτη
920 1581 1129 1650 Πέτρον
1155 1599 1214 1635 σε
1267 1585 1417 1634 ποιεῖ
1465 1584 1560 1635 καὶ
1607 1581 1846 1636 Παῦλον.

234 1674 512 1740 Ἔργασαι
537 1673 593 1725 δέ
633 1674 775 1727 κατὰ
805 1674 1060 1743 δύναμιν,
1091 1675 1187 1729 καὶ
1213 1677 1535 1746 προσάγαγέ
1572 1696 1622 1730 τι
1650 1677 1730 1746 τῷ
1761 1677 1848 1729 δε-
1891 1696 1894 1698 ν

231 1766 458 1831 δωκότι,
502 1767 603 1819 κᾶν
657 1769 730 1839 μὴ
793 1769 916 1821 ὅσον
954 1771 983 1821 6
1016 1771 1246 1840 Πέτρος,
1278 1773 1370 1822 καὶ
1403 1770 1612 1835 Παῦλος
1642 1789 1654 1801 ·
1687 1772 1753 1824 κὺ
1788 1771 1847 1824 δὲ

231 1861 301 1912 τ⁶ἁ
351 1860 490 1911 αὐτὰ
519 1858 596 1930 τῷ
652 1861 843 1931 Πέτρῳ
896 1863 990 1915 καὶ
1024 1863 1103 1933 τῷ
1139 1864 1338 1933 Παύλῳ
1363 1865 1660 1934 δεξάμενος
1687 1882 1702 1896 ·
1741 1867 1846 1917 κά-

1954 646 2037 702 dit
2073 646 2242 715 Deus,
2277 656 2469 718 utpote
2499 651 2590 703 uni
2633 651 2834 704 donum
2864 645 3082 718 iejunii,
3122 646 3212 700 alii
3256 661 3386 700 vero
3414 646 3575 704 elec-

1953 755 2218 811 mosynae.
2244 741 2336 796 alii
2371 752 2554 796 autem
2582 741 3046 806 mansuetudinis,
3070 740 3362 794 aliiautem
3393 742 3579 796 humi-

1954 832 2144 886 litatis.
2177 834 2242 888 Et
2286 838 2333 889 si
2386 836 2606 904 quidem
2650 835 2820 889 sobrii
2864 833 3136 890 fuerimus
3166 844 3216 888 et
3254 835 3581 906 vigilantes,’

1955 923 2449 1003 multiplicabimus
2492 931 2607 983 tunc
2662 947 2674 983 :
2727 929 2810 982 sin
2861 941 3044 984 autem
3099 928 3459 999 negligentes,
3519 935 3576 982 et

1956 1019 2234 1074 voluntate
2314 1021 2552 1084 mortui,
2619 1030 2806 1090 postea
2877 1037 3171 1091 arguemus
3243 1021 3456 1088 Deum,
3519 1027 3581 1075 ut

1953 1117 2340 1170 cmtsuevimus
2422 1119 2607 1173 dicere
2652 1137 2665 1171 :
2714 1117 2784 1172 Et
2835 1119 2965 1187 quid
3041 1116 3278 1170 faciam?
3344 1117 3402 1172 Si
3453 1116 3578 1186 quis

1953 1205 2118 1263 fuerit
2155 1210 2553 1272 sanctus,vult
2607 1210 2770 1275 Deus,
2805 1221 2858 1264 et
2903 1219 2988 1265 est
3027 1220 3259 1265 sanctus
3299 1228 3312 1264 :
3352 1227 3437 1264 me
3466 1226 3573 1265 non

1956 1302 2088 1362 vult,
2131 1311 2320 1356 etnon
2364 1319 2486 1357 sum
2526 1323 2538 1357 :
2568 1312 2621 1358 et
2664 1302 2752 1357 ille
2785 1305 2981 1358 l'etrus
3018 1302 3140 1367 fuit,
3169 1313 3223 1356 et
3252 1304 3341 1358 ille
3373 1304 3577 1358 Paulus

1956 1395 2074 1450 fuit.
2111 1394 2288 1453 Stulte
2325 1399 2510 1461 homo,
2551 1398 2696 1450 mina
2730 1397 2818 1451 illa
2877 1397 3106 1450 Paulum
3144 1408 3193 1450 te
3228 1397 3356 1451 fecit
3387 1407 3440 1451 et
3470 1396 3565 1450 Pe-

1955 1499 2120 1544 trum.
2154 1492 2396 1562 Operare
2420 1502 2602 1545 autem
2626 1493 2781 1561 juxta
2814 1492 3096 1556 virtutem,
3119 1500 3175 1546 et
3199 1489 3336 1545 οσον
3364 1489 3575 1559 aliquid

1951 1583 1999 1636 ei
2034 1584 2122 1653 qui
2157 1585 2324 1649 dedit,
2359 1585 2571 1660 etiamsi
2601 1602 2707 1639 non
2732 1595 2998 1655 quantum
3025 1583 3230 1639 Paulus
3263 1596 3318 1640 et
3350 1584 3551 1639 Petrus

1951 1673 2031 1728 Tu
2064 1686 2244 1730 autem
2273 1693 2393 1730 cum
2431 1678 2620 1732 eadem
2656 1677 2936 1747 acceperis
2970 1694 3094 1747 qua:
3121 1678 3317 1731 Petrus
3351 1687 3404 1732 et
3433 1677 3548 1731 Pau

1950 1769 2035 1824 lus
2071 1787 2084 1824 :
2128 1786 2252 1823 nam
2283 1781 2336 1825 et
2374 1771 2460 1824 ille
2498 1770 2724 1835 minam,
2758 1782 2812 1823 et
2844 1779 2899 1824 tu
2945 1771 3152 1823 minam
3185 1787 3198 1822 :
3240 1781 3426 1838 postea
3467 1785 3572 1823 non

1952 1873 2131 1917 motus
2159 1864 2384 1917 omnino
2414 1865 2480 1918 ad
2518 1864 2896 1928 operationem
2937 1864 3090 1927 boni,
3124 1864 3315 1932 arguis
3358 1865 3527 1916 Deum
3555 1866 3578 1916 ἲ

231 1953 415 2014 κεῖνος
443 1952 552 2022 γάρ
589 1953 750 2021 μνᾶν,
785 1956 876 2006 καὶ
904 1956 969 2008 σὺ
1007 1956 1146 2024 μνᾶν
1210 1956 1402 2009 ἔπειτα
1437 1957 1571 2028 μηδέ
1602 1957 1848 2027 κινηθεὶς

1956 1956 2188 2025 PrOpter
2220 1957 2320 2009 hoc
2354 1956 2558 2024 indigni
2595 1956 2799 2009 inventi
2834 1956 3017 2018 donis,
3046 1955 3150 2009 illis
3183 1955 3572 2023 spoliabimur.

232 2043 372 2107 ὅλως
419 2047 498 2108 εἰς
541 2046 809 2115 ἐργασίαν
853 2048 950 2101 τοῦ
991 2050 1160 2103 καλοῦ
1212 2052 1364 2122 αἰτιᾷ
1399 2051 1490 2103 τὸν
1539 2051 1709 2116 Θεόν;
1749 2048 1852 2102 Διὰ

229 2134 394 2188 τοῦτο
429 2137 642 2202 ἀνάξιοι
688 2139 1074 2208 εὑρισκόμενοι
1121 2139 1232 2192 τῶν
1277 2141 1660 2211 χαρισμάτων,
1713 2141 1850 2192 ἀπο-

232 2227 598 2298 γυμνούμεθα
646 2231 876 2284 τούτων.
927 2232 1067 2293 Τοὺς
1119 2231 1176 2284 δὲ
1214 2233 1445 2303 ἐχθρούς
1506 2250 1630 2302 μου,
1687 2232 1846 2303 φησὶ,

230 2323 360 2383 τοὺς
410 2325 485 2393 μὴ
536 2325 790 2388 θέλοντας
828 2343 894 2395 με
926 2324 1269 2394 βασιλεῦσαι,
1300 2327 1538 2394 ἀγάγετε
1572 2319 1698 2389 ὦδε,
1752 2325 1848 2376 καὶ

233 2416 480 2484 σφάξατε
509 2434 523 2447 ·
548 2418 671 2481 τοὺς
707 2417 998 2480 Ἰουδαίους
1021 2421 1208 2490 φησιν,
1251 2419 1344 2482 οὓς
1377 2419 1695 2488 καταφθορᾷ
1722 2435 1816 2472 πα-

1955 2051 2213 2105 Inimicos
2247 2065 2417 2116 meos,
2466 2051 2618 2113 dicit,
2662 2065 2758 2104 eos
2809 2049 2901 2118 qui
2955 2050 3150 2103 nolunt
3185 2064 3270 2103 me
3319 2063 3575 2117 regnare,

1966 2144 2222 2197 adducite
2251 2143 2377 2208 huc,
2413 2153 2461 2196 el
2497 2145 2751 2197 occidite.
2777 2141 2996 2198 Judzeos
3019 2143 3173 2206 dicit,
3212 2157 3351 2211 quos
3381 2142 3576 2196 interi-

1953 2235 2028 2289 tni
2066 2237 2262 2298 tradet,
2304 2238 2358 2291 in
2413 2237 2588 2306 ignem
2626 2245 2893 2290 internum
2947 2236 3173 2290 mittens
3207 2236 3350 2288 illos.
3399 2233 3579 2303 Atque

1950 2329 2086 2381 adeo
2109 2327 2182 2382 illi
2220 2329 2405 2382 miseri
2434 2329 2485 2381 in
2506 2327 2609 2382 hoc
2639 2328 2841 2382 mundo
2872 2328 3038 2382 occisi
3082 2339 3210 2382 sunt
3249 2341 3278 2380 a
3313 2325 3580 2381 Romanis

1930 2419 2285 2483 exercitibus,
2332 2430 2736 2489 servanturque
2794 2420 3158 2474 internecioni
3191 2419 3440 2489 quaaillie
3471 2427 3577 2481 est,

235 2509 490 2580 ραὸώσει,
515 2513 592 2571 είς
613 2511 673 2564 τὸ
690 2511 797 2579 πῦρ
818 2514 878 2563 τὸ
902 2510 1168 2581 ἐξώτερον
1193 2514 1589 2582 παραπέμπων
1629 2511 1847 2574 αὐτούς.
1882 2511 1994 2564 Καὶ
2029 2512 2214 2583 μέντοι
2256 2507 2401 2565 οὗτοι
2444 2515 2492 2565 οἱ
2553 2512 2730 2567 ἄθλιοι
2784 2511 3088 2578 κάνταῦθα,
3127 2515 3185 2565 ἐν
3241 2512 3318 2582 τῷ
3386 2512 3580 2582 κόσμῳ

232 2604 410 2674 τούτῳ
447 2605 608 2674 φημὶ,
653 2606 1078 2676 κατεσφάγησαν
1101 2607 1204 2660 ὑπὸ
1232 2609 1342 2661 τῶν
1377 2607 1714 2677 Ῥωμαῖκῶν
1745 2609 2194 2679 στρατευμάτων,
2225 2609 2559 2680 τηρούμενοι
2600 2611 2696 2662 καὶ
2727 2609 3094 2680 φυλαξομενοι
3122 2613 3189 2682 τῇ
3224 2611 3344 2662 ἐκεῖ
3363 2612 3575 2679 σφαγῇ,

311 2722 331 2755 ι
373 2705 479 2756 Καὶ
508 2704 727 2771 ἐγένετο
769 2705 843 2768 ὡς
893 2707 1127 2776 ἡγγισεν
1163 2709 1243 2769 είς
1283 2706 1576 2776 Βηθφαγὴ,
1614 2708 1710 2758 καὶ
1742 2706 1851 2775 Βη-

234 2795 431 2849 θανίαν
490 2797 628 2865 προς
677 2796 737 2849 τὸ
781 2797 906 2866 ὄρος
950 2798 1012 2850 τὸ
1079 2799 1420 2868 καλούμενον
1465 2799 1714 2864 Ἐλαιῶν,
1745 2800 1854 2851 ἀπ-

250 2891 460 2943 έστειλε
497 2891 590 2943 δύο
620 2892 726 2944 τῶν
767 2893 1027 2963 μαθητῶν
1059 2894 1226 2947 αὐτοῦ
1255 2893 1740 2962 εἰπών-Ὑπάγετε
1773 2894 1854 2956 είς

234 2983 337 3052 τήν
362 2984 651 3036 κατέναντι
687 2986 904 3054 κώμην,
924 2988 980 3038 ἐν
1078 2988 1554 3059 εἰσπορευόμενοι,
1583 2988 1848 3058 εὑρήσετε

237 3075 422 3127 πῶλον
459 3076 768 3144 δεδεμένον,
817 3079 905 3146 ἐφ’
956 3076 1014 3129 ὃν
1057 3079 1234 3140 οὐδεὶς
1279 3079 1499 3132 πώποτε
1537 3080 1849 3150 ἀνθρώπων

2029 2705 2198 2761 Vens.
2224 2706 2296 2762 29
2326 2709 2418 2761 40.
2457 2727 2476 2758 σ
2516 2708 2583 2760 Ει
2611 2708 2819 2762 factum
2853 2719 2938 2764 est
2972 2725 3097 2764 cum
3135 2711 3578 2779 appropinquas-

1953 2800 2128 2852 setad
2163 2798 2480 2868 Bethphage
2518 2808 2572 2853 et
2627 2798 2953 2854 Bethaniam
2995 2801 3151 2869 juxta
3197 2813 3442 2857 montem
3487 2804 3577 2874 qui

1963 2901 2192 2946 vocatur
2222 2893 2521 2958 Olivarum,
2575 2892 2726 2948 misit
2771 2894 2909 2948 duos
2958 2883 3257 2962 discipulos
3305 2911 3454 2958 suos,
3495 2900 3580 2952 di-

1952 2998 2082 3038 cens
2111 3001 2123 3035 :
2155 2982 2231 3038 lle
2271 2984 2325 3038 in
2351 2984 2633 3038 castellum
2677 2986 2821 3054 quod
2854 3001 2884 3040 e
2921 2987 3146 3055 regione
3168 2998 3270 3051 est,
3332 2988 3383 3040 in
3421 2989 3580 3055 Quod

1954 3074 2299 3128 introeuntes
2343 3076 2638 3130 invenietis
2658 3076 2864 3146 pullum
2901 3079 3094 3142 asinae,
3151 3077 3462 3146 alligatum,
3522 3080 3576 3134 in

235 3172 494 3225 ἐκάθισε·
528 3169 792 3233 λύσαντες
824 3171 988 3224 αὑτὸν
1033 3172 1297 3239 ἀγάγετε,
1334 3173 1426 3226 καὶ
1463 3171 1560 3224 ἐάν
1591 3191 1674 3236 τις
1705 3173 1848 3241 ὑμᾶς

1959 3182 2067 3236 quo
2101 3183 2261 3223 nemo
2293 3185 2530 3237 unquam
2577 3169 2859 3221 hominum
2915 3170 3082 3222 sedit.
3133 3167 3340 3224 Solvite
3393 3170 3575 3237 illum,

234 3265 439 3335 ἐρωτᾷ,
471 3264 623 3316 Διατί
647 3263 802 3316 λύετε
830 3282 844 3332 ;
876 3263 1048 3328 οὕτως
1074 3267 1248 3334 ἐρεῖτε
1275 3265 1533 3334 αῦτῷ,ὅτι
1563 3266 1624 3317 Ὀ
1648 3265 1852 3337 Κύριος

233 3357 404 3410 αὑτοῦ
446 3357 639 3427 χρείαν
677 3355 811 3426 ἔχει.
857 3355 1212 3420 ’Λπελθόντες
1249 3358 1305 3410 δὲ
1339 3360 1388 3411 οἱ
1417 3359 1847 3429 ἀπεσταλμένοι,

235 3445 398 3521 εὗρον
450 3450 634 3513 καθὼς
691 3448 846 3503 εἶπεν
895 3452 1101 3514 αὐτοῖς.
1139 3453 1395 3504 Λυὸντων
1427 3452 1485 3504 δὲ
1539 3453 1721 3505 αὐτῶν
1759 3453 1852 3506 τὸν

239 3542 446 3606 πῶλον,
481 3536 637 3593 εἷπον
664 3543 711 3593 οἱ
741 3541 921 3612 κύριοι
954 3543 1120 3594 αὑτοῦ
1156 3544 1296 3611 προς
1326 3544 1559 3603 αὐτοὺς·
1600 3544 1666 3596 Τί
1694 3543 1851 3596 λύετε

234 3641 329 3692 τὸν
356 3640 569 3705 πῶλον;
599 3640 662 3690 Οί
686 3639 741 3690 δὲ
763 3635 918 3691 εἷπον
942 3656 954 3668 ·
993 3639 1052 3691 Ὀ
1076 3637 1278 3708 Κύριος
1303 3637 1468 3691 αὐτοῦ
1497 3639 1687 3708 χρείαν
1712 3639 1850 3706 ἔχει.

236 3736 350 3787 Καὶ
381 3735 589 3803 ’ήγαγον
623 3733 784 3785 αὐτὸν
820 3733 959 3804 πρὸς
994 3731 1085 3785 τὸν
1124 3730 1359 3802 Ἰησοῦν,
1394 3733 1488 3784 καὶ
1519 3731 1852 3803 ἐπιρρίψαν-

236 3807 331 3888 εἶπες
359 3826 572 3877 ἑαυτῶν
603 3825 671 3877 τά
699 3826 896 3894 ἱμάτια
928 3825 1022 3875 ἐπὶ
1046 3823 1139 3874 τὸν
1169 3823 1368 3889 πῶλον,
1395 3823 1735 3875 ἐπεϐίϐασαν
1757 3823 1852 3875 τὸν

250 3916 486 3987 Ἰησοῦν.
547 3917 928 3984 Πορευομένου
977 3914 1033 3966 δὲ
1069 3914 1262 3976 αὐτοῦ,
1325 3913 1748 3984 ὑπεστρώννυον
1783 3914 1852 3966 τὰ

251 4013 447 4080 ἱμάτια
478 4010 663 4062 αὐτῶν
693 4010 752 4060 ἐν
788 4011 853 4077 τῇ
884 4007 1008 4073 ὀδῷ.
1059 4007 1405 4074 Ἑγγίζοντος
1457 4007 1513 4059 δὲ
1555 4008 1719 4060 αὑτοῦ
1750 4008 1849 4078 ήδη

241 4104 380 4174 πρὸς
408 4105 475 4173 τῇ
518 4101 820 4154 καταϐάσει
847 4102 938 4153 τοῦ
975 4101 1136 4170 ὅρους
1174 4101 1281 4153 τῶν
1324 4101 1574 4161 Ἐλαιῶν,
1619 4099 1852 4169 ἤρξαντο

241 4197 390 4250 ἅπαν
419 4197 481 4247 τὸ
514 4195 719 4263 πλῆθος
754 4194 863 4246 τῶν
912 4193 1177 4263 μαθητῶν
1204 4194 1514 4262 χαίροντες,
1551 4195 1724 4246 αἰνεῖν
1757 4193 1851 4246 τὸν

240 4291 374 4343 Θεὸν
412 4293 564 4360 φωνῇ
613 4288 824 4362 μεγάλῃ
853 4290 980 4359 περὶ
1014 4288 1226 4353 πασῶν,
1261 4282 1337 4342 ὧν
1368 4284 1509 4340 εἶδον
1539 4287 1845 4357 δυνάμεων,

241 4385 495 4452 λέγοντες
516 4402 529 4415 ·
559 4383 937 4453 Εὐλογημένος
965 4383 992 4433 6
1022 4383 1317 4452 ἐρχόμενος
1364 4381 1623 4444 Βασιλεὺς
1648 4384 1703 4432 ἐν
1729 4380 1850 4432 ὀνό-

246 4490 377 4540 ματι
393 4473 625 4542 Κυρίου.
657 4473 863 4543 Εἰρήνη
889 4474 946 4523 ἐν
973 4473 1210 4542 οὐρανῷ,
1231 4475 1326 4525 καὶ
1347 4473 1476 4538 δόξα
1494 4473 1551 4524 ἐν
1574 4472 1843 4542 ὑψίστοις.

1959 3268 2012 3311 et
2062 3259 2334 3312 adducite.
2394 3260 2460 3310 Et
2492 3260 2535 3311 si
2571 3258 2696 3325 quis
2747 3274 2844 3312 vos
2903 3259 3351 3328 interrogaverit,
3392 3259 3579 3326 Quare

1958 3350 2204 3405 solvitis?
2230 3351 2310 3405 sic
2337 3350 2531 3404 dicetis
2557 3351 2603 3403 ei
2631 3370 2642 3404 :
2670 3350 2810 3414 Quia
2841 3350 3108 3404 Dominus
3128 3365 3195 3404 eo
3225 3366 3362 3421 opus
3389 3353 3576 3406 habet.

1955 3442 2229 3497 Abicrunt
2253 3451 2435 3495 autem
2470 3443 2560 3511 qui
2587 3443 2738 3496 missi
2765 3451 2946 3505 erant,
2975 3453 3029 3496 et
3072 3443 3402 3499 invenerunt
3433 3446 3579 3499 sicut

1957 3537 2176 3590 dixerat
2217 3536 2347 3590 illis.
2386 3536 2742 3589 Solventibus
2769 3542 2954 3590 autem
2996 3536 3103 3590 illis
3140 3537 3369 3604 pullum,
3407 3541 3580 3593 dixe—

1959 3638 2086 3681 runt
2118 3629 2323 3681 domini
2362 3629 2481 3695 ejus
2519 3629 2584 3681 ad
2638 3627 2762 3680 illos
2805 3644 2816 3680 :
2859 3627 3041 3691 Quare
3075 3630 3286 3684 solvitis
3329 3630 3579 3699 pullum?

1955 3723 2024 3775 At
2056 3723 2132 3776 illi
2165 3723 2418 3776 dixerunt
2459 3739 2471 3773 :
2507 3721 2647 3788 Quia
2683 3722 2950 3777 Dominus
2980 3738 3047 3777 eo
3092 3739 3230 3791 opus
3280 3724 3468 3779 habet.
3506 3725 3577 3779 Et

1956 3818 2231 3869 duxerunt
2284 3815 2431 3867 illum
2477 3815 2545 3868 ad
2596 3814 2806 3881 Jesum,
2849 3824 2901 3869 et
2956 3814 3174 3883 injectis
3224 3817 3575 3872 vestimentis

1956 3911 2070 3964 suis
2103 3925 2268 3978 super
2291 3908 2522 3978 pullum,
2556 3908 2940 3978 imposuerunt
2962 3907 3173 3964 Iesum.
3201 3909 3371 3982 M8
3393 3912 3573 3964 Eunte

1955 4016 2135 4058 autem
2176 4003 2736 4068 illo,substernebant
2770 4002 3100 4057 vestimenta
3143 4019 3238 4058 sua
3276 4006 3329 4057 in
3365 4005 3472 4058 via.
3509 4004 3574 4058 Et

1956 4111 2080 4150 cum
2116 4095 2583 4164 apprOpinquaret
2609 4093 2724 4163 jam
2761 4094 2826 4147 ad
2858 4093 3192 4148 descensum
3221 4097 3427 4149 montis
3453 4094 3572 4149 Oli-

1955 4204 2168 4251 varum,
2225 4196 2517 4256 coeperunt
2575 4187 2759 4241 omnis
2818 4186 3116 4242 multitudo
3173 4187 3570 4257 discipulorum
3609 4185 3622 4231 ἶ

1955 4283 2253 4350 gaudentes
2276 4279 2497 4333 laudare
2524 4277 2697 4332 Deum
2720 4292 2852 4334 voce
2883 4293 3077 4349 magna
3111 4294 3280 4347 super
3309 4281 3570 4336 omnibus

1954 4390 2092 4443 quas
2126 4374 2379 4428 viderunt
2413 4373 2734 4436 virtutibus,
2768 4372 3017 4428 dicentes
3055 4390 3068 4426 :
3117 4371 3444 4428 Benedictus
3475 4376 3568 4444 qui

1957 4468 2103 4522 venit
2135 4467 2250 4522 Rex
2278 4468 2330 4521 in
2361 4467 2577 4521 nomine
2609 4467 2848 4520 Domini.
2880 4465 2993 4520 Pax
3026 4466 3080 4520 in
3117 4467 3280 4531 cado,
3308 4477 3365 4522 et
3395 4468 3569 4537 gloria

242 4566 352 4620 Καί
378 4583 522 4629 τινες
555 4566 664 4618 τῶν
693 4565 1005 4635 Φαρισαίων
1045 4567 1155 4617 ἀπὸ
1207 4566 1301 4619 τοῦ
1325 4566 1486 4636 ὖχλου
1535 4563 1687 4618 εἷπον
1714 4567 1848 4637 πρὶς

1959 4563 2012 4612 ἱιι
2048 4560 2350 4614 altissimis.
2378 4558 2445 4612 Et
2467 4559 2688 4626 quidam
2717 4558 3118 4614 Pharisatorum
3151 4574 3180 4614 e
3215 4562 3374 4614 turba
3409 4561 3566 4614 dixe-

244 4659 413 4710 αὐτόν
443 4675 454 4687 ’
499 4659 819 4720 Διδάσκαλε,
873 4659 1203 4728 ἐπιτίμησον
1232 4663 1344 4721 τοῖς
1399 4659 1674 4729 μαθηταῖς
1728 4675 1842 4710 σου.

243 4753 359 4806 Καὶ
403 4752 726 4823 ἀποκριθεὶς
772 4747 928 4804 εἷπεν
970 4753 1157 4814 αὐτοῖς
1197 4767 1210 4780 ·
1257 4753 1421 4820 Λέγω
1455 4754 1606 4822 ὑμῖν,
1639 4754 1720 4804 ὅτι
1753 4751 1848 4803 ἐὰν

241 4837 391 4898 οὗτοι
428 4847 804 4913 σιωπήσωσιν,
853 4845 902 4897 οἱ
959 4845 1098 4898 λίθοι
1135 4847 1527 4914 κεκραξονται.
1586 4865 1605 4897 ι
1654 4846 1758 4898 Δύο
1791 4848 1849 4899 ἐν

239 4933 429 5003 ταυτῷ
460 4937 487 4987 6
511 4935 713 5005 Κύριος
740 4935 1022 5005 ὑποδηλῶν
1054 4937 1146 4989 ἐπὶ
1177 4937 1271 4988 τοῦ
1304 4937 1485 4989 πώλου
1521 4937 1754 5002 καθίζει·
1790 4937 1849 4990 ἓν

245 5028 368 5097 μὲν.
396 5027 620 5097 πληρῶν
645 5030 986 5098 προφητείαν
1018 5031 1116 5098 τήν
1143 5029 1436 5097 λέγουσαν,
1480 5030 1616 5082 Ἰδοὺ
1640 5034 1666 5082 ὁ
1692 5030 1848 5099 βασι·

240 5118 366 5181 λεύς
419 5137 511 5172 σου
561 5121 778 5190 ἔρχεται
821 5121 1135 5192 καθήμενος
1190 5123 1282 5175 ἐπὶ
1336 5121 1459 5174 ὖνου
1489 5140 1500 5150 ·
1545 5123 1735 5192 ἕτερον
1767 5122 1845 5186 δέ,

238 5212 522 5284 τροπικῶς
559 5215 691 5282 ἡμῖν
726 5215 1124 5283 αἰνιττόμενος,
1157 5216 1239 5267 ὅτι
1277 5216 1605 5285 ἐπιϐήσεται
1639 5219 1730 5268 ἐπὶ
1759 5217 1849 5270 τὸν

239 5308 384 5368 νέον,
421 5308 514 5358 καὶ
557 5306 896 5374 ἀκάθαρτον,
948 5311 1038 5360 καὶ
1083 5309 1400 5377 ἀδάμαστον
1447 5310 1661 5362 ἐθνικὸν
1698 5311 1843 5363 λαόν.

241 5398 318 5450 Οὐ
355 5398 464 5468 γὰρ
509 5399 683 5469 δήπου
729 5400 815 5452 διὰ
856 5400 918 5452 τὸ
973 5402 1074 5469 τῆς
1124 5401 1246 5453 ὁδοῦ
1295 5404 1470 5472 μῆκος
1522 5404 1695 5456 ἐδεῖτο
1749 5403 1845 5455 τοῦ

241 5491 542 5558 ὑποζυγίου
581 5509 593 5520 ·
641 5495 668 5545 6
703 5495 812 5564 γὰρ
873 5497 1055 5548 πᾶσαν
1118 5496 1407 5551 Γαλιλαίαν
1444 5499 1539 5552 καὶ
1586 5499 1848 5551 Ἰουδαίαν

242 5585 383 5654 πεζῇ
416 5584 864 5656 περιερχόμενος,
908 5590 1026 5652 πῶς
1076 5590 1141 5643 ἂν
1171 5591 1280 5642 ἀπὸ
1315 5591 1592 5659 Βηθανίας
1623 5594 1703 5655 είς
1751 5592 1848 5644 Ἰε-

247 5677 533 5748 ρουσαλὴμ
555 5679 725 5743 διῖὼν,
761 5683 954 5752 ἐδεήθη
985 5683 1080 5736 τοῦ
1111 5684 1315 5748 πώλου,
1352 5686 1535 5754 ὀλίγου
1575 5688 1727 5749 ὄντος
1752 5687 1845 5738 τοῦ

245 5769 636 5838 διαστήματος,
668 5773 744 5837 ὡς
796 5777 997 5838 πάντες
1031 5777 1242 5842 ῐσασινς
1295 5778 1476 5851 Ὅπερ
1525 5775 1619 5832 οὖν
1666 5775 1842 5846 εἷπον,

251 5860 525 5921 ’λ’δπτικὼς
559 5862 730 5914 ταῦτα
770 5869 930 5922 ποιεῖ,
967 5868 1264 5939 Δεδεμένος
1297 5870 1352 5922 δὲ
1381 5865 1448 5940 ἦν
1480 5871 1507 5923 6
1543 5870 1719 5936 πῶλος
1750 5876 1845 5926 καὶ

318 5977 392 6008 ιδ’
423 5977 612 6032 ἶιίιιίίι.
657 5995 768 6046 XXI,
812 5981 866 6036 5.

1958 4663 2083 4706 runt
2126 4655 2192 4705 ad
2229 4653 2422 4706 illum:
2465 4652 2743 4721 Magister,
2798 4652 3022 4720 increpa
3069 4653 3369 4721 discipulos
3418 4662 3566 4709 tuos.

1954 4747 2162 4812 Quibus
2199 4747 2315 4815 ipse
2349 4748 2425 4798 ait
2464 4747 2641 4802 :Dico
2677 4747 2850 4809 vobis,
2892 4749 3036 4816 quod
3087 4747 3130 4800 si
3171 4747 3224 4800 hi
3271 4753 3569 4814 tacuerint,

1957 4856 2082 4894 mox
2125 4839 2336 4909 lapides
2390 4839 2725 4894 clamabunt.
2772 4858 2789 4890 ι
2835 4840 3099 4894 Dominus
3151 4854 3317 4909 super
3355 4841 3566 4909 pullum

1955 4937 2172 4997 sedens,
2211 4934 2318 4986 duo
2365 4933 2650 4987 declarat:
2690 4946 2854 4984 unum
2891 4933 3034 5000 quod
3066 4931 3288 5001 impleat
3328 4935 3566 5002 prophe-

1958 5029 2085 5080 tiam
2122 5029 2433 5082 dicenlcm:
2477 5044 2494 5076 ι
2525 5025 2662 5078 Ecce
2705 5038 2801 5076 rex
2828 5032 2954 5077 tuus
2992 5029 3142 5077 venit
3165 5025 3364 5078 sedens
3400 5041 3566 5094 super

1954 5122 2266 5187 asinamw;
2294 5139 2312 5172 ›
2340 5120 2638 5174 εροιιηύυῐιι
2660 5117 2966 5188 ﬁguraliter
2985 5119 3142 5172 nobis
3159 5120 3400 5173 insinuat
3418 5121 3564 5189 quod

1954 5229 2208 5278 sessurus
2239 5216 2311 5268 sit
2338 5229 2504 5284 super
2552 5227 2756 5266 novum
2790 5219 2846 5267 et
2883 5211 3210 5265 indomitum
3237 5223 3292 5265 et
3323 5213 3564 5266 immun-

1955 5309 2081 5360 dum
2121 5308 2379 5376 populum
2407 5305 2684 5374 gentilem.
2713 5301 2832 5360 Non
2859 5303 3006 5357 enim
3045 5302 3298 5357 videlicet
3338 5318 3438 5372 pro
3477 5304 3563 5356 iti-

1955 5402 2101 5455 neris
2140 5400 2475 5469 longitudine
2505 5399 2755 5470 jumeuto
2795 5413 2932 5467 opus
2981 5397 3241 5452 habebat.
3278 5397 3378 5464 Qui
3415 5398 3561 5449 enim

1955 5510 2050 5562 per
2105 5505 2270 5547 lotam
2313 5493 2594 5547 Galilazam
2651 5501 2705 5546 et
2759 5491 3002 5547 Judaeum
3072 5491 3312 5560 pedestri
3369 5490 3563 5542 itinere

1954 5588 2241 5650 circuibat,
2277 5584 2553 5655 quomodo
2593 5599 2621 5636 a
2658 5585 2920 5638 Bethania
2969 5579 3348 5649 ianerusalem
3377 5590 3559 5631 trans-

1957 5684 2072 5735 iens
2120 5690 2334 5750 rogaret
2375 5689 2435 5731 ut
2470 5679 2648 5746 pullus
2695 5679 2794 5732 sibi
2852 5678 3095 5742 daretur,
3158 5691 3279 5729 cum
3326 5689 3431 5726 non
3490 5670 3564 5724 sit

1957 5786 2104 5829 tanta
2136 5774 2416 5836 distantia,
2453 5782 2513 5825 ut
2552 5772 2734 5825 sciunt
2767 5770 2995 5824 omnes?
3027 5769 3286 5829 Proinde,
3322 5777 3381 5819 ut
3407 5764 3561 5816 dice-

1955 5875 2104 5939 bam,
2139 5871 2366 5941 mystica
2392 5869 2682 5923 sunttunc.
2718 5865 2950 5922 Vinctus
2991 5875 3170 5920 autem
3193 5871 3312 5918 erat
3350 5857 3557 5930 pullus,
