4000 6396
528 384 659 451 1031

1412 354 1998 429 TIiEOPIlYLACTI
2047 328 2465 419 BULGARl/E
2509 345 2869 409 ARClllEP.
2953 366 2956 370 ~

3664 332 3804 400 1012

452 502 461 507 ”
522 516 578 561 et
612 501 861 557 dominos
900 493 1127 552 habebat
1150 487 1346 569 multos
1380 506 1392 539 :
1420 486 1513 541 sed
1544 483 1751 539 solutus
1778 486 1863 536 est
1891 477 1959 530 ab
1983 486 2106 543 apo-

2213 467 2433 539 ιιυρίους
2463 459 2576 535 εἷχε
2606 462 2856 527 πολλοὺς,
2879 459 3017 520 ἀλλὰ
3045 459 3227 515 λύεται
3254 457 3408 530 παρὰ
3436 457 3546 511 τῶν
3574 456 3807 519 suam.

524 596 700 660 stolis,
733 596 835 646 hoc
872 599 954 643 est
1010 586 1078 640 ab
1118 581 1209 637 his
1255 580 1347 649 qui
1390 577 1539 632 miSsi
1586 575 1823 629 fuerunt.
1872 570 2103 660 Sensum

524 655 702 741 autem
755 683 895 736 hunc
940 677 1104 731 habet
1143 668 1439 732 :Bethania
1473 664 1689 734 quidem
1734 661 1927 713 domus
1958 655 2103 708 ohe-

512 780 739 834 ‘dicutize
760 776 1165 840 interpretatur,
1192 760 1507 832 Bethphage
1536 771 1684 817 vero,
1706 754 1897 807 domus
1920 745 2105 840 maxil-

524 873 720 925 larunt.
752 866 880 921 Erat
900 839 1028 918 sane
1053 862 1207 913 vicus
1241 854 1603 911 sacerdotum.
1628 845 1842 899 Etenim
1871 839 2105 895 maxilla:

523 958 893 1017 sacerdotibus
934 954 1218 1013 dabantur,
1266 948 1410 1001 sicut
1449 944 1503 997 in
1540 943 1655 1011 lege
1694 937 1955 1005 scriptum
1996 941 2101 988 est.

524 1052 807 1105 Iudicatur-
828 1057 1003 1099 auteut
1036 1059 1131 1111 per
1157 1036 1404 1093 maxillas
1423 1045 1603 1087 sermo
1631 1029 1913 1089 doctrinm,
1944 1038 2101 1095 quem

430 1176 434 1181 η
524 1143 842 1214 spirituales
874 1136 1105 1192 maxilla:
1136 1132 1778 1194 eﬂiciunt,etattcnuant.
1812 1119 1911 1176 Ubi
1945 1118 2107 1187 igitur

522 1210 712 1290 domus
742 1230 1010 1286 sermonis
1031 1225 1309 1287 doctrinae,
1336 1232 1388 1277 et
1424 1217 1747 1273 obedientize
1770 1228 1895 1282 erga
1929 1210 2100 1272 illum,

520 1327 649 1380 illuc
677 1326 962 1377 mittuntur
991 1316 1235 1385 discipuli
1259 1311 1498 1373 Domini,
1524 1318 1577 1363 et
1606 1307 1821 1361 solvunt
1845 1300 2102 1372 populum

520 1422 729 1476 catenis
764 1424 1106 1487 peccatorum
1146 1410 1390 1477 ligatum,
1428 1403 1719 1467 multisque
1748 1397 1896 1451 curis
1934 1395 2056 1445 vita:
2088 1408 2101 1443 :

518 1521 573 1567 et
608 1524 702 1579 pro
726 1483 788 1562 eo
825 1504 966 1573 quod
1004 1500 1166 1555 habet
1216 1497 1411 1552 multos
1467 1494 1712 1548 dominos
1744 1498 1798 1541 et
1833 1490 1986 1549 deos,
2021 1483 2103 1538 fac

518 1608 669 1658 ciunt
690 1614 813 1654 eum
850 1597 1049 1650 habere
1079 1604 1245 1646 untmt
1281 1589 1564 1643 Dominum
1589 1584 1774 1639 Jesutn
1803 1581 2102 1642 Christum,

518 1708 572 1751 et
608 1710 770 1748 unum
806 1690 971 1743 Deum
1006 1685 1246 1741 Patrem.
1286 1680 1390 1737 Uhi
1428 1688 1606 1732 autem
1653 1691 1758 1731 non
1795 1683 1881 1727 est
1915 1673 2106 1725 domus

518 1784 860 1847 obedientiam
906 1781 988 1835 vel
1029 1776 1301 1846 susceptio
1347 1775 1493 1828 verbi
1542 1765 1933 1843 doctrinze,ibi
1972 1764 2101 1818 illud

2209 561 2337 624 λων,
2368 556 2637 621 τουτέστι,
2668 556 2778 608 τῶν
2808 552 3244 609 ἀποσταλέντων.
3272 551 3446 605 Τοῦτο
3477 551 3535 603 δὲ
3568 550 3809 605 τοιοῦτόν

2208 651 2325 705 ἐστι
2345 667 2357 680 ⁸
2391 649 2629 718 Βηθανία
2666 648 2764 718 μὲν
2794 644 2938 710 οἶκος
2971 644 3221 712 ὑπακοῆς
3248 642 3644 714 ἑρμηνεύεται,
3674 641 3811 710 Βηθ-

2210 748 2359 817 φαγὴ
2402 746 2457 798 δὲ
2497 741 2644 807 οἶκος
2696 743 2987 810 σιαγόνων,
3038 738 3313 812 ἱερατικὸς
3360 737 3437 789 ὢν
3469 738 3661 795 τόπος.
3704 735 3813 787 Καὶ

2208 841 2317 911 γὰρ
2346 839 2594 908 σιαγὸνες
2630 839 2742 900 τοῖς
2778 834 3018 906 ἱερεῦσιν
3052 833 3305 895 ἐδίδοντο,
3335 831 3411 893 ὡς
3445 831 3503 881 ἐν
3537 830 3619 899 τῷ
3665 828 3813 897 νόμῳ

2209 930 2650 999 ἀναγέγραπται.
2698 927 2965 997 Δηλοῦται
2994 925 3048 977 δὲ
3086 924 3173 977 διὰ
3208 923 3317 974 τῶν
3354 921 3633 988 σιαγόνων
3661 921 3689 972 ὁ
3718 919 3812 987 τῆς

2208 1022 2557 1085 διδασκαλίας
2602 1021 2779 1088 λόγος,
2818 1020 2875 1071 ὃν
2905 1020 2962 1071 at!
2990 1017 3222 1088 ψυχικαὶ
3252 1016 3508 1083 σιαγόνες
3543 1013 3815 1081 κατεργά-

2209 1114 2415 1179 ζονται,
2472 1118 2566 1168 καί
2616 1113 3001 1167 λεπτύνουσιν.
3052 1110 3222 1163 Ἔνθα
3280 1109 3465 1161 τοί-,υν
3522 1104 3676 1170 οἶκος
3724 1104 3813 1158 τοῦ

2208 1208 2373 1277 λόγου
2402 1207 2496 1260 τοῦ
2542 1204 2949 1269 διδασκαλικοῦ,
2981 1207 3075 1256 καὶ
3097 1204 3196 1271 τῆς
3230 1203 3370 1273 πρὶς
3412 1200 3613 1254 τοῦτον
3684 1200 3817 1252 ὑπα-

2212 1303 2365 1369 κοῆς,
2400 1304 2514 1354 ἐκεῖ
2559 1300 2869 1353 στέλλονται
2905 1301 2954 1351 οἱ
2992 1298 3082 1351 τοῦ
3132 1296 3339 1365 Κυρίου
3396 1295 3670 1363 μαθηταὶ,
3728 1292 3816 1347 καὶ

2211 1395 2397 1447 λύουσι
2456 1394 2546 1446 τὸν
2611 1396 2731 1457 ταῖς
2756 1394 2965 1462 σειραῖς
3024 1390 3308 1458 δεδεμένον
3363 1388 3474 1439 τῶν
3527 1386 3817 1455 ἁμαρτιῶν

2211 1490 2361 1553 λαὸν,
2396 1489 2503 1541 καὶ.
2531 1488 2650 1547 ταῖς
2688 1486 2940 1555 φροντίσι
2976 1484 3068 1538 τοῦ
3101 1486 3216 1553 βίου
3244 1485 3363 1546 ταῖς
3416 1481 3674 1546 πολλαῖε,
3727 1481 3819 1533 καὶ

2210 1584 2331 1637 ἀντὶ
2355 1581 2471 1645 τοῦ,
2502 1580 2732 1640 πολλοὺς
2763 1579 2912 1649 ἔχειν
2944 1578 3187 1651 κυρίους,
3218 1580 3311 1630 καὶ
3341 1575 3525 1639 θεοὺς,
3569 1575 3818 1629 ποιοῦσιν

2212 1675 2373 1727 αὑτὸν
2397 1674 2544 1744 ἔχειν
2564 1673 2660 1726 ἕνα
2692 1672 2892 1741 Κύριον
2920 1669 3150 1740 Ἰησοῦν,
3178 1670 3271 1723 καὶ
3301 1669 3396 1721 ἕνα
3416 1669 3551 1721 Θεὸν
3571 1670 3817 1737 Πατέρα.

2212 1768 2388 1821 Ὅπου
2421 1770 2529 1837 γὰρ
2563 1768 2664 1820 οὐκ
2693 1764 2843 1821 ἐστιν
2878 1759 3025 1826 οἶκος
3060 1764 3327 1832 ὑπακοῆς,
3359 1763 3485 1815 οὑδὲ
3523 1763 3819 1834 παραδοχὴ

520 1824 860 1847 υυυυ.ι.....,ι,
917 1824 988 1835 η.
1029 1824 1299 1846 -..--..,._-_
1387 1824 1428 1828 ν
1812 1824 1835 1843 ,ν

520 1898 625 1936 ιιοιι
666 1864 742 1946 lit,
783 1892 959 1947 neque
994 1876 1168 1946 pullus
1206 1871 1454 1927 solvitur.
1507 1869 1649 1920 Duos
1678 1873 1856 1917 autem
1909 1861 2106 1916 missos

2213 1861 2371 1927 λόγου
2419 1856 2831 1921 διδασκαλικοῦ,
2888 1855 3131 1909 τοιοῦτόν
3179 1873 3232 1907 τι
3290 1856 3351 1906 οὑ
3396 1856 3618 1921 γίνεται
3680 1856 3817 1917 ἐκεῖ,

518 1988 659 2037 esse,
697 1972 797 2025 hoc
842 1970 975 2035 vult,
1018 1967 1244 2035 quodin
1293 1963 1615 2015 adductione
1665 1956 1844 2027 populi
1895 1953 2107 2025 gentilis

519 2068 585 2121 ad
608 2065 884 2121 Christum
921 2072 978 2115 ιιι
1004 2058 1256 2113 ohediant
1287 2054 1359 2118 ei,
1390 2052 1495 2107 duo
1527 2052 1749 2106 ordines
1777 2047 2103 2107 ministrent,

518 2139 817 2226 prophetat,
853 2162 904 2205 et
938 2148 1188 2221 apostoli.
1242 2144 1307 2198 Et
1333 2145 1533 2203 ducunt
1575 2155 1698 2194 eum
1750 2154 1817 2192 ex
1860 2136 2102 2203 casti-llo,

519 2264 576 2305 ut
605 2251 877 2304 discamus
902 2246 1070 2301 fuisse
1100 2242 1358 2313 pupulum
1392 2237 1543 2292 valde
1575 2249 1818 2290 crassum
1848 2242 1899 2285 et
1925 2232 2107 2285 inet-u—

519 2346 712 2398 ditum.
740 2340 990 2406 Nondum
1020 2338 1161 2390 enim
1193 2336 1406 2389 sederat
1427 2344 1592 2399 super
1623 2344 1745 2383 eum
1809 2340 1987 2380 sermo
2019 2322 2103 2375 vel

520 2434 814 2496 Mosaicus,
841 2431 922 2484 Vel
954 2426 1323 2498 propheticus,
1362 2423 1454 2477 sed
1490 2419 1668 2489 pullus
1708 2428 1828 2470 erat
1874 2414 2107 2467 indomi-

520 2538 625 2581 tus.
661 2524 918 2590 Quamvis
963 2530 1144 2573 autem
1187 2514 1521 2584 evangelista
1562 2510 1701 2563 alius
1732 2507 1883 2567 dixit
1910 2520 2106 2574 pueros

518 2617 683 2672 fuisse
713 2618 804 2686 qui
837 2614 1143 2666 clamabant
1177 2627 1188 2661 :
1222 2606 1476 2661 Hosauua
1516 2603 1623 2656 lilio
1659 2600 1890 2654 David"
1922 2616 1934 2651 :
1968 2606 2107 2650 atta-

522 2727 643 2763 men
678 2720 730 2763 et
766 2708 838 2761 illi
882 2703 1462 2758 lnsiuuabantnowtm
1513 2696 1793 2766 populum.
1822 2690 2105 2745 Credendo

519 2804 664 2856 enim
716 2798 897 2853 Jesnm
951 2812 1012 2849 ex
1069 2794 1276 2849 semine
1331 2790 1497 2844 David
1542 2787 1839 2843 secundum
1885 2795 2105 2836 carnent

520 2890 869 2963 apparuisse,
944 2885 1169 2955 gloriam
1243 2881 1549 2935 retulerunt
1609 2875 1752 2939 Deo.
1802 2874 2103 2929 secundum

521 2982 662 3052 quod
710 2980 973 3047 scriptum
1022 2984 1105 3028 est
1147 2992 1161 3028 :
1208 2970 1444 3040 Populus
1481 2969 1577 3040 qui
1632 2976 1872 3033 creatur,
1915 2967 2104 3020 lauda-

521 3075 601 3129 hit
654 3070 936 3126 Dominum
964 3068 1003 3119 ⁸.
1038 3063 1505 3130 Vestimenlorutn
1551 3071 1733 3116 autem
1769 3058 2102 3124 substratio,

519 3162 827 3234 significare
891 3159 1101 3213 videtur
1171 3158 1313 3228 quod
1386 3155 1536 3210 exuti
1584 3155 1875 3219 hominem
1943 3161 2106 3206 vet:-

522 3272 655 3320 rem,
692 3253 855 3326 M9
881 3255 971 3321 qui
1004 3252 1151 3320 digni
1188 3259 1312 3305 sunt
1354 3248 1575 3304 laudare
1608 3246 1821 3311 Jesum,
1857 3248 2104 3301 subster-

522 3352 652 3397 nant
689 3343 834 3396 illunt
869 3352 923 3395 et
977 3341 1265 3409 subjiciunt
1303 3340 1401 3407 ipsi
1432 3376 1448 3402 ,
1486 3348 1543 3403 ut
1593 3354 1715 3393 cum
1773 3338 2105 3401 ascenderit,

523 3437 828 3493 sanctiticet
880 3450 1038 3500 eum,
1077 3444 1131 3488 et
1172 3450 1275 3488 non
1314 3432 1454 3501 ultra
1487 3442 1751 3503 repugnet
1783 3446 1911 3486 caro
1943 3431 2109 3500 spiri-

525 3530 622 3594 tui,
648 3538 778 3581 utet
802 3527 897 3596 ipsi
927 3528 1132 3595 possint
1160 3525 1397 3589 dicere:
1426 3523 1713 3593 Subjectus
1749 3522 1823 3576 fui
1857 3523 2107 3587 Domino,

523 3630 576 3674 et
608 3621 754 3673 Oravi
789 3636 911 3673 eum
939 3621 982 3671 ⁸.
1033 3618 1204 3671 Porro
1239 3632 1454 3671 onmem
1495 3615 1899 3675 multitudinem
1938 3614 2108 3670 disci-

523 3713 766 3780 pulorum
800 3712 931 3765 dixit
964 3710 1139 3764 Lucas
1165 3709 1386 3763 laudare
1421 3708 1586 3765 Deum
1628 3727 1641 3762 :
1676 3708 1975 3778 discipulos
2002 3722 2107 3762 vo-

522 3820 654 3858 cans
709 3803 1027 3871 simpliciter
1072 3817 1264 3856 omnes
1297 3800 1390 3869 qui
1427 3810 1730 3871 sequuntur
1752 3799 1963 3865 Jesum,
2002 3816 2107 3854 non

524 3897 698 3949 solum
739 3895 1046 3959 duodecim,
1082 3893 1553 3963 veizsepluagida,
1591 3894 1686 3947 sed
1724 3904 1943 3946 omnem
1976 3891 2114 3945 mul-

525 3988 808 4041 titudinem
833 4002 953 4055 qua:
994 3986 1075 4039 vel
1114 3994 1336 4053 propter
1370 3984 1651 4050 miracula,
1691 3983 1775 4037 vel
1801 3985 1870 4053 ad,
1902 3992 2112 4051 tempus

526 4081 841 4135 trahebatur
874 4095 904 4133 a
941 4079 1188 4133 doctrina
1239 4086 1295 4129 ut
1324 4087 1643 4146 sequeretur
1675 4076 1878 4142 Jesum,
1919 4076 1972 4130 in
2005 4069 2111 4145 qua

522 4180 575 4225 et
599 4184 794 4239 pueros
818 4169 981 4223 fuisse
1011 4168 1306 4223 verisimile
1327 4176 1410 4223 est
1446 4208 1461 4234 ,
1492 4166 1739 4222 sicutalii
1764 4168 2113 4238 evangelism

525 4263 775 4316 dixerunt
802 4256 988 4325 ;»et‘hi
1029 4260 1189 4315 alllati
1214 4260 1345 4327 Deo,
1378 4274 1557 4330 regem
1596 4261 1745 4314 illum
1779 4260 2113 4317 conﬁteban-

529 4364 614 4407 tur
650 4354 701 4407 in
728 4354 947 4408 nomine
974 4352 1067 4407 Dei
1100 4364 1410 4413 venturum,
1451 4353 1552 4404 hoc
1583 4363 1687 4418 est,
1718 4345 2018 4417 ut'Deum;
2060 4362 2112 4407 et

525 4460 708 4515 pacem
745 4446 928 4497 dicunt
972 4445 1022 4497 in
1062 4442 1219 4507 ctelo,
1254 4459 1351 4511 pro
1382 4458 1445 4497 eo
1483 4444 1625 4511 quod
1653 4453 1774 4498 est:
1817 4444 2113 4513 Antiquum

2209 1954 2329 2006 οὑδὲ
2360 1951 2548 2004 λύεται
2586 1953 2613 2004 6
2640 1950 2844 2013 πῶλος.
2876 1948 2980 2001 Δύο
3013 1948 3069 2001 δὲ
3104 1947 3256 2009 ὄντες
3301 1948 3347 1998 οἱ
3378 1945 3813 2014 ἀπεσταλμένοι,

2208 2045 2369 2101 τοῦτο
2400 2047 2753 2109 αἰνίττονται,
2800 2045 2883 2096 ὅτι
2917 2044 2983 2112 τῇ
3020 2040 3115 2094 τοῦ
3152 2039 3369 2093 ἐθνικοῦ
3417 2039 3551 2092 λαοῦ
3614 2056 3820 2112 προστ-

2210 2141 2388 2208 γωγῇ,
2422 2140 2516 2191 καὶ
2544 2140 2611 2208 τῇ
2664 2136 2800 2207 πρὸς
2847 2136 3083 2204 Χριστὸν
3130 2136 3379 2203 ὑποταγῇ
3417 2134 3514 2186 δύο
3558 2133 3821 2203 τάγματα

2211 2231 2566 2303 ὑπουργοῦσι,
2608 2232 2912 2301 προφῆται,
2943 2229 3037 2281 καὶ
3076 2228 3393 2282 ἀπόστοῗηοι.
3436 2228 3550 2279 Καὶ
3590 2228 3822 2289 ἄγουσιν

2210 2326 2374 2375 αὑτὸν
2407 2322 2471 2375 ἐκ
2514 2338 2659 2383 τινος
2698 2320 2914 2389 κώμης,
2966 2318 3054 2371 ἵνα
3097 2318 3361 2387 μάθωμεν
3416 2317 3499 2369 ὅτι
3555 2313 3823 2385 ἀγροικίᾳ

2212 2415 2378 2484 πολὶῇ
2418 2415 2582 2483 συνῆν
2620 2416 2648 2467 ό
2678 2413 2807 2475 λαὸς
2837 2404 2993 2485 οὗτος
3028 2410 3125 2464 καὶ
3164 2408 3523 2479 ἀπαιδευσία.
3559 2409 3674 2461 Καὶ
3712 2408 3821 2478 γὰρ

2210 2507 2329 2559 οὐδὲ
2359 2506 2613 2559 ἐκάθισεν
2643 2504 2728 2558 ἐπ’
2760 2504 2922 2557 αὑτὸν
2950 2494 3204 2557 οὐδέποτε
3230 2503 3390 2571 λόγος
3426 2504 3457 2573 ἦ
3491 2503 3818 2567 Μωσαῖκὸς,

2212 2599 2244 2669 ἢ
2281 2599 2642 2667 προφητικὸς,
2672 2596 2808 2650 ἀλλὰ
2840 2597 3015 2658 πῶλος
3042 2590 3110 2667 ἦν
3140 2597 3489 2656 ἀπαίδευτος.
3526 2597 3591 2649 Et
3612 2597 3669 2649 δὲ
3697 2597 3819 2661 καὶ,

2213 2693 2286 2754 ὡς
2318 2692 2504 2762 ἕτερος
2539 2692 2646 2744 τῶν
2692 2691 3100 2759 εὑαγγελιστῶν
3142 2690 3269 2759 ἔφη,
3338 2689 3540 2751 παῖδες
3582 2685 3727 2759 ἦσαν
3772 2690 3819 2741 οἱ

2216 2783 2446 2853 βοῶντες
2465 2786 2544 2845 τὸ,
2572 2784 2807 2836 Ὡσαννὰ
2833 2782 2910 2853 τῷ
2934 2781 3033 2853 υίῷ
3058 2782 3241 2845 Δαυῖδ,
3267 2784 3361 2835 καὶ
3386 2777 3535 2836 οὗτοι
3568 2782 3636 2836 ἂν
3661 2783 3821 2835 ὑπαι-

2213 2876 2477 2926 νίττοιντο
2506 2874 2597 2926 τὸν
2620 2874 2789 2927 αὑτὸν
2825 2874 2945 2925 νέον
2977 2872 3124 2939 λαὸν,
3165 2873 3253 2927 διὰ
3287 2872 3383 2925 τοῦ
3426 2872 3713 2926 πιστεύειν
3745 2870 3823 2941 τῷ

2225 2966 2399 3035 Ἰησοῦ
2425 2969 2489 3017 ἐκ
2512 2966 2830 3035 σπέρματος
2852 2946 3014 3019 Λάυιδ
3033 2965 3200 3037 σαρκὶ
3223 2966 3468 3034 φανέντι,
3490 2965 3654 3028 δόξαν
3680 2966 3820 3018 ἀνα·

2212 3058 2520 3128 πέμποντες
2542 3057 2662 3128 Θεῴ
2699 3060 2840 3111 κατὰ
2864 3057 2925 3110 τὸ
2953 3058 3367 3128 γεγραμμένον,
3394 3057 3541 3121 Λαὸς
3576 3060 3604 3110 6
3636 3058 3822 3121 κτιζό-

2134 3183 2178 3244 c
2214 3169 2373 3223 μενος
2397 3150 2604 3207 αἰνέσει
2624 3152 2716 3206 τὸν
2735 3151 2966 3223 Κύριον.
2983 3151 3048 3206 Ἦ
3069 3152 3124 3206 δὲ
3142 3151 3251 3205 τῶν
3272 3152 3506 3221 ἱματίων
3528 3150 3821 3222 ὑποστρω-

2214 3264 2296 3309 σις
2312 3248 2471 3313 τοῦτο
2491 3248 2779 3317 σημαίνειν
2797 3245 2996 3311 ἔοικεν,
3017 3247 3097 3303 ὃτι
3117 3246 3437 3315 ἐκδυόμενοι
3460 3246 3556 3298 τὸν
3583 3245 3822 3299 παλαιὸν

2211 3339 2504 3409 ἄνθρωπον
2544 3340 2592 3392 οἱ
2638 3336 2779 3403 ἄξιοι
2820 3338 2974 3403 ὄντες
3018 3340 3209 3408 ὑμνεῖν
3244 3318 3335 3391 τὸν
3385 3337 3637 3409 Ἰησοῦν,
3682 3340 3822 3392 ὑπο·

2215 3432 2611 3503 στρωννύουσιν
2647 3433 2857 3500 αὑτὸν,
2889 3433 2985 3487 καὶ
3045 3432 3443 3487 ὑποτάττουσιν
3498 3432 3686 3502 αὐτῷ,
3732 3432 3824 3486 ἶνα

2212 3527 2411 3591 ἐπιϐὰς
2461 3526 2661 3592 αὑτοῦ,
2704 3528 2909 3600 ἁγιάσῃ
2948 3525 3149 3592 αὑτὸν,
3180 3513 3303 3580 καὶ
3364 3526 3564 3596 μηκέτι
3606 3528 3642 3597 ἠ
3677 3526 3823 3598 σὰρξ

2213 3622 2573 3689 ἐπανίστηται
2729 3619 3025 3690 πνεύματι,
3080 3618 3157 3682 ὡς
3203 3620 3269 3673 ἂν
3312 3621 3405 3672 καὶ
3452 3619 3611 3693 αὐτοὶ
3645 3622 3821 3691 ἔχωσι

2225 3713 2443 3782 λέγειν,
2488 3710 2805 3781 ’Υπετάγην
2842 3711 2922 3782 τῷ
2959 3709 3174 3781 Κυρίῳ,
3202 3710 3298 3765 καὶ
3339 3712 3596 3767 ἱκέτευσα
3628 3714 3816 3781 αὐτόν.

2215 3804 2402 3868 Ἀπαν
2429 3805 2503 3858 δὲ.
2524 3804 2583 3858 τὸ
2617 3803 2821 3875 πλῆθος
2850 3804 2958 3858 τῶν
2996 3804 3253 3874 μαθητῶν
3282 3803 3388 3874 ἔφη
3420 3805 3449 3857 6
3476 3806 3695 3868 Λουκᾶς
3732 3808 3823 3859 ai-

2215 3902 2325 3951 νεῖν
2364 3900 2458 3952 τὸν
2483 3898 2651 3963 Θεὸν,
2691 3897 2939 3969 μαθητὰς
2964 3898 3141 3964 λέγων
3184 3897 3373 3960 ἁπλῶς
3402 3899 3535 3962 τοὺς
3583 3899 3818 3953 ἀκολου·

2214 3991 2441 4055 θοῦντας
2468 3991 2678 4055 πάντας
2714 3991 2793 4061 τῷ
2835 3990 3036 4062 Ἰησοῦ,
3064 3992 3125 4044 οὐ
3169 3992 3296 4053 τοὺς
3340 3991 3556 4046 δώδεκα
3594 3993 3819 4062 μόνους,

2215 4084 2336 4137 οὐδὲ
2366 4085 2493 4147 τοὺς
2524 4083 2922 4153 ἑϐδομήκοντα,
2956 4082 3093 4137 ἀλλὰ
3138 4082 3231 4137 τὸν
3270 4082 3431 4154 δχλον
3479 4086 3701 4138 ᾶπαντα
3728 4088 3824 4139 τὸν

2214 4176 2246 4246 ἢ
2275 4175 2363 4228 διὰ
2392 4178 2581 4246 χρείαν
2604 4175 2921 4245 θαυμάτων,
2950 4176 2983 4246 ἢ
3018 4176 3106 4230 διὰ
3131 4176 3193 4229 τὸ
3222 4177 3359 4246 πρὸς
3395 4179 3590 4247 καιρὸν
3628 4178 3823 4247 θέλγε-

2216 4267 2339 4321 σθαι
2374 4268 2481 4321 ὑπὸ
2514 4269 2615 4339 τῆς
2648 4269 2997 4330 διδασκαλίας
3050 4270 3452 4325 ἀκολουθοῦντα
3495 4274 3575 4343 τῷ
3615 4271 3819 4345 Ἰησοῦ,

2215 4359 2273 4411 ἐν
2303 4355 2385 4423 οἷς
2428 4361 2576 4424 εἰκὸς
2629 4366 2722 4414 καὶ
2769 4363 2943 4429 νήπια
2987 4363 3389 4433 ἀναμεμίχθαι,
3434 4364 3580 4418 καθὰ
3633 4365 3822 4435 ἕτεροι

2217 4448 2370 4506 εἷπον
2425 4454 2835 4522 εὑαγγελισταίο
2870 4455 3305 4527 Θεοφορούμενοι
3360 4458 3418 4510 δὲ
3452 4451 3625 4526 οὗτοι,
3666 4460 3824 4531 βασι-

525 4532 722 4585 bellum
768 4532 909 4600 quod
963 4531 1249 4585 habuimus
1293 4540 1479 4586 contra
1534 4532 1740 4597 Deum,
1774 4533 2103 4604 diremptum

2213 4545 2308 4600 λέα
2341 4546 2504 4600 αὑτὸν
2535 4547 2983 4617 ἁνομολογοῦσιν,
3017 4550 3075 4599 ἐν
3116 4548 3343 4619 ὀνόματι
3391 4551 3605 4620 Κυρίου
3658 4555 3822 4626 ὲρχό·

524 4632 626 4677 est.
662 4622 776 4677 Non
807 4624 950 4677 enim
980 4634 1095 4677 erat
1134 4624 1185 4676 in
1217 4632 1361 4677 terra
1416 4638 1507 4678 rex
1550 4625 1708 4689 Deus,
1742 4638 1885 4680 nunc
1922 4634 2124 4680 autem.

530 4715 743 4769 invento
773 4716 880 4769 Deo
916 4730 1075 4784 super
1114 4725 1339 4779 terram,
1377 4717 1569 4770 merito
1599 4732 1701 4785 pax
1752 4718 1804 4770 in
1861 4718 2022 4786 coelo,
2038 4714 2107 4773 ὀι

530 4806 733 4860 idcirco
776 4807 941 4877 gloria
996 4809 1047 4861 in
1088 4806 1394 4873 altissimis,
1435 4809 1637 4879 angelis
1682 4808 2107 4878 gloriﬁcantibus

531 4901 585 4954 in
634 4900 832 4953 unione
867 4913 922 4953 et
948 4900 1327 4976 conciliatione
1368 4900 1457 4954 tali
1502 4918 1663 4971 quam
1721 4904 1878 4958 nobis
1926 4921 2017 4959 rex
2052 4916 2107 4960 et

530 4990 669 5046 Deus
717 4991 805 5061 qui
860 4992 1004 5059 pullo
1038 4994 1273 5058 vehitur,
1310 4994 1535 5065 largitus
1566 5006 1668 5051 est.
1710 4996 1923 5052 Etenim
1967 5000 2107 5055 istud

529 5086 723 5153 ipsum,
744 5087 882 5151 quod
909 5083 1047 5139 Deus
1071 5086 1342 5139 exsistens
1366 5103 1528 5157 super
1557 5102 1755 5143 terram
1779 5093 2110 5159 apparuerit,

530 5186 584 5229 et
623 5175 676 5228 in
713 5176 929 5242 regione
961 5177 1304 5231 inimicorum
1355 5194 1573 5233 suorum
1603 5181 1993 5246 ambulaverit,
2032 5185 2112 5235 in-

536 5267 677 5321 dicat
710 5266 886 5322 l'tedus
915 5267 1115 5323 factum
1151 5272 1295 5324 inter
1334 5287 1430 5326 nos
1454 5281 1508 5326 et
1538 5273 1736 5341 ipsum.
1764 5275 1933 5330 Porro
1970 5278 2110 5331 Pha-

532 5360 673 5414 risai
706 5363 1115 5415 murmurabant
1166 5364 1307 5430 quod
1346 5380 1523 5434 regem
1558 5382 1679 5421 eum
1730 5373 2106 5426 nominaverat

532 5452 777 5520 populus,
797 5466 850 5507 et
872 5454 1011 5523 quod
1041 5464 1095 5509 ut
1122 5455 1287 5509 Deum
1324 5458 1655 5515 laudaverat.
1693 5464 1767 5515 Ad
1788 5467 2105 5521 seditionem

533 5544 675 5597 enim
706 5546 974 5612 pertinere
1026 5562 1220 5601 nomen
1274 5552 1449 5619 regis,
1492 5563 1545 5606 et
1602 5556 1666 5607 ad
1717 5556 2105 5626 blasphemiam

540 5636 749 5691 Domini
799 5641 1205 5695 existimabant.
1238 5646 1307 5697 At
1362 5643 1617 5701 Dominus
1662 5667 1673 5703 :
1712 5649 1766 5703 Si
1799 5651 1876 5716 hi,
1912 5652 2104 5721 inquit,

604 5819 649 5853 "
684 5818 869 5875 Matth.
928 5838 1039 5887 χιι,
1083 5826 1135 5879 9.
1218 5828 1228 5856 ¹
1273 5827 1415 5884 Psal.
1449 5843 1517 5897 cr,
1564 5834 1638 5887 l0.

2216 4656 2402 4709 μενον,
2431 4639 2730 4704 τουτέστιν,
2792 4639 2867 4703 ὡς
2916 4639 3069 4704 Θεὸν,
3108 4642 3224 4704 καὶ,
3267 4642 3476 4714 Εἰρήνη
3501 4684 3516 4708 ,
3538 4647 3732 4712 φασιν,
3765 4650 3823 4699 ὲν

2209 4730 2444 4802 οὐρανῷ,
2474 4730 2597 4784 ἀντὶ¹
2636 4730 2753 4796 τοῦ,
2798 4730 2857 4784 '0
2890 4728 3117 4793 παλαιὸς
3177 4732 3415 4803 πόλεμος
3446 4776 3462 4800 ,
3498 4734 3560 4787 δν
3595 4737 3823 4807 εἴχομεν

2214 4823 2349 4893 πρὸς
2386 4824 2479 4876 τὸν
2498 4823 2653 4890 Θεὸν,
2686 4824 2979 4892 κατελύθη.
3014 4812 3228 4895 Οὑγὰρ
3260 4820 3330 4895 ἦν
3361 4828 3418 4878 ὲν
3449 4830 3515 4899 ,τῇ
3547 4832 3616 4897 γῇ
3662 4829 3826 4899 βασι-

2211 4917 2335 4979 λεὺς
2369 4917 2525 4979 Θεός.
2558 4918 2673 4969 Νῦν
2709 4918 2765 4970 δὲ
2789 4916 2879 4971 τοῦ
2912 4917 3047 4970 Θεοῦ
3084 4916 3383 4989 ἐρχομένου
3421 4922 3517 4975 ἐπὶ
3571 4923 3703 4993 γῆς,
3745 4927 3825 4978 ει-

2220 5010 2356 5079 ρήνη
2380 5009 2687 5073 εἰκότως-ὲν
2723 5010 2962 5081 οὐρανῷ.
3006 5004 3117 5064 κει
3138 5012 3226 5065 διὰ
3262 5012 3422 5067 τοῦτο
3444 5014 3575 5083 δόξα
3608 5020 3669 5069 ὲν
3697 5017 3824 5085 ὑψί-

2221 5118 2390 5165 στοις,
2442 5100 2551 5153 τῶν
2607 5102 2859 5171 ἀγγέλων
2916 5101 3251 5168 δοξαζόντων
3308 5106 3401 5157 ἐπὶ
3457 5109 3525 5177 τῇ
3586 5109 3818 5181 τοιαύτῃ

2216 5194 2430 5260 ἑνώσει,
2464 5197 2558 5249 καὶ
2589 5196 2929 5266 καταλλαγῇ,
2972 5197 3039 5266 ἢν
3080 5199 3213 5268 ἡμῖν
3242 5201 3270 5251 6
3308 5201 3399 5252 ἐπὶ
3438 5200 3621 5253 πώλου
3657 5204 3821 5273 ἐρχό-

2219 5306 2378 5359 μενος
2408 5289 2661 5360 βασιλεὺς
2683 5294 2772 5345 καὶ
2794 5290 2925 5355 Θεὸς
2958 5293 3273 5361 ἐχαρίσατο.
3312 5294 3456 5346 Αὐτὸ
3492 5294 3603 5366 γὰρ
3635 5298 3819 5357 τοῦτο.

2216 5382 2275 5434 τὸ
2304 5382 2434 5435 Θεὸν
2478 5382 2608 5437 ὄντα
2660 5385 2753 5436 ἐπὶ
2803 5383 2907 5453 γῆς
2960 5384 3271 5452 φαίνεσθαι,
3308 5389 3400 5439 καὶ
3436 5388 3493 5439 ἐν
3547 5392 3612 5457 τῇ
3660 5390 3820 5461 χώρα

2216 5474 2374 5542 ἡμῶν
2397 5474 2506 5527 τῶν
2543 5474 2752 5545 ἐχθρῶν
2789 5476 2952 5530 αὑτοῦ
2996 5479 3325 5546 περιπατεῖν
3346 5521 3359 5544 ,
3393 5478 3549 5547 δηλοῖ
3583 5482 3819 5544 σπονδὰς

2219 5566 2473 5633 γενέσθαι
2516 5568 2721 5637 μεταξὺ
2773 5570 2933 5641 ἡμῶν
2969 5570 3062 5622 καὶ
3107 5570 3297 5625 αὑτοῦ.
3346 5572 3409 5624 Oi
3440 5572 3497 5625 δὲ
3527 5574 3821 5643 Φαρισαῖοι

2220 5659 2594 5729 διεγόγγυζον,
2637 5664 2717 5715 ὅτι
2751 5679 2807 5713 τε
2838 5661 3060 5733 βασιλέα
3090 5664 3256 5718 αὐτὸν
3292 5664 3545 5737 ὠνόμαζε
3578 5666 3637 5718 τὸ
3681 5666 3823 5735 πλῆ·

1719 5836 1736 5863 ¹
1766 5833 1903 5888 l's‘al.
1956 5854 2136 5906 xxxvr,
2167 5840 2217 5895 0.
