4000 6406
204 384 318 443 θος,
347 383 439 433 κιὶ
471 384 545 435 ὅτι
596 384 669 447 ὼς
696 385 827 436 Θεὸν
882 384 1041 436 αὐτον
1076 376 1275 449 ’ὕμνουν
1312 398 1326 411 ⁸

200 476 312 542 γὰρ
354 474 540 544 φέρειν
578 476 637 527 το
668 476 759 528 τοῦ
801 474 1065 543 βασιλέως
1105 475 1273 542 ὄνομα
1320 475 1788 542 ἐπινέηςιιζόιιερν

201 566 375 634 αὐτῷ,
400 568 494 619 καὶ
521 570 598 628 εἰς
622 565 969 635 βλασφημίαν
992 564 1084 615 τοῦ
1103 566 1328 635 Κυρίου.
1364 566 1422 616 ’0
1442 565 1518 617 δέ·
1554 566 1678 617 Ἐὰν
1696 560 1789 618 οὗ-

200 673 305 721 τοι,
335 660 488 725 φησι,
516 658 885 727 σιωπήσωσιν,
909 658 957 707 οἱ
987 655 1125 708 λίθοι
1156 656 1537 724 κεκράξονται.
1560 658 1661 726 ’Μὴ
1682 657 1788 725 γὰρ

914 271 1360 333 ENARRATIO
1395 273 1475 331 ΙΝ
1514 272 2011 334 ΕνΑΝῦΕΙιΙυῖιὶ
2049 275 2287 335 ιυειῑ.
2316 274 2541 333 -ΟΛΡ
2594 273 2755 331 XlX.

1380 387 1456 444 εἰς
1501 386 1791 454 ἁγτσρσῖαν

1900 386 2189 447 ισςιιοτὶιιι,
2226 384 2431 451 lapides
2475 384 2809 436 elautabunt.
2845 382 3008 450 Quasi
3060 382 3265 439 diceret
3303 401 3316 435 :
3368 383 3482 439 Non

3331 271 3470 335 107i

1901 476 2011 526 limc
2034 475 2335 540 loquuntur
2367 475 2611 527 homines
2636 484 2694 526 ut
2737 474 2867 527 mibi
2902 474 3295 542 gratiﬁcentur,
3327 475 3423 529 sed
3449 492 3477 527 ιι

1900 568 2192 619 virtutibus
2246 575 2299 618 ct
2347 565 2629 621 miraculis
2686 580 2806 633 quae
2860 568 3131 633 viderunt,
3185 567 3391 621 inducti
3428 576 3483 620 ct

1900 659 2189 726 t‘0ntpuisi,
2225 659 2364 710 hanc
2390 660 2786 714 confessionem
2824 668 2876 710 et
2900 660 3123 726 gloriam
3155 661 3408 715 oli‘erunt.

200 754 702 824 καταχαριζόμενοί
737 771 827 823 μοι
855 753 1030 807 ταῦτά
1058 771 1220 822 φασιν
1251 754 1298 804 οἱ
1324 750 1624 821 ἄνθρωποι,
1667 751 1782 804 ἀλλ’
1824 754 1931 805 ἀπο
1993 754 2201 818 πασῶν,
2226 748 2302 806 ὧν
2336 750 2494 818 εἶδον,
2523 755 2807 824 δυνάμεων
2843 754 3177 823 πειθόμενοι,
3218 758 3313 809 καὶ
3380 773 3481 808 κα.

199 848 673 922 ταναγκαζὸμὶενοι
734 848 941 915 ταύτην
1007 847 1105 915 τὴν
1170 843 1480 913 δοξολογίαν
1539 846 1930 915 προσφέρουσι.

280 961 296 991 ι
344 943 453 993 Καὶ
491 940 595 1002 ὡς⁸
624 943 855 1013 ἦγγισεν
896 944 1019 997 ἰδὼν
1056 945 1153 1014 τὴν
1204 944 1385 1008 πόλιν,
1415 941 1679 994 ἔκλαυσεν
1708 940 1795 992 ἐπ’

201 1034 361 1099 αὐτῇ,
417 1030 589 1096 λέγων
642 1033 748 1095 ὅτι,
812 1034 1080 1101 Εῑιεγνως
1116 1035 1211 1087 καὶ
1258 1035 1343 1098 σὺ,
1400 1034 1495 1085 καί
1544 1048 1605 1097 γε
1643 1032 1699 1081 ἐν
1729 1031 1794 1099 τῇ

204 1123 390 1192 ἡμέρᾳ
422 1140 513 1175 σου
577 1125 753 1196 ταύτῃ
802 1126 869 1178 τὰ
922 1128 1055 1197 πρὸς
1124 1127 1349 1194 εἰρήνην
1402 1140 1515 1174 σου.
1565 1120 1679 1173 Νῦν
1740 1119 1796 1172 δὲ

200 1213 411 1283 ἐκρύὸη
444 1216 550 1267 ἀπὸ
581 1216 877 1283 ὀφθαλμῶν
905 1233 1018 1267 σου.
1051 1216 1172 1267 Ὅτι
1202 1215 1427 1281 ἥξουσιν
1457 1211 1665 1281 ἡμέραι
1702 1210 1794 1262 ἐπὶ

203 1310 284 1370 οὲ,
314 1309 407 1360 καὶ
448 1306 841 1376 περιϐαλοῦσιν
873 1308 920 1359 oi
952 1304 1138 1376 ἐχθροί
1188 1324 1281 1359 σου
1312 1305 1532 1377 χάρακά
1564 1321 1668 1367 σοι,
1698 1304 1795 1355 καὶ

202 1399 685 1469 περικυκλώσουσί
719 1416 800 1459 σε,
829 1398 923 1450 καὶ
950 1398 1233 1462 συνέξουσξ
1271 1417 1329 1451 σε
1369 1397 1655 1460 πάντοθεν,
1700 1398 1793 1449 καὶ

202 1489 485 1557 ἐδάφιοῦσί
512 1506 591 1549 σε,
620 1488 711 1540 καὶ
739 1490 807 1540 τὰ
836 1490 1001 1542 τέκνα
1034 1506 1128 1541 σου
1160 1492 1218 1543 ὲν
1257 1492 1358 1553 σοὶ,
1392 1492 1487 1542 καὶ
1525 1490 1622 1541 οὐκ
1649 1489 1792 1557 ἁφή-

205 1598 394 1632 σουσιν
425 1580 482 1628 ἐν
515 1580 597 1629 σοὶ
636 1577 783 1631 λίθον
818 1580 911 1631 ἐπὶ
939 1579 1092 1649 λίθῳ,
1116 1580 1232 1634 ἀνθ’
1267 1576 1341 1633 ὧν
1370 1582 1471 1635 οὐκ
1502 1580 1676 1644 ἔγνως
1700 1580 1791 1630 τὸν

202 1674 397 1741 κει-ριν
431 1673 532 1741 τῆς
594 1675 901 1745 ἐπισκοπῆς
932 1693 1048 1729 σου.
1082 1694 1101 1726 ‹
1143 1678 1333 1728 Κλαίει
1379 1678 1471 1727 ἐπὶ
1532 1678 1598 1745 τῇ
1637 1674 1788 1727 πόλει

1973 939 2131 994 Vens.
2171 941 2363 996 ιιι-44.
2411 958 2430 991 ι
2472 940 2540 995 Ει
2572 952 2627 996 ιιι
2660 940 3135 1011 appmpinquavit,
3171 941 3360 1000 videns
3407 945 3487 997 ei:

1898 1031 2142 1094 vitalem,
2175 1031 2319 1085 llevlt
2347 1048 2511 1102 super
2542 1032 2707 1099 illam,
2743 1035 2928 1087 direus
2961 1052 2974 1086 :
3024 1033 3078 1086 Si
3114 1034 3482 1102 cognovisses,

1897 1132 1953 1186 et
1981 1135 2055 1187 tu,
2119 1134 2175 1178 et
2213 1125 2429 1193 quidem
2466 1125 2518 1179 in
2570 1126 2675 1179 isto
2715 1126 2801 1179 die
2856 1136 2985 1191 tuo,
3019 1140 3140 1192 qua:
3182 1127 3248 1179 ad
3290 1120 3480 1191 pacem

1898 1224 2063 1267 lnam.
2096 1214 2249 1267 Nunc
2298 1225 2479 1269 autem
2530 1218 2846 1272 abscondita
2882 1226 3008 1271 sunt
3052 1216 3117 1269 ab
3150 1217 3323 1270 oculis
3350 1218 3483 1282 tuis,

1896 1306 2019 1374 quia
2057 1306 2268 1359 venient
2300 1307 2415 1359 dies
2451 1308 2501 1359 in
2532 1318 2602 1371 te,
2647 1318 2700 1361 et
2735 1308 3152 1363 circumdabunt
3191 1317 3239 1361 te
3270 1306 3477 1359 inimici

1898 1397 1969 1448 tui
2004 1397 2168 1461 vallo,
2203 1407 2256 1451 et
2281 1398 2501 1467 cingent
2533 1410 2582 1454 te
2608 1407 2664 1453 et
2689 1400 3123 1470 coaugustabunt
3144 1408 3195 1452 te
3223 1401 3484 1468 undique,

1894 1488 2091 1540 etsqu
2120 1490 2415 1557 aequabunt
2452 1501 2522 1553 te,
2563 1500 2617 1544 et
2645 1490 2782 1545 lilios
2807 1501 2928 1546 tuos
2956 1492 3047 1559 qui
3080 1491 3131 1544 in
3174 1500 3225 1545 te
3250 1503 3399 1555 sunt,
3431 1500 3485 1543 ct

1894 1592 1997 1629 non
2056 1577 2365 1644 relinquent
2429 1579 2483 1631 in
2534 1588 2585 1633 te
2642 1580 2872 1647 lapidem
2905 1596 3069 1648 super
3121 1582 3378 1649 lapidem,
3418 1596 3484 1634 eo

1893 1668 2035 1735 quod
2065 1681 2173 1722 non
2201 1672 2522 1738 cognoveris
2546 1680 2758 1741 tempus
2784 1671 3114 1727 visitationis
3153 1681 3277 1729 tuae.
3312 1692 3330 1725 ι
3366 1672 3486 1727 Plo-

199 1768 277 1829 ὡς
311 1767 712 1836 ιριλάνθρωπος,
749 1768 813 1820 οὑ
864 1769 971 1837 γὰρ
1012 1768 1204 1836 ἢθελεν
1261 1769 1526 1820 ἀπολέσαι
1560 1769 1687 1831 τοὺς
1734 1769 1789 1819 ὲν

1901 1770 1973 1812 rat
2009 1773 2172 1827 super
2217 1761 2438 1816 civitate
2468 1770 2526 1815 ut
2588 1763 2920 1829 misericors,
2976 1764 3167 1819 nolens
3194 1766 3346 1836 perdi
3390 1779 3484 1820 eos

199 1860 376 1932 τεύξῃ
423 1859 509 1915 διὰ
562 1860 620 1911 τὸ
676 1859 798 1910 καθ’
846 1860 1012 1910 αὑτοῦ
1047 1858 1326 1928 τόλμημα.
1372 1859 1656 1929 Δείκνυσιν
1699 1856 1792 1912 οὖν

203 1951 273 2010 τὰ
326 1950 610 2018 σπλάγχνα
648 1949 741 2000 τοῦ
793 1948 975 2010 ἐλέους
1034 1950 1121 2002 διὰ
1171 1950 1265 2002 τοῦ
1323 1950 1629 2019 κλαυθμοῦ.
1668 1951 1791 2002 ’Ὁτι

201 2039 501 2108 γὰρπὴλέει
550 2039 747 2100 αὐτοὺς
788 2039 877 2090 καὶ
912 2039 974 2091 οὐ
1020 2039 1181 2107 μόνον
1226 2039 1333 2109 πρὸ
1386 2039 1481 2091 τοῦ
1529 2039 1790 2109 σταυροῦ,

200 2130 341 2183 ἀλλὰ
376 2130 471 2181 καὶ
536 2128 675 2199 μετὰ
726 2128 817 2179 τὸν
874 2128 1106 2199 σταυρὸν
1155 2128 1249 2181 καὶ
1300 2129 1399 2198 τὴν
1454 2130 1793 2197 ἐπιστροφὴν

200 2222 384 2276 αὐτῶν
412 2219 591 2288 ἐδίψα,
615 2220 774 2289 δῆλον
802 2220 866 2272 ἐκ
895 2219 989 2273 τοῦ
1022 2219 1161 2289 μετὰ
1187 2220 1426 2272 τοσαῦτα
1458 2220 1577 2291 ἐτη,
1630 2236 1792 2289 τρια-

200 2314 537 2368 κονταπέντε
583 2315 693 2383 γὰρ
759 2311 1143 2382 παρέδραμον,
1190 2309 1530 2381 παραδοῦναι
1596 2311 1794 2374 αὐτοὺς

198 2408 315 2469 τοῖς
357 2406 672 2473 Ῥωμαίοις.
714 2404 939 2466 Πάντως
974 2402 1084 2473 γὰρ
1114 2400 1181 2456 δι’
1207 2403 1359 2456 οὐδὲν
1396 2404 1527 2458 ἄλλο
1560 2404 1658 2472 τὴν
1707 2422 1790 2456 τι-

202 2498 420 2569 μωρίαν
454 2496 801 2557 ἁνεὸαλλετο,
833 2494 865 2565 ἢ
898 2495 987 2548 διὰ
1025 2496 1125 2566 τὴν
1158 2496 1459 2564 ἐπιθυμίαν
1497 2494 1615 2565 ’τῆς
1667 2497 1792 2549 ἐπι.

201 2588 445 2658 στροφῆς
498 2587 703 2641 αὐτῶν.
762 2588 956 2640 Κλαὶει
991 2586 1084 2640 οὖν
1129 2587 1229 2659 τὴν
1278 2588 1643 2658 ἀναισθησίαν
1693 2590 1793 2656 τῆς

210 2676 595 2748 Ἰερουσαλὴμ,
639 2678 733 2730 καί
769 2694 954 2747 φησιν·
993 2678 1055 2731 Εἰ
1095 2677 1268 2745 ἔγνως
1307 2678 1400 2733 καὶ
1431 2680 1495 2732 σὺ
1520 2679 1615 2733 καί
1643 2696 1708 2749 γε
1736 2682 1793 2731 ἐν

199 2771 269 2839 τῇ
299 2770 485 2839 ἡμέρᾳ
520 2768 694 2838 ταύτῃ
726 2769 796 2821 τὰ
827 2769 963 2837 πρὸς
1006 2771 1231 2841 εἰρήνην
1261 2786 1381 2830 σου.
1406 2770 1708 2835 τουτέστιν,
1744 2773 1792 2822 ει

207 2862 384 2929 ἔγνως
412 2863 507 2915 νῦν
540 2862 576 2916 ἆ
608 2879 692 2915 σοι
725 2863 1017 2934 συμφέρει,
1040 2864 1132 2917 καὶ
1159 2866 1384 2936 είρήνην
1419 2866 1515 2919 καὶ
1540 2863 1793 2918 ἀνάπαυ-

201 2972 291 3008 σιν
325 2956 544 3021 ἐπὰγει,
578 2953 614 3008 ἃ.
643 2954 765 3009 τινά
792 2958 932 3008 εἰσιν
962 2957 994 3026 ή
1027 2957 1210 3020 πίστις
1236 2958 1269 3028 ή
1302 2957 1438 3028 πρὸς
1471 2957 1595 3028 ἐμὲ,
1622 2956 1798 3011 καὶτὸ

202 3046 543 3113 ἀποσχέσθαι
577 3046 678 3115 τῆς
716 3048 837 3100 κατ’
871 3046 1007 3116 ἐμοῦ
1059 3047 1376 3120 ἐπιϐουλῆς.
1410 3048 1528 3102 Νῦν
1555 3048 1614 3101 δὲ
1652 3051 1791 3102 ἀπε-

199 3136 381 3206 κρύϐη
433 3137 543 3190 ἀπὸ
590 3137 886 3208 ὀφθαλμῶν
914 3156 1030 3206 σου,
1066 3141 1148 3193 ὅτι
1179 3139 1247 3192 δι’
1275 3139 1379 3208 ἐμὲ
1418 3140 1513 3193 τὸν
1555 3140 1660 3193 ὑπὸ
1695 3139 1790 3193 σοῦ

198 3227 586 3298 ἀθετοῦμενον,
622 3229 1033 3298 καταλήψονται
1071 3246 1131 3282 σε
1183 3231 1333 3283 κακὰ
1372 3216 1646 3301 ἀφόρητα,
1698 3233 1793 3284 καὶ

198 3321 326 3385 τάδε
359 3320 454 3373 καὶ
486 3321 614 3373 τάδε
644 3321 830 3393 πείσῃ,
858 3320 973 3374 ἀνθ’
1005 3312 1081 3376 ὧν
1106 3324 1204 3374 οὐκ
1235 3322 1409 3390 ἔγνως
1449 3323 1543 3375 τὸν
1593 3322 1785 3392 καιρὸν

196 3414 300 3483 τῆς
330 3416 637 3485 ἐπισκοπῆς
670 3432 786 3479 σου,
826 3416 1096 3480 τουτέστι,
1149 3414 1249 3486 τῆς
1290 3419 1433 3486 ἐμῆς
1459 3417 1787 3487 παρουσίας,

198 3506 292 3559 ὅτε
334 3501 501 3577 ἦλθον
545 3507 950 3577 ἐπισκέψασθαί
1000 3523 1059 3559 σε
1114 3510 1210 3561 καὶ
1268 3507 1465 3560 σῶσαι.
1499 3508 1649 3560 Ἔδει
1698 3503 1790 3560 οὖν

198 3596 405 3663 γνῶνιὶ
441 3612 499 3649 σε
531 3596 598 3650 τὰ
647 3598 783 3667 πρὸς
824 3597 1051 3668 εἰρήνην
1104 3613 1220 3662 σου,
1262 3597 1357 3648 xui.
1384 3596 1676 3650 πιστεῦσαι
1712 3598 1791 3657 εἰς

198 3690 325 3758 ἐμὲ,
373 3689 462 3741 καὶ
492 3684 638 3758 εἶχες
670 3690 735 3742 ἂν
761 3690 985 3760 εἰρήνην
1023 3688 1131 3742 ἀπὸ
1164 3688 1274 3741 τῶν
1309 3689 1599 3759 Ῥωμαίων
1623 3728 1638 3753 ,
1696 3692 1792 3741 καὶ

197 3782 384 3851 πάσης
429 3781 729 3844 κακώσεως
780 3782 1129 3853 ἀπαλλαγήν.
1166 3782 1272 3835 Καὶ
1324 3782 1436 3850 γὰρ
1472 3785 1521 3835 οἱ
1566 3780 1790 3835 πιστεύο

196 3893 395 3940 σαντες
423 3875 501 3946 τῷ
529 3877 751 3946 Χριστῷ
785 3877 1011 3942 πάντες,
1038 3877 1138 3946 τῆς
1193 3876 1448 3941 ἁλώσεως
1498 3878 1792 3947 ὑπέρτεροι

195 3972 512 4039 γεγόνασιν,
534 3969 674 4024 ὥστε
726 3970 776 4023 ει
830 3972 1030 4033 πάντες
1082 3970 1436 4036 ἐπίστευσαν,
1492 3970 1668 4033 οὐδεὶς
1726 3970 1791 4024 ἂν

195 4062 361 4118 ἑάλω.
836 4065 841 4069 ’

277 4174 295 4206 ι
344 4157 452 4210 Καὶ
500 4155 761 4209 εἰσελθὼν
802 4158 880 4217 εἰς
928 4155 989 4208 τὸ
1046 4155 1210 4225 ἱερὸν,
1249 4153 1453 4227 ἤρξατο
1507 4154 1792 4208 ἐκϐάλλειν

196 4251 327 4313 τοὺς
358 4248 675 4313 πωλοῦντας
722 4250 780 4303 ἐν
828 4248 979 4317 αὐτῷ
1024 4250 1120 4301 καὶ
1168 4246 1562 4319 ἀγοράζοντας,
1614 4247 1793 4316 λέγων

196 4342 798 4410 αὺτοῖς-Γέγραπται,
847 4340 904 4394 Ὀ
947 4336 1095 4403 οἶκός
1144 4359 1247 4411 μου
1299 4337 1447 4403 οἶκος
1479 4340 1792 4411 προσευχῆς

1762 3090 1869 3153 -C

1894 1856 1983 1920 qui
2029 1854 2079 1905 in
2104 1853 2216 1916 illa,
2244 1862 2466 1924 propter
2497 1853 2708 1910 facinus
2735 1865 2923 1910 contra
2964 1870 3045 1908 se.
3087 1854 3340 1911 Ostendit
3390 1858 3483 1910 ita.

1895 1960 1999 2014 q-ze
2035 1947 2246 1999 viscera
2300 1947 2691 2001 misericordia
2737 1963 2833 2017 per
2885 1947 3092 2002 ﬂetum.
3144 1947 3296 2015 Quod
3338 1949 3483 2002 enim

1895 2037 2256 2089 miserebatur
2286 2038 2387 2101 eis,
2412 2048 2465 2091 et
2494 2053 2598 2091 non
2642 2038 2818 2093 solum
2851 2052 2976 2093 ante
3013 2056 3253 2103 crucem.
3296 2043 3390 2096 sed
3433 2053 3487 2095 ct

1894 2136 2014 2195 post
2046 2141 2264 2181 crucem
2324 2129 2487 2183 etiam
2526 2131 2940 2186 conversionem
2990 2146 3180 2185 eorum
3245 2133 3484 2196 sitiebat,

1897 2218 2248 2274 manifestum
2290 2230 2375 2276 est
2426 2236 2492 2275 ex
2530 2236 2595 2277 eo
2634 2223 2777 2291 quod
2802 2233 2922 2292 post
2971 2225 3192 2294 triginta
3247 2226 3487 2296 quinque

1896 2325 2068 2367 annos
2093 2313 2544 2369 Romanistraditi
2575 2325 2721 2373 sunt.
2767 2315 2902 2370 Nam
2936 2328 3156 2386 propter
3176 2319 3311 2374 nihil
3341 2319 3491 2374 aliud

1896 2404 2105 2457 diszulit
2152 2405 2494 2474 supplicium,
2546 2421 2711 2476 quam
2762 2408 2907 2478 quod
2939 2409 3198 2479 cupiebat
3231 2425 3325 2466 eos
3358 2426 3488 2467 con-

1896 2496 2049 2548 verti.
2078 2495 2195 2550 FIx-t
2238 2496 2402 2566 igitur
2438 2499 2809 2568 stupidilatem
2860 2502 3029 2570 ipsius
3070 2501 3400 2572 Jerusalem,
3434 2514 3489 2562 et

1895 2585 1973 2638 ait
2005 2602 2018 2637 :
2047 2584 2101 2639 Si
2126 2587 2483 2656 cognovisses
2512 2599 2568 2644 et
2590 2600 2671 2657 ιιι,
2708 2600 2764 2646 et
2791 2593 3010 2662 quidem
3040 2595 3093 2649 in
3126 2597 3232 2651 isto
3262 2598 3347 2651 die
3369 2605 3486 2664 tuo,

1897 2693 2018 2745 qua:
2070 2679 2135 2732 all
2169 2694 2356 2748 pacem
2396 2690 2563 2734 tuam.
2597 2681 2709 2736 [Ioc
2749 2692 2851 2748 est,
2889 2685 2934 2740 si
2970 2686 3318 2757 cognovisses
3367 2704 3487 2760 qure

1896 2784 2042 2825 nunc
2064 2772 2158 2825 tibi
2192 2773 2501 2840 cenferunt,
2542 2790 2606 2830 ac
2655 2790 2843 2846 pacem
2874 2786 2931 2832 et
2964 2779 3200 2847 quietem
3233 2778 3485 2845 afferunt,

1896 2875 2090 2928 nempe
2114 2861 2271 2915 [idem
2294 2878 2423 2933 erga
2450 2881 2555 2931 me,
2591 2876 2644 2921 et
2671 2869 3033 2924 cessationem
3062 2886 3090 2923 a
3115 2876 3490 2942 persequendo

1898 2971 2002 3009 tne.
2022 2955 2369 3012 Nuncautem
2394 2970 2520 3015 sunt
2542 2962 2855 3017 abscondita
2885 2964 2954 3018 ab
2971 2964 3145 3019 oculis
3166 2963 3333 3037 550
3356 2967 3485 3032 tuis,

1897 3050 2041 3118 quod
2076 3062 2421 3119 propterme,
2452 3067 2611 3121 quem
2638 3066 2692 3107 tu
2718 3049 3311 3125 reprobas,innumera
3347 3062 3485 3113 mala
3518 3092 3522 3097 -

1901 3148 1952 3195 te
1987 3142 2421 3211 apprcliendent,
2471 3144 2803 3214 patierisque
2849 3148 2964 3202 luec
3015 3163 3079 3204 ac
3105 3149 3217 3214 illa,
3243 3164 3310 3205 eo
3342 3154 3487 3220 quod

1897 3247 2003 3286 non
2034 3234 2351 3302 cognoveris
2371 3244 2583 3305 tempus
2613 3236 2943 3293 visitationis
2969 3248 3091 3305 tum,
3119 3240 3224 3297 hoc
3244 3250 3346 3307 est,
3380 3245 3489 3298 mei

1896 3324 2181 3391 adventus,
2229 3326 2448 3395 quando
2508 3330 2628 3382 \‘eni
2678 3338 2736 3383 ut
2788 3329 3076 3386 inviserem
3099 3341 3171 3398 te,
3200 3343 3257 3389 et
3305 3334 3487 3389 salva-

1878 3408 2031 3472 rem.
2069 3416 2367 3487 Oportebat
2397 3418 2560 3489 igitur
2581 3420 2725 3476 scire
2758 3429 2813 3477 te"
2839 3438 2960 3493 qua
2993 3425 3060 3479 ad
3090 3440 3277 3495 pacem
3312 3418 3487 3494 tuam,

1896 3517 1955 3561 ut
1983 3509 2033 3560 in
2068 3524 2152 3562 me
2183 3510 2462 3577 crederes,
2498 3522 2551 3565 et
2588 3512 2871 3569 habuisses
2899 3515 3082 3585 utique
3102 3534 3290 3588 pacem
3314 3537 3343 3574 ιι
3374 3521 3488 3576 Ro-

1898 3602 2093 3665 manis,
2123 3609 2178 3655 et
2210 3603 2390 3656 omnis
2437 3604 2751 3662 vexationis
2806 3607 3211 3665 liberationem.
3267 3610 3482 3667 Etenim

1895 3693 2202 3761 oumesqui
2256 3694 2605 3751 crediderunt
2646 3698 2889 3764 Chrisw,
2932 3716 2961 3755 a
2994 3704 3307 3772 captivitate
3370 3705 3487 3759 lue-

1898 3795 2024 3837 runt
2056 3785 2234 3838 securi
2271 3802 2285 3839 :
2335 3798 2390 3841 et
2422 3787 2495 3842 ita
2551 3790 2597 3846 si
2628 3805 2817 3849 omnes
2874 3794 3259 3865 credidissent,
3305 3798 3486 3855 nullus

1894 3873 2087 3931 fuisset
2117 3885 2325 3947 captus.

1966 4154 2132 4209 Vens.
2160 4156 2355 4212 45-48.
2411 4176 2430 4209 ι
2469 4156 2534 4213 Et
2572 4158 2849 4230 ingressus
2904 4163 2956 4217 in
2998 4166 3279 4236 templum,
3323 4170 3490 4239 cmpit

1895 4248 2097 4317 ejicere
2132 4250 2432 4306 vendentes
2475 4253 2529 4307 in
2562 4250 2654 4308 illo
2697 4262 2753 4308 et
2786 4264 3053 4323 ementes,
3099 4258 3287 4314 dicens
3330 4260 3435 4316 illis
3470 4280 3486 4319 :

1898 4338 2174 4407 Scriptum
2200 4351 2281 4396 est
2313 4384 2329 4409 ,
2363 4341 2566 4398 Domus
2605 4351 2724 4399 mea
2776 4344 2971 4401 domus
2998 4348 3330 4416 precationis
3364 4359 3488 4417 est;

196 4436 346 4489 ἐστιν
369 4452 383 4466 ο
416 4436 575 4503 ὑμεῖς
614 4433 670 4488 δὲ
704 4433 872 4487 αὐτὸν
904 4434 1198 4505 ἐποιήσατε
1236 4435 1501 4505 σπήλαιον
1553 4435 1791 4506 λῃστῶν.

1900 4446 1996 4486 vos
2025 4442 2207 4486 autem
2252 4433 2462 4491 fecistis
2512 4435 2659 4490 illam
2704 4437 3017 4507 speluncam
3063 4439 3359 4498 latronum.
3425 4443 3491 4499 Et

197 4526 311 4578 Καὶ
352 4520 420 4595 ἦν
450 4524 717 4577 διδάσκων
753 4523 817 4576 τὸ
844 4524 963 4576 καθ’
1000 4523 1218 4594 ἡμέραν
1255 4526 1311 4576 ἐν
1342 4523 1420 4594 τῷ
1443 4524 1605 4595 ἱερῷ.
1636 4526 1699 4579 υἱ
1730 4524 1788 4578 δὲ

195 4616 478 4687 ἀρχιερεῖς
508 4620 599 4666 καὶ
630 4615 679 4665 oi
728 4613 1085 4684 Γραμματεῖς
1114 4612 1342 4683 ἐζήτουν
1373 4615 1539 4667 αὐτὸν
1589 4614 1792 4668 ἀπολέ-

199 4724 313 4767 σαι.
369 4708 462 4759 καὶ
494 4707 545 4758 οἱ
587 4705 796 4775 πρῶτοι
824 4705 919 4758 τοῦ
956 4705 1109 4761 λαοῦ.
1145 4707 1254 4759 Καὶ
1290 4706 1389 4775 οὐχ
1440 4705 1699 4777 εὕρισκον
1732 4707 1792 4760 τὸ

194 4802 250 4854 τί
279 4794 644 4870 ποιήσουσιῖ⁸
679 4802 706 4852 ὁ
750 4798 879 4861 λαὸς
906 4799 1016 4869 γὰρ
1048 4799 1201 4863 ἅπας
1250 4800 1590 4870 ὲξεκρέματο
1624 4801 1791 4854 αὐτοῦ

192 4895 431 4947 ἀκούων.
482 4894 593 4947 Καὶ
638 4892 859 4960 ἐγένετο
902 4893 960 4944 ἐν
996 4892 1097 4963 μιᾷ
1135 4893 1244 4945 τῶν
1297 4893 1523 4964 ἡμερῶν
1565 4894 1793 4948 ἐκείνων

193 4986 549 5051 διδάσκοντος
578 4986 745 5041 αὐτοῦ
777 4986 868 5039 τὸν
892 4985 1022 5040 λαὸν
1054 4988 1112 5039 ὲν
1143 4986 1221 5058 τῷ
1248 4986 1399 5058 ἱερῷ,
1437 4989 1529 5041 καὶ
1562 4990 1791 5058 εὐαγγε·

193 5072 510 5145 λιζομένου,
543 5075 859 5143 ἐπέστησαν
903 5077 951 5129 οἱ
990 5076 1159 5147 ἱερεῖς
1199 5078 1292 5130 καὶ
1324 5080 1373 5132 οἱ
1432 5079 1791 5151 Γραμματεῒς

196 5169 301 5221 σὺν
334 5169 446 5230 τοῖς
476 5167 895 5240 πρεσϐυτέροις,
932 5170 1029 5221 καὶ
1066 5164 1221 5224 εἷπον
1255 5172 1389 5243 πρὸς
1423 5173 1592 5227 αὑτὸν
1610 5172 1793 5241 λέγον-

191 5276 288 5321 τες
310 5275 325 5290 ’
345 5258 481 5311 Εἰπὲ
514 5261 670 5331 ἡμῖν,
693 5261 751 5312 ἐν
783 5261 915 5332 ποίᾳ
942 5261 1163 5333 ἐξουσίᾳ
1188 5262 1363 5317 ταῦτα
1389 5266 1599 5330 ποιεῖς;
1643 5264 1677 5336 ἢ
1708 5267 1793 5330 τίς

192 5355 349 5406 ἐστιν
380 5354 409 5405 ὁ
437 5351 560 5416 δούς
595 5369 680 5405 σοι
710 5353 813 5423 τὴν
862 5354 1116 5420 ἐξουσίαν
1163 5356 1405 5427 ταύτην;
1442 5357 1793 5429 Ἀποκριθεὶς

188 5441 248 5496 δὲ
272 5434 398 5493 εἷπε
430 5441 564 5510 πρὸς
582 5440 803 5504 αὐτούς·
836 5442 1134 5516 Ἐρωτήσω
1151 5446 1309 5512 κάγὼ
1327 5447 1469 5519 ὑμᾶς
1489 5448 1588 5501 ἕνα
1608 5449 1789 5516 λόγον,

192 5533 294 5585 καὶ
318 5531 510 5585 εἴπατέ
553 5548 645 5601 μοι
670 5550 683 5563 ·
715 5530 789 5586 Τὸ
823 5533 1120 5606 Βάπτισμα
1173 5538 1424 5594 Ἰωάννου
1465 5542 1523 5607 ἐξ
1556 5542 1789 5611 οὐρανοῦ

189 5619 285 5695 ἦν,
322 5623 356 5692 ἢ
381 5622 441 5688 ἐξ
475 5621 784 5693 ἀνθρώπων
811 5640 826 5689 ;
863 5624 926 5679 Οἱ
957 5626 1013 5678 δὲ
1041 5629 1460 5697 συνελογίσαντο
1496 5633 1552 5684 ἐν
1577 5633 1793 5694 ἑαυτοῖς

189 5718 467 5784 λέγοντες.
498 5714 581 5767 ὃτι
618 5716 745 5769 Ἐὰν
777 5717 1049 5789 εἴπωμεν,
1071 5720 1135 5787 ἐξ
1160 5723 1416 5794 οὐρανοῦ,
1445 5727 1577 5796 ἐρεῖ,
1617 5728 1712 5779 At}.
1741 5728 1791 5779 τί

444 5811 719 5873 Pareat.
768 5813 881 5876 (in.
938 5814 1216 5879 CXXIII.

1896 4525 2125 4580 docebat
2150 4525 2397 4597 quotidie
2428 4528 2481 4582 in
2506 4530 2727 4600 templo.
2753 4531 3033 4601 Principes
3075 4545 3257 4590 autem
3304 4551 3492 4592 sacer-

1896 4616 2082 4673 dotum
2120 4628 2174 4674 et
2223 4619 2431 4676 Scribte
2463 4624 2777 4692 quaerebant
2819 4625 2967 4679 illum
3000 4632 3245 4696 perdere,
3276 4637 3331 4683 et
3374 4623 3491 4699 pri-

1895 4724 2077 4765 mores
2108 4712 2282 4782 plebis
2316 4730 2331 4767 :
2364 4727 2464 4769 nec
2502 4715 2994 4787 inveniebantquid
3030 4717 3288 4776 facerent.
3322 4718 3493 4779 Totus

1896 4800 2040 4853 enim
2077 4801 2304 4871 populus
2338 4804 2608 4873 pendebat
2640 4806 2707 4860 ab
2742 4822 2837 4861 ore
2870 4809 2989 4878 ejus
3028 4826 3152 4865 cum
3190 4810 3402 4868 audiret
3427 4813 3493 4867 il-

1896 4896 2034 4950 lum.
2084 4895 2150 4950 Et
2184 4895 2386 4952 factum
2418 4912 2503 4955 est
2532 4902 2584 4956 in
2616 4920 2723 4957 uno
2746 4904 2956 4959 dierum
2988 4904 3228 4973 illorum,
3261 4908 3492 4965 docente

1896 4987 1989 5042 illo
2005 4989 2264 5058 populum
2302 4992 2353 5046 in
2394 4996 2619 5064 templo,
2674 5006 2729 5051 et
2755 4998 3188 5068 evangelizante,
3218 5015 3493 5059 convene-

1896 5091 2022 5133 ruut
2051 5082 2324 5161 principes
2359 5087 2701 5163 sacerdotum
2744 5098 2797 5143 et
2858 5089 3064 5146 Scriba:
3094 5107 3218 5147 cum
3256 5092 3493 5149 seniori—

1898 5175 2018 5239 bus,
2046 5184 2101 5228 et
2138 5160 2289 5228 aiunt
2341 5175 2438 5240 iiii,
2477 5160 2762 5235 dicentes:
2799 5179 2896 5237 Dic
2926 5182 3110 5251 nobis,
3157 5201 3261 5255 qua
3299 5196 3492 5241 aucto-

1896 5267 2056 5319 rit..tc
2082 5266 2186 5319 ista
2221 5265 2384 5321 facis?
2414 5270 2646 5339 autquis
2675 5280 2760 5326 est
2783 5273 2873 5341 qui
2902 5273 3050 5329 dedit
3077 5275 3170 5330 tibi
3200 5275 3360 5330 istam
3390 5292 3493 5330 auo

1896 5355 2256 5410 ctoritatetn?
2299 5355 2651 5427 Respondeas
2676 5374 2856 5417 autem
2880 5361 3038 5419 Jesns
3069 5365 3206 5421 dixit
3230 5367 3296 5419 ad
3325 5367 3446 5422 illos
3476 5386 3491 5420 :

1894 5446 2252 5517 Interrogatio
2278 5462 2374 5502 vos
2401 5460 2571 5519 ctego
2599 5470 2766 5509 unum
2795 5457 3072 5525 quiddam,
3102 5460 3497 5529 etrespondete

1898 5542 2031 5595 mihi
2065 5562 2077 5596 :
2111 5542 2428 5614 Baptismus
2450 5542 2687 5603 Joannis
2721 5562 2750 5603 e
2788 5548 2928 5605 coelo
2952 5559 3096 5617 erat,
3122 5566 3191 5605 an
3219 5566 3285 5605 ex
3314 5552 3495 5608 homi-

1899 5632 2058 5688 nibus
2084 5640 2107 5685 ἲ
2160 5637 2228 5688 At
2252 5634 2329 5689 illi
2376 5636 2687 5705 cogitabant
2712 5641 2854 5694 intra
2887 5654 2947 5695 se
2985 5641 3234 5698 dicentes
3269 5660 3283 5696 :
3317 5642 3374 5697 Si
3409 5644 3493 5697 di-

1902 5729 2144 5782 xerimus
2177 5742 2205 5782 c
2237 5727 2398 5793 cmlo,
2430 5729 2573 5786 dicet
2610 5745 2625 5785 :
2661 5730 2843 5799 Quare
2874 5749 3003 5805 ergo
3039 5750 3145 5791 non
3184 5736 3499 5794 credidistis
