4000 6400
521 310 661 371 1035

1450 299 2035 364 THEOPIIYLACTI
2079 299 2492 361 BULGARHE
2534 302 2889 363 ARCHlEP.

3672 301 3809 367 1036

507 430 623 484 illi?
665 426 719 479 Si
752 423 1067 487 dixerimus,
1118 435 1182 474 ex
1239 419 1575 484 hominibus,
1632 415 1784 485 plebs
1841 416 2091 468 universa

2201 418 2298 469 οὐκ
2342 415 2703 469 ἐπιστεύσατε
2753 416 2939 486 αὖτῴς
2995 415 3089 471 ἐὰν
3120 420 3172 473 δὲ
3204 420 3476 491 εἴπωμεν,
3511 420 3573 487 ἐξ
3602 421 3813 492 ἀνθρώ-

506 522 767 593 lapidabit
800 533 929 571 nos:
966 529 1280 585 persuasum
1301 513 1446 565 enim
1485 511 1648 563 habet
1677 505 1946 562 Joannem
1974 524 2101 573 pro-

514 618 725 683 phetam
754 624 895 665 esse.
931 607 1417 674 Et'responderunt
1440 618 1499 657 se
1530 601 1742 655 nescire
1770 601 1911 653 unde
1933 605 2099 653 esset.

509 709 574 761 Et
604 705 761 760 .lcsus
797 703 872 757 ait
906 702 1047 755 illis:
1079 697 1263 767 Neque
1305 709 1406 764 ego
1442 694 1563 747 dico
1587 691 1742 748 vobis
1779 706 1883 761 qua
1917 701 2105 744 aucto-

509 801 671 852 ritate
718 798 833 850 lucc
871 794 1087 847 faciam.
1134 810 1150 841 ι
1194 789 1349 844 Jesus
1391 787 1627 857 gloriose
1670 784 1973 839 Jerusalem
2021 783 2105 837 in-

508 905 753 960 gressus,
781 902 891 941 sua:
911 884 1255 938 auctoritatis
1278 878 1542 933 indicium
1577 876 1732 943 facit,
1760 877 2103 945 repurgando

512 984 729 1033 domum
762 978 936 1030 Patris
980 975 1061 1028 sui
1095 989 1121 1025 a
1158 969 1591 1039 negotiatoribus
1630 986 1645 1023 :
1680 967 1930 1036 quamvis
1963 976 2017 1020 et
2044 970 2099 1019 in

508 1072 776 1143 principio
808 1066 1210 1139 praedicationis
1267 1065 1367 1117 hoc
1408 1062 1621 1122 fecerit,
1669 1061 1815 1114 sicut
1865 1057 2101 1113 Joannes

506 1170 680 1220 dicit:
721 1174 770 1218 et
802 1164 998 1215 iterum
1033 1173 1175 1212 IIIIIIC
1211 1172 1380 1212 set-un
1405 1157 1456 1206 io
1499 1152 1629 1207 facit
1663 1171 1675 1206 :
1734 1152 1787 1205 id
1840 1152 1984 1220 quod
2034 1152 2100 1204 ad

510 1262 772 1329 majorem
827 1254 1139 1309 Judaeorum
1198 1249 1606 1305 accusationem
1647 1245 1916 1315 pertinet,
1958 1245 2100 1312 quod

508 1354 685 1421 primo
719 1361 817 1403 suo
845 1348 1083 1398 adventu
1123 1358 1228 1395 non
1266 1340 1471 1394 iuerint
1513 1339 1639 1392 facti
1675 1336 2098 1401 emendatiores,

501 1458 563 1500 et
593 1442 895 1496 manserint
937 1438 1037 1507 ipsi
1073 1436 1471 1506 negotiatores,
1524 1433 1673 1485 illum
1708 1432 1797 1485 Dei
1836 1431 2094 1484 adversa-

506 1538 644 1593 rium
670 1537 934 1599 dicentes,
973 1546 1094 1584 cum
1125 1529 1342 1583 Patrem
1390 1536 1445 1582 et
1485 1527 1651 1580 Deum
1692 1525 1929 1579 maxime
1959 1525 2103 1578 cole-

508 1641 615 1692 ret,
641 1630 793 1682 itaut
823 1634 877 1681 et
921 1626 1137 1678 domum
1184 1618 1331 1674 illius
1373 1635 1400 1671 a
1440 1619 1875 1689 negotiatoribus
1912 1633 2099 1685 repur-

509 1736 689 1796 gatam
721 1718 971 1773 voluerit.
1012 1716 1224 1771 Idcirco
1259 1722 1314 1767 et
1342 1714 1539 1765 Isaiam
1588 1711 1838 1774 inducit,
1870 1710 1961 1777 qui
1998 1724 2094 1763 eos

2205 527 2343 574 πων,
2393 511 2499 573 πᾶς
2556 512 2584 562 ὀ
2636 508 2765 573 λαὸς
2798 512 3149 566 καταλιθάσει
3194 516 3378 583 ἡμᾶς,
3434 514 3812 584 ττεπεισμένὶις

2208 603 2314 672 γάρ
2346 604 2464 654 ἐστι
2496 602 2587 655 τὸν
2632 602 2892 673 Ἰωάννην
2918 604 3214 676 προφήτην
3233 601 3397 661 εἶναι.
3436 608 3548 659 Καὶ
3581 608 3813 677 ἁπεκρίο

2205 695 2377 764 θησαν
2403 695 2477 766 μὴ
2498 695 2701 749 εἰδέναι
2734 697 2921 754 πόθεν.
2955 698 3068 751 Καὶ
3095 698 3124 751 δ
3162 698 3371 767 Ἰησοῦς
3392 696 3555 752 εἶπεν
3588 702 3771 763 αὐτοις
3793 717 3807 732 ⁸

2205 789 2339 842 Οὐδὲ
2372 790 2483 856 ἐγὼ
2514 789 2658 857 λέγω
2695 791 2826 861 ὑμῖν
2856 794 2913 844 ἐν
2949 794 3080 862 ποίᾳ
3111 791 3341 864 ἐξουσίᾳ
3367 791 3548 846 ταῦτα
3590 794 3749 847 ποιῶ.
3784 813 3804 846 ι

2216 882 2305 934 Ἐν
2336 881 2463 952 δόξῃ
2508 882 2771 936 εἰσελθὼν
2804 886 2833 937 ὁ
2873 884 3080 956 Κύριος
3122 886 3222 955 τὴν
3260 886 3666 957 Ἰερουσαλὴμ,
3701 892 3809 950 τοῖς

2205 976 2413 1037 οἰκείας
2445 975 2739 1039 αῦθεντίας
2784 980 3014 1030 ποιεῖται
3050 976 3271 1047 δεῖγμα,
3314 979 3376 1030 τὸ
3408 979 3503 1031 τὸν
3536 977 3689 1033 οἷκον
3716 981 3807 1033 τοῦ

2207 1067 2423 1136 Πατρὸς
2453 1068 2619 1121 αὐτοῦ
2656 1070 3013 1141 ἐκκαθαίρειν
3051 1071 3160 1121 τῶν
3198 1070 3655 1137 καπηλευόντων,
3687 1072 3805 1125 καί·

2203 1176 2286 1212 τοι
2332 1161 2426 1213 καὶ
2464 1162 2519 1212 ἐν
2565 1161 2707 1231 ἀρχῇ
2742 1161 2836 1214 τοῦ
2883 1162 3243 1231 κηρύγματος
3284 1162 3446 1214 τοῦτο
3481 1164 3805 1235 πεποίηκεν,

2204 1254 2280 1317 ὡς
2329 1256 2582 1325 Ἰωάννης
2621 1257 2776 1325 φησὶ,
2807 1259 2898 1309 καὶ
2932 1258 3095 1309 πάλιν
3128 1257 3224 1308 νῦν
3257 1256 3416 1308 τοῦτο
3452 1258 3519 1309 ἐκ
3552 1257 3806 1328 δευτέρου

2204 1346 2369 1404 ποιεῖ,
2401 1344 2429 1395 ὂ
2474 1346 2567 1397 καὶ
2603 1348 2739 1417 πρὸς
2771 1346 2947 1417 μείζω
2994 1350 3337 1420 κατηγορίαν
3374 1348 3489 1401 τῶν
3540 1348 3808 1403 Ἰουδὲιὶων

2204 1436 2355 1489 ἐστὶν
2409 1439 2491 1490 ὃτι
2522 1440 2643 1491 οῦδὲ
2686 1442 2794 1492 ἀπὸ
2823 1442 2921 1510 τῆς
2974 1443 3248 1513 προτέρας
3287 1441 3455 1494 αὑτοῦ
3496 1443 3811 1512 παρρησίας

2202 1530 2712 1600 ἐσωφρονίσθησαν,
2740 1532 2853 1584 ἀλλ’
2877 1534 3141 1602 ἐπέμενον
3167 1536 3232 1603 τῇ
3260 1533 3568 1605 καπηλεία,
3604 1534 3697 1585 καὶ
3723 1534 3813 1586 ἁν-

2201 1622 2379 1675 τίθεον
2418 1624 2584 1676 αὐτὸν
2617 1624 2804 1692 ἔλεγον
2836 1626 2927 1678 τὸν
2954 1624 3129 1688 οὕτως
3160 1626 3414 1695 τιμῶντα
3458 1627 3553 1679 τὸν
3594 1626 3813 1698 Πατέρα

2201 1717 2295 1768 καὶ
2335 1716 2491 1783 Θεὸν,
2521 1717 2596 1780 ὡς
2644 1718 2739 1770 καὶ
2769 1717 2862 1770 τὸν
2893 1714 3043 1771 οἷκον
3090 1721 3257 1773 αὑτοῦ
3294 1721 3661 1791 ἐκκαθαίρειν
3707 1721 3814 1773 τῶν

509 1824 723 1888 arguat,
776 1815 1048 1867 dicentem
1083 1829 1095 1864 :
1136 1810 1336 1863 Domus
1371 1821 1491 1861 mea
1534 1805 1730 1859 donius
1764 1804 2094 1875 precationis

2210 1811 2663 1879 καπηλευόντων.
2696 1812 2786 1864 Διὸ
2817 1813 2908 1865 καὶ
2936 1814 3024 1865 τὸν
3070 1814 3298 1869 Ἠσαίαν
3329 1816 3520 1879 αὐτοῖς
3554 1815 3815 1884 ἐπιφέρει

507 1908 789 1965 vocabitur
815 1904 856 1959 ³.
888 1905 956 1959 At
986 1902 1062 1957 illi
1092 1899 1267 1963 stulte.
1289 1899 1637 1966 interrogant
1661 1911 1809 1960 eum,
1848 1895 1964 1962 Qua
2006 1912 2101 1949 au-

507 2003 765 2059 ctoritate
794 1998 908 2051 haec
932 1993 1109 2049 facis?
1138 1991 1390 2064 quamvis
1421 1990 1560 2045 satis
1602 1988 1906 2058 intelligere
1939 1998 2097 2058 pote-

508 2105 654 2150 rant.
693 2091 959 2159 Quoniam
992 2089 1138 2144 enim
1169 2085 1551 2156 propheticum
1591 2083 1797 2137 dictum
1833 2082 2096 2149 subdidit,

508 2189 651 2260 quod
678 2196 907 2241 testatur
930 2184 1150 2239 domum
1194 2177 1287 2235 Dei
1323 2180 1543 2234 domum
1576 2178 1909 2248 precationis
1954 2190 2097 2238 esse.

509 2297 620 2338 non
658 2278 959 2350 emporium
993 2287 1046 2330 et
1086 2272 1398 2345 speluncam
1448 2272 1746 2335 latronum,
1798 2270 2100 2339 negotiatio

507 2375 653 2431 enim
678 2384 734 2428 et
765 2371 991 2426 avaritia
1016 2370 1289 2424 latronum
1316 2376 1420 2433 est,
1462 2366 1589 2435 quid
1616 2374 1805 2434 postea
1830 2379 1967 2433 opus
2010 2377 2096 2416 ro-

508 2482 640 2540 gare
662 2482 783 2522 eum
812 2479 917 2535 qua
974 2462 1301 2518 auctoritate
1335 2461 1451 2515 hch
1484 2458 1698 2513 faciat?
1732 2454 1913 2510 Facile
1950 2455 2095 2510 enim

512 2557 825 2629 conjectare
865 2562 1116 2626 poterant
1151 2565 1217 2605 ex
1272 2550 1434 2605 dictis
1468 2549 1749 2619 propheta:
1776 2546 1921 2616 quod
1957 2546 2097 2599 Deus

519 2654 633 2706 lure
678 2650 926 2719 jusserit.
970 2647 1039 2699 At
1090 2643 1169 2698 illi
1220 2645 1580 2708 interrogant,
1611 2640 1729 2706 Qua
1770 2639 2099 2694 auctoritate

510 2744 646 2799 facis
684 2740 834 2797 lucc?
862 2739 970 2792 Lex
994 2777 1009 2802 ,
1043 2737 1316 2805 inquiunt,
1345 2736 1426 2788 his
1457 2735 1548 2803 qui
1582 2748 1611 2787 a
1649 2732 1779 2787 Levi
1830 2731 2096 2801 originem

510 2838 800 2899 deducunt,
866 2832 1047 2902 templi
1111 2829 1563 2899 gubernationem
1634 2825 1905 2897 permittit
1960 2842 1973 2878 :
2043 2834 2096 2877 tu

508 2944 660 2994 vero,
695 2942 818 2982 eum
856 2940 919 2979 ex
962 2924 1104 2977 tribu
1136 2920 1265 2977 Levi
1295 2936 1401 2976 non
1457 2919 1776 2984 descendas,
1825 2917 2097 2986 quomodo

508 3019 853 3076 sacerdotum
887 3015 975 3086 jus
1030 3014 1123 3069 tibi
1160 3027 1409 3083 usurpas,
1440 3020 1493 3066 et
1526 3012 1640 3065 hinc
1663 3010 1841 3065 facis?
1874 3008 2093 3075 Verum,

508 3126 543 3164 ο
587 3109 790 3171 iudice,
838 3120 1050 3162 memor
1107 3114 1228 3160 esto
1285 3103 1412 3172 quid
1464 3101 1624 3174 45],
1664 3101 1830 3155 David
1879 3100 2022 3153 dicat
2080 3116 2093 3154 :

510 3199 591 3255 Tu
655 3215 714 3253 es
788 3198 1042 3252 sacerdos
1094 3196 1144 3248 in
1196 3204 1461 3250 aeternum
1502 3191 1801 3247 secundum
1851 3193 2095 3245 ordinem

509 3292 905 3348 Melchisedech
971 3289 1011 3342 ‘.
1084 3286 1474 3342 Melchisedech
1538 3295 1718 3339 autem
1777 3284 1953 3339 dictus
2016 3294 2100 3337 est

508 3386 762 3441 sacerdos
813 3400 828 3438 :
876 3380 1273 3437 Melchisedech
1328 3395 1454 3433 vero
1518 3394 1623 3431 non
1686 3379 1786 3430 fuit
1834 3379 2099 3431 sacerdos

510 3477 804 3533 secundum
859 3475 1057 3544 legem,
1100 3488 1273 3541 neque
1324 3487 1386 3525 ex
1440 3471 1585 3525 tribu
1642 3468 1905 3523 chitica.
1943 3468 2095 3535 Qun-

510 3568 672 3623 modo
716 3568 860 3621 enim
894 3575 1077 3635 posset
1106 3564 1206 3619 hoc
1241 3564 1369 3627 dici,
1404 3572 1523 3617 eum
1579 3560 1740 3613 fuerit
1775 3560 1957 3614 multis
1996 3573 2097 3612 saec

508 3661 644 3715 culis
685 3668 814 3712 ante
862 3657 1033 3711 Levi?
1071 3654 1308 3719 Deinde,
1349 3654 1477 3724 quid
1525 3653 1726 3723 quzeri's
1787 3654 1837 3706 in
1871 3652 2094 3706 Christo

507 3754 751 3810 ordinem
795 3750 963 3817 legis?
996 3746 1139 3802 Deus
1176 3746 1383 3816 legibus
1422 3760 1525 3799 non
1557 3754 1639 3799 est
1668 3744 1937 3797 subditus.
1990 3743 2095 3795 lm-

509 3845 752 3915 perabat,
805 3858 927 3897 eum
994 3852 1203 3911 tempus
1260 3849 1429 3902 esset,
1488 3838 1801 3893 sacerdmes
1850 3851 1972 3891 esse
2028 3850 2094 3889 ex

506 3938 651 3993 tribu
688 3935 813 3990 Levi
862 3953 873 3989 :
923 3948 1066 3988 nunc
1109 3931 1369 3986 transfert
1420 3932 1560 3986 hanc
1602 3931 1806 3999 legem,
1862 3940 1915 3985 et
1956 3945 2093 4000 prae-

506 4030 613 4085 fert
688 4029 1047 4083 sacerdotium
1109 4025 1543 4091 Melchisedech;
1606 4032 1896 4094 propterea
1946 4024 2094 4091 ejieit

506 4132 751 4175 ementes
802 4128 856 4174 et
899 4118 1193 4171 vendenzes
1245 4118 1311 4170 ad
1353 4116 1769 4170 sacrificandum
1806 4115 2089 4180 animalia,

505 4214 647 4267 sicut
677 4226 806 4265 oves
845 4218 899 4264 et
928 4208 1230 4263 columbas.
1264 4208 1343 4261 Ad
1377 4209 1489 4261 hac
1512 4208 1818 4263 decentiam
1843 4217 1897 4262 et
1918 4208 2092 4263 hone-

503 4316 699 4360 statem
751 4303 933 4372 templi
995 4301 1249 4356 vindicat.
1292 4300 1520 4370 Insuper
1548 4310 1604 4355 et
1666 4302 1769 4355 hoc
1822 4300 2088 4364 ostendit,

503 4396 647 4465 quod
685 4412 789 4448 non
824 4396 961 4448 ultra
996 4393 1313 4447 animalium
1358 4390 1643 4446 sacriﬁciis
1680 4391 1884 4461 placari
1919 4391 2084 4444 Demu

2212 1903 2527 1974 κατήγορον
2560 1903 2789 1972 λέγοντα
2819 1923 2831 1935 ·
2887 1906 2945 1960 '0
2970 1903 3120 1971 οἶκός
3154 1927 3259 1978 μου
3308 1905 3462 1974 οἶκος
3496 1908 3818 1980 προεευχῆς

2202 1993 2561 2064 κληθήσεται.
2595 1989 2675 2047 Οί
2699 1996 2755 2049 δὲ
2787 1998 3031 2068 ἀνοήτως
3082 2000 3441 2071 ἐπερωτῶσιν
3470 2002 3640 2053 αὑτὸν
3661 2042 3677 2065 ,
3727 2001 3816 2052 Ἐν

2204 2086 2336 2159 ποίᾳ
2365 2087 2585 2159 ἐξουσίᾳ
2610 2087 2783 2141 ταῦτα
2816 2092 3025 2154 ποιεῖς;
3057 2092 3397 2163 Καίτοιέξῆν
3429 2094 3689 2165 ἐννοῆσαι
3720 2092 3815 2145 αύ-

2202 2178 2346 2240 τούς.
2377 2176 2503 2232 Ὀτι
2530 2182 2652 2232 ἐπεὶ
2686 2182 3032 2251 προφητικὴν
3063 2184 3221 2254 ῥῆσιν
3255 2188 3554 2255 παρήγαγε
3603 2203 3817 2256 μαρτυ-

2204 2268 2429 2339 ροῦσαν,
2469 2272 2550 2324 ὅτι
2576 2275 2605 2325 ὁ
2634 2269 2783 2337 οῐκος
2813 2272 2905 2325 τοῦ
2941 2274 3077 2328 Θεοῦ
3108 2270 3254 2339 οῐκος
3280 2279 3603 2349 προσευχῆς
3636 2280 3811 2342 ἐστιν,

2202 2363 2304 2414 οὐκ
2336 2364 2628 2435 ἐμπόριον,
2668 2366 2761 2418 καὶ
2799 2368 3062 2438 σπήλαιον
3096 2368 3331 2442 λῃστῶν
3368 2372 3673 2441 λῃστρικὸν
3702 2372 3815 2441 γὰρ

2202 2455 2235 2521 ἡ
2278 2455 2580 2523 πλεονεξία,
2608 2458 2703 2509 καὶ
2734 2459 3009 2529 καπηλεία
3034 2498 3051 2525 ,
3077 2461 3164 2525 τίς
3195 2461 3383 2516 λοιπὸν
3409 2463 3574 2532 χρεία
3599 2466 3809 2533 ἐρωτᾷι

2201 2548 2364 2602 αὐτὸν
2393 2551 2451 2603 ἐν
2485 2551 2615 2620 ποία
2643 2551 2863 2623 ἐξουσίᾳ
2888 2551 3066 2607 ταῦτα
3119 2556 3298 2619 ποιεῖς
3357 2552 3587 2624 ἕτοιμον
3612 2557 3726 2624 γὰρ
3758 2554 3816 2608 ὃν

2202 2644 2547 2711 λογίσασθαι,
2578 2647 2705 2700 ὅτιὸ
2739 2648 2873 2711 Θεὸς
2907 2648 3083 2703 ταῦτα
3112 2648 3327 2701 κελεύει
3350 2649 3441 2702 διὰ
3468 2649 3565 2701 τοῦ
3596 2652 3815 2719 προφή-

2202 2751 2317 2787 του.
2341 2735 2495 2801 Οίδὲ,
2515 2737 2605 2791 Ἐν
2624 2740 2753 2809 ποίᾳ
2770 2740 2991 2811 ἐξουσίᾳ
3004 2739 3178 2792 ταῦτα
3208 2741 3377 2802 ποιεῖς
3397 2782 3411 2805 ,
3430 2740 3739 2810 ἐρωτῶσιν.
3760 2743 3817 2794 Ὀ

2204 2829 2388 2899 νόμος,
2416 2830 2574 2898 φασὶ,
2596 2832 2709 2893 τοῖς
2734 2834 2798 2881 ἐκ
2826 2830 2957 2883 Λευῒ
2977 2830 3377 2901 καταγομένοις
3406 2832 3508 2900 τὴν
3534 2830 3635 2884 τοῦ
3662 2831 3814 2903 ἱεροῦ

2200 2920 2565 2990 διακόσμησιν
2603 2919 2872 2991 ἐπέτρεψε
2900 2935 2914 2948 ·
2943 2923 3006 2975 σὺ
3039 2921 3113 2992 μὴ
3142 2922 3522 2989 καταγόμενος
3548 2925 3617 2973 ἐκ
3649 2926 3810 2976 Λευῖ-

2200 3013 2361 3081 τικῆς
2398 3012 2595 3082 φυλῆς,
2639 3012 2758 3077 πῶς
2794 3011 2970 3065 ταῦτα
3010 3015 3186 3075 ποιεῖς
3218 3053 3233 3076 ,
3281 3016 3374 3067 καὶ
3432 3015 3501 3066 τὰ
3554 3016 3813 3084 ἱερατικὰ

2204 3108 2511 3177 ἁρπάζεις;
2547 3106 3116 3179 Ἀλλ⁹ἀναμνήσοητε,
3149 3108 3421 3170 Ἰουδαῖοι,
3442 3106 3702 3175 λέγοντος
3717 3107 3813 3160 τοῦ

2203 3199 2388 3263 Δαυῒδ,
2452 3200 2524 3252 Σὺ
2572 3200 2754 3271 ἱερεὺς
2788 3201 2868 3265 είς
2925 3201 3019 3254 τὸν
3074 3201 3248 3256 αἰῶνα
3306 3202 3452 3254 κατὰ
3505 3200 3606 3271 τὴν
3656 3200 3814 3266 τάξιν

2202 3292 2541 3361 Μελχισεδέκ
2576 3308 2588 3322 ο
2638 3292 2977 3362 Μελχισεδὲκ
3028 3292 3085 3346 δὲ
3134 3293 3354 3363 εἴρηται
3424 3293 3646 3363 ἱερεύς·
3679 3296 3708 3347 ὁ
3757 3294 3813 3346 δὲ

2201 3383 2548 3453 Μελχισεδὲκ
2583 3384 2646 3435 οὐ
2684 3383 2827 3437 κατὰ
2879 3386 3049 3454 νόμον
3076 3380 3144 3454 ἦν
3194 3385 3397 3456 ἱερεὺς,
3434 3384 3559 3437 οὐδὲ
3594 3387 3661 3437 ἐκ
3713 3386 3814 3454 τῆς

2201 3477 2495 3547 Δευϊτικῆς
2531 3477 2726 3548 φυλῆς.
2755 3476 2880 3539 Πῶς
2908 3478 3040 3546 γὰρ,
3077 3478 3135 3541 ὃς
3157 3480 3489 3549 προγενέστε
3504 3496 3589 3551 ροε
3618 3475 3687 3551 ἦν
3716 3479 3812 3532 τοῦ

2198 3570 2329 3623 Aea?
2386 3571 2678 3639 τοσοῦτον;
2737 3572 2847 3625 Καὶ
2884 3572 3095 3637 λοιπὸν,
3144 3573 3197 3625 τί
3251 3573 3435 3643 ζητεῖς
3485 3577 3546 3626 ἐν
3582 3575 3815 3646 Χριστῷ

2198 3664 2298 3733 τὴν
2332 3662 2489 3730 τάξιν
2530 3664 2626 3718 τοῦ
2677 3666 2884 3735 νόμου;
2918 3665 3052 3728 Θεὸς
3101 3665 3285 3736 νόμοις
3327 3666 3427 3736 οὐχ
3488 3667 3809 3722 ὑπόκειται.

2200 3758 2544 3826 Προσέταξεν
2578 3760 2665 3811 ὅτε
2698 3759 2891 3829 καιρὸς
2922 3754 3009 3829 ἦν,
3045 3762 3108 3812 ἐκ
3131 3761 3427 3830 Λευῖτικῆς
3455 3756 3598 3814 εἶναι
3633 3762 3811 3831 φυλῆς

2199 3853 2328 3913 τοὺς
2374 3853 2561 3921 ἱερεῖς,
2616 3850 2711 3903 νῦν
2745 3853 3075 3920 μετατάττει
3121 3852 3316 3905 τοῦτον
3348 3854 3439 3906 τὸν
3478 3854 3673 3923 νόμον,
3707 3855 3811 3908 καὶ

2198 3950 2297 4021 τὴν
2333 3949 2427 4001 τοῦ
2470 3949 2817 4019 Μελχισεδὲκ
2863 3949 3169 4020 ἱερωσύνην
3227 3950 3541 4020 προκρίνει,
3595 3951 3676 4003 διὸ
3709 3952 3809 4003 καὶ

2198 4042 2450 4094 ἐκταλλει
2484 4044 2611 4106 τοὺς
2650 4043 2976 4106 πωλοῦντας
3022 4043 3119 4096 καὶ
3161 4044 3537 4112 ἀγοράζοντας
3565 4043 3635 4094 τὰ
3668 4044 3807 4112 πρὸς

2197 4135 2388 4188 θυσίαν
2435 4135 2571 4201 ζῶα,
2612 4131 2725 4189 οἷον
2760 4136 3042 4207 πρόϐατα,
3088 4154 3179 4191 κα,
3233 4138 3607 4207 περιστεράς·
3664 4137 3809 4206 μετὰ

2196 4229 2289 4279 καὶ
2321 4230 2413 4280 τοῦ
2458 4228 2558 4298 τὴν
2611 4230 2975 4299 εὐπρέπειαν,
3013 4232 3109 4283 καὶ
3151 4232 3210 4283 τὸ
3265 4227 3544 4299 εῠσχημον
3574 4228 3655 4298 τῷ
3688 4229 3807 4298 ναῷ

2196 4321 2645 4388 περιποιεῖσθαι,
2685 4322 2766 4375 ἐτι
2818 4324 2911 4376 καὶ
2965 4320 3122 4375 τοῦτο
3176 4322 3525 4387 ὑποδεικνὺς,
3581 4321 3665 4373 ὅτι
3702 4323 3806 4373 οὐκ

2196 4412 2275 4463 ἐτι
2308 4415 2426 4477 ταῖς
2475 4412 2803 4478 ξωοθυσίαις
2854 4415 2936 4469 δεῖ
2968 4416 3059 4467 τὸν
3087 4414 3220 4467 Θεὸν
3249 4414 3652 4481 ἐξιλάσκεσθαι
3709 4433 3803 4467 πιο

502 4488 649 4543 credi
679 4488 890 4541 debeat.
919 4483 1086 4555 Igitur
1119 4484 1371 4553 quamvis
1401 4483 1453 4538 in
1490 4493 1743 4554 promptu
1775 4494 1919 4538 esset
1942 4485 2087 4553 quod

2202 4505 2434 4558 στεύειν.
2468 4502 2574 4575 Ἦν
2609 4506 2708 4575 μὲν
2735 4502 2830 4559 οὖν
2871 4507 3093 4577 ’ἐτοιμον
3136 4504 3216 4577 τῷ
3252 4507 3447 4577 Κυρίῳ
3487 4507 3802 4577 ἀποκρίνα-

503 4580 584 4634 eis
613 4578 964 4646 responderet
994 4576 1277 4641 Dominus,
1315 4576 1457 4631 sicut
1485 4575 1689 4630 dictum
1724 4586 1828 4641 est,
1854 4586 1910 4631 et
1936 4576 2087 4630 diee-

507 4680 595 4725 ret
629 4672 771 4740 quod
804 4670 1067 4739 propheta
1096 4670 1237 4734 hinc,
1276 4669 1384 4722 imo
1419 4667 1560 4722 Deus
1604 4669 1888 4738 praecipiat
1938 4687 1955 4724 :
1991 4684 2088 4722 ve—

504 4772 807 4817 rumtamen
838 4771 895 4814 ut
916 4762 1166 4815 ostendat
1195 4762 1272 4815 eis
1299 4760 1440 4828 quod
1472 4774 1685 4829 semper
1709 4760 2087 4814 inobedientes

501 4855 612 4908 sint
669 4852 895 4921 Spiritui
944 4860 1155 4917 sancto,
1188 4860 1243 4906 et
1295 4867 1403 4909 non
1452 4850 1615 4906 modo
1663 4852 1931 4907 uoluerint
1968 4867 2085 4907 cre-

502 4948 630 5001 dere
684 4946 833 5001 lsaize
883 4946 1051 5000 veteri
1106 4948 1419 5016 prophetae,
1465 4948 1625 5016 cujus
1677 4946 1819 5002 forte
1872 4964 2082 5005 memo-

504 5038 639 5091 riam
679 5054 784 5090 non
846 5038 1137 5102 habebant,
1192 5038 1286 5093 sed
1344 5053 1411 5093 ne
1451 5037 1647 5093 Joanni
1702 5041 1922 5109 quidem
1971 5042 2089 5095 viro

503 5136 835 5202 evangelico,
893 5136 1222 5202 minimeque
1256 5136 1502 5201 carnali,
1563 5140 1656 5208 qui
1709 5156 1879 5208 nuper
1919 5156 2086 5209 appa~

505 5237 731 5289 ruerat,
795 5227 1169 5292 crediderint,
1249 5238 1533 5296 propterea
1603 5232 2085 5303 interrogationum

506 5316 647 5368 hanc
706 5319 1065 5372 admiratione
1136 5320 1349 5385 dignam
1420 5322 1566 5385 facit,
1626 5338 1729 5390 QU‘I
1790 5334 1843 5377 et
1894 5326 2086 5379 cuilu-

507 5419 585 5462 tat
642 5410 779 5463 illos.
831 5410 1081 5463 Ostendit
1143 5423 1320 5465 autem
1374 5424 1426 5467 et
1487 5418 1643 5471 nobis
1691 5421 1831 5487 quod
1883 5422 1927 5472 si
1993 5420 2084 5473 tali

502 5504 779 5569 propheta:
806 5502 1019 5567 Joanui,
1045 5507 1135 5574 qui
1186 5508 1355 5573 major
1383 5524 1440 5563 sc
1475 5510 1793 5574 habebatur,
1829 5531 1931 5568 non
1971 5530 2087 5566 crc-

506 5595 757 5648 diderunt
803 5598 868 5648 de
934 5598 1047 5663 ipso
1082 5600 1373 5667 testificati,
1428 5605 1697 5671 quomodo
1746 5608 1848 5660 sibi
1901 5618 2086 5662 esSt-nt

583 5773 603 5803 ⁸
652 5772 880 5839 lsa.LVI,
920 5774 971 5825 7.
1052 5776 1070 5805 ‘
1113 5775 1252 5828 l’sal.
1283 5794 1391 5844 CIX,
1425 5781 1478 5832 4.

2200 4594 2323 4649 σθαι
2356 4598 2491 4667 πρὸς
2525 4600 2749 4661 αὐτοὺς,
2782 4599 3043 4669 καθάπερ
3070 4600 3318 4669 εἴρηται,
3350 4602 3447 4650 καὶ
3477 4600 3682 4665 εἰπεῖν,
3711 4600 3800 4653 ὅτι

2208 4686 2268 4739 Ὀ
2299 4690 2585 4759 προφήτης
2620 4690 2815 4756 ταῦτα,
2844 4690 3046 4761 μᾶλλον
3085 4690 3141 4743 δὲ
3166 4691 3194 4743 ὁ
3221 4689 3355 4754 Θεὸς
3387 4690 3793 4745 διακελεύεται·

2196 4779 2338 4848 πλὴν
2377 4781 2462 4832 ἵνα
2494 4782 2644 4852 δείξῃ
2693 4782 2914 4846 αὐτοὺς,
2961 4783 3044 4836 ὅτι
3092 4783 3325 4837 πάντοτε
3388 4782 3681 4836 ἀπειθοῦσι
3720 4782 3802 4855 τῷ

2197 4874 2484 4943 ΙΙνεύματι
2516 4875 2591 4945 τῷ
2622 4877 2787 4945 ἁγίῳ,
2829 4879 2922 4930 καὶ
2974 4878 3073 4947 οὺχ
3100 4877 3183 4929 ὅτι
3229 4893 3293 4945 γε
3342 4875 3547 4946 Ἡσαΐᾳ
3578 4875 3658 4945 τῷ
3690 4895 3797 4928 πα·-

2196 4966 2333 5036 λαιῷ
2368 4970 2647 5041 προφήτῃ,
2682 4970 2774 5020 καὶ
2806 4971 2883 5033 είς
2912 4970 3084 5039 λήθην
3108 4972 3239 5032 ῐσως
3266 4969 3452 5030 αὐτοῖς
3487 4969 3794 5039 γενομένῳ,

2195 5060 2332 5112 ἀλλὰ
2361 5061 2453 5112 καὶ
2483 5061 2557 5130 τῷ
2585 5062 2710 5131 χθὲς
2738 5062 2964 5128 φανέντι
3015 5062 3260 5130 Ἰωάννῃ,
3298 5060 3377 5127 τῷ
3409 5061 3560 5130 ἁῦλῳ
3594 5060 3795 5129 μικροῦ

2195 5154 2287 5204 καὶ
2320 5154 2571 5223 ἁσάρκῳ,
2601 5156 2701 5206 oux
2738 5154 3013 5224 ᾑθέλησαν
3044 5156 3359 5217 πιστεῦσαι,
3392 5154 3481 5207 διὰ
3510 5155 3671 5208 τοῦτο
3702 5159 3795 5207 αν.

2194 5249 2410 5317 τερωτᾷ
2436 5248 2637 5310 αὐτοὺς
2664 5248 2762 5317 τὴν
2792 5248 3233 5315 ἀξιοθαύμαστον
3262 5247 3469 5317 ταύτην
3499 5246 3790 5318 ἐρώτησιν,

2193 5339 2259 5391 δι’
2294 5336 2359 5409 ἦς
2388 5341 2732 5410 ἐπιστομίζει
2772 5341 2873 5408 μὲν
2906 5342 3000 5393 καὶ
3028 5340 3246 5402 αὐτοὺς,
3272 5340 3521 5392 δείκνυσι
3548 5341 3603 5393 δὲ
3634 5342 3789 5407 ἡμῖν,

2195 5430 2275 5483 ὅτι
2327 5435 2371 5483 εί
2424 5434 2500 5502 τῷ
2549 5433 2852 5504 τηλικούτῳ
2902 5437 3155 5504 προφήτῃ
3195 5434 3296 5484 οῦκ
3348 5433 3683 5485 ἐπίστευσαν
3716 5435 3791 5499 τις)

2208 5521 2449 5592 Ἰωάννῃ,
2512 5525 2589 5592 τῴ
2648 5524 2857 5592 μείζονι
2897 5526 3059 5577 αὑτοῦ
3114 5523 3388 5588 δοκοῦντι,
3433 5526 3565 5594 περὶ
3624 5524 3786 5577 αὑτοῦ

2201 5609 2594 5680 μαρτυροῦντι,
2630 5610 2744 5673 πῶς
2795 5610 2859 5662 ἂν
2906 5612 3053 5681 αὐτῷ
3096 5609 3452 5664 πιστεύσαιεν
3488 5611 3785 5676 ἀπολογου-
