4000 6476
218 436 301 503 lt)?
324 438 355 498 7

969 424 1419 489 ENARBATIO
1460 420 1543 484 IN
1581 414 2089 482 EVANGELIUM
2129 411 2372 474 LUC/ﬁ.
2406 408 2638 469 —CAP.
2678 404 2809 469 XX.

3381 396 3522 463 1038

218 557 363 627 μένῳ
411 552 596 614 αὐτοῖς
648 551 706 603 ἐν
755 545 889 618 ποίᾳ
937 543 1169 615 ἐξουσίᾳ,
1210 540 1386 596 ταῦτα
1420 537 1595 599 ποιεῖς
1629 535 1814 603 Ὅπερ

1959 525 2185 583 redituri
2235 534 2571 593 responsum
2607 534 2714 589 qua
2768 514 3098 572 auctoritate
3149 514 3265 582 haec
3317 512 3522 568 faciat?

2005 619 2015 627 .
2044 619 2055 627 .
2137 617 2148 627 ο
2176 615 2188 627 ι
2294 614 2305 625 ο
2415 611 2446 627 μ
2496 612 2507 623 ο
2590 617 2625 627 ,‘
2689 608 2741 627 ει
2785 622 2936 627 ,Αημᾼ
2977 605 3279 627 ..-ι--2---..ι
3313 602 3389 627 2112
3432 617 3486 627 --

215 625 422 718 γάρτᾶν
446 639 594 707 εἷπε,
637 641 859 701 πάντως
890 638 957 691 ἂν
994 636 1123 706 ἐξῆν
1158 635 1341 697 αὐτοῖς
1371 629 1647 685 διαϐαλεῖν
1679 625 1812 718 αὐτὸ

213 716 307 795 καὶ
335 735 655 799 διαπτύσαι,
690 731 884 801 ῶσπερ
909 728 1008 782 καὶ
1036 728 1168 790 τοὺς
1208 726 1465 781 Ἰωάννου
1488 721 1685 790 λόγους
1716 716 1810 770 τοῦ

214 830 556 901 ὲνδοξοτέρου
599 842 716 898 παρ
755 824 941 887 αὐτοῖς
962 821 1282 876 διέπτυσαν.

826 1016 1079 1085 ΚΕΦΑΑ.
1124 1022 1211 1082 κ’.

221 1150 361 1222 Περὶ
403 1149 513 1204 τοῦ
554 1145 914 1222 ἀμπελῶνες
957 1133 1615 1222 “amiciti-ﬂet”?
1641 1133 1818 1222 έῗῖἲᾳζ

288 1203 519 1277 licam
541 1203 640 1273 δίει
668 1220 776 1272 τὸν
806 1203 1066 1281 κῆὶνσοιῖ.
1094 1210 1235 1279 Περὶ
1256 1203 1375 1264 τῶν
1392 1203 1821 1282 Σαδδορκαίωις

463 1290 811 1361 ἀνάστασιν
869 1273 1289 1361 ’ἀρνουμένὼτφ
1356 1276 1499 1361 Ῑζερί
1548 1273 1660 1361 τῆς
1713 1273 1820 1325 τοῦ

291 1347 519 1432 Κὺρίου
540 1347 968 1428 ἐπερωτήσεως
990 1347 1144 1420 πρὸς
1164 1351 1323 1417 τοὺς
1370 1347 1761 1416 Φαρισαίους.

296 1497 314 1529 ι
362 1475 609 1548 Ἠρξατο
633 1472 688 1526 δὲ
720 1471 858 1542 πρὸς
891 1469 980 1522 τὸν
1006 1465 1136 1519 λαὸν
1166 1464 1349 1533 λέγειν
1375 1462 1476 1533 τὴν
1505 1455 1823 1548 παραϐολὴν

219 1568 427 1639 ταύτην
446 1546 464 1597 ἡ·
513 1562 841 1634 ’Ἄνθρωπός
891 1579 976 1621 τις
1005 1557 1307 1627 ἐφύτευσεν
1359 1550 1690 1625 ἀμπελῶνα,
1724 1546 1824 1602 καὶ

221 1663 434 1732 ἐξέδοτο
491 1658 652 1714 αὐτὸν
696 1656 970 1725 γεωργοῖς
998 1690 1013 1719 ,
1052 1654 1150 1706 καὶ
1196 1649 1523 1719 ἀπεδήμησε
1595 1643 1827 1732 χρόνους

224 1730 471 1811 ἱκανούς.
495 1747 604 1800 Καὶ
622 1746 680 1797 ὲν
704 1742 884 1814 καιρῷ
908 1739 1200 1796 ἀπέστειλε
1232 1738 1370 1809 πρὸς
1390 1736 1518 1798 τοὺς
1543 1730 1825 1803 γεωργοὺς

221 1843 433 1907 δοῦλον,
468 1841 557 1893 ἴνα
586 1836 695 1891 ἀπὸ
715 1835 810 1889 τοῦ
840 1834 1062 1905 καρποῦ
1083 1833 1178 1887 τοῦ
1202 1828 1532 1901 ἀμπελῶνος
1560 1823 1829 1879 ἐπιδῶσιν

1916 615 2191 685 Quidquid
2220 614 2366 669 enim
2397 611 2649 676 dixisset,
2689 608 2742 663 id
2776 622 2941 663 omne
2976 605 3285 679 potuissent
3313 602 3390 659 illi
3427 617 3524 660 ca-

1924 707 2185 764 lumniari
2244 716 2299 763 et
2336 717 2617 776 respuere.
2663 700 3132 773 quemadmodum
3191 707 3248 754 et
3297 693 3526 753 Joannis

1918 814 2203 856 sermones
2234 840 2250 865 ,
2306 798 2399 868 qui
2458 796 2660 851 clarior
2713 795 2857 865 apud
2905 807 3003 849 eos
3051 790 3380 857 habebatur,
3442 803 3524 845 re-

1919 906 2208 966 spucrunt.

2501 1001 2737 1061 CAPUT
2798 1002 2920 1059 XX.

1998 1119 2271 1175 Parabola
2301 1119 2366 1174 de
2389 1118 2562 1172 vinea.
2598 1115 2673 1170 De
2695 1114 2950 1170 insidiose
2981 1111 3438 1181 interrogantibus
3467 1109 3530 1162 ab

1996 1209 2234 1246 censum.
2275 1191 2350 1245 De
2380 1188 2697 1245 Sadducwis
2721 1186 3162 1241 resurrectionem
3194 1181 3529 1251 negantibus.

1999 1264 2076 1318 De
2102 1263 2516 1333 interrogatione
2537 1259 2667 1315 Jesu
2704 1251 2997 1313 Pharisazt's
3028 1254 3199 1325 facta.

2002 1445 2171 1503 Vens.
2226 1446 2385 1503 9-16.
2430 1466 2448 1499 ι
2490 1446 2671 1517 Carpit
2729 1454 2911 1500 autem
2961 1442 3148 1497 dicere
3198 1443 3267 1496 ad
3320 1430 3536 1513 plebem

1928 1538 2247 1609 pttl‘allOlalll
2282 1542 2425 1595 hanc
2467 1557 2480 1594 :
2524 1537 2700 1593 Homo
2732 1538 2954 1609 quidam
2992 1535 3261 1608 plantavit
3290 1534 3534 1594 vineam.

1930 1644 1983 1689 ct
2011 1634 2211 1689 locavit
2242 1648 2363 1688 eam
2399 1632 2632 1698 colonis,
2689 1642 2744 1688 et
2793 1633 2909 1702 ipse
2938 1645 3169 1703 peregre
3196 1630 3313 1699 egit
3370 1628 3540 1683 multo

1938 1736 2200 1797 tempore.
2226 1725 2475 1797 Cumque
2491 1735 3035 1797 essetopportnnnm,
3057 1725 3207 1778 misit
3224 1723 3299 1777 ad
3315 1722 3542 1777 colonos

1935 1835 2180 1888 servum,
2215 1830 2278 1875 ut
2309 1820 2376 1876 de
2409 1819 2588 1875 fructu
2621 1821 2797 1874 vincas
2821 1821 3015 1874 darent
3047 1819 3151 1888 ipsi
3179 1835 3193 1872 :
3217 1818 3311 1888 qui
3338 1832 3541 1871 eaasum

224 1932 403 2005 αὐτῷ’
442 1932 492 1984 oi
514 1930 570 1984 δὲ
602 1928 842 2000 γεωργοὶ
870 1926 1151 1997 δείραντες
1200 1920 1389 1986 αὐτὸν,
1429 1913 1824 1984 ἐξαπέστειλαν

1957 1912 2240 1967 :miserunt
2285 1928 2409 1969 eum
2449 1913 2693 1967 inanem.
2750 1911 2817 1967 Et
2851 1928 3045 1967 rursus
3078 1911 3261 1966 adhuc
3308 1909 3541 1965 alterum

224 2026 407 2082 κενόν.
447 2025 559 2077 Kal.
614 2019 917 2094 προσέθετο
956 2016 1175 2088 πέμψαι
1222 2015 1413 2085 ἓτερον
1440 2009 1651 2071 δοῦλον,
1690 2007 1748 2060 ὀί
1773 2005 1832 2058 δὲ

226 2121 486 2173 κάκεῖνον
517 2115 823 2186 δείραντες,
859 2112 955 2166 καὶ
989 2109 1391 2180 ἀτιμάσαντες,
1435 2099 1753 2171 ὲξαπέστειὶ
1813 2136 1828 2151 .

227 2211 412 2264 κενόν.
468 2207 579 2260 Καὶ
644 2203 952 2276 προσέθετο
1006 2201 1228 2270 πέμψαι
1278 2197 1486 2268 τρίτον,
1541 2194 1589 2247 el
1622 2192 1680 2246 δὲ
1738 2188 1834 2243 καὶ

229 2301 424 2356 τοῦτον
450 2297 933 2371 τραυματίσαντες
988 2290 1269 2357 ἐξέϐαλον.
1309 2283 1448 2340 Εἷπε
1479 2283 1537 2338 δὲ
1580 2285 1609 2337 6
1642 2281 1835 2352 κύριος

240 2393 339 2448 τοῦ
375 2391 692 2461 ἀμπελῶνος
782 2387 847 2440 Τί
881 2386 1131 2454 ποιήσως
1176 2378 1386 2449 [Ιέμψω
1430 2377 1522 2430 τὸν
1555 2376 1673 2429 υἱόν
1732 2388 1835 2441 μου

232 2487 325 2540 τὸν
351 2482 638 2554 ἀγαπητόν
662 2498 675 2513 ·
712 2479 842 2542 ἴσως
883 2476 1029 2531 τοῦτ·
1055 2493 1076 2528 ν
1112 2474 1317 2536 ἰδόντες
1368 2469 1832 2539 ἐντραπήσονται.

245 2577 476 2640 Ἰδόντες
526 2576 585 2628 δὲ
619 2572 785 2627 αὐτὸν
840 2572 891 2623 οἱ
941 2566 1206 2639 γεωργοὶ,
1272 2559 1638 2631 διελογίζοντο
1701 2555 1840 2626 πρὸς

228 2672 465 2733 ἑαυτοὺς
503 2668 777 2736 λέγοντες
819 2657 989 2725 Οὗτός
1016 2664 1166 2714 ἔστιν
1202 2661 1229 2713 ὁ
1254 2655 1621 2727 κληρονόμος,
1654 2649 1835 2713 δεῦτε,

230 2764 661 2832 ἀποκτείνωμεν
690 2759 877 2823 αὑτὸν,
907 2758 997 2811 ἵνα
1034 2754 1193 2827 ήμῶν
1243 2752 1472 2822 γένηται
1502 2748 1537 2818 ή
1576 2746 1839 2815 κληρονο-

243 2858 367 2931 μία.
410 2854 520 2909 Kal.
568 2852 898 2914 ἐκϐαλόντες
956 2848 1122 2902 αὐτὸν
1169 2845 1277 2910 ἔξω
1329 2842 1426 2896 τοῦ
1487 2835 1840 2931 ἀμπελῶνος,

232 2951 596 3005 ἀπέκτειναν.
635 2945 704 3000 Τί
761 2939 856 2997 οὖν
906 2942 1126 3012 ποιήσει
1183 2937 1369 2998 αὐτοῖς
1425 2934 1453 2986 6
1509 2930 1703 3001 κύριος
1744 2924 1841 2979 τοῦ

1932 2019 2151 2060 servum
2207 2005 2377 2061 misit.
2420 2004 2507 2061 Illi
2582 2021 2713 2062 vero
2757 2006 2905 2061 hunc
2946 2020 3167 2075 quoque
3212 2019 3441 2067 caesum,
3489 2013 3547 2055 et

1932 2098 2285 2154 contumeliis
2334 2098 2625 2163 aﬂ'ectum,
2676 2100 2983 2155 emiserunt
3031 2098 3277 2153 inanem.
3331 2094 3549 2151 Rursus

1943 2191 2091 2245 misit
2125 2200 2181 2246 et
2217 2192 2464 2247 tertium.
2504 2194 2576 2247 At
2630 2192 2706 2247 illi
2760 2193 2907 2248 hunc
2952 2206 3177 2263 quoque
3227 2190 3549 2246 vulneribus

1937 2279 2165 2337 inﬂictis
2231 2282 2529 2349 eiecerunt.
2585 2282 2735 2338 Dixit
2786 2295 2969 2339 autem
3022 2283 3277 2338 dominus
3326 2282 3544 2336 vineae:

1941 2375 2082 2441 Quid
2114 2374 2352 2431 faciam?
2376 2376 2587 2432 Mittam
2628 2375 2802 2431 ﬁlium
2841 2391 3023 2431 meum
3052 2375 3339 2440 dilectum,
3384 2375 3553 2432 forsi-

1941 2476 2032 2523 tan
2084 2485 2209 2524 cum
2248 2471 2392 2526 hune
2435 2471 2695 2533 viderint.
2754 2472 3181 2528 reverebuntur.
3215 2469 3388 2537 Quem
3424 2485 3552 2525 cum

1941 2563 2211 2618 vidissent
2260 2562 2462 2631 coloni,
2497 2564 2885 2635 cogitaverunt
2916 2562 3059 2617 intra
3113 2577 3197 2627 se,
3249 2562 3501 2618 dicentes
3534 2580 3549 2618 :

1944 2655 2047 2712 llic
2105 2666 2191 2711 est
2251 2658 2469 2722 haeres,
2512 2657 2735 2721 venite,
2798 2656 3120 2710 occidamus
3166 2654 3333 2728 452
3377 2654 3554 2719 illum,

1948 2754 2007 2798 ut
2054 2754 2245 2800 nostra
2281 2744 2377 2801 ﬁat
2419 2745 2757 2800 limreditas:
2811 2754 2866 2801 et
2897 2744 3136 2815 dectum
3193 2746 3348 2801 illuni
3397 2756 3556 2801 extra

1951 2837 2189 2899 vineam,
2246 2838 2593 2892 occiderunt.
2628 2836 2769 2904 Quid
2795 2852 2929 2907 ergo
2962 2836 3127 2892 faciet
3165 2837 3275 2894 illis
3302 2837 3559 2893 dominus

1945 2926 2168 2983 vineae?
2199 2928 2389 2985 Veniet
2418 2939 2473 2985 et
2510 2931 2701 3000 perdet
2729 2934 2958 2987 colonos
2994 2930 3133 2985 istos
3153 2970 3167 2995 ,
3206 2940 3261 2985 et
3292 2929 3444 2986 dabit
3477 2930 3559 2985 vi-

235 3041 566 3114 ἀμπελῶνος
592 3056 610 3109 ;
640 3037 983 3102 Ἑλεύσεται,
1012 3032 1108 3087 καὶ
1132 3030 1391 3085 ἀπολέσει
1415 3026 1542 3087 τοὺς
1559 3019 1845 3114 γεωργούς

1957 3034 2110 3073 neam
2155 3019 2300 3076 aliis.
2346 3040 2365 3073 ι
2419 3022 2606 3079 Brevis
2635 3022 2855 3092 quidem
2899 3024 3003 3079 ista
3054 3023 3340 3094 parabola,
3390 3023 3560 3081 multa

235 3112 489 3198 τούτους,
520 3130 618 3187 καὶ
645 3129 811 3183 δώσει
839 3128 933 3181 τὸν
964 3123 1270 3197 ἀμπελῶνα
1304 3120 1509 3181 ἄλλοις.
1552 3135 1571 3169 ›
1600 3112 1846 3183 Βραχεῖα

1957 3119 2134 3168 tamen
2193 3125 2249 3168 et
2284 3129 2483 3185 magna
2538 3130 2637 3171 nos
2685 3114 2850 3173 docet
2893 3134 2907 3172 :
2946 3115 3149 3171 Curam
3206 3131 3374 3188 quam
3416 3116 3561 3172 Dens

241 3225 346 3296 μὲν
377 3222 520 3294 αῦτη
550 3223 583 3292 ή
617 3219 934 3290 παραϐολὴ,
972 3217 1116 3289 πλὴν
1147 3214 1323 3267 πολλά
1378 3210 1472 3264 καὶ
1514 3205 1730 3277 μεγάλα
1760 3202 1844 3256 δι-

1957 3212 2162 3258 tantam
2193 3219 2320 3274 erga
2349 3203 2609 3263 Hebraeos
2630 3208 2903 3273 exhibuit,
2931 3209 3022 3278 qui
3054 3210 3123 3262 ab
3154 3208 3313 3262 initio
3337 3206 3563 3263 fuerunt

236 3269 434 3373 δάσκει
486 3269 1117 3387 ήμὲξοῂἓῆἶέέέἀνοιαῖν
1166 3305 1260 3359 τοῦ
1295 3302 1453 3367 Θεοῦ,
1494 3269 1560 3370 δήν
1600 3269 1697 3350 inti.
1729 3296 1842 3358 τοῖς

1957 3296 2279 3365 homicidae;
2316 3315 2485 3353 unum
2516 3314 2637 3356 esse
2670 3300 2840 3355 Deum
2889 3302 3093 3356 veteris
3118 3310 3175 3355 et
3201 3315 3354 3354 nova:
3384 3300 3563 3369 legis;

250 3408 533 3479 Ἑϐραίοις
548 3405 822 3476 τοσαύτην
841 3402 1155 3473 ἐχαρίσατο,
1186 3398 1390 3470 μᾶλλον
1420 3396 1477 3449 δὲ
1510 3389 1843 3455 ἐπεδείξατο,

240 3503 308 3555 τὸ
340 3504 401 3567 ἐξ
431 3501 608 3572 ἀρχῆς
642 3500 825 3553 αὐτῶν
851 3496 1098 3568 φονικὸν,
1131 3494 1193 3547 τὸ
1225 3492 1323 3546 καὶ
1352 3491 1450 3560 τῆς
1480 3486 1723 3549 “alata;
1754 3483 1849 3538 καὶ

238 3594 346 3663 τῆς
380 3594 528 3656 Νέας
562 3592 660 3644 ἕνα
692 3586 833 3644 εἶναι
866 3588 959 3641 τὸν
1014 3587 1168 3651 Θεὸν,
1209 3584 1273 3637 τὸ
1318 3578 1746 3651 είσαχθήσεσθαι
1779 3573 1851 3629 τὰ

239 3686 403 3757 ἔθνη,
437 3686 499 3739 τὸ
530 3681 1014 3756 ἀπορῤιφήσεσθαι
1037 3680 1169 3743 τοὺς
1206 3676 1518 3737 Ἰουδαίους.
1559 3667 1851 3742 Ἀμπελὼν

242 3778 342 3836 οἷν
373 3780 513 3851 αῦτη
553 3782 587 3850 ή
624 3777 933 3847 Συναγωγή
964 3774 1073 3828 τῶν
1123 3771 1423 3837 Ἰουδαίων,
1459 3766 1702 3838 γεωργοὶ
1726 3763 1782 3816 δὲ
1802 3763 1850 3815 oi

245 3874 636 3945 Γραμματεῖς,
677 3872 774 3945 καὶ
800 3869 1096 3939 Φαρισαῖοι
1124 3865 1174 3918 οἱ
1214 3862 1565 3933 προέχοντες,
1599 3855 1697 3910 καὶ
1730 3856 1853 3906 ἐπι-

247 3971 444 4019 στὰται
470 3962 565 4018 τοῦ
590 3935 797 4032 λαοῦτή
825 3963 920 4014 καὶ
943 3959 1175 4021 ἕκαστος
1204 3960 1236 4028 ή
1246 3955 1364 4028 μῶν
1388 3954 1550 4016 αὐτὸς
1564 3954 1597 4006 ἀ
1606 3950 1852 4024 μπελὼν,

245 4054 416 4115 αὐτὸς
474 4052 755 4123 γεωργός·
804 4051 1038 4113 ἕκαστος
1087 4048 1197 4118 γὰρ
1234 4044 1395 4117 ήμῶν
1454 4043 1617 4105 αὐτὸς
1659 4042 1855 4094 ἑαυτὸν

247 4149 515 4217 γεωργεῖ.
550 4145 755 4197 Τοῦτον
780 4140 876 4196 οὖν
906 4144 999 4197 τὸν
1027 4141 1333 4212 ἀμπελῶνα
1368 4138 1562 4199 ἐκδοὺς
1584 4136 1855 4207 γεωργοῖς

246 4241 278 4293 ὁ
305 4239 715 4312 φιλάνθρωπος,
742 4238 1090 4308 ἀπεδήμησε,
1125 4236 1432 4301 τουτέστιν,
1466 4229 1856 4296 αὐτεξουσίους

248 4332 455 4396 αὐτοὺς
482 4331 666 4402 ἀφῆκε
704 4329 1060 4401 πορεύεσθαι.
1104 4327 1422 4382 Ἀπέστειλε
1474 4324 1532 4378 δὲ
1561 4324 1855 4394 διαφόρους

247 4420 500 4485 δούλους,
555 4423 848 4492 προφήτας
881 4422 1051 4490 φημὶ,
1098 4420 1175 4482 ὼς
1228 4420 1294 4472 ἂν
1344 4417 1503 4489 σχοίη
1554 4434 1607 4469 τι
1664 4415 1859 4485 κέρδος

256 4514 483 4586 μικρὸν.
526 4512 633 4567 ’Ex'
657 4512 751 4565 τοῦ
784 4512 1001 4582 καρποῦ
1032 4513 1163 4585 γὰρ,
1201 4510 1400 4582 φησὶν,
1434 4509 1594 4582 ήθελε
1647 4506 1854 4572 λαϐεῖν,

1953 3390 2228 3475 vocandas
2291 3401 2503 3461 gentes,
2566 3405 2621 3448 et
2668 3393 3015 3463 abjieiettdos
3082 3393 3322 3450 Judzeos.
3388 3392 3565 3449 Vinea

1954 3483 2125 3553 igitur
2179 3486 2304 3551 ἰείη,
2356 3486 2645 3558 Synagoga
2706 3499 2829 3544 erat
2877 3488 3193 3544 Judaeorum
3247 3507 3262 3543 :
3321 3488 3566 3544 cultores

1958 3587 2165 3643 autem,
2204 3577 2413 3634 Scriba:
2453 3590 2510 3636 et
2538 3580 2832 3646 Pharisazi,
2871 3582 2964 3649 qui
3014 3591 3289 3652 praeerant
3341 3582 3565 3652 pepulo.

1958 3670 2055 3725 Est
2075 3680 2132 3727 et
2168 3675 2548 3743 unusquisque
2574 3676 2757 3741 vinea,
2795 3684 2850 3729 et
2881 3675 3026 3729 idem
3065 3676 3334 3747 agricola.
3379 3675 3567 3732 Unus.

1958 3765 2192 3834 quisque
2243 3767 2389 3820 enim
2439 3776 2692 3822 nostrum
2725 3769 2967 3838 seipsum
3006 3768 3156 3823 colit.
3211 3767 3365 3826 [lane
3399 3770 3571 3840 igitur

1959 3858 2172 3913 vincam
2211 3874 2337 3915 cum
2370 3861 2695 3917 collocassct
2741 3863 3001 3934 agricolis
3040 3864 3383 3931 misericors,
3419 3880 3572 3936 pere~

1961 3965 2061 4019 gre
2094 3952 2377 4019 profectus
2413 3962 2521 4019 est,
2559 3954 2666 4008 hoc
2698 3963 2805 4020 est,
2836 3954 3089 4023 permisit
3119 3969 3215 4010 eos
3241 3957 3398 4026 juxta
3430 3955 3572 4011 libe-

1963 4061 2082 4099 rum
2117 4046 2410 4101 arbitrium
2448 4045 2687 4117 ingredi.
2735 4048 2886 4104 Misit
2925 4056 3108 4104 autem
3156 4049 3411 4105 diversos
3450 4065 3573 4105 ser-

1961 4153 2082 4202 vos,
2108 4139 2408 4210 prOphetas
2427 4140 2574 4205 dico,
2599 4152 2659 4195 ut
2680 4140 2910 4197 haberet
2940 4142 3019 4197 vel
3043 4157 3271 4212 parvum
3296 4143 3571 4212 quoddam

1963 4230 2200 4286 lucrum.
2236 4231 2466 4288 Volebat
2496 4236 2644 4289 enim
2696 4233 2765 4289 de
2816 4234 2996 4290 fructu
3029 4250 3249 4305 capere,
3285 4251 3394 4291 non
3451 4235 3571 4292 ira.

1965 4338 2115 4381 ctum
2142 4343 2395 4395 onmem;
2428 4329 2558 4398 quid
2589 4329 2737 4383 enim
2765 4328 3119 4385 lucrifaceret
3144 4331 3291 4386 Dens
3322 4345 3389 4385 ex
3416 4332 3578 4388 nobis

1966 4420 2073 4473 nisi
2111 4420 2196 4475 sui
2232 4421 2607 4489 agnitionem?
2643 4422 2778 4477 illud
2803 4436 2985 4478 autem
3020 4424 3186 4478 etiam
3217 4435 3470 4480 nostrum
3494 4436 3580 4480 est

1968 4511 2181 4565 lucrum
2235 4530 2248 4566 :
2294 4522 2538 4569 attamen
2594 4516 2828 4570 salutem
2896 4526 3185 4582 neStram,
3251 4515 3581 4587 luet-umque

254 4609 326 4667 οὐ
358 4609 452 4662 τὸν
489 4607 707 4678 καρπὸν
732 4606 972 4661 ἅπαντα·
1006 4607 1062 4659 τί
1095 4607 1205 4675 γὰρ
1234 4604 1511 4675 κερδαίνει
1542 4603 1570 4655 6
1590 4600 1726 4664 Θεὸς
1761 4599 1846 4669 ἀφ’

1972 4613 2247 4671 nostrum,
2282 4621 2439 4660 suum
2476 4605 2631 4661 facit.
2670 4606 3035 4663 Contumeliis
3063 4617 3246 4663 autem
3274 4606 3580 4663 all‘ecerunt

256 4702 445 4773 ήμῶν,
481 4702 531 4753 εί
582 4701 658 4772 μὴ
713 4700 815 4771 τὴν
858 4698 1026 4751 αὑτοῦ
1064 4699 1395 4763 ὲπίγνωσιν;
1438 4695 1549 4749 Καὶ
1603 4691 1744 4763 αῦτη
1801 4691 1861 4745 δὲ

256 4792 534 4864 ἡμέτερον
566 4792 783 4863 κέρδος,
816 4791 970 4861 ὅμως
1000 4790 1101 4861 τὴν
1154 4787 1432 4859 σωτηρίαν
1464 4784 1623 4857 ἡμῶν
1672 4786 1769 4838 καὶ
1800 4783 1862 4837 τὸ

255 4886 536 4957 ήμέτερον
572 4884 766 4955 κέρδος
788 4886 991 4937 οἰκεῖον
1027 4885 1289 4936 ποιεῖται.
1330 4879 1605 4951 ’Ύϐρισαν
1640 4877 1698 4931 δὲ
1734 4878 1865 4940 τοὺς

256 4980 676 5042 ἀποσταλέντας
729 4978 780 5030 oi
828 4977 990 5030 κακοὶ
1030 4978 1293 5048 γεωργοὶ,
1348 4974 1655 5046 δείραντες,
1723 4970 1865 5042 μετὰ

260 5072 364 5126 καὶ
387 5070 482 5123 τοῦ
513 5070 705 5131 κενοὺς
736 5068 1145 5135 ἐξαποστεῖλαι,
1173 5066 1476 5129 τουτέστιν,
1505 5067 1585 5128 είς
1605 5061 1865 5117 τοσοῦτον

260 5164 669 5235 ἀγνωμοσύνης
698 5158 884 5235 ἦλθον,
918 5161 1062 5215 ὥστε
1120 5160 1179 5213 ού
1217 5160 1380 5231 μόνον
1434 5158 1719 5222 ἐξέκλιναν
1757 5156 1868 5208 ἀπὸ

266 5262 368 5317 τοῦ
402 5262 592 5326 καλοῦ,
629 5263 727 5315 καὶ
754 5260 949 5313 οὐδένα
982 5259 1196 5329 καρπὸν
1229 5256 1436 5325 ἀγαθὸν
1470 5256 1703 5321 ἔδωκαν,
1730 5251 1869 5308 ἀλλά

268 5360 372 5413 καὶ
412 5358 682 5429 πονηρίαν
719 5355 1011 5425 ἐποίησαν,
1052 5354 1080 5406 ὃ
1107 5353 1357 5424 μείζονος
1383 5351 1659 5413 κολάσεως
1690 5349 1867 5417 ἄξιον.

263 5454 393 5508 Τῶν
434 5448 527 5504 οὖν
567 5450 865 5523 προφητῶν
892 5447 1041 5501 οὕτω
1074 5450 1143 5501 τά
1171 5447 1457 5501 δεινότατα
1496 5445 1807 5509 παθόντων,
1842 5443 1871 5496 ὁ

264 5548 396 5611 Υἱὸς
422 5543 1025 5607 ἀποστέλλεται.ν”1σως
1056 5543 1189 5612 γὰρ,
1220 5542 1407 5615 φησιν,
1435 5539 1872 5615 ἐντραπήσονται

266 5644 361 5697 τὸν
388 5640 521 5693 Υίὸν
558 5658 681 5711 μου.
722 5640 895 5694 Τοῦτο
944 5641 1001 5693 δὲ
1036 5636 1217 5703 εἶπεν,
1268 5637 1367 5707 οὐχ
1422 5636 1497 5700 ὼς
1536 5636 1751 5704 ἀγνοῶν
1810 5634 1873 5687 τὸ

271 5733 493 5806 μέλλον,
524 5734 619 5788 καὶ
656 5735 739 5787 ὅτι
790 5733 1048 5806 μέλλουσι
1087 5734 1291 5802 μᾶλλον
1327 5731 1492 5787 αὐτὸν
1535 5733 1721 5801 χεῖρον
1763 5729 1875 5783 τῶν

268 5825 573 5899 προφητῶν
615 5824 923 5890 διαθέσθαι,
966 5825 1084 5879 ἀλλ’
1136 5827 1316 5877 έκεῖνο
1355 5824 1553 5893 λέγων,
1602 5825 1741 5894 ὅπερ
1765 5821 1875 5876 ἔδει

270 5921 553 5976 ⁸γενέσθαι·
582 5920 689 5974 ἔδει
715 5921 825 5975 νάο
849 5920 1192 5976 ὲντοαπῆναι
1211 5920 1397 5977 αὐτόν.
1430 5920 1494 5974 Εἰ
1514 5918 1571 5975 δὲ
1596 5923 1692 5977 καὶ
1720 5921 1875 5976 αὐτοὶ

1968 4695 2099 4749 mali
2151 4696 2409 4765 agricolae
2446 4698 2669 4763 missos,
2720 4710 2775 4754 et
2813 4712 2987 4755 caesos
3036 4700 3307 4754 miserunt
3348 4716 3575 4768 vacuos,

1968 4790 2075 4845 hoc
2102 4800 2208 4854 est,
2251 4791 2303 4844 in
2344 4800 2552 4846 tantam
2587 4802 2962 4861 pervenerunt
3002 4793 3483 4863 ingratitudinem,
3520 4805 3580 4851 ut

1971 4895 2079 4935 non
2107 4880 2283 4936 solum
2316 4881 2716 4937 declinaverint
2752 4899 2781 4937 a
2816 4883 2989 4951 bono,
3012 4894 3070 4938 et
3094 4884 3302 4939 nullum
3337 4886 3579 4941 fructum

1969 4975 2243 5039 dederint,
2284 4976 2381 5030 sed
2424 4986 2482 5030 et
2513 4975 2656 5030 mala
2702 4975 2934 5032 fecerint
2963 4994 2977 5031 :
3011 4977 3157 5045 quod
3191 4978 3387 5049 majori
3431 4992 3585 5049 sup-ﬁ

1972 5070 2137 5139 plicio
2184 5070 2431 5140 dignum.
2502 5070 2675 5141 Igitur
2724 5086 2851 5126 cum
2907 5073 3189 5144 prophetae
3240 5082 3350 5127 tam
3393 5076 3581 5144 gravia

1971 5167 2369 5224 Sustinuissent
2410 5184 2423 5220 :
2464 5165 2635 5222 Filius
2682 5166 2938 5222 mittitur.
2981 5165 3146 5222 Forte
3178 5167 3349 5233 enim,
3384 5169 3582 5240 inquit.

1976 5267 2128 5322 hunc
2177 5265 2605 5320 reverebuntur.
2652 5262 2819 5317 Forte
2876 5264 3035 5329 dixit,
3072 5278 3183 5319 non
3218 5275 3277 5318 ut
3319 5266 3585 5336 ignorans

1975 5359 2219 5413 futurum
2259 5356 2406 5429 quod
2473 5358 2628 5427 pejus
2680 5372 2805 5412 eum
2855 5356 3103 5411 alfecturi
3164 5363 3359 5411 essent
3411 5372 3583 5428 quam

1975 5455 2275 5522 prophetas
2308 5471 2322 5506 :
2358 5453 2453 5507 sed
2489 5452 2622 5506 illud
2655 5450 2789 5506 dicit
2823 5452 2967 5522 quod
3002 5451 3119 5506 lieri
3149 5449 3385 5506 debebat
3430 5467 3447 5505 :
3491 5453 3583 5506 de-

1978 5548 2181 5603 bebant
2215 5548 2362 5600 enim
2396 5546 2637 5601 revereri
2667 5545 2846 5599 illum.
2883 5544 2953 5598 At
2984 5543 3061 5598 illi
3095 5559 3266 5615 usque
3299 5544 3438 5599 adeo
3472 5560 3582 5600 non

1977 5652 2106 5695 sunt
2136 5641 2381 5707 reveriti,
2410 5639 2657 5694 utetiam
2680 5639 3030 5693 occiderint:
3060 5640 3205 5709 quod
3236 5639 3287 5693 in
3312 5638 3580 5708 majorem

1979 5751 2170 5790 eorum
2214 5734 2625 5789 accusationem
2659 5743 2767 5797 est,
2808 5732 2936 5804 quia
2969 5744 3262 5804 postquam
3294 5732 3589 5786 aliirmavit

1983 5829 2124 5884 Deus
2144 5828 2349 5884 bonum
2380 5827 2484 5881 hoc
2513 5842 2655 5891 esse,
2699 5826 3061 5882 reverentiam
3082 5826 3272 5882 haberi
3307 5825 3464 5889 Filio,
3507 5817 3586 5877 illi

1984 5924 2143 5979 Dione
2175 5923 2510 5980 contrariam
2563 5922 2804 5979 tulerunt
2838 5920 3191 5979 sententiam.
3241 5920 3368 5979 Uth
3403 5929 3584 5976 autem
