  <div class='ocr_page' id='page_1' title='image "/cluster/home/n/w/nwhite01/storage/ocr_20150623/123/ien.35556001659978/526.png"; bbox 0 0 4000 6392; ppageno 0'>
   <div class='ocr_carea' id='block_1_1' title="bbox 213 264 344 340">
    <p class='ocr_par' dir='ltr' id='par_1_1' title="bbox 213 264 344 340">
     <span class='ocr_line' id='line_1_1' title="bbox 213 264 344 340; baseline 0.008 -1"><span class='ocrx_word' id='word_1_1' title='bbox 213 264 344 340; x_wconf 72' lang='lat' dir='ltr'><strong>toll</strong></span> 
     </span>
    </p>
   </div>
   <div class='ocr_carea' id='block_1_2' title="bbox 919 264 2745 341">
    <p class='ocr_par' dir='ltr' id='par_1_2' title="bbox 919 264 2745 341">
     <span class='ocr_line' id='line_1_2' title="bbox 919 264 2745 341; baseline 0.001 -14"><span class='ocrx_word' id='word_1_2' title='bbox 919 264 1371 341; x_wconf 59' lang='lat' dir='ltr'><strong>ENAillL‘rTIO</strong></span> <span class='ocrx_word' id='word_1_3' title='bbox 1407 267 1489 328; x_wconf 71' lang='grc' dir='ltr'><strong>ΙΝ</strong></span> <span class='ocrx_word' id='word_1_4' title='bbox 1531 267 2040 328; x_wconf 78' lang='lat' dir='ltr'><strong>EVANGELIUM</strong></span> <span class='ocrx_word' id='word_1_5' title='bbox 2076 267 2393 329; x_wconf 62' lang='lat' dir='ltr'><strong>LUC.E.&#39;-</strong></span> <span class='ocrx_word' id='word_1_6' title='bbox 2420 270 2578 332; x_wconf 77' lang='lat' dir='ltr'><strong>CAP.</strong></span> <span class='ocrx_word' id='word_1_7' title='bbox 2617 269 2745 330; x_wconf 77' lang='lat' dir='ltr'><strong>XX.</strong></span> 
     </span>
    </p>
   </div>
   <div class='ocr_carea' id='block_1_3' title="bbox 3373 260 3518 323">
    <p class='ocr_par' dir='ltr' id='par_1_3' title="bbox 3373 260 3518 323">
     <span class='ocr_line' id='line_1_3' title="bbox 3373 260 3518 323; baseline -0.007 0"><span class='ocrx_word' id='word_1_8' title='bbox 3373 260 3518 323; x_wconf 61' lang='lat'><strong>1013</strong></span> 
     </span>
    </p>
   </div>
   <div class='ocr_carea' id='block_1_4' title="bbox 205 377 1820 454">
    <p class='ocr_par' dir='ltr' id='par_1_4' title="bbox 205 379 1799 454">
     <span class='ocr_line' id='line_1_4' title="bbox 205 379 1799 454; baseline -0.005 -17"><span class='ocrx_word' id='word_1_9' title='bbox 205 386 298 454; x_wconf 74' lang='grc' dir='ltr'><strong>Μὴ</strong></span> <span class='ocrx_word' id='word_1_10' title='bbox 329 384 554 452; x_wconf 81' lang='grc' dir='ltr'>γένοιτο.</span> <span class='ocrx_word' id='word_1_11' title='bbox 588 382 652 433; x_wconf 83' lang='grc' dir='ltr'><strong>Τί</strong></span> <span class='ocrx_word' id='word_1_12' title='bbox 682 379 772 431; x_wconf 74' lang='grc' dir='ltr'><strong>οὖν</strong></span> <span class='ocrx_word' id='word_1_13' title='bbox 808 380 835 430; x_wconf 87' lang='grc' dir='ltr'>ὁ</span> <span class='ocrx_word' id='word_1_14' title='bbox 875 380 1149 449; x_wconf 74' lang='grc' dir='ltr'>Χριστόςς</span> <span class='ocrx_word' id='word_1_15' title='bbox 1197 379 1424 447; x_wconf 68' lang='grc' dir='ltr'>Ἐπίιγει</span> <span class='ocrx_word' id='word_1_16' title='bbox 1457 381 1552 432; x_wconf 74' lang='grc' dir='ltr'><strong>καὶ</strong></span> <span class='ocrx_word' id='word_1_17' title='bbox 1604 381 1799 448; x_wconf 79' lang='grc' dir='ltr'><strong>ἑτέραν</strong></span> 
     </span>
    </p>
   </div>
   <div class='ocr_carea' id='block_1_5' title="bbox 1927 377 3508 454">
    <p class='ocr_par' dir='ltr' id='par_1_5' title="bbox 1927 377 3508 448">
     <span class='ocr_line' id='line_1_5' title="bbox 1927 377 3508 448; baseline -0.002 -17"><span class='ocrx_word' id='word_1_18' title='bbox 1927 377 2028 431; x_wconf 87' lang='lat' dir='ltr'><strong>lem</strong></span> <span class='ocrx_word' id='word_1_19' title='bbox 2063 380 2278 447; x_wconf 85' lang='lat' dir='ltr'><strong>quidem</strong></span> <span class='ocrx_word' id='word_1_20' title='bbox 2309 379 2548 448; x_wconf 89' lang='lat' dir='ltr'><strong>seipsum</strong></span> <span class='ocrx_word' id='word_1_21' title='bbox 2584 381 2872 434; x_wconf 74' lang='lat' dir='ltr'><strong>nominans</strong></span> <span class='ocrx_word' id='word_1_22' title='bbox 2895 419 2907 442; x_wconf 90' lang='lat'><strong>,</strong></span> <span class='ocrx_word' id='word_1_23' title='bbox 2946 377 3280 430; x_wconf 79' lang='lat' dir='ltr'><strong>:rdilieantes</strong></span> <span class='ocrx_word' id='word_1_24' title='bbox 3324 384 3508 428; x_wconf 84' lang='lat' dir='ltr'><strong>autem</strong></span> 
     </span>
    </p>
   </div>
   <div class='ocr_carea' id='block_1_6' title="bbox 207 472 1801 547">
    <p class='ocr_par' dir='ltr' id='par_1_6' title="bbox 207 472 1801 547">
     <span class='ocr_line' id='line_1_6' title="bbox 207 472 1801 547; baseline -0.002 -18"><span class='ocrx_word' id='word_1_25' title='bbox 207 476 520 547; x_wconf 68' lang='grc' dir='ltr'>μαρτυρίαν</span> <span class='ocrx_word' id='word_1_26' title='bbox 546 472 655 526; x_wconf 74' lang='grc' dir='ltr'><strong>ἀπὸ</strong></span> <span class='ocrx_word' id='word_1_27' title='bbox 691 472 782 525; x_wconf 83' lang='grc' dir='ltr'><strong>τοῦ</strong></span> <span class='ocrx_word' id='word_1_28' title='bbox 821 473 1007 536; x_wconf 72' lang='grc' dir='ltr'>Δαυὶδ,</span> <span class='ocrx_word' id='word_1_29' title='bbox 1044 473 1194 525; x_wconf 83' lang='grc' dir='ltr'>λίθον</span> <span class='ocrx_word' id='word_1_30' title='bbox 1224 473 1325 542; x_wconf 81' lang='grc' dir='ltr'>μὲν</span> <span class='ocrx_word' id='word_1_31' title='bbox 1352 473 1549 526; x_wconf 81' lang='grc' dir='ltr'>ἐαυτὸν</span> <span class='ocrx_word' id='word_1_32' title='bbox 1599 473 1801 543; x_wconf 81' lang='grc' dir='ltr'><strong>ὀνομά-</strong></span> 
     </span>
    </p>
   </div>
   <div class='ocr_carea' id='block_1_7' title="bbox 206 565 1802 635">
    <p class='ocr_par' dir='ltr' id='par_1_7' title="bbox 206 565 1802 635">
     <span class='ocr_line' id='line_1_7' title="bbox 206 565 1802 635; baseline -0.001 -13"><span class='ocrx_word' id='word_1_33' title='bbox 206 569 336 635; x_wconf 74' lang='grc' dir='ltr'>ζων,</span> <span class='ocrx_word' id='word_1_34' title='bbox 374 567 692 633; x_wconf 80' lang='grc' dir='ltr'>οἰκοδόμους</span> <span class='ocrx_word' id='word_1_35' title='bbox 736 565 793 617; x_wconf 77' lang='grc' dir='ltr'>δὲ</span> <span class='ocrx_word' id='word_1_36' title='bbox 830 565 960 627; x_wconf 81' lang='grc' dir='ltr'>τοὺς</span> <span class='ocrx_word' id='word_1_37' title='bbox 1008 565 1366 630; x_wconf 75' lang='grc' dir='ltr'><strong>διδασκάλους</strong></span> <span class='ocrx_word' id='word_1_38' title='bbox 1401 567 1600 631; x_wconf 79' lang='grc' dir='ltr'>αὐτοὺς</span> <span class='ocrx_word' id='word_1_39' title='bbox 1657 567 1802 620; x_wconf 72' lang='grc' dir='ltr'>καθὰ</span> 
     </span>
    </p>
   </div>
   <div class='ocr_carea' id='block_1_8' title="bbox 207 658 1798 728">
    <p class='ocr_par' dir='ltr' id='par_1_8' title="bbox 207 658 1798 728">
     <span class='ocr_line' id='line_1_8' title="bbox 207 658 1798 728; baseline -0.001 -15"><span class='ocrx_word' id='word_1_40' title='bbox 207 662 300 714; x_wconf 76' lang='grc' dir='ltr'><strong>καὶ</strong></span> <span class='ocrx_word' id='word_1_41' title='bbox 338 663 366 713; x_wconf 88' lang='grc' dir='ltr'><strong>ό</strong></span> <span class='ocrx_word' id='word_1_42' title='bbox 431 658 692 727; x_wconf 80' lang='grc' dir='ltr'>Ἰεζεκιήλ</span> <span class='ocrx_word' id='word_1_43' title='bbox 732 673 918 725; x_wconf 84' lang='grc' dir='ltr'>φησιν,</span> <span class='ocrx_word' id='word_1_44' title='bbox 975 658 1400 725; x_wconf 73' lang='grc' dir='ltr'>Οἰκοδομοῦντες</span> <span class='ocrx_word' id='word_1_45' title='bbox 1456 658 1548 711; x_wconf 75' lang='grc' dir='ltr'><strong>τὸν</strong></span> <span class='ocrx_word' id='word_1_46' title='bbox 1600 661 1798 728; x_wconf 73' lang='grc' dir='ltr'>τοῖχον,</span> 
     </span>
    </p>
   </div>
   <div class='ocr_carea' id='block_1_9' title="bbox 205 746 1803 822">
    <p class='ocr_par' dir='ltr' id='par_1_9' title="bbox 205 746 1803 822">
     <span class='ocr_line' id='line_1_9' title="bbox 205 746 1803 822; baseline -0.003 -15"><span class='ocrx_word' id='word_1_47' title='bbox 205 753 302 808; x_wconf 78' lang='grc' dir='ltr'><strong>καὶ</strong></span> <span class='ocrx_word' id='word_1_48' title='bbox 357 750 671 819; x_wconf 72' lang='grc' dir='ltr'><strong>ἀλείφοντες</strong></span> <span class='ocrx_word' id='word_1_49' title='bbox 725 748 1064 820; x_wconf 76' lang='grc' dir='ltr'>ἁναρτύτως,</span> <span class='ocrx_word' id='word_1_50' title='bbox 1099 751 1402 815; x_wconf 74' lang='grc' dir='ltr'><strong>τουτέστιν,</strong></span> <span class='ocrx_word' id='word_1_51' title='bbox 1449 752 1498 804; x_wconf 92' lang='grc' dir='ltr'>οί</span> <span class='ocrx_word' id='word_1_52' title='bbox 1541 750 1613 804; x_wconf 75' lang='grc' dir='ltr'>τὰ</span> <span class='ocrx_word' id='word_1_53' title='bbox 1665 746 1803 822; x_wconf 74' lang='grc' dir='ltr'>πρὸς</span> 
     </span>
    </p>
   </div>
   <div class='ocr_carea' id='block_1_10' title="bbox 206 841 1802 920">
    <p class='ocr_par' dir='ltr' id='par_1_10' title="bbox 206 841 1802 920">
     <span class='ocr_line' id='line_1_10' title="bbox 206 841 1802 920; baseline -0.006 -22"><span class='ocrx_word' id='word_1_54' title='bbox 206 848 367 916; x_wconf 71' lang='grc' dir='ltr'>χάριν</span> <span class='ocrx_word' id='word_1_55' title='bbox 399 843 671 911; x_wconf 76' lang='grc' dir='ltr'>λέγοντες,</span> <span class='ocrx_word' id='word_1_56' title='bbox 700 843 795 895; x_wconf 64' lang='grc' dir='ltr'><strong>καὶ</strong></span> <span class='ocrx_word' id='word_1_57' title='bbox 825 841 1302 910; x_wconf 77' lang='grc' dir='ltr'>συγκαλύπτοντες</span> <span class='ocrx_word' id='word_1_58' title='bbox 1333 844 1400 896; x_wconf 73' lang='grc' dir='ltr'><strong>τὰ</strong></span> <span class='ocrx_word' id='word_1_59' title='bbox 1441 842 1802 920; x_wconf 73' lang='grc' dir='ltr'>ἐλαττώματα</span> 
     </span>
    </p>
   </div>
   <div class='ocr_carea' id='block_1_11' title="bbox 204 929 1804 1003">
    <p class='ocr_par' dir='ltr' id='par_1_11' title="bbox 204 929 1804 1003">
     <span class='ocr_line' id='line_1_11' title="bbox 204 929 1804 1003; baseline -0.003 -13"><span class='ocrx_word' id='word_1_60' title='bbox 204 938 298 991; x_wconf 73' lang='grc' dir='ltr'><strong>τοῦ</strong></span> <span class='ocrx_word' id='word_1_61' title='bbox 355 936 490 989; x_wconf 85' lang='grc' dir='ltr'>λαοῦ</span> <span class='ocrx_word' id='word_1_62' title='bbox 555 937 649 988; x_wconf 66' lang='grc' dir='ltr'>καὶ</span> <span class='ocrx_word' id='word_1_63' title='bbox 708 929 819 987; x_wconf 75' lang='grc' dir='ltr'>οἷον</span> <span class='ocrx_word' id='word_1_64' title='bbox 880 934 1287 1003; x_wconf 80' lang='grc' dir='ltr'>ἐμπλάττοντες</span> <span class='ocrx_word' id='word_1_65' title='bbox 1345 935 1682 998; x_wconf 83' lang='grc' dir='ltr'>ἐπιπολαίως</span> <span class='ocrx_word' id='word_1_66' title='bbox 1732 933 1804 987; x_wconf 75' lang='grc' dir='ltr'>τὰ</span> 
     </span>
    </p>
   </div>
   <div class='ocr_carea' id='block_1_12' title="bbox 205 1026 1804 1101">
    <p class='ocr_par' dir='ltr' id='par_1_12' title="bbox 205 1026 1804 1101">
     <span class='ocr_line' id='line_1_12' title="bbox 205 1026 1804 1101; baseline -0.003 -17"><span class='ocrx_word' id='word_1_67' title='bbox 205 1030 384 1101; x_wconf 70' lang='grc' dir='ltr'>σαθρὰ</span> <span class='ocrx_word' id='word_1_68' title='bbox 405 1028 498 1081; x_wconf 89' lang='grc' dir='ltr'><strong>τοῦ</strong></span> <span class='ocrx_word' id='word_1_69' title='bbox 548 1027 703 1085; x_wconf 88' lang='grc' dir='ltr'>λαοῦ.</span> <span class='ocrx_word' id='word_1_70' title='bbox 736 1026 925 1096; x_wconf 76' lang='grc' dir='ltr'>ὥσπερ</span> <span class='ocrx_word' id='word_1_71' title='bbox 954 1028 1099 1089; x_wconf 74' lang='grc' dir='ltr'>τινος</span> <span class='ocrx_word' id='word_1_72' title='bbox 1130 1029 1332 1096; x_wconf 75' lang='grc' dir='ltr'>τοίχου.</span> <span class='ocrx_word' id='word_1_73' title='bbox 1368 1028 1491 1091; x_wconf 80' lang='grc' dir='ltr'><strong>[ίῶς</strong></span> <span class='ocrx_word' id='word_1_74' title='bbox 1519 1027 1574 1081; x_wconf 80' lang='grc' dir='ltr'>δὲ</span> <span class='ocrx_word' id='word_1_75' title='bbox 1603 1028 1804 1082; x_wconf 83' lang='grc' dir='ltr'>ἀπεδο-</span> 
     </span>
    </p>
   </div>
   <div class='ocr_carea' id='block_1_13' title="bbox 214 1116 1805 1190">
    <p class='ocr_par' dir='ltr' id='par_1_13' title="bbox 214 1116 1805 1190">
     <span class='ocr_line' id='line_1_13' title="bbox 214 1116 1805 1190; baseline 0.001 -15"><span class='ocrx_word' id='word_1_76' title='bbox 214 1123 459 1190; x_wconf 77' lang='grc' dir='ltr'>κίμασαν</span> <span class='ocrx_word' id='word_1_77' title='bbox 494 1121 681 1174; x_wconf 82' lang='grc' dir='ltr'>τοῦτον</span> <span class='ocrx_word' id='word_1_78' title='bbox 700 1121 791 1173; x_wconf 71' lang='grc' dir='ltr'>τὸν</span> <span class='ocrx_word' id='word_1_79' title='bbox 821 1120 999 1184; x_wconf 82' lang='grc' dir='ltr'>).ίθον;</span> <span class='ocrx_word' id='word_1_80' title='bbox 1027 1121 1305 1182; x_wconf 77' lang='grc' dir='ltr'>Είπὸντες·</span> <span class='ocrx_word' id='word_1_81' title='bbox 1330 1116 1502 1184; x_wconf 72' lang='grc' dir='ltr'>Οὗτος</span> <span class='ocrx_word' id='word_1_82' title='bbox 1525 1121 1627 1174; x_wconf 79' lang='grc' dir='ltr'><strong>οὐκ</strong></span> <span class='ocrx_word' id='word_1_83' title='bbox 1658 1121 1805 1176; x_wconf 78' lang='grc' dir='ltr'>ἐστιν</span> 
     </span>
    </p>
   </div>
   <div class='ocr_carea' id='block_1_14' title="bbox 203 1214 1806 1284">
    <p class='ocr_par' dir='ltr' id='par_1_14' title="bbox 203 1214 1806 1284">
     <span class='ocr_line' id='line_1_14' title="bbox 203 1214 1806 1284; baseline -0.001 -16"><span class='ocrx_word' id='word_1_84' title='bbox 203 1218 267 1270; x_wconf 78' lang='grc' dir='ltr'>ὲκ</span> <span class='ocrx_word' id='word_1_85' title='bbox 296 1216 390 1268; x_wconf 90' lang='grc' dir='ltr'><strong>τοῦ</strong></span> <span class='ocrx_word' id='word_1_86' title='bbox 421 1216 579 1269; x_wconf 84' lang='grc' dir='ltr'>Θεοῦ.</span> <span class='ocrx_word' id='word_1_87' title='bbox 619 1216 722 1269; x_wconf 81' lang='grc' dir='ltr'><strong>Δύο</strong></span> <span class='ocrx_word' id='word_1_88' title='bbox 771 1215 826 1267; x_wconf 72' lang='grc' dir='ltr'>δὲ</span> <span class='ocrx_word' id='word_1_89' title='bbox 861 1215 1141 1276; x_wconf 78' lang='grc' dir='ltr'>ἀπωλείας</span> <span class='ocrx_word' id='word_1_90' title='bbox 1182 1214 1416 1268; x_wconf 71' lang='grc' dir='ltr'>ἐνταῦθα</span> <span class='ocrx_word' id='word_1_91' title='bbox 1452 1214 1602 1282; x_wconf 80' lang='grc' dir='ltr'><strong>λέγει</strong></span> <span class='ocrx_word' id='word_1_92' title='bbox 1627 1233 1639 1246; x_wconf 92' lang='grc'>·</span> <span class='ocrx_word' id='word_1_93' title='bbox 1671 1217 1806 1284; x_wconf 87' lang='grc' dir='ltr'>μίαν</span> 
     </span>
    </p>
   </div>
   <div class='ocr_carea' id='block_1_15' title="bbox 207 1308 1806 1380">
    <p class='ocr_par' dir='ltr' id='par_1_15' title="bbox 207 1308 1806 1380">
     <span class='ocr_line' id='line_1_15' title="bbox 207 1308 1806 1380; baseline -0.002 -17"><span class='ocrx_word' id='word_1_94' title='bbox 207 1310 309 1379; x_wconf 76' lang='grc' dir='ltr'><strong>μὲν</strong></span> <span class='ocrx_word' id='word_1_95' title='bbox 336 1311 433 1380; x_wconf 78' lang='grc' dir='ltr'><strong>τὴν</strong></span> <span class='ocrx_word' id='word_1_96' title='bbox 468 1310 577 1363; x_wconf 80' lang='grc' dir='ltr'>τῶν</span> <span class='ocrx_word' id='word_1_97' title='bbox 601 1309 787 1379; x_wconf 73' lang='grc' dir='ltr'>ψυχῶν</span> <span class='ocrx_word' id='word_1_98' title='bbox 810 1308 1013 1370; x_wconf 85' lang='grc' dir='ltr'>αὐτῶν,</span> <span class='ocrx_word' id='word_1_99' title='bbox 1040 1309 1109 1378; x_wconf 78' lang='grc' dir='ltr'>ἢν</span> <span class='ocrx_word' id='word_1_100' title='bbox 1135 1308 1290 1362; x_wconf 76' lang='grc' dir='ltr'>αὐτοὶ</span> <span class='ocrx_word' id='word_1_101' title='bbox 1322 1308 1806 1373; x_wconf 81' lang='grc' dir='ltr'>σκανδαλισθέντες</span> 
     </span>
    </p>
   </div>
   <div class='ocr_carea' id='block_1_16' title="bbox 204 1400 1809 1473">
    <p class='ocr_par' dir='ltr' id='par_1_16' title="bbox 204 1400 1809 1473">
     <span class='ocr_line' id='line_1_16' title="bbox 204 1400 1809 1473; baseline 0 -17"><span class='ocrx_word' id='word_1_102' title='bbox 204 1403 432 1456; x_wconf 77' lang='grc' dir='ltr'>ἔπαθον·</span> <span class='ocrx_word' id='word_1_103' title='bbox 483 1404 598 1466; x_wconf 82' lang='grc' dir='ltr'>Πᾶς</span> <span class='ocrx_word' id='word_1_104' title='bbox 652 1402 762 1473; x_wconf 81' lang='grc' dir='ltr'>γὰρ</span> <span class='ocrx_word' id='word_1_105' title='bbox 808 1403 835 1455; x_wconf 98' lang='lat'><strong>6</strong></span> <span class='ocrx_word' id='word_1_106' title='bbox 886 1401 1069 1455; x_wconf 87' lang='grc' dir='ltr'>πεσὼν</span> <span class='ocrx_word' id='word_1_107' title='bbox 1116 1404 1210 1455; x_wconf 77' lang='grc' dir='ltr'><strong>ἐπὶ</strong></span> <span class='ocrx_word' id='word_1_108' title='bbox 1256 1400 1348 1456; x_wconf 71' lang='grc' dir='ltr'><strong>τὸν</strong></span> <span class='ocrx_word' id='word_1_109' title='bbox 1392 1403 1540 1455; x_wconf 82' lang='grc' dir='ltr'>λίθον</span> <span class='ocrx_word' id='word_1_110' title='bbox 1615 1403 1809 1457; x_wconf 82' lang='grc' dir='ltr'>τοῦτον</span> 
     </span>
    </p>
   </div>
   <div class='ocr_carea' id='block_1_17' title="bbox 206 1495 1806 1566">
    <p class='ocr_par' dir='ltr' id='par_1_17' title="bbox 206 1495 1806 1566">
     <span class='ocr_line' id='line_1_17' title="bbox 206 1495 1806 1566; baseline -0.001 -18"><span class='ocrx_word' id='word_1_111' title='bbox 206 1495 698 1564; x_wconf 72' lang='grc' dir='ltr'><strong>συνθλασθήσεται·</strong></span> <span class='ocrx_word' id='word_1_112' title='bbox 733 1496 928 1558; x_wconf 77' lang='grc' dir='ltr'>ἑτέραν</span> <span class='ocrx_word' id='word_1_113' title='bbox 972 1495 1028 1548; x_wconf 82' lang='grc' dir='ltr'>δὲ</span> <span class='ocrx_word' id='word_1_114' title='bbox 1084 1495 1182 1566; x_wconf 80' lang='grc' dir='ltr'>τὴν</span> <span class='ocrx_word' id='word_1_115' title='bbox 1215 1496 1324 1548; x_wconf 76' lang='grc' dir='ltr'>ἀπὸ</span> <span class='ocrx_word' id='word_1_116' title='bbox 1371 1495 1474 1565; x_wconf 82' lang='grc' dir='ltr'><strong>τῆς</strong></span> <span class='ocrx_word' id='word_1_117' title='bbox 1521 1495 1806 1565; x_wconf 75' lang='grc' dir='ltr'>αἰχμαλω-</span> 
     </span>
    </p>
   </div>
   <div class='ocr_carea' id='block_1_18' title="bbox 207 1587 1806 1659">
    <p class='ocr_par' dir='ltr' id='par_1_18' title="bbox 207 1587 1806 1659">
     <span class='ocr_line' id='line_1_18' title="bbox 207 1587 1806 1659; baseline -0.001 -17"><span class='ocrx_word' id='word_1_118' title='bbox 207 1589 350 1650; x_wconf 81' lang='grc' dir='ltr'>σίας,</span> <span class='ocrx_word' id='word_1_119' title='bbox 379 1589 488 1659; x_wconf 78' lang='grc' dir='ltr'>ἢνό</span> <span class='ocrx_word' id='word_1_120' title='bbox 512 1587 657 1650; x_wconf 80' lang='grc' dir='ltr'>λίθος</span> <span class='ocrx_word' id='word_1_121' title='bbox 681 1589 863 1652; x_wconf 81' lang='grc' dir='ltr'>αὐτοῖς</span> <span class='ocrx_word' id='word_1_122' title='bbox 902 1588 1208 1658; x_wconf 73' lang='grc' dir='ltr'><strong>ἐπήγαγεν,</strong></span> <span class='ocrx_word' id='word_1_123' title='bbox 1243 1588 1271 1640; x_wconf 90' lang='lat'><strong>6</strong></span> <span class='ocrx_word' id='word_1_124' title='bbox 1300 1587 1431 1658; x_wconf 77' lang='grc' dir='ltr'>παρ’</span> <span class='ocrx_word' id='word_1_125' title='bbox 1455 1588 1636 1641; x_wconf 81' lang='grc' dir='ltr'>αὐτῶν</span> <span class='ocrx_word' id='word_1_126' title='bbox 1654 1587 1806 1652; x_wconf 78' lang='grc' dir='ltr'>ἐξου-</span> 
     </span>
    </p>
   </div>
   <div class='ocr_carea' id='block_1_19' title="bbox 199 1679 1800 1752">
    <p class='ocr_par' dir='ltr' id='par_1_19' title="bbox 199 1679 1800 1752">
     <span class='ocr_line' id='line_1_19' title="bbox 199 1679 1800 1752; baseline 0.001 -20"><span class='ocrx_word' id='word_1_127' title='bbox 199 1680 479 1740; x_wconf 82' lang='grc' dir='ltr'>δενωθείς.</span> <span class='ocrx_word' id='word_1_128' title='bbox 522 1679 578 1733; x_wconf 84' lang='grc' dir='ltr'>Ἐ</span> <span class='ocrx_word' id='word_1_129' title='bbox 594 1681 639 1748; x_wconf 70' lang='grc' dir='ltr'>ρ’</span> <span class='ocrx_word' id='word_1_130' title='bbox 686 1680 744 1733; x_wconf 80' lang='grc' dir='ltr'>ὃν</span> <span class='ocrx_word' id='word_1_131' title='bbox 767 1681 895 1750; x_wconf 78' lang='grc' dir='ltr'>γὰρ,</span> <span class='ocrx_word' id='word_1_132' title='bbox 921 1681 1078 1750; x_wconf 65' lang='grc' dir='ltr'>φησι,</span> <span class='ocrx_word' id='word_1_133' title='bbox 1109 1680 1288 1743; x_wconf 77' lang='grc' dir='ltr'>πέσει,</span> <span class='ocrx_word' id='word_1_134' title='bbox 1323 1680 1586 1752; x_wconf 74' lang='grc' dir='ltr'><strong>λικμήσει</strong></span> <span class='ocrx_word' id='word_1_135' title='bbox 1619 1680 1800 1733; x_wconf 79' lang='grc' dir='ltr'>αὐτόν.</span> 
     </span>
    </p>
   </div>
   <div class='ocr_carea' id='block_1_20' title="bbox 1908 458 3518 542">
    <p class='ocr_par' dir='ltr' id='par_1_20' title="bbox 1908 458 3518 542">
     <span class='ocr_line' id='line_1_20' title="bbox 1908 458 3518 542; baseline -0.001 -21"><span class='ocrx_word' id='word_1_136' title='bbox 1908 470 2160 527; x_wconf 75' lang='lat' dir='ltr'><strong>dot-tores</strong></span> <span class='ocrx_word' id='word_1_137' title='bbox 2194 473 2341 542; x_wconf 90' lang='lat' dir='ltr'><strong>ipsos</strong></span> <span class='ocrx_word' id='word_1_138' title='bbox 2374 491 2387 527; x_wconf 93' lang='lat'>:</span> <span class='ocrx_word' id='word_1_139' title='bbox 2442 474 2898 542; x_wconf 65' lang='lat' dir='ltr'><strong>quemadmodum</strong></span> <span class='ocrx_word' id='word_1_140' title='bbox 2945 481 2999 526; x_wconf 90' lang='lat' dir='ltr'><strong>et</strong></span> <span class='ocrx_word' id='word_1_141' title='bbox 3032 469 3280 525; x_wconf 86' lang='lat' dir='ltr'><strong>Ezechiel</strong></span> <span class='ocrx_word' id='word_1_142' title='bbox 3333 468 3467 522; x_wconf 83' lang='lat' dir='ltr'><strong>dicit</strong></span> <span class='ocrx_word' id='word_1_143' title='bbox 3495 458 3518 520; x_wconf 75' lang='grc' dir='ltr'><strong>ε’</strong></span> 
     </span>
    </p>
   </div>
   <div class='ocr_carea' id='block_1_21' title="bbox 1906 557 3513 634">
    <p class='ocr_par' dir='ltr' id='par_1_21' title="bbox 1906 557 3513 634">
     <span class='ocr_line' id='line_1_21' title="bbox 1906 557 3513 634; baseline -0.002 -17"><span class='ocrx_word' id='word_1_144' title='bbox 1906 560 2268 618; x_wconf 69' lang='grc' dir='ltr'>Ᾱὶάἱίίριιιιιεε</span> <span class='ocrx_word' id='word_1_145' title='bbox 2299 564 2561 634; x_wconf 86' lang='lat' dir='ltr'><strong>parietem</strong></span> <span class='ocrx_word' id='word_1_146' title='bbox 2609 576 2664 620; x_wconf 90' lang='lat' dir='ltr'><strong>et</strong></span> <span class='ocrx_word' id='word_1_147' title='bbox 2700 565 2954 620; x_wconf 89' lang='lat' dir='ltr'><strong>linientes</strong></span> <span class='ocrx_word' id='word_1_148' title='bbox 2989 563 3194 632; x_wconf 85' lang='lat' dir='ltr'><strong>absque</strong></span> <span class='ocrx_word' id='word_1_149' title='bbox 3239 557 3513 629; x_wconf 77' lang='lat' dir='ltr'><strong>tempera-</strong></span> 
     </span>
    </p>
   </div>
   <div class='ocr_carea' id='block_1_22' title="bbox 1908 655 3514 729">
    <p class='ocr_par' dir='ltr' id='par_1_22' title="bbox 1908 655 3514 729">
     <span class='ocr_line' id='line_1_22' title="bbox 1908 655 3514 729; baseline -0.001 -21"><span class='ocrx_word' id='word_1_150' title='bbox 1908 662 2051 718; x_wconf 84' lang='lat' dir='ltr'><strong>tura,</strong></span> <span class='ocrx_word' id='word_1_151' title='bbox 2074 657 2173 711; x_wconf 89' lang='lat' dir='ltr'><strong>hoc</strong></span> <span class='ocrx_word' id='word_1_152' title='bbox 2194 667 2296 723; x_wconf 83' lang='lat' dir='ltr'><strong>est,</strong></span> <span class='ocrx_word' id='word_1_153' title='bbox 2319 659 2409 727; x_wconf 82' lang='lat' dir='ltr'><strong>qui</strong></span> <span class='ocrx_word' id='word_1_154' title='bbox 2433 660 2500 714; x_wconf 91' lang='lat' dir='ltr'><strong>ad</strong></span> <span class='ocrx_word' id='word_1_155' title='bbox 2515 660 2743 729; x_wconf 80' lang='lat' dir='ltr'><strong>gratiam</strong></span> <span class='ocrx_word' id='word_1_156' title='bbox 2767 659 3084 727; x_wconf 87' lang='lat' dir='ltr'><strong>loquuntur,</strong></span> <span class='ocrx_word' id='word_1_157' title='bbox 3111 665 3165 710; x_wconf 90' lang='lat' dir='ltr'><strong>et</strong></span> <span class='ocrx_word' id='word_1_158' title='bbox 3190 655 3514 722; x_wconf 81' lang='lat' dir='ltr'><strong>eooperiunt</strong></span> 
     </span>
    </p>
   </div>
   <div class='ocr_carea' id='block_1_23' title="bbox 1907 747 3511 821">
    <p class='ocr_par' dir='ltr' id='par_1_23' title="bbox 1907 747 3511 821">
     <span class='ocr_line' id='line_1_23' title="bbox 1907 747 3511 821; baseline -0.002 -17"><span class='ocrx_word' id='word_1_159' title='bbox 1907 749 2102 804; x_wconf 85' lang='lat' dir='ltr'><strong>delicta</strong></span> <span class='ocrx_word' id='word_1_160' title='bbox 2151 750 2358 821; x_wconf 77' lang='lat' dir='ltr'><strong>populi,</strong></span> <span class='ocrx_word' id='word_1_161' title='bbox 2401 762 2456 807; x_wconf 90' lang='lat' dir='ltr'><strong>et</strong></span> <span class='ocrx_word' id='word_1_162' title='bbox 2492 753 2656 809; x_wconf 84' lang='lat' dir='ltr'><strong>veluti</strong></span> <span class='ocrx_word' id='word_1_163' title='bbox 2692 753 2744 806; x_wconf 89' lang='lat' dir='ltr'><strong>in</strong></span> <span class='ocrx_word' id='word_1_164' title='bbox 2798 751 3094 821; x_wconf 75' lang='lat' dir='ltr'><strong>superficie</strong></span> <span class='ocrx_word' id='word_1_165' title='bbox 3141 750 3273 804; x_wconf 88' lang='lat' dir='ltr'><strong>vitia</strong></span> <span class='ocrx_word' id='word_1_166' title='bbox 3330 747 3511 818; x_wconf 77' lang='lat' dir='ltr'><strong>populi</strong></span> 
     </span>
    </p>
   </div>
   <div class='ocr_carea' id='block_1_24' title="bbox 1909 843 3514 916">
    <p class='ocr_par' dir='ltr' id='par_1_24' title="bbox 1909 843 3514 916">
     <span class='ocr_line' id='line_1_24' title="bbox 1909 843 3514 916; baseline -0.002 -21"><span class='ocrx_word' id='word_1_167' title='bbox 1909 843 2126 910; x_wconf 81' lang='lat' dir='ltr'><strong>Iiniuttt,</strong></span> <span class='ocrx_word' id='word_1_168' title='bbox 2187 845 2333 898; x_wconf 82' lang='lat' dir='ltr'><strong>velut</strong></span> <span class='ocrx_word' id='word_1_169' title='bbox 2390 847 2653 915; x_wconf 83' lang='lat' dir='ltr'><strong>parielem</strong></span> <span class='ocrx_word' id='word_1_170' title='bbox 2709 847 3024 916; x_wconf 72' lang='lat' dir='ltr'><strong>quemdan</strong></span> <span class='ocrx_word' id='word_1_171' title='bbox 3063 843 3349 911; x_wconf 79' lang='lat' dir='ltr'><strong>Quomodo</strong></span> <span class='ocrx_word' id='word_1_172' title='bbox 3416 858 3514 894; x_wconf 89' lang='lat' dir='ltr'><strong>au-</strong></span> 
     </span>
    </p>
   </div>
   <div class='ocr_carea' id='block_1_25' title="bbox 1913 934 3509 1005">
    <p class='ocr_par' dir='ltr' id='par_1_25' title="bbox 1913 934 3509 1005">
     <span class='ocr_line' id='line_1_25' title="bbox 1913 934 3509 1005; baseline 0.001 -20"><span class='ocrx_word' id='word_1_173' title='bbox 1913 942 2018 985; x_wconf 91' lang='lat' dir='ltr'><strong>tem</strong></span> <span class='ocrx_word' id='word_1_174' title='bbox 2083 934 2515 1002; x_wconf 85' lang='lat' dir='ltr'><strong>reprobavernnt</strong></span> <span class='ocrx_word' id='word_1_175' title='bbox 2562 936 2795 1005; x_wconf 80' lang='lat' dir='ltr'><strong>lapidein</strong></span> <span class='ocrx_word' id='word_1_176' title='bbox 2833 935 3027 990; x_wconf 79' lang='lat' dir='ltr'><strong>illum?</strong></span> <span class='ocrx_word' id='word_1_177' title='bbox 3056 935 3180 1002; x_wconf 82' lang='lat' dir='ltr'><strong>quia</strong></span> <span class='ocrx_word' id='word_1_178' title='bbox 3209 935 3463 988; x_wconf 76' lang='lat' dir='ltr'><strong>dicebant</strong></span> <span class='ocrx_word' id='word_1_179' title='bbox 3497 953 3509 987; x_wconf 89' lang='lat'><strong>:</strong></span> 
     </span>
    </p>
   </div>
   <div class='ocr_carea' id='block_1_26' title="bbox 1910 1022 3517 1095">
    <p class='ocr_par' dir='ltr' id='par_1_26' title="bbox 1910 1022 3517 1095">
     <span class='ocr_line' id='line_1_26' title="bbox 1910 1022 3517 1095; baseline 0 -18"><span class='ocrx_word' id='word_1_180' title='bbox 1910 1022 2012 1078; x_wconf 87' lang='lat' dir='ltr'><strong>llic</strong></span> <span class='ocrx_word' id='word_1_181' title='bbox 2046 1040 2150 1078; x_wconf 88' lang='lat' dir='ltr'><strong>non</strong></span> <span class='ocrx_word' id='word_1_182' title='bbox 2197 1035 2277 1080; x_wconf 86' lang='lat' dir='ltr'><strong>est</strong></span> <span class='ocrx_word' id='word_1_183' title='bbox 2315 1040 2380 1082; x_wconf 76' lang='lat' dir='ltr'><strong>ex</strong></span> <span class='ocrx_word' id='word_1_184' title='bbox 2430 1025 2560 1083; x_wconf 93' lang='lat' dir='ltr'><strong>Deo.</strong></span> <span class='ocrx_word' id='word_1_185' title='bbox 2597 1028 2741 1082; x_wconf 92' lang='lat' dir='ltr'><strong>Duas</strong></span> <span class='ocrx_word' id='word_1_186' title='bbox 2803 1039 2985 1081; x_wconf 87' lang='lat' dir='ltr'><strong>autem</strong></span> <span class='ocrx_word' id='word_1_187' title='bbox 3023 1024 3364 1095; x_wconf 85' lang='lat' dir='ltr'><strong>perditiunes</strong></span> <span class='ocrx_word' id='word_1_188' title='bbox 3429 1024 3517 1077; x_wconf 81' lang='lat' dir='ltr'><strong>hic</strong></span> 
     </span>
    </p>
   </div>
   <div class='ocr_carea' id='block_1_27' title="bbox 1910 1113 3515 1187">
    <p class='ocr_par' dir='ltr' id='par_1_27' title="bbox 1910 1113 3515 1187">
     <span class='ocr_line' id='line_1_27' title="bbox 1910 1113 3515 1187; baseline 0.001 -19"><span class='ocrx_word' id='word_1_189' title='bbox 1910 1113 2093 1168; x_wconf 88' lang='lat' dir='ltr'><strong>dicit:</strong></span> <span class='ocrx_word' id='word_1_190' title='bbox 2133 1114 2306 1169; x_wconf 83' lang='lat' dir='ltr'><strong>Unam</strong></span> <span class='ocrx_word' id='word_1_191' title='bbox 2358 1119 2668 1172; x_wconf 85' lang='lat' dir='ltr'><strong>animarum</strong></span> <span class='ocrx_word' id='word_1_192' title='bbox 2724 1119 2939 1173; x_wconf 88' lang='lat' dir='ltr'><strong>illorum</strong></span> <span class='ocrx_word' id='word_1_193' title='bbox 2980 1119 3031 1171; x_wconf 94' lang='lat' dir='ltr'><strong>in</strong></span> <span class='ocrx_word' id='word_1_194' title='bbox 3081 1131 3247 1187; x_wconf 86' lang='lat' dir='ltr'><strong>quam</strong></span> <span class='ocrx_word' id='word_1_195' title='bbox 3308 1115 3515 1170; x_wconf 77' lang='lat' dir='ltr'><strong>incide-</strong></span> 
     </span>
    </p>
   </div>
   <div class='ocr_carea' id='block_1_28' title="bbox 1886 1208 3514 1278">
    <p class='ocr_par' dir='ltr' id='par_1_28' title="bbox 1886 1208 3514 1278">
     <span class='ocr_line' id='line_1_28' title="bbox 1886 1208 3514 1278; baseline -0.001 -16"><span class='ocrx_word' id='word_1_196' title='bbox 1886 1208 2042 1263; x_wconf 82' lang='lat' dir='ltr'><strong>bant</strong></span> <span class='ocrx_word' id='word_1_197' title='bbox 2074 1209 2430 1264; x_wconf 83' lang='lat' dir='ltr'><strong>scandalizati</strong></span> <span class='ocrx_word' id='word_1_198' title='bbox 2465 1228 2476 1263; x_wconf 91' lang='lat'><strong>:</strong></span> <span class='ocrx_word' id='word_1_199' title='bbox 2511 1208 2702 1264; x_wconf 84' lang='lat' dir='ltr'><strong>Omnis</strong></span> <span class='ocrx_word' id='word_1_200' title='bbox 2734 1210 2880 1263; x_wconf 89' lang='lat' dir='ltr'><strong>enim</strong></span> <span class='ocrx_word' id='word_1_201' title='bbox 2915 1209 3005 1278; x_wconf 87' lang='lat' dir='ltr'><strong>qui</strong></span> <span class='ocrx_word' id='word_1_202' title='bbox 3039 1208 3301 1263; x_wconf 85' lang='lat' dir='ltr'><strong>ceciderit</strong></span> <span class='ocrx_word' id='word_1_203' title='bbox 3349 1222 3514 1275; x_wconf 83' lang='lat' dir='ltr'><strong>super</strong></span> 
     </span>
    </p>
   </div>
   <div class='ocr_carea' id='block_1_29' title="bbox 1913 1298 3514 1370">
    <p class='ocr_par' dir='ltr' id='par_1_29' title="bbox 1913 1298 3514 1370">
     <span class='ocr_line' id='line_1_29' title="bbox 1913 1298 3514 1370; baseline 0.001 -20"><span class='ocrx_word' id='word_1_204' title='bbox 1913 1298 2143 1368; x_wconf 88' lang='lat' dir='ltr'><strong>lapidem</strong></span> <span class='ocrx_word' id='word_1_205' title='bbox 2203 1299 2419 1365; x_wconf 89' lang='lat' dir='ltr'><strong>istum,</strong></span> <span class='ocrx_word' id='word_1_206' title='bbox 2465 1298 2881 1370; x_wconf 78' lang='lat' dir='ltr'><strong>confringatur;</strong></span> <span class='ocrx_word' id='word_1_207' title='bbox 2933 1299 3159 1355; x_wconf 85' lang='lat' dir='ltr'><strong>alteram</strong></span> <span class='ocrx_word' id='word_1_208' title='bbox 3220 1299 3514 1368; x_wconf 77' lang='lat' dir='ltr'><strong>captivita-</strong></span> 
     </span>
    </p>
   </div>
   <div class='ocr_carea' id='block_1_30' title="bbox 1913 1393 3517 1465">
    <p class='ocr_par' dir='ltr' id='par_1_30' title="bbox 1913 1393 3517 1465">
     <span class='ocr_line' id='line_1_30' title="bbox 1913 1393 3517 1465; baseline -0.001 -17"><span class='ocrx_word' id='word_1_209' title='bbox 1913 1394 2001 1459; x_wconf 90' lang='lat' dir='ltr'><strong>tis,</strong></span> <span class='ocrx_word' id='word_1_210' title='bbox 2038 1411 2201 1464; x_wconf 83' lang='lat' dir='ltr'><strong>quant</strong></span> <span class='ocrx_word' id='word_1_211' title='bbox 2252 1404 2597 1465; x_wconf 85' lang='lat' dir='ltr'><strong>contemptus</strong></span> <span class='ocrx_word' id='word_1_212' title='bbox 2643 1397 2732 1450; x_wconf 86' lang='lat' dir='ltr'><strong>ille</strong></span> <span class='ocrx_word' id='word_1_213' title='bbox 2762 1395 2898 1465; x_wconf 81' lang='lat' dir='ltr'><strong>lapis</strong></span> <span class='ocrx_word' id='word_1_214' title='bbox 2926 1397 3006 1452; x_wconf 89' lang='lat' dir='ltr'><strong>eis</strong></span> <span class='ocrx_word' id='word_1_215' title='bbox 3039 1395 3303 1450; x_wconf 89' lang='lat' dir='ltr'><strong>attulerit.</strong></span> <span class='ocrx_word' id='word_1_216' title='bbox 3338 1393 3517 1462; x_wconf 78' lang='lat' dir='ltr'><strong>Super</strong></span> 
     </span>
    </p>
   </div>
   <div class='ocr_carea' id='block_1_31' title="bbox 1909 1487 3516 1561">
    <p class='ocr_par' dir='ltr' id='par_1_31' title="bbox 1909 1487 3516 1561">
     <span class='ocr_line' id='line_1_31' title="bbox 1909 1487 3516 1561; baseline -0.001 -22"><span class='ocrx_word' id='word_1_217' title='bbox 1909 1501 2071 1554; x_wconf 83' lang='lat' dir='ltr'><strong>quem</strong></span> <span class='ocrx_word' id='word_1_218' title='bbox 2125 1488 2269 1541; x_wconf 89' lang='lat' dir='ltr'><strong>enim</strong></span> <span class='ocrx_word' id='word_1_219' title='bbox 2304 1487 2614 1561; x_wconf 86' lang='lat' dir='ltr'><strong>_ceciderit,</strong></span> <span class='ocrx_word' id='word_1_220' title='bbox 2676 1488 2916 1543; x_wconf 79' lang='lat' dir='ltr'><strong>dissilire</strong></span> <span class='ocrx_word' id='word_1_221' title='bbox 2979 1487 3128 1542; x_wconf 87' lang='lat' dir='ltr'><strong>illmn</strong></span> <span class='ocrx_word' id='word_1_222' title='bbox 3187 1487 3374 1542; x_wconf 70' lang='lat' dir='ltr'><strong>facTet.</strong></span> <span class='ocrx_word' id='word_1_223' title='bbox 3423 1487 3516 1540; x_wconf 76' lang='lat' dir='ltr'><strong>Sir.</strong></span> 
     </span>
    </p>
   </div>
   <div class='ocr_carea' id='block_1_32' title="bbox 1912 1579 3535 1652">
    <p class='ocr_par' dir='ltr' id='par_1_32' title="bbox 1912 1579 3535 1652">
     <span class='ocr_line' id='line_1_32' title="bbox 1912 1579 3535 1652; baseline 0.001 -20"><span class='ocrx_word' id='word_1_224' title='bbox 1912 1579 2080 1651; x_wconf 79' lang='lat' dir='ltr'><strong>igitur</strong></span> <span class='ocrx_word' id='word_1_225' title='bbox 2134 1581 2490 1636; x_wconf 88' lang='lat' dir='ltr'><strong>dissiluerunt</strong></span> <span class='ocrx_word' id='word_1_226' title='bbox 2541 1581 2735 1646; x_wconf 72' lang='lat' dir='ltr'><strong>Judrei,</strong></span> <span class='ocrx_word' id='word_1_227' title='bbox 2787 1589 2841 1636; x_wconf 90' lang='lat' dir='ltr'><strong>et</strong></span> <span class='ocrx_word' id='word_1_228' title='bbox 2884 1582 3117 1652; x_wconf 69' lang='lat' dir='ltr'><strong>dispersi</strong></span> <span class='ocrx_word' id='word_1_229' title='bbox 3172 1590 3322 1646; x_wconf 89' lang='lat' dir='ltr'><strong>sunt,</strong></span> <span class='ocrx_word' id='word_1_230' title='bbox 3373 1580 3535 1635; x_wconf 82' lang='lat' dir='ltr'><strong>sicut-</strong></span> 
     </span>
    </p>
   </div>
   <div class='ocr_carea' id='block_1_33' title="bbox 1915 1673 3515 1747">
    <p class='ocr_par' dir='ltr' id='par_1_33' title="bbox 1915 1673 3515 1747">
     <span class='ocr_line' id='line_1_33' title="bbox 1915 1673 3515 1747; baseline 0.002 -22"><span class='ocrx_word' id='word_1_231' title='bbox 1915 1673 2084 1741; x_wconf 79' lang='lat' dir='ltr'><strong>paleae</strong></span> <span class='ocrx_word' id='word_1_232' title='bbox 2105 1675 2174 1727; x_wconf 82' lang='lat' dir='ltr'><strong>ab</strong></span> <span class='ocrx_word' id='word_1_233' title='bbox 2206 1689 2312 1727; x_wconf 90' lang='lat' dir='ltr'><strong>una</strong></span> <span class='ocrx_word' id='word_1_234' title='bbox 2347 1689 2472 1729; x_wconf 90' lang='lat' dir='ltr'><strong>area</strong></span> <span class='ocrx_word' id='word_1_235' title='bbox 2498 1673 2697 1729; x_wconf 66' lang='lat' dir='ltr'><strong>ludam</strong></span> <span class='ocrx_word' id='word_1_236' title='bbox 2732 1675 2784 1728; x_wconf 94' lang='lat' dir='ltr'><strong>in</strong></span> <span class='ocrx_word' id='word_1_237' title='bbox 2818 1683 2993 1730; x_wconf 88' lang='lat' dir='ltr'><strong>totum</strong></span> <span class='ocrx_word' id='word_1_238' title='bbox 3025 1673 3194 1747; x_wconf 64' lang='grc'><strong>454</strong></span> <span class='ocrx_word' id='word_1_239' title='bbox 3227 1673 3515 1729; x_wconf 86' lang='lat' dir='ltr'><strong>mundum.</strong></span> 
     </span>
    </p>
   </div>
   <div class='ocr_carea' id='block_1_34' title="bbox 212 1737 1820 1858">
    <p class='ocr_par' dir='ltr' id='par_1_34' title="bbox 212 1737 1807 1858">
     <span class='ocr_line' id='line_1_34' title="bbox 212 1737 1807 1858; baseline -0.001 -29"><span class='ocrx_word' id='word_1_240' title='bbox 212 1775 402 1858; x_wconf 70' lang='grc' dir='ltr'>Οὕτως</span> <span class='ocrx_word' id='word_1_241' title='bbox 427 1737 522 1827; x_wconf 79' lang='grc' dir='ltr'><strong>οῦν</strong></span> <span class='ocrx_word' id='word_1_242' title='bbox 575 1737 957 1844; x_wconf 72' lang='grc' dir='ltr'>ἐλικμήθησαν</span> <span class='ocrx_word' id='word_1_243' title='bbox 983 1737 1036 1825; x_wconf 49' lang='grc' dir='ltr'>ὀἱ</span> <span class='ocrx_word' id='word_1_244' title='bbox 1065 1737 1348 1839; x_wconf 35' lang='grc' dir='ltr'>’Ἰουδαίοῃ</span> <span class='ocrx_word' id='word_1_245' title='bbox 1381 1737 1807 1844; x_wconf 36' lang='grc' dir='ltr'>καὶσδιεσπάρη-</span> 
     </span>
    </p>
   </div>
   <div class='ocr_carea' id='block_1_35' title="bbox 1927 1737 3520 1858">
    <p class='ocr_par' dir='ltr' id='par_1_35' title="bbox 1927 1764 3520 1837">
     <span class='ocr_line' id='line_1_35' title="bbox 1927 1764 3520 1837; baseline -0.001 -17"><span class='ocrx_word' id='word_1_246' title='bbox 1927 1764 2154 1820; x_wconf 69' lang='lat' dir='ltr'><strong>Dbserva</strong></span> <span class='ocrx_word' id='word_1_247' title='bbox 2192 1778 2374 1821; x_wconf 89' lang='lat' dir='ltr'><strong>autem</strong></span> <span class='ocrx_word' id='word_1_248' title='bbox 2438 1766 2583 1837; x_wconf 90' lang='lat' dir='ltr'><strong>quod</strong></span> <span class='ocrx_word' id='word_1_249' title='bbox 2642 1767 2718 1820; x_wconf 88' lang='lat' dir='ltr'><strong>illi</strong></span> <span class='ocrx_word' id='word_1_250' title='bbox 2773 1768 2926 1837; x_wconf 91' lang='lat' dir='ltr'><strong>prius</strong></span> <span class='ocrx_word' id='word_1_251' title='bbox 2979 1769 3301 1823; x_wconf 88' lang='lat' dir='ltr'><strong>ceciderunt</strong></span> <span class='ocrx_word' id='word_1_252' title='bbox 3351 1781 3520 1836; x_wconf 82' lang='lat' dir='ltr'><strong>super</strong></span> 
     </span>
    </p>
   </div>
   <div class='ocr_carea' id='block_1_36' title="bbox 208 1864 1804 1936">
    <p class='ocr_par' dir='ltr' id='par_1_36' title="bbox 208 1864 1804 1936">
     <span class='ocr_line' id='line_1_36' title="bbox 208 1864 1804 1936; baseline -0.001 -18"><span class='ocrx_word' id='word_1_253' title='bbox 208 1884 332 1934; x_wconf 86' lang='grc' dir='ltr'>σαν,</span> <span class='ocrx_word' id='word_1_254' title='bbox 366 1867 558 1936; x_wconf 79' lang='grc' dir='ltr'>ὥσπερ</span> <span class='ocrx_word' id='word_1_255' title='bbox 588 1865 772 1936; x_wconf 79' lang='grc' dir='ltr'>ἄχυρα</span> <span class='ocrx_word' id='word_1_256' title='bbox 799 1865 905 1918; x_wconf 82' lang='grc' dir='ltr'>ἀπὸ</span> <span class='ocrx_word' id='word_1_257' title='bbox 937 1867 1069 1934; x_wconf 78' lang='grc' dir='ltr'>μιᾶς</span> <span class='ocrx_word' id='word_1_258' title='bbox 1119 1865 1347 1930; x_wconf 75' lang='grc' dir='ltr'>ἅλωνος,</span> <span class='ocrx_word' id='word_1_259' title='bbox 1381 1864 1481 1932; x_wconf 78' lang='grc' dir='ltr'>τῆς</span> <span class='ocrx_word' id='word_1_260' title='bbox 1522 1865 1804 1929; x_wconf 78' lang='grc' dir='ltr'><strong>Ἰουδαίας,</strong></span> 
     </span>
    </p>
   </div>
   <div class='ocr_carea' id='block_1_37' title="bbox 206 1958 1806 2029">
    <p class='ocr_par' dir='ltr' id='par_1_37' title="bbox 206 1958 1806 2029">
     <span class='ocr_line' id='line_1_37' title="bbox 206 1958 1806 2029; baseline -0.001 -18"><span class='ocrx_word' id='word_1_261' title='bbox 206 1961 286 2021; x_wconf 78' lang='grc' dir='ltr'><strong>είς</strong></span> <span class='ocrx_word' id='word_1_262' title='bbox 321 1960 498 2013; x_wconf 69' lang='grc' dir='ltr'>πάντα</span> <span class='ocrx_word' id='word_1_263' title='bbox 535 1959 627 2011; x_wconf 80' lang='grc' dir='ltr'><strong>τὸν</strong></span> <span class='ocrx_word' id='word_1_264' title='bbox 659 1959 884 2028; x_wconf 78' lang='grc' dir='ltr'>κόσμον.</span> <span class='ocrx_word' id='word_1_265' title='bbox 916 1958 1327 2027; x_wconf 84' lang='grc' dir='ltr'>Παρατήρησον</span> <span class='ocrx_word' id='word_1_266' title='bbox 1361 1959 1441 2021; x_wconf 78' lang='grc' dir='ltr'><strong>δὲ,</strong></span> <span class='ocrx_word' id='word_1_267' title='bbox 1474 1958 1557 2010; x_wconf 79' lang='grc' dir='ltr'><strong>ὅτι</strong></span> <span class='ocrx_word' id='word_1_268' title='bbox 1607 1960 1806 2029; x_wconf 86' lang='grc' dir='ltr'>πρότε-</span> 
     </span>
    </p>
   </div>
   <div class='ocr_carea' id='block_1_38' title="bbox 210 2049 1812 2118">
    <p class='ocr_par' dir='ltr' id='par_1_38' title="bbox 210 2049 1812 2118">
     <span class='ocr_line' id='line_1_38' title="bbox 210 2049 1812 2118; baseline 0 -16"><span class='ocrx_word' id='word_1_269' title='bbox 210 2067 306 2118; x_wconf 79' lang='grc' dir='ltr'><strong>ρον</strong></span> <span class='ocrx_word' id='word_1_270' title='bbox 341 2052 542 2103; x_wconf 80' lang='grc' dir='ltr'>ἐκείνοι</span> <span class='ocrx_word' id='word_1_271' title='bbox 593 2050 792 2101; x_wconf 72' lang='grc' dir='ltr'>ἔπεσον</span> <span class='ocrx_word' id='word_1_272' title='bbox 838 2050 933 2103; x_wconf 80' lang='grc' dir='ltr'>ἐπὶ</span> <span class='ocrx_word' id='word_1_273' title='bbox 969 2049 1059 2102; x_wconf 79' lang='grc' dir='ltr'><strong>τὸν</strong></span> <span class='ocrx_word' id='word_1_274' title='bbox 1085 2049 1257 2112; x_wconf 87' lang='grc' dir='ltr'>λίθον,</span> <span class='ocrx_word' id='word_1_275' title='bbox 1282 2049 1590 2114; x_wconf 79' lang='grc' dir='ltr'><strong>τουτέστιν,</strong></span> <span class='ocrx_word' id='word_1_276' title='bbox 1612 2051 1812 2103; x_wconf 80' lang='grc' dir='ltr'>ἐσκαν-</span> 
     </span>
    </p>
   </div>
   <div class='ocr_carea' id='block_1_39' title="bbox 203 2136 1808 2212">
    <p class='ocr_par' dir='ltr' id='par_1_39' title="bbox 203 2136 1808 2212">
     <span class='ocr_line' id='line_1_39' title="bbox 203 2136 1808 2212; baseline 0 -17"><span class='ocrx_word' id='word_1_277' title='bbox 203 2140 563 2212; x_wconf 78' lang='grc' dir='ltr'>δαλίσθησαν,</span> <span class='ocrx_word' id='word_1_278' title='bbox 592 2136 693 2193; x_wconf 79' lang='grc' dir='ltr'>εἷθ’</span> <span class='ocrx_word' id='word_1_279' title='bbox 729 2140 903 2204; x_wconf 82' lang='grc' dir='ltr'>οὕτως</span> <span class='ocrx_word' id='word_1_280' title='bbox 955 2143 983 2194; x_wconf 91' lang='lat'><strong>6</strong></span> <span class='ocrx_word' id='word_1_281' title='bbox 1026 2140 1171 2204; x_wconf 82' lang='grc' dir='ltr'>λίθος</span> <span class='ocrx_word' id='word_1_282' title='bbox 1216 2141 1414 2195; x_wconf 83' lang='grc' dir='ltr'>ἔπεσεν</span> <span class='ocrx_word' id='word_1_283' title='bbox 1455 2143 1543 2195; x_wconf 84' lang='grc' dir='ltr'>ἐπ’</span> <span class='ocrx_word' id='word_1_284' title='bbox 1588 2143 1808 2209; x_wconf 72' lang='grc' dir='ltr'>αὐτοὺς,</span> 
     </span>
    </p>
   </div>
   <div class='ocr_carea' id='block_1_40' title="bbox 206 2223 1808 2304">
    <p class='ocr_par' dir='ltr' id='par_1_40' title="bbox 206 2223 1808 2304">
     <span class='ocr_line' id='line_1_40' title="bbox 206 2223 1808 2304; baseline 0 -20"><span class='ocrx_word' id='word_1_285' title='bbox 206 2223 302 2286; x_wconf 76' lang='grc' dir='ltr'><strong>καὶ</strong></span> <span class='ocrx_word' id='word_1_286' title='bbox 336 2233 740 2303; x_wconf 81' lang='grc' dir='ltr'>ἐτιμωρήσατο·</span> <span class='ocrx_word' id='word_1_287' title='bbox 777 2235 1106 2302; x_wconf 86' lang='grc' dir='ltr'>προηγεῖται</span> <span class='ocrx_word' id='word_1_288' title='bbox 1137 2232 1247 2304; x_wconf 74' lang='grc' dir='ltr'><strong>γὰρ</strong></span> <span class='ocrx_word' id='word_1_289' title='bbox 1297 2236 1327 2304; x_wconf 91' lang='grc' dir='ltr'><strong>ή</strong></span> <span class='ocrx_word' id='word_1_290' title='bbox 1382 2234 1492 2303; x_wconf 86' lang='grc' dir='ltr'>ἐμὴ</span> <span class='ocrx_word' id='word_1_291' title='bbox 1537 2233 1808 2303; x_wconf 77' lang='grc' dir='ltr'>ἁμαρτία,</span> 
     </span>
    </p>
   </div>
   <div class='ocr_carea' id='block_1_41' title="bbox 211 2321 1809 2396">
    <p class='ocr_par' dir='ltr' id='par_1_41' title="bbox 211 2321 1809 2396">
     <span class='ocr_line' id='line_1_41' title="bbox 211 2321 1809 2396; baseline -0.001 -17"><span class='ocrx_word' id='word_1_292' title='bbox 211 2321 314 2379; x_wconf 80' lang='grc' dir='ltr'>εἷθ’</span> <span class='ocrx_word' id='word_1_293' title='bbox 343 2323 516 2387; x_wconf 75' lang='grc' dir='ltr'>οὕτως</span> <span class='ocrx_word' id='word_1_294' title='bbox 546 2326 578 2396; x_wconf 84' lang='grc' dir='ltr'><strong>ή</strong></span> <span class='ocrx_word' id='word_1_295' title='bbox 608 2324 701 2377; x_wconf 87' lang='grc' dir='ltr'><strong>τοῦ</strong></span> <span class='ocrx_word' id='word_1_296' title='bbox 734 2324 869 2377; x_wconf 85' lang='grc' dir='ltr'><strong>Θεοῦ</strong></span> <span class='ocrx_word' id='word_1_297' title='bbox 898 2324 985 2377; x_wconf 85' lang='grc' dir='ltr'>ἐπ’</span> <span class='ocrx_word' id='word_1_298' title='bbox 1012 2325 1113 2396; x_wconf 78' lang='grc' dir='ltr'>ἐμὲ</span> <span class='ocrx_word' id='word_1_299' title='bbox 1136 2326 1320 2378; x_wconf 88' lang='grc' dir='ltr'>δικαία</span> <span class='ocrx_word' id='word_1_300' title='bbox 1357 2326 1620 2396; x_wconf 79' lang='grc' dir='ltr'>τιμωρία.</span> <span class='ocrx_word' id='word_1_301' title='bbox 1669 2325 1809 2380; x_wconf 84' lang='grc' dir='ltr'>Ἀλλ’</span> 
     </span>
    </p>
   </div>
   <div class='ocr_carea' id='block_1_42' title="bbox 204 2416 1810 2487">
    <p class='ocr_par' dir='ltr' id='par_1_42' title="bbox 204 2416 1810 2487">
     <span class='ocr_line' id='line_1_42' title="bbox 204 2416 1810 2487; baseline 0 -16"><span class='ocrx_word' id='word_1_302' title='bbox 204 2419 262 2471; x_wconf 79' lang='lat' dir='ltr'><strong>ot</strong></span> <span class='ocrx_word' id='word_1_303' title='bbox 309 2416 408 2487; x_wconf 76' lang='grc' dir='ltr'><strong>μὲν</strong></span> <span class='ocrx_word' id='word_1_304' title='bbox 462 2417 713 2470; x_wconf 83' lang='grc' dir='ltr'>Ἰουδαῖοι</span> <span class='ocrx_word' id='word_1_305' title='bbox 763 2417 1180 2485; x_wconf 74' lang='grc' dir='ltr'><strong>ἀπεδοκίμασαν</strong></span> <span class='ocrx_word' id='word_1_306' title='bbox 1225 2418 1318 2472; x_wconf 81' lang='grc' dir='ltr'><strong>τὸν</strong></span> <span class='ocrx_word' id='word_1_307' title='bbox 1357 2418 1508 2471; x_wconf 87' lang='grc' dir='ltr'>λίθον</span> <span class='ocrx_word' id='word_1_308' title='bbox 1535 2419 1749 2472; x_wconf 86' lang='grc' dir='ltr'>τοῦτον·</span> <span class='ocrx_word' id='word_1_309' title='bbox 1781 2420 1810 2471; x_wconf 81' lang='lat'><strong>6</strong></span> 
     </span>
    </p>
   </div>
   <div class='ocr_carea' id='block_1_43' title="bbox 206 2507 1809 2582">
    <p class='ocr_par' dir='ltr' id='par_1_43' title="bbox 206 2507 1809 2582">
     <span class='ocr_line' id='line_1_43' title="bbox 206 2507 1809 2582; baseline 0.002 -20"><span class='ocrx_word' id='word_1_310' title='bbox 206 2509 265 2562; x_wconf 79' lang='grc' dir='ltr'>δὲ</span> <span class='ocrx_word' id='word_1_311' title='bbox 301 2509 558 2563; x_wconf 84' lang='grc' dir='ltr'>τοσοῦτον</span> <span class='ocrx_word' id='word_1_312' title='bbox 589 2507 656 2580; x_wconf 81' lang='grc' dir='ltr'>ἦν</span> <span class='ocrx_word' id='word_1_313' title='bbox 677 2509 863 2576; x_wconf 72' lang='grc' dir='ltr'>καλὸς,</span> <span class='ocrx_word' id='word_1_314' title='bbox 905 2511 1001 2564; x_wconf 69' lang='grc' dir='ltr'><strong>καὶ</strong></span> <span class='ocrx_word' id='word_1_315' title='bbox 1033 2510 1313 2577; x_wconf 79' lang='grc' dir='ltr'>ἐκλεκτὸς,</span> <span class='ocrx_word' id='word_1_316' title='bbox 1333 2511 1478 2566; x_wconf 81' lang='grc' dir='ltr'>ὥστε</span> <span class='ocrx_word' id='word_1_317' title='bbox 1510 2515 1590 2576; x_wconf 88' lang='grc' dir='ltr'><strong>είς</strong></span> <span class='ocrx_word' id='word_1_318' title='bbox 1632 2529 1809 2582; x_wconf 84' lang='grc' dir='ltr'>κεφα-</span> 
     </span>
    </p>
   </div>
   <div class='ocr_carea' id='block_1_44' title="bbox 209 2603 1811 2676">
    <p class='ocr_par' dir='ltr' id='par_1_44' title="bbox 209 2603 1811 2676">
     <span class='ocr_line' id='line_1_44' title="bbox 209 2603 1811 2676; baseline 0.002 -21"><span class='ocrx_word' id='word_1_319' title='bbox 209 2603 310 2673; x_wconf 77' lang='grc' dir='ltr'><strong>λήν</strong></span> <span class='ocrx_word' id='word_1_320' title='bbox 357 2605 563 2671; x_wconf 82' lang='grc' dir='ltr'>γωνίας</span> <span class='ocrx_word' id='word_1_321' title='bbox 604 2604 850 2675; x_wconf 84' lang='grc' dir='ltr'>τεθῆναι,</span> <span class='ocrx_word' id='word_1_322' title='bbox 882 2606 975 2658; x_wconf 74' lang='grc' dir='ltr'><strong>καὶ</strong></span> <span class='ocrx_word' id='word_1_323' title='bbox 1017 2605 1114 2658; x_wconf 80' lang='grc' dir='ltr'><strong>δύο</strong></span> <span class='ocrx_word' id='word_1_324' title='bbox 1157 2605 1376 2675; x_wconf 83' lang='grc' dir='ltr'>τοίχους</span> <span class='ocrx_word' id='word_1_325' title='bbox 1434 2605 1811 2676; x_wconf 71' lang='grc' dir='ltr'>συμϐαλέσθαι</span> 
     </span>
    </p>
   </div>
   <div class='ocr_carea' id='block_1_45' title="bbox 212 2694 1812 2759">
    <p class='ocr_par' dir='ltr' id='par_1_45' title="bbox 212 2694 1812 2759">
     <span class='ocr_line' id='line_1_45' title="bbox 212 2694 1812 2759; baseline 0.001 -11"><span class='ocrx_word' id='word_1_326' title='bbox 212 2697 307 2748; x_wconf 74' lang='grc' dir='ltr'>καὶ</span> <span class='ocrx_word' id='word_1_327' title='bbox 362 2694 585 2759; x_wconf 79' lang='grc' dir='ltr'>ὲνῶσαι,</span> <span class='ocrx_word' id='word_1_328' title='bbox 615 2695 686 2747; x_wconf 83' lang='grc' dir='ltr'>τά</span> <span class='ocrx_word' id='word_1_329' title='bbox 736 2713 796 2748; x_wconf 86' lang='grc' dir='ltr'><strong>τε</strong></span> <span class='ocrx_word' id='word_1_330' title='bbox 833 2695 1042 2749; x_wconf 79' lang='grc' dir='ltr'>παλαιὰ</span> <span class='ocrx_word' id='word_1_331' title='bbox 1092 2695 1274 2750; x_wconf 76' lang='grc' dir='ltr'>καὶτὰ</span> <span class='ocrx_word' id='word_1_332' title='bbox 1305 2696 1418 2751; x_wconf 79' lang='grc' dir='ltr'>νέα.</span> <span class='ocrx_word' id='word_1_333' title='bbox 1455 2697 1652 2751; x_wconf 74' lang='grc' dir='ltr'>Καίτοι</span> <span class='ocrx_word' id='word_1_334' title='bbox 1705 2696 1812 2750; x_wconf 79' lang='grc' dir='ltr'>ἔδει</span> 
     </span>
    </p>
   </div>
   <div class='ocr_carea' id='block_1_46' title="bbox 210 2785 1811 2858">
    <p class='ocr_par' dir='ltr' id='par_1_46' title="bbox 210 2785 1811 2858">
     <span class='ocr_line' id='line_1_46' title="bbox 210 2785 1811 2858; baseline 0.002 -18"><span class='ocrx_word' id='word_1_335' title='bbox 210 2787 411 2847; x_wconf 65' lang='grc' dir='ltr'>αὐτοὺς</span> <span class='ocrx_word' id='word_1_336' title='bbox 453 2785 688 2840; x_wconf 85' lang='grc' dir='ltr'>ἀκοῦσαι</span> <span class='ocrx_word' id='word_1_337' title='bbox 739 2786 965 2840; x_wconf 81' lang='grc' dir='ltr'>Ἡσαΐου</span> <span class='ocrx_word' id='word_1_338' title='bbox 1012 2788 1289 2856; x_wconf 71' lang='grc' dir='ltr'>λέγοντος*</span> <span class='ocrx_word' id='word_1_339' title='bbox 1335 2807 1354 2840; x_wconf 73' lang='grc' dir='ltr'>ι</span> <span class='ocrx_word' id='word_1_340' title='bbox 1408 2788 1613 2858; x_wconf 82' lang='grc' dir='ltr'>Κύριον</span> <span class='ocrx_word' id='word_1_341' title='bbox 1646 2789 1811 2844; x_wconf 69' lang='grc' dir='ltr'>αὐτὸν</span> 
     </span>
    </p>
   </div>
   <div class='ocr_carea' id='block_1_47' title="bbox 207 2879 1812 2952">
    <p class='ocr_par' dir='ltr' id='par_1_47' title="bbox 207 2879 1812 2952">
     <span class='ocr_line' id='line_1_47' title="bbox 207 2879 1812 2952; baseline 0.001 -20"><span class='ocrx_word' id='word_1_342' title='bbox 207 2880 500 2946; x_wconf 72' lang='grc' dir='ltr'>ἁγιάσατε,</span> <span class='ocrx_word' id='word_1_343' title='bbox 536 2880 630 2932; x_wconf 70' lang='grc' dir='ltr'>καὶ</span> <span class='ocrx_word' id='word_1_344' title='bbox 655 2879 818 2942; x_wconf 70' lang='grc' dir='ltr'>αύτδς</span> <span class='ocrx_word' id='word_1_345' title='bbox 855 2879 1009 2933; x_wconf 74' lang='grc' dir='ltr'>ἔσται</span> <span class='ocrx_word' id='word_1_346' title='bbox 1043 2881 1174 2950; x_wconf 80' lang='grc' dir='ltr'>ὑμῖν</span> <span class='ocrx_word' id='word_1_347' title='bbox 1226 2881 1418 2950; x_wconf 87' lang='grc' dir='ltr'>φόϐος,</span> <span class='ocrx_word' id='word_1_348' title='bbox 1462 2881 1560 2936; x_wconf 78' lang='grc' dir='ltr'>καὶ</span> <span class='ocrx_word' id='word_1_349' title='bbox 1591 2883 1691 2952; x_wconf 76' lang='grc' dir='ltr'>οὐχ</span> <span class='ocrx_word' id='word_1_350' title='bbox 1736 2882 1812 2945; x_wconf 82' lang='grc' dir='ltr'>ὡς</span> 
     </span>
    </p>
   </div>
   <div class='ocr_carea' id='block_1_48' title="bbox 211 2971 1812 3044">
    <p class='ocr_par' dir='ltr' id='par_1_48' title="bbox 211 2971 1812 3044">
     <span class='ocr_line' id='line_1_48' title="bbox 211 2971 1812 3044; baseline 0.002 -20"><span class='ocrx_word' id='word_1_351' title='bbox 211 2971 366 3025; x_wconf 82' lang='grc' dir='ltr'>λίθου</span> <span class='ocrx_word' id='word_1_352' title='bbox 431 2972 822 3044; x_wconf 75' lang='grc' dir='ltr'>προσκόμματι</span> <span class='ocrx_word' id='word_1_353' title='bbox 886 2975 1255 3044; x_wconf 73' lang='grc' dir='ltr'>συναντήσετε</span> <span class='ocrx_word' id='word_1_354' title='bbox 1317 2974 1492 3043; x_wconf 81' lang='grc' dir='ltr'>αὐτῷ,</span> <span class='ocrx_word' id='word_1_355' title='bbox 1555 2975 1663 3027; x_wconf 75' lang='grc' dir='ltr'>οὐδ’</span> <span class='ocrx_word' id='word_1_356' title='bbox 1737 2978 1812 3038; x_wconf 83' lang='grc' dir='ltr'>ὡς</span> 
     </span>
    </p>
   </div>
   <div class='ocr_carea' id='block_1_49' title="bbox 1915 1859 3520 1929">
    <p class='ocr_par' dir='ltr' id='par_1_49' title="bbox 1915 1859 3520 1929">
     <span class='ocr_line' id='line_1_49' title="bbox 1915 1859 3520 1929; baseline 0.001 -16"><span class='ocrx_word' id='word_1_357' title='bbox 1915 1859 2171 1926; x_wconf 86' lang='lat' dir='ltr'><strong>lapidem,</strong></span> <span class='ocrx_word' id='word_1_358' title='bbox 2214 1861 2318 1914; x_wconf 88' lang='lat' dir='ltr'><strong>hoc</strong></span> <span class='ocrx_word' id='word_1_359' title='bbox 2367 1863 2471 1924; x_wconf 90' lang='lat' dir='ltr'><strong>e&#39;st,</strong></span> <span class='ocrx_word' id='word_1_360' title='bbox 2523 1860 2882 1916; x_wconf 82' lang='lat' dir='ltr'><strong>scandalizati</strong></span> <span class='ocrx_word' id='word_1_361' title='bbox 2932 1869 3084 1926; x_wconf 90' lang='lat' dir='ltr'><strong>sunt,</strong></span> <span class='ocrx_word' id='word_1_362' title='bbox 3119 1860 3324 1915; x_wconf 86' lang='lat' dir='ltr'><strong>deinde</strong></span> <span class='ocrx_word' id='word_1_363' title='bbox 3379 1861 3520 1929; x_wconf 82' lang='lat' dir='ltr'><strong>lapis</strong></span> 
     </span>
    </p>
   </div>
   <div class='ocr_carea' id='block_1_50' title="bbox 1915 1952 3517 2024">
    <p class='ocr_par' dir='ltr' id='par_1_50' title="bbox 1915 1952 3517 2024">
     <span class='ocr_line' id='line_1_50' title="bbox 1915 1952 3517 2024; baseline 0.001 -18"><span class='ocrx_word' id='word_1_364' title='bbox 1915 1952 2113 2006; x_wconf 84' lang='lat' dir='ltr'><strong>cecidit</strong></span> <span class='ocrx_word' id='word_1_365' title='bbox 2139 1966 2302 2022; x_wconf 82' lang='lat' dir='ltr'><strong>super</strong></span> <span class='ocrx_word' id='word_1_366' title='bbox 2328 1965 2443 2019; x_wconf 90' lang='lat' dir='ltr'><strong>eos,</strong></span> <span class='ocrx_word' id='word_1_367' title='bbox 2479 1961 2533 2008; x_wconf 90' lang='lat' dir='ltr'><strong>et</strong></span> <span class='ocrx_word' id='word_1_368' title='bbox 2574 1952 2719 2007; x_wconf 89' lang='lat' dir='ltr'><strong>ultus</strong></span> <span class='ocrx_word' id='word_1_369' title='bbox 2745 1963 2830 2008; x_wconf 90' lang='lat' dir='ltr'><strong>est</strong></span> <span class='ocrx_word' id='word_1_370' title='bbox 2858 1953 2978 2008; x_wconf 88' lang='lat' dir='ltr'><strong>illos</strong></span> <span class='ocrx_word' id='word_1_371' title='bbox 3016 1969 3030 2006; x_wconf 90' lang='lat'>:</span> <span class='ocrx_word' id='word_1_372' title='bbox 3069 1953 3333 2024; x_wconf 76' lang='lat' dir='ltr'><strong>przecedit</strong></span> <span class='ocrx_word' id='word_1_373' title='bbox 3370 1953 3517 2007; x_wconf 86' lang='lat' dir='ltr'><strong>enim</strong></span> 
     </span>
    </p>
   </div>
   <div class='ocr_carea' id='block_1_51' title="bbox 1913 2045 3522 2117">
    <p class='ocr_par' dir='ltr' id='par_1_51' title="bbox 1913 2045 3522 2117">
     <span class='ocr_line' id='line_1_51' title="bbox 1913 2045 3522 2117; baseline 0.002 -20"><span class='ocrx_word' id='word_1_374' title='bbox 1913 2057 2197 2114; x_wconf 81' lang='lat' dir='ltr'><strong>peccatum</strong></span> <span class='ocrx_word' id='word_1_375' title='bbox 2239 2061 2437 2112; x_wconf 91' lang='lat' dir='ltr'><strong>meum,</strong></span> <span class='ocrx_word' id='word_1_376' title='bbox 2488 2046 2684 2102; x_wconf 87' lang='lat' dir='ltr'><strong>deinde</strong></span> <span class='ocrx_word' id='word_1_377' title='bbox 2723 2047 2972 2117; x_wconf 77' lang='lat' dir='ltr'><strong>sequitur</strong></span> <span class='ocrx_word' id='word_1_378' title='bbox 3000 2058 3055 2101; x_wconf 90' lang='lat' dir='ltr'><strong>et</strong></span> <span class='ocrx_word' id='word_1_379' title='bbox 3091 2047 3239 2117; x_wconf 85' lang='lat' dir='ltr'><strong>justa</strong></span> <span class='ocrx_word' id='word_1_380' title='bbox 3275 2045 3367 2102; x_wconf 91' lang='lat' dir='ltr'><strong>Dei</strong></span> <span class='ocrx_word' id='word_1_381' title='bbox 3405 2048 3522 2100; x_wconf 85' lang='lat' dir='ltr'><strong>vin-</strong></span> 
     </span>
    </p>
   </div>
   <div class='ocr_carea' id='block_1_52' title="bbox 1905 2138 3519 2209">
    <p class='ocr_par' dir='ltr' id='par_1_52' title="bbox 1905 2138 3519 2209">
     <span class='ocr_line' id='line_1_52' title="bbox 1905 2138 3519 2209; baseline 0 -18"><span class='ocrx_word' id='word_1_382' title='bbox 1905 2141 2080 2193; x_wconf 76' lang='lat' dir='ltr'><strong>diCta.</strong></span> <span class='ocrx_word' id='word_1_383' title='bbox 2106 2138 2310 2194; x_wconf 85' lang='lat' dir='ltr'><strong>Verum</strong></span> <span class='ocrx_word' id='word_1_384' title='bbox 2341 2139 2514 2194; x_wconf 64' lang='lat' dir='ltr'><strong>Judaei</strong></span> <span class='ocrx_word' id='word_1_385' title='bbox 2547 2140 2770 2209; x_wconf 88' lang='lat' dir='ltr'><strong>quidem</strong></span> <span class='ocrx_word' id='word_1_386' title='bbox 2808 2140 3251 2209; x_wconf 84' lang='lat' dir='ltr'><strong>reprobaverunt</strong></span> <span class='ocrx_word' id='word_1_387' title='bbox 3285 2139 3519 2208; x_wconf 87' lang='lat' dir='ltr'><strong>lapidem</strong></span> 
     </span>
    </p>
   </div>
   <div class='ocr_carea' id='block_1_53' title="bbox 1919 2230 3523 2302">
    <p class='ocr_par' dir='ltr' id='par_1_53' title="bbox 1919 2230 3523 2302">
     <span class='ocr_line' id='line_1_53' title="bbox 1919 2230 3523 2302; baseline -0.001 -17"><span class='ocrx_word' id='word_1_388' title='bbox 1919 2232 2104 2286; x_wconf 89' lang='lat' dir='ltr'><strong>istum.</strong></span> <span class='ocrx_word' id='word_1_389' title='bbox 2140 2231 2211 2285; x_wconf 85' lang='lat' dir='ltr'><strong>At</strong></span> <span class='ocrx_word' id='word_1_390' title='bbox 2265 2230 2406 2301; x_wconf 85' lang='lat' dir='ltr'><strong>lapis</strong></span> <span class='ocrx_word' id='word_1_391' title='bbox 2443 2232 2536 2287; x_wconf 90' lang='lat' dir='ltr'><strong>ille</strong></span> <span class='ocrx_word' id='word_1_392' title='bbox 2589 2242 2710 2288; x_wconf 88' lang='lat' dir='ltr'><strong>erat</strong></span> <span class='ocrx_word' id='word_1_393' title='bbox 2743 2233 2974 2302; x_wconf 78' lang='lat' dir='ltr'><strong>pulcher</strong></span> <span class='ocrx_word' id='word_1_394' title='bbox 2996 2240 3050 2287; x_wconf 88' lang='lat' dir='ltr'><strong>et</strong></span> <span class='ocrx_word' id='word_1_395' title='bbox 3090 2232 3324 2296; x_wconf 90' lang='lat' dir='ltr'><strong>electus,</strong></span> <span class='ocrx_word' id='word_1_396' title='bbox 3356 2234 3429 2286; x_wconf 87' lang='lat' dir='ltr'><strong>ita</strong></span> <span class='ocrx_word' id='word_1_397' title='bbox 3467 2240 3523 2284; x_wconf 91' lang='lat' dir='ltr'><strong>ut</strong></span> 
     </span>
    </p>
   </div>
   <div class='ocr_carea' id='block_1_54' title="bbox 1914 2328 3522 2401">
    <p class='ocr_par' dir='ltr' id='par_1_54' title="bbox 1914 2328 3522 2401">
     <span class='ocr_line' id='line_1_54' title="bbox 1914 2328 3522 2401; baseline -0.001 -17"><span class='ocrx_word' id='word_1_398' title='bbox 1914 2338 1966 2384; x_wconf 92' lang='lat' dir='ltr'><strong>et</strong></span> <span class='ocrx_word' id='word_1_399' title='bbox 2020 2328 2074 2383; x_wconf 91' lang='lat' dir='ltr'><strong>in</strong></span> <span class='ocrx_word' id='word_1_400' title='bbox 2111 2339 2274 2400; x_wconf 88' lang='lat' dir='ltr'><strong>caput</strong></span> <span class='ocrx_word' id='word_1_401' title='bbox 2312 2330 2496 2399; x_wconf 75' lang='lat' dir='ltr'><strong>anguli</strong></span> <span class='ocrx_word' id='word_1_402' title='bbox 2531 2329 2602 2383; x_wconf 91' lang='lat' dir='ltr'><strong>sit</strong></span> <span class='ocrx_word' id='word_1_403' title='bbox 2652 2331 2886 2399; x_wconf 88' lang='lat' dir='ltr'><strong>positus,</strong></span> <span class='ocrx_word' id='word_1_404' title='bbox 2928 2338 2984 2384; x_wconf 89' lang='lat' dir='ltr'><strong>et</strong></span> <span class='ocrx_word' id='word_1_405' title='bbox 3014 2329 3364 2401; x_wconf 78' lang='lat' dir='ltr'><strong>conjunxerit</strong></span> <span class='ocrx_word' id='word_1_406' title='bbox 3424 2343 3522 2396; x_wconf 82' lang='lat' dir='ltr'><strong>pa-</strong></span> 
     </span>
    </p>
   </div>
   <div class='ocr_carea' id='block_1_55' title="bbox 1917 2421 3525 2494">
    <p class='ocr_par' dir='ltr' id='par_1_55' title="bbox 1917 2421 3525 2494">
     <span class='ocr_line' id='line_1_55' title="bbox 1917 2421 3525 2494; baseline 0 -20"><span class='ocrx_word' id='word_1_407' title='bbox 1917 2422 2103 2488; x_wconf 78' lang='lat' dir='ltr'><strong>rietes,</strong></span> <span class='ocrx_word' id='word_1_408' title='bbox 2129 2430 2182 2475; x_wconf 87' lang='lat' dir='ltr'><strong>ct</strong></span> <span class='ocrx_word' id='word_1_409' title='bbox 2232 2423 2470 2477; x_wconf 89' lang='lat' dir='ltr'><strong>univerit</strong></span> <span class='ocrx_word' id='word_1_410' title='bbox 2511 2431 2696 2478; x_wconf 80' lang='lat' dir='ltr'><strong>vetera</strong></span> <span class='ocrx_word' id='word_1_411' title='bbox 2733 2438 2796 2477; x_wconf 91' lang='lat' dir='ltr'><strong>ac</strong></span> <span class='ocrx_word' id='word_1_412' title='bbox 2829 2439 2991 2478; x_wconf 86' lang='lat' dir='ltr'><strong>nova.</strong></span> <span class='ocrx_word' id='word_1_413' title='bbox 3018 2422 3087 2477; x_wconf 82' lang='lat' dir='ltr'><strong>Et</strong></span> <span class='ocrx_word' id='word_1_414' title='bbox 3122 2422 3252 2494; x_wconf 91' lang='lat' dir='ltr'><strong>quid</strong></span> <span class='ocrx_word' id='word_1_415' title='bbox 3288 2421 3525 2476; x_wconf 82' lang='lat' dir='ltr'><strong>multis?</strong></span> 
     </span>
    </p>
   </div>
   <div class='ocr_carea' id='block_1_56' title="bbox 1915 2513 3526 2582">
    <p class='ocr_par' dir='ltr' id='par_1_56' title="bbox 1915 2513 3526 2582">
     <span class='ocr_line' id='line_1_56' title="bbox 1915 2513 3526 2582; baseline -0.001 -13"><span class='ocrx_word' id='word_1_416' title='bbox 1915 2513 2219 2582; x_wconf 83' lang='lat' dir='ltr'><strong>Oportebat</strong></span> <span class='ocrx_word' id='word_1_417' title='bbox 2247 2515 2369 2570; x_wconf 93' lang='lat' dir='ltr'><strong>illos</strong></span> <span class='ocrx_word' id='word_1_418' title='bbox 2410 2516 2601 2572; x_wconf 90' lang='lat' dir='ltr'><strong>audire</strong></span> <span class='ocrx_word' id='word_1_419' title='bbox 2658 2515 2856 2571; x_wconf 87' lang='lat' dir='ltr'><strong>Isaiam</strong></span> <span class='ocrx_word' id='word_1_420' title='bbox 2901 2517 3176 2573; x_wconf 85' lang='lat' dir='ltr'><strong>dicentem</strong></span> <span class='ocrx_word' id='word_1_421' title='bbox 3217 2534 3230 2571; x_wconf 92' lang='lat'>:</span> <span class='ocrx_word' id='word_1_422' title='bbox 3276 2534 3294 2567; x_wconf 76' lang='grc' dir='ltr'>ι</span> <span class='ocrx_word' id='word_1_423' title='bbox 3338 2515 3526 2570; x_wconf 91' lang='lat' dir='ltr'><strong>Domi-</strong></span> 
     </span>
    </p>
   </div>
   <div class='ocr_carea' id='block_1_57' title="bbox 1917 2606 3537 2678">
    <p class='ocr_par' dir='ltr' id='par_1_57' title="bbox 1917 2606 3537 2678">
     <span class='ocr_line' id='line_1_57' title="bbox 1917 2606 3537 2678; baseline 0 -18"><span class='ocrx_word' id='word_1_424' title='bbox 1917 2622 2044 2660; x_wconf 87' lang='lat' dir='ltr'><strong>num</strong></span> <span class='ocrx_word' id='word_1_425' title='bbox 2083 2607 2257 2678; x_wconf 70' lang='lat' dir='ltr'><strong>ip:uin</strong></span> <span class='ocrx_word' id='word_1_426' title='bbox 2291 2607 2647 2674; x_wconf 87' lang='lat' dir='ltr'><strong>sanctilicate,</strong></span> <span class='ocrx_word' id='word_1_427' title='bbox 2681 2615 2735 2662; x_wconf 89' lang='lat' dir='ltr'><strong>et</strong></span> <span class='ocrx_word' id='word_1_428' title='bbox 2763 2609 2878 2678; x_wconf 88' lang='lat' dir='ltr'><strong>ipse</strong></span> <span class='ocrx_word' id='word_1_429' title='bbox 2908 2607 3014 2662; x_wconf 85' lang='lat' dir='ltr'><strong>erit</strong></span> <span class='ocrx_word' id='word_1_430' title='bbox 3041 2606 3439 2670; x_wconf 82' lang='lat' dir='ltr'><strong>vester&#39;timor,</strong></span> <span class='ocrx_word' id='word_1_431' title='bbox 3475 2615 3537 2660; x_wconf 83' lang='lat' dir='ltr'><strong>et.</strong></span> 
     </span>
    </p>
   </div>
   <div class='ocr_carea' id='block_1_58' title="bbox 1919 2698 3531 2769">
    <p class='ocr_par' dir='ltr' id='par_1_58' title="bbox 1919 2698 3531 2769">
     <span class='ocr_line' id='line_1_58' title="bbox 1919 2698 3531 2769; baseline 0.001 -18"><span class='ocrx_word' id='word_1_432' title='bbox 1919 2713 2024 2752; x_wconf 89' lang='lat' dir='ltr'><strong>non</strong></span> <span class='ocrx_word' id='word_1_433' title='bbox 2067 2699 2383 2768; x_wconf 74' lang='lat' dir='ltr'><strong>impingetis</strong></span> <span class='ocrx_word' id='word_1_434' title='bbox 2405 2701 2458 2753; x_wconf 92' lang='lat' dir='ltr'><strong>in</strong></span> <span class='ocrx_word' id='word_1_435' title='bbox 2486 2700 2633 2754; x_wconf 92' lang='lat' dir='ltr'><strong>illum</strong></span> <span class='ocrx_word' id='word_1_436' title='bbox 2658 2711 2720 2754; x_wconf 92' lang='lat' dir='ltr'><strong>ut</strong></span> <span class='ocrx_word' id='word_1_437' title='bbox 2753 2701 2805 2753; x_wconf 92' lang='lat' dir='ltr'><strong>in</strong></span> <span class='ocrx_word' id='word_1_438' title='bbox 2838 2699 3074 2769; x_wconf 86' lang='lat' dir='ltr'><strong>lapidem</strong></span> <span class='ocrx_word' id='word_1_439' title='bbox 3103 2698 3446 2762; x_wconf 71' lang='lat' dir='ltr'><strong>oliensionis,</strong></span> <span class='ocrx_word' id='word_1_440' title='bbox 3475 2706 3531 2752; x_wconf 89' lang='lat' dir='ltr'><strong>et</strong></span> 
     </span>
    </p>
   </div>
   <div class='ocr_carea' id='block_1_59' title="bbox 1921 2792 3531 2863">
    <p class='ocr_par' dir='ltr' id='par_1_59' title="bbox 1921 2792 3531 2863">
     <span class='ocr_line' id='line_1_59' title="bbox 1921 2792 3531 2863; baseline 0.002 -20"><span class='ocrx_word' id='word_1_441' title='bbox 1921 2803 2128 2861; x_wconf 82' lang='lat' dir='ltr'><strong>petram</strong></span> <span class='ocrx_word' id='word_1_442' title='bbox 2155 2792 2397 2846; x_wconf 88' lang='lat' dir='ltr'><strong>scandali</strong></span> <span class='ocrx_word' id='word_1_443' title='bbox 2443 2793 2484 2847; x_wconf 82' lang='grc'><strong>⁸.</strong></span> <span class='ocrx_word' id='word_1_444' title='bbox 2519 2811 2540 2846; x_wconf 75' lang='grc' dir='ltr'><strong>ι</strong></span> <span class='ocrx_word' id='word_1_445' title='bbox 2588 2793 2660 2848; x_wconf 82' lang='lat' dir='ltr'><strong>At</strong></span> <span class='ocrx_word' id='word_1_446' title='bbox 2721 2793 2796 2847; x_wconf 91' lang='lat' dir='ltr'><strong>illi</strong></span> <span class='ocrx_word' id='word_1_447' title='bbox 2839 2792 3081 2848; x_wconf 83' lang='lat' dir='ltr'><strong>scientes</strong></span> <span class='ocrx_word' id='word_1_448' title='bbox 3107 2793 3254 2863; x_wconf 82' lang='lat' dir='ltr'><strong>quod</strong></span> <span class='ocrx_word' id='word_1_449' title='bbox 3306 2801 3531 2862; x_wconf 84' lang='lat' dir='ltr'><strong>propter</strong></span> 
     </span>
    </p>
   </div>
   <div class='ocr_carea' id='block_1_60' title="bbox 1920 2887 3530 2956">
    <p class='ocr_par' dir='ltr' id='par_1_60' title="bbox 1920 2887 3530 2956">
     <span class='ocr_line' id='line_1_60' title="bbox 1920 2887 3530 2956; baseline 0.002 -18"><span class='ocrx_word' id='word_1_450' title='bbox 1920 2887 2069 2956; x_wconf 82' lang='lat' dir='ltr'><strong>ipsos</strong></span> <span class='ocrx_word' id='word_1_451' title='bbox 2129 2887 2443 2954; x_wconf 81' lang='lat' dir='ltr'><strong>parabolam</strong></span> <span class='ocrx_word' id='word_1_452' title='bbox 2511 2890 2682 2954; x_wconf 83' lang='lat' dir='ltr'><strong>dicat,</strong></span> <span class='ocrx_word' id='word_1_453' title='bbox 2740 2890 3035 2946; x_wconf 84' lang='lat' dir='ltr'><strong>consilium</strong></span> <span class='ocrx_word' id='word_1_454' title='bbox 3093 2891 3287 2945; x_wconf 83' lang='lat' dir='ltr'><strong>ineunt</strong></span> <span class='ocrx_word' id='word_1_455' title='bbox 3336 2899 3530 2946; x_wconf 89' lang='lat' dir='ltr'><strong>contra</strong></span> 
     </span>
    </p>
   </div>
   <div class='ocr_carea' id='block_1_61' title="bbox 1920 2981 3534 3055">
    <p class='ocr_par' dir='ltr' id='par_1_61' title="bbox 1920 2981 3534 3055">
     <span class='ocr_line' id='line_1_61' title="bbox 1920 2981 3534 3055; baseline 0.004 -23"><span class='ocrx_word' id='word_1_456' title='bbox 1920 2994 2068 3042; x_wconf 87' lang='lat' dir='ltr'><strong>cum,</strong></span> <span class='ocrx_word' id='word_1_457' title='bbox 2099 2991 2176 3036; x_wconf 50' lang='lat' dir='ltr'><strong>et.</strong></span> <span class='ocrx_word' id='word_1_458' title='bbox 2212 2982 2318 3036; x_wconf 90' lang='lat' dir='ltr'><strong>nisi</strong></span> <span class='ocrx_word' id='word_1_459' title='bbox 2382 2981 2580 3039; x_wconf 78' lang='lat' dir='ltr'><strong>{uisset</strong></span> <span class='ocrx_word' id='word_1_460' title='bbox 2636 2985 2801 3038; x_wconf 83' lang='lat' dir='ltr'><strong>timor</strong></span> <span class='ocrx_word' id='word_1_461' title='bbox 2864 2985 3272 3055; x_wconf 81' lang='lat' dir='ltr'><strong>pepuli,etiam</strong></span> <span class='ocrx_word' id='word_1_462' title='bbox 3336 2999 3534 3039; x_wconf 88' lang='lat' dir='ltr'><strong>manus</strong></span> 
     </span>
    </p>
   </div>
   <div class='ocr_carea' id='block_1_62' title="bbox 135 3062 1820 3150">
    <p class='ocr_par' dir='ltr' id='par_1_62' title="bbox 135 3062 1814 3136">
     <span class='ocr_line' id='line_1_62' title="bbox 135 3062 1814 3136; baseline 0.005 -20"><span class='ocrx_word' id='word_1_463' title='bbox 135 3124 139 3128; x_wconf 13' lang='grc' dir='ltr'><strong>Α</strong></span> <span class='ocrx_word' id='word_1_464' title='bbox 221 3065 432 3136; x_wconf 80' lang='grc' dir='ltr'>πέτρας</span> <span class='ocrx_word' id='word_1_465' title='bbox 456 3062 740 3136; x_wconf 84' lang='grc' dir='ltr'>πτώματι.</span> <span class='ocrx_word' id='word_1_466' title='bbox 783 3085 802 3118; x_wconf 74' lang='grc' dir='ltr'><strong>ι</strong></span> <span class='ocrx_word' id='word_1_467' title='bbox 835 3067 898 3119; x_wconf 85' lang='grc' dir='ltr'>υἱ</span> <span class='ocrx_word' id='word_1_468' title='bbox 925 3066 981 3119; x_wconf 75' lang='grc' dir='ltr'><strong>δὲ</strong></span> <span class='ocrx_word' id='word_1_469' title='bbox 1014 3068 1107 3120; x_wconf 71' lang='grc' dir='ltr'><strong>καὶ</strong></span> <span class='ocrx_word' id='word_1_470' title='bbox 1132 3067 1375 3135; x_wconf 82' lang='grc' dir='ltr'>γνόντες,</span> <span class='ocrx_word' id='word_1_471' title='bbox 1407 3070 1488 3123; x_wconf 86' lang='grc' dir='ltr'><strong>ὅτι</strong></span> <span class='ocrx_word' id='word_1_472' title='bbox 1514 3069 1582 3123; x_wconf 84' lang='grc' dir='ltr'>δι’</span> <span class='ocrx_word' id='word_1_473' title='bbox 1615 3069 1814 3134; x_wconf 78' lang='grc' dir='ltr'>αὐτοὺς</span> 
     </span>
    </p>
   </div>
   <div class='ocr_carea' id='block_1_63' title="bbox 1927 3062 3533 3150">
    <p class='ocr_par' dir='ltr' id='par_1_63' title="bbox 1927 3072 3533 3150">
     <span class='ocr_line' id='line_1_63' title="bbox 1927 3072 3533 3150; baseline 0.006 -23"><span class='ocrx_word' id='word_1_474' title='bbox 1927 3072 2237 3140; x_wconf 71' lang='lat' dir='ltr'><strong>iniecissent</strong></span> <span class='ocrx_word' id='word_1_475' title='bbox 2283 3075 2338 3129; x_wconf 90' lang='lat' dir='ltr'><strong>in</strong></span> <span class='ocrx_word' id='word_1_476' title='bbox 2392 3090 2538 3131; x_wconf 91' lang='lat' dir='ltr'><strong>eum.</strong></span> <span class='ocrx_word' id='word_1_477' title='bbox 2575 3077 2639 3132; x_wconf 87' lang='lat' dir='ltr'><strong>Et</strong></span> <span class='ocrx_word' id='word_1_478' title='bbox 2683 3089 3133 3150; x_wconf 88' lang='lat' dir='ltr'><strong>contempserunt</strong></span> <span class='ocrx_word' id='word_1_479' title='bbox 3182 3078 3405 3150; x_wconf 77' lang='lat' dir='ltr'><strong>quidem</strong></span> <span class='ocrx_word' id='word_1_480' title='bbox 3455 3080 3533 3136; x_wconf 86' lang='lat' dir='ltr'><strong>le-</strong></span> 
     </span>
    </p>
   </div>
   <div class='ocr_carea' id='block_1_64' title="bbox 212 3157 1823 3229">
    <p class='ocr_par' dir='ltr' id='par_1_64' title="bbox 212 3157 1823 3229">
     <span class='ocr_line' id='line_1_64' title="bbox 212 3157 1823 3229; baseline 0.003 -19"><span class='ocrx_word' id='word_1_481' title='bbox 212 3157 315 3227; x_wconf 77' lang='grc' dir='ltr'><strong>τὴν</strong></span> <span class='ocrx_word' id='word_1_482' title='bbox 345 3157 663 3229; x_wconf 75' lang='grc' dir='ltr'>παραϐολὴν</span> <span class='ocrx_word' id='word_1_483' title='bbox 698 3157 871 3226; x_wconf 79' lang='grc' dir='ltr'>λέγει,</span> <span class='ocrx_word' id='word_1_484' title='bbox 909 3158 1260 3228; x_wconf 78' lang='grc' dir='ltr'>βουλεύονται</span> <span class='ocrx_word' id='word_1_485' title='bbox 1307 3161 1429 3214; x_wconf 88' lang='grc' dir='ltr'>κατ’</span> <span class='ocrx_word' id='word_1_486' title='bbox 1485 3161 1676 3226; x_wconf 83' lang='grc' dir='ltr'>αὐτοῦ,</span> <span class='ocrx_word' id='word_1_487' title='bbox 1725 3163 1823 3215; x_wconf 76' lang='grc' dir='ltr'><strong>καὶ</strong></span> 
     </span>
    </p>
   </div>
   <div class='ocr_carea' id='block_1_65' title="bbox 215 3247 1825 3324">
    <p class='ocr_par' dir='ltr' id='par_1_65' title="bbox 215 3247 1825 3324">
     <span class='ocr_line' id='line_1_65' title="bbox 215 3247 1825 3324; baseline 0.004 -20"><span class='ocrx_word' id='word_1_488' title='bbox 215 3254 266 3304; x_wconf 82' lang='grc' dir='ltr'>εἰ</span> <span class='ocrx_word' id='word_1_489' title='bbox 306 3251 380 3322; x_wconf 78' lang='grc' dir='ltr'><strong>μὴ</strong></span> <span class='ocrx_word' id='word_1_490' title='bbox 423 3247 492 3322; x_wconf 77' lang='grc' dir='ltr'>ἦν</span> <span class='ocrx_word' id='word_1_491' title='bbox 533 3253 561 3304; x_wconf 90' lang='lat'><strong>6</strong></span> <span class='ocrx_word' id='word_1_492' title='bbox 585 3251 682 3305; x_wconf 89' lang='grc' dir='ltr'><strong>τοῦ</strong></span> <span class='ocrx_word' id='word_1_493' title='bbox 728 3252 858 3305; x_wconf 89' lang='grc' dir='ltr'>λαοῦ</span> <span class='ocrx_word' id='word_1_494' title='bbox 890 3252 1078 3322; x_wconf 88' lang='grc' dir='ltr'>φόϐος,</span> <span class='ocrx_word' id='word_1_495' title='bbox 1111 3255 1204 3307; x_wconf 73' lang='grc' dir='ltr'><strong>καὶ</strong></span> <span class='ocrx_word' id='word_1_496' title='bbox 1231 3255 1422 3324; x_wconf 81' lang='grc' dir='ltr'>χεῖρας</span> <span class='ocrx_word' id='word_1_497' title='bbox 1456 3254 1524 3308; x_wconf 82' lang='grc' dir='ltr'><strong>ἂν</strong></span> <span class='ocrx_word' id='word_1_498' title='bbox 1556 3255 1825 3311; x_wconf 79' lang='grc' dir='ltr'>ἐπέϐαλον</span> 
     </span>
    </p>
   </div>
   <div class='ocr_carea' id='block_1_66' title="bbox 220 3343 1826 3416">
    <p class='ocr_par' dir='ltr' id='par_1_66' title="bbox 220 3343 1826 3416">
     <span class='ocr_line' id='line_1_66' title="bbox 220 3343 1826 3416; baseline 0.004 -20"><span class='ocrx_word' id='word_1_499' title='bbox 220 3343 307 3396; x_wconf 80' lang='grc' dir='ltr'>ἐπ’</span> <span class='ocrx_word' id='word_1_500' title='bbox 339 3345 521 3399; x_wconf 82' lang='grc' dir='ltr'>αὐτόν.</span> <span class='ocrx_word' id='word_1_501' title='bbox 553 3346 665 3399; x_wconf 74' lang='grc' dir='ltr'><strong>Καὶ</strong></span> <span class='ocrx_word' id='word_1_502' title='bbox 697 3344 791 3398; x_wconf 87' lang='grc' dir='ltr'><strong>τοῦ</strong></span> <span class='ocrx_word' id='word_1_503' title='bbox 829 3345 927 3414; x_wconf 78' lang='grc' dir='ltr'><strong>μὲν</strong></span> <span class='ocrx_word' id='word_1_504' title='bbox 956 3346 1124 3416; x_wconf 89' lang='grc' dir='ltr'>νόμου</span> <span class='ocrx_word' id='word_1_505' title='bbox 1165 3347 1439 3415; x_wconf 82' lang='grc' dir='ltr'>λέγοντος,</span> <span class='ocrx_word' id='word_1_506' title='bbox 1489 3347 1690 3401; x_wconf 80' lang='grc' dir='ltr'><strong>Ἀθῶον</strong></span> <span class='ocrx_word' id='word_1_507' title='bbox 1733 3351 1826 3403; x_wconf 79' lang='grc' dir='ltr'><strong>καὶ</strong></span> 
     </span>
    </p>
   </div>
   <div class='ocr_carea' id='block_1_67' title="bbox 216 3435 1826 3509">
    <p class='ocr_par' dir='ltr' id='par_1_67' title="bbox 216 3435 1826 3509">
     <span class='ocr_line' id='line_1_67' title="bbox 216 3435 1826 3509; baseline 0.002 -21"><span class='ocrx_word' id='word_1_508' title='bbox 216 3435 434 3489; x_wconf 82' lang='grc' dir='ltr'>δίκαιον</span> <span class='ocrx_word' id='word_1_509' title='bbox 482 3437 582 3490; x_wconf 84' lang='grc' dir='ltr'><strong>οὐκ</strong></span> <span class='ocrx_word' id='word_1_510' title='bbox 649 3437 994 3501; x_wconf 76' lang='grc' dir='ltr'>ἀποκτενεῖς,</span> <span class='ocrx_word' id='word_1_511' title='bbox 1030 3438 1418 3509; x_wconf 82' lang='grc' dir='ltr'>παρήκουσαν,</span> <span class='ocrx_word' id='word_1_512' title='bbox 1454 3438 1548 3492; x_wconf 85' lang='grc' dir='ltr'><strong>τὸν</strong></span> <span class='ocrx_word' id='word_1_513' title='bbox 1601 3439 1658 3494; x_wconf 77' lang='grc' dir='ltr'>δὲ</span> <span class='ocrx_word' id='word_1_514' title='bbox 1716 3440 1826 3492; x_wconf 85' lang='grc' dir='ltr'><strong>τῶν</strong></span> 
     </span>
    </p>
   </div>
   <div class='ocr_carea' id='block_1_68' title="bbox 221 3525 1829 3603">
    <p class='ocr_par' dir='ltr' id='par_1_68' title="bbox 221 3525 1829 3603">
     <span class='ocr_line' id='line_1_68' title="bbox 221 3525 1829 3603; baseline 0.004 -25"><span class='ocrx_word' id='word_1_515' title='bbox 221 3525 527 3595; x_wconf 77' lang='grc' dir='ltr'>ἀνθρώπων</span> <span class='ocrx_word' id='word_1_516' title='bbox 567 3527 740 3598; x_wconf 70' lang='grc' dir='ltr'>θυμὸν</span> <span class='ocrx_word' id='word_1_517' title='bbox 773 3527 1088 3597; x_wconf 87' lang='grc' dir='ltr'>φοϐοῦνται,</span> <span class='ocrx_word' id='word_1_518' title='bbox 1117 3530 1215 3583; x_wconf 70' lang='grc' dir='ltr'>καὶ</span> <span class='ocrx_word' id='word_1_519' title='bbox 1270 3531 1693 3586; x_wconf 77' lang='grc' dir='ltr'>ἀναστέλλονται</span> <span class='ocrx_word' id='word_1_520' title='bbox 1728 3532 1829 3603; x_wconf 82' lang='grc' dir='ltr'>τῆς</span> 
     </span>
    </p>
   </div>
   <div class='ocr_carea' id='block_1_69' title="bbox 220 3619 1827 3691">
    <p class='ocr_par' dir='ltr' id='par_1_69' title="bbox 220 3619 1827 3691">
     <span class='ocr_line' id='line_1_69' title="bbox 220 3619 1827 3691; baseline 0.006 -21"><span class='ocrx_word' id='word_1_521' title='bbox 220 3620 291 3670; x_wconf 83' lang='grc' dir='ltr'>ὲκ</span> <span class='ocrx_word' id='word_1_522' title='bbox 317 3619 411 3672; x_wconf 84' lang='grc' dir='ltr'><strong>τοῦ</strong></span> <span class='ocrx_word' id='word_1_523' title='bbox 443 3620 683 3691; x_wconf 79' lang='grc' dir='ltr'>φανεροῦ</span> <span class='ocrx_word' id='word_1_524' title='bbox 709 3622 1036 3688; x_wconf 79' lang='grc' dir='ltr'>ἐπιθέσεως,</span> <span class='ocrx_word' id='word_1_525' title='bbox 1068 3624 1488 3678; x_wconf 86' lang='grc' dir='ltr'>ἐπιϐουλεύουσι</span> <span class='ocrx_word' id='word_1_526' title='bbox 1532 3625 1588 3678; x_wconf 83' lang='grc' dir='ltr'>δὲ</span> <span class='ocrx_word' id='word_1_527' title='bbox 1624 3626 1827 3689; x_wconf 82' lang='grc' dir='ltr'>ἄλλως.</span> 
     </span>
    </p>
   </div>
   <div class='ocr_carea' id='block_1_70' title="bbox 303 3714 1826 3786">
    <p class='ocr_par' dir='ltr' id='par_1_70' title="bbox 303 3714 1826 3786">
     <span class='ocr_line' id='line_1_70' title="bbox 303 3714 1826 3786; baseline 0.008 -25"><span class='ocrx_word' id='word_1_528' title='bbox 303 3732 319 3761; x_wconf 76' lang='grc' dir='ltr'>ι</span> <span class='ocrx_word' id='word_1_529' title='bbox 364 3714 473 3766; x_wconf 74' lang='grc' dir='ltr'><strong>Καὶ</strong></span> <span class='ocrx_word' id='word_1_530' title='bbox 525 3718 1044 3785; x_wconf 74' lang='grc' dir='ltr'>παρατηρήσαντες,</span> <span class='ocrx_word' id='word_1_531' title='bbox 1097 3717 1432 3770; x_wconf 77' lang='grc' dir='ltr'>ἀπέστειλαν</span> <span class='ocrx_word' id='word_1_532' title='bbox 1486 3719 1826 3786; x_wconf 76' lang='grc' dir='ltr'>ἐγκαθέτους</span> 
     </span>
    </p>
   </div>
   <div class='ocr_carea' id='block_1_71' title="bbox 225 3806 1827 3877">
    <p class='ocr_par' dir='ltr' id='par_1_71' title="bbox 225 3806 1827 3877">
     <span class='ocr_line' id='line_1_71' title="bbox 225 3806 1827 3877; baseline 0.006 -20"><span class='ocrx_word' id='word_1_533' title='bbox 225 3806 691 3877; x_wconf 63' lang='grc' dir='ltr'>ὑποκρινομένους</span> <span class='ocrx_word' id='word_1_534' title='bbox 729 3808 956 3872; x_wconf 78' lang='grc' dir='ltr'>ἑαυτοὺς</span> <span class='ocrx_word' id='word_1_535' title='bbox 1003 3808 1247 3873; x_wconf 82' lang='grc' dir='ltr'>δικαίους</span> <span class='ocrx_word' id='word_1_536' title='bbox 1294 3808 1456 3875; x_wconf 78' lang='grc' dir='ltr'>εἶναι,</span> <span class='ocrx_word' id='word_1_537' title='bbox 1496 3812 1583 3865; x_wconf 82' lang='grc' dir='ltr'><strong>ἵνα</strong></span> <span class='ocrx_word' id='word_1_538' title='bbox 1635 3813 1827 3867; x_wconf 80' lang='grc' dir='ltr'>ἐπιλά-</span> 
     </span>
    </p>
   </div>
   <div class='ocr_carea' id='block_1_72' title="bbox 225 3899 1828 3979">
    <p class='ocr_par' dir='ltr' id='par_1_72' title="bbox 225 3899 1828 3979">
     <span class='ocr_line' id='line_1_72' title="bbox 225 3899 1828 3979; baseline 0.004 -26"><span class='ocrx_word' id='word_1_539' title='bbox 225 3899 435 3954; x_wconf 82' lang='grc' dir='ltr'>ϐωνται</span> <span class='ocrx_word' id='word_1_540' title='bbox 505 3901 670 3954; x_wconf 82' lang='grc' dir='ltr'>αὑτοῦ</span> <span class='ocrx_word' id='word_1_541' title='bbox 713 3902 869 3969; x_wconf 83' lang='grc' dir='ltr'>λόγον</span> <span class='ocrx_word' id='word_1_542' title='bbox 931 3905 1012 3966; x_wconf 86' lang='grc' dir='ltr'><strong>είς</strong></span> <span class='ocrx_word' id='word_1_543' title='bbox 1043 3903 1104 3954; x_wconf 82' lang='grc' dir='ltr'><strong>τὸ</strong></span> <span class='ocrx_word' id='word_1_544' title='bbox 1159 3903 1496 3973; x_wconf 85' lang='grc' dir='ltr'>παραδοῦναι</span> <span class='ocrx_word' id='word_1_545' title='bbox 1548 3907 1714 3959; x_wconf 80' lang='grc' dir='ltr'>αὑτὸν</span> <span class='ocrx_word' id='word_1_546' title='bbox 1760 3910 1828 3979; x_wconf 76' lang='grc' dir='ltr'>τῇ</span> 
     </span>
    </p>
   </div>
   <div class='ocr_carea' id='block_1_73' title="bbox 227 3994 1832 4070">
    <p class='ocr_par' dir='ltr' id='par_1_73' title="bbox 227 3994 1832 4070">
     <span class='ocr_line' id='line_1_73' title="bbox 227 3994 1832 4070; baseline 0.004 -22"><span class='ocrx_word' id='word_1_547' title='bbox 227 3996 396 4066; x_wconf 83' lang='grc' dir='ltr'>ἀρχῇ,</span> <span class='ocrx_word' id='word_1_548' title='bbox 429 3996 524 4047; x_wconf 76' lang='grc' dir='ltr'>καὶ</span> <span class='ocrx_word' id='word_1_549' title='bbox 558 3996 626 4066; x_wconf 83' lang='grc' dir='ltr'>τῇ</span> <span class='ocrx_word' id='word_1_550' title='bbox 663 3994 886 4067; x_wconf 79' lang='grc' dir='ltr'>ἐξουσίᾳ</span> <span class='ocrx_word' id='word_1_551' title='bbox 921 3996 1014 4049; x_wconf 88' lang='grc' dir='ltr'><strong>τοῦ</strong></span> <span class='ocrx_word' id='word_1_552' title='bbox 1053 3998 1344 4067; x_wconf 76' lang='grc' dir='ltr'>ἡγεμόνος.</span> <span class='ocrx_word' id='word_1_553' title='bbox 1385 3999 1499 4051; x_wconf 60' lang='grc' dir='ltr'><strong>Καὶ⁴</strong></span> <span class='ocrx_word' id='word_1_554' title='bbox 1526 4001 1832 4070; x_wconf 84' lang='grc' dir='ltr'>ἐπηρώτων</span> 
     </span>
    </p>
   </div>
   <div class='ocr_carea' id='block_1_74' title="bbox 229 4086 1830 4164">
    <p class='ocr_par' dir='ltr' id='par_1_74' title="bbox 229 4086 1830 4164">
     <span class='ocr_line' id='line_1_74' title="bbox 229 4086 1830 4164; baseline 0.006 -24"><span class='ocrx_word' id='word_1_555' title='bbox 229 4087 416 4151; x_wconf 74' lang='grc' dir='ltr'>αὐτὸν,</span> <span class='ocrx_word' id='word_1_556' title='bbox 458 4086 738 4155; x_wconf 53' lang='grc' dir='ltr'>λέγοντες</span> <span class='ocrx_word' id='word_1_557' title='bbox 772 4088 1094 4154; x_wconf 79' lang='grc' dir='ltr'>Διδάσκαλε,</span> <span class='ocrx_word' id='word_1_558' title='bbox 1123 4091 1368 4160; x_wconf 74' lang='grc' dir='ltr'>οἴδαμεν,</span> <span class='ocrx_word' id='word_1_559' title='bbox 1397 4092 1480 4146; x_wconf 80' lang='grc' dir='ltr'><strong>ὅτι</strong></span> <span class='ocrx_word' id='word_1_560' title='bbox 1527 4093 1705 4164; x_wconf 80' lang='grc' dir='ltr'>ὀρθῶς</span> <span class='ocrx_word' id='word_1_561' title='bbox 1739 4097 1830 4149; x_wconf 76' lang='grc' dir='ltr'>λέ-</span> 
     </span>
    </p>
   </div>
   <div class='ocr_carea' id='block_1_75' title="bbox 227 4178 1828 4259">
    <p class='ocr_par' dir='ltr' id='par_1_75' title="bbox 227 4178 1828 4259">
     <span class='ocr_line' id='line_1_75' title="bbox 227 4178 1828 4259; baseline 0.009 -30"><span class='ocrx_word' id='word_1_562' title='bbox 227 4194 374 4245; x_wconf 73' lang='grc' dir='ltr'>γεις,</span> <span class='ocrx_word' id='word_1_563' title='bbox 409 4180 502 4231; x_wconf 76' lang='grc' dir='ltr'>καὶ</span> <span class='ocrx_word' id='word_1_564' title='bbox 563 4178 859 4244; x_wconf 79' lang='grc' dir='ltr'>διδάσκεις,</span> <span class='ocrx_word' id='word_1_565' title='bbox 889 4181 986 4235; x_wconf 79' lang='grc' dir='ltr'><strong>καὶ</strong></span> <span class='ocrx_word' id='word_1_566' title='bbox 1039 4185 1101 4236; x_wconf 81' lang='grc' dir='ltr'>οὐ</span> <span class='ocrx_word' id='word_1_567' title='bbox 1155 4183 1458 4254; x_wconf 81' lang='grc' dir='ltr'>λαμϐάνεις</span> <span class='ocrx_word' id='word_1_568' title='bbox 1515 4188 1828 4259; x_wconf 85' lang='grc' dir='ltr'>πρόσωπον,</span> 
     </span>
    </p>
   </div>
   <div class='ocr_carea' id='block_1_76' title="bbox 229 4269 1834 4350">
    <p class='ocr_par' dir='ltr' id='par_1_76' title="bbox 229 4269 1834 4350">
     <span class='ocr_line' id='line_1_76' title="bbox 229 4269 1834 4350; baseline 0.007 -26"><span class='ocrx_word' id='word_1_569' title='bbox 229 4269 348 4324; x_wconf 81' lang='grc' dir='ltr'>ἀλλ’</span> <span class='ocrx_word' id='word_1_570' title='bbox 388 4270 474 4323; x_wconf 79' lang='grc' dir='ltr'>ἐπ’</span> <span class='ocrx_word' id='word_1_571' title='bbox 507 4269 766 4342; x_wconf 81' lang='grc' dir='ltr'>ἀληθείας</span> <span class='ocrx_word' id='word_1_572' title='bbox 797 4273 895 4344; x_wconf 80' lang='grc' dir='ltr'><strong>τήν</strong></span> <span class='ocrx_word' id='word_1_573' title='bbox 933 4274 1053 4328; x_wconf 68' lang='grc' dir='ltr'>ὁδὸν</span> <span class='ocrx_word' id='word_1_574' title='bbox 1075 4275 1170 4328; x_wconf 88' lang='grc' dir='ltr'><strong>τοῦ</strong></span> <span class='ocrx_word' id='word_1_575' title='bbox 1197 4277 1332 4330; x_wconf 86' lang='grc' dir='ltr'>Θεοῦ</span> <span class='ocrx_word' id='word_1_576' title='bbox 1367 4278 1666 4344; x_wconf 76' lang='grc' dir='ltr'>διδάσκεις.</span> <span class='ocrx_word' id='word_1_577' title='bbox 1716 4282 1834 4350; x_wconf 80' lang='grc' dir='ltr'>ἐξε-</span> 
     </span>
    </p>
   </div>
   <div class='ocr_carea' id='block_1_77' title="bbox 234 4363 1844 4446">
    <p class='ocr_par' dir='ltr' id='par_1_77' title="bbox 234 4363 1844 4446">
     <span class='ocr_line' id='line_1_77' title="bbox 234 4363 1844 4446; baseline 0.008 -32"><span class='ocrx_word' id='word_1_578' title='bbox 234 4379 354 4414; x_wconf 87' lang='grc' dir='ltr'>στιν</span> <span class='ocrx_word' id='word_1_579' title='bbox 383 4363 516 4433; x_wconf 75' lang='grc' dir='ltr'>ἡμῖν</span> <span class='ocrx_word' id='word_1_580' title='bbox 549 4363 716 4433; x_wconf 88' lang='grc' dir='ltr'>φόρον</span> <span class='ocrx_word' id='word_1_581' title='bbox 744 4365 986 4438; x_wconf 82' lang='grc' dir='ltr'>Καίσαρι</span> <span class='ocrx_word' id='word_1_582' title='bbox 1030 4367 1239 4434; x_wconf 83' lang='grc' dir='ltr'>δοῦναι,</span> <span class='ocrx_word' id='word_1_583' title='bbox 1268 4370 1301 4442; x_wconf 82' lang='grc' dir='ltr'><strong>ή</strong></span> <span class='ocrx_word' id='word_1_584' title='bbox 1331 4370 1393 4424; x_wconf 76' lang='grc' dir='ltr'><strong>οὕ</strong></span> <span class='ocrx_word' id='word_1_585' title='bbox 1420 4390 1437 4440; x_wconf 87' lang='lat'><strong>;</strong></span> <span class='ocrx_word' id='word_1_586' title='bbox 1464 4373 1844 4446; x_wconf 57' lang='lat' dir='ltr'><strong>Karamoﬁaa;~</strong></span> 
     </span>
    </p>
   </div>
   <div class='ocr_carea' id='block_1_78' title="bbox 231 4442 1913 4543">
    <p class='ocr_par' dir='ltr' id='par_1_78' title="bbox 231 4442 1913 4543">
     <span class='ocr_line' id='line_1_78' title="bbox 231 4442 1913 4543; baseline 0.01 -34"><span class='ocrx_word' id='word_1_587' title='bbox 231 4456 293 4510; x_wconf 75' lang='grc' dir='ltr'>δὲ</span> <span class='ocrx_word' id='word_1_588' title='bbox 337 4457 518 4510; x_wconf 81' lang='grc' dir='ltr'>αὐτῶν</span> <span class='ocrx_word' id='word_1_589' title='bbox 546 4457 642 4529; x_wconf 79' lang='grc' dir='ltr'>τὴν</span> <span class='ocrx_word' id='word_1_590' title='bbox 673 4463 1033 4530; x_wconf 86' lang='grc' dir='ltr'>πανουργίαν,</span> <span class='ocrx_word' id='word_1_591' title='bbox 1065 4459 1188 4515; x_wconf 78' lang='grc' dir='ltr'>εἷπε</span> <span class='ocrx_word' id='word_1_592' title='bbox 1232 4465 1370 4533; x_wconf 71' lang='grc' dir='ltr'>πρὸς</span> <span class='ocrx_word' id='word_1_593' title='bbox 1401 4467 1632 4533; x_wconf 72' lang='grc' dir='ltr'>αὐτούς’</span> <span class='ocrx_word' id='word_1_594' title='bbox 1668 4442 1734 4524; x_wconf 77' lang='grc' dir='ltr'><strong>Τί</strong></span> <span class='ocrx_word' id='word_1_595' title='bbox 1765 4489 1833 4543; x_wconf 88' lang='grc' dir='ltr'>με</span> <span class='ocrx_word' id='word_1_596' title='bbox 1866 4442 1913 4501; x_wconf 75' lang='lat' dir='ltr'><strong>D</strong></span> 
     </span>
    </p>
   </div>
   <div class='ocr_carea' id='block_1_79' title="bbox 237 4549 1838 4634">
    <p class='ocr_par' dir='ltr' id='par_1_79' title="bbox 237 4549 1838 4634">
     <span class='ocr_line' id='line_1_79' title="bbox 237 4549 1838 4634; baseline 0.009 -31"><span class='ocrx_word' id='word_1_597' title='bbox 237 4549 564 4620; x_wconf 72' lang='grc' dir='ltr'>πειράζετες</span> <span class='ocrx_word' id='word_1_598' title='bbox 626 4551 962 4618; x_wconf 77' lang='grc' dir='ltr'>Ἐπιδείξατὲ</span> <span class='ocrx_word' id='word_1_599' title='bbox 1027 4572 1120 4622; x_wconf 90' lang='grc' dir='ltr'><strong>μοι</strong></span> <span class='ocrx_word' id='word_1_600' title='bbox 1165 4556 1442 4626; x_wconf 84' lang='grc' dir='ltr'>δηνάριον.</span> <span class='ocrx_word' id='word_1_601' title='bbox 1490 4562 1656 4628; x_wconf 81' lang='grc' dir='ltr'>Τίνος</span> <span class='ocrx_word' id='word_1_602' title='bbox 1723 4565 1838 4634; x_wconf 75' lang='grc' dir='ltr'>ἔχει</span> 
     </span>
    </p>
   </div>
   <div class='ocr_carea' id='block_1_80' title="bbox 235 4642 1840 4720">
    <p class='ocr_par' dir='ltr' id='par_1_80' title="bbox 235 4642 1840 4720">
     <span class='ocr_line' id='line_1_80' title="bbox 235 4642 1840 4720; baseline 0.011 -26"><span class='ocrx_word' id='word_1_603' title='bbox 235 4642 422 4695; x_wconf 80' lang='grc' dir='ltr'>ιίκόνα</span> <span class='ocrx_word' id='word_1_604' title='bbox 444 4644 540 4696; x_wconf 72' lang='grc' dir='ltr'><strong>καὶ</strong></span> <span class='ocrx_word' id='word_1_605' title='bbox 573 4645 921 4714; x_wconf 77' lang='grc' dir='ltr'>ἐπιγραφήνς</span> <span class='ocrx_word' id='word_1_606' title='bbox 966 4646 1387 4720; x_wconf 77' lang='grc' dir='ltr'>Ἀποκριθέντες</span> <span class='ocrx_word' id='word_1_607' title='bbox 1418 4650 1593 4718; x_wconf 75' lang='grc' dir='ltr'>εἷπον,</span> <span class='ocrx_word' id='word_1_608' title='bbox 1623 4658 1840 4711; x_wconf 82' lang='grc' dir='ltr'>Καίσα-</span> 
     </span>
    </p>
   </div>
   <div class='ocr_carea' id='block_1_81' title="bbox 245 4731 1842 4804">
    <p class='ocr_par' dir='ltr' id='par_1_81' title="bbox 245 4731 1842 4804">
     <span class='ocr_line' id='line_1_81' title="bbox 245 4731 1842 4804; baseline 0.013 -20"><span class='ocrx_word' id='word_1_609' title='bbox 245 4749 362 4804; x_wconf 86' lang='grc' dir='ltr'>ρος.</span> <span class='ocrx_word' id='word_1_610' title='bbox 407 4733 466 4787; x_wconf 85' lang='grc' dir='ltr'><strong>Ὀ</strong></span> <span class='ocrx_word' id='word_1_611' title='bbox 522 4734 579 4788; x_wconf 81' lang='grc' dir='ltr'>δὲ</span> <span class='ocrx_word' id='word_1_612' title='bbox 623 4731 777 4790; x_wconf 82' lang='grc' dir='ltr'>εἶπεν</span> <span class='ocrx_word' id='word_1_613' title='bbox 823 4739 1028 4801; x_wconf 80' lang='grc' dir='ltr'>αὐτοῖς·</span> <span class='ocrx_word' id='word_1_614' title='bbox 1076 4741 1332 4796; x_wconf 84' lang='grc' dir='ltr'>Ἀπόδοτε</span> <span class='ocrx_word' id='word_1_615' title='bbox 1375 4747 1557 4799; x_wconf 86' lang='grc' dir='ltr'>τοίνυν</span> <span class='ocrx_word' id='word_1_616' title='bbox 1597 4752 1668 4802; x_wconf 76' lang='grc' dir='ltr'><strong>τὰ</strong></span> <span class='ocrx_word' id='word_1_617' title='bbox 1710 4753 1842 4804; x_wconf 82' lang='grc' dir='ltr'>Καί·</span> 
     </span>
    </p>
   </div>
   <div class='ocr_carea' id='block_1_82' title="bbox 239 4828 1841 4912">
    <p class='ocr_par' dir='ltr' id='par_1_82' title="bbox 239 4828 1841 4912">
     <span class='ocr_line' id='line_1_82' title="bbox 239 4828 1841 4912; baseline 0.012 -33"><span class='ocrx_word' id='word_1_618' title='bbox 239 4843 410 4898; x_wconf 84' lang='grc' dir='ltr'>σαρος</span> <span class='ocrx_word' id='word_1_619' title='bbox 471 4828 741 4900; x_wconf 79' lang='grc' dir='ltr'>Καίσαρι,</span> <span class='ocrx_word' id='word_1_620' title='bbox 791 4832 883 4886; x_wconf 72' lang='grc' dir='ltr'><strong>καὶ</strong></span> <span class='ocrx_word' id='word_1_621' title='bbox 921 4833 992 4885; x_wconf 76' lang='grc' dir='ltr'>τὰ</span> <span class='ocrx_word' id='word_1_622' title='bbox 1041 4834 1138 4888; x_wconf 89' lang='grc' dir='ltr'><strong>τοῦ</strong></span> <span class='ocrx_word' id='word_1_623' title='bbox 1188 4836 1328 4890; x_wconf 84' lang='grc' dir='ltr'>Θεοῦ</span> <span class='ocrx_word' id='word_1_624' title='bbox 1389 4828 1468 4909; x_wconf 81' lang='grc' dir='ltr'>τῷ</span> <span class='ocrx_word' id='word_1_625' title='bbox 1526 4840 1667 4912; x_wconf 85' lang='grc' dir='ltr'>Θεῷ.</span> <span class='ocrx_word' id='word_1_626' title='bbox 1729 4846 1841 4898; x_wconf 77' lang='grc' dir='ltr'><strong>Καὶ</strong></span> 
     </span>
    </p>
   </div>
   <div class='ocr_carea' id='block_1_83' title="bbox 235 4917 1838 5000">
    <p class='ocr_par' dir='ltr' id='par_1_83' title="bbox 235 4917 1838 5000">
     <span class='ocr_line' id='line_1_83' title="bbox 235 4917 1838 5000; baseline 0.012 -30"><span class='ocrx_word' id='word_1_627' title='bbox 235 4919 342 4972; x_wconf 81' lang='grc' dir='ltr'><strong>οὐκ</strong></span> <span class='ocrx_word' id='word_1_628' title='bbox 384 4917 610 4990; x_wconf 69' lang='grc' dir='ltr'>ἴσχυσαν</span> <span class='ocrx_word' id='word_1_629' title='bbox 667 4923 1026 4978; x_wconf 79' lang='grc' dir='ltr'>ἐπιλαϐέσθαι</span> <span class='ocrx_word' id='word_1_630' title='bbox 1084 4928 1252 4982; x_wconf 74' lang='grc' dir='ltr'>αὐτοῦ</span> <span class='ocrx_word' id='word_1_631' title='bbox 1295 4931 1543 5000; x_wconf 74' lang='grc' dir='ltr'>ῥήματος</span> <span class='ocrx_word' id='word_1_632' title='bbox 1595 4937 1838 4990; x_wconf 87' lang='grc' dir='ltr'>ἐναντίον</span> 
     </span>
    </p>
   </div>
   <div class='ocr_carea' id='block_1_84' title="bbox 237 5013 1837 5095">
    <p class='ocr_par' dir='ltr' id='par_1_84' title="bbox 237 5013 1837 5095">
     <span class='ocr_line' id='line_1_84' title="bbox 237 5013 1837 5095; baseline 0.01 -29"><span class='ocrx_word' id='word_1_633' title='bbox 237 5013 338 5066; x_wconf 81' lang='grc' dir='ltr'><strong>τοῦ</strong></span> <span class='ocrx_word' id='word_1_634' title='bbox 410 5014 542 5067; x_wconf 87' lang='grc' dir='ltr'>λαοῦ</span> <span class='ocrx_word' id='word_1_635' title='bbox 576 5055 591 5078; x_wconf 93' lang='grc'><strong>,</strong></span> <span class='ocrx_word' id='word_1_636' title='bbox 653 5017 750 5069; x_wconf 77' lang='grc' dir='ltr'><strong>καὶ</strong></span> <span class='ocrx_word' id='word_1_637' title='bbox 802 5018 1189 5088; x_wconf 76' lang='grc' dir='ltr'>θαυμάσαντες</span> <span class='ocrx_word' id='word_1_638' title='bbox 1265 5025 1358 5076; x_wconf 81' lang='grc' dir='ltr'><strong>ἐπὶ</strong></span> <span class='ocrx_word' id='word_1_639' title='bbox 1410 5028 1477 5095; x_wconf 78' lang='grc' dir='ltr'>τῇ</span> <span class='ocrx_word' id='word_1_640' title='bbox 1542 5028 1837 5094; x_wconf 79' lang='grc' dir='ltr'>ἀποκρίσει</span> 
     </span>
    </p>
   </div>
   <div class='ocr_carea' id='block_1_85' title="bbox 239 5107 1839 5189">
    <p class='ocr_par' dir='ltr' id='par_1_85' title="bbox 239 5107 1839 5189">
     <span class='ocr_line' id='line_1_85' title="bbox 239 5107 1839 5189; baseline 0.007 -27"><span class='ocrx_word' id='word_1_641' title='bbox 239 5107 451 5170; x_wconf 78' lang='grc' dir='ltr'>αὑτοῦ,</span> <span class='ocrx_word' id='word_1_642' title='bbox 512 5109 797 5179; x_wconf 88' lang='grc' dir='ltr'>ἐσίγησαν.</span> <span class='ocrx_word' id='word_1_643' title='bbox 867 5131 889 5162; x_wconf 71' lang='grc' dir='ltr'><strong>ι</strong></span> <span class='ocrx_word' id='word_1_644' title='bbox 946 5113 1160 5181; x_wconf 81' lang='grc' dir='ltr'>Παγίδα</span> <span class='ocrx_word' id='word_1_645' title='bbox 1205 5115 1511 5185; x_wconf 76' lang='grc' dir='ltr'>ἡτοίμασαν</span> <span class='ocrx_word' id='word_1_646' title='bbox 1556 5120 1606 5171; x_wconf 81' lang='grc' dir='ltr'><strong>οἱ</strong></span> <span class='ocrx_word' id='word_1_647' title='bbox 1670 5120 1839 5189; x_wconf 82' lang='grc' dir='ltr'>Φαρι-</span> 
     </span>
    </p>
   </div>
   <div class='ocr_carea' id='block_1_86' title="bbox 242 5199 1839 5276">
    <p class='ocr_par' dir='ltr' id='par_1_86' title="bbox 242 5199 1839 5276">
     <span class='ocr_line' id='line_1_86' title="bbox 242 5199 1839 5276; baseline 0.008 -26"><span class='ocrx_word' id='word_1_648' title='bbox 242 5202 389 5252; x_wconf 89' lang='grc' dir='ltr'>σαῖοι</span> <span class='ocrx_word' id='word_1_649' title='bbox 431 5199 830 5271; x_wconf 77' lang='grc' dir='ltr'>δυσδιάφυκτον</span> <span class='ocrx_word' id='word_1_650' title='bbox 868 5201 944 5274; x_wconf 82' lang='grc' dir='ltr'>τῷ</span> <span class='ocrx_word' id='word_1_651' title='bbox 979 5206 1191 5276; x_wconf 82' lang='grc' dir='ltr'>Κυρίῳ,</span> <span class='ocrx_word' id='word_1_652' title='bbox 1220 5206 1294 5269; x_wconf 83' lang='grc' dir='ltr'>ὦς</span> <span class='ocrx_word' id='word_1_653' title='bbox 1323 5225 1386 5276; x_wconf 91' lang='grc' dir='ltr'><strong>γε</strong></span> <span class='ocrx_word' id='word_1_654' title='bbox 1419 5209 1660 5273; x_wconf 87' lang='grc' dir='ltr'>ἐδόκουν,</span> <span class='ocrx_word' id='word_1_655' title='bbox 1704 5211 1839 5264; x_wconf 73' lang='grc' dir='ltr'>ἀλλὰ</span> 
     </span>
    </p>
   </div>
   <div class='ocr_carea' id='block_1_87' title="bbox 243 5291 1840 5373">
    <p class='ocr_par' dir='ltr' id='par_1_87' title="bbox 243 5291 1840 5373">
     <span class='ocr_line' id='line_1_87' title="bbox 243 5291 1840 5373; baseline 0.006 -26"><span class='ocrx_word' id='word_1_656' title='bbox 243 5291 558 5362; x_wconf 80' lang='grc' dir='ltr'>συνελήφθη</span> <span class='ocrx_word' id='word_1_657' title='bbox 609 5295 668 5347; x_wconf 80' lang='grc' dir='ltr'><strong>ἐν</strong></span> <span class='ocrx_word' id='word_1_658' title='bbox 717 5295 892 5368; x_wconf 79' lang='grc' dir='ltr'>ταύτῃ</span> <span class='ocrx_word' id='word_1_659' title='bbox 933 5300 960 5350; x_wconf 90' lang='grc' dir='ltr'>ὁ</span> <span class='ocrx_word' id='word_1_660' title='bbox 1005 5299 1142 5361; x_wconf 84' lang='grc' dir='ltr'>ποὺς</span> <span class='ocrx_word' id='word_1_661' title='bbox 1189 5299 1389 5352; x_wconf 83' lang='grc' dir='ltr'>αὐτῶν·</span> <span class='ocrx_word' id='word_1_662' title='bbox 1431 5300 1507 5353; x_wconf 85' lang='grc' dir='ltr'><strong>ίδε</strong></span> <span class='ocrx_word' id='word_1_663' title='bbox 1573 5303 1683 5373; x_wconf 86' lang='grc' dir='ltr'>γὰρ</span> <span class='ocrx_word' id='word_1_664' title='bbox 1738 5321 1840 5356; x_wconf 86' lang='grc' dir='ltr'>κα-</span> 
     </span>
    </p>
   </div>
   <div class='ocr_carea' id='block_1_88' title="bbox 242 5388 1840 5466">
    <p class='ocr_par' dir='ltr' id='par_1_88' title="bbox 242 5388 1840 5466">
     <span class='ocr_line' id='line_1_88' title="bbox 242 5388 1840 5466; baseline 0.006 -26"><span class='ocrx_word' id='word_1_665' title='bbox 242 5388 532 5456; x_wconf 74' lang='grc' dir='ltr'>κουργίαν.</span> <span class='ocrx_word' id='word_1_666' title='bbox 565 5389 626 5442; x_wconf 78' lang='grc' dir='ltr'><strong>Εἰ</strong></span> <span class='ocrx_word' id='word_1_667' title='bbox 671 5389 771 5458; x_wconf 80' lang='grc' dir='ltr'>μὲν</span> <span class='ocrx_word' id='word_1_668' title='bbox 802 5390 968 5453; x_wconf 85' lang='grc' dir='ltr'>εἴποι,</span> <span class='ocrx_word' id='word_1_669' title='bbox 1015 5393 1203 5461; x_wconf 77' lang='grc' dir='ltr'>φησὶν,</span> <span class='ocrx_word' id='word_1_670' title='bbox 1242 5392 1322 5444; x_wconf 82' lang='grc' dir='ltr'>ὅτι</span> <span class='ocrx_word' id='word_1_671' title='bbox 1348 5394 1428 5446; x_wconf 88' lang='grc' dir='ltr'><strong>δεῖ</strong></span> <span class='ocrx_word' id='word_1_672' title='bbox 1457 5397 1659 5466; x_wconf 84' lang='grc' dir='ltr'>φόρους</span> <span class='ocrx_word' id='word_1_673' title='bbox 1698 5395 1840 5449; x_wconf 84' lang='grc' dir='ltr'>διδό-</span> 
     </span>
    </p>
   </div>
   <div class='ocr_carea' id='block_1_89' title="bbox 246 5480 1843 5555">
    <p class='ocr_par' dir='ltr' id='par_1_89' title="bbox 246 5480 1843 5555">
     <span class='ocr_line' id='line_1_89' title="bbox 246 5480 1843 5555; baseline 0.008 -25"><span class='ocrx_word' id='word_1_674' title='bbox 246 5498 336 5532; x_wconf 76' lang='grc' dir='ltr'><strong>ναι</strong></span> <span class='ocrx_word' id='word_1_675' title='bbox 376 5480 642 5549; x_wconf 68' lang='grc' dir='ltr'>Καίσαρι,</span> <span class='ocrx_word' id='word_1_676' title='bbox 691 5487 1106 5553; x_wconf 81' lang='grc' dir='ltr'>κατηγορητέος</span> <span class='ocrx_word' id='word_1_677' title='bbox 1143 5487 1280 5555; x_wconf 79' lang='grc' dir='ltr'>πρὸς</span> <span class='ocrx_word' id='word_1_678' title='bbox 1325 5488 1417 5540; x_wconf 83' lang='grc' dir='ltr'><strong>τὸν</strong></span> <span class='ocrx_word' id='word_1_679' title='bbox 1461 5488 1612 5552; x_wconf 81' lang='grc' dir='ltr'>λαὸν,</span> <span class='ocrx_word' id='word_1_680' title='bbox 1645 5489 1720 5552; x_wconf 84' lang='grc' dir='ltr'>ὼς</span> <span class='ocrx_word' id='word_1_681' title='bbox 1780 5489 1843 5543; x_wconf 82' lang='grc' dir='ltr'><strong>τὸ</strong></span> 
     </span>
    </p>
   </div>
   <div class='ocr_carea' id='block_1_90' title="bbox 244 5571 1842 5652">
    <p class='ocr_par' dir='ltr' id='par_1_90' title="bbox 244 5571 1842 5652">
     <span class='ocr_line' id='line_1_90' title="bbox 244 5571 1842 5652; baseline 0.009 -30"><span class='ocrx_word' id='word_1_682' title='bbox 244 5571 399 5632; x_wconf 69' lang='grc' dir='ltr'>ἔθνος</span> <span class='ocrx_word' id='word_1_683' title='bbox 425 5574 504 5635; x_wconf 78' lang='grc' dir='ltr'>εἰς</span> <span class='ocrx_word' id='word_1_684' title='bbox 525 5573 772 5628; x_wconf 74' lang='grc' dir='ltr'>δουλείαν</span> <span class='ocrx_word' id='word_1_685' title='bbox 805 5576 1055 5646; x_wconf 84' lang='grc' dir='ltr'>ὑπάγων,</span> <span class='ocrx_word' id='word_1_686' title='bbox 1089 5579 1310 5649; x_wconf 77' lang='grc' dir='ltr'>σπέρμα</span> <span class='ocrx_word' id='word_1_687' title='bbox 1349 5581 1605 5652; x_wconf 72' lang='grc' dir='ltr'>Ἀϐραὰμ</span> <span class='ocrx_word' id='word_1_688' title='bbox 1633 5582 1712 5650; x_wconf 68' lang='grc' dir='ltr'>ὃν,</span> <span class='ocrx_word' id='word_1_689' title='bbox 1745 5584 1842 5636; x_wconf 73' lang='grc' dir='ltr'><strong>καὶ</strong></span> 
     </span>
    </p>
   </div>
   <div class='ocr_carea' id='block_1_91' title="bbox 322 5745 872 5816">
    <p class='ocr_par' dir='ltr' id='par_1_91' title="bbox 322 5745 872 5816">
     <span class='ocr_line' id='line_1_91' title="bbox 322 5745 872 5816; baseline 0.005 -13"><span class='ocrx_word' id='word_1_690' title='bbox 322 5747 343 5778; x_wconf 87' lang='lat'><strong><em>°</em></strong></span> <span class='ocrx_word' id='word_1_691' title='bbox 374 5745 479 5804; x_wconf 66' lang='grc' dir='ltr'>ιω.</span> <span class='ocrx_word' id='word_1_692' title='bbox 509 5763 622 5816; x_wconf 75' lang='lat' dir='ltr'><strong>rut,</strong></span> <span class='ocrx_word' id='word_1_693' title='bbox 661 5751 747 5806; x_wconf 74' lang='grc'><strong>15.</strong></span> <span class='ocrx_word' id='word_1_694' title='bbox 789 5751 872 5806; x_wconf 72' lang='lat' dir='ltr'><strong>ll.</strong></span> 
     </span>
    </p>
   </div>
   <div class='ocr_carea' id='block_1_92' title="bbox 1930 3169 3534 3241">
    <p class='ocr_par' dir='ltr' id='par_1_92' title="bbox 1930 3169 3534 3241">
     <span class='ocr_line' id='line_1_92' title="bbox 1930 3169 3534 3241; baseline 0.003 -19"><span class='ocrx_word' id='word_1_695' title='bbox 1930 3183 2050 3238; x_wconf 78' lang='lat' dir='ltr'><strong>gem</strong></span> <span class='ocrx_word' id='word_1_696' title='bbox 2102 3184 2224 3237; x_wconf 71' lang='lat' dir='ltr'><strong>qua:</strong></span> <span class='ocrx_word' id='word_1_697' title='bbox 2254 3169 2386 3226; x_wconf 85' lang='lat' dir='ltr'><strong>dicit</strong></span> <span class='ocrx_word' id='word_1_698' title='bbox 2417 3191 2433 3224; x_wconf 84' lang='lat'><strong>-.</strong></span> <span class='ocrx_word' id='word_1_699' title='bbox 2463 3172 2817 3227; x_wconf 89' lang='lat' dir='ltr'><strong>Innocentem</strong></span> <span class='ocrx_word' id='word_1_700' title='bbox 2860 3182 2915 3226; x_wconf 91' lang='lat' dir='ltr'><strong>et</strong></span> <span class='ocrx_word' id='word_1_701' title='bbox 2961 3172 3170 3241; x_wconf 88' lang='lat' dir='ltr'><strong>justum</strong></span> <span class='ocrx_word' id='word_1_702' title='bbox 3231 3188 3335 3226; x_wconf 89' lang='lat' dir='ltr'><strong>non</strong></span> <span class='ocrx_word' id='word_1_703' title='bbox 3383 3175 3534 3227; x_wconf 85' lang='lat' dir='ltr'><strong>occi-</strong></span> 
     </span>
    </p>
   </div>
   <div class='ocr_carea' id='block_1_93' title="bbox 1929 3261 3536 3331">
    <p class='ocr_par' dir='ltr' id='par_1_93' title="bbox 1929 3261 3536 3331">
     <span class='ocr_line' id='line_1_93' title="bbox 1929 3261 3536 3331; baseline 0.002 -17"><span class='ocrx_word' id='word_1_704' title='bbox 1929 3263 2046 3315; x_wconf 86' lang='lat' dir='ltr'><strong>des.</strong></span> <span class='ocrx_word' id='word_1_705' title='bbox 2084 3261 2411 3318; x_wconf 87' lang='lat' dir='ltr'><strong>Timuerunt</strong></span> <span class='ocrx_word' id='word_1_706' title='bbox 2444 3273 2624 3318; x_wconf 85' lang='lat' dir='ltr'><strong>autem</strong></span> <span class='ocrx_word' id='word_1_707' title='bbox 2662 3278 2717 3318; x_wconf 84' lang='lat' dir='ltr'><strong>et</strong></span> <span class='ocrx_word' id='word_1_708' title='bbox 2746 3265 2985 3331; x_wconf 79' lang='lat' dir='ltr'><strong>repressi</strong></span> <span class='ocrx_word' id='word_1_709' title='bbox 3017 3273 3144 3318; x_wconf 89' lang='lat' dir='ltr'><strong>sunt</strong></span> <span class='ocrx_word' id='word_1_710' title='bbox 3173 3279 3202 3318; x_wconf 86' lang='lat' dir='ltr'><strong>a</strong></span> <span class='ocrx_word' id='word_1_711' title='bbox 3240 3275 3387 3318; x_wconf 88' lang='lat' dir='ltr'><strong>metu</strong></span> <span class='ocrx_word' id='word_1_712' title='bbox 3433 3267 3536 3320; x_wconf 85' lang='lat' dir='ltr'><strong>ho-</strong></span> 
     </span>
    </p>
   </div>
   <div class='ocr_carea' id='block_1_94' title="bbox 1933 3356 3538 3426">
    <p class='ocr_par' dir='ltr' id='par_1_94' title="bbox 1933 3356 3538 3426">
     <span class='ocr_line' id='line_1_94' title="bbox 1933 3356 3538 3426; baseline 0.007 -18"><span class='ocrx_word' id='word_1_713' title='bbox 1933 3356 2162 3420; x_wconf 88' lang='lat' dir='ltr'><strong>minum,</strong></span> <span class='ocrx_word' id='word_1_714' title='bbox 2201 3371 2267 3410; x_wconf 86' lang='lat' dir='ltr'><strong>ne</strong></span> <span class='ocrx_word' id='word_1_715' title='bbox 2317 3357 2608 3414; x_wconf 81' lang='lat' dir='ltr'><strong>manifeste</strong></span> <span class='ocrx_word' id='word_1_716' title='bbox 2646 3358 2911 3416; x_wconf 87' lang='lat' dir='ltr'><strong>invadant</strong></span> <span class='ocrx_word' id='word_1_717' title='bbox 2959 3374 3110 3426; x_wconf 86' lang='lat' dir='ltr'><strong>eum,</strong></span> <span class='ocrx_word' id='word_1_718' title='bbox 3155 3359 3251 3416; x_wconf 88' lang='lat' dir='ltr'><strong>sed</strong></span> <span class='ocrx_word' id='word_1_719' title='bbox 3297 3360 3439 3416; x_wconf 78' lang='lat' dir='ltr'><strong>clam</strong></span> <span class='ocrx_word' id='word_1_720' title='bbox 3485 3364 3538 3421; x_wconf 87' lang='lat' dir='ltr'><strong>ei</strong></span> 
     </span>
    </p>
   </div>
   <div class='ocr_carea' id='block_1_95' title="bbox 1933 3451 2497 3510">
    <p class='ocr_par' dir='ltr' id='par_1_95' title="bbox 1933 3451 2497 3510">
     <span class='ocr_line' id='line_1_95' title="bbox 1933 3451 2497 3510; baseline 0.004 -3"><span class='ocrx_word' id='word_1_721' title='bbox 1933 3451 2113 3509; x_wconf 86' lang='lat' dir='ltr'><strong>denuo</strong></span> <span class='ocrx_word' id='word_1_722' title='bbox 2142 3453 2497 3510; x_wconf 82' lang='lat' dir='ltr'><strong>insidiantur.</strong></span> 
     </span>
    </p>
   </div>
   <div class='ocr_carea' id='block_1_96' title="bbox 2012 3729 3536 3791">
    <p class='ocr_par' dir='ltr' id='par_1_96' title="bbox 2012 3729 3536 3791">
     <span class='ocr_line' id='line_1_96' title="bbox 2012 3729 3536 3791; baseline 0.005 -8"><span class='ocrx_word' id='word_1_723' title='bbox 2012 3729 2180 3783; x_wconf 76' lang='lat' dir='ltr'><strong>Vrns.</strong></span> <span class='ocrx_word' id='word_1_724' title='bbox 2206 3730 2267 3785; x_wconf 71' lang='lat'><strong>2|</strong></span> <span class='ocrx_word' id='word_1_725' title='bbox 2307 3731 2400 3786; x_wconf 74' lang='lat'><strong>26.</strong></span> <span class='ocrx_word' id='word_1_726' title='bbox 2431 3750 2450 3782; x_wconf 76' lang='grc' dir='ltr'>ι</span> <span class='ocrx_word' id='word_1_727' title='bbox 2488 3730 2556 3785; x_wconf 84' lang='lat' dir='ltr'><strong>Et</strong></span> <span class='ocrx_word' id='word_1_728' title='bbox 2584 3733 2945 3789; x_wconf 82' lang='lat' dir='ltr'><strong>observantes</strong></span> <span class='ocrx_word' id='word_1_729' title='bbox 2976 3735 3281 3791; x_wconf 86' lang='lat' dir='ltr'><strong>emiserunt</strong></span> <span class='ocrx_word' id='word_1_730' title='bbox 3307 3736 3536 3791; x_wconf 82' lang='lat' dir='ltr'><strong>insidia-</strong></span> 
     </span>
    </p>
   </div>
   <div class='ocr_carea' id='block_1_97' title="bbox 1937 3826 3540 3898">
    <p class='ocr_par' dir='ltr' id='par_1_97' title="bbox 1937 3826 3540 3898">
     <span class='ocr_line' id='line_1_97' title="bbox 1937 3826 3540 3898; baseline 0.006 -22"><span class='ocrx_word' id='word_1_731' title='bbox 1937 3834 2084 3879; x_wconf 91' lang='lat' dir='ltr'><strong>tores</strong></span> <span class='ocrx_word' id='word_1_732' title='bbox 2123 3827 2215 3895; x_wconf 90' lang='lat' dir='ltr'><strong>qui</strong></span> <span class='ocrx_word' id='word_1_733' title='bbox 2258 3840 2318 3881; x_wconf 90' lang='lat' dir='ltr'><strong>se</strong></span> <span class='ocrx_word' id='word_1_734' title='bbox 2344 3826 2521 3893; x_wconf 86' lang='lat' dir='ltr'><strong>justos</strong></span> <span class='ocrx_word' id='word_1_735' title='bbox 2554 3826 2905 3893; x_wconf 85' lang='lat' dir='ltr'><strong>simularent,</strong></span> <span class='ocrx_word' id='word_1_736' title='bbox 2936 3836 2998 3882; x_wconf 92' lang='lat' dir='ltr'><strong>ut</strong></span> <span class='ocrx_word' id='word_1_737' title='bbox 3026 3840 3290 3898; x_wconf 87' lang='lat' dir='ltr'><strong>caperent</strong></span> <span class='ocrx_word' id='word_1_738' title='bbox 3320 3845 3444 3885; x_wconf 79' lang='lat' dir='ltr'><strong>eum</strong></span> <span class='ocrx_word' id='word_1_739' title='bbox 3472 3846 3540 3887; x_wconf 78' lang='lat' dir='ltr'><strong>ex</strong></span> 
     </span>
    </p>
   </div>
   <div class='ocr_carea' id='block_1_98' title="bbox 1934 3918 3536 3992">
    <p class='ocr_par' dir='ltr' id='par_1_98' title="bbox 1934 3918 3536 3992">
     <span class='ocr_line' id='line_1_98' title="bbox 1934 3918 3536 3992; baseline 0.005 -21"><span class='ocrx_word' id='word_1_740' title='bbox 1934 3931 2212 3984; x_wconf 87' lang='lat' dir='ltr'><strong>sermone,</strong></span> <span class='ocrx_word' id='word_1_741' title='bbox 2245 3921 2636 3989; x_wconf 85' lang='lat' dir='ltr'><strong>traderentque</strong></span> <span class='ocrx_word' id='word_1_742' title='bbox 2665 3918 2816 3973; x_wconf 86' lang='lat' dir='ltr'><strong>illum</strong></span> <span class='ocrx_word' id='word_1_743' title='bbox 2855 3921 3189 3990; x_wconf 85' lang='lat' dir='ltr'><strong>principatui</strong></span> <span class='ocrx_word' id='word_1_744' title='bbox 3223 3931 3277 3976; x_wconf 91' lang='lat' dir='ltr'><strong>et</strong></span> <span class='ocrx_word' id='word_1_745' title='bbox 3346 3934 3536 3992; x_wconf 84' lang='lat' dir='ltr'><strong>potes-</strong></span> 
     </span>
    </p>
   </div>
   <div class='ocr_carea' id='block_1_99' title="bbox 1937 4014 3539 4085">
    <p class='ocr_par' dir='ltr' id='par_1_99' title="bbox 1937 4014 3539 4085">
     <span class='ocr_line' id='line_1_99' title="bbox 1937 4014 3539 4085; baseline 0.006 -21"><span class='ocrx_word' id='word_1_746' title='bbox 1937 4015 2034 4066; x_wconf 84' lang='lat' dir='ltr'><strong>tati</strong></span> <span class='ocrx_word' id='word_1_747' title='bbox 2093 4014 2341 4081; x_wconf 76' lang='lat' dir='ltr'><strong>prznsidis</strong></span> <span class='ocrx_word' id='word_1_748' title='bbox 2380 4026 2480 4069; x_wconf 91' lang='lat' dir='ltr'><strong>:et</strong></span> <span class='ocrx_word' id='word_1_749' title='bbox 2529 4015 3007 4085; x_wconf 82' lang='lat' dir='ltr'><strong>interrogaverunt</strong></span> <span class='ocrx_word' id='word_1_750' title='bbox 3058 4031 3206 4080; x_wconf 89' lang='lat' dir='ltr'><strong>eum,</strong></span> <span class='ocrx_word' id='word_1_751' title='bbox 3244 4018 3492 4072; x_wconf 84' lang='lat' dir='ltr'><strong>dicentes</strong></span> <span class='ocrx_word' id='word_1_752' title='bbox 3524 4035 3539 4073; x_wconf 92' lang='lat'>:</span> 
     </span>
    </p>
   </div>
   <div class='ocr_carea' id='block_1_100' title="bbox 1935 4105 3545 4176">
    <p class='ocr_par' dir='ltr' id='par_1_100' title="bbox 1935 4105 3545 4176">
     <span class='ocr_line' id='line_1_100' title="bbox 1935 4105 3545 4176; baseline 0.002 -17"><span class='ocrx_word' id='word_1_753' title='bbox 1935 4106 2221 4172; x_wconf 56' lang='lat' dir='ltr'><strong>Magister,</strong></span> <span class='ocrx_word' id='word_1_754' title='bbox 2260 4105 2464 4160; x_wconf 88' lang='lat' dir='ltr'><strong>scimus</strong></span> <span class='ocrx_word' id='word_1_755' title='bbox 2499 4105 2646 4176; x_wconf 87' lang='lat' dir='ltr'><strong>quod</strong></span> <span class='ocrx_word' id='word_1_756' title='bbox 2696 4116 2843 4162; x_wconf 89' lang='lat' dir='ltr'><strong>recte</strong></span> <span class='ocrx_word' id='word_1_757' title='bbox 2899 4107 3036 4161; x_wconf 90' lang='lat' dir='ltr'><strong>dicis</strong></span> <span class='ocrx_word' id='word_1_758' title='bbox 3089 4121 3153 4162; x_wconf 84' lang='lat' dir='ltr'><strong>ac</strong></span> <span class='ocrx_word' id='word_1_759' title='bbox 3211 4108 3396 4172; x_wconf 89' lang='lat' dir='ltr'><strong>doces,</strong></span> <span class='ocrx_word' id='word_1_760' title='bbox 3444 4124 3545 4162; x_wconf 84' lang='lat' dir='ltr'><strong>nec</strong></span> 
     </span>
    </p>
   </div>
   <div class='ocr_carea' id='block_1_101' title="bbox 1936 4199 3549 4269">
    <p class='ocr_par' dir='ltr' id='par_1_101' title="bbox 1936 4199 3549 4269">
     <span class='ocr_line' id='line_1_101' title="bbox 1936 4199 3549 4269; baseline 0.001 -17"><span class='ocrx_word' id='word_1_761' title='bbox 1936 4201 2166 4268; x_wconf 73' lang='lat' dir='ltr'><strong>resnicis</strong></span> <span class='ocrx_word' id='word_1_762' title='bbox 2205 4214 2521 4269; x_wconf 82' lang='lat' dir='ltr'><strong>personam.</strong></span> <span class='ocrx_word' id='word_1_763' title='bbox 2561 4200 2655 4255; x_wconf 85' lang='lat' dir='ltr'><strong>sed</strong></span> <span class='ocrx_word' id='word_1_764' title='bbox 2705 4202 2848 4254; x_wconf 79' lang='lat' dir='ltr'><strong>viain</strong></span> <span class='ocrx_word' id='word_1_765' title='bbox 2888 4199 2982 4254; x_wconf 87' lang='lat' dir='ltr'><strong>Dei</strong></span> <span class='ocrx_word' id='word_1_766' title='bbox 3015 4215 3139 4254; x_wconf 90' lang='lat' dir='ltr'><strong>eum</strong></span> <span class='ocrx_word' id='word_1_767' title='bbox 3176 4200 3411 4254; x_wconf 83' lang='lat' dir='ltr'><strong>veritate</strong></span> <span class='ocrx_word' id='word_1_768' title='bbox 3450 4200 3549 4256; x_wconf 86' lang='lat' dir='ltr'><strong>do-</strong></span> 
     </span>
    </p>
   </div>
   <div class='ocr_carea' id='block_1_102' title="bbox 1937 4289 3563 4354">
    <p class='ocr_par' dir='ltr' id='par_1_102' title="bbox 1937 4289 3563 4354">
     <span class='ocr_line' id='line_1_102' title="bbox 1937 4289 3563 4354; baseline 0.002 -11"><span class='ocrx_word' id='word_1_769' title='bbox 1937 4305 2030 4344; x_wconf 89' lang='lat' dir='ltr'><strong>ces</strong></span> <span class='ocrx_word' id='word_1_770' title='bbox 2065 4289 2241 4344; x_wconf 79' lang='lat' dir='ltr'><strong>:liret</strong></span> <span class='ocrx_word' id='word_1_771' title='bbox 2298 4290 2456 4344; x_wconf 84' lang='lat' dir='ltr'><strong>nobis</strong></span> <span class='ocrx_word' id='word_1_772' title='bbox 2502 4291 2765 4344; x_wconf 85' lang='lat' dir='ltr'><strong>tributum</strong></span> <span class='ocrx_word' id='word_1_773' title='bbox 2829 4290 2960 4345; x_wconf 89' lang='lat' dir='ltr'><strong>dare</strong></span> <span class='ocrx_word' id='word_1_774' title='bbox 3008 4289 3235 4354; x_wconf 67' lang='lat' dir='ltr'><strong>Ctesari,</strong></span> <span class='ocrx_word' id='word_1_775' title='bbox 3272 4306 3339 4345; x_wconf 91' lang='lat' dir='ltr'><strong>an</strong></span> <span class='ocrx_word' id='word_1_776' title='bbox 3398 4292 3563 4346; x_wconf 50' lang='lat' dir='ltr'><strong>non?»</strong></span> 
     </span>
    </p>
   </div>
   <div class='ocr_carea' id='block_1_103' title="bbox 1941 4367 3546 4449">
    <p class='ocr_par' dir='ltr' id='par_1_103' title="bbox 1941 4367 3546 4449">
     <span class='ocr_line' id='line_1_103' title="bbox 1941 4367 3546 4449; baseline 0.001 -13"><span class='ocrx_word' id='word_1_777' title='bbox 1941 4381 2220 4436; x_wconf 78' lang='lat' dir='ltr'><strong>Intellecta</strong></span> <span class='ocrx_word' id='word_1_778' title='bbox 2273 4392 2454 4436; x_wconf 85' lang='lat' dir='ltr'><strong>autem</strong></span> <span class='ocrx_word' id='word_1_779' title='bbox 2507 4381 2724 4435; x_wconf 86' lang='lat' dir='ltr'><strong>illorum</strong></span> <span class='ocrx_word' id='word_1_780' title='bbox 2790 4367 3053 4449; x_wconf 83' lang='lat' dir='ltr'><strong>versutia,</strong></span> <span class='ocrx_word' id='word_1_781' title='bbox 3094 4381 3233 4436; x_wconf 73' lang='lat' dir='ltr'><strong>dixit</strong></span> <span class='ocrx_word' id='word_1_782' title='bbox 3279 4386 3348 4440; x_wconf 88' lang='lat' dir='ltr'><strong>ad</strong></span> <span class='ocrx_word' id='word_1_783' title='bbox 3407 4399 3546 4438; x_wconf 80' lang='lat' dir='ltr'><strong>eos:</strong></span> 
     </span>
    </p>
   </div>
   <div class='ocr_carea' id='block_1_104' title="bbox 1943 4475 3551 4546">
    <p class='ocr_par' dir='ltr' id='par_1_104' title="bbox 1943 4475 3551 4546">
     <span class='ocr_line' id='line_1_104' title="bbox 1943 4475 3551 4546; baseline 0.001 -17"><span class='ocrx_word' id='word_1_784' title='bbox 1943 4476 2081 4542; x_wconf 89' lang='lat' dir='ltr'><strong>Quid</strong></span> <span class='ocrx_word' id='word_1_785' title='bbox 2115 4490 2201 4529; x_wconf 88' lang='lat' dir='ltr'><strong>me</strong></span> <span class='ocrx_word' id='word_1_786' title='bbox 2243 4476 2504 4530; x_wconf 79' lang='lat' dir='ltr'><strong>tentatis‘l</strong></span> <span class='ocrx_word' id='word_1_787' title='bbox 2538 4475 2820 4530; x_wconf 88' lang='lat' dir='ltr'><strong>Ostendite</strong></span> <span class='ocrx_word' id='word_1_788' title='bbox 2868 4476 2999 4530; x_wconf 87' lang='lat' dir='ltr'><strong>mihi</strong></span> <span class='ocrx_word' id='word_1_789' title='bbox 3039 4476 3349 4532; x_wconf 88' lang='lat' dir='ltr'><strong>denarium.</strong></span> <span class='ocrx_word' id='word_1_790' title='bbox 3381 4477 3551 4546; x_wconf 85' lang='lat' dir='ltr'><strong>Cujus</strong></span> 
     </span>
    </p>
   </div>
   <div class='ocr_carea' id='block_1_105' title="bbox 1941 4567 3555 4639">
    <p class='ocr_par' dir='ltr' id='par_1_105' title="bbox 1941 4567 3555 4639">
     <span class='ocr_line' id='line_1_105' title="bbox 1941 4567 3555 4639; baseline 0.001 -17"><span class='ocrx_word' id='word_1_791' title='bbox 1941 4569 2106 4622; x_wconf 84' lang='lat' dir='ltr'><strong>habet</strong></span> <span class='ocrx_word' id='word_1_792' title='bbox 2159 4567 2451 4636; x_wconf 79' lang='lat' dir='ltr'><strong>imaginem</strong></span> <span class='ocrx_word' id='word_1_793' title='bbox 2509 4577 2562 4622; x_wconf 85' lang='lat' dir='ltr'><strong>et</strong></span> <span class='ocrx_word' id='word_1_794' title='bbox 2638 4568 3087 4635; x_wconf 81' lang='lat' dir='ltr'><strong>inscr&#39;ptionent?</strong></span> <span class='ocrx_word' id='word_1_795' title='bbox 3137 4569 3555 4639; x_wconf 76' lang='lat' dir='ltr'><strong>Respondentes</strong></span> 
     </span>
    </p>
   </div>
   <div class='ocr_carea' id='block_1_106' title="bbox 1942 4660 3556 4731">
    <p class='ocr_par' dir='ltr' id='par_1_106' title="bbox 1942 4660 3556 4731">
     <span class='ocr_line' id='line_1_106' title="bbox 1942 4660 3556 4731; baseline -0.001 -15"><span class='ocrx_word' id='word_1_796' title='bbox 1942 4663 2225 4728; x_wconf 79' lang='lat' dir='ltr'><strong>dixerunt,</strong></span> <span class='ocrx_word' id='word_1_797' title='bbox 2257 4662 2516 4717; x_wconf 72' lang='lat' dir='ltr'><strong>Cazsaris.</strong></span> <span class='ocrx_word' id='word_1_798' title='bbox 2550 4662 2616 4715; x_wconf 88' lang='lat' dir='ltr'><strong>Et</strong></span> <span class='ocrx_word' id='word_1_799' title='bbox 2679 4662 2754 4714; x_wconf 88' lang='lat' dir='ltr'><strong>ait</strong></span> <span class='ocrx_word' id='word_1_800' title='bbox 2796 4661 2938 4714; x_wconf 90' lang='lat' dir='ltr'><strong>illis:</strong></span> <span class='ocrx_word' id='word_1_801' title='bbox 2971 4660 3199 4714; x_wconf 80' lang='lat' dir='ltr'><strong>Reddite</strong></span> <span class='ocrx_word' id='word_1_802' title='bbox 3245 4677 3378 4731; x_wconf 80' lang='lat' dir='ltr'><strong>ergo</strong></span> <span class='ocrx_word' id='word_1_803' title='bbox 3433 4678 3556 4731; x_wconf 80' lang='lat' dir='ltr'><strong>qua:</strong></span> 
     </span>
    </p>
   </div>
   <div class='ocr_carea' id='block_1_107' title="bbox 1941 4750 3557 4820">
    <p class='ocr_par' dir='ltr' id='par_1_107' title="bbox 1941 4750 3557 4820">
     <span class='ocr_line' id='line_1_107' title="bbox 1941 4750 3557 4820; baseline 0.002 -15"><span class='ocrx_word' id='word_1_804' title='bbox 1941 4760 2068 4805; x_wconf 92' lang='lat' dir='ltr'><strong>sunt</strong></span> <span class='ocrx_word' id='word_1_805' title='bbox 2109 4751 2364 4817; x_wconf 67' lang='lat' dir='ltr'><strong>Caesaris,</strong></span> <span class='ocrx_word' id='word_1_806' title='bbox 2393 4751 2598 4806; x_wconf 66' lang='lat' dir='ltr'><strong>Caesari</strong></span> <span class='ocrx_word' id='word_1_807' title='bbox 2635 4770 2649 4805; x_wconf 88' lang='lat'><strong>:</strong></span> <span class='ocrx_word' id='word_1_808' title='bbox 2684 4763 2748 4805; x_wconf 39' lang='lat' dir='ltr'><strong>etv</strong></span> <span class='ocrx_word' id='word_1_809' title='bbox 2783 4766 2904 4820; x_wconf 71' lang='lat' dir='ltr'><strong>qua:</strong></span> <span class='ocrx_word' id='word_1_810' title='bbox 2969 4761 3096 4806; x_wconf 84' lang='lat' dir='ltr'><strong>sunt</strong></span> <span class='ocrx_word' id='word_1_811' title='bbox 3120 4784 3121 4787; x_wconf 60' lang='grc' dir='ltr'><strong>η</strong></span> <span class='ocrx_word' id='word_1_812' title='bbox 3146 4750 3260 4818; x_wconf 90' lang='lat' dir='ltr'><strong>Dei,</strong></span> <span class='ocrx_word' id='word_1_813' title='bbox 3298 4754 3427 4807; x_wconf 90' lang='lat' dir='ltr'><strong>Deo.</strong></span> <span class='ocrx_word' id='word_1_814' title='bbox 3491 4752 3557 4807; x_wconf 80' lang='lat' dir='ltr'><strong>Et</strong></span> 
     </span>
    </p>
   </div>
   <div class='ocr_carea' id='block_1_108' title="bbox 1943 4844 3557 4914">
    <p class='ocr_par' dir='ltr' id='par_1_108' title="bbox 1943 4844 3557 4914">
     <span class='ocr_line' id='line_1_108' title="bbox 1943 4844 3557 4914; baseline 0.003 -19"><span class='ocrx_word' id='word_1_815' title='bbox 1943 4859 2050 4896; x_wconf 91' lang='lat' dir='ltr'><strong>non</strong></span> <span class='ocrx_word' id='word_1_816' title='bbox 2106 4853 2406 4912; x_wconf 84' lang='lat' dir='ltr'><strong>potuerunt</strong></span> <span class='ocrx_word' id='word_1_817' title='bbox 2452 4844 2676 4899; x_wconf 82' lang='lat' dir='ltr'><strong>verbum</strong></span> <span class='ocrx_word' id='word_1_818' title='bbox 2735 4844 2856 4914; x_wconf 84' lang='lat' dir='ltr'><strong>ejus</strong></span> <span class='ocrx_word' id='word_1_819' title='bbox 2908 4846 3313 4912; x_wconf 78' lang='lat' dir='ltr'><strong>reprehendere</strong></span> <span class='ocrx_word' id='word_1_820' title='bbox 3367 4861 3557 4901; x_wconf 84' lang='lat' dir='ltr'><strong>coram</strong></span> 
     </span>
    </p>
   </div>
   <div class='ocr_carea' id='block_1_109' title="bbox 1945 4935 3557 5008">
    <p class='ocr_par' dir='ltr' id='par_1_109' title="bbox 1945 4935 3557 5008">
     <span class='ocr_line' id='line_1_109' title="bbox 1945 4935 3557 5008; baseline 0.006 -23"><span class='ocrx_word' id='word_1_821' title='bbox 1945 4935 2142 5006; x_wconf 78' lang='lat' dir='ltr'><strong>populo</strong></span> <span class='ocrx_word' id='word_1_822' title='bbox 2186 4955 2199 4990; x_wconf 91' lang='lat'><strong>:</strong></span> <span class='ocrx_word' id='word_1_823' title='bbox 2235 4947 2290 4992; x_wconf 90' lang='lat' dir='ltr'><strong>et</strong></span> <span class='ocrx_word' id='word_1_824' title='bbox 2344 4937 2527 4991; x_wconf 88' lang='lat' dir='ltr'><strong>mirati</strong></span> <span class='ocrx_word' id='word_1_825' title='bbox 2564 4952 2730 5006; x_wconf 89' lang='lat' dir='ltr'><strong>super</strong></span> <span class='ocrx_word' id='word_1_826' title='bbox 2765 4952 3031 5005; x_wconf 82' lang='lat' dir='ltr'><strong>responso</strong></span> <span class='ocrx_word' id='word_1_827' title='bbox 3071 4938 3212 5008; x_wconf 85' lang='lat' dir='ltr'><strong>ejus,</strong></span> <span class='ocrx_word' id='word_1_828' title='bbox 3256 4941 3557 4995; x_wconf 85' lang='lat' dir='ltr'><strong>obmutue-</strong></span> 
     </span>
    </p>
   </div>
   <div class='ocr_carea' id='block_1_110' title="bbox 1943 5027 3560 5100">
    <p class='ocr_par' dir='ltr' id='par_1_110' title="bbox 1943 5027 3560 5100">
     <span class='ocr_line' id='line_1_110' title="bbox 1943 5027 3560 5100; baseline 0.002 -18"><span class='ocrx_word' id='word_1_829' title='bbox 1943 5039 2095 5082; x_wconf 88' lang='lat' dir='ltr'><strong>runt.</strong></span> <span class='ocrx_word' id='word_1_830' title='bbox 2136 5047 2153 5078; x_wconf 73' lang='grc' dir='ltr'><strong>ι</strong></span> <span class='ocrx_word' id='word_1_831' title='bbox 2193 5027 2472 5097; x_wconf 84' lang='lat' dir='ltr'><strong>Laquenm</strong></span> <span class='ocrx_word' id='word_1_832' title='bbox 2507 5039 2834 5098; x_wconf 83' lang='lat' dir='ltr'><strong>paraverant</strong></span> <span class='ocrx_word' id='word_1_833' title='bbox 2880 5028 3167 5093; x_wconf 61' lang='lat' dir='ltr'><strong>Pharisaei.</strong></span> <span class='ocrx_word' id='word_1_834' title='bbox 3200 5048 3362 5100; x_wconf 86' lang='lat' dir='ltr'><strong>quem</strong></span> <span class='ocrx_word' id='word_1_835' title='bbox 3418 5031 3560 5087; x_wconf 65' lang='lat' dir='ltr'><strong>ditii-</strong></span> 
     </span>
    </p>
   </div>
   <div class='ocr_carea' id='block_1_111' title="bbox 1945 5121 3553 5192">
    <p class='ocr_par' dir='ltr' id='par_1_111' title="bbox 1945 5121 3553 5192">
     <span class='ocr_line' id='line_1_111' title="bbox 1945 5121 3553 5192; baseline 0.002 -17"><span class='ocrx_word' id='word_1_836' title='bbox 1945 5122 2069 5184; x_wconf 87' lang='lat' dir='ltr'><strong>cile,</strong></span> <span class='ocrx_word' id='word_1_837' title='bbox 2109 5131 2166 5175; x_wconf 92' lang='lat' dir='ltr'><strong>ut</strong></span> <span class='ocrx_word' id='word_1_838' title='bbox 2217 5121 2319 5176; x_wconf 86' lang='lat' dir='ltr'><strong>sibi</strong></span> <span class='ocrx_word' id='word_1_839' title='bbox 2375 5123 2682 5188; x_wconf 83' lang='lat' dir='ltr'><strong>videbatur,</strong></span> <span class='ocrx_word' id='word_1_840' title='bbox 2714 5121 2953 5191; x_wconf 78' lang='lat' dir='ltr'><strong>ell‘ugere</strong></span> <span class='ocrx_word' id='word_1_841' title='bbox 2997 5131 3208 5192; x_wconf 92' lang='lat' dir='ltr'><strong>poterat</strong></span> <span class='ocrx_word' id='word_1_842' title='bbox 3247 5125 3553 5180; x_wconf 88' lang='lat' dir='ltr'><strong>Dominus:</strong></span> 
     </span>
    </p>
   </div>
   <div class='ocr_carea' id='block_1_112' title="bbox 1947 5211 3554 5283">
    <p class='ocr_par' dir='ltr' id='par_1_112' title="bbox 1947 5211 3554 5283">
     <span class='ocr_line' id='line_1_112' title="bbox 1947 5211 3554 5283; baseline 0.003 -17"><span class='ocrx_word' id='word_1_843' title='bbox 1947 5211 2040 5266; x_wconf 84' lang='lat' dir='ltr'><strong>sed</strong></span> <span class='ocrx_word' id='word_1_844' title='bbox 2077 5215 2509 5280; x_wconf 87' lang='lat' dir='ltr'><strong>comprehensus</strong></span> <span class='ocrx_word' id='word_1_845' title='bbox 2540 5223 2624 5268; x_wconf 89' lang='lat' dir='ltr'><strong>est</strong></span> <span class='ocrx_word' id='word_1_846' title='bbox 2664 5213 2756 5267; x_wconf 91' lang='lat' dir='ltr'><strong>illo</strong></span> <span class='ocrx_word' id='word_1_847' title='bbox 2809 5229 2905 5283; x_wconf 83' lang='lat' dir='ltr'><strong>pes</strong></span> <span class='ocrx_word' id='word_1_848' title='bbox 2954 5230 3168 5269; x_wconf 91' lang='lat' dir='ltr'><strong>eorum.</strong></span> <span class='ocrx_word' id='word_1_849' title='bbox 3218 5216 3357 5272; x_wconf 79' lang='lat' dir='ltr'><strong>Vide</strong></span> <span class='ocrx_word' id='word_1_850' title='bbox 3409 5217 3554 5271; x_wconf 85' lang='lat' dir='ltr'><strong>enim</strong></span> 
     </span>
    </p>
   </div>
   <div class='ocr_carea' id='block_1_113' title="bbox 1955 5301 3559 5372">
    <p class='ocr_par' dir='ltr' id='par_1_113' title="bbox 1955 5301 3559 5372">
     <span class='ocr_line' id='line_1_113' title="bbox 1955 5301 3559 5372; baseline 0.001 -16"><span class='ocrx_word' id='word_1_851' title='bbox 1955 5302 2239 5357; x_wconf 77' lang='lat' dir='ltr'><strong>malitiam.</strong></span> <span class='ocrx_word' id='word_1_852' title='bbox 2272 5301 2405 5356; x_wconf 81' lang='lat' dir='ltr'><strong>Nam</strong></span> <span class='ocrx_word' id='word_1_853' title='bbox 2451 5302 2494 5357; x_wconf 91' lang='lat' dir='ltr'><strong>si</strong></span> <span class='ocrx_word' id='word_1_854' title='bbox 2543 5304 2760 5372; x_wconf 87' lang='lat' dir='ltr'><strong>quidem</strong></span> <span class='ocrx_word' id='word_1_855' title='bbox 2806 5305 3035 5360; x_wconf 82' lang='lat' dir='ltr'><strong>dixisset</strong></span> <span class='ocrx_word' id='word_1_856' title='bbox 3083 5304 3326 5360; x_wconf 88' lang='lat' dir='ltr'><strong>dandum</strong></span> <span class='ocrx_word' id='word_1_857' title='bbox 3386 5307 3559 5359; x_wconf 85' lang='lat' dir='ltr'><strong>tribu-</strong></span> 
     </span>
    </p>
   </div>
   <div class='ocr_carea' id='block_1_114' title="bbox 1956 5394 3557 5468">
    <p class='ocr_par' dir='ltr' id='par_1_114' title="bbox 1956 5394 3557 5468">
     <span class='ocr_line' id='line_1_114' title="bbox 1956 5394 3557 5468; baseline 0.003 -21"><span class='ocrx_word' id='word_1_858' title='bbox 1956 5404 2068 5448; x_wconf 90' lang='lat' dir='ltr'><strong>tum</strong></span> <span class='ocrx_word' id='word_1_859' title='bbox 2102 5394 2329 5458; x_wconf 57' lang='lat' dir='ltr'><strong>Caesari,</strong></span> <span class='ocrx_word' id='word_1_860' title='bbox 2373 5407 2732 5451; x_wconf 87' lang='lat' dir='ltr'><strong>accusassent</strong></span> <span class='ocrx_word' id='word_1_861' title='bbox 2764 5412 2887 5451; x_wconf 75' lang='lat' dir='ltr'><strong>eurn</strong></span> <span class='ocrx_word' id='word_1_862' title='bbox 2926 5397 3068 5467; x_wconf 91' lang='lat' dir='ltr'><strong>apud</strong></span> <span class='ocrx_word' id='word_1_863' title='bbox 3097 5397 3356 5468; x_wconf 83' lang='lat' dir='ltr'><strong>populum</strong></span> <span class='ocrx_word' id='word_1_864' title='bbox 3411 5399 3557 5467; x_wconf 83' lang='lat' dir='ltr'><strong>quod</strong></span> 
     </span>
    </p>
   </div>
   <div class='ocr_carea' id='block_1_115' title="bbox 1951 5487 3556 5563">
    <p class='ocr_par' dir='ltr' id='par_1_115' title="bbox 1951 5487 3556 5563">
     <span class='ocr_line' id='line_1_115' title="bbox 1951 5487 3556 5563; baseline 0.002 -22"><span class='ocrx_word' id='word_1_865' title='bbox 1951 5487 2004 5541; x_wconf 91' lang='lat' dir='ltr'><strong>in</strong></span> <span class='ocrx_word' id='word_1_866' title='bbox 2051 5490 2369 5543; x_wconf 83' lang='lat' dir='ltr'><strong>servitutem</strong></span> <span class='ocrx_word' id='word_1_867' title='bbox 2400 5491 2647 5560; x_wconf 80' lang='lat' dir='ltr'><strong>redigere</strong></span> <span class='ocrx_word' id='word_1_868' title='bbox 2681 5494 2899 5546; x_wconf 88' lang='lat' dir='ltr'><strong>studeat</strong></span> <span class='ocrx_word' id='word_1_869' title='bbox 2930 5502 3146 5563; x_wconf 74' lang='lat' dir='ltr'><strong>gentem</strong></span> <span class='ocrx_word' id='word_1_870' title='bbox 3196 5509 3319 5563; x_wconf 74' lang='lat' dir='ltr'><strong>qrue</strong></span> <span class='ocrx_word' id='word_1_871' title='bbox 3363 5507 3556 5546; x_wconf 87' lang='lat' dir='ltr'><strong>semen</strong></span> 
     </span>
    </p>
   </div>
   <div class='ocr_carea' id='block_1_116' title="bbox 1951 5582 3560 5657">
    <p class='ocr_par' dir='ltr' id='par_1_116' title="bbox 1951 5582 3560 5657">
     <span class='ocr_line' id='line_1_116' title="bbox 1951 5582 3560 5657; baseline 0.002 -20"><span class='ocrx_word' id='word_1_872' title='bbox 1951 5584 2188 5640; x_wconf 80' lang='lat' dir='ltr'><strong>Abrahae</strong></span> <span class='ocrx_word' id='word_1_873' title='bbox 2222 5583 2316 5651; x_wconf 87' lang='lat' dir='ltr'><strong>sit,</strong></span> <span class='ocrx_word' id='word_1_874' title='bbox 2337 5595 2391 5640; x_wconf 89' lang='lat' dir='ltr'><strong>et</strong></span> <span class='ocrx_word' id='word_1_875' title='bbox 2421 5584 2618 5642; x_wconf 80' lang='lat' dir='ltr'><strong>nullius</strong></span> <span class='ocrx_word' id='word_1_876' title='bbox 2651 5586 2904 5642; x_wconf 80' lang='lat' dir='ltr'><strong>servituti</strong></span> <span class='ocrx_word' id='word_1_877' title='bbox 2936 5586 3170 5643; x_wconf 82' lang='lat' dir='ltr'><strong>obnoxia</strong></span> <span class='ocrx_word' id='word_1_878' title='bbox 3201 5603 3216 5641; x_wconf 89' lang='lat'><strong>:</strong></span> <span class='ocrx_word' id='word_1_879' title='bbox 3247 5585 3331 5642; x_wconf 87' lang='lat' dir='ltr'><strong>sin</strong></span> <span class='ocrx_word' id='word_1_880' title='bbox 3367 5582 3560 5657; x_wconf 77' lang='lat' dir='ltr'><strong>proni-</strong></span> 
     </span>
    </p>
   </div>
  </div>
