4000 6396
495 212 631 276 1343
1341 208 1922 272 THEOPHYLACTI
1966 207 2062 268 BU

2171 207 2380 267 ARUE
2419 208 2775 269 ARCHIEP.
3625 212 3767 276 10H

486 333 696 390 buisset
748 331 897 393 dare,
936 330 1135 385 iterum
1204 332 1270 382 ad
1314 328 1600 395 praesidem
1650 338 1708 381 ut
1758 325 2064 381 seditiosum

2184 324 2376 396 μηδενὶ
2402 324 2715 378 δουλεῦσαν·
2746 326 2795 379 εἰ
2822 323 2877 377 δὲ
2901 325 3101 379 κωλύει
3125 328 3321 399 φόρους
3349 326 3575 392 διδόναι,
3607 327 3778 380 πάλιν

492 425 805 479 traxissent.
841 422 1040 476 Verum
1096 420 1214 491 ipse
1269 419 1491 488 laqueos
1542 432 1731 475 eorum
1779 414 1966 485 effugit
2014 422 2064 467 et

2177 419 2314 490 πρὸς
2357 418 2448 471 τὸν
2485 418 2729 489 ἡγεμόνα
2785 417 3128 487 ἄξουσιν,ὼς
3194 421 3552 489 στασιαστήν.
3601 420 3662 472 Ὀ
3721 422 3777 475 δὲ

486 526 702 582 caprea,
751 526 857 581 quo
892 512 1113 565 nomine
1161 510 1338 580 ipsum
1394 510 1447 562 in
1498 507 1740 563 Canticis
1785 504 2064 575 appellavit

2175 514 2301 574 τοὺς
2332 512 2561 583 βρόχους
2595 512 2774 565 αὐτῶν
2806 513 3091 581 ἐκφεύγει,
3120 512 3196 577 ὡς
3225 511 3449 584 δορκάς,
3483 513 3634 566 οὕτω
3666 512 3777 582 γὰρ

486 616 710 672 sponsa,
732 611 786 655 et
814 601 969 655 docet
999 612 1055 653 ιιι
1079 600 1128 654 ei
1168 598 1262 668 qui
1303 606 1660 669 postestatem
1693 597 1853 651 habet
1901 609 2064 664 super

2174 608 2339 662 αὐτὸν
2362 610 2419 661 ὲν
2442 607 2518 678 τῷ
2540 608 2783 678 ’ᾼσματι
2806 608 2839 676 ἡ
2864 605 3052 675 νύμφη
3076 606 3352 676 ὠνόμασε,
3386 604 3481 658 καὶ
3508 604 3775 665 διδάσκει,

484 710 712 764 corpora
748 703 931 748 nostra
976 692 1330 763 corporaliter
1383 690 1782 761 subjaceamus,
1817 689 1934 742 sive
1971 702 2069 741 rex

491 786 579 841 ille
612 786 705 850 sit,
738 786 853 839 sive
900 796 1185 855 tyrannus,
1218 785 1353 839 nihil
1398 786 1543 839 enim
1581 783 1681 837 hoc
1718 782 1873 836 nobis
1913 790 2071 835 nocet

484 889 541 932 ttt
610 879 963 947 spiritttaliler
1021 879 1159 932 bene
1210 879 1523 949 placeamus
1575 876 1688 931 Deo
1755 876 2065 946 Spirituum.

482 967 713 1024 Reddite
732 970 900 1033 enim,
929 968 1129 1038 inquit,
1161 984 1280 1037 qua?
1324 967 1553 1023 Cesaris
1582 977 1729 1031 sunt,
1758 964 1983 1031 Caesari,
2014 974 2070 1019 et

482 1076 604 1129 quae
636 1070 765 1115 sunt
804 1060 919 1125 Dei,
953 1059 1081 1115 Deo.
1114 1060 1179 1114 Et
1213 1060 1339 1117 vide
1375 1061 1503 1130 quia
1550 1075 1654 1114 non
1690 1058 1848 1121 dixit,
1893 1061 2019 1119 date
2050 1075 2064 1110 :

482 1152 576 1207 sed
632 1153 858 1206 reddite.
913 1153 1160 1222 Debitum
1207 1156 1392 1223 igitur,
1434 1154 1627 1221 inquit,
1679 1160 1813 1208 est:
1852 1150 2067 1205 reddite

483 1244 651 1314 igitur
700 1246 958 1300 debitum.
990 1246 1240 1302 Custodit
1277 1258 1327 1303 te
1366 1250 1617 1319 princeps
1645 1255 1767 1301 tuus
1813 1248 1880 1301 ab
1936 1247 2067 1300 bos-

482 1338 649 1400 tibus,
698 1338 866 1391 vitam
915 1348 1060 1393 tuam
1114 1352 1363 1407 pacatam
1426 1339 1556 1394 facit
1614 1358 1627 1393 :
1680 1339 1844 1393 debes
1886 1338 2067 1408 itaque

480 1430 530 1483 ei
563 1445 661 1498 pro
684 1431 768 1485 his
806 1432 1093 1498 tributum,
1120 1432 1427 1502 praesertim
1453 1448 1572 1487 cum
1604 1442 1658 1486 et
1694 1432 1872 1500 ipsum
1904 1445 2064 1497 quem

480 1521 694 1590 profers
720 1540 1021 1589 nummum,
1048 1526 1113 1580 ab
1145 1524 1235 1580 illo
1265 1526 1385 1594 ipso
1403 1525 1587 1580 habes.
1607 1522 1773 1593 Igitur
1795 1523 2066 1578 mmisma

484 1614 626 1680 regis
656 1614 849 1668 iterum
874 1615 949 1669 illi
984 1616 1165 1682 redde,
1205 1617 1420 1671 interim
1450 1630 1630 1672 autem
1661 1617 1825 1689 £55
1856 1617 1951 1672 tibi
1984 1618 2065 1672 lu-

2175 700 2353 755 ὅτιτὸ
2432 700 2766 768 σωματικῶς
2820 698 3144 751 ὑποκεῖσθαι
3206 698 3284 768 τῷ
3334 696 3445 751 τῶν
3501 698 3777 766 σωμάτων

2175 792 2333 865 ἡμῶν
2381 791 2796 857 ὲξουσιάζοντι,
2858 792 2969 845 εῖτε
3028 790 3261 862 βασιλεῖ,
3330 790 3444 843 εἴτε
3494 790 3774 861 τυράννῳ,

2174 886 2327 939 οὐδὲν
2355 885 2489 954 ἡμῖν
2528 884 2857 954 λυμαίνεται
2888 883 3023 955 πρὸς
3056 883 3120 936 τὺ
3162 883 3482 953 εὐαρεστεῖν
3522 897 3777 951 πνευμα-

2172 978 2340 1041 τικῶς
2371 976 2447 1047 τῷ
2472 976 2593 1047 Θεῷ
2625 975 2734 1030 τῶν
2756 975 3109 1045 πνευμάτων.
3152 975 3408 1027 Ἀπόδοτε
3442 974 3581 1042 γὰρ,
3616 974 3775 1043 φησι,

2171 1073 2239 1125 τὰ
2277 1072 2557 1141 Καίσαρος
2582 1072 2847 1141 Καίσαρι,
2868 1071 2963 1122 καὶ
3001 1070 3070 1121 τά
3093 1067 3187 1121 τοῦ
3218 1067 3354 1121 Θεοῦ
3380 1066 3458 1137 τῷ
3488 1066 3636 1136 Θεῷ.
3667 1067 3779 1119 Καὶ

2170 1167 2292 1235 ὅρα,
2310 1166 2410 1218 οὐκ
2429 1158 2549 1216 εἶπε
2565 1164 2716 1223 Δότε,
2738 1162 2850 1215 ἀλλ’
2869 1161 3145 1215 Ἀπόδοτε.
3169 1160 3366 1229 Χρέος,
3389 1161 3583 1229 φησὶν,
3605 1159 3776 1223 ἐστὶν,

2172 1258 2376 1321 ἀπόδος
2431 1256 2527 1311 οὖν
2573 1256 2672 1325 τὴν
2700 1255 2945 1323 ὀφειλὴν.
2976 1254 3242 1307 Φυλάττει
3284 1270 3344 1306 σε
3389 1255 3417 1306 ὁ
3456 1252 3650 1321 ἄρχων
3682 1268 3775 1304 σου

2170 1352 2235 1403 ἐκ
2269 1348 2375 1402 τῶν
2406 1348 2702 1417 πολεμίων,
2739 1346 2832 1398 τὸν
2875 1345 2989 1416 βίον
3030 1362 3122 1397 σου
3167 1344 3444 1412 εἰρηναῖον
3503 1343 3769 1395 καθιστῶ

2170 1444 2465 1515 χρεωστεῖς
2487 1440 2579 1493 οῦν
2608 1439 2759 1508 αύτῷ
2786 1438 2876 1491 τὸν
2908 1438 3076 1507 φόρον
3103 1438 3225 1490 ἀντὶ
3257 1434 3490 1501 τούτων,
3516 1434 3698 1499 ἄλλως
3722 1452 3781 1527 τε

2176 1539 2273 1589 καί
2302 1534 2458 1601 αύτδ,
2484 1534 2510 1586 ὃ
2540 1530 2895 1604 προσφέρεις,
2930 1530 3205 1595 τουτέστι,
3240 1527 3301 1581 τὸ
3335 1529 3611 1598 νόμισμα,
3642 1544 3763 1597 παρ

2170 1625 2377 1679 ἐκείνου
2430 1623 2596 1677 αὐτοῦ
2649 1622 2814 1693 ἔχεις.
2843 1621 2916 1674 Τὸ
2946 1620 3039 1675 οῦν
3071 1619 3166 1673 τοῦ
3221 1618 3493 1690 βασιλέως
3528 1618 3783 1689 νόμισμα

2177 1717 2373 1780 ἀπόδος
2408 1715 2573 1767 πάλιν
2602 1714 2772 1784 αὐτῷ.
2817 1713 2907 1766 'Ev
2946 1712 3025 1784 τῷ
3052 1711 3204 1783 μέσῳ
3226 1712 3284 1765 δὲ
3310 1711 3670 1783 κεκέρδηκας
3713 1711 3783 1765 δι’

2175 1808 2343 1863 αὑτοῦ
2378 1807 2787 1871 συναλλάσσων,
2824 1805 2921 1859 καὶ
2965 1806 3035 1858 τὰ.
3067 1804 3203 1876 πρὸς
3233 1804 3325 1858 τὸν
3362 1804 3479 1875 βίον
3534 1804 3780 1875 χρειώδη

2176 1900 2691 1972 μεταχειριζόμενος
2717 1915 2730 1929 ο
2756 1897 2948 1969 ὥσπερ
3000 1897 3194 1967 ἀμέλει
3229 1898 3322 1950 καὶ
3368 1898 3436 1951 τά
3493 1897 3591 1950 τοῦ
3635 1896 3778 1950 Θεοῦ

2170 1998 2246 2065 τῷ
2291 1995 2413 2065 Θεῷ
2461 1995 2542 2047 δεῖ
2597 1994 2933 2047 ἀποδιδόναι.
2974 1992 3189 2045 Δέδωκέ
3243 2008 3327 2044 σοι
3381 1989 3533 2056 νοῦν,
3578 1991 3787 2054 ἀπόδος

2171 2092 2334 2155 αὐτὸν
2364 2088 2521 2159 αὐτῷ
2560 2088 2707 2142 κατὰ
2736 2086 2863 2141 νοῦν
2897 2087 3158 2158 ὲνεργῶν.
3209 2087 3421 2140 Λέδωκέ
3469 2105 3552 2141 σοι
3593 2087 3784 2155 λόγον,

2171 2183 2370 2247 ἀπόδος
2426 2182 2592 2235 αὑτὸν
2655 2179 2827 2250 αὐτῷ,
2864 2178 2940 2250 μὴ
2996 2178 3612 2249 συμπαραϐαλλόμενος
3669 2180 3788 2242 τοῖς

482 1704 677 1768 craris,
693 1704 834 1772 quod
856 1722 950 1774 per
968 1706 1162 1775 ipsum,
1181 1722 1301 1777 quae
1317 1709 1439 1762 vita:
1457 1709 1633 1762 debita
1651 1720 1797 1774 sunt,
1813 1719 2068 1778 praestan-

481 1806 588 1849 tur.
608 1794 698 1850 Sic
721 1798 953 1867 denique
972 1810 1026 1853 et
1054 1815 1173 1868 quae
1196 1800 1288 1853 Dei
1313 1810 1462 1865 sunt,
1488 1799 1596 1856 Deo
1620 1812 1746 1856 sunt
1770 1803 2065 1859 reddenda.

478 1883 637 1941 Dedit
680 1888 775 1943 tibi
820 1898 1078 1957 mentem,
1109 1891 1255 1946 illam
1305 1894 1470 1948 redde
1531 1894 1779 1963 ei,juxta
1832 1903 2067 1948 mentem

476 1996 751 2052 nperans:
789 1982 939 2037 dedit
987 1984 1080 2038 tibi
1128 1985 1419 2050 rationem,
1476 1986 1641 2041 redde
1688 1988 1734 2042 ei
1788 1986 1954 2055 illam,
2002 2002 2069 2042 ne

478 2071 581 2126 ﬁas
606 2071 781 2126 brutis
816 2072 1202 2143 insipientibus
1226 2075 1447 2141 similis,
1480 2077 1576 2131 sed
1609 2076 1779 2132 facias
1803 2079 1987 2131 omnia
2013 2088 2069 2131 ut

482 2165 787 2221 rationalis.
834 2165 897 2219 Et
927 2167 979 2220 in
1016 2183 1252 2234 summa,
1280 2168 1431 2223 dedit
1464 2170 1558 2224 tibi
1595 2170 1833 2223 animam
1867 2180 1919 2224 et
1946 2184 2069 2225 cor-

479 2268 626 2319 pus:
662 2254 843 2309 omnia
890 2256 1053 2311 redde
1100 2259 1170 2323 ei,
1208 2268 1261 2313 et
1294 2260 1584 2326 imaginem
1640 2276 1794 2315 suam
1843 2262 2069 2316 restitue
2134 2266 2137 2269 ⁷

478 2345 526 2399 ei
555 2361 649 2416 per
684 2348 865 2415 tidem,
891 2364 985 2417 per
1016 2364 1186 2418 spem.
1211 2366 1414 2422 perque
1436 2352 1759 2408 charitatem
1787 2353 2064 2409 incedens.

481 2434 627 2492 Sane
655 2447 710 2492 et
750 2439 907 2493 aliter
938 2440 1203 2497 reddenda
1245 2452 1370 2496 sunt
1405 2442 1631 2511 Cwsari,
1658 2458 1778 2512 quae
1834 2442 2066 2498 Caesaris

481 2542 630 2595 sunt,
692 2535 1073 2604 unusquisque
1137 2536 1283 2589 enim
1334 2544 1577 2589 nostrum
1630 2534 1918 2604 imaginem
1972 2535 2065 2590 Dei

480 2630 677 2690 gestat,
714 2622 799 2677 vel
834 2625 1095 2693 principis
1122 2625 1329 2679 mundi.
1362 2626 1496 2681 Cum
1528 2627 1691 2697 igitur
1728 2627 1935 2682 similes
1967 2643 2068 2683 nos

2172 2282 2398 2349 κτήνεσι
2424 2281 2538 2341 τοῖς
2575 2277 2849 2347 ἀνοήτοις,
2883 2276 2997 2330 ἁλλ’
3021 2276 3098 2339 ὡς
3126 2276 3349 2343 λογικὸς
3382 2277 3569 2329 πάντα
3603 2276 3786 2346 πράτ-

2168 2390 2297 2427 των.
2354 2375 2465 2427 Καὶ
2516 2370 2707 2433 ἀπλῶς
2762 2370 2965 2424 δέδωκέ
3028 2387 3111 2424 σοι
3171 2370 3372 2440 ψυχὴν,
3437 2372 3537 2423 καὶ
3593 2370 3785 2441 σῶμα,

2170 2468 2351 2521 πάντα
2382 2466 2578 2529 ἀπόδος
2604 2463 2776 2535 αύτῷ,
2804 2466 2901 2518 καὶ
2934 2465 3032 2534 τὴν
3066 2464 3253 2517 εἰκόνα
3275 2463 3445 2517 αὑτοῦ
3482 2466 3787 2520 artaxati-

2172 2573 2371 2625 στησον
2412 2556 2558 2623 αύτῷ
2597 2554 2687 2609 διὰ
2732 2555 2992 2619 πίστεως,
3039 2554 3107 2608 δι’
3151 2554 3392 2619 ὲλπίδος,
3422 2554 3491 2609 δι’
3548 2556 3785 2626 ἀγάπης

2173 2649 2426 2719 βαδίζων.
2469 2648 2578 2701 Καὶ
2626 2647 2733 2718 μὴν
2779 2648 2874 2701 καὶ
2924 2646 3129 2719 ἑτέρως
3181 2647 3287 2719 χρὴ
3339 2647 3661 2701 ἀποδιδόναι
3714 2648 3785 2702 τὰ

479 2716 773 2769 fecerimus
809 2716 1034 2781 (.‘zesari,
1063 2718 1189 2772 facti
1219 2718 1312 2773 lilii
1346 2719 1571 2787 diaboli,
1609 2721 1903 2791 imaginem
1949 2722 2064 2791 ejus

2170 2716 2450 2810 Καίσαρος
2484 2716 2725 2808 Καίσαρι
2752 2716 3033 2805 ’ἔκαστος
3051 2739 3161 2809 γάρ
3364 2739 3397 2808 ἢ
3421 2737 3562 2792 Θεοῦ
3586 2740 3783 2793 εἰκόνα

477 2817 773 2879 gestantes,
799 2810 944 2863 illam
977 2812 1205 2867 reddere
1239 2812 1286 2867 ei
1318 2823 1555 2880 oportet,
1592 2822 1645 2868 et
1690 2814 1925 2882 abjicere
1964 2831 1976 2868 :
2008 2824 2064 2868 ut

2170 2834 2346 2904 φορεῖ,
2378 2831 2410 2901 ἦ
2446 2831 2540 2884 τοῦ
2568 2832 3041 2901 κοσμοκράτορος.
3070 2832 3243 2884 Ὀταν
3276 2826 3370 2885 οῦν
3399 2831 3779 2902 ὁμοιώσωμεν

476 2899 676 2955 habeat
714 2916 834 2971 quae
882 2916 1003 2966 sua,
1034 2912 1088 2957 et
1123 2902 1261 2957 nihil
1318 2904 1560 2959 inveniat
1615 2905 1668 2960 in
1722 2906 1876 2961 nobis
1919 2910 2064 2977 quod

2169 2899 2502 2995 έαῦτοὺςντῷ
2532 2899 2797 2995 Καίσαρι,
2826 2899 3046 2978 υἰοίτοῦ
3064 2924 3317 2978 διαϐόλου
3341 2899 3644 2995 γινόμενοι,
3674 2899 3779 2997 τὴν

478 2994 701 3061 proprie
735 3009 892 3049 suum
916 2996 1007 3052 sit.
1042 2995 1118 3051 lta
1150 3006 1201 3051 ct
1231 2998 1408 3067 imago
1438 2998 1530 3052 Dei
1563 3009 1812 3054 servetur
1848 3014 1877 3053 a
1907 3000 2064 3055 nobis

2169 3020 2351 3073 εἰκόνα
2374 2994 2537 3072 αὑτοῦ
2563 2994 2859 3089 φοροῦμεν,
2896 3017 2966 3089 ἢν
2993 3018 3077 3072 δεῖ
3105 3018 3419 3074 ἀποδιδόναι
3455 2994 3634 3088 αὐτῷ,
3680 2994 3781 3073 καὶ

478 3086 931 3163 iqcontaminata.
987 3089 1199 3145 idcirco
1233 3100 1289 3146 et
1341 3090 1544 3147 Paulus
1598 3092 1878 3158 admonet,
1926 3094 2064 3149 sicut

2171 3112 2539 3187 ἀπορρίπτειν
2590 3086 2655 3164 ἵνί
2713 3086 2825 3181 Eiet
2882 3086 2953 3163 τά
3012 3112 3252 3180 ἑαυτοῦ,
3302 3112 3399 3167 καὶ
3458 3086 3637 3184 μηδὲν
3714 3116 3777 3166 ἐν

477 3180 817 3246 portavimus
863 3179 1156 3250 imaginem
1224 3184 1471 3249 terreni,
1535 3184 1607 3238 ita
1662 3194 1947 3254 portemus
2012 3194 2064 3241 et

2170 3179 2303 3277 ἡμῖν
2325 3179 2560 3277 εύρίσκῃ
2600 3179 2799 3257 οἰκεῖον
2832 3203 3024 3268 αὑτοῦ,
3047 3203 3221 3268 οὕτως
3255 3205 3367 3277 γάρ
3393 3179 3494 3259 καὶ
3601 3205 3779 3259 εἰκὼν

475 3273 771 3343 imaginem
834 3274 1119 3343 caelestis;
1172 3278 1191 3309 ⁷
1242 3289 1296 3333 et
1358 3277 1465 3333 alio
1519 3278 1637 3333 loco
1695 3295 1710 3333 :
1770 3278 2061 3350 Deponen-

2169 3273 2263 3353 τοῦ
2294 3273 2428 3352 Θεοῦ
2449 3273 2657 3367 ἀμιγὴς
2683 3297 2952 3368 τηρηθείη
2982 3299 3138 3369 ἡμῖν.
3172 3273 3277 3351 Διὸί
3302 3273 3520 3362 Ιῖαῦλος
3551 3273 3781 3369 impat-

481 3374 561 3419 tes
627 3374 864 3421 veterem
927 3366 1203 3423 hominem
1252 3368 1293 3422 ⁸.
1340 3368 1493 3436 Quod
1541 3370 1643 3425 hoc
1703 3370 1823 3426 loco
1865 3372 2064 3426 dicitur

2171 3394 2275 3458 νεῖ,
2330 3366 2533 3455 Καθὼς
2588 3366 2933 3462 ἑφορέσαμεν
3141 3392 3327 3446 εἰκόνα
3376 3392 3472 3446 τοῦ
3532 3366 3729 3463 χοϊκοῦ
3758 3432 3775 3456 ,

474 3460 651 3523 reddi,
679 3460 762 3529 ,id
810 3461 951 3530 apud
1005 3459 1231 3516 Paulum
1283 3461 1486 3517 dicitur
1528 3463 1725 3533 deponi
1762 3482 1775 3517 :
1829 3474 1884 3520 et
1920 3467 2065 3535 quod

476 3559 567 3610 hic
624 3556 799 3627 imago
848 3557 1107 3622 Caesaris,
1132 3559 1233 3613 hoc
1285 3560 1396 3615 illic
1449 3562 1626 3631 imago
1682 3565 1883 3618 terreni
1937 3578 2064 3633 pec-

477 3648 679 3703 catoris
713 3690 729 3716 ,
786 3651 917 3703 Adae
968 3652 1200 3716 scilicet,
1254 3668 1317 3708 ac
1368 3654 1568 3709 veteris
1618 3655 1875 3711 hominis.
1928 3657 2065 3711 Nam

475 3744 653 3809 imago
692 3744 888 3797 terreni
919 3743 1053 3797 nihil
1094 3746 1237 3800 aliud
1264 3762 1425 3815 quam
1470 3748 1759 3818 corruptio
1788 3758 1844 3803 et
1873 3764 2063 3817 pecca-

478 3846 611 3899 tum,
645 3836 789 3903 quod
842 3837 1129 3892 habuimus
1178 3839 1469 3894 assimilari
1516 3851 1802 3911 apostataa,
1856 3854 1911 3897 et
1952 3856 2061 3895 non

476 3928 612 3996 regi.
638 3927 809 3983 Porro
834 3944 936 3983 non
966 3940 1265 4000 potuerunt
1292 3932 1551 3989 Pharisaei
1582 3936 2050 4005 comprehendere

473 4018 656 4073 Jesum
689 4019 740 4072 in
773 4034 1027 4075 sermone
1057 4034 1241 4075 coram
1265 4024 1461 4090 populo
1491 4040 1504 4086 ;
1532 4023 1623 4078 hic
1654 4026 1797 4077 enim
1824 4025 2061 4079 maxime

474 4112 835 4178 conabantur,
872 4121 929 4166 ut
962 4112 1099 4180 apud
1128 4112 1384 4179 populum
1408 4115 1580 4182 ipsum
1622 4128 1884 4169 accusare
1914 4114 2059 4168 vale-

475 4215 615 4270 rent,
648 4206 791 4275 quod
822 4205 974 4260 illum
1008 4208 1257 4261 servituti
1284 4205 1512 4260 Romani
1532 4208 1711 4278 populi
1741 4209 2012 4278 subigeret
2041 4224 2060 4261 :

2170 3487 2493 3560 φορέσωμεν
2526 3488 2620 3541 καὶ
2647 3487 2747 3556 τὴν
2772 3486 2955 3540 εἰκόνα
2987 3487 3083 3540 τοῦ
3116 3488 3468 3558 ἐπουρανίου.
3506 3487 3620 3539 Καὶ
3670 3484 3776 3537 ἀλ-

2167 3579 2359 3650 λαχοῦο
2410 3579 2770 3649 Ἀποθέμενοι
2817 3579 2908 3633 τὸν
2941 3579 3173 3634 παλαιὸν
3218 3580 3527 3650 ἄνθρωπον.
3582 3580 3777 3648 Ὅπερ

2167 3670 2406 3723 ἐνταῦθα
2432 3671 2651 3740 εἴρηται
2681 3670 3018 3732 ἀποδιδόναι,
3049 3670 3209 3724 τοῦτο
3247 3672 3399 3740 παρά
3438 3668 3517 3739 τῷ
3559 3670 3775 3737 Παύλῳ

2166 3761 2225 3814 τὸ
2252 3759 2578 3823 ἀποθέσθαι,
2608 3761 2703 3813 καὶ
2733 3759 2760 3812 ὃ
2790 3759 3028 3813 ἐνταῦθα
3064 3763 3229 3815 εἰκὼν
3257 3763 3564 3832 Καίσαρος,
3599 3762 3771 3815 τοῦτο

2166 3856 2283 3908 ἐκεῖ
2302 3852 2467 3907 εἰκὼν
2484 3853 2671 3923 χοϊκοῦ
2701 3853 2795 3906 τοῦ
2821 3854 3148 3925 ἀμαρτωλοῦ
3180 3856 3422 3920 πάντως,
3467 3855 3644 3924 Ἀδὰμ
3669 3856 3774 3910 καὶ

2167 3946 2397 3999 παλαιοῦ
2434 3945 2748 4013 ἀνθρώπου.
2795 3946 2861 3999 Ἥ
2894 3948 3004 4014 γὰρ
3034 3947 3201 3999 εἰκὼν
3234 3945 3329 3999 τοῦ
3364 3944 3572 4016 χοϊκοῦ,
3609 3946 3773 4001 οὐδὲν

2164 4037 2314 4099 ἀλλο,
2340 4036 2375 4107 ἢ
2403 4038 2433 4107 ἡ
2481 4036 2677 4106 φθορὰ.
2710 4037 2806 4090 καὶ
2856 4038 2888 4107 ὴ
2922 4038 3189 4108 ἁμαρτία,
3226 4039 3293 4108 ἢν
3321 4040 3562 4109 ἔσχομεν
3620 4042 3773 4108 ἀφο-

2167 4129 2494 4201 μοιωθέντες
2530 4129 2608 4199 τῷ
2657 4130 2963 4201 ἀποστάτῃ,
2996 4130 3089 4182 καὶ
3121 4131 3196 4201 μὴ
3241 4130 3321 4200 τῷ
3372 4131 3607 4201 βασιλεῖ.
3645 4132 3772 4187 Οὐκ

2166 4219 2393 4289 ἴσχυσαν
2429 4218 2522 4271 οῦν
2563 4220 2612 4272 οἰ
2663 4220 2950 4291 Φαρισαῖοι
3003 4220 3360 4274 ἐπιλαϐέσθαι
3416 4221 3513 4275 τοῦ
3583 4221 3769 4295 Ἰησοῦ

475 4296 569 4349 sed
626 4294 839 4355 efficere
884 4296 1018 4351 nihil
1071 4297 1386 4363 valuerunt,
1420 4308 1639 4371 propter
1693 4298 2052 4356 excellentem

2169 4311 2396 4366 ἐνώπιον
2412 4310 2506 4364 τοῦ
2536 4310 2687 4363 λαοῦ·
2714 4311 2772 4363 τδ
2796 4312 2907 4384 γὰρ
2932 4313 3370 4381 σπουδαζόμενον
3410 4314 3623 4380 αὐτοῖς,
3652 4294 3769 4385 μά-

474 4386 649 4456 ipsius
680 4387 1021 4458 sapientiam.

546 4665 707 4721 Vens.
740 4664 929 4719 27-40.
974 4684 991 4717 ι
1028 4665 1391 4721 Accesserunt
1442 4677 1621 4723 autem
1670 4671 1890 4739 quidam
1918 4672 2057 4729 Sad-

473 4760 777 4811 ducaaornm
818 4757 911 4824 qui
965 4768 1162 4829 negant
1200 4773 1321 4814 esse
1373 4763 1848 4831 resurrectionem,
1888 4776 1938 4821 et
1966 4768 2050 4822 in-

474 4858 888 4917 terrogaverunt
960 4864 1117 4915 eum,
1188 4852 1433 4907 dicentes
1469 4871 1482 4907 :
1518 4853 1808 4925 Magister,
1880 4859 2056 4915 Moses

473 4938 693 5007 scripsit.
717 4938 871 4991 nobis
900 4956 912 4991 :
938 4940 981 4992 si
1006 4940 1158 5007 cujus
1177 4942 1345 4996 frater
1372 4954 1619 5000 mortuus
1652 4944 1818 5001 fuerit
1848 4946 2055 5005 habens

474 5045 719 5095 uxorem,
751 5033 905 5100 isque
932 5032 1049 5086 sine
1081 5033 1265 5087 liberis
1311 5050 1557 5091 mortuus
1606 5036 1788 5104 fuerit,
1822 5048 1879 5092 ut
1905 5041 2049 5095 acci-

475 5122 778 5189 piatlrater
828 5128 945 5191 ejus
995 5140 1242 5192 uxorem,
1288 5140 1343 5181 et
1393 5130 1619 5185 suscitet
1658 5146 1841 5187 semen
1896 5132 2051 5190 fratri

472 5228 594 5266 suo.
622 5214 839 5285 Septem
888 5231 1015 5287 ergo
1048 5216 1246 5273 fratres
1290 5230 1467 5285 erant,
1499 5231 1555 5276 et
1582 5224 1789 5291 primus
1838 5226 2051 5291 accepit

468 5322 717 5373 uxorem,
750 5324 813 5363 ac
850 5322 1094 5369 mortuus
1132 5322 1215 5368 est
1245 5315 1365 5369 sine
1400 5316 1581 5372 liberis
1608 5337 1620 5373 :
1646 5331 1699 5375 et
1728 5322 1940 5389 accepit
1969 5336 2056 5377 se-

2086 4368 2133 4425 ι)
2166 4406 2325 4457 λιστα
2347 4403 2510 4457 τοῦτο
2535 4399 2625 4476 ἦν,
2652 4404 2714 4457 τὺ
2741 4368 2890 4477 πρὸς.
2916 4405 3007 4461 τὸν
3055 4368 3184 4459 λαὸν
3210 4368 3495 4461 διαϐαλεῖν
3544 4368 3767 4476 τοῦτον,

2167 4502 2243 4564 ὡς
2284 4498 2721 4552 καταδουλοῦνται
2760 4503 2874 4563 τοῖς
2920 4497 3215 4569 Ῥωμαίοις
3258 4505 3320 4554 τὸ
3367 4500 3544 4567 ἔθνος,
3574 4502 3604 4555 ὃ
3664 4504 3769 4557 οὐκ

2168 4596 2396 4665 ἴσχυσαν
2424 4591 2643 4646 τελέσαι
2672 4592 2760 4647 διά
2785 4592 2883 4664 τὴν
2912 4594 3222 4664 ὑπέρσοφον
3253 4594 3419 4649 αὑτοῦ
3443 4596 3765 4665 ἀπόκρισιν.

2236 4686 2635 4756 Προσελθόντες
2666 4683 2721 4738 δέ
2746 4702 2890 4751 τινες
2911 4686 3019 4739 τῶν
3074 4687 3480 4754 Σαδδουκαίων,
3511 4691 3563 4743 οἰ
3612 4692 3768 4743 ἀντι-

2164 4776 2413 4845 λέγοντες
2449 4780 2746 4833 ἀνάστασιν
2771 4778 2846 4851 μὴ
2886 4775 3025 4833 εῖναι
3050 4820 3065 4845 ,
3114 4781 3421 4852 ἐπηρώτων
3464 4782 3634 4835 αὐτὸν
3670 4782 3763 4837 λέ-

2161 4887 2351 4937 γοντες
2374 4888 2387 4902 ο
2413 4872 2735 4939 Διδάσκαλε,
2766 4872 2975 4943 Μωσῆς
2996 4872 3237 4943 ἔγραψεν
3264 4874 3420 4944 ἡμῖν,
3463 4874 3591 4929 Ἐάν
3612 4892 3765 4940 τινος

2160 4963 2388 5032 ἀδελφὸς
2432 4964 2682 5037 ἀποθάνῃ
2722 4965 2861 5035 ἔχων
2901 4968 3158 5033 γυναῖκα,
3195 4968 3291 5019 καί
3325 4960 3477 5030 οὗτος
3527 4967 3763 5030 ἄτεκνος

2157 5055 2425 5128 ἀποθάνῃ,
2461 5056 2549 5109 ἵνα
2579 5056 2718 5130 λάϐῃ
2751 5059 2779 5109 ὁ
2808 5057 3037 5126 ἀδελφὸς
3056 5057 3224 5111 αὑτοῦ
3248 5059 3347 5127 τὴν
3374 5060 3637 5126 γυναῖκα,
3664 5061 3762 5111 καὶ

2159 5150 2499 5223 ἐξαναστήσῃ
2539 5150 2762 5222 σπέρμα
2808 5151 2885 5219 τῷ
2916 5150 3128 5222 ἀδελφῷ
3162 5151 3330 5205 αὐτοῦ
3365 5193 3379 5207 .
3436 5152 3616 5206 Ἑπτὰ
3660 5148 3759 5204 οἷν

2158 5238 2378 5307 ἀδελφοί
2416 5236 2577 5311 ἦσαν,
2612 5244 2704 5294 καὶ
2747 5244 2774 5294 ὁ
2808 5242 3023 5313 πρῶτος
3055 5241 3238 5295 λαϐὼν
3289 5245 3528 5310 γυναῖκα
3552 5284 3565 5303 ,
3617 5244 3759 5296 ἀπέ-

2158 5334 2318 5387 θανεν
2340 5334 2587 5400 ἄτεκνος,
2618 5339 2714 5391 καὶ
2749 5337 2940 5391 ἔλαϐεν
2976 5339 3001 5390 ὁ
3038 5337 3293 5408 δεύτερος
3341 5337 3440 5406 τὴν
3490 5340 3753 5402 γυναῖκα,

470 5402 679 5457 cnndus
731 5403 897 5468 illam,
932 5414 985 5459 ct
1024 5406 1139 5475 ipse
1187 5419 1439 5465 mortuus
1470 5418 1554 5465 est
1596 5412 1715 5469 sine
1742 5414 1932 5471 liberis
1961 5432 1973 5468 :
2004 5423 2057 5470 et

2169 5427 2247 5478 καὶ
2278 5418 2433 5490 οὗτος
2466 5428 2738 5481 ἀπέθανεν
2770 5429 3015 5495 ἄτεκνος,
3050 5431 3145 5483 καὶ
3174 5402 3411 5501 ὀντρίτος
3443 5430 3755 5484 ἐλαϐεναύ-

474 5494 661 5549 tertitts
709 5498 919 5565 accepit
970 5495 1150 5565 illam,
1194 5501 1446 5557 similiter
1494 5512 1549 5558 ct
1591 5508 1768 5563 caeteri
1821 5519 2050 5579 septem,

538 5671 602 5729 ⁷1
636 5676 757 5732 Cor.
796 5694 865 5733 xv
938 5680 1021 5734 tt).
1100 5680 1118 5711 ⁸
1150 5680 1353 5740 Coloss.
1414 5700 1494 5755 nt,
1531 5685 1583 5741 θ.

2154 5514 2273 5587 τὴν,
2301 5517 2563 5583 ὡσαύτως
2580 5519 2636 5572 δὲ
2660 5521 2752 5578 καὶ
2774 5523 2822 5574 οἰ
2845 5521 3005 5586 ἑπτὰ,
3041 5522 3132 5575 καὶ
3150 5523 3209 5574 οὐ
3241 5522 3537 5576 κατέλιπον
3560 5523 3749 5584 τέκνα,
