4000 6412
194 267 331 329 illi?)

954 261 1402 321 ΕΝᾹΙΗίΛΤῙΟ
1450 261 1525 320 IN
1566 261 1804 321 EVANG

1912 260 2071 322 .IUM
2115 258 2353 316 LUCJS.
2379 283 2431 293 -
2464 255 2621 317 CAP.
2660 254 2787 315 XX.

3379 246 3516 313 toto

184 380 279 432 καὶ
308 378 602 431 ἀπέθανον.
640 376 897 445 ’Ὕστεροι
936 376 1152 428 πάντων
1175 375 1413 429 ἀπέθανε
1447 378 1539 428 καὶ
1572 377 1789 447 ήγυνή.

1912 390 1999 430 nec
2033 372 2372 439 reliquerunt
2410 371 2636 435 liberos,
2672 379 2727 425 et
2763 368 2963 423 mortui
3020 379 3170 423 sunt.
3209 366 3516 424 Novissima

194 474 284 525 Ἑν
330 474 395 541 τῇ
435 469 527 523 οῦν
578 469 905 533 ἀναστάσει,
943 468 1085 530 τίνος
1135 469 1316 520 αὐτῶν
1364 470 1573 537 γίνεται
1615 470 1788 541 γυνή;

182 566 245 618 Ol
280 564 392 634 γάρ
424 562 563 616 ἐπτά
590 561 749 631 ἔσχον
790 562 964 631 αὐτὴν
1001 565 1257 628 γυναῖκα.
1312 562 1421 614 Καὶ
1469 562 1792 631 ἀποκριθεὶς

184 655 339 708 εἶπεν
373 655 620 718 αὖτοῖςό
670 654 880 725 Ἰησοῦς
913 670 926 682 ’
965 657 1026 707 lli
1062 656 1167 707 υἱοὶ
1216 654 1311 707 τοῦ
1364 656 1562 718 αἰῶνος
1596 655 1791 708 τούτου

183 749 423 818 γαμοῦσι
456 748 551 801 καὶ
570 749 1004 817 ἐκγαμίσκονται
1033 766 1042 777 “
1073 750 1122 801 οἱ
1146 748 1201 801 δὲ
1228 749 1659 813 καταξιωθέντες
1697 748 1790 800 τοῦ

182 846 377 906 αἰῶνος
415 843 625 896 ἐκείνου
678 845 859 911 τυχεῖν
886 885 898 905 ,
938 843 1033 895 καὶ
1076 844 1174 912 τῆς
1204 844 1559 907 ἀναστάσεως
1594 842 1696 911 τῆς
1726 846 1791 896 ἐκ

182 936 433 1004 νεκρῶν,
475 934 599 989 οὔτε
639 935 910 1005 γαμοῦσιν
938 978 953 1000 ,
988 936 1109 991 οὔτε
1162 938 1614 1005 ὲκγαμίσκονται.
1652 936 1790 990 Οὔτε

183 1033 293 1101 γὶρ
320 1031 614 1084 ἀποθανεῖν
647 1033 725 1085 ἔτι
757 1031 1041 1097 δύνανται,
1084 1033 1364 1100 ἰσάγγελοι
1392 1034 1501 1102 γάρ
1529 1034 1658 1097 εισι,
1698 1034 1792 1087 καὶ

182 1128 289 1178 uio‘:
318 1125 409 1178 τοῦ
465 1124 623 1187 Θεοῦ,
670 1125 767 1193 τῆς
815 1126 1171 1189 ἀναστάσεως
1220 1126 1327 1179 υἱοὶ
1366 1126 1540 1189 ὄντες.
1576 1127 1701 1179 ’Ότι
1732 1125 1791 1178 δέ

186 1217 500 1285 ἐγείρονται
534 1218 581 1268 οἱ
616 1217 827 1287 νεκροὶ,
866 1219 961 1270 καὶ
1000 1218 1211 1287 Μωσῆς
1250 1220 1527 1287 ἐμήνυσεν
1569 1220 1662 1273 ἐπὶ
1692 1220 1793 1287 τῆς

186 1309 374 1377 βάτου,
408 1312 483 1372 ώς
542 1310 690 1377 λέγει
731 1310 935 1382 Κύριον
966 1312 1058 1365 τὸν
1088 1312 1222 1365 Θεὸν
1262 1312 1536 1383 Ἀϐραὰμ,
1572 1314 1667 1366 καὶ
1696 1312 1791 1366 τὸν

184 1401 318 1453 θεὸν
363 1402 563 1463 Ἰσαὰκ,
600 1404 693 1456 καὶ
733 1404 825 1455 τὸν
861 1404 996 1457 Θεὸν
1037 1405 1255 1460 Ἰακώϐ.
1292 1407 1426 1470 Θεὸς
1453 1408 1508 1461 δὲ
1539 1410 1640 1461 οὐκ
1673 1407 1792 1461 ἔστι

186 1494 421 1563 νεκρῶν,
446 1496 581 1547 ἀλλὰ
607 1496 1067 1563 ζώντων,’ττάντες
1086 1500 1194 1570 γὰρ
1227 1501 1377 1570 αὐτῷ
1401 1502 1590 1566 ζῶσιν.
1632 1503 1793 1555 ’Λπο-

190 1588 467 1654 κριθέντες
510 1589 565 1641 δέ
614 1608 756 1653 τινες
806 1593 914 1643 τῶν
946 1594 1333 1663 Γραμματέων
1378 1590 1575 1648 εἷπον·
1632 1596 1792 1648 Διδά-

191 1680 382 1743 σκαλε,
418 1679 599 1742 καλῶς
631 1677 815 1742 εἶπας.
848 1682 963 1735 Οὐκ
994 1684 1073 1736 ἐτι
1108 1684 1163 1737 δέ
1212 1686 1458 1755 ἐτόλμων
1504 1687 1792 1757 ἐπερωτᾷν

188 1770 353 1820 αὐτὸν
380 1769 551 1821 οὐδέν.
594 1790 611 1822 ι
662 1770 877 1841 Σαθράν
926 1774 1336 1843 ὑποστήσαντες
1378 1776 1624 1844 κρηπῖδα
1663 1778 1793 1828 ἐαυ-

192 1862 302 1921 τοῖς
338 1861 387 1912 οἱ
419 1861 817 1928 Σαδδουκαῖοι,
853 1865 1179 1934 διηπίστουν
1210 1870 1323 1931 τοῖς
1362 1868 1493 1936 περὶ
1549 1866 1794 1920 ἀναστά-

190 1968 332 2016 σεως
364 1952 565 2021 λόγοις,
597 1955 927 2027 Σωματικὴν
959 1958 1069 2027 γὰρ
1089 1959 1369 2029 διαγωγὴν
1396 1958 1621 2013 ἔσεσθαι
1648 1962 1706 2013 ἐν
1727 1962 1793 2030 τῇ

190 2048 487 2101 ἀναστάσει
519 2048 905 2114 ὑπονοοῦντες,
935 2054 1161 2115 εἰκότως
1190 2053 1542 2121 ἐσφάλλοντο,
1584 2054 1665 2109 διὸ
1703 2054 1798 2108 καὶ

190 2139 268 2200 ὡς
318 2138 519 2193 ἄτοπον
580 2140 966 2205 διαϐάλλοντες
1022 2144 1083 2195 τὸ
1126 2145 1382 2214 περὶτῆς
1439 2146 1797 2209 ἀναστάσεως

189 2231 393 2298 δόγμα,
428 2232 756 2287 πλάττονται
801 2235 899 2305 τήν
924 2236 1153 2305 ἀνόητον
1185 2238 1439 2308 διήγησιν
1463 2239 1692 2309 ταύτην.
1738 2240 1797 2294 Ὀ

194 2318 293 2375 οὖν
355 2322 560 2393 Κύριος
611 2328 710 2395 τὴν
760 2329 1002 2397 κρηπῖδα
1056 2330 1241 2391 αὐτοῖς
1288 2330 1671 2396 διασαλεῦσας,
1707 2336 1800 2385 καὶ

191 2414 375 2479 δείξας
421 2418 503 2470 ὅτι
538 2420 641 2471 οῦκ
691 2418 807 2472 ἔστι
843 2422 1137 2492 σωματικὴ
1167 2424 1437 2496 διαγωγὴ,
1473 2426 1591 2479 τότε
1638 2426 1799 2491 εὐθὺς

191 2512 258 2579 τῇ
286 2509 462 2582 σαθρᾷ
485 2513 654 2583 ταύτῃ
704 2516 967 2583 κρηπῖδι,
1004 2518 1097 2569 καὶ
1120 2518 1345 2587 ὑπονοίᾳ
1374 2519 1797 2587 συγκατέσπασε

194 2605 256 2655 τῗι
284 2604 461 2673 δόγμα
491 2608 689 2670 αὐτῶν,
726 2606 897 2660 εἰπών
922 2626 933 2637 ·
970 2611 1273 2671 Πλανᾶσθε,
1330 2611 1405 2683 μὴ
1460 2612 1665 2677 εἰδότες
1701 2612 1801 2677 τὰς

195 2699 447 2767 Γραφάς,
500 2702 637 2754 ἀλλὰ
684 2707 1151 2775 παρεκδεχόμενοι
1204 2707 1296 2759 τὸν
1325 2707 1449 2760 νοῦν
1485 2709 1689 2761 αὐτῶν.
1736 2709 1800 2760 Ol

199 2791 300 2859 μὲν
345 2792 454 2863 γάρ
498 2796 607 2847 υἱοὶ
659 2796 751 2847 τοῦ
801 2798 998 2861 αἰῶνος
1026 2799 1243 2865 τούτου,
1303 2801 1351 2851 οι
1401 2801 1460 2852 ἐν
1493 2800 1573 2871 τῷ
1608 2800 1801 2871 κόσμῳ

194 2883 379 2955 τούτῳ
414 2888 735 2953 γεννῶντες,
771 2892 863 2943 καὶ
892 2892 1225 2963 γεννώμενοι
1259 2894 1532 2964 γαμοῦσι,
1577 2896 1673 2949 καὶ
1710 2896 1804 2947 ἐκ-

199 2980 590 3049 γαμίσκονται,
628 2984 925 3047 τουτέστιν,
965 2988 1043 3047 εἰς
1076 2988 1295 3055 γάμους
1349 2987 1692 3041 ἐκδίδονται·
1749 2989 1799 3040 οί

1899 466 2145 523 onmium
2176 476 2392 521 mortua
2408 472 2491 520 est
2516 475 2571 519 et
2601 464 2817 518 mulier.
2848 464 2904 517 In
2926 466 3335 518 resurrectione
3360 479 3513 532 ergo,

1897 562 2056 631 cujus
2086 575 2275 615 eorum
2300 559 2403 612 crit
2446 558 2630 612 uxor?
2666 558 2939 625 siquidem
2972 566 3191 622 septem.
3206 554 3520 610 habuerunt

1897 672 2018 710 eam
2075 670 2325 709 uxorem.
2371 653 2437 707 Et
2482 652 2826 722 respondens
2879 650 2955 704 ait
3003 650 3110 703 illis
3158 647 3360 702 Jesus:
3392 646 3518 701 Filii

1900 748 2060 813 hujus
2107 746 2291 801 smculi
2347 745 2558 799 ducunt
2601 759 2826 807 uxores,
2865 754 2918 797 et
2969 751 3199 810 nttptum
3262 742 3462 795 dantur
3500 757 3514 793 :

1904 840 1978 894 illi
2019 854 2149 894 vero
2186 839 2278 909 qui
2310 838 2456 909 digni
2490 837 2837 893 habebuntur
2862 836 3065 891 szeculo
3098 834 3212 897 illo,
3244 843 3299 889 et
3329 850 3519 887 resur-

1901 931 2144 987 rectione
2173 946 2239 985 ex
2279 930 2535 995 mortuis,
2591 943 2771 999 neque
2803 929 3014 982 ducunt
3060 942 3285 991 uxores,
3342 941 3521 993 neque

1900 1037 2132 1094 nuptum
2170 1024 2392 1087 dantur,
2430 1038 2607 1087 neque
2661 1022 2806 1076 enim
2864 1021 3004 1074 ultra
3074 1020 3212 1074 mori
3265 1028 3516 1087 possunt.

1898 1118 2166 1188 ZEqualcs
2215 1117 2362 1171 enim
2402 1118 2614 1188 angelis
2650 1126 2799 1180 sunt,
2842 1128 2896 1171 et
2931 1116 3025 1169 ﬁlii
3057 1126 3187 1169 sunt
3242 1114 3357 1179 Dei,
3394 1129 3519 1167 cum

1897 1213 2005 1268 sint
2042 1212 2137 1267 lilii
2181 1211 2632 1267 resurrectionis.
2672 1211 2828 1277 Quod
2864 1226 2994 1265 vero
3028 1217 3321 1277 resurgant
3370 1223 3520 1260 inor-

1900 1305 1998 1368 tni,
2032 1315 2087 1359 et
2119 1304 2297 1358 Moses
2330 1305 2571 1359 ostendit
2622 1304 2777 1372 juxta
2831 1304 3053 1366 rubum,
3088 1319 3209 1356 cum
3240 1301 3375 1355 dirit
3411 1301 3519 1354 Do-

1898 1397 2106 1451 minum
2166 1396 2334 1453 Demn
2392 1396 2695 1461 Abraham,
2729 1406 2783 1450 et
2823 1396 2991 1448 Deum
3050 1396 3223 1457 Isaac,
3262 1402 3313 1446 et
3350 1393 3519 1446 Deum

1896 1486 2069 1544 ιπερὶ)
2108 1506 2122 1542 :
2158 1489 2301 1542 Deus
2350 1500 2534 1542 autem
2574 1505 2680 1541 non
2728 1497 2810 1541 est
2845 1472 3212 1551 mortuorum,
3244 1486 3338 1539 sed
3369 1486 3521 1536 vivo-

1900 1597 2018 1634 rum
2047 1597 2062 1645 ;
2097 1595 2291 1635 omnes
2320 1579 2467 1634 enim
2514 1580 2589 1633 illi
2623 1581 2832 1634 vivunt.
2872 1577 3291 1647 lit-Spondentes
3332 1586 3518 1629 autem

1899 1674 2119 1743 quidam
2148 1673 2318 1745 5.56
2341 1673 2665 1729 Scribarum
2692 1675 2951 1729 dixerunt
2983 1693 2995 1728 :
3033 1674 3315 1743 Magister,
3382 1675 3522 1728 bene

1905 1768 2117 1822 dixisti.
2157 1766 2223 1820 Et
2258 1768 2491 1836 amplius
2536 1784 2644 1823 non
2701 1768 2978 1822 audebant
3036 1785 3161 1822 eum
3216 1768 3519 1837 quidquam

1903 1860 2267 1929 interregare.
2333 1879 2351 1910 ι
2411 1860 2714 1914 InVaIidum
2773 1861 3192 1915 fundamentum
3263 1876 3376 1915 sua:
3424 1863 3521 1914 dn-

1900 1954 2091 2009 Ctrina:
2138 1953 2387 2008 fecerant
2423 1954 2734 2017 Sadducmi,
2785 1971 2890 2008 non
2923 1955 3215 2008 credentes
3269 1970 3521 2008 resurre-

1900 2048 2140 2103 ctionem
2171 2066 2185 2102 :
2223 2048 2549 2118 cogitabant
2585 2048 2729 2102 enim
2789 2047 3028 2103 futuram
3064 2049 3408 2118 corporalem
3444 2048 3524 2102 vi-

1903 2152 2013 2194 tam
2072 2141 2125 2194 in
2186 2142 2620 2197 resurrectione.
2698 2141 2827 2197 ldeo
2883 2152 3143 2213 tauquam
3220 2142 3523 2197 absurdum

1906 2233 2333 2288 resurrectionis
2375 2233 2571 2303 dogma
2625 2232 3051 2300 calumniantes,
3086 2235 3311 2289 stultam
3372 2233 3523 2288 banc

1904 2327 2271 2381 narrationem
2314 2326 2527 2396 lingunt
2561 2344 2574 2381 :
2608 2327 2752 2381 unde
2788 2326 3050 2381 Dominus
3103 2324 3525 2383 fundamentum

1904 2435 2097 2473 eorum
2149 2421 2334 2474 statim
2380 2419 2689 2486 concussit,
2746 2432 2799 2473 et
2832 2420 3077 2476 ostendit
3124 2420 3269 2490 quod
3311 2436 3423 2475 non
3453 2421 3527 2476 sit

1903 2513 2211 2581 corporalis
2245 2514 2353 2567 vita
2390 2525 2557 2569 tunc:
2588 2530 2698 2585 quo
2728 2514 2956 2579 factum,
2988 2525 3047 2569 ut
3080 2516 3281 2586 dogma
3305 2529 3523 2579 eorum,

1906 2604 2093 2657 statim
2149 2605 2345 2660 obtusa
2404 2607 2701 2675 opinione,
2759 2616 2812 2661 et
2865 2607 3105 2662 imalido
3164 2607 3526 2662 fundamento

1905 2698 2245 2754 c0ucideret.
2288 2700 2503 2755 Erratis
2554 2700 2723 2767 enim,
2772 2702 2969 2769 inquit,
3019 2700 3337 2755 nescientes
3376 2700 3527 2755 Scri-

1905 2804 2119 2861 pturas,
2152 2792 2250 2847 sed
2304 2794 2645 2850 invertentes
2690 2809 2913 2849 sensum
2964 2810 3179 2849 earum.
3212 2792 3336 2848 Filii
3368 2793 3521 2849 enim

1909 2886 2069 2953 bujus
2093 2886 2279 2941 saeculi
2315 2896 2584 2957 generant
2614 2896 2669 2941 et
2700 2892 3057 2956 generantur,
3089 2902 3291 2941 uxores
3319 2887 3529 2942 ducunt

1906 2988 1963 3034 et
1996 2991 2223 3050 nuptum
2256 2980 2483 3046 dantur,
2533 2981 2637 3035 hoc
2686 2990 2793 3045 est,
2820 2978 2879 3035 in
2917 2982 3136 3051 nuptias
3176 2980 3471 3035 traduntur
3508 2999 3521 3035 :

194 3073 253 3126 δὲ
283 3075 377 3126 τοῦ
410 3075 606 3139 αίώνος
636 3078 847 3131 ἐκείνου
879 3081 986 3134 υἱοὶ
1030 3081 1185 3134 οὐδὲν
1214 3080 1494 3147 τοιοῦτον,
1533 3082 1655 3135 οὺδέ
1692 3082 1801 3151 γάρ

1912 3071 2004 3125 lilii
2060 3088 2187 3127 vero
2237 3074 2424 3129 saeculi
2485 3074 2632 3128 illius
2684 3075 2827 3128 nihil
2884 3076 2993 3130 tale
3055 3075 3293 3138 faciunt,
3348 3088 3528 3143 neque

199 3167 388 3221 θανεῖν
416 3168 496 3223 ῑτι
518 3170 795 3226 δύνανταιο
834 3174 914 3227 διὸ
941 3174 1061 3229 οὑδέ
1085 3175 1153 3227 τὰ
1180 3174 1275 3227 τοῦ
1300 3175 1483 3245 γάμου
1517 3174 1655 3240 ἐκεῖ,
1688 3174 1806 3228 ἀλλ’

200 3261 474 3333 ἀγγελικὴ
504 3266 596 3316 καὶ
618 3264 738 3318 θεία
765 3265 1032 3337 διαγωγή.
1068 3267 1335 3321 Ἐνταῦθα
1351 3269 1450 3336 μὲν
1481 3267 1592 3339 γὰρ
1615 3268 1807 3340 ἐπειδὴ

201 3352 457 3419 θάνατος,
507 3356 595 3411 διὰ
637 3358 796 3410 τοῦτο
850 3359 1031 3429 γάμος
1058 3398 1073 3422 ,
1110 3361 1205 3414 καὶ
1250 3360 1439 3429 ἐπειδὴ
1465 3360 1668 3428 γάμος,
1716 3361 1807 3415 διὰ

202 3446 365 3500 τοῦτο
385 3448 636 3512 Θάνατος.
675 3452 825 3505 Ἐκεῖ
851 3451 907 3505 δέ
938 3451 1033 3505 τοῦ
1067 3454 1303 3507 θανάτου
1334 3454 1806 3523 καταργηθέντος,

208 3542 291 3604 τίς
344 3544 503 3613 χρεία
538 3544 633 3598 τοῦ
669 3548 895 3615 γάμους
953 3548 1010 3601 '0
1047 3548 1227 3618 γάμος
1280 3548 1387 3617 γὰρ
1427 3549 1657 3619 βοήθεια
1713 3549 1808 3603 τοῦ

207 3633 429 3701 θνητοῦ,
469 3637 564 3689 καὶ
593 3639 874 3709 πλήρωσις
903 3641 997 3693 τοῦ
1030 3640 1312 3705 λείποντος
1354 3660 1366 3672 ’
1404 3642 1536 3695 ἔνθα
1565 3644 1622 3697 δέ
1656 3644 1809 3697 οὐδὲν

207 3724 410 3791 λείτιει,
433 3726 513 3790 τίς
540 3728 700 3797 χρεία
726 3729 819 3783 τοῦ
836 3731 1176 3802 πληροῦντος
1202 3752 1215 3799 ;
1246 3732 1548 3802 Ίσάγγελοι
1569 3734 1661 3787 οὖν
1681 3736 1809 3799 εἰσι,

209 3820 304 3871 καὶ
362 3819 469 3873 υἱοῖ
502 3821 596 3874 τοῦ
652 3822 811 3877 Θεοῦ.
860 3824 960 3877 Διὰ
1012 3824 1104 3889 τίς
1143 3827 1267 3878 Ὅτι
1306 3826 1406 3897 τῆς
1459 3827 1813 3890 ἀναστάσεως

210 3914 350 3965 εἰσιν
378 3913 503 3966 υἱοί.
545 3917 607 3967 Ὂ
638 3916 692 3969 δέ
722 3917 891 3983 λέγει,
918 3917 1161 3971 τοιοῦτόν
1196 3922 1366 3971 ἐστιν’
1393 3916 1588 3985 Εἶπον,
1622 3922 1810 3991 φησὶν,

210 4006 411 4067 αὐτοὺς
446 4008 592 4070 υἱοὺς
622 4008 780 4072 Θεοῦ,
808 4008 944 4063 διότι
972 4012 1128 4063 οὐδὲν
1167 4014 1480 4081 σωματικὸν
1516 4015 1571 4065 ἐν
1598 4017 1664 4083 τῇ
1691 4031 1815 4080 γεν-

209 4100 368 4163 νήσει
427 4100 609 4152 αὐτῶν
664 4103 881 4170 ὁρᾶται,
910 4104 1047 4156 ἀλλά
1086 4106 1264 4157 πάντα
1301 4105 1421 4157 θεῖα
1448 4123 1459 4135 ·
1525 4104 1652 4158 οὔτε
1704 4108 1813 4175 γάρ

213 4191 478 4243 συνουσία
504 4196 848 4262 προηγεῖται,
882 4192 1005 4247 οὔτε
1032 4196 1275 4265 σπέρμα,
1300 4196 1425 4248 οὗτε
1449 4198 1657 4267 μήτρα,
1689 4198 1813 4251 οὔτε

212 4283 409 4353 κύησις
436 4288 493 4338 ἐν
508 4288 573 4356 τῇ
598 4288 947 4350 ἀναστάστει,
976 4288 1115 4343 ἀλλὰ
1141 4292 1271 4353 Θεός
1307 4294 1453 4343 ἐστιν
1474 4294 1501 4343 ό
1520 4293 1724 4359 γεννῶν
1750 4293 1813 4346 τὰ

214 4362 447 4448 σώματα
474 4381 634 4450 ήμῶν
685 4381 866 4450 λόγοις
916 4377 999 4446 οἷς
1053 4381 1213 4439 οἶδεν.
1258 4384 1472 4437 Οὐκοῦν
1511 4386 1635 4439 ἐπεὶ
1680 4386 1813 4450 ﬁed;

1916 3167 2063 3221 enim
2098 3166 2238 3222 ultra
2294 3168 2435 3224 mori
2494 3168 2759 3238 possibile
2806 3178 2914 3223 est.
2972 3166 3215 3223 Proinde
3269 3184 3377 3222 non
3417 3168 3528 3222 illic

1915 3260 2138 3315 liuntea
2181 3277 2301 3332 quae
2337 3264 2388 3316 in
2424 3263 2650 3332 nuptiis,
2688 3264 2783 3318 sed
2825 3264 3073 3333 angelica
3102 3273 3157 3317 et
3187 3264 3368 3317 divina
3418 3262 3529 3317 vita

1913 3362 2017 3409 est.
2050 3354 2151 3408 llic
2180 3354 2326 3409 enim
2376 3356 2504 3425 quia
2558 3371 2729 3416 mors.
2788 3356 2911 3411 ideo
2938 3366 2992 3411 et
3026 3357 3231 3426 nuptis:
3264 3375 3276 3410 :
3312 3366 3368 3412 et
3396 3356 3530 3425 quia

1916 3448 2139 3516 nuptiae,
2178 3447 2300 3501 ideo
2332 3457 2387 3500 et
2438 3463 2609 3502 mors.
2663 3446 2777 3501 Illic
2825 3458 3007 3502 autem
3064 3458 3245 3503 morte
3296 3449 3526 3514 abolita,

1914 3541 2037 3609 quis
2072 3541 2384 3609 nuptiarum
2424 3541 2601 3594 usus?
2650 3537 2866 3611 antia:
2906 3540 3052 3595 enim
3104 3541 3371 3596 auxilium
3404 3543 3531 3597 vita:

1917 3632 2192 3696 mortalis,
2224 3642 2279 3687 et
2320 3633 2570 3703 impletio
2600 3631 2719 3701 ejus
2752 3634 2897 3702 quod
2945 3634 3130 3689 deﬁcit
3164 3652 3177 3689 :
3216 3635 3306 3688 ubi
3336 3647 3529 3689 autem

1917 3722 2051 3776 nihil
2091 3723 2295 3789 delicit,
2327 3724 2456 3793 quid
2488 3740 2629 3794 opus
2664 3723 2963 3793 implente?
2991 3723 3161 3779 Pares
3192 3724 3375 3795 itaque
3400 3732 3533 3778 sunt

1916 3816 2144 3884 angelis,
2178 3827 2230 3871 et
2266 3817 2358 3872 lilii
2401 3817 2517 3873 Dei.
2557 3818 2782 3884 Quare?
2816 3818 2955 3884 Quia
2984 3818 3411 3875 resurrectionis
3434 3818 3533 3875 lilii

1917 3922 2066 3962 Sttttl.
2098 3908 2251 3975 Quod
2280 3920 2462 3964 autem
2494 3912 2649 3975 dicit,
2696 3912 2860 3966 talem
2892 3925 3118 3967 sensum
3152 3909 3349 3965 habet:
3387 3909 3530 3978 Dixi,

1918 4004 2116 4073 inquit,
2157 4003 2277 4058 illos
2317 4005 2461 4059 ﬁlios
2511 4006 2628 4067 Dei,
2664 4021 2731 4059 eo
2764 4006 2911 4074 quod
2949 4006 3083 4060 nihil
3116 4021 3445 4073 corporeum
3476 4007 3531 4060 iu

1918 4099 2268 4165 generatione
2306 4114 2495 4153 eorum
2530 4100 2803 4165 videatur,
2834 4102 2927 4155 sed
2956 4102 3141 4155 omnia
3186 4102 3532 4158 divinasint.

1917 4189 2104 4259 Neque
2130 4192 2276 4245 enim
2297 4191 2352 4245 in
2390 4194 2798 4249 resurrectione
2823 4196 3084 4263 praecedit
3104 4194 3187 4248 vel
3215 4197 3417 4261 coitus,
3446 4198 3533 4250 vel

1917 4300 2127 4349 semen,
2150 4285 2233 4339 vel
2260 4294 2469 4351 uterus,
2493 4287 2578 4341 Vt'l
2606 4288 3020 4357 impra'gnatio:
3048 4292 3141 4344 sed
3166 4289 3315 4345 Dens
3334 4300 3416 4343 est
3440 4292 3534 4359 qui

1924 4391 2151 4449 generat
2180 4396 2409 4449 corpora
2442 4390 2629 4435 nostra
2665 4384 2840 4437 modis
2876 4381 3076 4450 quibus
3128 4383 3248 4451 ipse
3297 4385 3423 4437 scit.
3470 4383 3541 4438 Et

213 4472 365 4523 ἐστιν
393 4473 420 4525 ὁ
452 4474 691 4544 ἐνεργῶν
728 4476 786 4527 ἐν
815 4477 880 4545 τῇ
933 4476 1263 4539 ἀναστάσει,
1306 4478 1535 4540 εἰκότως
1592 4481 1697 4532 υἱοὶ
1724 4481 1804 4531 λέ·

1922 4475 2148 4544 proinde
2170 4475 2295 4543 quia
2328 4477 2467 4529 Deus
2494 4476 2695 4546 estqui
2729 4488 2990 4543 operatur
3017 4477 3070 4530 in
3103 4476 3534 4543 resurrectione,

217 4578 407 4630 γονται
438 4565 573 4617 Θεοῦ
601 4567 652 4618 οἱ
683 4565 742 4632 ἐξ
769 4567 1127 4630 ἀναστάσεως
1154 4570 1616 4640 ἁναγεννώμενοι.
1673 4572 1819 4625 Ἐπι-

216 4656 458 4724 φέρειδέ
490 4660 602 4719 τοῖς
640 4658 923 4730 λογισμοῖς
984 4660 1080 4713 καὶ
1134 4662 1446 4733 μαρτυρίαν
1500 4665 1815 4734 Γραφικήν.

212 4753 357 4821 Φησὶ
379 4753 486 4821 γὰρ
518 4754 547 4805 ὁ
573 4754 779 4824 Μωσῆς
815 4758 903 4809 τον
935 4757 1068 4809 Θεὸν
1102 4759 1279 4811 εἰπεῖν
1308 4758 1459 4829 αὑτῷ
1490 4761 1554 4813 ἐκ
1584 4760 1686 4829 τῆς
1726 4760 1820 4828 βά-

215 4863 312 4897 του
340 4860 355 4877 ’
406 4846 547 4913 Ἐγώ
569 4849 686 4915 εἰμι
723 4849 750 4900 ὁ
793 4848 925 4911 Θεὸς
971 4849 1244 4919 Ἀϐραὰμ,
1274 4852 1370 4903 καὶ
1399 4851 1465 4904 τὰ
1500 4852 1649 4921 ἐξῆς.
1680 4855 1741 4904 Et
1762 4852 1819 4905 δέ

216 4937 371 5002 ἅπαξ
395 4939 776 5009 ἠφανίσθησαν
808 4942 857 4992 οἱ
882 4942 1243 5012 πατριάρχαι,
1278 4944 1369 4995 καὶ
1394 4943 1469 5015 μὴ
1496 4943 1634 5008 ἔζων
1666 4946 1821 5016 παρὰ

215 5030 343 5103 Θεῷ
382 5034 447 5103 τῇ
496 5034 673 5087 ἐλπίδι
719 5036 817 5103 τῆς
852 5038 1228 5102 ἀναστάσεως,
1254 5038 1355 5090 οὐκ
1410 5038 1477 5091 ἂν
1526 5035 1703 5101 εἶπεν,
1738 5040 1820 5092 ὅτι

229 5123 377 5192 Ἐγώ
410 5127 549 5197 είμι,
571 5127 685 5179 ἀλλ’
718 5129 861 5194 Ἐγὼ
884 5131 1052 5201 ήμην.
1082 5130 1252 5183 Ὶόῦτο
1283 5131 1392 5201 γὰρ
1418 5131 1693 5199 εἰώθαμεν
1734 5132 1819 5184 λέ-

219 5237 340 5290 γειν
366 5220 458 5273 ἐπὶ
488 5221 595 5275 τῶν
641 5222 1058 5292 διεφθαρμένων
1100 5226 1194 5277 καὶ
1233 5224 1643 5291 ἀφανισθέντων
1679 5242 1823 5295 πρα-

217 5314 470 5383 γμάτων·
513 5314 654 5383 Ἐγὼ
680 5317 829 5387 ήμην
863 5317 1131 5388 δεσπότης
1162 5318 1315 5371 τοῦδε
1344 5318 1436 5371 τοῦ
1464 5318 1815 5388 πράγματος.

215 5406 338 5462 Νῦν
368 5407 425 5461 δέ
456 5408 647 5475 εἰπὼν,
680 5410 761 5463 δτι
794 5410 934 5479 Ἐγώ
954 5415 1094 5480 εἰμι,
1123 5410 1321 5476 ἔδειξεν
1346 5412 1427 5465 ὅτι
1460 5411 1681 5475 ζώντων
1705 5414 1823 5466 ἐστὶ

218 5501 502 5573 Δεσπότης
542 5504 638 5556 καὶ
682 5504 815 5567 Θεὸς
842 5545 856 5569 ,
900 5506 993 5557 καὶ
1023 5505 1144 5575 οὐχὶ
1180 5504 1547 5575 διεφθορότων
1606 5504 1783 5573 πάντη
1807 5522 1821 5537 ·

222 5595 329 5649 κᾶν
370 5597 481 5667 γὰρ
508 5599 692 5669 νεκροὶ
718 5591 872 5664 ὦσιν,
895 5600 1029 5652 ἀλλά
1060 5602 1125 5669 τῇ
1146 5598 1323 5653 ἐλπίδι
1353 5598 1447 5650 τοῦ
1478 5598 1782 5667 ἀναστῆναι
1807 5641 1820 5663 ,

220 5683 414 5753 ζῶσιν,
446 5687 639 5759 ὥσπερ
684 5691 842 5743 καὶὸ
888 5691 1061 5759 ’Λδὰμ
1116 5692 1163 5740 εἰ
1217 5690 1312 5741 καὶ
1362 5689 1481 5758 ἔζη,
1534 5688 1726 5757 θνητὸς
1756 5684 1823 5758 ἦν

221 5783 393 5851 διηυςο
433 5785 527 5837 καὶ
562 5786 651 5838 ἀπ’
685 5785 856 5856 αὐτῆς
889 5786 983 5857 τῆς
1017 5784 1189 5856 (πνρας,
1225 5787 1316 5855 ἀφ’
1344 5780 1408 5855 ἧς
1439 5784 1632 5854 ἔφαγε,
1684 5784 1822 5837 ἀπο-

1925 4569 2261 4623 tnerilolilii
2317 4570 2407 4624 Dei
2452 4570 2714 4624 dicuntur
2750 4571 2842 4639 qui
2870 4585 2935 4624 ex
2983 4572 3391 4625 re3nrrectione
3442 4588 3538 4623 na-

1925 4674 2175 4718 scuntur.
2208 4664 2406 4718 Subdit
2446 4674 2632 4719 autem
2678 4664 2985 4719 rationibus
3033 4664 3195 4719 etiam
3233 4666 3539 4735 Scriptura:

1935 4756 2333 4810 testimonium.
2394 4755 2569 4811 Moses
2612 4758 2763 4811 enim
2798 4757 2979 4826 inquit
3006 4758 3210 4812 dixisse
3232 4758 3335 4813 sibi
3368 4759 3537 4811 Deum

1924 4864 1988 4903 ex
2008 4850 2143 4903 rubo
2169 4866 2183 4907 :
2209 4848 2320 4919 Ego
2340 4864 2459 4903 sum
2490 4848 2633 4902 Deus
2655 4848 2912 4914 Abrahae,
2933 4862 3040 4905 etc.
3067 4851 3281 4917 Quodsi
3312 4852 3541 4905 omnino

1925 4942 2276 4997 evanuissent
2303 4944 2651 5010 patriarcbze,
2678 4951 2732 4997 et
2758 4960 2865 4997 non
2902 4945 3169 4999 vixissent
3191 4946 3332 5012 apud
3368 4945 3537 4998 Deum

1928 5033 1982 5088 in
2021 5051 2118 5103 spe
2176 5035 2621 5098 resurrectionis,
2676 5051 2784 5089 non
2845 5036 3033 5103 utique
3069 5034 3300 5090 dixisset
3348 5034 3537 5091 Deus:

1928 5127 2041 5197 Ego
2080 5145 2198 5183 smn
2230 5148 2243 5181 :
2278 5130 2394 5194 sed,
2433 5129 2543 5199 Ego
2568 5145 2741 5183 eram.
2775 5130 2847 5184 De
2876 5129 3041 5184 rebus
3062 5129 3213 5183 enim
3230 5129 3459 5200 perditis
3487 5140 3544 5185 et

1928 5224 2209 5289 corruptis
2242 5224 2423 5276 dicere
2449 5224 2691 5277 solemus
2722 5241 2734 5278 :
2770 5222 2883 5295 Ego
2908 5238 3059 5278 erant
3092 5225 3352 5277 dominus
3378 5222 3543 5292 hujus

1928 5327 1983 5371 et
2018 5316 2179 5386 hujus
2226 5317 2321 5371 rei.
2384 5316 2542 5372 Nunc
2600 5328 2782 5371 autem
2842 5318 2969 5385 quia
3022 5317 3207 5371 dixit:
3243 5315 3359 5384 Ego
3396 5334 3539 5378 sum,

1928 5410 2174 5463 ostendit
2228 5410 2372 5479 quod
2413 5411 2484 5464 sit
2520 5411 2823 5464 viventium
2880 5410 3144 5464 Dominus
3187 5418 3243 5463 et
3289 5410 3454 5475 Deus,
3488 5419 3544 5464 et

1931 5520 2039 5558 non
2073 5504 2299 5559 omnino
2324 5516 2739 5574 corruptorum,
2792 5505 3010 5558 etiamsi
3045 5504 3250 5559 mortui
3278 5506 3409 5567 sint,
3445 5505 3543 5559 sed

1932 5612 2028 5666 spe
2060 5599 2376 5667 resurgendi
2422 5598 2609 5651 vivunt
2644 5617 2656 5651 :
2685 5600 2828 5652 sicut
2857 5607 2909 5651 ct
2957 5597 3131 5651 Adam
3180 5598 3435 5667 quamvis
3468 5598 3545 5650 vi-

1930 5690 2116 5752 vebat,
2171 5699 2414 5743 attamen
2476 5689 2724 5744 mortalis
2762 5698 2904 5753 erat,
2963 5689 3191 5742 natn‘ab
3234 5689 3350 5757 ipsa
3404 5688 3539 5741 bona

1931 5798 2035 5853 qua
2071 5783 2331 5851 comedit,
2370 5784 2512 5839 mori
2539 5782 2844 5841 dicebatur.
2894 5783 3154 5840 Confusis
3191 5794 3373 5839 autem
3406 5782 3540 5837 Sad—
