4000 6400
500 281 635 350 1017

1347 285 1933 346 ΤΗΕΟΡΗΥΙΛΕΤΙ
1969 283 2378 345 BULUARl/E
2419 286 2773 348 ARCHIEP.

3647 271 3784 340 1M?-

492 392 717 453 ducaeis,
750 392 1190 460 approliavcruut
1231 392 1434 448 dictqu
1466 392 1593 448 Jesu
1629 393 1857 459 Seritur,
1899 401 2080 461 utpote

2194 393 2370 448 θανεῖν
2404 395 2646 463 λέγεται.
2680 395 2801 448 Τῶν
2831 391 3205 446 Σαδδουκαίων
3238 389 3297 445 δὲ
3349 387 3532 450 οὕτως
3565 387 3787 456 αἰσχυν-

492 482 797 541 adversarii
831 482 1068 549 illorum,
1089 472 1402 554 'gaudentes
1440 484 1561 540 illos
1593 486 1786 540 victos.

570 760 730 817 Vens.
780 762 841 816 41
881 762 968 817 47.
1009 780 1030 815 ι
1067 761 1234 816 Dixit’
1262 772 1444 818 autem
1490 764 1555 817 ad
1595 764 1712 818 illos
1751 782 1762 815 :
1800 763 2080 830 Quomodo

493 854 682 908 dicunt
728 851 1005 908 Christum
1041 854 1211 906 ﬁlium
1259 867 1388 908 esse,
1419 854 1610 918 David,
1641 864 1697 908 et
1747 854 1860 923 ipse
1912 853 2078 907 David

491 944 626 999 dicit
668 944 722 998 in
758 944 897 998 libro
935 942 1277 998 Psalmorum
1313 944 1509 1002 :Dixit
1557 942 1816 998 Dominus
1851 944 2080 998 Domino

493 1052 634 1092 meo.
687 1035 827 1092 Sede
863 1051 893 1091 a
923 1038 1130 1091 dextris
1171 1038 1326 1103 meis,
1377 1039 1553 1093 donec
1584 1054 1778 1106 ponam
1828 1038 2080 1093 inimicos

495 1139 617 1184 tuos
650 1130 946 1183 scabellum
995 1131 1192 1199 pedum
1242 1129 1497 1185 tuorum?
1530 1129 1696 1183 David
1732 1145 1862 1198 ergo
1892 1130 2042 1183 Domi
2064 1159 2078 1170 -

489 1237 618 1276 num
655 1220 821 1292 45⁷
859 1222 1006 1276 illum
1043 1233 1221 1288 vocat,
1250 1231 1303 1277 et
1332 1224 1605 1292 quomodo
1637 1223 1780 1275 [ilius
1811 1221 1929 1291 ejus
1959 1222 2081 1275 est?

490 1314 768 1370 Audiente
805 1328 933 1367 vero
963 1325 1163 1376 cuncto
1203 1315 1401 1384 populo
1435 1315 1571 1368 dixit
1601 1315 1882 1382 discipulis
1916 1313 2030 1368 suis
2060 1331 2074 1369 :

491 1407 692 1467 Cavete
727 1422 754 1459 a
783 1405 1012 1472 Scribis,
1041 1408 1133 1477 qui
1185 1408 1377 1462 volunt
1415 1407 1699 1462 ambulare
1727 1407 1782 1462 in
1819 1407 1990 1470 stolis,
2023 1418 2077 1462 et

489 1511 673 1553 amant
703 1499 1056 1556 salutationes
1086 1503 1137 1556 in
1181 1500 1335 1563 foris,
1372 1517 1436 1555 ac
1467 1501 1674 1570 primas
1709 1500 2000 1556 cathedras
2023 1501 2075 1554 in

490 1590 813 1663 Synagogis,
855 1602 909 1647 et
952 1593 1158 1662 primos
1211 1593 1514 1648 discubitus
1559 1593 1612 1646 in
1658 1593 1919 1648 conviviis
1947 1611 1959 1645 ε
1988 1595 2076 1661 qui

464 1687 754 1755 devorant
784 1687 974 1742 domos
1003 1688 1311 1754 viduarum,
1346 1689 1672 1743 simulantes
1701 1688 1916 1759 longam
1953 1704 2076 1744 ora-

2184 493 2406 556 θέντων,
2450 491 2782 555 ἀπεδέξαντο
2808 492 2901 541 τδν
2942 486 3155 555 Ἰησοῦν
3189 487 3238 539 οἱ
3288 482 3678 555 Γραμματεῐς,
3709 480 3785 542 ὡς

2181 586 2495 655 ἀντίτεχνον
2518 584 2625 636 τῶν
2654 579 3052 643 Σαδδουκαίων,
3086 578 3346 648 ἡσθέντες
3400 578 3495 628 ἐπὶ
3536 577 3605 642 τῇ
3641 572 3786 625 ἐκείο

2181 699 2286 733 νων
2311 680 2473 750 ἥττῃ.

2258 792 2276 822 ι
2316 765 2451 823 Eine
2476 770 2531 823 δὲ
2566 769 2704 839 πρὸς
2732 765 2930 830 αὐτούς
2955 784 2969 798 ·
2997 764 3124 828 Πῶς
3153 763 3380 828 λέγουσι
3413 760 3511 813 τὸν
3543 758 3784 829 Χριστὸν

2186 867 2296 917 υἱὸν
2350 863 2515 916 Δαυῖδ
2573 858 2734 928 εἶναι,
2769 860 2862 914 καὶ
2908 859 3068 919 αὐτὸς
3118 855 3281 909 Δαυῖδ
3322 857 3475 923 λέγει
3505 855 3584 905 εὲν
3616 851 3784 920 βίϐλῳ

2182 954 2449 1024 Ψαλμῶν,
2479 949 2643 1007 Εἶπεν
2673 955 2702 1006 ὁ
2743 951 2950 1022 Κύριος
2999 949 3074 1019 τῷ
3106 948 3299 1019 Κυρίῳ
3336 964 3464 1015 μου,
3493 945 3685 998 Κάθου
3721 944 3786 996 ἐκ

2181 1047 2372 1113 δεξιῶν
2396 1065 2522 1116 μου,
2551 1045 2657 1108 ἕως
2697 1045 2762 1098 ἂν
2791 1043 2869 1097 θῶ
2897 1043 3022 1104 τοὺς
3054 1038 3284 1111 ἐχθρούς
3339 1055 3437 1102 σου
3487 1036 3785 1090 ὑποπόδιον

2181 1143 2290 1196 τῶν
2327 1141 2502 1194 ποδῶν
2540 1155 2671 1205 σου;
2715 1137 2878 1191 Δαυῗδ
2908 1136 2999 1189 οὖν
3030 1135 3234 1204 Κύριον
3258 1133 3423 1186 αὑτὸν
3461 1131 3642 1191 καλεῖ,
3693 1129 3787 1181 καὶ

2182 1235 2299 1297 πῶς
2319 1234 2432 1296 υἱὸς
2453 1231 2620 1286 αὑτοῦ
2644 1233 2792 1283 ἐστιν
2813 1246 2828 1295 ;
2863 1229 3181 1290 Ἀκούοντος
3199 1225 3255 1279 δὲ
3279 1224 3484 1286 παντὸς
3507 1221 3603 1276 τοῦ
3627 1220 3784 1284 λαοῦ,

2181 1324 2301 1380 εἷπε
2329 1328 2438 1390 τοῖς
2462 1326 2730 1396 μαθηταῖς
2757 1321 2926 1377 αὑτοῦ
2955 1339 2967 1351 ·
2996 1320 3302 1390 Προσέχετε
3329 1316 3438 1370 ἀπὸ
3457 1316 3569 1368 τῶν
3598 1314 3787 1384 Γραμ·

2187 1421 2400 1490 ματέων
2445 1418 2552 1471 τῶν
2601 1417 2866 1471 θελόντων
2918 1413 3246 1482 περιπατεῖν
3297 1410 3357 1462 ὲν
3404 1407 3662 1468 στολαῖς.
3694 1404 3789 1457 καὶ

2183 1511 2484 1583 φιλούντων
2514 1508 2842 1578 ἀσπασμοὺς
2878 1505 2935 1559 ἐν
2978 1506 3095 1566 ταῖς
3125 1503 3356 1573 ἀγοραῖς
3380 1542 3396 1564 ,
3433 1503 3533 1551 καὶ
3568 1513 3787 1567 πρῶτος

2181 1604 2477 1675 καθεδρίας
2536 1605 2594 1656 ὲν
2642 1602 2764 1663 ταῖς
2805 1598 3182 1665 Συναγωγάἰς,
3218 1595 3312 1646 καὶ
3372 1588 3788 1662 πρωτοκλισίας

2183 1702 2240 1751 ὲν
2261 1700 2374 1760 τοῖς
2402 1696 2660 1762 δείπνοις,
2694 1693 2743 1747 οἳ
2790 1691 3139 1746 κατεσθίουσι
3181 1688 3281 1750 τὰς
3309 1685 3489 1743 οἰκίας
3544 1683 3660 1734 τῶν
3688 1699 3790 1750 χη-

493 1776 691 1830 tionem
726 1793 740 1828 :
779 1777 835 1831 hi
879 1779 1146 1846 accipient
1180 1778 1440 1847 majorem
1479 1783 2010 1836 condemnationem.
2051 1799 2070 1831 ι

2194 1791 2321 1861 ρῶν,
2351 1789 2445 1842 καί
2476 1787 2750 1858 προφάσει
2784 1785 2974 1855 μακρᾷ
3022 1779 3439 1852 προσεύχονται.
3475 1771 3642 1830 Οὗτοι
3691 1774 3788 1844 λή-

489 1869 570 1928 Ad
597 1867 904 1937 passionem
925 1871 1240 1940 propediem
1266 1886 1612 1937 accessurus,
1637 1888 1790 1928 suam
1821 1873 2078 1942 praedicat

491 1962 831 2017 divinitatem
869 1982 882 2017 :
919 1965 1083 2033 idque
1140 1980 1246 2020 non
1284 1966 1576 2020 admodum
1618 1976 1837 2035 aperte,
1873 1966 2078 2035 necja-

489 2063 721 2120 ctanter,
760 2057 850 2110 sed
877 2059 1142 2113 modeste.
1174 2058 1481 2129 lnterrogat
1519 2061 1664 2116 enim
1699 2060 1840 2126 illos,
1871 2069 1926 2114 et
1953 2075 2080 2128 pcr-

441 2137 443 2140 ⁴
489 2145 678 2214 plexos
714 2148 910 2212 reddit,
951 2150 1196 2220 sinitque
1239 2152 1554 2208 ratiocinari
1596 2154 1727 2224 quid
1791 2163 2076 2209 consecta-

488 2250 675 2290 neum.
732 2236 898 2293 David
963 2241 1144 2306 enim,
1192 2243 1405 2312 inquit,
1457 2244 1745 2300 Dominum
1790 2255 1969 2312 vocat,
2024 2255 2080 2302 et

490 2328 764 2394 quomodo
813 2330 955 2385 [ilius
987 2333 1104 2400 ejus
1134 2343 1216 2388 est
1245 2337 1461 2402 purus?
1505 2337 1641 2392 Erat
1672 2338 1818 2391 enim
1852 2347 1906 2392 et
1935 2337 2078 2394 ﬁlius

490 2419 657 2476 David
684 2428 979 2477 secundum
1000 2440 1240 2492 carnem,
1261 2428 1353 2482 sed
1377 2437 1430 2482 et
1461 2427 1602 2483 Deus
1628 2429 1768 2498 ejus.
1796 2428 1872 2482 llli
1893 2438 2074 2483 autem

490 2507 664 2563 solum
696 2508 867 2565 lilium
901 2512 1066 2567 David
1105 2529 1226 2570 esse
1260 2515 1648 2585 opinabantur,
1695 2517 1816 2572 ideo
1865 2519 2077 2588 Opinio-

492 2616 613 2656 nem
677 2617 865 2657 eorum
923 2607 1143 2673 evertit,
1197 2623 1302 2678 qua
1337 2609 1605 2679 putabant
1653 2610 1822 2666 lilium
1855 2611 2078 2668 Davidis

491 2694 690 2749 solum.
728 2695 979 2752 Declarat
1011 2700 1136 2752 item
1181 2703 1325 2770 quod
1357 2717 1464 2755 non
1494 2702 1566 2756 sit
1591 2703 1939 2760 adversarius
1971 2705 2079 2759 Deo

489 2783 665 2854 Patri,
698 2790 792 2844 sed
824 2792 1048 2846 multam
1077 2808 1198 2847 eum
1231 2793 1324 2848 illo
1356 2795 1553 2849 habeat
1598 2799 1969 2864 concordiam,
2006 2799 2081 2852 si-

487 2882 705 2951 quidem
732 2883 983 2940 inimicos
1010 2885 1125 2955 ejus
1151 2885 1397 2941 humiliat
1424 2887 1609 2943 Pater.
1632 2888 1698 2943 Et
1721 2891 1834 2945 haac
1860 2894 2076 2961 quidem

491 2973 701 3030 Scribis
751 2977 910 3032 dixit.
976 2977 1112 3044 Quia
1188 2994 1370 3035 autem
1426 2981 1727 3053 discipulos
1785 2985 2079 3055 magistros

490 3070 638 3125 urbis
677 3071 846 3137 misit,
891 3075 1092 3129 merito
1118 3091 1212 3132 cos
1236 3077 1491 3131 admonet
1523 3093 1587 3131 ne
1617 3079 1900 3135 imitentur
1940 3082 2081 3136 Phav

491 3163 773 3218 risaeorum
825 3168 1215 3236 arrogantiam,
1247 3179 1299 3224 et
1326 3171 1672 3227 ambitiosam
1724 3184 2083 3231 mentemzet

490 3251 817 3322 simpliciter
847 3270 917 3311 ne
944 3258 1187 3327 cogitent
1224 3263 1499 3330 quomodo
1537 3264 1797 3332 placeant
1846 3267 2084 3321 homini-

491 3345 614 3401 bus.
646 3344 782 3401 Nam
831 3349 1252 3408 salutationibus
1300 3353 1404 3408 fori
1453 3357 1693 3423 studere,
1746 3357 2081 3414 adulantium

487 3441 1012 3518 occurrentibusest,
1039 3454 1094 3499 et
1111 3445 1417 3514 opinionem
1438 3448 1724 3517 probitatis
1744 3453 2078 3517 venantium,

487 3531 574 3585 vel
626 3532 765 3589 hanc
801 3536 1140 3592 occasionem
1176 3539 1240 3592 ad
1275 3541 1686 3612 congregandos
1735 3544 1953 3598 divitias
1990 3545 2084 3600 ad-

491 3624 827 3681 mittentium
863 3647 876 3682 :
907 3630 1038 3699 quin
1068 3639 1120 3684 et
1151 3631 1207 3685 hi
1242 3631 1526 3687 viduarum
1565 3634 1756 3690 domos
1793 3635 2081 3704 devorant,

490 3720 666 3773 ventri
716 3719 910 3785 dediti,
940 3732 992 3774 et
1022 3723 1163 3776 ultra
1216 3738 1378 3793 quam
1411 3741 1548 3794 opus
1584 3728 1657 3783 sit
1699 3730 2000 3798 insumunt,
2032 3742 2086 3788 et

491 3818 786 3876 pra>textus
814 3812 970 3880 quasi
1017 3814 1144 3883 pius
1174 3824 1278 3870 est.
1308 3815 1510 3874 Preces
1540 3821 1684 3874 cnim
1710 3832 1763 3877 et
1794 3824 2082 3880 utilitatem

490 3900 796 3955 animarum
847 3915 1234 3973 praetexentes,
1285 3926 1391 3966 non
1423 3911 1692 3980 jejunium
1727 3915 1946 3983 docent,
1991 3920 2083 3972 sed

492 3992 810 4047 ebrietatem
836 4005 890 4051 et
911 3998 1342 4070 gastrimargiam
1373 4012 1465 4056 :et
1499 4013 1783 4072 propterea
1813 4007 2084 4076 accipient

491 4082 809 4154 ampliorem
865 4087 1372 4149 condemnationem
1409 4106 1424 4142 :
1459 4090 1583 4159 quia
1632 4107 1742 4146 non
1793 4093 1966 4148 solum
2000 4093 2083 4147 fa-

490 4171 643 4226 ciunt
672 4173 897 4238 malum,
931 4177 1026 4231 sed
1059 4186 1364 4245 praetexunt
1394 4195 1606 4247 preces,
1652 4191 1707 4237 et
1734 4186 1876 4253 piam
1915 4186 2085 4240 hone-

490 4271 687 4318 statem
738 4279 804 4320 ac
865 4267 1122 4321 virtutem
1193 4269 1398 4335 faciunt
1471 4281 1793 4340 praetextum
1852 4280 2081 4346 peccati.

488 4354 790 4428 Propterea
823 4372 957 4413 sane
1000 4362 1225 4430 gravius
1269 4373 1396 4418 sunt
1447 4367 1728 4432 puniendi,
1767 4379 1820 4422 ut
1850 4370 1938 4438 qui
1973 4387 2082 4425 rem

2109 3128 2155 3187 C

2185 1883 2378 1953 ψονται
2411 1880 2803 1952 περισσότερον
2831 1881 3027 1947 κρῖμα.
3078 1893 3098 1928 ι
3156 1873 3279 1926 Ἐπὶ
3307 1871 3366 1925 τὸ
3399 1869 3599 1932 πάθος,
3658 1867 3790 1920 ὅσον

2187 1976 2376 2036 οὔπω.
2431 1974 2640 2047 μέλλων
2701 1969 2960 2042 ἔρχεσθαι
3002 1968 3100 2038 τὴν
3149 1963 3343 2019 ἑαυτοῦ
3407 1960 3792 2031 ἀνακηρύττει

2189 2070 2442 2141 θεύτητα,
2476 2069 2570 2120 καὶ
2605 2066 2727 2119 οὐδὲ
2751 2064 2908 2118 τοῦτο
2937 2057 3428 2131 ἀπαρακαλύπτως
3450 2054 3548 2107 καὶ
3579 2052 3786 2115 ἀλαζο-

2187 2165 2376 2227 νικῶς,
2407 2163 2543 2215 ἀλλά
2576 2157 2670 2213 καὶ
2712 2157 2921 2228 σφόδρα
2952 2151 3384 2226 μετριοφρόνως.
3427 2148 3646 2218 Ἐρωτᾷ
3678 2146 3791 2214 γὰρ

2186 2258 2405 2322 αὐτοὺς,
2438 2256 2534 2310 καὶ
2587 2256 2666 2316 είς
2695 2251 2932 2322 ἀπορίαν
2986 2245 3271 2316 ὲναγαγὼν
3301 2243 3530 2313 ἀφίησιν
3582 2241 3791 2303 αὐτοὺς

2191 2342 2612 2411 συλλογίσασθαι
2652 2341 2713 2393 τὸ
2747 2337 3062 2392 ἀκόλουθον.
3107 2333 3272 2390 Δαυτδ
3300 2333 3432 2404 γὰρ,
3467 2332 3626 2401 φησὶ,
3682 2327 3793 2382 K5-

2187 2456 2303 2512 ριον
2322 2437 2485 2490 αὑτὸν
2512 2435 2690 2498 καλεῖ,
2719 2435 2814 2487 καὶ
2839 2434 2955 2497 πῶς
2978 2433 3094 2496 υίὸς
3113 2429 3279 2485 αὑτοῦ
3304 2429 3422 2486 ἐστι
3451 2426 3611 2497 ψιλός
3635 2443 3649 2491 ;
3681 2419 3793 2476 ἾΙν

2190 2533 2289 2601 μὲν
2325 2529 2434 2600 γὰρ
2485 2529 2599 2591 υἱὸς
2636 2525 2801 2580 Δαυῖδ
2831 2527 2891 2578 τὸ
2919 2527 3060 2579 κατὰ
3089 2524 3269 2596 σάρκα
3295 2563 3308 2587 ,
3346 2521 3488 2608 ἀλλὰ
3517 2521 3616 2572 καὶ
3653 2519 3792 2581 Θεὸς

2189 2622 2388 2676 αὑτοῦ·
2425 2623 2623 2674 ἐκεῖνοι
2665 2620 2721 2672 δὲ
2757 2619 2918 2691 μόνον
2949 2616 3105 2670 τοῦτο
3141 2617 3254 2668 υἱὸν
3287 2615 3452 2669 αὐτὸν
3481 2613 3579 2666 τοῦ
3621 2608 3791 2665 Δαυῒδ

2189 2715 2460 2786 ἐνόμιζον.
2487 2714 2578 2767 Διὸ
2599 2713 2897 2783 ἀνατρέπει
2921 2710 3125 2780 ταύτην
3151 2709 3330 2764 αὐτῶν
3361 2709 3461 2779 τὴν
3491 2707 3657 2774 δόξαν
3690 2704 3793 2775 τὴν

2191 2809 2320 2876 περὶ
2346 2805 2436 2858 τοῦ
2453 2805 2608 2874 ψιλὸν
2635 2800 2774 2857 εἶναι
2805 2803 2918 2858 υἱὸν
2939 2803 3035 2858 τοῦ
3071 2801 3256 2864 Δαυῖδ,
3291 2801 3556 2872 ἐμφαίνει
3590 2801 3649 2853 δὲ
3695 2800 3791 2852 καὶ

2189 2901 2272 2952 ὅτι
2304 2899 2404 2951 οὐκ
2434 2896 2713 2959 ἀντίθετός
2746 2898 2863 2949 ἐστι
2896 2894 2974 2965 τῷ
3007 2894 3206 2964 Πατρὶ.
3238 2893 3375 2947 ἀλλά
3425 2891 3637 2960 πολλὴν
3691 2890 3790 2961 τὴν

2189 2993 2446 3061 ὁμόνοιαν
2470 2990 2584 3060 ἔχει
2614 2989 2752 3060 πρὸς
2783 2989 2945 3058 αὐτὸν
2969 3029 2983 3052 ,
3018 2987 3133 3056 εῐγε
3164 2989 3293 3050 τοὺς
3323 2987 3561 3056 ἐχθροὺς
3618 2984 3788 3037 αὐτοῦ

2191 3082 2626 3152 καταγωνίζεται
2658 3082 2685 3134 ὀ
2710 3083 2922 3152 Πατήρ.
2961 3081 3148 3135 Ταῦτα
3186 3081 3283 3149 μὲν
3309 3079 3402 3132 οὖν
3431 3081 3550 3141 ’τοῖς
3590 3078 3790 3148 Γραμ-

2194 3177 2478 3249 ματεῦσιν.
2519 3177 2681 3230 Ἐπεὶ
2730 3176 2786 3229 δὲ
2822 3175 2948 3238 τοὺς
3000 3174 3249 3244 μαθητὰς
3288 3171 3661 3235 διδασκάλους
3691 3171 3793 3241 τῆς

2187 3272 2518 3342 οἰκουμένης
2544 3269 2888 3333 ἀπέστειλεν,
2926 3268 3156 3327 εἰκότως
3193 3267 3381 3330 αὐτοῖς
3415 3268 3689 3333 παραινεῖ
3718 3265 3792 3338 μὴ

2191 3363 2478 3434 μιμεῖσθαι
2509 3363 2616 3416 τῶν
2651 3362 2964 3432 Φαρισαίων
2996 3359 3096 3432 τὴν
3140 3358 3421 3430 φιλόδοξον
3481 3359 3583 3412 καὶ
3643 3360 3794 3427 φιλό-

2188 3475 2404 3529 πρωτον
2427 3457 2676 3526 γνώμην,
2711 3455 2807 3508 καὶ
2849 3453 3038 3516 ἁπλῶς
3071 3453 3345 3522 κοσμικὴν
3381 3453 3479 3506 καὶ
3525 3452 3794 3522 ἀνθρωπ-

2189 3551 2445 3618 άρεσκον.
2510 3547 2584 3601 To
2631 3546 2741 3617 γὰρ
2778 3547 2906 3608 τοὺς
2941 3545 3268 3615 ἀσπασμοὺς
3326 3543 3683 3614 ἐπιτηδεύειν
3735 3545 3792 3595 ἐν

2186 3643 2304 3703 ταῖς
2347 3642 2600 3710 ἀγοραῖς,
2636 3637 3044 3692 κολακευόντων
3081 3638 3201 3690 toti
3246 3637 3376 3700 τοὺς
3420 3637 3792 3706 ἐντυγχάνον-

2186 3747 2306 3793 τας,
2352 3730 2448 3781 καὶ
2479 3727 2636 3792 δόξαν
2665 3727 2961 3799 καλοηθίας
2993 3726 3352 3798 θηρωμένων,
3390 3725 3422 3796 ἦ
3458 3728 3791 3797 συναγωγῆς

2187 3821 2486 3890 χρημάτων
2519 3821 2792 3890 πρόφασιν
2813 3819 2973 3874 τοῦτο
3000 3821 3326 3890 τιθεμένων.
3376 3818 3543 3872 una
3567 3820 3667 3872 καὶ
3693 3819 3788 3882 τὰς

2186 3913 2363 3974 οἰκίας
2394 3912 2502 3964 τῶν
2532 3912 2739 3982 χηρῶν,
2762 3914 2915 3983 φησὶ,
2949 3911 3308 3965 κατεσθίουσι
3331 3910 3787 3983 γαστριζόμενοι,

2188 4007 2282 4059 καὶ
2309 4006 2453 4075 πέρα
2485 4006 2578 4058 τοῦ
2612 4006 2821 4069 δέοντος
2850 4007 3237 4068 ἀναλίσκοντες
3262 4022 3276 4035 ·
3315 4009 3409 4058 καὶ
3439 4007 3473 4076 ἡ
3508 4006 3787 4076 πρόςασις

2185 4102 2262 4164 ὼς
2299 4099 2556 4170 εὐλαϐής.
2591 4099 2770 4169 Εὐχὴν
2807 4101 2917 4168 γὰρ
2944 4100 3040 4153 καὶ
3080 4100 3355 4170 ὠφέλειαν
3377 4099 3624 4171 ψυχικὴν
3655 4117 3789 4170 προ-

2188 4194 2568 4266 φασιζόμενοι,
2606 4195 2666 4247 οὺ
2704 4195 2960 4264 νηστείαν
2988 4194 3359 4261 διδάσκουσιν,
3405 4195 3547 4250 ἀλλά
3589 4195 3786 4266 μέθην,

2189 4289 2284 4339 καὶ
2312 4285 2787 4357 γαστριμαργίαν,
2826 4287 2920 4338 καὶ
2954 4285 3042 4338 διὰ
3087 4285 3252 4339 τοῦτο
3281 4285 3574 4357 λήψονται,
3609 4289 3744 4356 φησὶ
3771 4328 3786 4352 ,

2190 4377 2580 4446 περισσότερον
2615 4378 2813 4446 κρῖμα,
2841 4375 2924 4429 ὅτι
2954 4377 3015 4428 ού
3062 4377 3222 4446 μόνον
3254 4376 3471 4431 ποιοῦσι
3502 4378 3565 4431 τὸ
3597 4381 3788 4443 κακδν,

491 4451 772 4503 honestam
819 4451 1102 4509 calumnia
1136 4456 1370 4532 reddunt
1421 4457 1733 4514 obnoxiam.
1786 4461 2079 4542 Oportebat

2195 4469 2331 4539 ἀλλὰ
2378 4468 2470 4520 καὶ
2508 4467 2941 4540 προφασίζονται
2988 4470 3172 4540 εὐχάς.
3217 4470 3327 4523 Καὶ
3373 4471 3436 4524 τὸ
3490 4475 3790 4542 πρόσχημα

489 4557 623 4598 sane
676 4545 924 4600 misereri
974 4544 1172 4614 viduis,
1234 4549 1311 4603 illi
1355 4562 1538 4606 autem
1563 4563 1634 4614 ﬁl
1665 4555 1856 4609 domos
1895 4567 2088 4611 earum

491 4633 873 4703 ingrediuntur
909 4639 1064 4708 quasi
1100 4656 1197 4710 per
1238 4642 1440 4712 longas
1467 4647 2033 4718 preces‘benedicant
2069 4669 2081 4704 :

493 4723 711 4780 interim
744 4728 918 4782 viduae
945 4729 995 4782 in
1023 4734 1312 4798 praesentia
1348 4732 1563 4787 illorum
1593 4735 1794 4791 multos
1821 4750 2088 4808 coguntur

491 4829 737 4887 sumptus
789 4817 1008 4886 facere,
1062 4835 1168 4890 quo
1211 4821 1272 4876 ﬁt
1320 4833 1380 4878 ut
1422 4824 1818 4882 exhauriantur
1869 4829 2084 4886 illarum

491 4910 717 4970 divitiae.

1082 5196 1308 5253 CAPUT
1346 5199 1484 5255 XXI.

500 5285 575 5338 De
615 5289 832 5372 muliere
881 5308 998 5344 cum
1058 5295 1262 5372 duobus
1313 5300 1550 5372 minutis.
1610 5300 1967 5372 Interrogatio
2024 5313 2088 5360 de

571 5359 1279 5440 ultimmcottsttmmalione.
1318 5368 1393 5421 De
1437 5372 1707 5423 obsidione
1762 5359 2084 5440 Jerusalem,

571 5438 616 5480 et
647 5431 1062 5511 quodACIn'istus
1101 5439 1410 5501 pra’dixerit
1465 5443 1735 5507 discipulis
1771 5449 1883 5511 ejus
1927 5431 2090 5501 vasti;

573 5512 752 5555 tatem.
787 5502 862 5554 De
885 5505 1064 5572 signis.

577 5653 737 5710 'v'ens.
770 5657 877 5712 1-4.
921 5679 938 5712 ‹
975 5661 1293 5731 Respiciens
1327 5678 1507 5720 autem
1553 5668 1684 5723 vidit
1717 5685 1808 5725 eos
1839 5674 1929 5741 qui
1964 5675 2087 5727 mit-

509 5744 689 5803 iCbunl
729 5764 951 5807 munera
987 5768 1077 5806 ειη
1114 5755 1165 5806 in
1201 5757 1645 5828 gazophylacmm
1678 5761 1897 5820 divites.
1937 5764 2084 5820 Vidit

2191 4563 2375 4623 αὐτοῖς
2406 4562 2654 4628 εὐλαϐὲς,
2690 4564 2783 4617 καὶ
2816 4562 2916 4633 τὴν
2949 4564 3155 4634 ἀρετὴν
3191 4564 3473 4634 πρόφασιν
3507 4567 3788 4620 ποιοῦνται

2160 4701 2169 4705 -
2194 4655 2483 4724 πονηρίας.
2522 4656 2613 4707 Διὸ
2641 4655 2706 4724 δὴ
2734 4656 2829 4708 καὶ
2862 4656 3257 4726 περισσότερον
3303 4662 3686 4728 κατακριτέοι.
3716 4661 3788 4722 ὡς

2193 4744 2287 4798 καὶ
2312 4745 2371 4796 τὸ
2406 4745 2569 4798 καλὸν
2609 4745 2990 4799 διαϐάλλεσθαι
3045 4747 3349 4810 ποιοῦντες.
3403 4751 3535 4809 ῥέον
3560 4754 3671 4822 γὰρ
3696 4754 3785 4813 τὰς

2193 4836 2370 4903 χήρας
2402 4835 2570 4888 ἐλεεῖν
2591 4853 2603 4864 ·
2630 4837 2677 4888 οἳ
2713 4837 2768 4888 δὲ
2801 4838 3138 4908 εἰσέρχονται
3157 4841 3237 4902 εἰς
3261 4841 3358 4901 τὰς
3379 4841 3559 4904 οἰκίας
3581 4844 3783 4906 αὐτῶν,

2193 4925 2267 4987 ὡς
2296 4925 2454 4994 δῆθεν
2503 4927 2588 4980 διά
2635 4929 2742 4980 τῶν
2778 4931 3009 5000 μακρῶν
3041 4931 3217 5001 εὐχῶν
3257 4933 3657 5003 εὐλογήσοντες
3685 4954 3697 4964 ·
3732 4939 3785 4988 αὶ

2194 5017 2249 5068 δὲ
2273 5019 2676 5085 ἀναγκάζονται
2712 5022 3031 5074 ἀναλίσκειν
3060 5025 3152 5076 ἐπὶ
3183 5028 3248 5093 τῇ
3281 5027 3564 5097 παρουσίᾳ
3586 5029 3784 5089 αὐτῶν,

2196 5111 2288 5161 καὶ
2316 5111 2486 5173 οὕτως
2524 5112 2960 5169 ἐκδαπανῶνται.

2768 5207 3018 5259 ΚΕΦΑᾹ.
3058 5208 3190 5264 KA'.

2194 5298 2329 5364 Περὶ
2362 5298 2471 5364 τῆς
2507 5300 2579 5352 τὰ
2618 5299 2727 5352 δύο
2771 5301 2963 5353 λεπτὰ
2999 5302 3326 5368 ,βαλούσης
3382 5304 3596 5370 χήρας.
3651 5305 3784 5370 Πείί

2263 5373 2624 5434 συντελείας
2644 5371 3031 5437 ἐπερώτησις.
3065 5375 3199 5439 Περὶ
3234 5373 3343 5438 τῆς
3368 5376 3652 5440 ἁλώσεως
3685 5377 3783 5430 Ἰε-

2259 5441 2608 5508 χουσιιλὴμ.
2644 5443 2741 5494 καὶ
2776 5444 2862 5493 ὅτι
2896 5446 2927 5495 ό
2971 5445 3185 5514 Κύριος
3228 5447 3477 5511 προεῖπε
3509 5447 3630 5511 τοῖς
3675 5467 3784 5514 μίι-

2266 5513 2471 5585 θηταὶς
2525 5514 2638 5579 τὴν
2691 5514 2883 5579 αὐτῆς
2923 5512 3246 5582 ἐρήμωσιν.
3302 5518 3441 5585 Περὶ
3499 5518 3619 5569 τῶν
3674 5512 3782 5584 ση-

2260 5582 2463 5647 μείων.

2279 5676 2611 5745 ’Λναελέᾷας
2643 5678 2697 5730 δὲ
2730 5675 2832 5731 εἶδε
2860 5682 2983 5741 τοὺς
3018 5680 3309 5747 βάλλοντας
3334 5685 3399 5734 τΞι
3430 5684 3576 5749 δῶρα
3605 5684 3779 5735 αὐτῶν

2195 5772 2271 5832 εἰς
2305 5771 2363 5821 τδ
2391 5771 2790 5841 γαζοςτνλάκιον
2826 5771 3127 5839 πλουσίους.
3152 5772 3272 5829 Εἷξε,
3307 5776 3361 5829 δὲ
3406 5780 3498 5830 καί
3544 5797 3655 5830 τινα
3680 5781 3776 5846 κή-
