4000 6414
466 244 603 311 1031

1348 240 1897 301 THEOPHYLAC'F
1906 239 1929 297 1
1964 238 2058 300 ΒΗ
2075 238 2376 307 LGAIUJE
2405 238 2759 299 ARCUIEP.

3605 229 3625 292 1
3638 228 3745 291 052

462 369 623 415 erant
677 358 863 427 palma:
892 365 945 409 et
992 355 1308 417 (Iberubim,
1358 364 1414 408 et
1462 353 1698 412 similia;
1744 352 1859 405 h:ee
1906 352 2049 403 enim

2177 350 2497 418 ιαίγλυπτὰ
2558 350 2777 416 λέγειν,
2833 341 2943 399 οἷον
2998 347 3246 413 φοίνικας
3297 345 3394 398 καὶΙ
3446 346 3756 415 Χερουόιμι

466 448 607 503 forte
638 446 985 514 ἀναθήματα,
1018 445 1117 497 hoc
1143 443 1432 515 459051,
1470 444 1631 505 dona,
1666 441 1837 495 dicit:
1874 441 2056 493 Demi-

469 556 568 594 nns
604 553 732 591 vero
765 538 897 590 nihil
923 538 1115 591 horum
1146 538 1391 599 miratur,
1423 534 1515 588 sed
1548 541 1601 587 et
1626 532 2054 593 destructionem

470 646 657 683 eorum
704 629 968 697 praedicit.
1027 627 1129 679 Alii
1175 634 1356 679 autem
1402 624 1607 693 opinati
1655 632 1787 677 sunt
1841 639 1961 676 eum
1992 623 2058 675 de

469 720 939 773 consummatione
995 715 1289 770 universali
1345 715 1610 777 locutum,
1686 716 1936 783 quamvis
1992 715 2058 767 de

468 809 783 876 captivitate
842 806 1345 875 Hierosolymorum
1410 815 1463 859 et
1516 804 1764 858 Romano
1814 804 2055 857 exercitu

471 901 617 954 dicat
654 920 665 953 :
701 901 819 953 ideo
843 909 895 951 et
929 900 1043 964 ipso
1073 914 1277 951 morem
1306 914 1500 967 gerens
1542 898 1622 951 eis
1653 896 1909 965 relinquit
1938 912 2049 949 ser-

474 1007 688 1044 monem
720 990 784 1042 tle
820 992 1157 1059 captivitate,
1198 991 1441 1043 dicturus
1474 992 1538 1042 de
1566 1004 1625 1044 ea
1656 999 1841 1059 postea
1872 1005 1887 1041 :
1914 1004 2057 1043 nunc

474 1094 655 1137 autem
689 1083 754 1137 de
785 1084 1257 1137 consunnnatione
1306 1083 1490 1135 szeeuli
1546 1082 1810 1150 loquitur,
1840 1092 1894 1137 et
1920 1098 2057 1151 prm-

474 1176 643 1227 tnuuit
674 1190 789 1237 eos,
836 1190 903 1227 ne
924 1188 981 1227 se
1012 1173 1163 1227 falsis
1196 1173 1475 1243 prophetis
1503 1186 1628 1227 ante
1666 1190 1824 1228 suum
1856 1175 2060 1227 adven-

478 1278 589 1317 tum
629 1267 871 1317 venluris
922 1266 1173 1319 subdant.
1230 1265 1403 1318 Erunt
1440 1278 1618 1319 autem
1671 1266 1805 1320 bella
1830 1276 1882 1319 et
1920 1266 2061 1319 sedi-

475 1359 649 1410 tiones
685 1375 697 1410 :
736 1373 858 1410 nam
913 1374 1037 1410 cum
1084 1358 1295 1411 sublata
1354 1357 1515 1411 luerit
1568 1360 1746 1412 omnis
1793 1358 2058 1422 t-haritas,

477 1448 673 1499 merito
734 1448 913 1500 lOt'lIlll
972 1450 1246 1501 habebunt
1286 1448 1423 1501 bella
1461 1457 1515 1503 et
1567 1449 1884 1503 seditiones.
1937 1448 2063 1502 Post

475 1538 609 1589 bella
641 1553 767 1592 vero
822 1538 995 1593 fames
1024 1552 1073 1592 tt
1111 1541 1436 1610 pestilentiae
1466 1559 1477 1593 :
1509 1550 1563 1595 et
1588 1541 1907 1609 pestilentia:
1941 1542 2064 1609 qui-

473 1627 597 1680 dem
635 1638 892 1698 corrupto
921 1630 986 1683 ab
1014 1633 1208 1685 occisis
1234 1648 1379 1695 aere,
1417 1632 1585 1684 futues
1622 1642 1800 1686 autem
1830 1648 1893 1685 ex
1920 1633 2063 1700 agris

2157 441 2328 493 ταῦτα
2348 442 2453 509 γὰρ
2474 440 2600 504 ἴσως
2626 441 2693 491 τὰ
2735 439 3059 507 ἀκαθήματὲ
3083 454 3249 508 φησιν

2160 531 2309 594 δενὸς
2334 532 2541 585 τούτων
2567 532 2981 600 ἐπιστρέφεται,
3006 530 3140 583 ἀλλὰ
3164 531 3271 597 ,τὴν
3319 530 3627 583 κατάλυσιν
3658 533 3768 582 ait-

2160 624 2269 676 τῶν
2303 624 2576 693 προλέγει.
2608 624 2669 675 Oi
2707 624 2759 675 δὲ
2792 622 3056 692 ᾠήθησαν
3086 624 3249 675 αὐτὸν
3279 626 3410 693 περὶ
3438 625 3543 691 τῆς
3594 624 3758 675 καθοο

2158 718 2315 786 λικῆς
2348 717 2658 778 συντελείας
2692 716 2895 784 λέγειν,
2934 716 3114 768 καίτοι
3175 717 3303 786 περὶ
3338 718 3441 783 τῆς
3481 716 3587 768 ὑπὸ
3630 716 3761 769 Ῥω-

3289 454 3301 466 ·
3333 438 3396 489 '0
3422 438 3635 506 Κύριος
3666 440 3760 490 οὒ-

2133 813 2337 880 ομοιίων
2368 811 2627 874 ἁλώσεως
2651 812 2760 863 τῶν
2805 808 3198 877 Ἰεροσολύμων
3227 809 3479 875 λέγοντα.
3532 809 3623 860 Διὸ
3670 807 3764 859 καὶ

2160 905 2321 967 αὐτὸς
2354 903 2806 970 συγκαταϐαίνων
2839 903 3049 965 αὐτοῖς,
3083 902 3281 971 ἀφίησι
3319 902 3419 968 μὲν
3450 899 3593 962 τέως
3631 900 3759 953 τοὺς

2161 995 2291 1061 περ),
2326 994 2426 1061 τῆς
2458 991 2712 1055 ἁλώσεως
2744 991 2957 1057 λόγους,
3000 988 3181 1057 μέλλει
3210 990 3319 1059 γὰρ
3348 986 3552 1047 αὐτοὺς
3587 1003 3768 1053 παρα-

2163 1081 2353 1147 πλέξαι
2388 1082 2498 1144 ταῖς
2534 1083 2670 1150 μετὰ
2694 1082 2893 1143 ταῦτα,
2929 1078 3023 1130 νῦν
3058 1080 3113 1130 δὲ
3145 1078 3274 1146 περὶ
3316 1078 3416 1143 τῆς
3446 1074 3767 1135 συντελείας

2160 1174 2547 1241 διαλαμῦάνει,
2580 1174 2674 1225 καὶ¹
2710 1171 3181 1242 προασφαλίζεται
3215 1170 3435 1232 αὐτοὺς,
3473 1168 3619 1221 ῶστε
3655 1172 3765 1228 τοῖς

2164 1266 2269 1336 πρὸ
2304 1267 2399 1333 τῆς
2445 1265 2611 1319 αὑτοῦ
2649 1263 2955 1334 παρουσίας
3011 1264 3299 1333 μέλλουσιν
3344 1262 3525 1314 ἐλθεῖν
3578 1262 3770 1329 ψευδο·

2165 1359 2475 1427 προφήταις
2512 1358 2588 1427 μὴ
2633 1358 2964 1426 ὑπαχθῆναι.
3018 1356 3272 1408 Ἔσονται
3305 1354 3359 1407 δὲ
3400 1356 3635 1423 πόλεμοι
3675 1357 3769 1407 καὶ

2163 1449 2583 1503 ἀκαταστασίαι.⁸
2618 1452 2800 1518 πάσης
2829 1451 2937 1520 γὰρ
2971 1451 3192 1518 ἀγάπης
3245 1450 3655 1519 ἀναιρεθείσης,
3694 1450 3773 1500 εί-

2165 1544 2339 1604 κότως
2371 1543 2418 1594 οί
2453 1541 2682 1610 πόλεμοι
2731 1543 2824 1595 καὶ
2857 1543 2913 1594 αἱ
2957 1541 3361 1595 ἀκαταστασίαι
3392 1540 3583 1610 χώραν
3612 1541 3772 1604 ’ἐξου-

2168 1652 2273 1697 σιν,
2311 1637 2418 1687 ἀπὸ
2439 1636 2494 1687 δὲ
2531 1636 2639 1687 τῶν
2666 1636 2917 1703 πολέμων
2945 1634 3092 1703 λιμοὶ
3116 1636 3209 1685 καὶ
3240 1633 3416 1701 λοιμοί
3445 1648 3458 1661 ⁸
3484 1635 3536 1684 et
3569 1633 3669 1701 μὲν
3694 1632 3769 1693 ὡς

476 1735 582 1773 non
616 1722 798 1775 cultis.
832 1722 1060 1789 Quidam
1098 1726 1464 1792 pestilentiam
1497 1736 1546 1779 et
1578 1725 1773 1777 fantem
1816 1740 1918 1779 neu
1948 1736 2066 1778 tan-

2177 1724 2265 1776 τοῦ
2290 1726 2449 1793 ἀέρος
2474 1726 2538 1777 ἐκ
2566 1724 2671 1777 τῶν
2718 1724 3054 1794 θνησιμαίων
3098 1724 3584 1793 διαφθειρομένου,
3627 1726 3679 1775 οἳ
3715 1724 3771 1776 δὲ

478 1822 587 1866 tum
623 1818 672 1868 in
704 1818 1172 1870 consmnmatione
1226 1818 1431 1873 szL-culi.
1471 1816 1565 1870 sed
1613 1816 1776 1870 etiam
1808 1817 1858 1870 iu
1892 1818 2067 1885 capti-

477 1908 661 1960 \itatis
721 1909 1059 1977 temporibus
1101 1907 1215 1964 fore
1265 1910 1671 1963 intellexerunt.
1715 1910 1925 1962 Etenim
1981 1908 2072 1963 Jo-

479 2000 683 2065 seplnts
712 1998 880 2053 miras
911 2009 1038 2055 tunc
1067 2002 1412 2055 calamitates
1466 2001 1631 2055 fuisse
1664 2002 1794 2056 dicit
1846 2010 2071 2069 propter

478 2088 698 2155 lautum,
729 2102 775 2144 et
812 2094 1055 2146 meminit
1090 2095 1248 2148 etiatn
1280 2093 1455 2147 Lucas
1488 2097 1540 2147 in
1570 2094 1719 2147 Actis
1747 2112 1759 2147 :
1788 2094 1954 2148 Facta
1989 2104 2072 2149 est

484 2180 658 2232 tantes
688 2182 787 2234 sub
806 2181 1026 2235 Claudio
1046 2185 1263 2237 Cmsare
1292 2187 1333 2237 9.
1364 2184 1529 2237 Porro
1552 2194 1601 2237 et
1628 2184 2070 2238 terriculamenta

481 2272 645 2322 multa
670 2271 903 2337 fuerunt,
941 2276 1334 2341 captixitatem,
1372 2286 1428 2328 ut
1463 2277 1600 2330 idem
1634 2286 1845 2338 narrat,
1896 2276 2069 2345 ipsius

477 2363 773 2419 Jerusalem
807 2368 1161 2421 declarantia.
1199 2368 1436 2424 Omnino
1471 2380 1651 2421 tamen
1686 2368 1801 2421 hare
1831 2384 2066 2437 sequem

483 2459 578 2521 tia,
610 2461 674 2512 de
727 2462 1112 2523 seditionibus,
1168 2462 1345 2519 bellis.
1376 2476 1426 2515 et
1472 2462 1612 2516 latine
1640 2477 1704 2515 ac
1735 2462 1946 2514 eat-teris
1974 2463 2069 2515 lo-

484 2564 649 2616 quor,
688 2564 913 2619 possunt
946 2564 1074 2611 .tatn
1102 2556 1169 2607 de
1196 2554 1513 2621 captivitate
1549 2552 1871 2620 Jerusalem,
1900 2570 2066 2625 quam

484 2640 549 2692 de
591 2642 1066 2697 Consummatione
1102 2644 1286 2697 sceculi
1330 2643 1578 2712 intelligi.

557 2913 719 2970 Vens.
747 2915 934 2971 12-19.
971 2934 987 2967 ι
1019 2916 1124 2971 Sed
1147 2924 1273 2971 ante
1306 2918 1417 2971 hzcc
1441 2919 1621 2973 omnia
1645 2920 1889 2991 injicieut
1913 2923 2069 2979 vobis

483 3023 678 3061 manus
725 3024 870 3071 suas,
906 3018 961 3061 et
1001 3023 1417 3078 persequentur,
1466 3012 1743 3068 tradentes
1794 3017 1845 3067 in
1885 3017 2066 3071 conci-

484 3101 678 3154 liabula
712 3111 766 3155 et
809 3118 1075 3173 carceres,
1110 3105 1386 3159 trahentes
1420 3105 1487 3158 ad
1535 3122 1689 3175 reges
1722 3118 1773 3161 ct
1813 3112 2071 3175 praesides

488 3204 703 3261 propter
754 3211 949 3248 nomen
998 3211 1199 3251 meum.
1243 3196 1570 3266 Contingent
1602 3210 1782 3253 autem
1830 3203 1981 3255 vobis
2021 3205 2073 3256 in

486 3288 878 3342 testimonium.
907 3287 1110 3341 llabete
1139 3289 1299 3356 igitur
1320 3288 1481 3342 [istim
1509 3292 1559 3343 in
1580 3291 1834 3346 cordibus
1858 3296 2073 3361 vestris,

486 3395 591 3432 non
658 3394 778 3433 esse
831 3381 1306 3447 pranneditandnn
1348 3382 1739 3439 defensionem.
1777 3384 1913 3439 Nam
1959 3388 2074 3456 ipse

487 3474 628 3526 dabo
664 3472 807 3525 vobis
842 3488 903 3525 os
934 3482 985 3526 et
1017 3476 1336 3542 sapientiam
1372 3476 1454 3527 cui
1509 3491 1616 3529 non
1650 3487 1899 3546 poterunt
1943 3497 2074 3536 con-

486 3562 749 3615 tradicere
783 3578 957 3632 neque
1001 3566 1260 3620 resistere
1292 3582 1483 3622 omnes
1510 3568 1601 3636 qui
1641 3569 2077 3629 adversabuntur

487 3651 662 3706 vobis.
696 3652 1002 3707 Trademini
1034 3664 1213 3709 autem
1256 3656 1418 3709 etiam
1458 3671 1488 3711 a
1534 3658 1778 3725 patribus
1808 3670 1861 3714 et
1896 3662 2077 3717 lratri-

486 3745 610 3805 bus,
645 3754 698 3798 et
728 3746 973 3813 cognatis
1013 3756 1066 3800 et
1106 3747 1319 3811 amicis,
1350 3758 1400 3801 et
1437 3759 1607 3804 morte
1642 3750 1878 3806 aﬂicient
1908 3770 2080 3823 quos-

488 3841 608 3890 dam
643 3853 706 3891 ex
752 3838 919 3891 vobis.
960 3837 1024 3891 Et
1064 3840 1217 3893 eritis
1252 3840 1408 3893 invisi
1440 3843 1692 3897 omnibus
1726 3858 1941 3914 propter
1978 3865 2079 3903 no-

489 3944 613 3983 men
646 3945 843 3984 meum.
866 3929 930 3983 Et
954 3932 1091 4000 pilus
1120 3931 1184 3985 de
1210 3932 1389 4002 capite
1408 3944 1582 3989 vestro
1602 3952 1703 3990 non
1734 3939 1949 4007 peribit.
1978 3940 2082 3997 Per

491 4023 810 4091 patientiam
872 4034 1109 4079 vestram
1178 4026 1453 4093 possidete
1494 4029 1704 4083 animas
1756 4044 1994 4091 vestras.
2056 4053 2074 4087 ι

492 4116 633 4169 Ante
660 4116 774 4171 hinc
804 4117 1005 4181 omnia,
1044 4118 1147 4171 hoc
1186 4128 1290 4183 est,
1325 4134 1386 4173 ea
1441 4136 1558 4189 qua:
1593 4123 1723 4178 ﬂent
1774 4136 1900 4181 ante
1954 4142 2083 4182 con-

490 4210 933 4271 summationem,
990 4206 1072 4260 vel
1125 4207 1289 4260 etiam
1348 4209 1749 4276 captivitatem.
1804 4214 1963 4279 Nam,
2023 4230 2083 4271 ut

496 4298 626 4361 dixi,
660 4298 940 4367 conjungit
965 4300 1311 4352 sermonibus
1346 4300 1410 4354 tle
1444 4307 1935 4372 consummatione,
1968 4326 2084 4365 ser-

2173 1815 2247 1876 ὼς
2289 1815 2363 1885 μὴ
2388 1814 2495 1867 τῶν
2529 1814 2722 1884 χωρῶν
2750 1815 3209 1881 γεωργουμένων.
3244 1815 3399 1873 Τινὲς
3434 1816 3489 1866 δὲ
3523 1814 3654 1876 τοὺς
3695 1816 3775 1866 λι-

2178 1909 2331 1975 μοὺς,
2364 1908 2456 1959 καὶ
2484 1907 2726 1973 λοιμοὺς,
2758 1891 2861 1957 καί
2888 1905 2987 1967 τὰς
3035 1905 3199 1969 ἄλλας
3231 1904 3442 1975 θλίψεις
3474 1907 3577 1958 οὐκ
3612 1908 3675 1959 ὲν
3706 1910 3770 1977 τῇ

2176 1999 2458 2070 συντελείᾳ
2493 2001 2652 2067 μόνον
2681 1997 2925 2060 ἔσεσθαι,
2950 1997 3087 2050 ἀλλὰ
3113 2000 3208 2050 καὶ
3240 2001 3353 2060 τοῖς
3384 1999 3479 2067 τῆς
3508 1998 3772 2064 ἁλώσεως

2174 2094 2388 2161 καιροῖς
2438 2091 2772 2154 ἐξεδέξαντο.
2835 2090 2944 2142 Καὶ
2986 2089 3100 2161 γὰρ
3141 2088 3402 2161 Ἰώσηπος
3453 2094 3775 2161 ἀφορήτους

2174 2184 2459 2253 συμφορὰς
2489 2183 2576 2235 διὰ
2605 2184 2694 2234 τὸν
2724 2181 2881 2251 λιμὸν
2905 2181 3055 2249 λέγει
3089 2182 3443 2251 γεγενῆσθαι.
3487 2184 3656 2235 Ἀλλά
3681 2185 3774 2237 καὶ

2172 2276 2354 2338 καθώς
2396 2294 2528 2345 φησι
2554 2277 2771 2338 Λουκᾶς
2796 2277 2853 2327 ὲν
2886 2278 3007 2337 ταῖς
3036 2275 3330 2344 Πρὰξεσιν,
3366 2276 3591 2341 ἐγένετο
3614 2277 3774 2343 λιμὸς

2171 2367 2265 2419 ἐπὶ
2321 2366 2593 2419 Κλαυδίου
2652 2367 2950 2435 Καίσαρος.
2997 2365 3162 2417 Ἀλλὰ
3213 2367 3320 2434 μὴν
3366 2367 3463 2418 καὶ⁵
3516 2367 3777 2437 φόϐητρα

2171 2460 2340 2513 πολλὰ
2409 2462 2665 2527 γεγόνασι
2727 2460 2824 2529 τὴν
2868 2458 3068 2511 ἅλωσιν
3127 2460 3222 2527 τῆς
3263 2458 3628 2530 Ἰερουσαλὴμ
3680 2461 3772 2528 δη-

2170 2553 2386 2615 λοῦντα,
2406 2556 2483 2617 ὼς
2508 2555 2535 2606 ὁ
2565 2553 2726 2615 αὐτὸς
2763 2553 3023 2617 Ἰώσηπος
3049 2554 3272 2621 ἱστορεῖ.
3303 2552 3489 2615 Ὀλως
3512 2570 3572 2605 τε
3597 2554 3774 2606 ταῦτα

2173 2644 2324 2695 κοινὰ
2352 2644 2606 2696 δύνανται
2624 2643 2863 2695 νοεῖσθαι
2892 2643 2985 2695 τοῦ
3011 2660 3069 2695 τε
3099 2642 3294 2713 καιροῦ
3322 2644 3421 2712 τῆς
3452 2647 3773 2709 συντελείας

2172 2734 2267 2785 καὶ
2300 2736 2399 2804 τῆς
2438 2735 2711 2797 ἁλώσεως,
2744 2733 2809 2787 τά
2844 2734 2973 2804 περὶ
3002 2734 3111 2788 τῶν
3139 2735 3572 2789 ἀκαταστασιῶν
3623 2754 3772 2807 φημι

2172 2826 2264 2877 καὶ
2286 2825 2394 2877 τῶν
2434 2826 2687 2894 πολέμων
2721 2827 2816 2878 καὶ
2847 2825 2955 2877 τῶν
3008 2824 3234 2879 λοιπῶν.

2254 2936 2272 2967 ι
2314 2918 2428 2988 Πρὸ
2452 2918 2506 2971 δὲ
2530 2918 2735 2971 τούτων
2759 2919 2977 2971 πάντων
3000 2919 3354 2971 ἐπιϐαλοῦσιν
3384 2921 3471 2989 ἐφ’
3494 2922 3641 2991 ὑμᾶς
3674 2922 3776 2984 τὰς

2172 3014 2357 3081 χ-ῖρας
2390 3012 2570 3064 αὐτῶν
2596 3010 2692 3064 καὶ
2725 3011 3027 3076 διώξουσιν,
3066 3012 3460 3083 παραδιδόντες
3492 3016 3573 3075 εἰς
3614 3031 3775 3068 συναε-

2098 3078 2143 3140 C
2176 3078 2384 3169 ξωῇἀς,
2419 3104 2513 3155 καὶ
2556 3102 2825 3171 φυλακὰς,
2858 3078 3165 3175 ἀγομένους
3216 3104 3312 3158 ἐπὶ
3358 3104 3622 3174 βασιλεῖς,
3677 3110 3773 3161 καὶ

2178 3194 2452 3264 ἡγεμόνας
2485 3193 2671 3247 ἕνεκεν
2710 3193 2801 3248 τοῦ
2853 3195 3119 3265 ὀνόματός
3164 3213 3290 3266 μου,
3325 3197 3674 3268 ἀποϐήσεται
3719 3200 3774 3252 δὲ

2179 3288 2306 3355 ὑμῖν
2336 3288 2416 3346 είς
2447 3285 2767 3359 μαρτύριον.
2805 3286 2975 3339 Θέσθε
2999 3286 3093 3339 οῦν
3122 3288 3201 3348 είς
3225 3285 3323 3350 τὰς
3354 3288 3589 3354 καρδίας
3622 3289 3777 3356 ὑμῶν

2181 3377 2256 3446 μὴ
2294 3376 2635 3448 προμελετᾷν
2663 3376 3097 3446 ἀπολογηθῆναι.
3140 3376 3284 3445 Ἐγὼ
3322 3376 3433 3449 γὰρ
3458 3378 3621 3431 δώσω
3649 3380 3779 3448 ὑμῖν

2180 3468 2379 3535 στόμα,
2414 3467 2505 3520 καὶ
2540 3469 2755 3535 σοφίαν,
2798 3462 2832 3541 ᾗ
2872 3469 2933 3521 οὺ
2969 3466 3293 3537 δυνήσονται
3321 3469 3625 3532 ἀντειπεῖν,
3657 3469 3778 3522 οὺᾶ

2178 3558 2499 3627 ἀντιστῆναι
2536 3558 2736 3621 πάντες
2761 3559 2811 3611 οί
2843 3558 3215 3627 ἀντικείμενοι
3253 3559 3407 3627 ὑμῖν.
3446 3560 3777 3630 Παραδοθή-

2182 3649 2341 3703 σεσθε
2366 3650 2423 3703 δὲ
2464 3650 2559 3702 καὶ
2600 3650 2705 3703 ὑπὸ
2736 3650 2962 3719 γονέων,
2994 3653 3087 3704 καὶ
3117 3650 3421 3719 συγγενῶν,
3456 3652 3551 3704 καὶ
3588 3653 3779 3721 φίλων,

2182 3746 2278 3798 καὶ
2307 3744 2576 3813 ἀδελφῶν,
2604 3746 2697 3797 καὶ
2728 3734 3134 3799 θανατώσουσιν
3164 3743 3225 3809 ἐξ
3248 3744 3425 3814 ὑμῶν,
3459 3746 3554 3796 καὶ
3589 3744 3782 3797 ἔσεσθε

2187 3836 2505 3909 μισούμενοι
2542 3838 2645 3891 ὑπὸ
2676 3838 2894 3891 πάντων
2924 3838 3013 3891 διὰ
3052 3838 3111 3891 τὸ
3136 3836 3309 3907 ὄνομα
3341 3855 3466 3904 μου.
3506 3839 3619 3890 Καὶ
3660 3838 3787 3907 θρὶξ

2183 3933 2247 3984 ὲκ
2280 3933 2379 3999 τῆς
2417 3932 2661 4000 κεφαλῆς
2702 3930 2856 3999 ὑμῶν
2886 3931 2945 3983 οὐ
2978 3931 3054 4001 μὴ
3084 3929 3377 3999 ἀπόληται.
3429 3928 3519 3982 Ἐν
3547 3934 3619 3999 τῇ
3646 3932 3786 3983 ὑπο-

2186 4025 2321 4094 μονῇ
2349 4021 2502 4091 ὑμῶν
2528 4022 2806 4092 κτήσασθε
2830 4022 2926 4086 τὰς
2956 4022 3134 4092 ψυχὰς
3167 4021 3345 4091 ὑμῶν.
3384 4041 3401 4074 ι
3436 4023 3551 4093 Πρὸ
3574 4023 3789 4077 τούτων

2184 4116 2426 4181 πάντων,
2448 4114 2557 4167 τῶν
2582 4114 2682 4183 τῆς
2704 4114 3035 4180 συντελείας,
3060 4114 3094 4185 ἢ
3117 4114 3214 4167 καὶ
3239 4114 3348 4168 τῶν
3371 4115 3471 4185 τῆς
3498 4115 3784 4180 ἀλώσεωςο

2184 4207 2260 4270 ώς
2297 4201 2451 4257 εἷπον
2473 4206 2601 4274 γὰρ,
2636 4206 2987 4275 παραπλέκει
3028 4208 3142 4266 τοῖς
3170 4206 3300 4276 περὶ
3328 4205 3429 4273 τῆς
3462 4208 3783 4273 συντελείας

2184 4298 2363 4367 λόγοις
2398 4300 2524 4358 τοὺς
2582 4299 2712 4367 περὶ
2770 4298 2867 4366 τῆς
2928 4298 3204 4363 ἁλώσεως.
3241 4297 3635 4354 Ἐπιὸαλοῦσιν
3697 4304 3785 4372 ἐφ’

498 4406 685 4444 mones
708 4392 773 4444 de
801 4392 1132 4459 captivitate.
1182 4391 1431 4460 lnjicient
1459 4397 1629 4461 enim,
1668 4400 1863 4469 inquit,
1903 4403 1952 4455 in
1984 4420 2070 4459 vos

2189 4392 2355 4461 ὑμᾶς,
2406 4391 2561 4459 φησὶ,
2592 4390 2716 4452 τοὺς
2760 4390 2926 4459 ὲμοὺς
2959 4388 3231 4457 μαθητὰς,
3272 4389 3371 4450 τὰς
3420 4390 3635 4459 χεῖρας.
3668 4391 3785 4445 Καὶ

499 4486 649 4539 meos
680 4484 997 4554 discipulos,
1037 4502 1249 4541 manus.
1282 4487 1345 4541 Et
1379 4499 1504 4544 ante
1527 4502 1741 4561 captam
1773 4493 2074 4552 Jerus:dem

496 4576 871 4643 persecutione
918 4578 1057 4643 pulsi
1110 4588 1237 4631 sunt
1282 4582 1510 4647 apostoli
1538 4598 1605 4635 ex
1645 4583 2074 4657 Hierosolymis:

497 4667 606 4720 Deo
637 4669 737 4720 hoc
781 4669 854 4720 ita
894 4668 1261 4734 dispensante,
1297 4680 1352 4722 ttt
1390 4672 1590 4727 milites
1620 4674 1790 4728 solum
1827 4690 2079 4735 concute-

497 4768 636 4822 rent,
667 4766 720 4810 et
752 4758 988 4825 graviter
1020 4757 1317 4827 alIligerenl
1348 4760 1564 4816 Jmlmos
1587 4767 1679 4833 qui
1710 4765 1981 4825 Christum
2012 4773 2077 4825 ad

496 4864 711 4905 crucem
746 4850 1067 4917 adegerunt;
1098 4852 1326 4920 apostoli
1363 4853 1579 4907 interim
1616 4866 1784 4911 totum
1817 4865 2075 4916 mundum

499 4943 880 5021 prtedicatioue
907 4944 1211 5010 implerent.
1242 4944 1391 4999 Ducti
1423 4957 1544 4999 sunt
1577 4947 1738 5016 igitur
1758 4952 1981 5018 apostoli
2013 4954 2079 5005 ad

501 5049 656 5103 reges
715 5044 770 5087 et
829 5036 1101 5102 praesides,
1150 5037 1291 5091 sicut
1350 5036 1547 5093 Paulus
1589 5041 1654 5093 ad
1708 5041 1948 5108 Festum,
2012 5046 2077 5098 ad

500 5126 796 5193 Agrippam
834 5126 901 5189 ¹⁰,
936 5126 1001 5178 ad
1034 5126 1321 5191 Caesarem,
1353 5138 1405 5184 et
1447 5130 1644 5183 factum
1674 5142 1755 5184 est
1786 5135 1863 5186 eis
1898 5136 1995 5187 hoc
2027 5137 2079 5188 iu

502 5218 726 5285 gloriam
778 5220 1092 5272 testimonii.
1127 5220 1264 5284 Quia
1305 5231 1479 5274 autem
1537 5223 1717 5277 idiota:
1753 5236 1806 5279 et
1847 5226 2081 5295 imperiti

503 5320 681 5371 m-ant,
740 5323 804 5360 ne
864 5310 1216 5364 turbarentur
1277 5312 1540 5367 reddituri
1617 5317 1879 5371 rationem
1942 5319 2081 5386 apud

502 5402 647 5455 viros
680 5402 951 5470 sapientes
978 5420 991 5457 ε
1029 5406 1205 5467 Nihil,
1231 5403 1426 5475 inquit,
1448 5407 1512 5459 de
1543 5408 1644 5462 hac
1674 5425 1729 5463 re
1762 5413 1913 5465 Vobis
1942 5429 2085 5467 t-urte

503 5493 565 5545 sit
596 5510 609 5560 ;
640 5495 918 5563 accipietis
951 5497 1092 5550 enim
1130 5510 1255 5553 tunc
1288 5514 1316 5552 a
1341 5514 1424 5553 me
1456 5500 1817 5571 eloquentiam
1846 5501 2011 5574 460
2035 5514 2089 5560 et

576 5669 593 5700 ³
640 5673 756 5727 .Xt'l.
793 5676 981 5737 xt,‘28.
1069 5678 1251 5733 “Act.
1299 5694 1421 5742 xxv,
1478 5677 1558 5733 ὶϋ.

2185 4486 2290 4555 πρὸ
2334 4486 2432 4555 τῆς
2484 4484 2739 4546 ἁλώσεως
2772 4484 2881 4552 γὰρ
2916 4481 3257 4551 ἐδιώχθησαν
3303 4483 3351 4533 ol
3383 4482 3678 4536 ἀπόστολοι
3721 4486 3786 4537 ὲκ

2181 4576 2291 4629 τῶν
2325 4575 2592 4646 Ἰεροσολύ
2603 4592 2739 4644 μων,
2766 4573 2861 4626 τοῦ
2882 4571 3019 4625 Θεοῦ
3042 4572 3137 4623 καὶ
3159 4570 3319 4624 τοῦτο
3340 4573 3783 4640 οίκονομοῦντος,

2183 4669 2270 4721 ἵνα
2310 4668 2488 4733 μόνοις
2519 4668 2631 4729 τοῖς
2666 4665 3011 4735 σταυρωταϊς
3039 4662 3479 4733 ἑπικατασεισθῇ
3511 4665 3580 4717 τὰ
3610 4666 3783 4731 δεινὰ,

2185 4760 2343 4813 aito!
2373 4760 2429 4813 δὲ
2450 4758 2541 4811 τὸν
2562 4758 2766 4827 κόσμον
2792 4757 2933 4821 ὅλον,
2967 4757 3015 4808 οἱ
3044 4754 3331 4808 ἀπόστολοι
3355 4755 3524 4821 λέγω,
3558 4758 3784 4830 πληρὼ.

2190 4870 2324 4907 σωσι
2350 4851 2443 4907 τοῦ
2467 4852 2844 4922 κηρύγματος.
2892 4848 3177 4919 Ἦχθησαν
3203 4850 3295 4903 οὖν
3335 4852 3428 4903 ἐπὶ
3452 4850 3696 4920 βασιλεῖς
3731 4853 3782 4905 οἱ

2190 4946 2504 5011 ἀπόστολοι,
2549 4946 2642 4997 καὶ
2677 4944 2769 4997 ἐπὶ
2798 4943 3099 5012 ἡγεμόνας,
3151 4942 3225 5004 ὼς
3258 4942 3470 5005 Παῦλος
3507 4945 3646 5015 πρὸς
3695 4946 3787 4999 τὸν

2189 5043 2419 5110 Φῆστον,
2441 5040 2575 5108 πρὸς
2592 5038 2683 5090 τὸν
2713 5037 3044 5105 Ἀγρίππαν,
3062 5036 3198 5105 πρὸς
3218 5036 3483 5090 αὑτὶντδν
3502 5039 3780 5108 Καίσαρα.

2190 5134 2383 5202 Γέγονε
2416 5134 2471 5186 δὲ
2514 5134 2696 5195 αὐτοῖς
2737 5131 2897 5184 τοῦτο
2925 5132 3005 5193 εἰς
3037 5130 3341 5199 μαρτυρίου
3392 5131 3570 5195 δῦξαν,
3625 5132 3784 5185 Ἐπεὶ

2191 5229 2245 5279 δὲ
2285 5226 2489 5280 ἰδιῶται
2510 5220 2649 5296 ἦσαν
2674 5225 2770 5277 καὶ
2797 5227 3051 5293 ἀμαθεῖς,
3087 5223 3180 5277 ἵνα
3212 5224 3285 5293 μὴ
3327 5223 3680 5293 ταραχθῶσιν
3709 5225 3785 5285 ὡς

2196 5322 2482 5389 μέλλοντες
2514 5319 2706 5386 λόγους
2738 5318 3089 5371 ἀπαιτεῖσθαι
3124 5321 3275 5385 παρὰ
3315 5318 3493 5385 σοφῶν
3544 5318 3774 5385 ἀνδρῶν,

2192 5412 2377 5480 Μηδὲν
2408 5412 2557 5479 ὑμῖν,
2592 5412 2744 5479 φησὶ,
2776 5409 2904 5479 περὶ
2924 5410 3111 5462 τούτου
3144 5410 3374 5479 μελέτω*
3409 5410 3645 5479 λήψεσθε
3670 5412 3780 5478 γὰρ

2196 5504 2326 5575 παρ’
2361 5504 2496 5575 ἐμοῦ
2523 5505 2581 5557 ὲν
2606 5503 2785 5572 ταυτῷ
2810 5504 2903 5557 καὶ
2926 5503 3139 5571 σοφίαν,
3172 5503 3268 5557 καὶ
3289 5503 3605 5571 εὐστομίαν,
3640 5502 3778 5554 tim:
