4000 6432
212 273 343 341 1053

918 271 1368 335 ENAR-RATIO
1412 271 1489 331 IN
1533 269 2046 333 EVANGELIUM
2082 270 2318 332 LUC/E.
2363 296 2431 307 ·-
2471 271 2630 334 CAP.
2666 269 2831 332 XXI.

3369 256 3510 323 105‘

210 383 341 455 μηδὲ
375 380 585 445 πάντας
614 376 754 451 ὁμοῦ
785 377 865 442 είς
896 378 955 432 ἓν
984 379 1360 449 συνηγμένους
1390 377 1519 440 τοὺς
1560 377 1803 429 ἀντικει-

1915 378 2260 448 sapientiam,
2306 379 2378 432 ita
2420 388 2477 433 ut
2506 379 2673 433 etiam
2707 379 2749 431 si
2784 366 3312 435 nmues,adversarii
3348 368 3517 423 vestri

212 476 398 546 μένους
447 471 712 526 δύνασθαι
758 470 1078 541 ἀντιστῆναι
1128 472 1278 540 ὑμῖν,
1328 470 1453 523 οθτε
1511 468 1654 523 κατά
1703 468 1805 538 τὴν

210 566 416 636 σοφίαν,
444 562 716 629 τουτέστι,
758 563 902 615 κατά
931 564 1033 632 τὴν
1070 562 1181 616 τῶν
1214 562 1506 631 νοημάτων
1540 560 1800 630 δύναμιν,

207 659 325 712 οὔτε
391 656 535 710 κατά
592 658 694 726 τὴν
752 657 1070 728 εὐστομίαν,
1124 654 1221 709 καὶ
1278 658 1340 708 τὸ
1386 656 1488 724 τῆς
1552 655 1804 724 γλώττης

208 751 575 821 ἀπρόσκοπον.
622 750 894 812 Πολλάκις
941 749 1051 818 γάρ
1096 766 1181 811 τις
1218 748 1411 817 σοφίαν
1459 748 1559 816 μὲν
1595 748 1709 817 ἔχει
1748 747 1805 801 ἐν

210 843 509 911 λογισμοῖς,
549 843 646 895 καὶ
672 843 970 911 νοήμασιν,
995 841 1328 909 εὐτάρακτος
1361 840 1417 893 δὲ
1442 838 1517 892 ῶν
1550 840 1686 908 πρὸς
1719 839 1806 890 οο-

212 932 426 1002 ρύὸους,
451 932 672 1001 συγχέει
700 931 761 983 τὸ
788 932 898 981 πᾶν
927 931 985 981 ὲν
1016 929 1200 999 καιρῷ
1231 929 1601 998 δημηγορίας.
1659 928 1831 1005 Ἀλλ’]

212 1021 353 1078 οὗτοί
394 1042 479 1093 γε,
515 1027 562 1077 οἱ
598 1023 889 1076 ἀπόστολοι
932 1021 1099 1087 λέγω,
1135 1022 1255 1073 κατ’
1289 1020 1581 1090 ἀμφότερα
1620 1020 1806 1088 ἐχαρι-

207 1120 475 1190 τώθησαν,
510 1118 631 1171 ὅθεν
676 1119 772 1171 καὶ
810 1114 1205 1185 ἐξεπλήττοντο
1232 1117 1360 1178 τοῦς
1404 1116 1502 1183 μὲν
1542 1116 1672 1185 περ).
1703 1114 1806 1168 [Ιέ-

204 1228 330 1283 τρον
377 1212 471 1263 καὶ
518 1208 773 1276 Ἰωάννην
824 1207 874 1258 οἱ
930 1206 1095 1275 ἱερεῖς
1155 1204 1250 1257 ἐπὶ
1281 1207 1345 1275 τῇ
1400 1204 1574 1275 ἀθρόᾳ
1617 1204 1802 1273 σοφία,

205 1302 754 1373 καταλαμϐανόμενοι
807 1299 1040 1360 αὐτοὺς,
1116 1297 1197 1350 δτι
1265 1298 1533 1370 πρότερον
1594 1296 1805 1349 ἰδιῶται

204 1390 382 1467 ἦσαν·
439 1395 530 1447 τὸν
595 1394 654 1445 δὲ
717 1390 931 1444 Παῦλον
982 1390 1010 1443 δ
1061 1389 1270 1457 Φῆστος
1320 1388 1529 1456 λέγων’
1595 1388 1803 1460 Μαίνῃ,

206 1488 402 1551 Παῦλε,
426 1487 494 1539 τὰ
516 1485 686 1539 πολλά
702 1502 763 1538 σε
791 1485 1099 1555 γράμματα
1124 1485 1203 1544 εἰς
1236 1482 1436 1551 μανίαν
1456 1481 1802 1551 περιτρέπει.

204 1579 387 1633 Ταῦτα
417 1578 609 1643 εἰπὼν,
645 1577 861 1630 καὶτὸν
904 1578 994 1627 ἐπὶ
1030 1577 1097 1645 τῇ
1140 1572 1387 1643 ἀμαθείᾳ
1424 1572 1591 1640 φόϐον
1623 1570 1809 1624 αὐτῶν

205 1671 534 1736 ὑπεκλύσας,
567 1670 821 1739 ἐπιφέρει
852 1669 947 1721 καὶ
980 1668 1168 1736 ἕτερον
1194 1668 1516 1733 ἀναγκαῖον,
1554 1666 1651 1717 καὶ
1684 1666 1802 1716 ἱκα-

204 1763 290 1816 νὸν
320 1764 645 1815 κατασεῖσαι
666 1758 866 1829 ψυχάς,
896 1759 976 1819 τὸ,
1011 1757 1464 1827 Παραδοθήσεσθε
1484 1757 1595 1809 ὑπὸ
1625 1755 1798 1823 φίλων

203 1855 295 1907 καὶ
336 1851 635 1920 συγγενῶν.
683 1849 956 1921 Προλέγει
1001 1848 1135 1917 γοῦν
1180 1850 1274 1902 καὶ
1306 1850 1436 1921 περὶ
1466 1849 1683 1911 τούτου,
1717 1848 1805 1899 ἵνα

204 1946 279 2015 μὴ
326 1944 522 2013 ἁθρόον
561 1941 810 2004 ἐπελθὸν,
850 1939 1156 2009 διαταράξη
1189 1938 1410 2002 αὐτούς.
1454 1938 1641 1991 Δεινὺν
1695 1937 1806 2005 γὰρ

199 2037 356 2091 τοῦτο
374 2037 553 2107 ψυχῆς
577 2035 923 2099 καθικέσθαι,
952 2035 1027 2098 ώς
1047 2036 1141 2087 καὶ
1164 2033 1327 2085 Δαυῖδ
1356 2048 1542 2102 φησιν,
1569 2032 1654 2083 ὅτι
1696 2049 1713 2081 ι
1745 2030 1807 2082 Et

200 2135 227 2185 ὁ
254 2133 447 2202 ἐχθρὸς
486 2130 730 2185 ὠνείδισέ
765 2146 855 2200 με,
890 2129 1181 2199 ὑπήνεγκα
1223 2128 1287 2180 ἄν
1312 2143 1325 2155 ·
1368 2128 1431 2179 σὺ
1466 2126 1521 2179 δὲ
1551 2124 1807 2195 ἄνθρωπε

207 2226 448 2293 ίσόψυχε.
486 2243 504 2276 ›
544 2224 652 2275 Καὶ
678 2221 861 2274 ,πάλιν
882 2238 893 2250 ο
933 2239 951 2271 ι
1000 2220 1057 2273 Ὀ
1088 2219 1285 2272 ἐσθίων
1306 2219 1503 2287 ἄρτους
1536 2234 1637 2286 μου
1674 2219 1807 2287 ἐμε-

202 2317 437 2385 γάλυνεν
478 2314 563 2368 ἐπ’
607 2314 709 2385 ἐμὲ
754 2312 1115 2383 πτερνισμόν.
1160 2329 1177 2362 t
1214 2310 1405 2365 Ταῦτα
1461 2309 1658 2373 εἰπὼν,
1713 2311 1809 2362 καὶ

203 2411 285 2464 ὅτι
333 2410 757 2480 μισηθήσονται,
788 2408 885 2461 καὶ
931 2409 1014 2461 ὃτι
1048 2404 1529 2475 θανατωθήσονταί
1573 2420 1720 2466 τινες
1750 2402 1809 2469 ἐξ

204 2504 409 2566 αὐτῶν,
437 2504 691 2573 ἐπιφέρει
721 2503 820 2571 τὴν
847 2504 1119 2573 μεγίστην
1144 2500 1526 2571 παραμυθίαν,
1560 2500 1640 2552 ὅτι
1672 2497 1810 2568 Θρὶξ

202 2599 267 2649 ὲκ
295 2595 395 2665 τῆς
434 2594 679 2663 κεραλῆς
721 2594 875 2664 ὑμῶν
908 2593 969 2646 οὐ
1030 2593 1107 2663 μὴ
1157 2592 1450 2662 ἀπόληται.
1486 2590 1809 2661 Σωθήσεσθε

204 2692 333 2759 γὰρ,
362 2690 518 2759 φησὶ,
548 2688 645 2740 καὶ
684 2687 807 2740 οὐδὲ
838 2688 900 2738 τὸ
932 2686 1218 2755 ἐλάχιστον
1252 2685 1408 2755 ὑμῶν
1436 2684 1808 2754 διαφθαρήσε-

202 2800 318 2845 ται,
364 2782 414 2835 si
458 2782 550 2835 καὶ
598 2780 743 2845 δόξει
795 2782 907 2842 τοῖς
946 2780 1161 2841 πολλοῖς
1199 2778 1568 2848 διαφθαρῆναι
1595 2792 1607 2805 ’
1650 2777 1809 2847 μόνον

205 2857 497 2940 ὑπομένειν
533 2870 615 2923 δεῖ
636 2887 647 2898 ·
698 2856 796 2923 καὶ
829 2869 940 2939 γὰρ
971 2874 1030 2921 ὲν
1062 2871 1130 2939 τῇ
1164 2870 1413 2940 ὑπομονῇ
1448 2868 1683 2921 κτᾶσθαι
1720 2868 1809 2919 δυ-

200 2961 435 3034 νήσεσθε
488 2962 584 3024 τάς
642 2960 824 3032 ψυχὰς
887 2960 1065 3030 ὑμῶν.
1137 2961 1397 3031 Πρόσεισι
1464 2959 1566 3030 μὲν
1623 2959 1733 3029 γὰρ
1780 2961 1809 3011 ό

201 3053 421 3123 ἐχθρὸς,
464 3047 551 3106 οἷά
590 3064 675 3114 τις
724 3051 1198 3124 αίχμαλωτιστὴς,
1261 3054 1359 3117 τὰς
1407 3052 1588 3123 ψυχὰς
1650 3052 1807 3123 ὑμῶν

200 3145 290 3199 διά
318 3144 419 3214 τῆς
446 3144 743 3215 ἐπαγωγῆς
778 3145 887 3196 τῶν
917 3144 1111 3197 δεινῶν
1145 3143 1498 3215 ἀφαρπάζειν
1526 3142 1807 3215 πειρώμε-

200 3254 315 3302 νος,
356 3236 472 3289 ἀλλ’
504 3236 665 3307 ὑμεῖς
703 3234 822 3289 δότε
868 3236 991 3291 ἀντὶ
1036 3236 1305 3308 ἀργυρίου
1356 3236 1458 3308 τὴν
1494 3236 1806 3309 ὑπομονὴν,

201 3329 300 3383 καὶ
324 3328 600 3398 κτήσασθε
650 3326 751 3391 τάς
801 3327 983 3401 ψυχὰς
1041 3328 1198 3400 ὑμῶν
1245 3329 1424 3400 τούτῳ
1475 3328 1557 3401 τῷ
1607 3330 1809 3384 ἀνταλ-

201 3424 473 3492 λάγματι,
506 3424 603 3475 καὶ
636 3423 698 3475 οὐ
740 3420 1167 3492 ξημιωθήσεσθε
1198 3421 1422 3486 ταύτας.
1460 3422 1710 3494 Πρόσχες
1750 3422 1808 3475 δὲ

198 3518 264 3569 τὸ
296 3515 713 3571 Θανατώσουσιν
736 3512 796 3579 ἐξ
825 3513 997 3585 ὑμῶν·
1030 3516 1248 3587 νοήσεις
1271 3517 1380 3583 γὰρ
1406 3502 1710 3587 βαθύτερόν
1734 3532 1806 3580 τι,

199 3612 287 3666 ὅτι
361 3612 475 3681 Οὐχ
549 3610 881 3681 ὁλοκλήρους
947 3609 1093 3679 ὑμᾶς
1155 3610 1599 3677 θανατώσουσιν,
1670 3610 1811 3664 ἀλλά

199 3706 411 3760 διπλῶν
455 3704 625 3757 ὅντων
658 3702 835 3774 ὑμῶν,
872 3704 935 3754 ὲκ
968 3686 1149 3772 ᾦυχῆς
1180 3705 1273 3757 καὶ
1325 3703 1602 3773 σώματος,
1638 3704 1700 3758 οὐ
1740 3706 1811 3758 τὰ

198 3801 297 3853 δύο
329 3796 755 3863 θανατώσουσιν,
793 3798 908 3851 ἀλλ’
946 3798 1005 3865 ἐξ
1045 3798 1201 3868 ὑμῶν
1230 3798 1290 3850 τὸ
1318 3797 1375 3850 ἓν
1408 3798 1808 3867 θανατώσουσι,

198 3893 264 3945 τὸ
286 3891 451 3961 σῶμά
480 3908 646 3961 φημι,
670 3891 768 3953 τὰς
808 3891 864 3944 δὲ
897 3891 1077 3962 ψυχὰς
1107 3890 1262 3963 ὑμῶν
1286 3891 1564 3962 κτήσασθε
1600 3893 1687 3947 διὰ
1708 3893 1811 3963 τῆς

203 3986 490 4056 ὑπομονῆς
524 4002 537 4015 ο
568 3985 597 4038 ὃ
626 3986 721 4040 καὶ
763 3986 997 4058 ἀλλαχοῦ
1035 4002 1168 4055 φησι
1192 4004 1204 4018 ο
1242 3984 1335 4056 Μὴ
1387 3985 1643 4057 φοϐεῖσθε
1700 3990 1810 4042 ἀπὸ

200 4081 315 4135 τῶν
352 4080 766 4133 ἀποκτενόντων
793 4079 854 4133 τὸ
887 4079 1069 4150 σῶμα,
1098 4078 1198 4151 τὴν
1236 4079 1295 4132 δὲ
1336 4078 1515 4151 ψυχὴν
1548 4079 1624 4151 μὴ
1649 4078 1811 4133 δυνα-

204 4174 389 4243 μένων
420 4173 767 4226 ἀποκτεῖναι.

284 4285 303 4318 ι
335 4266 505 4319 Ὅταν
529 4266 587 4319 δὲ
611 4266 757 4337 ἴδητε
785 4265 1165 4337 κυκλουμένην
1193 4264 1293 4335 τὴν
1324 4264 1684 4337 Ἰερουσαλὴμ
1705 4265 1812 4319 ὑπὸ

198 4361 316 4415 τῶν
359 4359 765 4429 στρατοπέδων,
811 4360 933 4414 τότε
979 4360 1179 4429 γνῶτε,
1221 4361 1301 4413 ὅτι
1332 4361 1565 4431 ήγγικεν
1598 4362 1633 4432 ἡ
1680 4361 1812 4431 ἐρή-

1910 475 1962 528 in
2003 489 2171 529 uuutn
2219 471 2384 527 simul
2435 480 2861 543 congregemur.
2908 481 3021 522 non
3073 472 3329 533 poterunt
3368 461 3523 516 vobis

1909 567 2191 630 resistere,
2222 580 2400 635 neque
2435 580 2532 635 per
2569 564 2919 633 sapientiam,
2966 561 3074 615 hoc
3114 566 3223 621 est,
3260 568 3519 609 sensuum

1907 660 2041 726 vim,
2083 673 2263 728 neque
2308 672 2404 728 per
2435 654 2833 727 eloquentiam,
2876 662 2932 708 et
2984 651 3184 720 lingua:
3234 644 3524 701 certitudi-

1908 767 2054 806 nem.
2082 750 2237 821 Saepe
2260 752 2405 806 enim
2430 752 2552 820 quis
2584 750 2748 803 habet
2775 744 3104 816 sapientiam
3135 742 3187 795 in
3219 739 3523 794 rationibus

1908 852 1965 899 et
1996 846 2275 913 sensibus,
2308 847 2360 899 in
2403 843 2727 904 tumultibus
2759 851 2942 895 tamen
2975 851 3099 891 cutn
3132 834 3295 889 facile
3334 828 3524 886 turbe-

1911 947 2015 1002 tur,
2038 938 2321 991 conl‘undit
2344 937 2527 992 omnia
2552 950 2676 990 cum
2707 933 3002 988 dicendum
3028 938 3114 983 est
3145 926 3211 979 ad
3240 925 3519 995 populum.

1909 1027 1973 1081 lli
2010 1040 2216 1093 autem,
2244 1027 2473 1097 apostoli
2514 1026 2656 1091 dico,
2693 1024 2747 1078 in
2797 1032 3033 1091 utroque
3063 1017 3294 1089 gratiam
3324 1030 3521 1070 conse-

1909 1123 2020 1179 cuti
2066 1131 2217 1178 suut.
2259 1122 2414 1177 Unde
2446 1122 2853 1187 obstupuerunt
2893 1116 3211 1170 sacerdOtes
3254 1114 3321 1167 de
3360 1108 3525 1165 Petro

1909 1226 1965 1269 et
2015 1213 2225 1269 Joanne
2252 1215 2321 1268 ob
2353 1213 2682 1267 immensam
2715 1208 3070 1279 sapientiam,
3111 1207 3245 1261 dum
3278 1217 3528 1273 compre-

1912 1308 2215 1361 henderent
2254 1319 2370 1369 eos,
2396 1319 2502 1372 qua
2539 1304 2692 1372 prius
2717 1302 3002 1356 earebant.
3027 1297 3201 1355 Paulo
3238 1312 3368 1351 vero
3397 1294 3528 1351 dicit

1910 1399 2103 1454 Festus
2131 1418 2144 1453 :
2173 1397 2407 1464 Insanis,
2433 1396 2623 1461 Paule,
2644 1396 2828 1449 multa:
2852 1403 2904 1448 te
2934 1392 3130 1446 littera:
3157 1391 3222 1444 ad
3252 1389 3523 1443 insaniam

1910 1494 2183 1561 redigunt.
2210 1489 2423 1543 Etcum
2452 1489 2790 1542 excussisset
2820 1486 3072 1539 timorem
3104 1485 3323 1539 illormn
3356 1494 3519 1549 quem

1910 1598 1975 1637 ex
2010 1582 2280 1652 imperitia
2324 1581 2615 1645 habebant,
2651 1577 2837 1633 subdit
2872 1587 2927 1631 et
2968 1576 3115 1630 aliud
3150 1573 3521 1628 necessarium

1911 1683 1966 1729 et
2000 1673 2233 1726 validum
2267 1672 2332 1725 ad
2383 1668 2775 1724 concutiettdas
2815 1668 3031 1721 animas
3062 1683 3074 1719 :
3107 1663 3422 1718 Tradentiui
3457 1664 3525 1715 ab

1914 1764 2102 1817 amicis
2144 1771 2197 1818 et
2232 1763 2500 1831 cognatis.
2536 1759 2789 1815 Prmdicit
2816 1760 2983 1829 igitur
3005 1767 3059 1811 et
3093 1757 3160 1811 de
3204 1758 3325 1822 hoc,
3362 1763 3423 1808 ut
3459 1768 3525 1806 ne

1912 1874 2039 1913 cum
2070 1858 2174 1912 hoc
2202 1857 2383 1911 subito
2409 1856 2713 1926 contingat,
2742 1854 3058 1907 turbentur.
3094 1848 3352 1906 Graviter
3377 1847 3523 1901 enim

1915 1952 2019 2005 hoc
2052 1949 2287 2003 animam
2318 1948 2550 2013 cruciat,
2576 1948 2720 2000 sicut
2749 1956 2802 2000 et
2827 1944 2997 1997 David
3020 1943 3154 1998 dicit
3188 1960 3201 1994 :
3233 1959 3253 1993 ι
3289 1940 3441 2007 Quod
3479 1940 3521 1993 si

1914 2042 2168 2096 inimicus
2206 2056 2359 2095 meus
2394 2039 2768 2094 maledixisset
2804 2038 2961 2099 mihi,
2996 2035 3381 2090 sustinuissent
3423 2034 3528 2087 uti-

1913 2151 2018 2204 que
2048 2154 2061 2195 :
2095 2145 2150 2190 tu
2178 2144 2357 2189 autent
2393 2135 2555 2188 homo
2580 2132 2857 2186 unanimis
2884 2131 2954 2194 “,
2994 2148 3012 2181 ι
3041 2138 3147 2184 etc.
3181 2127 3244 2181 Et
3278 2127 3478 2182 iterum
3507 2142 3521 2179 :

1920 2246 1939 2280 ι
1977 2227 2078 2295 Qui
2105 2228 2344 2283 comedit
2376 2240 2542 2296 panes
2578 2239 2730 2279 meos
2749 2238 2989 2291 mecum,
3024 2220 3397 2289 ntagnilicavit
3427 2234 3527 2275 su-

1913 2340 2009 2395 per
2028 2339 2114 2378 me
2145 2323 2642 2393 supplantationem
2667 2319 2732 2374 “.
2765 2338 2783 2372 ι
2817 2318 2953 2373 Cum
2978 2317 3206 2372 dixisset
3228 2315 3370 2386 quod
3401 2314 3530 2369 odio

1915 2418 2149 2472 habendi
2199 2424 2254 2471 et
2304 2417 2444 2485 quod
2483 2413 2767 2469 occidendi
2818 2420 3003 2467 essent
3034 2408 3263 2481 quidam
3314 2420 3379 2460 ex
3422 2406 3527 2471 eis,

1920 2507 2107 2561 subdit
2147 2507 2441 2560 maximam
2479 2504 2914 2560 consolationem
2939 2519 2952 2555 :
2975 2501 3215 2571 Capillus
3251 2501 3316 2554 dc
3350 2498 3532 2567 capite

1915 2608 2094 2652 vestro
2114 2612 2220 2652 non
2246 2598 2465 2667 peribit.
2486 2595 2846 2651 Salvabimini
2872 2594 3042 2659 enim,
3064 2592 3261 2663 inquit,
3281 2602 3332 2647 et
3354 2606 3532 2662 neque

1914 2693 2202 2747 minimum
2244 2692 2503 2761 quiddam
2553 2693 2605 2745 itt
2657 2689 2814 2745 vobis
2865 2696 3279 2759 corrumpetur,
3312 2686 3531 2742 etiamsi

1918 2786 2175 2841 videatur
2204 2785 2393 2841 multis
2443 2784 2743 2855 corrumpi.
2789 2782 3028 2837 Tantum
3078 2782 3225 2838 ferre
3254 2791 3471 2852 oportet
3504 2798 3521 2835 :

1914 2893 2012 2949 per
2058 2878 2376 2948 patientiam
2427 2878 2573 2932 enim
2623 2875 2981 2946 possidebitis
3033 2875 3249 2930 animas
3286 2883 3529 2928 vestras.

1914 2968 2050 3025 Nam
2080 2968 2337 3024 inimicus
2364 2969 2587 3038 quidem
2618 2966 2827 3022 invadit
2861 2982 2959 3022 ceu
2991 2966 3186 3030 hostis,
3227 2964 3278 3018 in
3304 2964 3533 3033 captivi-

1918 3074 2080 3119 tatem
2102 3064 2369 3119 ducturus
2389 3062 2603 3116 animas
2625 3069 2861 3129 vestras,
2883 3071 2938 3116 et
2962 3068 3137 3115 tentat
3160 3073 3257 3128 per
3277 3056 3531 3112 alllictio-

1916 3174 2011 3214 nes
2047 3172 2239 3227 rapere
2271 3174 2286 3211 :
2321 3157 2415 3212 sed
2461 3171 2558 3212 vos
2594 3157 2719 3211 date
2759 3170 2858 3225 pro
2906 3154 3136 3224 pecunia
3169 3151 3522 3223 patientiam,

1913 3257 1969 3303 et
1999 3247 2355 3315 possidebitis
2372 3247 2591 3302 animas
2616 3257 2827 3301 vestras
2854 3247 2957 3301 hac
2979 3244 3456 3315 coinpensatioue,
3479 3252 3534 3298 et

1913 3341 2051 3396 nihil
2078 3342 2231 3396 vobis
2259 3341 2443 3395 damni
2487 3340 2593 3395 erit
2639 3342 2691 3393 in
2735 3340 2861 3394 illis.
2895 3341 3134 3395 Attende
3175 3348 3355 3394 autem
3389 3335 3535 3407 quod

1914 3436 2070 3500 dicit,
2103 3433 2277 3489 Morte
2314 3432 2548 3490 allicient
2590 3449 2657 3489 ex
2695 3433 2852 3489 vobis
2880 3449 2893 3487 :
2927 3432 3199 3503 intelliges
3228 3431 3377 3488 enim
3407 3446 3536 3503 pro-

1915 3528 2437 3599 fundiusquiddam,
2454 3527 2578 3598 quia
2598 3526 2717 3581 Non
2741 3526 2985 3598 integros
3014 3542 3109 3582 vos
3135 3527 3380 3582 occident
3406 3523 3536 3582 :sed

1916 3641 2039 3679 cum
2064 3640 2129 3679 ex
2150 3625 2360 3678 duobus
2385 3625 2525 3689 sitis,
2552 3624 2735 3677 anima
2750 3634 2804 3677 et
2828 3638 3205 3692 corpot'e,non
3233 3632 3535 3690 utrumque

1916 3729 2091 3772 morte
2121 3717 2383 3781 allicieut,
2413 3717 2508 3769 sed
2543 3730 2710 3769 ttnum
2738 3728 2803 3768 ex
2837 3714 2993 3769 vobis
3017 3712 3300 3777 occident,
3335 3726 3537 3782 corpus

1914 3813 2059 3875 dico,
2110 3810 2322 3863 animas
2359 3816 2540 3862 autem
2606 3818 2823 3863 vestras
2872 3806 3228 3877 possidebitis
3276 3820 3373 3874 per
3423 3819 3537 3875 pa—

1914 3902 2163 3957 tientiam
2193 3916 2208 3956 :
2244 3900 2389 3970 quod
2440 3908 2496 3954 et
2528 3898 2655 3955 alibi
2707 3902 2842 3957 dicit
2874 3920 2887 3955 :
2920 3899 3002 3956 Ne
3060 3900 3302 3955 timeatis
3349 3898 3415 3953 ab
3450 3898 3535 3952 his

1915 3994 2005 4063 qni
2039 3993 2296 4047 occidunt
2332 4005 2557 4061 corpus,
2614 3993 2854 4049 animam
2902 4003 3085 4050 autem
3130 3993 3386 4049 occidere
3425 4006 3535 4047 non

1917 4097 2197 4158 poterunt.

1988 4276 2157 4332 Vsus.
2197 4276 2395 4333 20-27.
2431 4295 2451 4329 ι
2497 4277 2632 4332 Cum
2678 4286 2859 4331 autem
2912 4273 3165 4331 videritis
3195 4272 3528 4330 circumdari

1916 4368 1986 4423 ab
2019 4368 2355 4423 exercitibus
2399 4364 2727 4433 Jerusalem,
2762 4378 2895 4421 tunc
2930 4367 3127 4422 scitote
3161 4366 3306 4435 quod
3353 4365 3537 4419 immi-

204 4471 384 4526 μωσις
421 4452 615 4522 αὐτῆς.
641 4452 775 4506 Τότε
801 4455 850 4507 oi
877 4455 935 4507 ὲν
979 4457 1045 4525 τῇ
1082 4454 1314 4525 Ἰουδαίᾳ
1350 4455 1707 4522 φευγέτωσαν
1731 4455 1808 4518 είς

1922 4471 2046 4516 neat
2078 4460 2341 4516 desolatio
2365 4460 2508 4531 ejus.
2536 4458 2695 4516 Tunc
2712 4460 2808 4528 qui
2836 4461 2888 4516 in
2920 4457 3105 4513 Judma
3132 4468 3281 4524 sunt,
3312 4455 3533 4526 fugiant

199 4548 273 4601 τὰ
298 4546 426 4617 ὅρη,
458 4547 551 4599 καὶ
579 4546 627 4598 oi
670 4548 726 4599 ὲν
757 4549 908 4617 μέσῳ
932 4548 1127 4616 αὐτῆς,
1160 4547 1599 4618 ἐκχωρείτωσαν.
1636 4547 1746 4601 Καὶ
1766 4547 1817 4599 οἱ

194 4640 266 4695 ὲν
313 4643 438 4703 ταῖς
487 4639 716 4710 χώραις,
768 4642 844 4710 μὴ
895 4641 1337 4712 εἰσερχέσθωσαν
1386 4642 1467 4705 είς
1507 4640 1698 4712 αὐτὴν,
1730 4641 1814 4694 ὅτι

200 4734 416 4803 ήμέραι
472 4732 809 4803 ἐκδικήσεως
877 4728 1039 4788 αὗταί
1105 4736 1235 4801 εισι,
1297 4733 1395 4787 τοῦ
1454 4734 1814 4806 πληρωθῆναι

200 4825 391 4881 πάντα
414 4826 485 4879 τά
506 4826 898 4895 γεγραμμένα.
918 4826 1055 4878 Οὐαὶ
1080 4828 1199 4889 ταῖς
1225 4828 1282 4879 ὲν
1302 4826 1507 4897 γαστρὶ
1534 4826 1810 4896 ἐχούσαις,

201 4920 305 4975 καὶ
336 4920 456 4983 ταῖς
482 4918 848 4988 θηλαζούσαις
872 4921 928 4971 ὲν
957 4919 1198 4981 ἐκείναις
1220 4922 1343 4982 ταῖς
1370 4921 1630 4990 ἡμέραις,
1656 4919 1813 4985 ἔσται

200 5014 317 5084 γὰρ
363 5011 578 5083 ἀνάγκη
630 5011 841 5081 μεγάλη
873 5012 967 5065 ἐπὶ
1000 5010 1103 5081 τῆς
1134 5010 1262 5082 γῆς,
1314 5014 1409 5065 καὶ¹
1444 5010 1584 5083 ὀργὴ
1637 5012 1696 5065 ἐν
1734 5011 1814 5081 τῷ

196 5103 323 5174 λαῷ
369 5104 567 5172 τούτῳ,
624 5103 723 5156 καὶ
762 5102 1057 5157 πεσοῦνται
1102 5104 1335 5174 στόματι
1380 5106 1677 5176 μαχαίρας,
1716 5106 1814 5159 καὶ

196 5196 820 5267 αἰχμαλωτισθήσονται
855 5198 936 5259 είς
966 5195 1147 5250 πάντα
1169 5198 1237 5249 τὰ
1265 5197 1415 5267 ἔθνη,
1466 5200 1562 5251 καὶ
1602 5198 1815 5270 Ἰερου-

198 5289 393 5359 σαλὴμ
421 5287 577 5342 ἔσται
605 5289 930 5359 πατουμένη
961 5289 1067 5343 ὑπὸ
1092 5289 1286 5353 ἐθνῶν,
1311 5289 1441 5361 ἄχρι
1469 5291 1807 5362 πληρωθῶσι

194 5382 389 5454 καιροὶ
416 5380 609 5436 ἐθνῶν.
628 5384 739 5436 Καὶ
774 5381 929 5435 ἔσται
952 5384 1155 5453 σημεῖα
1184 5383 1242 5435 εν
1271 5383 1429 5453 ἡλίῳ,
1458 5384 1554 5438 καὶ
1582 5385 1805 5457 σελήνῃ,

198 5477 299 5531 καὶ
334 5472 583 5546 ἄστροις,
644 5474 739 5528 καὶ
799 5476 891 5527 ἰπὶ
942 5474 1045 5545 τῆς
1098 5475 1208 5545 γῆς
1264 5478 1465 5548 συνοχὴ
1520 5477 1713 5542 ἐθνῶν,
1748 5480 1807 5531 ἐν

194 5571 414 5645 ἀπορίᾳ
438 5569 684 5642 ἡκούσης
712 5570 1013 5643 θαλάσσης,
1048 5573 1143 5626 καὶ
1176 5572 1364 5651 σάλου,
1408 5573 1807 5645 ἀποψυχόντων

288 5758 333 5788 ¹¹
416 5752 566 5811 Psal.
620 5770 729 5821 LIV,
780 5755 862 5824 15,
901 5756 983 5813 Μ.
1064 5756 1282 5813 "Psal.
1325 5776 1413 5828 ιι,
1449 5760 1532 5815 li).

1917 4556 1984 4611 ad
2024 4566 2234 4611 montes
2292 4573 2306 4609 :
2359 4566 2413 4611 et
2452 4556 2545 4626 qui
2600 4555 2653 4609 in
2704 4554 2886 4608 medio
2919 4555 3060 4623 ejus,
3101 4552 3438 4608 discedant:
3483 4558 3538 4605 et

1916 4651 2011 4721 qui
2049 4651 2102 4705 in
2131 4649 2467 4720 regionibus,
2498 4660 2605 4703 non
2640 4649 2847 4704 intrent
2884 4649 2936 4702 in
2965 4663 3110 4713 eam,
3140 4648 3267 4715 quia
3295 4646 3412 4699 dles
3448 4643 3532 4699 ul-

1918 4744 2084 4799 tionis
2130 4743 2356 4805 hisuut,
2414 4752 2475 4797 ut
2531 4742 2865 4812 impleantur
2917 4740 3101 4795 omnia
3153 4754 3276 4810 qua:
3331 4738 3545 4808 scripta

1916 4843 2066 4890 Sunt.
2105 4834 2194 4890 Vat
2226 4845 2408 4889 autem
2457 4835 2895 4905 przegnantibus,
2924 4845 2981 4889 et
3012 4849 3251 4889 mamma
3281 4830 3545 4886 nutrien—

1919 4928 2065 4983 tibus
2091 4928 2145 4983 in
2177 4927 2282 4983 illis
2308 4928 2523 4983 diebus.
2551 4926 2669 4981 Erit
2702 4928 2849 4983 enim
2884 4925 3108 4983 alllictio
3135 4939 3331 4996 magna
3364 4939 3544 4993 super

1918 5032 2120 5077 terram
2147 5030 2205 5078 et
2238 5022 2318 5076 ira
2343 5022 2397 5076 in
2421 5022 2623 5093 populo
2650 5022 2772 5087 hoc,
2799 5031 2854 5078 et
2879 5023 3082 5077 cadent
3123 5022 3175 5075 in
3209 5034 3306 5075 ore
3348 5018 3545 5089 gladii,

1915 5123 1969 5166 et
2008 5112 2208 5181 captivi
2240 5112 2510 5167 ducentur
2557 5112 2611 5167 in
2643 5128 2845 5169 omnes
2881 5124 3094 5180 gentes,
3130 5120 3185 5167 et
3225 5108 3535 5166 Jerusalem

1915 5204 2219 5261 calcahitur
2238 5220 2267 5258 a
2292 5206 2565 5276 gentibus,
2591 5206 2763 5261 donec
2783 5207 3113 5276 impleantur
3133 5215 3377 5274 tempora
3401 5216 3543 5273 gen-

1923 5300 2084 5354 tium.
2116 5296 2279 5369 46],
2334 5297 2401 5353 Et
2430 5308 2590 5353 erunt
2645 5300 2800 5369 signa
2850 5299 2904 5354 in
2976 5298 3113 5364 sole,
3176 5308 3232 5351 et
3290 5296 3441 5359 luna,
3473 5302 3531 5349 et

1923 5390 2123 5457 stellis,
2153 5402 2209 5445 et
2260 5392 2312 5445 iu
2351 5392 2517 5446 terris
2559 5394 2809 5447 anxietas
2850 5391 3095 5460 gentium
3127 5404 3225 5461 per
3266 5388 3533 5455 despera-

1924 5485 2149 5550 tionem,
2200 5495 2495 5541 resonante
2532 5488 2669 5540 mari
2706 5495 2759 5541 et
2807 5485 2995 5551 lluctu,
3033 5478 3534 5540 extabescentibus

1922 5579 2237 5637 hominibus
2271 5595 2381 5650 prze
2415 5580 2633 5647 timore,
2674 5590 2728 5637 et
2752 5579 3166 5653 exspectatione
3186 5590 3377 5633 eorum
3402 5586 3537 5647 qua
