4000 6400
544 266 692 331 ,1055

1434 267 2013 329 THEOPHYLACTI
2049 269 2383 330 BULGARl
2398 270 2461 329 [Ε
2503 272 2543 327 Α
2557 269 2859 331 RCHIEP.

3655 260 3795 328 1056

547 379 1061 449 ettpcrveniemurbi
1104 389 1388 434 terrarum.
1424 380 1555 435 Nam
1593 383 1816 435 virtutes
1846 382 2097 436 caelorum

2216 384 2521 455 ἀνθρώπων
2556 384 2663 436 ἀπὸ
2696 384 2859 451 φόϐου
2900 383 2989 433 καὶ
3026 379 3349 450 προσδοκίας
3398 372 3510 429 τῶν
3569 378 3797 445 ἐπερχο-

550 472 926 529 movebuntur,
978 478 1030 520 et
1065 479 1190 523 tunc
1231 472 1487 525 videlmnt
1518 470 1713 524 Filium
1750 473 1983 526 bominis
2021 488 2109 527 ve-

551 562 782 613 nientem
818 560 867 611 in
902 562 1040 613 nube
1081 575 1197 613 cum
1227 571 1493 631 potestate
1522 573 1574 616 et
1608 563 1773 632 gloria
1830 581 2043 635 magna.
2086 584 2104 617 ι

551 648 985 705 Mauilestissime
1024 666 1165 706 nunc
1195 654 1260 706 de
1307 656 1619 720 Captivitate
1663 654 1962 711 Jerusalem
2004 670 2113 711 tra-

548 742 643 812 dit.
680 738 833 794 Unde
860 742 935 795 sic
967 744 1155 809 Opinor
1182 745 1582 813 intelligendum
1616 748 1741 800 illttd
1770 766 1781 801 :
1812 752 1953 802 Ante
1991 750 2105 805 hinc

544 832 722 885 omnia
757 844 957 895 autem,
988 836 1087 888 hoc
1117 844 1215 900 est,
1246 847 1367 888 ante
1390 836 1561 891 fames
1592 852 1641 891 et
1669 840 2025 906 pestilentias,
2058 852 2111 896 et

543 923 643 975 alia
674 926 851 992 gravia
884 941 1002 992 qua:
1033 936 1155 979 sunt
1188 940 1445 981 eventura
1481 930 1532 982 in
1569 939 1807 999 tempore
1850 949 2106 987 consum-

545 1013 816 1075 mationis,
891 1018 1317 1084 persecutionem
1378 1021 1591 1087 quidem
1671 1023 1949 1090 patiemini
2014 1034 2110 1079 vo‘s

470 1098 473 1102 ’
542 1105 792 1170 apostoli,
826 1116 878 1157 et
912 1116 1104 1160 czrtera
1138 1126 1150 1159 :
1195 1109 1388 1162 deinde
1429 1122 1481 1161 et
1532 1109 1923 1182 Hierosolymis
1970 1115 2109 1168 mala

542 1190 919 1246 imminebunt.
968 1192 1100 1246 Nam
1149 1198 1402 1263 quoniam
1458 1199 1530 1251 illi
1570 1201 1833 1269 putabant
1880 1204 2021 1270 quod
2055 1204 2109 1259 in

545 1292 783 1351 tempore
817 1290 1297 1341 consummationis
1348 1291 1669 1343 destruenda
1715 1304 1899 1346 essent
1939 1294 2109 1348 sediti-

540 1374 619 1425 cia
657 1376 836 1443 templi
868 1395 879 1428 ε
919 1376 1061 1441 Non,
1088 1380 1278 1449 inquit.
1312 1380 1546 1450 Tempus
1582 1384 1724 1437 enim
1757 1399 2109 1440 consumma-

540 1466 701 1518 tionis
727 1465 895 1522 falsos
926 1472 1214 1539 prophetas
1245 1473 1483 1539 habebit,
1532 1483 1585 1527 et
1636 1476 1805 1530 fames
1839 1487 1893 1531 et
1940 1478 2109 1545 pesti-

542 1557 735 1611 lentius
767 1575 830 1612 ex
873 1563 1141 1615 continuis
1166 1565 1318 1618 bellis
1345 1582 1465 1633 qua:
1490 1568 1803 1636 contingent
1833 1570 1901 1622 ob
1924 1570 2105 1621 chari-

545 1652 671 1701 tatis
704 1654 1003 1718 penuriam.
1047 1652 1153 1708 Vos
1200 1666 1375 1709 autem
1438 1668 1560 1710 ante
1610 1669 1819 1726 tempus
1851 1674 2107 1715 consum-

540 1743 791 1797 mationis
852 1747 1279 1811 persecutionem
1349 1750 1649 1817 patiemini,
1702 1761 1755 1804 et
1804 1751 2106 1809 Jerusalem

537 1832 794 1897 capietur,
845 1845 896 1886 et
954 1834 1155 1901 lapides
1207 1836 1279 1889 illi
1328 1839 1631 1891 dirueutur.
1674 1840 1900 1905 Quando
1959 1841 2104 1897 enim

536 1923 786 1977 videbitis
850 1926 1122 1979 civitatem
1170 1943 1197 1978 a
1260 1927 1519 1982 Romanis
1562 1934 1887 1985 exercitibus
1942 1935 2103 2002 cingi,

537 2020 665 2067 tunc
694 2014 1081 2069 desolationem
1130 2018 1247 2086 ejus
1289 2021 1500 2073 scitote.
1534 2019 1759 2091 Tragice
1788 2026 1950 2091 igitur
1977 2041 2107 2093 pro-

538 2104 639 2157 t‘ert
665 2106 800 2161 mala
836 2122 952 2174 qua;
975 2118 1101 2162 tunc
1130 2108 1331 2164 civitati
1360 2112 1740 2170 imminebunt.
1761 2114 1895 2170 Nam
1931 2119 2019 2186 qui
2052 2121 2104 2173 in

535 2193 738 2262 Judzea,
770 2198 962 2265 inquit,
986 2198 1197 2270 fugiant
1227 2204 1277 2257 in
1301 2217 1512 2261 montes
1550 2225 1564 2262 :
1594 2208 1757 2276 etqui
1781 2208 1833 2261 in
1866 2213 2106 2279 regioni.

535 2285 651 2349 bus,
723 2301 789 2339 ne
848 2300 1066 2356 sperent
1119 2294 1260 2359 quod
1318 2295 1511 2348 civitas
1570 2306 1778 2349 murata
1834 2301 2105 2353 custodiat

534 2392 628 2431 eos
656 2401 669 2430 ι
700 2384 792 2433 sed
821 2384 1075 2436 secedant
1096 2386 1259 2438 etiam
1318 2388 1416 2455 ipsi
1448 2390 1537 2458 qui
1572 2390 1622 2442 in
1650 2391 1821 2445 media
1847 2392 2088 2447 civitate.

538 2466 659 2521 Dies
690 2471 831 2523 enim
880 2471 1097 2527 ultionis
1130 2484 1273 2540 sunt,
1302 2486 1359 2529 ut
1400 2478 1725 2546 impleantur
1759 2498 1877 2548 qua:
1912 2484 1963 2536 in
2003 2484 2105 2537 Da-

538 2558 677 2612 niele
726 2562 1061 2628 potissimum
1104 2574 1227 2617 sunt
1262 2567 1483 2633 scripta.
1542 2568 1629 2623 Vae
1678 2575 2101 2641 praegnantibus,

534 2651 966 2719 quandoquidem
990 2652 1172 2724 fugere
1192 2672 1293 2710 non
1318 2670 1568 2725 poterunt
1591 2674 1809 2730 propter
1831 2666 2099 2720 sarcinam

534 2748 735 2801 ventris
768 2766 779 2801 :
813 2758 864 2802 et
893 2750 1235 2818 Iactantibus,
1274 2764 1493 2821 propter
1520 2772 1758 2810 amorem
1790 2774 1917 2827 erga
1969 2775 2099 2828 pne-

534 2857 641 2904 ros,
700 2859 833 2910 quos
885 2860 1056 2914 neque
1107 2847 1410 2916 relinquere
1462 2862 1687 2918 possunt
1720 2852 1927 2921 absque
1947 2868 2097 2919 cura,

533 2948 704 2998 neque
751 2949 933 2987 secum
983 2936 1218 2991 auferre.
1272 2938 1497 3004 Quidam
1555 2943 1605 2995 in
1648 2942 1747 2998 hoc
1784 2961 1810 2997 a
1871 2945 2099 3001 Domino

2220 478 2397 545 μένων
2420 477 2483 546 τῇ
2510 476 2817 545 οἰκουμένῃ.
2862 475 2925 526 Al
2978 474 3082 543 γὰρ
3111 471 3367 540 δυνάμεις
3399 470 3511 521 τῶν
3543 467 3795 536 ούρινῶν

2218 565 2661 635 σαλευθήσονται,
2704 565 2798 616 καὶ
2845 564 2964 615 τότε
3013 560 3231 628 ὄψονται
3265 557 3355 613 τὸν
3396 558 3528 610 Υίὺν
3569 555 3662 608 τοῦ
3699 558 3794 607 αν-

2217 658 2434 726 θρώπου
2465 657 2755 724 ἐρχόμενον
2785 656 2841 707 ἐν
2901 653 3150 722 νεφέλαις
3195 650 3336 729 μετὰ
3378 650 3668 716 δυνάμεως
3702 648 3795 699 καὶ

2213 748 2368 817 δόξης
2393 748 2614 817 πολλῆς.
2649 768 2665 798 ι
2726 747 3043 814 Σαφέστατα
3088 743 3181 795 νῦν
3232 745 3359 813 περὶ
3388 743 3487 807 τῆς
3538 740 3795 801 ἁλώσεως

2213 841 2311 907 τῆς
2376 839 2733 907 Ἰερουσαλὴμ
2774 837 3147 907 διαλαμϐάνει.
3192 837 3357 887 Ὅθεν
3409 832 3591 903 οἶμαι,
3650 832 3795 919 οὕτω

2213 930 2295 982 δεῖ
2322 932 2580 999 νοηθῆναι
2612 932 2689 991 το,
2725 930 2836 1000 Πρὸ
2886 930 2940 981 δέ
2994 928 3197 980 τούτων
3248 928 3487 987 πάντων,
3519 925 3792 982 τουτέστι,

2214 1022 2320 1090 πρὸ
2348 1022 2405 1073 δὲ
2439 1022 2545 1073 τῶν
2579 1022 2771 1089 λιμῶν,
2808 1022 2898 1072 καὶ
2928 1021 3035 1073 τῶν
3080 1018 3309 1088 λοιμῶν,
3345 1020 3439 1070 καὶ
3480 1017 3595 1067 τῶν
3615 1015 3795 1067 ἄλλων

2213 1112 2426 1175 δεινῶν,
2487 1111 2520 1165 ἃ.
2576 1113 2825 1181 μέλλουσι
2866 1112 3188 1181 συμϐαίνειν
3246 1112 3302 1162 ἐν
3356 1109 3433 1177 τῷ
3478 1107 3663 1178 καιρῷ
3699 1109 3796 1175 τῆς

2216 1204 2551 1265 συντελείας,
2599 1203 2966 1273 διωχθήσεσθε
3006 1201 3105 1271 μὲν
3155 1203 3311 1270 ὑμεῖς
3371 1202 3419 1253 οί
3466 1202 3789 1260 ἀπόστολοι,

2215 1298 2308 1349 καὶ
2357 1296 2422 1347 τὰ
2474 1295 2625 1363 ἑξῆς.
2680 1292 2813 1349 Εἶτα
2868 1294 2962 1346 καὶ
3021 1296 3084 1363 τῇ
3137 1292 3497 1360 Ἰερουσαλὴμ
3543 1292 3613 1343 τα
3651 1291 3796 1343 κακά

2214 1388 2625 1455 ἐπιστήσονται.
2669 1386 2885 1454 Ἐπειδὴ
2930 1385 3039 1454 γὰρ
3071 1385 3270 1436 ἐκεῖνοι
3310 1384 3581 1451 ἐνόμιζον,
3626 1383 3712 1433 ὅτι
3740 1384 3797 1433 ὲν

2213 1480 2289 1547 τῷ
2321 1478 2497 1548 καιρῷ
2531 1480 2629 1547 τῆς
2681 1477 2993 1540 συντελείας
3042 1476 3513 1545 καταλυθήσονται
3551 1476 3607 1528 al
3640 1477 3794 1526 οίκο-

2213 1570 2374 1637 ὀσμαὶ
2397 1570 2489 1622 τοῦ
2526 1571 2695 1639 ἱεροῦ,
2723 1570 2876 1638 Οὐχὶ,
2904 1570 3088 1638 φησίν.
3126 1569 3184 1621 ὐ
3219 1569 3316 1638 μέν
3350 1572 3458 1637 γὰρ
3488 1567 3585 1635 τῆς
3608 1583 3798 1618 συντε-

2215 1660 2361 1721 λείας
2393 1659 2582 1729 καιρὸς
2645 1658 3097 1728 ψευδοπροφήτας
3147 1658 3280 1724 ἔξει,
3319 1658 3415 1709 καὶ
3441 1658 3661 1725 λιμοὺς,
3701 1657 3798 1709 καὶ

2210 1749 2433 1816 λοιμοὺς
2454 1750 2515 1801 ἐκ
2532 1746 2641 1800 τῶν
2660 1748 2897 1818 συνεχῶν
2918 1748 3170 1817 πολέμων
3190 1748 3296 1800 τῶν
3315 1747 3401 1799 διά
3416 1748 3474 1800 τὸ
3500 1748 3795 1817 ἀποσφαγῆ-

2210 1855 2297 1891 ναι
2328 1838 2424 1907 τὴν
2447 1840 2669 1909 ἀγάπην
2687 1840 2986 1907 μελλόντων
3005 1838 3465 1908 ἐπεισφθαρῆναι.
3515 1839 3715 1907 Ὑμεῖς
3737 1839 3796 1892 δὲ

2210 1934 2315 2003 πρὸ
2331 1933 2423 1985 τοῦ
2438 1936 2535 2000 τῆς
2560 1933 2867 1995 συντελείας
2881 1931 3075 2001 καιροῦ
3094 1931 3427 2001 ἐκδιωχθήσε
3439 1931 3555 1993 σθε,
3575 1934 3671 1983 καὶ
3701 1932 3798 1984 Ἰεο

2211 2027 2491 2097 ρουσαλὴμ
2518 2025 2809 2090 ἁλώσεται,
2843 2027 2934 2077 καὶ
2961 2027 3007 2077 οί
3032 2024 3167 2076 λίθοι
3188 2017 3334 2076 οὗτοι
3365 2023 3790 2092 καταλυθήσον-

2209 2136 2316 2171 ται.
2355 2120 2525 2171 Ὀταν
2560 2118 2669 2188 γάρ
2712 2117 2858 2188 ίδητε
2898 2117 2994 2185 τὴν
3031 2116 3186 2168 πόλιν
3234 2115 3339 2167 ὑπὸ
3381 2116 3490 2166 τῶν
3533 2115 3787 2183 Ῥωμαῖ-

2209 2211 2320 2263 κῶν
2357 2211 2785 2279 στρατευμάτων
2815 2208 3214 2277 κυκλουμένην,
3277 2206 3397 2259 τότε
3432 2208 3532 2275 τὴν
3566 2208 3800 2287 ἐρημω-

2208 2319 2293 2354 σιν
2323 2303 2492 2373 αὐτῆς
2536 2301 2733 2369 γνῶτε.
2772 2301 3138 2371 Ἐκτραγῳδεῖ
3162 2294 3257 2353 οὖν
3308 2301 3374 2352 τά
3399 2298 3575 2362 δεινὰ,
3604 2298 3641 2353 ἃ
3669 2302 3793 2353 τότε

2205 2394 2303 2465 τὴν
2334 2395 2487 2446 πόλιν
2528 2394 2941 2465 περιστήσεται.
2991 2394 3056 2446 Οί
3090 2393 3188 2462 μὲν
3211 2394 3321 2462 γάρ
3345 2394 3403 2445 ἐν
3426 2396 3493 2460 τῇ
3534 2392 3793 2461 Ἰουδαίᾳ,

2206 2485 2586 2553 φευγέτωσαν,
2625 2483 2811 2553 φησιν,
2840 2485 2918 2544 είς
2936 2483 3004 2535 τά
3058 2482 3181 2551 ὅρη.
3212 2482 3324 2533 Kal
3352 2483 3401 2534 οί
3435 2482 3492 2534 ἐν
3533 2484 3655 2543 ταῖς
3689 2480 3797 2550 χὼ-

2208 2597 2348 2650 ραις,
2387 2580 2459 2648 μὴ
2490 2578 2967 2648 προσδοκάτωσαν,
2992 2578 3073 2629 ὅτι
3096 2578 3126 2645 ἠ
3156 2576 3309 2637 πόλις
3335 2575 3600 2646 τειχήρης
3627 2574 3793 2642 οὖσα,

2207 2672 2432 2741 φυλάξει
2474 2670 2693 2733 αὐτοὺς,
2721 2668 2835 2722 ἀλλ’
2865 2670 3307 2738 ἁναχωρήτωσαν
3332 2668 3427 2721 καὶ
3456 2669 3505 2720 ol
3540 2668 3599 2719 ἐν
3638 2668 3796 2736 μέσῳ

2206 2764 2305 2831 τῆς
2337 2763 2564 2824 πόλεως.
2608 2760 2841 2829 Ἡμέραι
2894 2760 3004 2829 γὰρ
3052 2759 3387 2828 ἐκδικήσεως
3422 2760 3584 2823 εἰσιν,
3619 2759 3692 2821 ὡς
3726 2761 3795 2814 ἂν

2205 2852 2569 2923 πληρωθῶσιν
2598 2853 2632 2906 ἃ
2673 2852 2997 2922 ἐγράφησαν
3056 2854 3117 2905 ἐν
3175 2852 3253 2922 τῷ
3286 2851 3487 2921 Δανιὴλ
3516 2852 3780 2919 μάλιστα.

2204 2948 2339 3000 Οὐαὶ
2372 2948 2493 3006 ταῖς
2529 2948 2585 2998 ἐν
2620 2944 2818 3014 γαστρὶ
2865 2943 3115 3011 ἐχούσαις
3149 2960 3160 2972 ·
3188 2943 3248 2996 οὐ
3297 2942 3622 3013 δυνήσονται
3682 2945 3793 3013 γάρ

535 3022 859 3075 insinuatum
898 3034 1084 3092 putant
1117 3042 1263 3081 esum
1295 3033 1465 3098 pueri,
1495 3036 1557 3087 de
1607 3050 1714 3103 quo
1748 3038 1911 3090 tradit
1940 3038 2095 3093 Jose-

2204 3037 2426 3106 φεύγειν
2465 3038 2551 3090 διὰ
2577 3038 2636 3089 τὸ
2672 3036 2835 3107 βάρος
2872 3038 2969 3107 τῆς
2998 3035 3234 3103 γαστρός
3261 3052 3275 3066 ⁶
3306 3035 3401 3089 καὶ
3452 3037 3579 3097 ταῖς
3617 3035 3792 3103 θηλα-

531 3113 689 3177 phus,
730 3124 783 3167 et
822 3118 1062 3182 pradicit
1092 3118 1409 3175 Hieremias.
1434 3122 1497 3175 Et
1530 3124 1854 3191 Jerusalem,
1888 3129 2088 3199 inquit,

534 3203 845 3257 conculcata
869 3206 970 3259 erit
1003 3222 1029 3260 a
1074 3211 1339 3277 gentibus.
1389 3210 1677 3283 [lucusque
1714 3218 1778 3271 de
1806 3222 2089 3287 captivita-

532 3311 607 3345 te.
643 3293 844 3348 Deinde
870 3296 1060 3349 itermn
1100 3301 1262 3353 tradit
1289 3316 1348 3354 ea
1376 3317 1493 3370 quae
1516 3308 1579 3358 de
1610 3312 2097 3365 consummatione.

537 3386 709 3440 Erunt
753 3390 897 3443 enim
928 3390 1080 3459 signa
1112 3392 1164 3443 in
1208 3394 1345 3459 sole,
1370 3408 1423 3449 et
1450 3399 1607 3464 'luna,
1642 3410 1696 3453 et
1739 3402 1929 3457 stellis.
1959 3404 2095 3459 Cum

530 3479 673 3532 enim
721 3492 967 3537 creatura
1027 3484 1304 3549 alteratur,
1350 3490 1541 3544 merito
1588 3492 1852 3548 elementa
1900 3513 2097 3553 novum

529 3587 734 3626 morem
803 3575 1020 3629 habent.
1063 3576 1129 3631 Et
1192 3583 1443 3649 angustia
1505 3586 1767 3651 gentium,
1828 3587 1932 3643 hoc
1992 3599 2096 3657 est,

531 3662 767 3729 aﬂlictio,
808 3667 1047 3719 omnium
1100 3668 1277 3738 inopia
1332 3675 1636 3729 commista.
1696 3676 1842 3730 Mare
1917 3690 2095 3735 autem

527 3758 779 3810 maximis
824 3759 969 3811 senis
1004 3763 1302 3823 resonabit,
1330 3773 1383 3815 et
1421 3766 1522 3818 erit
1553 3771 1848 3823 commotio
1880 3786 1941 3825 ac
1987 3784 2101 3825 tur-

528 3847 690 3909 batio,
726 3850 795 3899 ita
830 3860 885 3902 ut
922 3850 1165 3906 homines
1213 3855 1556 3910 extabescaut
1610 3875 1641 3913 a
1672 3863 1787 3915 Solo
1814 3864 2009 3918 timore
2042 3875 2096 3919 et

526 3940 901 4007 expeuatione
921 3957 1105 3997 eorum
1130 3962 1249 4013 quae
1275 3950 1487 4003 venient
1511 3966 1672 4020 super
1695 3958 1903 4010 orbem.
1936 3957 2094 4014 Vides

526 4030 613 4081 hic
644 4030 926 4085 manifeste
953 4034 1017 4087 de
1050 4040 1515 4096 consummatione
1543 4044 1873 4111 loquentem.
1913 4048 2088 4119 Supra

525 4120 667 4173 enim
724 4122 938 4176 dicebat
996 4123 1291 4181 Jerusalem
1349 4133 1416 4184 ab
1471 4136 1797 4189 exercitibus
1853 4142 2090 4204 gentium

524 4211 842 4278 cingendam
891 4224 946 4267 et
995 4218 1440 4281 conculcandam.
1495 4223 1589 4276 hic
1621 4237 1797 4279 autem
1837 4230 1933 4282 toti
1972 4232 2089 4285 orbi

525 4316 909 4371 superventura
938 4308 1067 4361 dicit
1102 4311 1260 4373 mala,
1303 4323 1352 4366 et
1397 4315 1465 4367 ita
1496 4331 1637 4370 nunc
1660 4319 1725 4371 de
1752 4336 2092 4376 consumma-

2206 3129 2443 3194 ζούσαις,
2492 3132 2578 3183 διὰ
2623 3132 2719 3199 τὴν
2786 3128 2920 3198 πρὸς
2977 3128 3046 3181 τὰ
3110 3128 3281 3209 βρέφη
3346 3127 3606 3196 στοργήν,
3651 3129 3794 3198 μήτε

2204 3224 2508 3293 δυναμένας
2545 3224 2763 3290 ἀφιέναι
2818 3221 3174 3291 άτημέλητα,
3217 3223 3351 3287 μήτε
3395 3218 3517 3287 μεθ’
3570 3220 3792 3273 ἑαυτῶν

2206 3316 2528 3383 ἐπάγεσθαι.
2596 3314 2752 3377 Τινὲς
2798 3314 2853 3367 δὲ
2911 3316 2966 3365 ὲν
3017 3312 3227 3373 τούτοις
3281 3309 3624 3363 αἰνίττεσθαι
3697 3313 3790 3365 τὸν

2202 3410 2409 3479 Κύριον
2471 3408 2568 3478 τὴν
2629 3409 2991 3475 τεκνοφαγίαν
3050 3408 3233 3474 φασὶν,
3289 3407 3355 3477 ἢν
3404 3406 3433 3457 ό
3505 3406 3781 3475 Ἰώσηπος

2206 3503 2426 3572 ἱστορεῖ,
2468 3502 2563 3553 καὶ
2608 3500 2881 3571 Ἱερεμίας
2929 3500 3286 3570 προφητεύει.
3345 3499 3456 3553 Kal
3510 3498 3790 3569 Ἰερουσα-

2200 3594 2333 3664 λὴμ,
2392 3594 2575 3663 φησὶν,
2642 3593 2796 3645 ἔσται
2842 3594 3159 3663 πατουμένη
3214 3592 3319 3645 ὑπὸ
3362 3592 3554 3645 ἐθνῶν.
3606 3595 3786 3665 Μέχρι

2199 3685 2389 3736 τούτου
2428 3684 2493 3735 τὰ
2535 3684 2665 3752 περὶ
2688 3686 2786 3751 τῆς
2838 3684 3116 3746 ἁλώσεως.
3174 3678 3309 3736 Είτα
3356 3682 3522 3735 πάλιν
3549 3683 3618 3736 τὰ
3653 3686 3783 3753 περὶ

2200 3776 2297 3844 τῆς
2330 3774 2659 3837 συντελείας.
2701 3776 2896 3827 Ἔσται
2931 3775 3060 3843 γὰρ,
3100 3774 3257 3843 φησὶ,
3298 3777 3500 3843 σημεῖα
3531 3775 3593 3825 ἐν
3626 3775 3782 3844 ἡλίῳ,

2202 3868 2294 3919 καὶ
2326 3867 2543 3937 σελήνῃ,
2604 3866 2698 3919 καὶ
2770 3867 3011 3935 ἄστροις.
3076 3867 3185 3919 Καὶ
3230 3865 3339 3936 γὰρ
3384 3866 3483 3934 τῆς
3549 3867 3784 3932 κτίσεως

2197 3959 2605 4029 ἀλλοιουμένης,
2640 3958 2865 4023 είκότως
2910 3960 2976 4010 τὰ
3017 3962 3259 4028 στοιχεῖα
3286 3959 3765 4026 καινοτομοῦνται.

2197 4054 2305 4105 Kal
2334 4052 2530 4121 συνοχὴ
2577 4052 2768 4113 ἐθνῶν,
2808 4051 3081 4115 τουτέστι,
3134 4050 3337 4119 θλίψις,
3383 4050 3609 4103 πάντων
3642 4054 3785 4104 ἁποο

2199 4145 2287 4214 ρία
2317 4144 2595 4213 συμμιγής
2624 4160 2637 4174 ·
2669 4144 2701 4211 ἦ
2728 4160 2783 4194 τε
2809 4142 3053 4194 θάλασσα
3077 4142 3243 4211 ήχους
3269 4141 3566 4211 φρικώδεις
3600 4145 3785 4213 μυκή-

2198 4253 2368 4299 σεται,
2402 4239 2493 4289 καὶ
2545 4236 2705 4297 σάλος
2732 4236 2882 4287 ἔσται
2918 4237 3013 4288 καὶ
3042 4236 3283 4305 ταραχὴ.
3324 4235 3465 4288 ὥστε
3511 4238 3641 4301 τοὺς
3680 4242 3775 4292 άν⁴

2197 4306 2449 4398 θρώπους
2504 4329 2808 4398 ἀποψύχειν
2850 4332 2912 4382 ἐκ
2961 4329 3123 4397 μόνου
3180 4328 3272 4380 τοῦ
3324 4329 3516 4397 φόϐου,
3552 4332 3785 4401 καὶτῆς

525 4393 667 4446 tione
697 4396 873 4447 smculi
910 4396 1161 4465 loquitur.
1191 4399 1323 4454 Nam
1354 4406 1580 4460 virtutes
1612 4410 1869 4463 caelorum
1904 4430 2089 4467 move-

2204 4389 2520 4488 προσδοκίας
2552 4389 2659 4470 τῶν
2694 4389 3087 4487 ἐπερχομένων
3126 4420 3191 4487 τῇ
3239 4389 3562 4489 οίκουμένη.
3610 4389 3781 4490 Ὀρᾴς

525 4481 739 4539 buntur.
776 4484 841 4539 Et
876 4488 1000 4552 quid
1036 4482 1175 4553 dico,
1208 4491 1400 4559 inquit,
1440 4498 1579 4563 quod
1613 4498 1859 4555 homines
1902 4505 2086 4559 turba-

525 4576 741 4639 buntur,
797 4591 917 4630 cum
962 4590 1209 4633 creatura
1258 4586 1434 4638 omnis
1493 4588 1791 4641 alteretur?
1846 4592 1979 4647 Nam
2033 4607 2085 4648 et

524 4665 623 4732 ipsi
660 4670 833 4733 angeli
900 4678 953 4722 et
992 4672 1177 4738 prima
1232 4674 1462 4728 virtutes
1504 4680 1882 4745 turbabuntur,
1925 4685 2084 4755 462

520 4760 973 4829 terrebunturqne
1006 4764 1053 4814 in
1106 4766 1433 4821 terribilibus
1475 4772 1935 4831 immutationibus
1963 4782 2085 4831 uui-

518 4851 683 4902 versi.
734 4852 795 4904 Et
864 4864 991 4907 tunc
1047 4855 1304 4909 videbunt
1373 4859 1565 4913 Filium
1636 4865 1889 4917 hominis.
1952 4868 2091 4932 Qui?

520 4942 742 5005 Omnes,
801 4949 1189 5016 credentvset
1252 4967 1351 5002 nou
1405 4954 1708 5009 credentes.
1775 4956 2089 5015 Venientem

517 5040 695 5084 autem
732 5033 782 5085 in
842 5037 1093 5098 nubibus,
1134 5049 1189 5090 ut
1242 5041 1401 5094 Deum
1460 5045 1663 5099 scilicet
1726 5062 1847 5101 cum
1892 5052 2088 5104 virtute

513 5124 756 5187 etgloria
788 5142 994 5192 magna.
1046 5128 1252 5197 Quippe
1289 5149 1450 5201 super
1492 5138 1657 5189 solem
1695 5150 1819 5193 tunc
1862 5141 2084 5210 fulgebit

514 5226 565 5263 et
596 5214 731 5280 ipse,
768 5228 820 5269 et
844 5233 971 5272 Crux
1006 5222 1141 5286 ejus,
1176 5224 1321 5275 etab
1352 5228 1604 5281 omnibus
1633 5242 1977 5298 aguoscetur.

2197 4510 2445 4578 φανερῶς
2485 4508 2717 4561 ἐνταῦθα
2746 4509 2990 4578 περὶτῆς
3016 4508 3327 4571 συντελείας
3355 4506 3606 4573 λέγοντα.
3631 4510 3783 4562 Ἀνω

2199 4600 2431 4668 μὲνγὰρ
2489 4598 2640 4666 ἔλεγε
2702 4598 2801 4667 τὴν
2871 4598 3229 4667 Ἰερουσαλὴμ
3270 4597 3629 4660 κυκλοῦσθαι,
3688 4601 3781 4652 καὶ

2194 4691 2484 4747 πατεῖσθαι
2513 4690 2617 4741 ὑπὸ
2643 4692 2750 4742 τῶν
2777 4689 3155 4755 στρατοπέδων
3180 4690 3287 4741 τῶν
3309 4689 3501 4753 ἐθνῶν,
3535 4691 3780 4746 ἐνταῦθα

2192 4785 2248 4837 δέ
2285 4787 2350 4853 τῇ
2405 4783 2703 4853 οίκουμένῃ
2745 4782 2813 4834 τὰ
2873 4782 3022 4835 κακὰ
3074 4768 3426 4851 ἐπέρχεσθαι,
3466 4782 3611 4835 ὥστε
3648 4788 3779 4858 περὶ

2189 4875 2287 4939 τῆς
2314 4871 2543 4935 καθόλου
2576 4872 2882 4931 συντελείας
2915 4872 2942 4923 ὁ
2988 4872 3147 4938 λόγος
3171 4872 3265 4923 νῦν
3320 4874 3467 4923 ἐστιν
3494 4874 3668 4941 αὐτῷ.
3710 4877 3776 4927 Al

2189 4960 2296 5028 γὰρ
2342 4960 2595 5030 δυνάμεις
2625 4962 2732 5013 τῶν
2777 4962 3023 5028 οὐρανῶν
3069 4963 3515 5031 σαλευθήσονται.
3572 4966 3691 5017 Kal
3724 4967 3776 5019 τί

2185 5051 2350 5117 λέγω,
2390 5054 2575 5121 φησὶν,
2614 5054 2695 5104 ὅτι
2726 5055 2771 5104 oi
2830 5055 3110 5123 ἄνθρωποι
3158 5056 3632 5125 ταραχθήσονται,
3676 5059 3773 5127 τῆς

2185 5144 2419 5205 κτίσεως
2462 5146 2642 5212 πάσης
2707 5145 3127 5215 ἀλ>.οιουμένης;
3199 5149 3306 5199 Kal.
3366 5149 3522 5199 αὐτοὶ
3579 5150 3689 5216 γὰρ
3720 5151 3769 5201 οί

2179 5236 2427 5302 ἄγγελοι,
2462 5241 2549 5288 καί
2586 5239 2639 5289 al.
2666 5238 2966 5305 πρώτισται
2999 5239 3255 5306 δυνάμεις
3296 5242 3766 5308 ταραχθήσονται,

514 5307 605 5355 καὶ
638 5309 1067 5379 ἐκπλαγήσονται
1104 5316 1194 5367 ἐπὶ
1251 5320 1370 5377 ταῖς
1422 5318 1563 5372 οὕτω
1620 5326 1916 5389 φρικώδεσι
1974 5327 2065 5377 τοῦ
2101 5330 2301 5392 παντὸς
2374 5331 2716 5399 μεταϐολαῐς.
2786 5335 2893 5384 Kal
2955 5333 3075 5384 τότε
3129 5334 3348 5401 ὄψονται
3388 5336 3477 5384 τον
3506 5335 3633 5385 Υίὺν
3674 5335 3766 5386 τοῦ

519 5396 823 5461 ἐι·ι¹)ρώπου.
868 5404 1058 5469 Τίνεςς
1099 5408 1305 5469 Πάντες
1347 5410 1399 5460 οἵ
1424 5428 1481 5463 τε
1520 5414 1888 5478 πιστεύοντες,
1930 5420 2023 5471 καὶ
2064 5422 2111 5471 οἱ
2185 5423 2258 5490 μὴ
2306 5423 2681 5484 πιστεύοντες.
2758 5426 3085 5493 Ἐρχόμενον
3136 5426 3192 5477 δὲ
3246 5429 3303 5477 ὲν
3350 5427 3628 5491 νεφέλαις,
3689 5430 3765 5488 ὡς

518 5493 647 5544 debv
675 5496 871 5566 δηλαδὴ
908 5502 1043 5567 μετὰ
1083 5504 1360 5572 δυνάμεως
1396 5507 1486 5559 καὶ
1518 5508 1671 5577 δόξης
1722 5512 1920 5579 πολλῆς
1964 5528 1979 5543 ⁸

517 5590 747 5655 οτσυρὸς
780 5592 963 5648 αὑτοῦ,
1007 5595 1096 5643 καὶ
1129 5600 1277 5663 παρὰ
1307 5599 1519 5649 παντων
1556 5603 2045 5671 ἐπιγνωσθήσεται.

604 5676 759 5733 Vatis.
824 5678 1008 5736 28-35.
1055 5701 1071 5733 ι
1148 5682 1239 5739 llts
1284 5700 1461 5742 autem
1505 5692 1616 5744 θυι-ἰ
1671 5694 2076 5763 intipicntibtts,

2016 5520 2107 5566 καὶ
2150 5516 2257 5586 γὰρ
2336 5518 2475 5587 ὑπὲρ
2525 5520 2613 5571 τὸν
2646 5521 2795 5588 ἣλιον
2851 5521 3118 5589 ἀστράψει
3164 5522 3284 5573 τότε
3312 5522 3473 5583 αὑτός
3506 5540 3562 5573 τε
3604 5526 3691 5575 καί
3740 5526 3766 5577 ὁ

2270 5722 2283 5751 ι
2340 5703 2681 5767 ’Λοχομὲνων
2738 5706 2792 5758 δὲ
2852 5703 3053 5756 τούτων
3107 5704 3371 5769 γίνεσθαι,
3425 5703 3761 5772 ἀνακύξατε,
