4000 6398
483 349 627 415 1359

1410 324 1987 393 THEOPHYLACTI
2033 318 2445 383 BUI.G:~\i‘tl.-E
2482 316 2837 378 ARCHIEP.

3648 304 3778 374 1060

557 463 718 517 Vsus.
746 453 934 513 54-36.
962 470 983 505 ι
1040 445 1317 514 Attenditc
1342 452 1523 498 autem
1572 441 1749 505 vobis,
1784 436 2070 508 nequando

2255 452 2272 485 ι
2316 432 2619 501 Προσέχετε
2646 430 2701 482 δὲ
2731 427 2965 490 ἑαυτοῖς,
2993 426 3068 496 μή
3094 442 3223 479 ποτε
3256 422 3609 495 βαρυνθῶσιν
3634 430 3773 500 {man

481 560 777 625 graventur
826 548 987 600 corda
1027 552 1205 593 vestra
1235 536 1457 603 crapula
1491 543 1545 587 et
1572 532 1857 593 ebrietate,
1899 538 1953 581 et
1981 542 2075 580 cu-

483 620 561 700 ris
590 640 749 711 ltujns
784 639 929 699 vitae,
964 632 1283 699 subitusque
1311 626 1461 681 vobis
1494 625 1711 693 ingruat
1764 621 1880 675 dies
1934 620 2023 673 ille
2058 638 2071 674 :

486 748 741 803 tanquam
778 730 1004 796 laqueus
1034 725 1178 779 enim
1207 717 1555 790 superveniet
1586 716 1640 769 in
1663 728 1853 769 omnes
1877 711 2078 766 seden-

490 812 572 882 tes
608 839 770 895 super
803 820 999 876 faciem
1027 816 1196 870 totius
1235 826 1412 867 terrae.
1446 806 1675 879 Vigilate
1716 808 1901 874 itaque
1928 803 2078 858 omni

492 928 756 982 tempore,
801 912 1157 979 deprecantes
1187 914 1247 958 ut
1276 902 1439 982 iiceat
1464 900 1618 955 vobis
1678 896 1917 967 eﬂugere
1977 896 2079 950 ista

488 979 670 1065 omnia
695 1021 813 1074 qua:
856 1003 1037 1056 futura
1066 1009 1214 1065 sunt,
1240 979 1301 1053 et.
1319 1008 1467 1051 stare
1494 1004 1619 1048 ante
1648 991 1846 1047 Filium
1901 987 2078 1043 homi-

491 1103 598 1165 nis,
641 1117 660 1151 ι
699 1096 1019 1161 Andivistis,
1048 1092 1242 1159 inquit,
1273 1088 1714 1144 terriculamenta
1745 1094 1801 1139 et
1825 1080 2085 1137 turbatio-

491 1209 609 1257 nes,
642 1201 694 1246 et
721 1189 947 1261 grandia
972 1196 1093 1241 sunt
1126 1186 1241 1237 haec
1262 1184 1440 1236 omnia
1469 1196 1532 1233 ac
1551 1178 1793 1250 sytnboia
1816 1175 2078 1229 malorum

490 1299 613 1353 qua:
644 1289 961 1352 peccatores
992 1286 1117 1329 sunt
1147 1274 1552 1341 deprehensum
1584 1288 1597 1324 :
1631 1270 1726 1323 sed
1752 1267 1874 1336 quia
1900 1266 2082 1334 gravia

494 1376 637 1437 haec,
676 1375 797 1429 ideo
829 1386 1079 1437 magnum
1112 1366 1408 1420 remedium
1438 1379 1627 1418 eorum
1665 1372 1749 1417 est
1776 1364 2003 1415 attentio
2034 1366 2089 1411 et

490 1470 690 1522 oratio.
726 1466 952 1534 Semper
985 1468 1127 1517 enim
1189 1472 1439 1530 paratum
1488 1473 1610 1512 esse
1667 1464 1722 1509 et
1766 1462 2088 1520 exspectare

493 1562 679 1624 tinem,
705 1558 939 1612 maxime
957 1560 1199 1613 omnium
1233 1554 1484 1610 conferre
1512 1550 1736 1621 poterit.
1767 1546 1879 1601 Hoc
1908 1555 2088 1599 autem

491 1652 648 1707 vobis
681 1652 976 1719 continget,
1010 1651 1054 1704 si
1108 1648 1277 1704 sobrii
1331 1645 1570 1707 fueritis.
1601 1654 1657 1697 et
1706 1656 1812 1694 non
1868 1648 2089 1709 gravata

494 1740 703 1797 fuerint
738 1743 902 1797 corda
933 1753 1111 1796 vestra
1141 1741 1361 1809 crapula
1401 1747 1458 1793 et
1486 1736 1778 1796 ebrietate,
1828 1742 1883 1786 et
1945 1730 2094 1784 solii-

2179 526 2235 579 αἱ
2270 523 2489 591 καρδίαι
2536 525 2594 574 ἐν
2645 520 2945 591 κραιπάλῃ,
2992 521 3084 573 καὶ
3132 520 3294 593 μέθῃ,
3331 522 3429 574 καὶ
3490 522 3779 593 μερίμναις

2182 617 2486 687 βιωτικαῖς,
2523 615 2617 667 καὶ
2665 614 2932 682 αἰφνίδιος
2983 615 3181 684 ἐπιστῇ
3227 615 3315 683 ἐφ’
3345 616 3496 684 ὑμᾶς
3538 617 3777 686 ήήμέρα

2182 710 2365 778 ἐκείνη
2392 726 2406 739 ⁸
2436 708 2512 771 ὡς
2558 707 2726 775 παγίς
2754 706 2860 775 γὰρ
2897 705 3251 759 ἐπελεύσεται
3294 707 3388 759 ἐπὶ
3420 709 3638 770 πάντας
3662 708 3781 771 τοὺς

2183 800 2529 870 καθημένους
2568 800 2660 851 ἐπὶ
2709 798 3003 867 πρόσωπον
3050 798 3231 864 πάσης
3276 798 3378 867 τῆς
3413 800 3543 869 γῆς,
3588 801 3773 873 Ἀγρυ.

2183 898 2366 948 πλεῖτε
2388 894 2482 948 οὖν
2503 896 2561 947 ἐν
2589 893 2751 946 παντὶ
2778 893 2955 960 καιρῷ
2990 892 3256 961 δεόμενοι,
3288 894 3375 946 ῖνα
3404 894 3783 965 καταξιωθῆτιι

2187 988 2447 1055 ἐκφυγεῖν
2488 986 2667 1039 πάντα
2692 984 2759 1037 τὰ
2800 984 3064 1053 μέλλοντα.
3090 985 3357 1053 γίνεσθαι,
3394 987 3488 1039 καὶ
3523 987 3783 1056 σταθῆναι

2187 1078 2497 1149 ἔμπροσθεν
2549 1078 2641 1129 Ιτοῦ
2694 1075 2827 1130 Υἱοῦ
2877 1076 2973 1129 τοῦ
3021 1074 3336 1148 ἀνθρώπου.
3376 1099 3394 1130 ι
3444 1080 3787 1144 Ἡκοᾶσατε,

2188 1174 2347 1242 φησί,
2391 1172 2640 1241 φόϐητρα
2691 1171 2785 1223 καὶ
2835 1168 3121 1238 ταραχάς·
3175 1170 3290 1223 ἀλλ’
3338 1172 3575 1243 αἰσθητὰ
3622 1174 3787 1227 ταῦτα

2190 1267 2392 1327 πάντα,
2431 1264 2525 1318 καὶ
2580 1263 2824 1331 σύμὸολα
2875 1264 2982 1315 τῶν
3030 1263 3155 1327 τοὺς
3206 1265 3577 1333 ἁμαρτωλοὺς
3622 1282 3792 1319 κατα-

2190 1354 2513 1427 ληψομένων
2542 1354 2753 1408 κακῶν.
2803 1354 2963 1407 una
2994 1353 3130 1421 πρὸς
3156 1353 3332 1407 ταῦτα
3370 1356 3439 1408 τὰ
3468 1355 3624 1409 δεινά
3654 1355 3793 1427 φάρ-

2194 1466 2369 1521 μακον
2403 1450 2546 1518 μέγα
2578 1448 2674 1500 καὶ
2696 1448 2993 1512 ἀντιπαθές
3019 1450 3051 1518 ἡ
3082 1448 3359 1520 προσευχὴ
3390 1450 3487 1503 καὶ
3521 1453 3792 1523 προσοχή.

2193 1543 2267 1596 Τὸ
2310 1544 2418 1613 γὰρ
2462 1544 2520 1596 ἐν
2568 1545 2857 1615 ἑτοιμασίᾳ
2902 1539 3041 1597 εἶναι
3082 1546 3188 1609 ἀεὶ,
3231 1547 3325 1597 καὶ
3361 1546 3647 1618 ἀπεκδοχῇ
3701 1547 3793 1601 τοῦ

2192 1634 2401 1699 τέλους,
2436 1634 2629 1686 τοῦτον
2666 1634 2899 1703 μάλιστα
2939 1634 3159 1688 πάντων
3216 1635 3597 1704 συμϐαλέσθαι
3632 1640 3798 1709 δυνή-

2199 1740 2375 1776 σεται.
2429 1720 2601 1775 Τοῦτο
2657 1722 2713 1775 δὲ
2763 1725 3198 1794 προσγενήσεται
3236 1726 3384 1795 ὑμῖν,
3446 1728 3642 1798 φησὶν,
3705 1730 3800 1783 ἐὰν

496 1837 741 1890 citudine
763 1835 1031 1890 saeculari.
1053 1833 1169 1889 Non
1196 1834 1338 1888 enim
1364 1846 1487 1885 cum
1514 1824 1897 1883 observatione
1916 1823 2091 1877 aderit

2201 1815 2426 1885 νήφητε,
2469 1817 2563 1868 καὶ
2742 1815 3085 1886 βαρυνοῶσιν
3139 1818 3194 1869 at
3250 1816 3471 1886 καρδίαι
3528 1819 3692 1889 ὑμῶν
3741 1824 3798 1874 ἐν

494 1928 614 1983 dies
647 1928 757 1991 ille,
795 1928 889 1981 sed
921 1927 1234 1995 inopinatus
1266 1934 1319 1979 et
1356 1921 1679 1991 repentinus
1703 1916 1899 1979 aderit,
1955 1914 2092 1968 claui

497 2020 641 2073 sicut
681 2018 906 2087 laqueus
955 2016 1371 2087 apprehendens
1396 2028 1490 2067 eos
1512 2012 1604 2081 qui
1644 2024 1747 2062 non
1782 2005 2090 2060 attendunt.

496 2109 769 2165 Fortassis
799 2119 977 2163 autem
1006 2111 1129 2178 quis
1146 2106 1418 2161 curiosius
1439 2103 1773 2159 scrutabitur
1798 2100 2092 2154 dictionem

500 2205 675 2256 lianc:
723 2220 741 2252 ι
779 2199 1043 2255 Sedentcs
1064 2215 1230 2270 super
1259 2199 1454 2253 faciem
1484 2194 1665 2251 omnis
1701 2202 1879 2247 terrae.
1922 2208 1942 2242 ι
1988 2189 2097 2243 llos

499 2296 645 2352 enim
670 2294 982 2363 illaqueabit
1002 2296 1120 2350 dies
1149 2294 1256 2359 ille,
1292 2292 1385 2362 qui
1420 2292 1473 2345 iu
1505 2291 1615 2344 otio
1632 2300 1687 2343 et
1718 2288 1925 2357 absque
1950 2284 2097 2339 solli-

498 2390 743 2445 citudine
769 2400 1093 2453 versantur;
1132 2387 1206 2440 illi
1244 2388 1388 2442 enim
1440 2382 1676 2451 suntqui
1709 2382 1897 2435 sedent
1929 2386 1984 2432 ct
2008 2375 2098 2444 qui

500 2482 887 2552 illaqueautur.
914 2481 979 2535 At
1008 2481 1099 2550 qui
1122 2489 1415 2547 cperantur
1437 2487 1489 2531 et
1510 2477 1669 2530 activi
1690 2459 2092 2537 sunt,'etsobrii

502 2573 895 2643 lnoperatione
917 2554 1068 2635 boni,
1125 2570 1486 2640 terunturque
1536 2566 1588 2620 iu
1646 2578 1809 2620 omne
1868 2563 2098 2625 bonum,

504 2682 609 2722 non
652 2667 842 2721 sedent
870 2679 1047 2725 neque
1078 2664 1368 2732 quiescunt
1400 2674 1561 2730 super
1587 2669 1812 2719 terram,
1845 2658 1938 2711 sed
1975 2669 2100 2708 sur-

503 2758 805 2828 guntltinc,
834 2766 888 2811 et
929 2759 1117 2811 dicunt
1154 2755 1255 2809 sibi
1295 2771 1308 2807 :
1357 2753 1532 2820 Surge
1578 2762 1633 2805 et
1684 2748 1934 2812 ambula,
1979 2746 2105 2815 quia

506 2863 613 2903 non
661 2857 742 2903 est
796 2837 895 2901 tibi
925 2846 1012 2900 hic
1066 2847 1279 2913 requies
1328 2843 1394 2908 ¹¹⁵,
1445 2852 1500 2897 et
1546 2840 1772 2911 patriam
1830 2838 2105 2893 meliorem

504 2940 807 3009 inquirunt.
841 2936 1000 2992 Hisce
1036 2953 1142 2991 non
1161 2936 1267 2991 erit
1293 2935 1411 2990 dies
1443 2934 1529 2989 ille
1550 2934 1773 3001 laqueus
1802 2941 1857 2985 ct
1884 2930 2100 2999 pericu-

2196 1906 2501 1978 κραιπάλῃ,
2545 1908 2640 1959 καὶ
2678 1908 2837 1979 μέθῃ,
2890 1908 2983 1959 καὶ
3025 1908 3321 1976 μερίμναις
3353 1907 3664 1977 βιωτικαῖς.
3707 1912 3801 1981 Μὴ

2196 2000 2305 2068 γάρ
2348 2002 2487 2068 μετὰ
2536 1999 2974 2070 παρατηρήσεως
3010 1999 3228 2071 ἔρχεται
3276 2003 3309 2069 ἡ
3360 2001 3549 2073 ἡμέρα
3585 2004 3799 2075 ἐκείνη,

2196 2093 2313 2145 ἀλλ’
2371 2092 2822 2163 ἀπροσδόκητος,
2878 2091 3125 2162 κρυφίως
3182 2091 3374 2163 ὥσπερ
3435 2094 3609 2161 παγὶς
3675 2096 3806 2148 συλ-

2198 2182 2553 2251 λαμόἀνουσα
2613 2182 2741 2244 τοὺς
2803 2182 2877 2252 μὴ
2938 2184 3330 2254 προσέχοντας.
3395 2185 3551 2257 Τάχα
3602 2188 3666 2242 δέ
3723 2207 3806 2253 τις

2200 2274 2626 2345 περιεργότερον
2656 2274 2929 2340 ἐξετάσειε
2956 2275 3053 2345 τὴν
3084 2276 3227 2339 λέξιν
3266 2277 3473 2349 ταύτην
3496 2296 3511 2310 ·
3552 2298 3571 2331 ι
3605 2280 3807 2352 Καθη-

2206 2366 2400 2436 μένους
2450 2368 2542 2419 ἐπὶ
2590 2367 2883 2435 πρόσωπον
2932 2370 3111 2439 πάσης
3158 2372 3258 2440 τῆς
3302 2371 3427 2441 γῆς.
3465 2391 3483 2423 ι
3521 2373 3808 2437 Ἕκείνους

2202 2458 2311 2529 γάρ
2344 2456 2706 2541 παγιδεύειιὴ
2746 2459 2929 2530 ἡμέρα
2974 2460 3158 2530 ἐκείνη
3211 2463 3341 2526 τοὺς
3383 2465 3441 2515 ἐν
3489 2464 3809 2541 ἀμεριμνίᾳ

2202 2551 2487 2619 διάγοντας
2522 2551 2617 2603 καὶ
2645 2550 2815 2622 ἀργίᾳ
2836 2567 2851 2582 ι
2885 2545 3031 2606 οὗτοι
3071 2556 3181 2622 γάρ
3222 2558 3361 2608 εἰσιν
3388 2556 3440 2609 οί
3472 2557 3810 2629 καθήμενοι,

2205 2647 2301 2695 καὶ
2326 2637 2473 2697 οῦτοι
2504 2643 2910 2713 παγιδεύονται.
2938 2648 3093 2700 Ὀσοι
3118 2648 3173 2700 δέ
3204 2650 3421 2720 ἐνεργοὶ
3450 2652 3546 2704 καὶ
3561 2652 3812 2726 δραστή-

2210 2753 2336 2805 ριοι,
2355 2736 2451 2788 καὶ
2473 2737 2725 2805 νηφάλιοι
2748 2737 2879 2807 περὶ
2901 2738 2997 2811 τὴν
3023 2739 3116 2792 τοῦ
3142 2740 3351 2808 ἀγαθοῦ
3379 2744 3647 2812 ἐργασίαν
3674 2746 3811 2811 εισι,

2210 2829 2306 2879 καὶ
2336 2828 2610 2881 κινοῦνται
2642 2830 2728 2884 ἀεὶ
2775 2830 2912 2897 πρὸς
2957 2831 3017 2883 τὸ
3064 2831 3245 2895 καλὸν,
3282 2831 3357 2902 μὴ
3406 2833 3812 2905 ἐγκαθήμενα.
3908 2835 3921 2847 ’

2211 2920 2306 2970 καὶ
2348 2920 2820 2987 ἐναναπαυόμενοι
2863 2923 2973 2983 τοῖς
3005 2925 3251 2993 γεηροῖς,
3294 2922 3410 2976 ἀλλ’
3459 2926 3815 2997 ἐγειρόμενα

508 3008 752 3094 lutu,scd
773 3029 887 3082 dies
907 3027 1133 3082 festivus
1154 3044 1168 3080 :
1189 3025 1391 3080 idcirco
1411 3030 1628 3094 oportet
1643 3021 1865 3093 vigilare
1885 3034 1936 3072 et
1951 3033 2097 3073 Orztrt

2213 3009 2483 3071 ἐντεῦθεν,
2538 3008 2631 3061 καὶ
2684 3010 2931 3077 λέγοντες
2980 3013 3214 3077 ἑαυτοῖς.
3283 3015 3520 3069 Ἀνάστα
3581 3022 3681 3070 καὶ
3724 3036 3818 3073 πο-

508 3119 701 3186 Dcutu,
745 3130 804 3172 ut
825 3120 1098 3186 possimus
1122 3116 1362 3186 eﬂ'ugere
1394 3116 1575 3170 futura
1606 3114 1809 3169 omnia.
1852 3112 1933 3178 Qu
1948 3110 2051 3166 alia
2080 3110 2097 3163 ’ί

2212 3100 2390 3171 ρεύου,
2424 3101 2506 3153 ὅτι
2546 3101 2644 3153 οὐκ
2679 3101 2794 3155 ἐστι
2840 3119 2923 3155 σοι
2969 3103 3107 3174 αὕτη
3143 3106 3470 3172 ἀνάπαυσις,
3536 3110 3638 3163 καὶ
3706 3130 3817 3165 πα-

506 3209 783 3265 Fortassis
820 3218 1174 3278 tempestates
1199 3218 1254 3261 et
1290 3207 1484 3272 fames,
1518 3215 1572 3259 ct
1613 3204 1973 3274 pestilentias,
2026 3214 2105 3257 at-
2150 3194 2153 3197 ’

508 3316 616 3371 que
642 3300 767 3366 alia,
799 3315 919 3370 qua;
950 3300 1148 3355 electos
1193 3315 1300 3353 non
1331 3300 1406 3352 ita
1433 3305 1679 3367 prement
1710 3305 1769 3352 ut
1790 3295 1953 3363 alios;
1999 3295 2110 3350 imo

510 3403 732 3462 pr0ptor
774 3392 978 3446 electos
1023 3391 1144 3445 aliis
1176 3391 1651 3455 decurtabuntur;
1688 3388 1932 3443 fortassis
1980 3389 2110 3443 item

512 3484 650 3540 maia
682 3499 799 3554 quae
823 3484 1199 3553 peccatoribus
1224 3472 1481 3552 perpetuo
1512 3490 1905 3550 superventura
1936 3490 2066 3535 sunt
2092 3496 2107 3531 :

515 3584 637 3641 quae
668 3572 825 3625 aliter
852 3587 957 3625 non
980 3586 1268 3641 possumus
1282 3572 1539 3641 etingere,
1564 3586 1724 3641 quam
1746 3570 2024 3641 vigilantia
2056 3578 2111 3625 et

512 3664 779 3719 oratione.
816 3665 1083 3731 Quoniam
1114 3674 1295 3719 autem
1325 3680 1429 3719 non
1459 3663 1862 3733 suﬁicitfugere
1881 3664 2106 3727 malum,

520 3758 615 3811 sed
655 3771 792 3825 opus
821 3768 904 3811 est
936 3757 1098 3811 etiam
1127 3757 1272 3812 bono
1306 3758 1600 3826 quopiam:
1631 3768 1916 3827 postquam
1952 3754 2107 3821 dixit,

519 3866 542 3902 ι
574 3845 641 3904 Ut
668 3849 888 3916 possitis
922 3848 1159 3919 effugere
1188 3849 1369 3904 omnia
1402 3852 1515 3907 haec
1535 3858 1785 3912 ventura,
1814 3866 1832 3900 ι
1869 3848 2069 3901 addidit
2095 3863 2110 3900 :

522 3959 544 3994 ι
578 3940 639 3994 Ει
662 3950 807 3995 stare
836 3956 1018 3995 coram
1039 3941 1177 3997 Filio
1197 3942 1452 4007 hominis,
1482 3959 1500 3994 ι
1522 3942 1666 4011 quod
1705 3951 1789 3997 est
1820 3940 2004 3996 fruitio
2025 3942 2116 3995 bo-

517 4049 737 4089 norum.
762 4033 987 4104 Oportet
1008 4034 1169 4103 igitur
1188 4033 1562 4089 Christianum
1596 4050 1701 4088 non
1725 4036 1898 4088 solum
1932 4033 2116 4101 fugere

525 4143 740 4195 aspera,
774 4128 868 4183 sed
896 4138 1166 4183 etcurare
1210 4136 1269 4181 ut
1302 4127 1533 4196 gloriam
1568 4128 1817 4197 accipiat.
1859 4128 2112 4198 Angelica

520 4218 665 4268 enim
727 4218 957 4284 dignitas
991 4226 1075 4270 est
1099 4226 1244 4271 stare
1272 4215 1438 4289 464
1477 4232 1661 4272 coram
1707 4217 1841 4273 Filio
1881 4219 2116 4273 hominis

2210 3194 2371 3265 τρίδα
2404 3196 2691 3266 κρείττονα
2732 3196 3024 3261 ποθοῦντες
3052 3215 3066 3229 '
3098 3201 3212 3262 τοῖς
3239 3200 3504 3263 τοιούτοις
3528 3203 3634 3257 οὐκ
3663 3203 3819 3259 εστιν

2212 3290 2246 3359 ἡ
2276 3290 2457 3358 ἡμέρα
2491 3290 2672 3358 ἐκείνη
2712 3289 2788 3353 ὡς
2816 3290 2982 3357 παγὶς
3014 3294 3106 3344 καὶ
3143 3294 3409 3359 κίνδυνος,
3443 3294 3562 3348 ἀλλ’
3588 3296 3667 3359 ὡς
3694 3299 3819 3369 ἐορ-

2216 3382 2314 3451 τῆς
2348 3381 2527 3452 ἡμέρα
2547 3398 2560 3411 '
2589 3382 2670 3434 διὸ
2692 3382 2795 3453 χρὴ
2820 3384 3138 3453 ἀγρυπνεῖν,
3162 3387 3253 3439 καὶ
3277 3386 3494 3440 δέεσθαι
3522 3388 3617 3443 τοῦ
3648 3390 3821 3458 Θεοῦ,

2217 3475 2303 3528 ἵνα
2331 3475 2650 3559 δυνηθῶμεν
2694 3478 2955 3545 ἐκφυγεῖν
3001 3478 3177 3532 πάντα
3223 3479 3291 3533 τά
3349 3480 3618 3550 μέλλοντα
3665 3486 3822 3552 γίνε-

2215 3565 2361 3619 σθαι.
2414 3567 2587 3633 Ποῖα;
2624 3566 2775 3637 Τάχα
2828 3569 2927 3637 μὲν
2976 3568 3070 3621 καὶ
3110 3572 3237 3633 τοὺς
3287 3570 3499 3641 λιμοὺς,
3556 3578 3820 3643 καὶτοὺς

2213 3659 2457 3730 λοιμοὺς,
2512 3660 2607 3713 καὶ
2649 3662 2717 3714 τὰ
2766 3662 2900 3715 ἄλλα
2934 3661 2971 3715 ἀ
3008 3665 3119 3725 τοῖς
3164 3664 3442 3730 ἐκλεκτοῖς
3488 3668 3591 3739 οὐχ
3641 3670 3823 3737 οὕτως

2218 3752 2583 3814 ἐπικείσεται,
2613 3751 2804 3822 ὥσπερ
2836 3755 2929 3807 καὶ
2954 3757 3064 3815 τοῖς
3094 3756 3276 3819 ἄλλοις
3302 3775 3315 3787 ·
3355 3758 3560 3827 μᾶλλον
3590 3764 3698 3831 μὲν
3727 3764 3823 3817 οὖν

2219 3845 2307 3898 διὰ
2344 3846 2469 3908 τοὺς
2502 3846 2812 3909 ἐκλεκτοὺς,
2841 3848 2935 3899 καὶ
2962 3849 3074 3910 τοῖς
3106 3847 3289 3913 ἀλλοις
3317 3850 3820 3925 κολοϐωθήσονται,

2217 3938 2357 4006 τάχα
2390 3938 2446 3991 δὲ
2476 3938 2571 3990 καὶ
2606 3936 2674 3990 τὰ
2724 3938 2989 4006 μέλλοντα
3032 3942 3146 4003 τοῖς
3184 3943 3530 4014 ἁμαρτωλοῖς
3578 3951 3824 4013 αἰωνίως

2221 4031 2621 4101 συμϐήσεσθαι.
2656 4032 2873 4086 Ἐκεῖνα
2897 4036 3005 4104 γὰρ
3036 4034 3211 4100 ἄλλως
3245 4038 3304 4089 οὐ
3337 4037 3823 4116 δυνάμεθαλέχςτ-

2217 4128 2356 4194 γεῖν,
2392 4126 2439 4177 ει
2484 4125 2558 4195 μὴ
2600 4123 2666 4176 δι’
2711 4126 3019 4193 ἀγρυπνίας
3054 4129 3150 4181 καὶ
3186 4133 3515 4202 προσευχῆς.
3564 4136 3726 4190 Ἐπεὶ
3768 4141 3823 4193 δὲ

2217 4220 2317 4273 οὐκ
2347 4222 2510 4290 ἀρκεῖ
2537 4220 2722 4289 τοῖσγε
2754 4221 3151 4291 μεγαλοψύχοις
3181 4224 3242 4276 τὸ
3276 4230 3467 4293 φυγεῖν
3498 4230 3601 4299 τὴν
3635 4234 3827 4287 κάκω.

518 4318 577 4366 et
610 4310 717 4364 Deo
750 4320 957 4365 nostro.
1008 4328 1028 4361 ι
1061 4310 1249 4379 Angeli
1281 4312 1422 4380 ejus,
1466 4312 1662 4381 inquit,
1706 4326 1919 4381 semper
1937 4310 2091 4365 viden

2220 4328 2326 4373 σιν,
2363 4310 2499 4363 ἀλλά
2546 4311 2629 4363 δεῖ
2673 4310 2873 4373 αὐτοὺς
2912 4313 3006 4364 καὶ
3064 4314 3272 4382 ἀγαθοῦ
3317 4334 3462 4382 τινος
3507 4324 3822 4394 ἐπιτυχεῖν,

519 4398 717 4457 faciem
757 4400 938 4457 Patris
966 4404 1093 4457 mei.
1134 4420 1153 4453 ι

2222 4401 2360 4470 μετά
2396 4400 2456 4454 τὸ
2487 4402 2691 4469 είπεῖν,
2730 4421 2749 4453 ι
2783 4404 2899 4456 Ἵνα
2944 4404 3213 4475 δυνηθῆτε
3248 4409 3510 4480 ἐκφυγεῖν
3540 4417 3728 4469 πάντα
3760 4418 3826 4472 τὰ

524 4496 790 4565 μέλλοντα
843 4496 1122 4563 γίνεσθαι,
1155 4513 1174 4547 t
1232 4494 1543 4565 προσέθηκε
1570 4510 1583 4525 ⁸
1634 4514 1653 4547 ι
1688 4495 1797 4549 Καὶ
1844 4495 2107 4565 σταθῆναι
2138 4496 2372 4549 ἐνώπιον
2399 4496 2493 4548 τοῦ
2561 4496 2693 4549 Υἱοῦ
2716 4496 2813 4549 τοῦ
2875 4496 3167 4570 ἀνθρώπου
3190 4516 3235 4553 ⁸)
3262 4503 3399 4573 ὅπερ
3423 4508 3573 4560 ἐστὶν
3588 4510 3825 4579 »ἀγαθῶν

520 4593 845 4650 ἀπόλαυσιν.
877 4594 969 4645 Δεῖ
1000 4595 1106 4664 γὰρ
1133 4593 1194 4645 οὐ
1223 4594 1383 4663 μόνον
1416 4592 1641 4661 φεύγειν
1670 4593 1739 4647 τά
1776 4593 1946 4659 δεινά,
1980 4595 2115 4648 ἀλλὰ
2156 4596 2251 4646 καὶ
2317 4594 2476 4660 δόξαν
2540 4594 2794 4649 σπεύδειν
2830 4595 3130 4662 λαμϐάνειν
3173 4598 3264 4651 τὸν
3300 4601 3655 4671 Χριστιανόν.
3703 4610 3827 4680 ‘Ay.

522 4688 715 4756 γελικὴ
750 4687 807 4739 δὲ
835 4685 960 4750 ἀξία
989 4686 1050 4738 τὸ
1091 4686 1343 4739 ἵστασθαι
1374 4687 1688 4757 ἔμπροσθεν
1719 4689 1811 4741 τοῦ
1845 4688 1977 4741 Υίοῦ
2008 4689 2102 4742 τοῦ
2139 4688 2428 4760 ἀνθρώπου
2462 4691 2557 4744 καὶ
2634 4691 2772 4745 Θεοῦ
2814 4693 2997 4763 ἡμῶν.
3067 4715 3085 4748 ι
3121 4698 3184 4750 Ol
3216 4698 3326 4768 γὰρ
3367 4700 3593 4769 ἄγγελοι
3628 4706 3826 4768 αὐτοῦ,

525 4780 682 4849 φησι,
719 4778 811 4832 διά
862 4778 1062 4841 παντὸς
1113 4778 1373 4849 βλέπουσι
1417 4780 1478 4831 τὸ
1532 4780 1823 4850 πρόσωπον
1861 4782 1956 4835 τοῦ
2006 4783 2217 4853 Πατρός
2246 4802 2370 4853 μου.
2404 4803 2423 4837 ι

608 4873 768 4927 Vens.
799 4872 967 4937 37,58
1005 4890 1024 4923 ι
1059 4872 1298 4927 Docebat
1324 4881 1505 4925 autem
1532 4873 1767 4927 interdiu
1790 4875 1843 4927 in
1870 4876 2071 4943 templo

2300 4897 2317 4929 ι
2349 4874 2459 4931 Ἦν
2488 4877 2543 4929 δέ
2574 4878 2673 4941 τὰς
2704 4879 2917 4951 ἡμέρας
2946 4880 3215 4937 διδάσκων
3244 4888 3300 4940 ἐν
3330 4886 3409 4957 τῷ
3450 4890 3603 4960 ἱερῷ,
3636 4895 3739 4959 τάς
3772 4897 3826 4949 δὲ

536 4978 698 5019 noctu
732 4980 860 5021 vero
883 4968 1071 5021 exiens
1086 4964 1473 5020 'tliversabatur
1496 4965 1548 5019 in
1574 4976 1755 5021 monte
1777 4970 1867 5037 qui
1890 4979 2097 5023 vocatu:

2224 4968 2427 5030 νύκτας
2467 4968 2824 5039 ἐξερχόμενος
2864 4971 3115 5041 ηὐλίζετο
3164 4977 3242 5038 είς
3271 4978 3331 5030 τὸ
3370 4981 3495 5050 ὅρος
3524 4984 3583 5035 τὸ
3633 4990 3830 5043 καὶού-

530 5057 841 5124 Olivarum;
874 5068 929 5111 et
956 5058 1132 5111 omnis
1162 5058 1389 5128 pupulus
1432 5058 1668 5115 diluculo
1710 5062 2011 5115 ventitabat
2041 5064 2097 5117 ad

2231 5076 2391 5127 μενον
2432 5060 2659 5113 Ἐλαιῶν
2684 5077 2698 5091 ο
2734 5064 2825 5115 καὶ
2860 5066 2970 5127 πᾶς
3008 5067 3034 5117 ό
3061 5066 3187 5131 λαὸς
3217 5067 3452 5140 ὤρθριξε
3484 5074 3628 5143 πρὸς
3664 5079 3829 5131 αὑτὸν

532 5164 679 5210 eum,
737 5158 794 5203 ut
852 5149 906 5203 in
969 5150 1167 5219 templo
1226 5152 1635 5209 audireteum.
1677 5171 1695 5203 μ
1764 5150 2091 5208 Occultarun

2230 5151 2287 5202 ἐν
2334 5150 2411 5221 τῷ
2464 5152 2593 5223 ἱερῷ
2647 5156 2867 5209 ἀκούειν
2915 5159 3102 5213 αὑτοῦ.
3148 5178 3167 5211 ι
3218 5161 3573 5235 Ἀπέκρυψαν
3630 5172 3731 5240 μὲν
3779 5176 3828 5227 oi

541 5240 893 5308 Evangelista:
916 5242 1075 5295 multa
1096 5258 1215 5312 qua:
1239 5242 1443 5309 docuit,
1462 5254 1517 5297 et
1536 5246 1768 5297 maxime
1790 5254 1900 5299 tres
1929 5243 2094 5299 :Joau

2231 5241 2617 5310 εύαγγελισταὶ
2660 5246 2727 5299 τά
2764 5248 2935 5301 πλείω
2968 5244 3040 5303 ὧν
3067 5251 3335 5317 ἐδίδασκε,
3372 5258 3467 5309 καὶ
3502 5261 3748 5328 μάλιστα
3783 5266 3829 5317 οἱ

542 5346 635 5383 nes
672 5340 849 5384 autem
876 5341 928 5384 et
958 5332 1071 5400 ipse
1102 5334 1269 5386 multa
1304 5333 1521 5387 silentio
1552 5335 1837 5403 prmteriit,
1904 5349 2087 5388 verum

2226 5336 2405 5399 τρεῖς*
2438 5338 2465 5387 ὁ
2514 5336 2571 5388 δέ
2624 5354 2688 5404 γε
2744 5338 2999 5411 Ἰωάννης
3045 5345 3139 5395 καὶ
3192 5348 3355 5411 αὐτὸς
3406 5350 3507 5419 μὲν
3547 5356 3613 5405 τὰ
3656 5356 3831 5409 πλείω

539 5432 722 5475 tamen
749 5423 1094 5477 subiimiores
1118 5440 1280 5492 quam
1308 5434 1417 5479 tres
1438 5426 1528 5479 alii
1555 5428 1829 5481 doctrinas
1862 5428 2097 5496 quasdau

2228 5432 2645 5500 παρεσιώπησε,
2684 5432 2824 5503 πλὴν
2863 5435 3002 5505 ὑπὲρ
3043 5438 3171 5501 τοὺς
3208 5443 3359 5511 τρεῖς
3407 5443 3628 5507 ἐξέθετο
3674 5467 3827 5511 τινας

539 5516 810 5581 exposuit.
846 5515 1011 5580 igitur
1038 5518 1119 5570 his
1150 5520 1239 5585 qui
1273 5521 1743 5589 congregabantur
1803 5524 1856 5574 in
1902 5520 2097 5589 templo

2226 5520 2576 5585 διδασκαλίας
2601 5523 2958 5596 ὑψηλοτέρας.
2979 5530 3101 5590 Τοῖς
3131 5536 3520 5603 συναγομένοις
3549 5537 3639 5591 οὖν
3667 5544 3721 5591 ἐν
3753 5541 3830 5603 τῷ

540 5606 707 5659 multa
736 5616 789 5659 et
842 5608 1097 5661 sublimia
1130 5610 1452 5679 disserebat,
1506 5620 1563 5667 ut
1621 5614 1933 5684 conjectare
1980 5614 2097 5669 licet

2231 5614 2360 5685 ἱερῷ
2392 5617 2561 5671 πολλὰ
2611 5621 2701 5671 καὶ
2754 5621 2933 5691 ὑψηλὰ
2980 5624 3270 5691 διελέγετο,
3323 5627 3395 5691 ὡς
3442 5630 3560 5683 ἐστι
3594 5634 3825 5701 τεκμαί-

629 5782 855 5836 “Micit.
898 5799 955 5849 ιι,
995 5784 1077 5838 10.
