4000 6406
211 316 351 383 1061

859 312 1316 379 ENARRLTO
1358 314 1439 374 ΙΝ
1474 314 1977 379 EVANGELIUM
2018 316 2236 378 LL'C;E
2290 339 2363 350 -·
2404 315 2563 380 CAP.
2608 315 2808 379 XXII.

3400 318 3542 387 10ΐὲ

205 437 423 507 pacem.
464 436 585 489 Ὀτι
625 435 734 505 γὰρ
771 415 927 503 ὸλῖγα
982 430 1137 488 εἶπον
1195 434 1244 487 oi
1293 434 1686 502 εὐαγγελισταὶ
1726 436 1793 508 (ot‘

1916 438 2051 491 Nam
2081 452 2249 507 pauca
2279 436 2536 491 dixerunt
2587 437 2966 507 evangelista,
3027 454 3203 509 neque
3241 446 3536 499 ostendere

199 529 314 599 γὰρ
353 527 758 583 ἐπιδείκνυσθαι
806 527 1043 599 ἤθελον),
1098 526 1256 598 δῆλον
1298 526 1399 597 μὲν
1450 532 1543 581 καὶ
1579 527 1807 583 ἄλλοθεν

198 621 557 692 πολλαχόθεν,
618 620 714 690 ούχ
756 620 959 689 ἥκιστα
1002 619 1058 672 δὲ
1106 620 1200 673 καὶ
1237 619 1623 690 τεκμήρασθαι
1660 619 1807 675 ἔστιν

196 715 308 768 ἀπὸ
332 714 452 779 τοῦ,
485 715 635 783 τρεῖς
658 714 942 777 ἐνιαυτοὺς
966 713 1153 783 σχεδὸν
1182 714 1543 784 κηρύττοντος
1569 713 1661 767 τοῦ
1691 716 1806 769 Κυ-

200 806 344 879 ρίου,
396 806 586 875 ὀλίγας
626 806 978 871 διδασκαλίας
1009 805 1181 861 αὑτοῦ
1225 806 1689 877 ἀναγράψασθαι·
1738 807 1806 870 ἃς

196 901 321 953 οὐδὲ
368 900 499 969 μιᾶς
531 900 749 970 ἡμέρας
778 897 1015 966 διάλεξιν
1048 897 1221 952 εἰπών
1252 916 1337 962 τις
1374 898 1589 970 ἱκανὴν,
1623 894 1802 969 οἶμαι,

196 992 260 1044 ού
293 991 702 1061 μεμφθήσεται.
737 992 834 1045 Ἐκ
866 991 1075 1045 πολλῶν
1105 986 1201 1045 οὖν
1227 992 1387 1060 ὀλίγα
1419 990 1805 1062 ἀνεγράψαντο

194 1084 330 1152 ἡμῖν
369 1084 418 1135 οἱ
450 1082 597 1150 ἅγιοι
622 1082 1034 1151 εύαγγελισταὶ,
1065 1084 1189 1136 ὅσον
1224 1083 1389 1154 μόνον
1418 1082 1601 1155 γεῦμα
1633 1100 1805 1155 παρε-

194 1177 421 1246 χόμενοι
467 1178 567 1247 τῆς
608 1176 970 1247 γλυκύτητος.
1008 1176 1295 1244 Διελέγετο
1344 1174 1444 1248 [δὲ]
1491 1176 1552 1230 οὐ
1591 1194 1804 1245 μονοει-

191 1265 320 1329 δῶς,
353 1268 469 1319 ἀλλ’
520 1269 738 1338 ἑκάστῳ
796 1267 857 1320 τὸ
912 1267 1223 1337 πρόσφορον
1268 1268 1360 1318 ἐπι
1406 1266 1537 1329 θείς.
1577 1268 1669 1319 Δ.ὸ
1707 1268 1800 1320 καὶ

192 1358 223 1409 ὁ
252 1359 405 1428 ὄχλος
442 1356 682 1430 ὤροριςε
729 1358 865 1429 πρὸς
901 1360 1067 1413 αὐτόν
1094 1376 1107 1388 ·
1142 1359 1306 1430 χάρις
1349 1358 1458 1429 γὰρ
1510 1359 1804 1428 ἐξεκέχυτο

192 1456 308 1513 τοῖς
355 1451 595 1519 χείλεσιν
637 1450 823 1506 αὑτοῦ.
872 1450 1090 1515 Νυκτὸς
1134 1450 1192 1504 δέ
1241 1452 1511 1522 ἀνεχώρει
1554 1452 1691 1521 πρὶς
1742 1452 1803 1503 τὸ

190 1541 341 1609 ὅρος,
391 1543 657 1597 δεικνύων
708 1546 864 1615 ἡμῖν,
903 1545 986 1599 ὃτι
1026 1544 1110 1597 δεῖ
1152 1543 1348 1607 νυκτὸς
1404 1544 1507 1613 μὲν
1558 1544 1648 1597 διὰ
1699 1546 1803 1614 τῆς

190 1632 429 1701 ἡσυχίας
454 1632 530 1703 τῷ
570 1631 692 1703 Θεῷ
722 1633 953 1702 ὁμιλεῖν,
992 1635 1207 1705 ἡμέρας
1242 1634 1298 1686 δὲ
1344 1634 1431 1687 διὰ
1463 1634 1557 1703 τῆς
1586 1650 1799 1701 συγκας

190 1726 475 1789 ταὸἀσεως
525 1726 649 1787 τοὺς
700 1726 1023 1793 ἀνθρώπους
1075 1726 1343 1796 ὠφελεῖν,
1393 1730 1487 1780 καὶ
1543 1729 1800 1795 συνάγειν

1920 530 2235 596 voluerunt,
2284 541 2340 584 et
2373 530 2724 585 manifestum
2749 531 2969 602 quidem
2993 542 3077 587 est
3104 532 3328 590 aliunde
3351 538 3539 591 inuitis

1916 638 1981 677 ex
2006 623 2160 687 locis,
2185 631 2241 677 et
2266 638 2333 677 ex
2364 624 2471 678 hoc
2502 639 2609 677 non
2673 638 2869 693 parum
2923 625 3177 681 divinare
3219 642 3535 695 possumus,

1919 730 2042 771 eum
2066 714 2330 770 Dominus
2357 713 2532 770 ferme
2557 730 2653 783 per
2673 716 2969 771 triennimu
2990 718 3331 788 praedicarit,
3392 723 3536 777 seri-

1926 808 2101 878 psisse
2127 807 2248 862 illos
2279 822 2487 877 paucas
2516 808 2819 873 doctrinas,
2856 824 2992 894 quas
3031 810 3170 863 intra
3197 812 3340 867 dit-m
3366 830 3533 869 unum

1914 901 1962 953 si
1992 890 2340 968 quisdixcrit
2365 901 2471 955 dici
2493 915 2676 970 posse,
2704 917 2809 955 non
2834 890 3329 973 reprehendendus
3347 907 3529 963 fuerit.

1912 992 1992 1046 Ex
2028 993 2214 1047 multis
2267 993 2433 1062 igitur
2484 1009 2654 1062 pauca
2727 997 2884 1051 nobis
2956 997 3299 1067 scripserunt
3348 1003 3530 1057 sancti

1911 1084 2288 1153 evangelism‘,
2311 1097 2529 1156 gustum
2550 1086 2840 1155 quemdam
2866 1089 3173 1144 dulcedinis
3195 1094 3527 1161 praebentes.

1917 1179 2235 1233 Disserebat
2270 1191 2454 1234 autent
2487 1196 2592 1235 non
2624 1183 2786 1236 unius
2813 1186 3055 1254 generis,
3089 1185 3184 1239 sed
3226 1187 3531 1257 unicuique

1914 1270 2170 1324 idoncmu
2199 1288 2510 1327 sermoocm
2543 1274 2839 1343 referebat,
2863 1276 2984 1352 ideo
3017 1288 3069 1330 et
3100 1279 3255 1331 turba
3283 1280 3528 1336 diluculo

1914 1365 2170 1417 veniebat
2200 1365 2269 1420 ad
2299 1380 2448 1423 eum.
2487 1365 2675 1423 Gratia
2730 1369 2877 1424 enim
2932 1370 3186 1425 cilluehat
3247 1387 3312 1427 ex
3369 1373 3532 1430 labiis

1912 1454 2049 1523 ejus.
2080 1453 2257 1511 Nocm
2286 1472 2416 1514 vero
2446 1460 2739 1515 secedebat
2766 1459 2835 1515 ad
2890 1473 3155 1530 montem,
3210 1477 3531 1523 monstrans

1913 1548 2073 1601 nobis
2102 1550 2246 1617 quod
2266 1560 2522 1618 oporteat
2556 1565 2719 1608 nocte
2745 1554 2966 1624 quidem
3000 1570 3097 1625 per
3125 1557 3367 1625 quietem
3404 1560 3524 1614 col-

1913 1640 2058 1708 loqui
2080 1656 2202 1695 eum
2223 1639 2358 1707 Deo,
2384 1644 2475 1699 die
2498 1656 2681 1700 autem
2710 1662 2917 1702 morem
2941 1664 3155 1720 gerere,
3180 1660 3233 1704 et
3260 1654 3525 1720 prodesse

1913 1729 2253 1801 hon-inibus,
2288 1746 2340 1791 et
2369 1751 2711 1807 congregare
2763 1741 2983 1810 quidem
3017 1752 3197 1805 nocte,
3230 1742 3318 1800 die
3341 1757 3524 1801 autem

195 1816 298 1883 μὲν
324 1818 536 1879 νυκτὸς,
576 1816 867 1870 διαδιδόναι
893 1817 950 1871 δὲ
982 1818 1051 1869 τὰ
1081 1818 1399 1887 συνηγμένα
1426 1818 1662 1887 ἡμέρας.
1692 1818 1793 1870 Αὑ-

1915 1824 2250 1880 disuibuere
2307 1840 2659 1899 congregata.
2714 1830 2835 1901 Ipse
2890 1844 3071 1888 autem
3128 1850 3233 1888 non
3287 1837 3527 1895 habebat

192 1910 284 1970 τὸ,
316 1910 415 1976 μὲν
446 1905 540 1963 οὖν
580 1910 679 1962 οὐκ
715 1911 889 1964 ἐδεῖτο
921 1913 1253 1982 προσευχῆς,
1295 1912 1327 1981 ἢ
1369 1913 1507 1983 πρὸς
1537 1912 1672 1965 Θεὸν
1704 1929 1799 1964 συ-

191 2002 483 2072 ναγωγῆςσ
513 2003 572 2055 οὐ
623 2002 736 2074 γὰρ
772 1998 920 2073 εἶχεν
950 2005 1032 2068 εὶς
1076 2005 1105 2058 ὃ
1144 2022 1199 2057 τι
1246 2006 1489 2076 συσταλῇ
1532 2005 1698 2068 αὐτὸς
1726 2004 1801 2059 ὢν

192 2092 348 2155 Θεός.
398 2093 557 2163 Ἡμῖν
604 2093 661 2146 δὲ
707 2094 881 2148 ταῦτα
932 2096 1070 2166 πρὸς
1122 2097 1478 2150 ὑποτύπωσιν
1526 2097 1799 2163 τέθεικεν,

195 2183 283 2236 ἵνα
322 2185 464 2238 κατά
498 2187 566 2239 τὰ
603 2185 816 2257 φρέατα
868 2187 1061 2251 νυκτὸς
1112 2188 1213 2258 μὲν
1264 2188 1550 2259 δεχώμεθα
1602 2190 1703 2259 τὴν
1735 2190 1802 2241 ἐκ

190 2274 304 2326 τῶν
345 2278 736 2345 πνευματικῶν
767 2277 986 2345 φλεσῶν
1018 2280 1117 2349 τῆς
1163 2283 1476 2352 προσευχῆς
1510 2283 1797 2353 σύρροιαν,

192 2364 409 2435 ἡμέρας
435 2366 491 2419 δὲ
519 2367 907 2440 ἐξαντλώμεθα
934 2369 1023 2425 διὰ
1050 2370 1161 2424 τῶν
1191 2372 1463 2443 ὠφελείας
1498 2374 1796 2444 δεομένων.

202 2458 351 2511 Ἰδὼν
380 2458 474 2513 οὖν
514 2460 580 2515 ἄν
614 2479 698 2526 τις
737 2462 859 2516 τότε
890 2464 982 2516 τὸν
1013 2465 1141 2518 λαὸν
1175 2464 1501 2537 όρθρίζοντα
1536 2469 1673 2539 πρὸς
1706 2467 1800 2521 τὸν

202 2549 435 2620 Ἰησοῦν,
468 2550 610 2605 ὥστε
642 2555 866 2609 ἀκούειν
910 2556 1103 2623 αὑτοῦ,
1152 2554 1307 2612 εἷπεν
1349 2559 1615 2630 ἁρμόζειν
1647 2562 1800 2635 αὐτῷ

188 2641 257 2694 τὰ
294 2642 386 2695 τοῦ
417 2643 583 2697 Δαυῒδ
615 2644 833 2713 λέγειν’
874 2667 893 2700 ι
936 2649 995 2704 '0
1036 2649 1191 2717 Θεὸς,
1245 2654 1272 2705 ὁ
1312 2652 1444 2716 Θεός
1488 2671 1614 2723 μου,
1657 2656 1799 2725 πρὸς

190 2735 250 2785 σὲ
278 2734 518 2806 ὀρθρὶζω
539 2755 552 2768 ο
579 2738 803 2811 ἐδίψησὲ
835 2757 894 2793 σε
924 2742 954 2812 ὴ
984 2740 1134 2813 ψυχή
1171 2760 1294 2805 μου.
1342 2764 1355 2796 ;

797 2855 1026 2909 ΚΕΦΑΛ
1071 2858 1202 2911 KB'.

187 2958 329 3027 Περὶ
352 2960 461 3039 τοῦ
486 2962 723 3039 “fiexa.
753 2966 903 3039 [legi
927 2964 1051 3039 τῶν
1086 2969 1670 3036 φιλονεικησάντων,
1705 2973 1798 3039 τίς

254 3028 494 3103 μείζων.
524 3028 666 3101 napi
706 3028 1217 3103 τῆρ’ὲξαιτήᾰεως
1244 3039 1352 3091 τοῦ
1384 3028 1797 3096 Eatur-ualle:-

253 3103 320 3169 ρὶ
351 3100 462 3181 τῆς
491 3100 869 3181 συδλῄψέως
898 3100 1008 3181 τοῦ
1034 3100 1316 3181 Χριστοῦ.
1336 3112 1476 3179 Περὶ
1504 3111 1613 3181 τῆς
1640 3112 1798 3167 ἀπα-

262 3171 462 3241 γωγῆς
497 3174 605 3228 τοῦ
643 3171 1027 3245 Ἰιίσοῦίπρός
1055 3171 1360 3248 ἀρχιερέα.

269 3307 288 3338 ι
330 3290 563 3358 Ἵιγγιζε
617 3291 673 3343 δὲ
714 3294 746 3362 ὴ
789 3294 955 3364 ἑορτὴ
989 3295 1097 3348 τῶν
1146 3295 1398 3367 Ἀζύμων
1436 3300 1468 3368 ἡ
1520 3297 1792 3373 λεγομένη

186 3382 402 3450 πάσχα·
428 3385 523 3436 καὶ
555 3384 786 3455 ἐζήτουν
815 3388 863 3439 οἱ
884 3389 1185 3459 ἀρχιερεῖς,
1212 3391 1305 3442 καὶ
1329 3393 1378 3443 οἱ
1408 3391 1791 3463 Γραμματεῖς,

184 3474 247 3525 τὸ
291 3476 409 3538 πῶς
465 3476 733 3531 ἀνέλωσιν
784 3480 947 3533 αὐτόν
972 3497 988 3511 ο
1033 3481 1333 3551 ἐφοϐοῦντο
1363 3485 1473 3553 γὰρ
1506 3486 1597 3539 τὸν
1634 3487 1788 3542 λαόν.

186 3566 424 3635 Εἰσῆλθε
451 3568 508 3620 δὲ
537 3569 565 3620 ὁ
594 3571 842 3635 Σατανᾶς
877 3574 958 3634 εἰς
1000 3574 1202 3627 Ἰούδαν
1226 3577 1318 3628 τὸν
1352 3577 1791 3649 ἐπικαλούμενον

198 3657 582 3731 Ἰσκαριώτην,
614 3664 746 3717 ὄντα
780 3666 846 3718 ἐκ
872 3664 967 3718 τοῦ
1000 3666 1237 3737 ἀριθμοῦ
1268 3671 1376 3721 τῶν
1408 3670 1637 3725 δώδεκα.
1678 3675 1791 3727 Καὶ

186 3750 439 3804 ἀπελθὼν
480 3754 812 3826 συνελάλησε
861 3758 973 3821 τοῖς
1023 3758 1379 3829 ἀρχιερεῦσι,
1420 3764 1513 3816 καὶ
1551 3781 1787 3835 στρατη-

186 3846 324 3912 γοῖς,
369 3843 429 3897 τὸ
482 3846 598 3909 πῶς
631 3848 796 3902 αὑτὸν
844 3850 1162 3915 παραδώσει
1202 3854 1408 3917 αὐτοῖς.
1444 3856 1556 3909 Καὶ
1586 3857 1789 3929 ἐχάρη-

186 3952 309 3997 σαν,
349 3937 445 3988 καὶ
479 3938 765 3991 συνέθεντο
810 3950 960 4011 αυτῳ
995 3943 1260 4012 ἀργύριον
1300 3945 1503 3998 δοῦναι.
1555 3948 1665 3999 Καὶ
1701 3951 1789 4015 ἑξ-

184 4024 531 4095 ωμολὸγησε,
584 4028 680 4081 καὶ
729 4028 910 4099 ἐζήτει
959 4031 1253 4100 εὐκαιρίαν
1303 4032 1398 4085 τοῦ
1441 4034 1786 4104 παραδοῦναι

184 4117 353 4171 αὑτὸν
413 4120 597 4182 αὐτοῖς
647 4122 780 4191 ἀτερ
839 4122 1019 4191 δχλου.
1057 4141 1077 4174 ι
1146 4124 1404 4195 Ἐζήτουν
1467 4128 1569 4197 μὲν
1622 4129 1787 4182 αὑτὸν

184 4210 399 4263 ἀνελεῖν
427 4214 477 4264 οι
510 4213 867 4283 Γραμματεῖς
889 4233 900 4245 ·
930 4217 1054 4269 ἐπεὶ
1091 4218 1149 4271 δὲ
1190 4220 1217 4270 ό
1251 4221 1446 4290 καιρὸς
1470 4220 1565 4273 τοῦ
1601 4223 1787 4292 πάσχα

185 4303 529 4373 ἐφειστήκει,
581 4306 673 4357 καὶ
722 4307 970 4363 κίνδυνον
1017 4307 1207 4380 ἐώρων
1257 4312 1321 4363 ἐκ
1373 4314 1563 4365 τούτου
1602 4315 1787 4378 αὐτοῖς

184 4394 294 4446 ἀπὸ
331 4395 425 4446 τοῦ
453 4394 582 4447 λαοῦ
619 4400 1014 4467 συναγομένου,
1047 4400 1285 4470 μάλιστα
1322 4401 1409 4454 διὰ
1442 4403 1541 4473 τὴν
1566 4404 1782 4475 ἑορτὴν,

1906 1930 2045 1982 opus
2076 1919 2344 1986 oratione,
2401 1921 2483 1974 vel
2541 1926 2961 1980 conversatione
3020 1942 3145 1980 cum
3210 1926 3343 1986 Deo.
3404 1929 3524 1986 Non

1906 2008 2053 2061 enim
2086 2018 2205 2064 erat
2234 2012 2302 2065 ad
2339 2027 2502 2081 quem
2534 2030 2594 2069 se
2624 2015 2881 2072 conferre
2935 2030 3170 2088 poterat,
3228 2038 3353 2077 cum
3406 2026 3524 2095 ipse

1905 2106 2056 2154 esset
2087 2098 2254 2158 Deus.
2276 2104 2447 2161 Nobis
2473 2118 2653 2163 autem
2684 2108 2800 2164 hmc
2824 2111 2895 2165 ad
2956 2113 3185 2182 ﬁgurant
3227 2118 3462 2184 prmtulit
3502 2134 3535 2179 ε,

1905 2200 1967 2245 ut
1997 2197 2137 2261 apud
2159 2193 2365 2253 ﬂuenta
2398 2210 2557 2254 nocte
2583 2201 2809 2270 quidem
2849 2203 3186 2275 accipiamus
3247 2210 3521 2266 orationis

1904 2281 2112 2339 ﬂuxum
2150 2302 2215 2341 ex
2245 2291 2627 2357 spiritualibus
2649 2293 2828 2357 venis,
2847 2295 2935 2350 die
2964 2307 3144 2351 autem
3173 2298 3522 2357 effundamus

1905 2379 2101 2431 hausta
2132 2379 2239 2434 his
2273 2381 2366 2451 qui
2399 2397 2538 2453 opus
2590 2384 2813 2440 habent.
2874 2386 2945 2441 At
3000 2388 3044 2443 si
3110 2388 3234 2456 quis
3293 2390 3521 2447 vidisset

1902 2470 2168 2537 populum
2205 2472 2279 2526 ita
2313 2489 2476 2528 mane
2507 2476 2575 2529 ad
2617 2478 2951 2533 audiendum
2982 2481 3375 2545 conﬂuentem,
3427 2487 3515 2540 di-

1901 2571 2054 2617 ceret
2085 2578 2392 2634 congruere
2413 2567 2463 2620 ei
2495 2567 2628 2621 illud
2652 2568 2880 2628 Doridis
2910 2589 2927 2628 :
2963 2588 2983 2625 ι
3010 2572 3153 2628 Deus
3173 2574 3319 2632 Deus
3339 2592 3515 2645 utens,

1903 2656 1972 2710 ad
2003 2665 2055 2712 te
2094 2658 2163 2713 de
2192 2658 2313 2715 luce
2336 2661 2521 2733 vigilo.
2548 2662 2733 2719 Sitivit
2762 2666 2817 2721 in
2850 2675 2900 2721 te
2918 2668 3104 2723 anima
3136 2684 3257 2725 mea
3281 2672 3347 2726 ".
3381 2691 3402 2725 ι

2476 2871 2711 2930 CAPUT
2747 2872 2914 2932 XXII.

1902 2984 1980 3040 De
2003 2986 2239 3070 fascini.
2316 2988 2393 3070 ρο
2454 2993 2927 3070 ri:canti_bas,_quis
2962 2995 3159 3070 major.
3190 2997 3269 3070 De
3298 3001 3516 3070 quem!!!

2002 3060 2249 3135 Satanan
2304 3060 2380 3135 De
2430 3060 2898 3135 comprehensione
2949 3060 3171 3123 Christi.
3236 3060 3515 3135 Quomodo

1973 3127 2217 3184 Christus
2264 3132 2334 3185 ad
2369 3127 2661 3201 principem
2685 3136 3024 3191 sacerdotum
3058 3127 3365 3196 ductuswu't.

1971 3311 2138 3369 Vsus.
2172 3312 2289 3369 1-6.
2324 3333 2343 3367 ι
2378 3313 2622 3370 Instabat
2650 3326 2831 3373 autem
2874 3321 2990 3377 dies
3030 3321 3208 3382 festus
3267 3326 3511 3401 Azytno-

1897 3422 2017 3462 rum
2058 3408 2150 3477 qui
2189 3407 2392 3462 dicitur
2443 3407 2668 3477 pascha,
2732 3421 2790 3465 et
2844 3416 3197 3482 quaerebant
3231 3422 3515 3493 principes

1892 3499 2245 3554 sacerdotum
2275 3508 2331 3552 et
2377 3497 2585 3554 Scriba:
2634 3504 2911 3569 quomodo
2942 3520 3067 3559 eum
3111 3507 3509 3569 intertlcerent.

1866 3590 2187 3647 .Timebant
2217 3591 2363 3645 enim
2394 3591 2632 3661 plebem.
2662 3594 2892 3651 intravit
2947 3611 3131 3653 autem
3184 3600 3418 3660 Satanas
3451 3607 3508 3661 in

1888 3680 2086 3736 ludam
2125 3686 2211 3737 cui
2264 3698 2568 3754 cognomen
2604 3698 2719 3742 erat
2766 3688 3081 3759 lscariotes,
3150 3698 3240 3764 qui
3301 3708 3419 3753 erat
3477 3716 3511 3757 e

1893 3788 2119 3828 Iltltttel‘O
2137 3775 2446 3839 duodecim,
2469 3776 2735 3848 abiitque,
2762 3792 2818 3834 et
2840 3781 3056 3856 locutus
3088 3793 3172 3837 est
3200 3802 3323 3840 cum
3355 3789 3511 3856 princ

1890 3864 2103 3930 ritibus
2120 3866 2491 3925 sacerdotum.
2512 3884 2575 3922 ac
2598 3871 3322 3942 ducibus,quemadmodum
3350 3879 3502 3934 illum

1893 3956 2132 4010 traderet
2163 3958 2267 4012 eis.
2298 3957 2362 4012 Et
2406 3960 2574 4027 gavisi
2619 3970 2767 4026 sunt,
2812 3978 2876 4018 ac
2901 3967 3046 4034 pacti
3067 3972 3505 4038 suntpecuniam

1892 4049 1969 4103 illi
2004 4066 2064 4105 se
2095 4056 2340 4107 daturos.
2374 4052 2439 4106 Et
2477 4055 2567 4110 ille
2600 4059 2897 4127 spopondit
2932 4077 2945 4114 :
2980 4062 3374 4135 qnam-batth
3402 4084 3506 4140 op-

1892 4144 2281 4210 portunitatem
2304 4156 2360 4200 ut
2385 4147 2621 4203 traderet
2642 4150 2788 4203 illum
2814 4151 2922 4207 illis
2937 4152 3104 4226 465
3127 4157 3242 4212 sine
3262 4162 3440 4216 turba.
3477 4181 3498 4218 ι

1890 4235 2224 4300 Quaerebam
2274 4240 2495 4308 quidem
2553 4240 2701 4295 illum
2769 4244 3090 4303 interimere
3154 4248 3363 4306 Scriine
3399 4270 3414 4308 :
3447 4263 3505 4311 at

1889 4328 2016 4395 quia
2064 4338 2279 4398 tempus
2323 4332 2540 4399 pasciue
2568 4334 2831 4403 instabat,
2874 4348 2927 4391 et
2958 4339 3215 4395 videbunt
3240 4344 3343 4397 sibi
3378 4345 3504 4400 inde

1891 4417 2195 4485 periculum
2251 4420 2543 4475 imminere
2590 4440 2616 4475 ιι
2662 4431 2819 4479 turba
2880 4442 3002 4496 qme
3064 4435 3504 4502 congt'egabulur

183 4487 413 4555 ἐζήτουν
468 4488 655 4541 λοιπὸν
710 4491 956 4558 μέθοδον,
1007 4494 1123 4554 πῶς
1175 4494 1460 4559 ἀνελόντες
1514 4497 1678 4550 αὑτὸν
1723 4500 1785 4552 οὐ

1903 4510 2133 4562 maxime
2170 4520 2394 4580 propter
2429 4513 2571 4566 diem
2606 4512 2829 4582 festum,
2871 4487 3202 4587 qumrehani’
3250 4526 3501 4593 insidias,

183 4582 646 4636 κινδυνεύσουσιν.
708 4585 942 4655 Ιζιπῆλθε
990 4587 1046 4641 δὲ
1089 4589 1117 4640 ό
1162 4588 1405 4651 Σατανᾶς
1454 4591 1534 4652 εις
1578 4591 1781 4647 Ἰούδαν

1888 4603 2165 4668 qumnodo
2198 4602 2492 4659 interfecto
2520 4604 2612 4659 illo
2635 4621 2743 4661 non
2780 4610 3245 4678 periclitarentur.
3268 4617 3503 4675 Intravit

180 4673 317 4726 ὄντα
366 4678 429 4729 ἐκ
467 4676 561 4730 τοῦ
607 4678 845 4749 ἀριθμοῦ
897 4679 1004 4733 τῶν
1057 4679 1287 4745 δώδεκα,
1343 4684 1632 4736 τουτέστι·
1687 4686 1784 4739 καὶ

1903 4705 2064 4747 mtem
2091 4693 2323 4749 Satanas
2356 4696 2406 4748 in
2432 4694 2631 4751 Judam
2694 4701 2789 4769 qui
2829 4713 2951 4755 erat
3009 4719 3150 4759 unus
3180 4689 3235 4760 ei
3265 4724 3499 4765 numero

180 4769 358 4822 ταῦτα
394 4773 458 4823 ἐκ
485 4772 596 4824 τῶν
642 4774 859 4826 οἰκείων
897 4774 1027 4828 ὄντα
1075 4779 1170 4828 καὶ
1203 4778 1444 4847 γνησίων
1481 4777 1741 4849 μαθητῶν
1764 4797 1777 4811 ’

183 4861 271 4913 ἵνα
308 4863 499 4932 μηδεὶς
532 4863 711 4935 θαρίῇ
748 4866 834 4935 ἐφ’
861 4868 1061 4938 ἐαυτῷ,
1093 4870 1232 4922 ἀλλά
1276 4873 1508 4925 πάντοτε
1539 4873 1784 4947 προσέχῃ

179 4964 248 5029 τῇ
280 4961 456 5035 οἰκείᾳ
485 4963 621 5034 ζωῇ,
670 4963 745 5025 ὠς
779 4964 952 5016 δεινὸν
992 4964 1290 5017 ἀντίπαλον
1331 4967 1494 5036 ἔχων.
1530 4968 1687 5031 Τινὲς
1723 4970 1783 5021 δέ

176 5055 261 5113 τὸ,
308 5072 326 5105 ι
376 5056 546 5108 Ὄντα
597 5056 660 5108 ἐκ
706 5055 801 5108 τοῦ
846 5056 1086 5127 ἀριθμοῦ
1129 5058 1240 5110 τῶν
1277 5059 1507 5123 δώδεκα,
1538 5078 1555 5111 ι
1609 5060 1783 5124 οὕτως

176 5149 434 5216 ἐνόησαν,
456 5149 579 5203 ἀντὶ
602 5149 717 5216 τοῦ,
750 5150 1007 5219 Ἀριθμὸν
1035 5150 1194 5220 μόνον
1212 5136 1523 5222 πληροῦνται
1551 5154 1784 5206 ἀποστο-

175 5243 353 5307 λικὸν,
399 5245 499 5295 οὐκ
543 5244 843 5297 ἀπόστολον
880 5243 1010 5297 ὄντα
1044 5245 1300 5315 ἀληθινὸν
1332 5248 1443 5299 καὶ
1470 5246 1740 5318 μαθητήν
1767 5265 1780 5278 ·

175 5336 297 5397 πῶς
332 5335 443 5405 γὰρ
475 5336 682 5408 ἀληθὴς
712 5337 961 5407 μαθητὴς
996 5339 1023 5389 ὁ
1057 5339 1305 5391 κλέπτων
1322 5340 1388 5393 τὰ
1423 5341 1479 5392 ἐν
1502 5340 1577 5410 τῷ
1599 5343 1777 5408 γλωσ-

176 5428 404 5496 σοκὸμῳ
466 5427 804 5498 βαλλόμενα;
831 5428 1019 5493 Οὕτως
1051 5427 1144 5484 οὖν
1167 5432 1480 5485 εἰσελθόντα
1509 5434 1587 5494 εὶς
1614 5433 1777 5485 αὑτὸν

174 5524 270 5572 τὸν
302 5521 556 5573 Σατανᾶν
589 5522 828 5586 ἐδέξατο,
872 5525 966 5575 καὶ
1014 5524 1368 5593 συνεφώνησε
1401 5526 1513 5587 τοῖς
1550 5524 1777 5594 ζητοῦσι

172 5613 267 5666 τὸν
325 5612 534 5683 Ἰησοῦν
586 5616 925 5685 παραδοῦναι
956 5633 967 5647 ³
1012 5616 1169 5670 τοῦτο
1219 5616 1327 5688 γὰρ
1368 5618 1635 5687 ’σημαίνει
1680 5618 1773 5684 τὸ,

252 5800 293 5830 ⁸⁸
328 5799 397 5850 Ps
422 5797 474 5850 al.
504 5814 635 5861 Lxu,
674 5798 725 5862 l,
756 5798 809 5851 '2.

1886 4786 2203 4852 duodecim,
2230 4798 2460 4857 eratque
2490 4805 2555 4843 ex
2587 4794 2824 4848 maxime
2855 4795 3224 4855 familiaribus
3249 4802 3497 4874 discipu-

1885 4879 1957 4934 lis
1994 4896 2009 4933 :
2044 4891 2103 4934 ut
2133 4880 2313 4937 nullus
2340 4884 2581 4939 conﬁdat
2613 4886 2665 4939 in
2696 4887 2899 4957 seipso,
2928 4891 3027 4946 sed
3062 4907 3279 4964 semper
3311 4907 3494 4953 alleu-

1884 4972 1976 5026 dat
2006 4973 2131 5025 vita:
2160 4988 2295 5039 sum,
2338 4982 2527 5044 utpote
2568 4991 2791 5046 gravem
2827 4979 3038 5037 habens
3090 4985 3495 5045 adversarium.

1885 5061 2119 5128 Quidam
2154 5072 2336 5117 autem
2370 5064 2450 5118 sic
2474 5065 2863 5122 intellexerunt
2890 5088 2905 5125 :
2933 5069 3036 5137 Qui
3070 5082 3188 5127 erat
3214 5090 3495 5134 enumera

1885 5154 2197 5221 duodecim,
2240 5170 2532 5210 numerum
2563 5158 2739 5213 solum
2797 5161 3060 5232 implebat
3110 5169 3493 5236 apostolicum,

1886 5262 1993 5302 non
2029 5256 2089 5300 ut
2126 5249 2428 5316 apostolus,
2457 5265 2555 5305 nec
2576 5262 2634 5305 ut
2659 5267 2817 5307 verus
2845 5254 3170 5326 discipulus.
3206 5261 3495 5325 Quomodo

1887 5343 2032 5397 enim
2061 5358 2227 5397 verus
2262 5343 2592 5413 discipulus,
2630 5350 2721 5416 qui
2754 5348 2967 5404 furatur
3017 5369 3139 5423 qua:
3188 5354 3239 5408 in
3279 5370 3495 5408 marsu-

1889 5436 2037 5503 pium
2077 5436 2475 5489 mittebantur?
2501 5437 2775 5511 Sicigitur
2797 5444 3193 5513 ingredientem
3229 5446 3283 5500 iu
3314 5448 3491 5516 ipsum

1890 5529 2151 5581 Satanam
2194 5530 2455 5597 suscepit,
2490 5540 2545 5584 et
2579 5534 2914 5603 conspiravit
2950 5552 3075 5591 cum
3116 5539 3490 5607 quaerentibus

1895 5619 2076 5676 Iesum
2114 5620 2351 5677 tradere.
2378 5620 2489 5676 lloc
2520 5623 2664 5677 enim
2696 5625 2991 5696 signiﬁcat,
3028 5630 3350 5701 Spopoudit,
3387 5630 3492 5687 hoc
