4000 6406
531 368 664 434 1067

601 487 761 538 Vsus.
808 479 990 535 {4-20.
1029 499 1046 531 ι
1100 478 1163 534 Et
1202 493 1322 533 cum
1360 476 1471 545 jam
1509 484 1654 532 esset
1694 478 2107 545 tempestivum,
2147 487 2182 536 Α

522 573 798 636 accubuit,
823 585 884 626 ac
916 569 1198 623 duodecim
1218 566 1604 636 apostoli'cum
1645 580 1732 620 eo.
1764 565 1830 618 Et
1863 570 1938 620 ait
1966 565 2108 618 illis:

524 663 804 720 Desiderio
869 658 1168 714 desideravi
1241 658 1345 713 hoc
1390 659 1591 727 pasrha
1633 657 1923 712 comedere
1961 658 2111 712 vobi-

523 774 670 812 scum
705 764 993 824 antequam
1028 751 1221 823 patiar.
1266 749 1395 804 Dico
1429 750 1572 805 enim
1637 750 1817 814 vobis,
1880 750 2109 818 posthac

527 866 628 904 non
672 849 824 903 edam
861 847 999 900 ultra
1036 861 1100 900 ex
1149 860 1236 908 eo,
1265 845 1438 898 donec
1490 842 1829 911 compleatur
1862 843 1912 895 in
1943 856 2112 910 regno

529 943 640 996 Dei.
695 942 760 994 Et
789 950 1012 1009 accepto
1057 937 1249 1008 poculo
1275 941 1478 1008 gratias
1513 936 1644 1006 egit,
1672 949 1735 989 ac
1781 935 1916 987 dixit
1954 950 1969 988 :
2005 931 2111 989 Ac-

525 1035 687 1102 cipilc
724 1034 845 1098 hoc,
889 1042 943 1086 et
987 1030 1210 1085 dividite
1258 1030 1399 1084 inter
1440 1042 1554 1082 vos.
1592 1025 1722 1080 Dico
1751 1026 1894 1080 enim
1933 1025 2112 1088 vobis.

443 1137 445 1140 ‘
521 1127 664 1194 quod
698 1138 802 1177 non
838 1123 1021 1176 bibant
1054 1123 1119 1176 de
1171 1120 1349 1176 fructu
1376 1120 1524 1185 vitis,
1560 1120 1736 1175 donec
1760 1133 1983 1189 regnum
2016 1117 2111 1171 Dei

531 1216 733 1270 vrnial.
757 1215 824 1269 Et
869 1224 1094 1284 accepto
1144 1229 1302 1285 pane,
1366 1227 1487 1267 cum
1515 1211 1718 1278 gratias
1750 1211 1966 1281 egisset,
1999 1207 2116 1262 ire-

523 1310 619 1379 git,
663 1323 727 1362 ac
763 1309 912 1362 dedit
951 1309 1050 1371 eis,
1094 1308 1330 1362 dicens:
1381 1304 1494 1359 Hoc
1532 1313 1613 1357 est
1671 1305 1866 1370 corpus
1912 1317 2112 1365 meum,

523 1401 670 1467 quod
721 1415 818 1468 pro
841 1399 994 1453 Vobis
1040 1397 1222 1452 datur.
1263 1397 1376 1451 Hoc
1424 1396 1585 1450 facile
1625 1395 1678 1447 in
1732 1395 1832 1450 mei
1863 1395 2116 1449 recorda-

529 1493 752 1545 tionem.
806 1490 1070 1544 Similiter
1116 1499 1168 1544 et
1212 1491 1460 1560 poculum
1527 1500 1814 1560 postquam
1859 1487 2111 1552 cmnavit,

527 1586 707 1636 dicens
741 1601 754 1635 :
795 1581 902 1636 Hoc
932 1582 1182 1651 poculum
1214 1594 1410 1635 novum
1441 1581 1845 1636 Testamentum
1878 1580 1931 1633 in
1990 1594 2118 1635 san-

526 1674 689 1744 guine
748 1686 892 1737 tneo,
951 1672 1040 1740 qui
1109 1687 1205 1736 pro
1255 1673 1411 1726 vobis
1462 1670 1790 1726 eﬂundetur.
1846 1689 1863 1722 ι
1910 1669 2117 1725 Pascha

525 1775 736 1818 stantes
786 1763 1164 1830 ion'iedebant,
1214 1766 1486 1834 quomodo
1528 1765 1691 1834 igitur
1734 1764 1992 1818 Dominus
2036 1777 2122 1816 re-

1448 361 2033 427 THEOPHYLACT!
2071 360 2170 420 BU
2182 358 2489 420 LGAR‘L-E
2533 354 2892 416 ARCIIIEP.

3681 348 3814 414 i068

2293 491 2315 542 ς
2355 474 2460 526 Καὶ
2487 473 2577 524 ὅτε
2606 469 2825 538 ἐγένετο
2855 470 2888 539 ὴ
2923 466 3064 538 ὥρα,
3109 467 3345 520 ἀνέπεσε
3368 484 3380 498 “
3423 467 3524 520 καὶ
3547 466 3824 523 οίδώδεκα

2214 564 2504 620 ἀπόστολοι
2535 565 2631 616 σὺν
2657 560 2830 632 αὐτῷ.
2877 559 2988 613 Καὶ
3036 555 3159 612 εἷπε
3193 560 3329 631 πρὸς
3388 561 3624 625 αὐτούς·
3678 563 3827 616 Ἐπι-

2216 660 2385 730 θυμίᾳ
2418 657 2744 728 ἐπεθύμησα
2774 655 2936 709 τοῦτο
2968 655 3027 707 τὸ
3067 654 3256 726 πάσχα
3287 658 3493 724 φαγεῖν
3521 656 3644 725 μεθ’
3668 657 3823 729 ὑμῶν

2215 754 2323 823 πρὸ
2359 751 2453 804 τοῦ
2497 769 2568 822 με
2615 750 2828 804 παθεῖν.
2890 747 3051 814 Λέγω
3096 748 3208 820 γάρ
3239 749 3387 818 ὑμῖν,
3451 749 3543 802 ὅτι
3601 751 3702 803 οὐκ
3747 750 3824 804 ἔτι

2217 847 2276 898 οὐ
2315 847 2390 916 μὴ
2426 848 2586 913 φάγω
2653 843 2710 909 ἐξ
2773 840 2961 906 αὐτοῦ,
3017 841 3122 904 ἕως
3172 841 3298 893 ὅτου
3337 840 3612 912 πληρωθῇ
3653 845 3711 894 ἐν
3759 845 3824 914 τῇ

2218 935 2465 1007 βασιλείᾳ
2493 935 2587 988 τοῦ
2608 934 2765 989 Θεοῦ.
2797 935 2910 989 Καὶ
2944 933 3240 1003 δεξάμενος
3271 919 3564 1005 ποτήριον,
3604 936 3827 1005 εὐχειρία

2218 1031 2423 1102 στήσας
2447 1024 2572 1083 εἶπε
2595 1045 2609 1060 ·
2635 1027 2847 1082 Λάϐετε
2868 1025 3046 1094 τοῦτο,
3074 1026 3169 1078 καὶ
3197 1026 3564 1096 διαμερίσατε
3592 1029 3827 1092 ἑαυτοῖς.

2217 1123 2379 1190 Λέγω
2408 1120 2518 1192 γὰρ
2551 1122 2701 1190 ὑμῖν,
2741 1120 2824 1173 ὅτι
2855 1121 2915 1173 οὐ
2953 1120 3026 1190 μὴ
3063 1119 3172 1172 πίω
3201 1121 3311 1171 ἀπὸ
3344 1120 3441 1172 τοῦ
3478 1120 3830 1190 γεννήματος

2217 1212 2315 1280 τῆς
2343 1211 2613 1280 ἀμπέλου,
2639 1209 2744 1270 ἓως
2766 1209 2893 1260 ὅτου
2919 1209 2950 1278 ἡ
2977 1207 3223 1278 βασιλεία
3248 1206 3344 1258 τοῦ
3373 1206 3518 1259 Θεοῦ
3542 1206 3698 1276 ἔλθῃ.
3720 1208 3832 1261 Καὶ

2217 1299 2398 1355 λαϐὼν
2423 1299 3043 1372 ἀρτον,,εὑχαριστήσας
3075 1298 3298 1364 ἐκλασε,
3356 1299 3452 1351 καὶ
3490 1298 3701 1351 ἔδωκεν
3730 1301 3831 1351 αὺ-

2217 1397 2353 1458 τοῖς,
2380 1393 2554 1461 λέγων
2573 1408 2586 1421 ’
2621 1391 2791 1444 Τοῦτό
2819 1393 2935 1442 ἐστι
2967 1390 3026 1442 τὸ
3047 1389 3207 1460 σῶμά
3241 1407 3366 1460 μου,
3395 1390 3455 1443 τὸ
3490 1389 3642 1458 ὑπὲρ
3676 1389 3832 1460 ὑμῶν

2218 1487 2515 1556 διδόμενον,
2575 1482 2737 1537 τοῦτο
2793 1485 2997 1537 ποιεῖτε
3050 1483 3132 1546 είς
3156 1482 3255 1553 τὴν
3304 1483 3456 1554 ἐμὴν·
3478 1484 3834 1552 ἀνάμνησιν

2219 1578 2482 1642 ὡσαύτως
2518 1577 2615 1631 καὶ
2638 1576 2698 1630 τὸ
2737 1577 2996 1648 ποτήριον
3023 1575 3162 1645 μετὰ
3198 1574 3257 1628 τὸ
3285 1575 3610 1645 δειπνῆσαι.
3631 1576 3831 1643 λέγων·

2222 1672 2396 1726 Τοῦτο
2434 1673 2496 1724 τὸ
2527 1672 2792 1742 ποτήριον
2827 1672 2859 1740 ἡ
2900 1669 3077 1739 Καινὴ
3113 1668 3361 1740 Διαθήκη
3404 1672 3461 1722 ἐν
3509 1670 3592 1738 τῷ
3627 1669 3836 1740 αἵματί

2227 1780 2352 1834 μου,
2384 1763 2444 1815 τὸ
2477 1762 2619 1830 ὑπὲρ
2652 1761 2808 1829 ὑμῶν
2841 1761 3230 1829 ἐκχυνόμενον.
3262 1779 3280 1812 ι
3319 1762 3393 1814 Τὸ
3427 1762 3630 1830 Πάσχα
3683 1763 3838 1816 ἱστά-

527 1857 783 1911 cuuibct'c
831 1856 1072 1911 dicitur?
1130 1857 1323 1911 Dicunt
1387 1833 1569 1925 itaque
1639 1860 1779 1926 quod
1834 1865 2114 1927 postquam

2230 1874 2377 1926 μενοι
2411 1856 2620 1928 ἣσθιονο
2661 1855 2776 1918 πῶς
2804 1854 2897 1908 οὖν
2944 1855 2971 1904 ὁ
2995 1854 3202 1924 Κύριος
3235 1855 3538 1906 ἀναπεσεῖν
3571 1854 3834 1923 λέγεται,

528 1950 763 2002 comedit
826 1948 995 2016 legale
1039 1949 1259 2018 pascha,
1318 1949 1690 2004 recubuerunt
1721 1964 1871 2003 more
1910 1949 2114 2019 vulgari

527 2044 870 2097 eotuedeutes
920 2043 1056 2097 alios
1112 2043 1370 2112 quosdam
1413 2043 1584 2097 cibos.
1634 2044 1771 2098 Dicit
1810 2053 1990 2097 autem
2050 2045 2115 2097 ad

528 2136 819 2206 discipulos
857 2153 868 2189 :
915 2134 1195 2191 Desiderio
1246 2136 1546 2191 desideravi
1590 2137 1693 2191 hoc
1728 2135 1928 2207 pascha
1969 2152 2120 2190 man-

532 2233 737 2286 dzicare
760 2232 1061 2296 vobiscum,
1095 2233 1408 2300 priusquam
1447 2233 1654 2302 patiar;
1682 2233 1836 2302 quasi
1861 2233 2062 2305 diceret
2103 2251 2116 2286 :

533 2325 656 2380 Haec
707 2338 950 2380 extrema
1016 2339 1168 2381 cmna
1201 2340 1315 2380 mea
1369 2337 1452 2381 est
1492 2328 1793 2389 vobiscum,
1831 2326 2031 2381 idcirco
2069 2335 2122 2379 et

530 2427 682 2487 grata
713 2427 766 2473 et
793 2416 1165 2472 desiderabilis
1191 2433 1206 2484 ;
1240 2432 1362 2470 nam
1400 2419 1537 2470 ultra
1565 2417 1838 2472 vobiscum
1869 2433 1973 2471 non
2003 2432 2121 2470 sum

532 2511 964 2565 ionviratnrus:
1007 2513 1146 2564 sicut
1175 2522 1225 2565 et
1267 2525 1494 2580 peregre
1522 2509 1815 2578 profecturi
1851 2519 2121 2580 postrema

527 2600 796 2671 colloquia
850 2616 974 2655 cum
1029 2600 1265 2655 maxime
1316 2600 1675 2655 {aiiiiliaribus
1725 2603 1964 2654 suaviter
2020 2601 2121 2654 mi-

532 2705 704 2749 scent.
747 2691 836 2748 Vel
859 2692 1016 2747 aliter
1045 2709 1060 2746 :
1096 2690 1411 2747 Desiderari
1443 2691 1545 2746 hoc
1567 2693 1766 2760 pascha
1793 2694 2123 2747 manducare

535 2786 839 2850 vobiscum,
897 2800 961 2839 eo
1011 2785 1151 2854 quod
1188 2799 1378 2853 magna
1417 2785 1672 2854 mysteria
1721 2784 1776 2837 in
1825 2785 1927 2838 hac
1971 2785 2124 2839 vobis

537 2893 691 2931 cirna
725 2880 823 2932 sim
854 2877 1167 2940 traditurus,
1192 2874 1360 2947 468
1379 2890 1570 2944 nempe
1602 2891 1664 2929 ea
1695 2889 1816 2944 quae
1841 2885 1967 2929 sunt
1988 2874 2121 2929 Novi

536 2968 888 3022 Tcstamcnti.
949 2965 1233 3036 SigttiﬁCat
1278 2978 1456 3020 autem
1500 2981 1595 3033 per
1655 2965 1795 3031 haec,
1857 2967 1998 3034 quod
2033 2981 2124 3020 v0-

537 3059 771 3113 Inutarie
809 3060 1063 3128 patiatur.
1111 3057 1326 3113 Poterat
1365 3057 1506 3111 enim
1572 3059 1794 3112 omnino
1845 3057 2122 3124 secedere,

536 3151 677 3204 sicut
711 3162 764 3203 et
796 3152 913 3203 aliis
959 3149 1316 3219 temporibus,
1356 3164 1477 3203 cum
1521 3150 1688 3204 sciret
1733 3163 1791 3203 se
1813 3163 2119 3220 passurum.

535 3239 687 3307 Quod
722 3252 900 3296 autem
939 3243 1089 3304 dicit,
1114 3241 1232 3294 Non
1278 3240 1457 3294 bibam
1482 3240 1656 3306 illum,
1698 3241 1864 3294 donec
1895 3244 2116 3310 regnum

540 3332 632 3386 Dei
675 3335 888 3394 veniat,
933 3334 1150 3400 quidam
1207 3342 1521 3386 sanctorum
1565 3331 1978 3396 intellexerunt,
2017 3330 2121 3383 Do-

530 3439 641 3478 nec
671 3437 974 3494 resurgam.
1014 3422 1142 3477 Post
1182 3425 1632 3478 resurrectionem
1663 3422 1805 3478 enim
1837 3436 2124 3476 conversa-

516 3518 625 3582 tus
647 3527 731 3569 est
759 3531 880 3571 cum
911 3515 1213 3584 discipulis,
1235 3526 1289 3568 et
1314 3517 1571 3579 comedit,
1594 3523 1648 3569 et
1677 3513 1813 3568 bibit
1840 3527 1961 3566 cum
1995 3511 2075 3565 eis
2108 3529 2120 3562 :

538 3607 680 3663 sient
728 3618 784 3663 et
822 3606 1019 3661 Petrus
1059 3609 1124 3662 ad
1175 3606 1486 3680 Cornelium
1538 3606 1709 3659 dicit:
1749 3623 1768 3656 ι
1800 3603 1902 3670 Qui
1948 3617 2128 3658 come-

540 3700 719 3753 dimus
753 3710 807 3754 et
830 3699 1060 3754 bibimus
1093 3714 1214 3753 cum
1244 3715 1310 3754 eo
1342 3709 1454 3768 post
1488 3698 1941 3752 resurrectionem
1971 3695 2057 3748 ¹⁸’.
2099 3715 2116 3746 ι

539 3788 695 3855 Quod
753 3799 931 3843 autem
982 3802 1208 3858 regnum
1259 3788 1353 3842 Dei
1395 3790 1464 3844 sit
1504 3788 1852 3852 resurrectio,
1908 3785 2107 3841 manife

543 3893 685 3935 suun
729 3889 832 3934 est.
868 3877 1218 3935 Resurrcctio
1263 3881 1405 3933 enim
1438 3879 1706 3934 destruxit
1739 3890 2010 3935 mortem:
2044 3892 2131 3932 re-

543 3972 727 4042 gnavit
759 3980 936 4024 autem
971 3985 1117 4024 mors
1161 3971 1228 4023 ab
1289 3970 1460 4025 Adam
1503 3986 1676 4038 usque
1703 3969 1770 4023 ad
1815 3969 2129 4033 Christum;

547 4069 674 4116 tunc
714 4072 890 4114 autem
929 4061 1230 4126 destructa,
1267 4061 1541 4116 concessit
1576 4060 1808 4114 Domino
1846 4061 2130 4115 victoriam

545 4161 600 4207 et
634 4168 893 4223 regnum:
925 4154 1382 4222 quemadmodum
1426 4153 1629 4207 dictum
1664 4163 1788 4207 est:
1832 4170 1851 4204 ‹
1888 4150 1990 4207 Ubi
2025 4160 2131 4219 est,

551 4260 719 4312 mors,
755 4246 978 4300 victoria
1022 4253 1110 4300 tua
1151 4244 1232 4298 "‘i
1261 4255 1315 4299 et
1335 4244 1561 4316 ,David:
1601 4263 1620 4296 ‹
1653 4245 1908 4298 Dominus
1950 4260 2138 4315 regna-

553 4337 657 4402 rit;
703 4355 720 4387 ι
759 4335 958 4391 deinde
1037 4335 1404 4404 interpretans
1461 4335 1732 4404 quomodo
1784 4336 2133 4402 regnaverit;

553 4445 570 4478 ι
602 4428 886 4490 Decorem,
911 4427 1106 4495 inquit,
1127 4427 1346 4480 indutus
1359 4435 1464 4491 est,
1483 4443 1503 4478 ι
1523 4425 1982 4490 incorruptionem
2006 4425 2140 4478 acci-

2219 1948 2486 2015 Λέγουσιν
2507 1942 2602 2001 οὖν
2626 1947 2710 2000 ὅτι
2742 1946 2881 2016 μετὰ
2909 1947 2971 1999 τὸ
3018 1949 3214 2015 φαγεῖν
3245 1947 3306 1998 τὺ
3346 1947 3578 2016 νομιλὸν
3617 1947 3835 2018 πάσχα,

2221 2040 2485 2092 ἀνέπεσον
2546 2039 2732 2092 λοιπὸν
2770 2038 2935 2110 κοινῷ
2975 2039 3167 2110 τρόπῳ
3216 2037 3493 2103 ἐσθίοντες
3529 2039 3677 2094 ἄλλα
3717 2042 3838 2094 τινα

2223 2132 2510 2203 βρώματα.
2537 2133 2674 2204 Φησὶ
2701 2133 2756 2186 δὲ
2785 2133 2920 2204 πρὸς
2964 2135 3094 2196 τοὺς
3119 2132 3370 2203 μαθητάς
3397 2149 3410 2163 ·
3454 2153 3472 2184 ‹
3523 2133 3839 2205 Ἐπιθυμίᾳ

2222 2226 2545 2297 ἐπεθύμησα
2575 2224 2734 2279 τοῦτο
2790 2226 2850 2277 τὸ
2910 2225 3096 2294 πάσχα
3137 2227 3337 2292 φαγεῖν
3375 2224 3497 2294 μεθ’
3531 2226 3698 2295 ὑμῶν
3733 2227 3838 2296 πρὸ

2221 2316 2318 2370 τοῦ
2353 2335 2421 2387 με
2457 2317 2686 2369 παθεῖν·
2722 2335 2739 2368 ι
2769 2314 2973 2369 ὡσανεὶ
3002 2313 3164 2367 τοῦτο
3198 2313 3390 2382 ἐλεγεο
3435 2316 3618 2369 Τοῦτό
3650 2335 3745 2386 μοι
3776 2317 3837 2371 τὸ

2221 2407 2530 2461 τελευταῖον
2557 2406 2772 2460 δεῖπνον
2804 2405 2925 2476 μεθ’
2948 2392 3102 2474 ὑμῶν
3120 2419 3135 2431 ⁸
3171 2405 3252 2458 διὸ
3281 2407 3375 2459 καὶ
3414 2407 3720 2478 ἀγαπητόν
3747 2427 3840 2478 μοι

2222 2500 2316 2552 καὶ
2367 2497 2707 2568 ἐπιθυμητόν
2764 2498 2948 2551 ἐστιν·
2999 2495 3185 2548 ἄλλοτε
3227 2496 3336 2567 γὰρ
3365 2498 3489 2568 μεθ’
3519 2499 3687 2567 ὑμῶν
3737 2500 3839 2552 οὐκ

2221 2591 2693 2663 ἐστιασθήσομαιο
2725 2588 2916 2660 ὧσπερ
2947 2589 3039 2643 καὶ
3092 2591 3138 2641 οἱ
3184 2589 3475 2658 μέλλοντες
3532 2593 3842 2664 ἀποδημήο

2223 2700 2359 2749 σειν,
2395 2685 2461 2734 τά
2496 2682 2786 2736 τελευταῖα
2819 2682 3119 2752 προσφωνή
3131 2698 3279 2751 ματα
3311 2684 3426 2745 τοῖς
3469 2685 3841 2748 οἰκείοιςκαὶ

2222 2774 2470 2846 γνησίοις
2490 2773 2752 2845 ἡδύτερον
2784 2777 2879 2827 καὶ
2903 2772 3283 2843 ποθεινότερον
3320 2775 3702 2845 προσάγουσι.
3730 2779 3842 2831 Καὶ

2224 2857 2397 2931 ἄλλως
2432 2869 2521 2921 δέ’
2565 2865 2924 2938 Ἐπεθύμησα
2954 2864 3115 2918 τοῦτο
3148 2866 3204 2919 τὸ
3234 2869 3423 2938 πάσχα
3471 2871 3685 2937 φαγεῖν
3721 2872 3842 2941 μεθ’

2225 2960 2400 3031 ὑμῶν,
2431 2959 2567 3012 διότι
2603 2958 2673 3012 τά
2713 2957 2931 3027 μεγάλα
2987 2962 3264 3032 μυστήρια
3319 2963 3377 3014 ἐν
3437 2962 3620 3032 τούτῳ
3655 2964 3844 3033 μέλλω

2227 3051 2563 3124 παραδοῦναι
2586 3053 2737 3119 ὑμῖν,
2771 3051 2836 3102 τὰ
2873 3053 2969 3121 τῆς
3003 3038 3214 3122 Καινῆς
3244 3052 3551 3125 Διαθὴκης.
3589 3057 3765 3126 Δηλοῖ
3787 3059 3842 3110 δὲ

2148 3180 2190 3236 C
2223 3145 2312 3200 διὰ
2370 3143 2581 3208 τούτου,
2645 3144 2726 3196 ὅτι
2763 3140 2907 3196 ἐκὼν
2961 3145 3184 3216 πάσχει.
3234 3146 3393 3216 Ἐξῆν
3453 3149 3568 3218 γάρ
3609 3157 3844 3214 πάντως

2223 3238 2394 3308 αὐτῷ,
2417 3235 2606 3306 ἐπειδὴ
2628 3234 2926 3304 ἐγίνωσκεν
2951 3237 3035 3289 ὅτι
3068 3237 3256 3307 μέλλει
3287 3237 3503 3302 παθεῖν,
3535 3240 3845 3312 ὑπαναχωο

2227 3333 2411 3400 ρῆσαι,
2449 3328 2641 3398 ὥσπερ
2697 3328 2802 3381 κάν
2839 3331 2952 3390 τοῖς
3008 3329 3302 3400 προτέροις
3362 3334 3604 3399 καιροῖς.
3639 3334 3720 3386 Τὸ
3761 3335 3839 3390 δί.

2233 3440 2252 3472 ι
2295 3421 2369 3474 Οὐ
2403 3419 2480 3491 μὴ
2532 3420 2640 3472 πίω
2685 3418 2839 3483 αὐτὸ,
2876 3419 2982 3481 ἕως
3011 3420 3138 3472 ὅτου
3172 3420 3204 3488 ἡ
3243 3418 3497 3488 βασιλεία
3563 3421 3663 3475 τοῦ
3704 3423 3840 3476 Θεοῦ

2229 3513 2379 3585 ἔλθῃ,
2431 3532 2448 3563 ι
2474 3513 2620 3574 τινὲς
2660 3512 2766 3564 τῶν
2802 3512 2973 3580 ἁγίων
3000 3511 3262 3582 ἐνόησαν,
3299 3514 3424 3567 ἀντὶ
3477 3513 3599 3578 τοῦ,
3640 3518 3846 3587 Ἀχρις

2228 3596 2290 3656 οὗ
2320 3601 2558 3676 ἀναστῶ.
2583 3601 2738 3654 Μετὰ
2770 3602 2877 3672 γάρ
2901 3602 3000 3671 τὴν
3041 3603 3340 3656 ἀνάστασιν
3377 3606 3845 3676 συναυλιζόμενσς

2230 3673 2340 3757 τοῖς
2374 3693 2663 3763 μαθηταῖς,
2716 3694 2810 3745 καὶ
2846 3694 3146 3762 συνέφαγε,
3190 3697 3288 3748 καὶ
3324 3698 3586 3750 συνέπιεν
3620 3701 3843 3763 αὐτοῖς·

2230 3783 2419 3853 ὥσπερ
2451 3783 2545 3834 καὶ
2580 3781 2786 3851 Πέτρος
2819 3785 2953 3853 φησὶ
2985 3785 3122 3855 πρὸς
3168 3786 3472 3857 Κορνήλιον
3494 3804 3507 3817 ·
3557 3808 3576 3841 ι
3623 3790 3846 3854 Οῖτινες

2235 3875 2612 3944 συνεφάγομεν
2641 3877 2738 3929 καὶ
2770 3875 3095 3945 συνεπίομεν
3117 3877 3267 3948 αὐτῷ
3297 3879 3437 3946 μετά
3470 3878 3568 3950 τὴν
3594 3882 3844 3936 ἀνάστα.

2237 3985 2342 4022 σιν.
2387 3963 2406 4018 ι
2454 3967 2575 4019 Ὅτι
2604 3965 2662 4018 δέ
2696 3966 2944 4036 βασιλεία
2972 3967 3067 4020 τοῦ
3091 3969 3229 4022 Θεοῦ
3279 3973 3311 4040 ἡ
3346 3971 3681 4036 ἀνάστασις,
3718 3976 3851 4046 πρό-

2235 4060 2414 4130 δηλον.
2463 4059 2528 4112 Ἦ
2553 4060 2662 4128 γάρ
2717 4060 3039 4125 ἀνάστασις,
3079 4062 3382 4125 κατάλυσις
3409 4063 3508 4116 τοῦ
3563 4066 3844 4121 θανάτου·

2231 4151 2558 4205 ίδασίλευσε
2602 4152 2659 4205 δὲ
2693 4154 2720 4206 ὁ
2775 4153 3006 4217 θάνατος
3042 4155 3152 4208 ἀπὸ
3191 4155 3364 4226 Ἀδάμ
3413 4157 3520 4220 ἐως
3554 4159 3844 4230 Χριστοῦ·

2237 4245 2357 4299 τότε
2395 4245 2450 4298 δὲ
2490 4245 2840 4312 καταλυθεὶς,
2881 4247 3248 4320 παρεχώρησε
3282 4249 3358 4319 τῷ
3385 4251 3588 4323 Κυρίῳ
3625 4255 3734 4323 τῆς
3773 4257 3848 4308 νί-

2239 4354 2342 4404 κης
2397 4337 2628 4408 καὶτῆς
2687 4337 3005 4408 βασιλείας,
3057 4341 3192 4393 καθὸ
3227 4342 3472 4412 εἴρηται·
3506 4361 3528 4394 τ
3576 4345 3689 4399 [Io-3
3733 4364 3846 4411 σου,

2242 4430 2465 4495 θάνατε,
2493 4429 2554 4482 τὸ
2579 4433 2727 4493 νῖκος
2757 4447 2772 4495 ;
2812 4449 2830 4481 ι
2869 4430 2964 4484 καὶ
2999 4434 3027 4485 ὁ
3064 4432 3248 4500 Δαυῖδ,
3314 4452 3330 4485 t
3382 4434 3442 4487 Ὀ
3479 4436 3695 4505 Κύριος
3725 4440 3849 4494 ἐϐα-

549 4521 728 4590 piente
763 4533 1015 4589 corpore.
1043 4528 1096 4574 et
1117 4518 1376 4575 decorate
1395 4518 1616 4584 deitate,
1647 4516 1888 4572 utlsaias
1919 4518 2125 4587 inquit:

2242 4521 2488 4573 σίλευσεν
2513 4537 2526 4549 ·
2559 4539 2577 4573 ι
2609 4516 2729 4574 εἶτα
2761 4520 3084 4592 ἑρμηνεύων
3115 4523 3229 4588 πῶς
3255 4524 3642 4596 ἐϐασίλευσεν,
3687 4550 3706 4582 ‹
3745 4531 3850 4584 Ei:-

556 4629 574 4663 ι
621 4609 721 4666 Hic
775 4610 1050 4665 formosus
1100 4610 1154 4664 in
1222 4609 1383 4677 stola,
1423 4604 1677 4664 violentia
1742 4623 1864 4663 cum
1916 4608 2113 4664 fortitu

551 4706 676 4760 dine
735 4705 798 4758 ".
840 4723 859 4756 ι
901 4702 1160 4758 Dominus
1196 4717 1414 4773 quoque
1471 4713 1758 4772 postquam
1817 4703 2136 4766 resurrexit,

556 4795 770 4863 inquit:
817 4811 835 4846 ι
873 4793 1004 4847 Data
1030 4804 1116 4848 est
1163 4795 1296 4847 mihi
1349 4793 1528 4847 omnis
1566 4804 1809 4860 poteStas
1836 4793 1900 4848 ³⁸.
1947 4811 1965 4844 ι
2005 4793 2140 4845 Curti

561 4886 722 4955 igitur
749 4885 986 4941 venisset
1025 4885 1376 4948 resurrectio,
1407 4899 1567 4950 quam
1604 4898 1823 4954 regnum
1851 4883 1940 4938 Dei
1979 4886 2150 4938 nomi-

554 4982 722 5039 navit,
755 4993 820 5033 eo
862 4981 1004 5048 quod
1039 4986 1265 5032 mortem
1293 4976 1577 5041 destruxit,
1613 4977 1806 5030 iterum
1854 4975 1988 5030 bibit
2019 4991 2141 5032 cum

554 5070 1244 5142 discipulis,persuadens
1277 5069 1555 5138 discipulis
1615 5086 1718 5122 non
1763 5069 1915 5134 juxta
1981 5085 2144 5140 appa-

555 5166 786 5219 rcntiam
822 5174 1027 5218 tantum
1057 5163 1438 5218 resurrexisse.
1464 5161 1696 5228 Quidam
1717 5173 1892 5216 autem
1917 5177 2142 5232 regnum

558 5266 824 5325 putarunt
861 5256 1099 5310 futurum
1142 5264 1339 5309 statum
1385 5274 1397 5307 :
1441 5255 1624 5310 bibere
1656 5264 1832 5308 autem
1862 5253 2142 5310 Dominum

558 5348 840 5403 nobiscum
873 5347 925 5400 in
953 5345 1153 5408 futuro,
1197 5361 1292 5414 pro
1351 5346 1683 5400 revelatioue
1731 5351 2138 5416 mysteriorum.

557 5437 864 5494 [artiﬁcans
912 5439 1057 5491 enim
1099 5452 1194 5489 nos
1225 5438 1581 5502 exitii-aratur,
1620 5448 1674 5492 ct
1705 5453 1934 5507 pascens
1969 5441 2139 5508 pasci-

560 5543 648 5585 tnr
691 5533 1024 5596 misericors,
1070 5541 1125 5585 et
1185 5540 1432 5584 ucstrum
1482 5538 1661 5598 potum
1703 5545 1766 5584 ac
1799 5530 2136 5592 alimoniam,

558 5623 659 5676 hoc
729 5633 830 5684 es',
884 5624 1208 5687 doctrinam,
1267 5622 1548 5692 proprium
1613 5620 1789 5675 cibum
1840 5622 2132 5674 existimat.

633 5807 704 5840 η’
749 5808 866 5862 Act.
901 5822 954 5873 ι,
1005 5807 1092 5858 ﬂ.

1176 5801 1280 5875 "J
1313 5803 1440 5863 Cor.
1468 5822 1557 5873 xv,
1601 5806 1686 5863 55.
1768 5809 1806 5838 ’⁷
1843 5808 1940 5864 lsa.
1968 5826 2118 5875 unt,
2149 5811 2192 5862 ί.

2235 4612 2524 4682 πρέπειαν,
2591 4612 2781 4681 φησὶν,
2840 4614 3157 4678 ἐνεδύσατο,
3219 4634 3237 4666 ι
3280 4617 3847 4688 άποιρθαρτισθέντος

2235 4703 2329 4756 τοῦ
2390 4705 2675 4774 σώματος,
2737 4705 2832 4758 καὶ
2884 4707 2949 4776 τῇ
3027 4707 3243 4777 θεότητι
3301 4709 3710 4778 ὠραῖσθέντος·
3774 4715 3846 4776 ὡς

2251 4796 2479 4860 Ἡσαΐας
2513 4797 2709 4867 φησίν·
2753 4817 2769 4849 ι
2807 4795 2978 4862 Οὗτος
3007 4799 3210 4870 ὡραῖος
3243 4805 3302 4855 ἐν
3350 4804 3538 4876 στολῇ,
3577 4806 3670 4875 βία
3707 4813 3848 4878 μετὰ

2241 4885 2446 4954 ίσχύος.
2488 4904 2505 4935 ι
2541 4887 2653 4939 Καὶ
2682 4886 2841 4952 αὐτὸς
2868 4889 2923 4941 δὲ
2951 4890 2979 4941 ὁ
3011 4891 3216 4970 Κύριος
3246 4897 3383 4962 μετά
3420 4895 3482 4948 τὸ
3509 4897 3845 4968 ἀναστῆναι,

2245 4978 2441 5045 φησιν’
2487 4995 2503 5028 ι
2551 4977 2742 5049 Ἐδόθη
2781 4997 2870 5048 μοι
2900 4983 3050 5034 πᾶσα
3083 4984 3324 5047 ἐξουσία.
3371 5005 3388 5036 ›
3418 4987 3531 5056 Τῆς
3563 4989 3661 5043 οὖν
3714 4994 3847 5045 ἁνα-

2246 5068 2488 5129 στάσεως
2511 5067 2794 5140 ἐλθούσης,
2833 5072 2897 5141 ἣν
2927 5072 3207 5142 βασιλείαν
3232 5075 3323 5127 τοῦ
3351 5057 3490 5129 Θεοῦ
3525 5079 3844 5150 ὠνόμασεν,

2244 5158 2318 5220 ὡς
2375 5160 2463 5210 τὸν
2497 5159 2725 5213 θάνατον
2759 5163 3165 5232 καταλύσασιν,
3225 5167 3346 5220 ἐπιε
3395 5170 3564 5222 πάλιν
3607 5175 3707 5225 σὺν
3741 5180 3849 5237 τοῖς

2240 5251 2533 5322 μαθηταῖς,
2594 5257 2958 5326 πιστούμενος
2993 5260 3090 5326 τὴν
3122 5260 3442 5326 ἀνάστασιν,
3479 5265 3554 5324 ὼς
3592 5269 3653 5318 οὐ
3710 5275 3848 5320 κατά

2245 5346 2547 5414 φαντασίαν
2588 5347 2728 5402 ἐστί.
2765 5349 2924 5413 Τινὲς
2955 5351 3009 5402 δὲ
3051 5352 3330 5421 βασιλείαν
3387 5355 3483 5408 τοῦ
3527 5357 3692 5426 Θεοῦ,
3751 5365 3844 5433 τὴν

2249 5439 2548 5507 μέλλουσαν
2589 5443 2928 5496 κατάστασιν
2961 5446 3244 5511 ἐδέξαντο·
3299 5449 3476 5501 τιίνειν
3527 5451 3585 5504 δέ
3619 5456 3711 5505 τὸν
3745 5458 3841 5508 Κύ-

2250 5545 2360 5598 ριον
2390 5533 2447 5583 ὲν
2475 5532 2552 5600 τῷ
2587 5534 2834 5601 μέλλοντι
2861 5536 2978 5607 μεθ’
3016 5539 3194 5608 ήμῶν,
3220 5543 3318 5610 τὴν
3351 5543 3705 5616 ἀποκάλυψιν
3745 5551 3845 5601 τάν

2251 5624 2565 5694 μυστηρίων
2623 5629 2812 5682 αὑτοῦ.
2875 5629 3199 5700 Εὑφραίνων
3227 5635 3336 5706 γάρ
3367 5637 3514 5707 ἡμᾶς
3546 5640 3843 5709 εὐφραίνε-

2278 5814 2317 5842 ¹⁸
2344 5812 2527 5869 Matth.
2565 5833 2750 5886 nvm,
2790 5818 2871 5892 18.
