4000 6410
113 403 258 474 2369

860 396 1313 460 ENARRATIO
1353 395 1435 456 ΙΝ
1472 395 1984 458 EVANGELIUM
2024 395 2264 459 LUCrE.
2303 423 2364 431 ~-
2398 398 2557 458 CAP.
2605 396 2808 460 XXII.

3333 398 3475 466 1070

109 539 226 584 ται,
269 517 364 573 καὶ
390 517 607 590 τρέφων
671 513 943 584 τρέφεται
974 515 1002 566 6
1048 513 1461 584 φιλάνθρωπος,
1491 516 1588 569 καὶ
1634 517 1728 587 τὴν

1842 514 2003 568 Βίιιιιι
2048 513 2218 585 igitur
2281 523 2412 569 tunc.
2451 529 2649 569 novam
2684 515 2979 585 quamdam
3030 515 3308 585 potionem
3343 534 3470 575 cum

111 613 403 684 ἡμετέραν
446 611 607 664 πόσιν
659 608 756 661 καὶ
791 608 1025 681 τροφὴν,
1058 608 1180 679 ἦτοι
1221 609 1485 680 μάθησιν,
1523 611 1737 665 οἰκείαν

110 709 330 779 τροφὴν
365 703 666 772 λογίζεται.
695 702 891 756 Πίεται
913 699 1010 756 οὖν
1042 702 1355 772 τηνικαῦτα
1382 706 1582 776 καινήν
1611 723 1736 759 τινα

106 804 273 856 πόσιν
295 799 436 870 μετᾶ
459 799 569 851 τῶν
592 797 784 863 ἀξίων,
807 797 1220 852 ἀποκαλύπτων
1249 798 1441 863 αὐτοῖς
1465 799 1552 852 ast
1572 801 1738 855 καινά

105 914 234 950 τινα
281 895 378 947 καὶ
431 893 706 964 ἀσυνήθη.
774 892 882 945 Δύο
911 892 968 945 δὲ
1015 892 1165 946 δοκεῖ
1195 895 1483 965 ποτηρίων
1520 905 1751 965 μνημοο.

107 990 291 1042 νεύειν
339 990 366 1041 6
405 989 625 1051 Λουκᾶς
648 1005 662 1019 ·
708 987 806 1041 καὶ
857 985 916 1039 ἓν
948 985 1071 1055 μὲν,
1107 987 1266 1056 φησὶ,
1325 1004 1344 1037 ι
1372 987 1610 1050 Λάϐετε,
1640 989 1736 1042 καὶ

103 1083 475 1154 διαμερίσατε
499 1083 739 1147 ἑαυτοῖς,
765 1101 784 1134 ι
809 1080 836 1134 ὃ
861 1081 963 1150 τῆς
987 1081 1240 1144 ΙΙαλαιᾶς
1261 1079 1543 1153 Διαθήκης
1564 1082 1735 1136 τύπον

103 1179 258 1232 εἴποι
313 1177 380 1231 ἄν
436 1195 522 1241 τις
557 1171 730 1229 εἶναι·
776 1174 970 1246 ἕτερον
1020 1175 1101 1237 δὲ,
1155 1177 1299 1246 μετὰ
1325 1175 1389 1229 τὸ
1419 1176 1620 1230 κλᾶσαι
1643 1177 1735 1231 τὸν

102 1270 278 1340 ἄρτον
325 1271 422 1324 καὶ
456 1269 870 1340 διανείμασθαι,
938 1267 1105 1332 αὐτὸς
1172 1269 1424 1337 διανέμει
1481 1272 1596 1334 τοῖς
1629 1289 1737 1342 μα-

103 1363 327 1433 θηταῖς,
381 1363 410 1415 δ
460 1363 553 1415 xat
581 1363 681 1432 τῆς
716 1361 932 1431 Καινῆς
983 1361 1264 1433 Διαθήκης
1323 1362 1734 1433 όνομάζει,καὶ

105 1455 165 1508 ιν
183 1457 267 1527 τῷ
305 1455 474 1510 αὐτοῦ
504 1455 699 1524 αἵματί
742 1472 879 1526 φησι.
901 1455 1066 1509 τοῦτο
1106 1450 1554 1524 ἐγκαινίζεσθαι.
1606 1457 1733 1510 Ἐπὶ

107 1549 210 1619 μὲν
241 1549 353 1620 γὰρ
383 1550 482 1620 τῆς
515 1548 762 1612 Παλαιᾶς
795 1543 939 1619 αἷμα
974 1545 1134 1613 ζώων
1178 1549 1394 1619 ἀλόγων
1441 1546 1532 1622 ἦν,
1563 1551 1652 1605 ὅτε
1705 1552 1733 1604 6

103 1645 276 1714 νόμος
311 1643 468 1713 ἐδόθη
492 1658 505 1673 ⁸
533 1643 630 1698 νῦν
663 1644 724 1697 δὲ
756 1643 854 1697 τοῦ
876 1644 1016 1698 Θεοῦ
1044 1644 1224 1714 Λόγου
1256 1644 1551 1716 ἀνθρώπου
1585 1663 1734 1715 γενο-

109 1740 304 1808 μένου,
339 1740 402 1792 τὸ
432 1736 575 1810 αἷμα
602 1741 702 1811 τὴν
736 1741 953 1812 Καινὴν
991 1741 1276 1813 Διαθήκην
1303 1742 1440 1813 ἡμῖν
1461 1743 1731 1814 ἐπισφρα-

101 1831 272 1898 γίςει.
312 1831 498 1885 Εἰπὼν
523 1833 600 1896 δὲ,
650 1852 668 1885 ι
708 1834 783 1886 Τὸ
811 1834 953 1909 ὑπὲρ
992 1836 1150 1909 ὑμῶν
1191 1838 1472 1910 διδόμενον
1504 1838 1599 1891 καὶ
1630 1839 1726 1890 ὲ»-

103 1924 432 1995 χυνόμενον,
477 1946 494 1978 ι
551 1927 652 1998 οὐχ
679 1927 821 1999 ὑπὲρ
868 1930 980 1982 τῶν
1009 1931 1333 1986 ἀποστόλων
1371 1931 1536 2002 μόνον
1586 1930 1727 1984 δεδό⁴

105 2015 235 2068 σθαι
270 2016 427 2081 δηλοῖ
458 2018 518 2072 τὸ
541 2018 705 2090 σῶμα
739 2018 930 2083 αὑτοῦ,
958 2022 1056 2075 καλ⁵
1085 2022 1146 2076 τὸ
1173 2017 1314 2094 αἷμα
1363 2021 1723 2093 ἑκκεχῦσθαι,

102 2107 222 2161 ἀλλ’
260 2109 404 2180 ὑπὲρ
440 2109 539 2180 τῆς
575 2113 934 2186 ἀνθρωπίνης
968 2114 1215 2183 φύσεως.
1254 2117 1427 2169 Ὅταν
1450 2111 1546 2170 οῦν
1568 2115 1722 2187 εἴπῃ,

109 2220 129 2252 ι
175 2201 354 2272 ’Υπὲρ
389 2203 546 2273 ὑμῶν
581 2205 896 2276 διδόμενον,
967 2226 985 2259 ι
1045 2209 1170 2261 ἀντὶ
1213 2207 1335 2273 τοῦ,
1402 2207 1578 2280 Ὑπὲρ
1626 2211 1728 2279 τῆς

102 2293 388 2365 ὑμετέρας
417 2295 641 2364 φύσεως
661 2297 773 2351 τῶν
798 2299 1131 2370 ἀνθρώπων,
1190 2299 1325 2354 νόει.
1376 2299 1452 2354 Τὸ
1503 2302 1603 2372 μὲν
1633 2295 1727 2354 οῦν

105 2386 339 2442 παλαιὸν
363 2395 553 2461 πάσχα
583 2391 677 2444 ἐπὶ
707 2394 772 2464 τῇ
802 2393 1100 2464 ἀπαλλαγῇ
1135 2393 1238 2462 τῆς
1269 2393 1520 2456 δουλείας
1542 2397 1644 2466 τῆς
1668 2395 1726 2447 ἐν

105 2483 376 2554 Αἰγύπτῳ
413 2485 674 2552 ἐτελεῖτο,
709 2487 803 2539 καὶ
830 2487 892 2539 τὸ
923 2482 1064 2558 αἷμα
1101 2487 1197 2540 τοῦ
1233 2487 1517 2560 προϐάτου
1542 2489 1639 2541 ἐπὶ
1659 2489 1724 2559 τῇ

106 2579 444 2650 συντηρήσει
490 2580 600 2634 τῶν
636 2581 1006 2652 πρωτοτόκων
1034 2599 1048 2612 ·
1087 2583 1147 2636 τὸ
1178 2582 1234 2635 δὲ
1287 2583 1478 2638 καινὸν
1534 2583 1728 2655 Πάσχα

104 2666 201 2720 ἐπὶ
236 2668 433 2737 ἀφέσει
461 2669 772 2740 ἁμαρτιῶν,
811 2673 905 2725 καὶ
934 2672 1030 2725 ἐπὶ
1058 2675 1394 2747 συντηρήσει
1419 2673 1530 2727 τῶν
1558 2677 1727 2745 ἡγια-

105 2763 327 2829 σμένων
358 2763 452 2816 καὶ
474 2764 879 2835 ἀφωρισμένων
910 2766 1193 2837 λογισμῶν
1223 2767 1301 2839 τῷ
1324 2767 1467 2838 Θεῷ.
1503 2769 1728 2840 Πρῶτον

104 2851 162 2906 δὲ
195 2855 224 2906 6
252 2853 439 2925 ἄρτος,
469 2850 589 2911 εἶτα
628 2858 690 2911 τὸ
722 2861 1008 2930 ποτήριον.
1043 2861 1297 2932 Προτέρα
1322 2862 1435 2931 γὰρ
1469 2863 1502 2931 ἡ
1529 2861 1728 2914 ἐπίπο-

107 2963 204 3008 νος
235 2947 435 3018 πρᾶξις
485 2951 579 3004 καὶ
619 2951 1134 3023 δυσκατέργαστος·
1186 2954 1415 3026 ἱδρῶτες
1447 2955 1558 3026 γάρ
1592 2971 1728 3026 προ-

107 3040 379 3111 ηγοῦνται
402 3043 500 3113 τῆς
532 3045 736 3116 άρετῆς
763 3063 776 3075 ⁸
809 3046 999 3119 ῶσπερ
1038 3047 1134 3101 οῦν
1166 3048 1260 3101 καὶ
1290 3049 1319 3101 6
1346 3047 1515 3118 ἄρτος
1540 3048 1601 3100 οὐ
1629 3047 1730 3118 μό·-

106 3151 205 3187 νον
225 3135 284 3186 ὲν
318 3135 501 3206 ἱδρῶτι
533 3138 629 3191 τοῦ
659 3140 957 3208 προσώπου
985 3125 1343 3213 γεωργεῖται,
1377 3141 1518 3195 ἀλλὰ
1546 3141 1642 3194 καὶ
1672 3141 1731 3193 ὲν

1846 608 2045 678 dignis.
2101 609 2358 665 revelatis
2392 609 2472 663 eis
2503 625 2724 680 seraper
2771 624 2909 665 nova
2961 612 3212 682 quaedam
3267 625 3324 668 et
3380 615 3471 671 in-

1842 704 2026 758 solita.
2079 703 2324 758 Duorum
2389 712 2570 760 autem
2628 704 2806 759 Lucas
2867 706 3088 760 videtur
3137 709 3466 764 meminisse

1842 797 2187 868 poculorum.
2226 796 2290 853 Et
2343 799 2411 853 de
2449 814 2558 853 uno
2589 800 2809 868 quidem
2843 800 2977 855 dicit
3009 817 3022 853 :
3061 820 3080 852 ι
3120 801 3372 872 Accipite
3411 813 3469 858 et

1846 892 2076 947 dividite
2105 895 2253 950 inter
2295 908 2434 962 vos;
2468 912 2486 945 ι
2529 895 2676 964 quod
2711 892 2928 950 Veteris
2954 893 3298 952 Testameati
3330 896 3470 968 ligu-

1844 1004 1960 1041 rant
2011 988 2138 1057 quis
2209 1003 2334 1044 esse
2390 988 2633 1056 dixerit;
2680 1000 2733 1044 et
2777 991 2846 1045 de
2900 990 3079 1046 altero
3122 993 3266 1062 quod
3310 993 3467 1059 illud,

1841 1089 2134 1149 postquam
2180 1079 2344 1149 fregit
2386 1095 2579 1151 panem
2615 1093 2670 1135 et
2695 1081 3000 1151 distribuit,
3036 1083 3152 1154 ipse
3185 1085 3468 1141 distribuit

1841 1171 2150 1242 discipulis,
2182 1175 2327 1244 quod
2353 1185 2410 1229 et
2435 1172 2573 1228 Novi
2609 1173 2948 1230 Testamenti
2981 1178 3250 1242 nominat,
3284 1190 3339 1234 et
3365 1194 3468 1234 sun

1839 1268 2105 1337 sanguine
2156 1268 2290 1320 dicit
2325 1268 2427 1322 hoc
2456 1268 2725 1322 innovari.
2751 1267 2808 1322 In
2839 1264 3025 1322 Veteri
3058 1269 3205 1323 enim
3235 1272 3464 1337 sanguis

1839 1372 1962 1416 erat
2031 1360 2318 1416 brulorum
2352 1361 2693 1428 animalium,
2729 1377 2853 1417 cum
2903 1362 2989 1417 lex'
3024 1363 3237 1432 vigeret
3269 1381 3286 1418 :
3317 1379 3465 1422 nunc

1838 1466 2020 1510 autem
2074 1471 2196 1511 cum
2226 1456 2465 1512 Verbum
2506 1456 2597 1512 Dei
2634 1457 2796 1512 homo
2839 1455 3044 1512 factum
3089 1471 3196 1526 est,
3239 1461 3464 1532 sanguis

1839 1547 2048 1603 Novum
2075 1548 2491 1604 Testamentum
2516 1549 2676 1605 nobis
2710 1551 3046 1622 obsignavit.
3082 1551 3326 1608 Diceudo
3358 1569 3459 1607 au-

1840 1652 1970 1708 tem,
2009 1659 2028 1693 ι
2065 1639 2220 1708 Quod
2256 1656 2358 1712 pro
2395 1641 2550 1697 vobis
2604 1642 2769 1696 datur
2815 1651 2872 1697 et
2925 1639 3244 1708 effunditur,
3301 1662 3322 1696 ›
3353 1660 3460 1698 non

1838 1746 1937 1801 pro
1970 1731 2101 1787 solis
2133 1732 2399 1803 apostolis
2445 1735 2624 1804 signat
2668 1748 2867 1802 corpus
2910 1733 3029 1802 ejus
3076 1750 3198 1790 esse
3246 1735 3456 1800 datum,

1835 1835 1889 1879 et
1953 1824 2274 1895 sanguinem
2306 1825 2429 1896 ejus
2460 1842 2583 1882 esse
2635 1826 2894 1893 eﬂ‘nsnm,
2941 1832 3036 1884 sed
3070 1843 3172 1900 pro
3218 1830 3461 1884 humano

1831 1934 2049 1988 genere.
2073 1918 2304 1986 Quando
2327 1921 2493 1990 igi'ur
2515 1921 2669 1986 dicit,
2695 1939 2713 1972 ι
2741 1923 2896 1988 Quod
2920 1938 3018 1994 pro
3035 1924 3189 1978 vobis
3214 1923 3397 1991 datur,
3434 1944 3453 1974 ι

1833 2009 2100 2081 intellig»,
2137 2010 2245 2067 Pro
2281 2023 2467 2068 vestro
2519 2014 2803 2068 hominum
2852 2031 3074 2086 genere.
3115 2013 3281 2072 Vetus
3307 2019 3456 2072 enim

1833 2109 2032 2176 pascha
2091 2107 2475 2176 perficiebatur
2517 2109 2586 2162 ob
2630 2107 3012 2165 liberationem
3068 2112 3352 2166 servitutis
3388 2126 3454 2166 ex

1831 2199 2089 2272 Egypto,
2130 2212 2184 2255 et
2243 2201 2467 2271 sanguis
2525 2205 2650 2270 agni
2706 2214 2932 2273 propter
2991 2216 3205 2260 servata
3241 2208 3454 2278 primo-

1831 2296 2013 2363 genita
2044 2311 2058 2348 :
2097 2292 2307 2346 Novum
2340 2302 2518 2348 autem
2553 2295 2754 2363 pascha
2802 2307 3026 2365 propter
3067 2298 3453 2353 remissiOueni

1833 2396 2206 2454 peccatorum,
2259 2395 2312 2440 et
2353 2388 2828 2442 conservationem
2881 2390 3282 2459 cogitationum.
3321 2407 3455 2447 san-

1833 2470 2220 2543 étilicatarum,
2256 2488 2312 2534 et
2340 2489 2798 2535 consecratarum
2831 2479 2965 2537 Deo.
2991 2479 3238 2536 Primum
3268 2493 3452 2539 autem

1831 2569 1999 2642 469
2028 2571 2204 2639 panis,
2233 2579 2288 2625 et
2316 2571 2515 2625 deimle
2551 2571 2828 2640 poculum.
2867 2573 3116 2628 Primum
3179 2576 3325 2631 enim
3367 2576 3451 2630 ιι.

1836 2666 2109 2720 borinsior
2155 2665 2302 2720 actio
2336 2676 2390 2721 et
2424 2666 2731 2735 diﬂicilior;
2781 2669 3016 2725 sudores
3050 2671 3200 2725 enim
3240 2685 3454 2741 praece-

1832 2758 1969 2812 dunt
2021 2759 2324 2814 virtutem:
2387 2761 2850 2830 quemadmodum
2922 2765 3119 2836 panis,
3180 2779 3286 2820 non
3366 2779 3456 2818 so-

1835 2851 1944 2905 lum
1995 2853 2049 2906 in
2091 2853 2297 2908 sudore
2324 2852 2486 2910 faciei
2537 2846 2830 2919 excolitur,
2875 2857 2972 2910 sed
3015 2862 3070 2909 et
3107 2857 3454 2912 comedenda

1833 2945 2119 3015 Operosior
2165 2954 2282 3013 est;
2330 2945 2530 3002 deinde
2575 2955 2698 3015 post
2748 2947 2966 3004 labores
3033 2948 3222 3004 lattitia
3249 2951 3454 3006 divine

1835 3039 2047 3107 grati-ue,
2077 3053 2200 3108 quae
2247 3040 2500 3110 signatur
2547 3055 2644 3108 per
2673 3040 2952 3111 poculum.
2983 3039 3282 3112 Postquam
3307 3043 3457 3098 enim

1836 3133 1959 3202 quis
2009 3133 2062 3187 iu
2093 3135 2387 3190 virtutibus
2416 3135 2505 3188 diu
2534 3136 2886 3203 graviterque
2941 3137 3297 3202 laboravcrlt,
3334 3143 3458 3191 tan-

106 3227 190 3298 τῷ
219 3229 510 3283 ὲσθιεσθαι
554 3230 1167 3306 δυσκατεργαστότερός
1219 3235 1394 3299 ἐστιν,
1447 3231 1550 3288 εἷθ’
1584 3233 1728 3287 οὕτω

1835 3230 1960 3283 dem
2014 3229 2212 3298 dignus
2272 3236 2358 3284 est
2389 3230 2570 3291 donis.
2621 3239 2677 3284 et
2739 3229 3053 3286 inebriatur
3095 3225 3314 3285 laudata
3360 3228 3452 3286 illa

114 3322 256 3389 μετὰ
289 3323 414 3387 τοὺς
452 3326 650 3390 πόνους
682 3329 715 3398 ἡ
753 3329 1070 3400 εὐφροσύνη
1119 3329 1221 3400 τῆς
1255 3329 1351 3382 ἰτοὖ
1396 3327 1535 3382 θεοῦ
1564 3328 1724 3400 Χάρι⁹

107 3428 224 3476 τος,
276 3413 413 3486 ὅπερ
454 3418 572 3469 ἐστὶ
602 3418 662 3470 τὸ
715 3421 1000 3492 ποτήριον.
1037 3421 1174 3474 Μεθ’
1198 3421 1225 3474 6
1289 3423 1400 3492 γάρ
1450 3437 1534 3484 τις
1565 3421 1624 3472 ιν
1652 3423 1724 3490 τῇ

109 3504 284 3576 ἀρετῇ
317 3510 384 3578 τῇ
437 3508 906 3584 δυσκατεργάστῳ
962 3513 1227 3588 κοπιάσῃ,
1257 3514 1378 3568 τότε
1411 3513 1522 3568 τῶν
1568 3531 1726 3586 χαρι-

1831 3323 2100 3380 ebrietate
2133 3337 2238 3392 qua
2276 3322 2493 3376 excedit
2535 3337 2602 3376 ex
2655 3322 2757 3376 hoc
2788 3325 3015 3388 mundo,
3047 3325 3190 3379 sicut
3248 3321 3453 3378 Paulus

1835 3425 1889 3471 ct
1921 3414 2114 3478 David,
2149 3425 2204 3468 et
2240 3425 2298 3467 ιιι
2330 3414 2624 3468 audentius
2668 3417 2930 3485 quiddam
2980 3420 3182 3484 dicam,
3227 3421 3370 3473 sicut
3397 3430 3452 3471 et

1838 3509 1981 3563 Deus
2012 3507 2150 3578 ame
2191 3506 2470 3562 llabacnc.

112 3600 338 3672 σμάτων
362 3605 509 3672 ἄξιος
540 3607 773 3675 γίνεται,
798 3610 896 3662 καὶ
927 3612 1128 3681 πάσχει
1176 3612 1278 3684 τὴν
1310 3613 1484 3684 καλὴν
1524 3614 1718 3684 μέθην,
1762 3607 2121 3677 ἐξιστάμενος
2191 3603 2286 3658 τοῦ
2320 3605 2532 3675 κόσμου
2601 3621 2821 3670 τουτου,
2853 3605 2931 3670 ὡς
2952 3608 2981 3662 6
3008 3606 3243 3670 Παῦλος,
3302 3607 3395 3660 καὶ
3419 3606 3453 3663 6

106 3698 277 3752 Δαυῖδ
303 3715 316 3728 ·
345 3699 644 3770 τολμητέον
674 3700 730 3754 δὲ
758 3703 957 3767 εἰπεῖν,
988 3707 1083 3758 καὶ
1117 3706 1192 3769 ὡς
1223 3708 1251 3759 ὁ
1289 3705 1425 3770 Θεὸς
1458 3705 1614 3777 παρὰ
1647 3704 1725 3774 τῷ
1774 3699 2118 3768 Ἀδδακούμσ

189 3811 208 3843 ι
241 3792 389 3862 Πλὴν
419 3794 526 3846 ἰδοὺ
560 3795 737 3864 ἠχεὶρ
768 3796 864 3848 τοῦ
899 3798 1292 3867 παραδιδόντος
1318 3818 1408 3871 με,
1437 3800 1557 3872 μετ’
1582 3800 1720 3872 ἐμοῦ

111 3884 208 3937 ἐπὶ
243 3885 342 3954 τῆς
389 3886 696 3956 τραπέζης.
759 3888 870 3941 Καὶ
911 3891 939 3942 6
974 3891 1074 3961 μὲν
1122 3890 1254 3955 Υἱὸς
1286 3891 1382 3946 τοῦ
1423 3878 1720 3964 ἀνθρώπου

111 3978 412 4048 πορεύεται
446 3983 591 4035 κατὰ
642 3981 704 4034 τὸ
756 3982 1072 4054 ὡρισμένον
1097 4001 1111 4014 °
1175 3985 1317 4058 πλὴν
1351 3987 1475 4040 οὐαὶ
1521 3986 1601 4058 τῷ
1628 3987 1723 4040 άν-

110 4072 321 4144 θρώπῳ
348 4073 562 4145 ἐκείνῳ,
593 4075 660 4129 δι’
678 4068 740 4128 οῦ
767 4078 1149 4148 παραδίδοται.
1171 4080 1282 4132 Καὶ
1306 4079 1465 4132 αὐτοί⁸
1484 4077 1724 4150 ἤρξαντο

111 4167 370 4238 συζητεῖν
420 4169 556 4241 πρὸς
607 4171 857 4236 ἑαυτοὺς,
898 4171 958 4224 τὸ
989 4172 1074 4234 τίς
1122 4170 1233 4242 ἄρα
1274 4170 1362 4241 εἴη
1395 4170 1454 4238 ἐξ
1477 4171 1658 4224 αὐτῶν
1697 4171 1727 4223 6

116 4261 335 4330 μέλλων
384 4261 543 4314 τοῦτο
566 4262 853 4332 πράσσειν,
917 4263 1169 4331 Ἐγένετο
1212 4262 1270 4317 δὲ
1295 4263 1392 4318 καὶ
1431 4262 1734 4332 φιλονεικία

109 4357 170 4408 ἐν
201 4355 408 4417 αὐτοῖς,
468 4356 531 4407 τὸ
582 4355 664 4418 τίς
705 4356 886 4410 αὐτῶν
941 4356 1092 4409 δοκεῖ
1144 4351 1287 4410 εἶναι
1317 4357 1542 4427 μείζων.
1584 4356 1643 4410 ’0
1674 4356 1732 4410 δὲ

111 4443 268 4500 εἶπεν
303 4448 524 4512 αὐτοῖς’
579 4449 644 4501 Οἱ
700 4448 944 4519 βασιλεῖς
982 4450 1093 4504 τῶν
1153 4450 1328 4504 ἐθνῶν
1374 4450 1730 4523 κυριεύουσιν

111 4536 318 4600 αὐτῶν,
382 4539 475 4592 καὶ
529 4540 579 4592 οἱ
611 4539 1025 4606 ἐξουσιάζοντες
1071 4541 1274 4607 αὐτῶν,
1311 4543 1602 4614 εὐεργέται
1630 4560 1731 4596 κα-

1904 3796 2066 3850 Vens.
2095 3793 2290 3848 2l-27.
2315 3810 2335 3844 ι
2365 3793 2774 3849 Verumtamem
2804 3808 2935 3848 ecce
2959 3809 3155 3848 manus
3187 3794 3452 3851 tradentis

1830 3905 1938 3953 me,
1961 3903 2174 3941 mecum
2199 3897 2285 3942 est
2317 3889 2370 3942 in
2405 3903 2618 3943 mensa.
2654 3887 2720 3941 Et
2745 3887 2919 3945 Filius
2947 3889 3168 3959 quidem
3207 3889 3452 3946 hominis

1829 3982 2130 4034 secundum
2181 3981 2325 4049 quod
2352 3980 2638 4034 deﬁnitum
2673 3989 2782 4043 est,
2818 3980 2968 4032 vadit
3000 3995 3014 4032 :
3043 3991 3450 4034 verumtamem

1830 4089 1912 4128 ναι
1944 4074 2150 4129 homini
2185 4072 2265 4127 illi
2316 4086 2412 4143 per
2448 4089 2608 4142 quem
2633 4073 2905 4142 proditur.
2930 4070 2996 4127 Et
3023 4073 3125 4143 ipsi
3160 4086 3454 4144 coeperunt

1831 4182 2081 4239 quaerere
2116 4168 2259 4222 inter
2309 4183 2454 4230 sese,
2491 4167 2746 4236 quisnam
2780 4176 2927 4222 esset
2957 4182 3024 4222 ex
3055 4167 3189 4238 ipsis
3223 4169 3315 4238 qui
3351 4170 3454 4221 huc

1833 4262 2078 4316 facturus
2126 4272 2298 4316 esset.
2349 4259 2514 4315 Facta
2551 4273 2637 4316 est
2686 4269 2868 4314 autem
2895 4271 2950 4314 et
2999 4261 3281 4315 contentio
3309 4262 3454 4316 inter

1833 4371 1927 4411 eos
1970 4358 2094 4426 quis
2135 4371 2324 4411 eorum
2369 4356 2654 4410 videretur
2703 4370 2826 4410 esse
2861 4356 3055 4424 major,
3091 4355 3239 4410 Dixit
3269 4366 3452 4410 autem

1831 4454 1912 4507 eis
1942 4469 1954 4505 :
1992 4448 2168 4521 Reges
2201 4452 2444 4522 gentium
2470 4452 2827 4506 dominantur
2847 4452 2949 4515 eis,
2977 4461 3032 4506 et
3057 4452 3154 4522 qui
3205 4461 3448 4520 potesta.

1834 4555 1941 4598 tem
1992 4544 2195 4599 habent
2236 4559 2403 4613 super
2445 4560 2563 4609 cas,
2598 4544 2831 4599 benefici
2857 4538 3161 4600 'vocantur.
3201 4545 3307 4599 Vos
3357 4562 3457 4597 au-

109 4629 352 4684 λοῦνται.
404 4629 594 4701 Ὑμεῖς
646 4631 704 4683 δὲ
769 4631 868 4700 οὐχ
926 4630 1130 4695 οῦτως·
1188 4631 1304 4686 ἀλλ’
1337 4635 1364 4685 6
1426 4632 1632 4702 μείζων
1664 4634 1722 4683 ὲν

1837 4647 1942 4690 tem
1976 4651 2082 4690 non
2118 4636 2199 4689 sic
2238 4652 2252 4691 :
2281 4637 2376 4690 sed
2405 4638 2496 4704 qui
2538 4634 2712 4702 major
2758 4647 2846 4691 est
2895 4636 2948 4689 in
2979 4635 3157 4710 vobis,
3185 4636 3278 4688 Iiat
3311 4635 3455 4688 sicut

110 4721 267 4790 ὑμῖν,
297 4721 540 4790 γενέσθω
575 4722 650 4784 ὡς
673 4722 702 4774 6
737 4722 1026 4792 νεώτερος,
1059 4725 1154 4776 καὶ
1197 4726 1225 4776 6
1253 4724 1560 4794 ἡγούμενος
1590 4725 1666 4788 ὡς
1696 4727 1724 4777 6

109 4814 398 4867 διακονῶν.
443 4811 539 4877 Τίς
574 4815 684 4887 γὰρ
723 4815 963 4885 μείζων;
1012 4819 1039 4868 6
1077 4816 1464 4887 ἀνακείμενος,
1497 4817 1583 4886 ἢὸ
1607 4817 1725 4870 διαη

108 4907 326 4975 κονῶνς
369 4909 490 4978 οὑχὶ
513 4911 541 4962 6
575 4909 979 4980 άνακείμενος;
1023 4908 1168 4978 Ἐγὼ
1211 4909 1269 4962 δέ
1301 4909 1419 4980 είμι
1456 4911 1515 4962 ὲν
1573 4911 1726 4980 μέσῳ

108 5001 268 5069 ὑμῶν
297 4998 369 5064 ὼς
398 4999 734 5056 όδιακονῶν.
771 5020 789 5052 ι
853 5001 1021 5054 Οὐδὲν
1069 5003 1491 5070 πεπωρωμένης
1545 5001 1727 5071 ιξρυχῆς

109 5090 466 5164 ἂθλιώτερον.
537 5093 669 5147 Ἰδοὺ
724 5093 858 5162 γοῦν
889 5095 916 5146 6
947 5092 1155 5165 Κυριος
1186 5093 1291 5163 δρα
1342 5092 1394 5144 τί
1423 5109 1610 5163 φησιν,
1644 5095 1725 5144 ὅτι

117 5205 134 5237 ι
172 5184 260 5241 ,Ἠ
291 5185 414 5254 χεὶρ
475 5183 569 5236 τοῦ
624 5184 1020 5256 παραδιδόντος
1075 5201 1166 5255 με,
1197 5187 1290 5237 ἐπὶ
1321 5184 1420 5254 τῆς
1444 5184 1725 5256 τραπέζης

114 5277 237 5349 μετ’
273 5275 448 5347 ἐμοῦ·
486 5295 504 5328 ι
546 5276 641 5330 καὶ
671 5279 700 5332 6
727 5278 990 5341 ἀσύνετος
1019 5279 1118 5332 οὐκ
1150 5278 1435 5349 ᾐσθάνετο.
1478 5280 1590 5332 Καὶ
1615 5279 1726 5348 γὰρ

110 5379 172 5431 οὐ
215 5377 398 5446 μόνον,
435 5375 522 5428 ἵνα
549 5374 698 5443 δείξῃ
732 5375 814 5426 ὅτι
848 5376 949 5427 οὐκ
976 5377 1162 5441 ἁγνοεί
1186 5374 1248 5426 τὸ
1278 5373 1722 5444 συμϐησόμενον,

109 5470 292 5524 ταῦτα
346 5469 496 5537 λέγει
555 5470 581 5522 ἑ·
621 5469 850 5537 Κύριος,
878 5467 1014 5519 ἀλλὰ
1043 5469 1138 5518 καὶ
1170 5467 1255 5518 ἵνα
1287 5465 1438 5538 δείξῃ
1463 5469 1598 5536 ἡμῖν
1629 5470 1726 5519 καὶ

112 5563 212 5632 τὴν
238 5563 445 5615 οἰκείαν
480 5561 821 5633 άγαὲότττα,
855 5563 950 5614 καὶ
985 5562 1086 5630 τὴν
1125 5560 1219 5612 τοῦ
1248 5561 1510 5631 προδότου
1554 5579 1726 5631 πονη-

114 5657 262 5727 ρίαν,
317 5655 400 5708 ὃτι
457 5657 553 5709 καὶ
591 5656 875 5718 omiseras;
908 5656 1164 5710 γενέσθαι
1215 5655 1318 5707 ουκ
1364 5655 1722 5727 ἠρυθρίασεν.

116 5747 253 5802 Οὐδὲ
282 5747 444 5800 πάλιν
473 5749 635 5811 αὐτὸς
668 5749 850 5819 ἁφῆκε
880 5749 948 5801 τὰ
978 5750 1157 5802 οἰκεῖα
1194 5748 1390 5814 ποιῶν,
1430 5749 1523 5801 καὶ
1553 5749 1726 5802 τύπον

118 5843 252 5912 ἡμῖν
285 5839 476 5904 τιθεὶς,
524 5842 610 5894 ἵνα
645 5841 772 5914 ἄχρι
803 5842 990 5906 τέλους
1030 5842 1430 5914 σπουδάζωμεν
1459 5844 1726 5913 κερδῆσαι

117 5938 242 6002 τοὺς
297 5938 611 6000 πταίοντας.
671 5957 687 5988 ι
731 5940 839 5991 Καί
887 5943 914 5993 6
954 5941 1052 6010 μὲν
1096 5941 1221 6004 Υἱὸς
1271 5939 1362 5992 τοῦ
1408 5939 1722 6010 ἀνθρώπου,

1825 4730 2012 4798 juuior
2044 4749 2056 4784 :
2091 4741 2144 4784 et
2195 4731 2285 4800 qtti
2321 4732 2579 4802 princeps
2633 4741 2739 4798 est,
2802 4733 2947 4785 sicut
3011 4731 3103 4799 qui
3153 4730 3452 4785 ιιιῦιιίειτιιι.

1832 4824 1969 4876 Nam
2003 4833 2125 4878 nter
2152 4811 2322 4891 major
2343 4834 2450 4888 est,
2477 4827 2568 4894 qui
2600 4825 2896 4889 accumbit,
2929 4840 2997 4878 an
3023 4825 3115 4894 qui
3140 4824 3456 4878 ministrat?

1831 4936 2012 4977 nonne
2069 4922 2161 4991 qui
2210 4920 2634 4976 aecttmbit?At
2688 4937 2788 4991 ego
2851 4921 2904 4974 in
2961 4921 3145 4975 medio
3205 4929 3453 4980 vestrum

1829 5028 1947 5067 sum
1997 5022 2057 5066 ut
2089 5014 2182 5082 qui
2238 5015 2533 5067 ministrat.
2582 5033 2600 5063 ι
2644 5008 2791 5068 Nihil
2851 5014 3147 5069 exerceatis
3199 5015 3456 5069 miserius

1830 5116 1932 5158 est.
1968 5103 2108 5160 Vide
2162 5107 2305 5160 enim
2345 5108 2478 5176 quid
2509 5107 2773 5161 Dominus
2805 5107 2951 5161 dicat
2981 5125 2995 5161 :
3033 5127 3050 5159 ι
3085 5107 3227 5162 Ecce
3255 5123 3456 5160 manus

1831 5199 2096 5253 tradentis
2129 5214 2236 5264 me,
2273 5214 2485 5253 mecum
2545 5209 2629 5255 est
2690 5202 2745 5255 in
2781 5216 2968 5255 mensa
3005 5219 3018 5256 :
3060 5220 3079 5254 ι
3110 5211 3164 5255 et
3199 5201 3456 5268 stupidus

1832 5305 1935 5343 non
1989 5293 2183 5345 sensit.
2243 5291 2458 5346 Etenim
2512 5293 2775 5346 Dominus
2827 5295 2944 5348 Inec
2991 5295 3164 5358 dicit,
3221 5311 3326 5345 una
3361 5309 3452 5348 su~

1832 5385 1939 5437 lum
1977 5396 2035 5437 ιιι
2066 5392 2320 5441 Ostendat
2354 5404 2413 5441 se
2450 5404 2557 5441 non
2596 5388 2850 5458 ignorare.
2885 5389 3030 5458 quod
3083 5390 3316 5448 eveniet,
3359 5391 3455 5444 sed

1830 5493 1883 5533 et
1919 5489 1978 5533 ut
2006 5481 2166 5535 nobis
2193 5497 2347 5534 suam
2375 5483 2697 5546 bonitatem,
2737 5492 2792 5536 et
2842 5483 3142 5551 proditoris
3185 5480 3454 5534 malitiam

1829 5574 2105 5638 ostendat,
2144 5575 2236 5640 qui
2282 5590 2386 5629 non
2423 5573 2708 5629 erubuerit
2749 5589 2937 5628 secum
2978 5575 3280 5628 convivari.
3317 5574 3452 5626 Nam

1831 5663 2092 5720 Dominus
2131 5683 2237 5720 non
2272 5669 2456 5722 omisit
2484 5683 2582 5722 sua
2620 5669 2824 5731 facere,
2861 5678 2918 5722 ιιι
2948 5667 3109 5722 nobis
3138 5668 3450 5735 exemplum

1831 5759 1981 5810 daret
2012 5767 2067 5810 nt
2092 5775 2265 5828 usque
2287 5761 2336 5812 in
2363 5760 2522 5812 tinent
2559 5760 2745 5830 lapsos
2777 5761 2974 5813 lucrari
3007 5760 3350 5814 studeamus.
3388 5759 3454 5811 l-lt

1837 5849 2047 5903 «Filius
2082 5852 2297 5920 quidem
2342 5853 2598 5915 hominis,
2637 5854 2833 5923 inquit,
2869 5855 3062 5926 vadit,»
3103 5870 3115 5907 :
3146 5869 3252 5907 non
3289 5857 3446 5919 quasi

1835 5963 1939 6000 non
1997 5947 2173 6000 valeat
2229 5965 2286 6002 se
2340 5950 2638 6018 vindicare,
2677 5951 2769 6005 sed
2805 5950 2930 6019 quia
2975 5952 3103 6004 oliui
3137 5951 3456 6005 decreverat
