  <div class='ocr_page' id='page_1' title='image "/cluster/home/n/w/nwhite01/storage/ocr_20150623/123/ien.35556001659978/541.png"; bbox 0 0 4000 6408; ppageno 0'>
   <div class='ocr_carea' id='block_1_1' title="bbox 592 346 722 408">
    <p class='ocr_par' dir='ltr' id='par_1_1' title="bbox 592 346 722 408">
     <span class='ocr_line' id='line_1_1' title="bbox 592 346 722 408; baseline 0 -1"><span class='ocrx_word' id='word_1_1' title='bbox 592 346 722 408; x_wconf 81' lang='lat'><strong>1071</strong></span> 
     </span>
    </p>
   </div>
   <div class='ocr_carea' id='block_1_2' title="bbox 589 437 2174 513">
    <p class='ocr_par' dir='ltr' id='par_1_2' title="bbox 589 440 2166 513">
     <span class='ocr_line' id='line_1_2' title="bbox 589 440 2166 513; baseline -0.015 -1"><span class='ocrx_word' id='word_1_2' title='bbox 589 457 722 513; x_wconf 83' lang='lat' dir='ltr'><strong>mori</strong></span> <span class='ocrx_word' id='word_1_3' title='bbox 767 455 818 510; x_wconf 89' lang='lat' dir='ltr'><strong>itt</strong></span> <span class='ocrx_word' id='word_1_4' title='bbox 866 452 1094 509; x_wconf 87' lang='lat' dir='ltr'><strong>salutem</strong></span> <span class='ocrx_word' id='word_1_5' title='bbox 1166 447 1462 502; x_wconf 88' lang='lat' dir='ltr'><strong>hominum.</strong></span> <span class='ocrx_word' id='word_1_6' title='bbox 1498 464 1516 496; x_wconf 82' lang='lat' dir='ltr'><strong>t</strong></span> <span class='ocrx_word' id='word_1_7' title='bbox 1553 442 1929 496; x_wconf 82' lang='lat' dir='ltr'><strong>Verumtamen</strong></span> <span class='ocrx_word' id='word_1_8' title='bbox 1967 455 2043 492; x_wconf 60' lang='lat' dir='ltr'><strong>me</strong></span> <span class='ocrx_word' id='word_1_9' title='bbox 2081 440 2166 491; x_wconf 86' lang='lat' dir='ltr'><strong>ltu-</strong></span> 
     </span>
    </p>
   </div>
   <div class='ocr_carea' id='block_1_3' title="bbox 2282 437 2765 513">
    <p class='ocr_par' dir='ltr' id='par_1_3' title="bbox 2282 437 2765 509">
     <span class='ocr_line' id='line_1_3' title="bbox 2282 437 2765 509; baseline -0.002 -18"><span class='ocrx_word' id='word_1_10' title='bbox 2282 441 2434 509; x_wconf 72' lang='grc' dir='ltr'>φησὶ,</span> <span class='ocrx_word' id='word_1_11' title='bbox 2475 437 2765 508; x_wconf 78' lang='grc' dir='ltr'>πορεύεται</span> 
     </span>
    </p>
   </div>
   <div class='ocr_carea' id='block_1_4' title="bbox 587 531 2171 618">
    <p class='ocr_par' dir='ltr' id='par_1_4' title="bbox 587 531 2171 618">
     <span class='ocr_line' id='line_1_4' title="bbox 587 531 2171 618; baseline -0.015 -12"><span class='ocrx_word' id='word_1_12' title='bbox 587 551 715 606; x_wconf 88' lang='lat' dir='ltr'><strong>mini</strong></span> <span class='ocrx_word' id='word_1_13' title='bbox 763 549 839 603; x_wconf 85' lang='lat' dir='ltr'><strong>illi</strong></span> <span class='ocrx_word' id='word_1_14' title='bbox 892 562 991 618; x_wconf 86' lang='lat' dir='ltr'><strong>per</strong></span> <span class='ocrx_word' id='word_1_15' title='bbox 1047 559 1205 613; x_wconf 82' lang='lat' dir='ltr'><strong>quem</strong></span> <span class='ocrx_word' id='word_1_16' title='bbox 1259 541 1508 594; x_wconf 91' lang='lat' dir='ltr'><strong>traditur.</strong></span> <span class='ocrx_word' id='word_1_17' title='bbox 1543 556 1559 588; x_wconf 80' lang='grc' dir='ltr'><strong>ι</strong></span> <span class='ocrx_word' id='word_1_18' title='bbox 1597 535 1724 589; x_wconf 79' lang='lat' dir='ltr'><strong>Nam</strong></span> <span class='ocrx_word' id='word_1_19' title='bbox 1779 531 2171 602; x_wconf 70' lang='lat' dir='ltr'><strong>prmdcliuitum</strong></span> 
     </span>
    </p>
   </div>
   <div class='ocr_carea' id='block_1_5' title="bbox 582 625 2175 714">
    <p class='ocr_par' dir='ltr' id='par_1_5' title="bbox 582 625 2175 714">
     <span class='ocr_line' id='line_1_5' title="bbox 582 625 2175 714; baseline -0.014 -17"><span class='ocrx_word' id='word_1_20' title='bbox 582 645 800 714; x_wconf 80' lang='lat' dir='ltr'><strong>quidem</strong></span> <span class='ocrx_word' id='word_1_21' title='bbox 860 649 942 696; x_wconf 90' lang='lat' dir='ltr'><strong>est</strong></span> <span class='ocrx_word' id='word_1_22' title='bbox 999 649 1054 691; x_wconf 92' lang='lat' dir='ltr'><strong>ttt</strong></span> <span class='ocrx_word' id='word_1_23' title='bbox 1110 636 1341 706; x_wconf 87' lang='lat' dir='ltr'><strong>patiatur</strong></span> <span class='ocrx_word' id='word_1_24' title='bbox 1369 650 1380 686; x_wconf 94' lang='lat'>:</span> <span class='ocrx_word' id='word_1_25' title='bbox 1413 632 1505 686; x_wconf 85' lang='lat' dir='ltr'><strong>sed</strong></span> <span class='ocrx_word' id='word_1_26' title='bbox 1537 643 1588 684; x_wconf 92' lang='lat' dir='ltr'><strong>tu</strong></span> <span class='ocrx_word' id='word_1_27' title='bbox 1635 641 1801 697; x_wconf 88' lang='lat' dir='ltr'><strong>quare</strong></span> <span class='ocrx_word' id='word_1_28' title='bbox 1833 625 2087 678; x_wconf 86' lang='lat' dir='ltr'><strong>inventus</strong></span> <span class='ocrx_word' id='word_1_29' title='bbox 2117 638 2175 677; x_wconf 90' lang='lat' dir='ltr'><strong>es</strong></span> 
     </span>
    </p>
   </div>
   <div class='ocr_carea' id='block_1_6' title="bbox 587 717 2171 800">
    <p class='ocr_par' dir='ltr' id='par_1_6' title="bbox 587 717 2171 800">
     <span class='ocr_line' id='line_1_6' title="bbox 587 717 2171 800; baseline -0.012 -11"><span class='ocrx_word' id='word_1_30' title='bbox 587 737 779 800; x_wconf 83' lang='lat' dir='ltr'><strong>malus,</strong></span> <span class='ocrx_word' id='word_1_31' title='bbox 815 745 866 788; x_wconf 91' lang='lat' dir='ltr'><strong>et</strong></span> <span class='ocrx_word' id='word_1_32' title='bbox 905 732 975 786; x_wconf 88' lang='lat' dir='ltr'><strong>ita</strong></span> <span class='ocrx_word' id='word_1_33' title='bbox 1023 729 1089 782; x_wconf 88' lang='lat' dir='ltr'><strong>ad</strong></span> <span class='ocrx_word' id='word_1_34' title='bbox 1141 725 1498 796; x_wconf 78' lang='lat' dir='ltr'><strong>proditionem</strong></span> <span class='ocrx_word' id='word_1_35' title='bbox 1555 721 1830 790; x_wconf 82' lang='lat' dir='ltr'><strong>paratus?</strong></span> <span class='ocrx_word' id='word_1_36' title='bbox 1881 717 2171 787; x_wconf 87' lang='lat' dir='ltr'><strong>Propterea</strong></span> 
     </span>
    </p>
   </div>
   <div class='ocr_carea' id='block_1_7' title="bbox 587 816 2175 893">
    <p class='ocr_par' dir='ltr' id='par_1_7' title="bbox 587 816 2175 893">
     <span class='ocr_line' id='line_1_7' title="bbox 587 816 2175 893; baseline -0.01 -11"><span class='ocrx_word' id='word_1_37' title='bbox 587 833 682 882; x_wconf 81' lang='lat' dir='ltr'><strong>tibi</strong></span> <span class='ocrx_word' id='word_1_38' title='bbox 717 844 792 882; x_wconf 67' lang='grc' dir='ltr'>ναξ</span> <span class='ocrx_word' id='word_1_39' title='bbox 821 824 1182 893; x_wconf 85' lang='lat' dir='ltr'><strong>adjudicatum</strong></span> <span class='ocrx_word' id='word_1_40' title='bbox 1232 830 1333 886; x_wconf 90' lang='lat' dir='ltr'><strong>est,</strong></span> <span class='ocrx_word' id='word_1_41' title='bbox 1385 819 1508 889; x_wconf 80' lang='lat' dir='ltr'><strong>quia</strong></span> <span class='ocrx_word' id='word_1_42' title='bbox 1555 818 1806 869; x_wconf 82' lang='lat' dir='ltr'><strong>inventus</strong></span> <span class='ocrx_word' id='word_1_43' title='bbox 1838 831 1899 870; x_wconf 88' lang='lat' dir='ltr'><strong>es</strong></span> <span class='ocrx_word' id='word_1_44' title='bbox 1953 816 2175 869; x_wconf 87' lang='lat' dir='ltr'><strong>studens</strong></span> 
     </span>
    </p>
   </div>
   <div class='ocr_carea' id='block_1_8' title="bbox 586 908 2175 994">
    <p class='ocr_par' dir='ltr' id='par_1_8' title="bbox 586 908 2175 994">
     <span class='ocr_line' id='line_1_8' title="bbox 586 908 2175 994; baseline -0.011 -19"><span class='ocrx_word' id='word_1_45' title='bbox 586 921 909 994; x_wconf 79' lang='lat' dir='ltr'><strong>proditioni;</strong></span> <span class='ocrx_word' id='word_1_46' title='bbox 969 916 1090 984; x_wconf 88' lang='lat' dir='ltr'><strong>quia</strong></span> <span class='ocrx_word' id='word_1_47' title='bbox 1133 917 1293 968; x_wconf 88' lang='lat' dir='ltr'><strong>etiam</strong></span> <span class='ocrx_word' id='word_1_48' title='bbox 1357 924 1579 979; x_wconf 84' lang='lat' dir='ltr'><strong>serpens</strong></span> <span class='ocrx_word' id='word_1_49' title='bbox 1640 908 1955 963; x_wconf 80' lang='lat' dir='ltr'><strong>maledictus</strong></span> <span class='ocrx_word' id='word_1_50' title='bbox 1989 916 2070 960; x_wconf 89' lang='lat' dir='ltr'><strong>est</strong></span> <span class='ocrx_word' id='word_1_51' title='bbox 2111 919 2175 959; x_wconf 89' lang='lat' dir='ltr'><strong>eo</strong></span> 
     </span>
    </p>
   </div>
   <div class='ocr_carea' id='block_1_9' title="bbox 582 995 2164 1080">
    <p class='ocr_par' dir='ltr' id='par_1_9' title="bbox 582 995 2164 1080">
     <span class='ocr_line' id='line_1_9' title="bbox 582 995 2164 1080; baseline -0.012 -15"><span class='ocrx_word' id='word_1_52' title='bbox 582 1014 721 1080; x_wconf 80' lang='lat' dir='ltr'><strong>quod</strong></span> <span class='ocrx_word' id='word_1_53' title='bbox 764 1009 986 1063; x_wconf 66' lang='lat' dir='ltr'><strong>servivit</strong></span> <span class='ocrx_word' id='word_1_54' title='bbox 1028 1005 1224 1060; x_wconf 89' lang='lat' dir='ltr'><strong>diaboli</strong></span> <span class='ocrx_word' id='word_1_55' title='bbox 1255 1001 1519 1056; x_wconf 88' lang='lat' dir='ltr'><strong>consiliis.</strong></span> <span class='ocrx_word' id='word_1_56' title='bbox 1558 995 1781 1052; x_wconf 82' lang='lat' dir='ltr'><strong>Turbati</strong></span> <span class='ocrx_word' id='word_1_57' title='bbox 1811 1005 1941 1052; x_wconf 89' lang='lat' dir='ltr'><strong>sunt</strong></span> <span class='ocrx_word' id='word_1_58' title='bbox 1984 1004 2164 1049; x_wconf 87' lang='lat' dir='ltr'><strong>autem</strong></span> 
     </span>
    </p>
   </div>
   <div class='ocr_carea' id='block_1_10' title="bbox 584 1088 2173 1173">
    <p class='ocr_par' dir='ltr' id='par_1_10' title="bbox 584 1088 2173 1173">
     <span class='ocr_line' id='line_1_10' title="bbox 584 1088 2173 1173; baseline -0.011 -17"><span class='ocrx_word' id='word_1_59' title='bbox 584 1103 827 1173; x_wconf 71' lang='lat' dir='ltr'><strong>discipuli</strong></span> <span class='ocrx_word' id='word_1_60' title='bbox 874 1099 1070 1154; x_wconf 82' lang='lat' dir='ltr'><strong>auditis</strong></span> <span class='ocrx_word' id='word_1_61' title='bbox 1098 1099 1201 1162; x_wconf 88' lang='lat' dir='ltr'><strong>his,</strong></span> <span class='ocrx_word' id='word_1_62' title='bbox 1233 1108 1285 1150; x_wconf 90' lang='lat' dir='ltr'><strong>et</strong></span> <span class='ocrx_word' id='word_1_63' title='bbox 1324 1095 1424 1148; x_wconf 92' lang='lat' dir='ltr'><strong>hoc</strong></span> <span class='ocrx_word' id='word_1_64' title='bbox 1451 1092 1613 1147; x_wconf 87' lang='lat' dir='ltr'><strong>latius</strong></span> <span class='ocrx_word' id='word_1_65' title='bbox 1647 1090 1823 1146; x_wconf 88' lang='lat' dir='ltr'><strong>disces</strong></span> <span class='ocrx_word' id='word_1_66' title='bbox 1848 1090 1899 1142; x_wconf 86' lang='lat' dir='ltr'><strong>iit</strong></span> <span class='ocrx_word' id='word_1_67' title='bbox 1926 1088 2173 1157; x_wconf 80' lang='lat' dir='ltr'><strong>Evange-</strong></span> 
     </span>
    </p>
   </div>
   <div class='ocr_carea' id='block_1_11' title="bbox 583 1177 2176 1252">
    <p class='ocr_par' dir='ltr' id='par_1_11' title="bbox 583 1177 2176 1252">
     <span class='ocr_line' id='line_1_11' title="bbox 583 1177 2176 1252; baseline -0.013 -1"><span class='ocrx_word' id='word_1_68' title='bbox 583 1199 654 1252; x_wconf 76' lang='lat' dir='ltr'><strong>lio</strong></span> <span class='ocrx_word' id='word_1_69' title='bbox 705 1195 944 1248; x_wconf 79' lang='lat' dir='ltr'><strong>Joannis.</strong></span> <span class='ocrx_word' id='word_1_70' title='bbox 973 1189 1126 1244; x_wconf 86' lang='lat' dir='ltr'><strong>Nunc</strong></span> <span class='ocrx_word' id='word_1_71' title='bbox 1180 1197 1358 1242; x_wconf 90' lang='lat' dir='ltr'><strong>autem</strong></span> <span class='ocrx_word' id='word_1_72' title='bbox 1411 1201 1518 1241; x_wconf 91' lang='lat' dir='ltr'><strong>non</strong></span> <span class='ocrx_word' id='word_1_73' title='bbox 1551 1185 1615 1238; x_wconf 87' lang='lat' dir='ltr'><strong>de</strong></span> <span class='ocrx_word' id='word_1_74' title='bbox 1658 1182 1964 1251; x_wconf 87' lang='lat' dir='ltr'><strong>suspicione</strong></span> <span class='ocrx_word' id='word_1_75' title='bbox 1994 1177 2176 1248; x_wconf 84' lang='lat' dir='ltr'><strong>prodi-</strong></span> 
     </span>
    </p>
   </div>
   <div class='ocr_carea' id='block_1_12' title="bbox 589 1268 2173 1345">
    <p class='ocr_par' dir='ltr' id='par_1_12' title="bbox 589 1268 2173 1345">
     <span class='ocr_line' id='line_1_12' title="bbox 589 1268 2173 1345; baseline -0.014 -3"><span class='ocrx_word' id='word_1_76' title='bbox 589 1291 753 1342; x_wconf 90' lang='lat' dir='ltr'><strong>tionis</strong></span> <span class='ocrx_word' id='word_1_77' title='bbox 816 1295 1025 1339; x_wconf 76' lang='lat' dir='ltr'><strong>tantum</strong></span> <span class='ocrx_word' id='word_1_78' title='bbox 1066 1283 1375 1345; x_wconf 88' lang='lat' dir='ltr'><strong>turbantur,</strong></span> <span class='ocrx_word' id='word_1_79' title='bbox 1447 1280 1539 1332; x_wconf 90' lang='lat' dir='ltr'><strong>sed</strong></span> <span class='ocrx_word' id='word_1_80' title='bbox 1593 1291 1657 1331; x_wconf 78' lang='lat' dir='ltr'><strong>ex</strong></span> <span class='ocrx_word' id='word_1_81' title='bbox 1724 1273 2032 1328; x_wconf 88' lang='lat' dir='ltr'><strong>turbatione</strong></span> <span class='ocrx_word' id='word_1_82' title='bbox 2088 1268 2173 1323; x_wconf 91' lang='lat' dir='ltr'><strong>illa</strong></span> 
     </span>
    </p>
   </div>
   <div class='ocr_carea' id='block_1_13' title="bbox 585 1364 2174 1437">
    <p class='ocr_par' dir='ltr' id='par_1_13' title="bbox 585 1364 2174 1437">
     <span class='ocr_line' id='line_1_13' title="bbox 585 1364 2174 1437; baseline -0.013 -1"><span class='ocrx_word' id='word_1_83' title='bbox 585 1386 650 1436; x_wconf 81' lang='lat' dir='ltr'><strong>ad</strong></span> <span class='ocrx_word' id='word_1_84' title='bbox 679 1381 1056 1436; x_wconf 83' lang='lat' dir='ltr'><strong>contentiones</strong></span> <span class='ocrx_word' id='word_1_85' title='bbox 1089 1376 1335 1437; x_wconf 85' lang='lat' dir='ltr'><strong>veniunt,</strong></span> <span class='ocrx_word' id='word_1_86' title='bbox 1379 1372 1766 1426; x_wconf 74' lang='lat' dir='ltr'><strong>contendentes</strong></span> <span class='ocrx_word' id='word_1_87' title='bbox 1801 1368 1923 1436; x_wconf 89' lang='lat' dir='ltr'><strong>quis</strong></span> <span class='ocrx_word' id='word_1_88' title='bbox 1948 1381 2012 1420; x_wconf 79' lang='lat' dir='ltr'><strong>ex</strong></span> <span class='ocrx_word' id='word_1_89' title='bbox 2044 1364 2174 1432; x_wconf 83' lang='lat' dir='ltr'><strong>ipsis</strong></span> 
     </span>
    </p>
   </div>
   <div class='ocr_carea' id='block_1_14' title="bbox 584 1454 2174 1528">
    <p class='ocr_par' dir='ltr' id='par_1_14' title="bbox 584 1454 2174 1528">
     <span class='ocr_line' id='line_1_14' title="bbox 584 1454 2174 1528; baseline -0.013 0"><span class='ocrx_word' id='word_1_90' title='bbox 584 1484 726 1528; x_wconf 82' lang='lat' dir='ltr'><strong>esset</strong></span> <span class='ocrx_word' id='word_1_91' title='bbox 753 1471 1042 1525; x_wconf 83' lang='lat' dir='ltr'><strong>maximus.</strong></span> <span class='ocrx_word' id='word_1_92' title='bbox 1079 1466 1386 1519; x_wconf 87' lang='lat' dir='ltr'><strong>lnciderunt</strong></span> <span class='ocrx_word' id='word_1_93' title='bbox 1421 1472 1599 1516; x_wconf 89' lang='lat' dir='ltr'><strong>autem</strong></span> <span class='ocrx_word' id='word_1_94' title='bbox 1631 1460 1682 1513; x_wconf 92' lang='lat' dir='ltr'><strong>in</strong></span> <span class='ocrx_word' id='word_1_95' title='bbox 1713 1460 1854 1513; x_wconf 88' lang='lat' dir='ltr'><strong>hanc</strong></span> <span class='ocrx_word' id='word_1_96' title='bbox 1880 1459 2023 1510; x_wconf 87' lang='lat' dir='ltr'><strong>litem</strong></span> <span class='ocrx_word' id='word_1_97' title='bbox 2049 1454 2174 1524; x_wconf 87' lang='lat' dir='ltr'><strong>quia</strong></span> 
     </span>
    </p>
   </div>
   <div class='ocr_carea' id='block_1_15' title="bbox 581 1547 2170 1628">
    <p class='ocr_par' dir='ltr' id='par_1_15' title="bbox 581 1547 2170 1628">
     <span class='ocr_line' id='line_1_15' title="bbox 581 1547 2170 1628; baseline -0.014 -7"><span class='ocrx_word' id='word_1_98' title='bbox 581 1564 874 1620; x_wconf 86' lang='lat' dir='ltr'><strong>verisimile</strong></span> <span class='ocrx_word' id='word_1_99' title='bbox 914 1569 994 1614; x_wconf 88' lang='lat' dir='ltr'><strong>est</strong></span> <span class='ocrx_word' id='word_1_100' title='bbox 1049 1557 1194 1628; x_wconf 85' lang='lat' dir='ltr'><strong>quod</strong></span> <span class='ocrx_word' id='word_1_101' title='bbox 1236 1557 1374 1610; x_wconf 89' lang='lat' dir='ltr'><strong>inter</strong></span> <span class='ocrx_word' id='word_1_102' title='bbox 1417 1569 1475 1608; x_wconf 89' lang='lat' dir='ltr'><strong>se</strong></span> <span class='ocrx_word' id='word_1_103' title='bbox 1507 1551 1741 1606; x_wconf 72' lang='lat' dir='ltr'><strong>diXerint</strong></span> <span class='ocrx_word' id='word_1_104' title='bbox 1777 1564 1915 1601; x_wconf 86' lang='lat' dir='ltr'><strong>unus</strong></span> <span class='ocrx_word' id='word_1_105' title='bbox 1975 1547 2170 1599; x_wconf 80' lang='lat' dir='ltr'><strong>alteri:</strong></span> 
     </span>
    </p>
   </div>
   <div class='ocr_carea' id='block_1_16' title="bbox 580 1638 2173 1725">
    <p class='ocr_par' dir='ltr' id='par_1_16' title="bbox 580 1638 2173 1725">
     <span class='ocr_line' id='line_1_16' title="bbox 580 1638 2173 1725; baseline -0.013 -15"><span class='ocrx_word' id='word_1_106' title='bbox 580 1660 658 1710; x_wconf 87' lang='lat' dir='ltr'><strong>Tu</strong></span> <span class='ocrx_word' id='word_1_107' title='bbox 719 1655 1026 1725; x_wconf 85' lang='lat' dir='ltr'><strong>proditurus</strong></span> <span class='ocrx_word' id='word_1_108' title='bbox 1072 1665 1152 1714; x_wconf 82' lang='lat' dir='ltr'><strong>es,</strong></span> <span class='ocrx_word' id='word_1_109' title='bbox 1205 1657 1260 1702; x_wconf 91' lang='lat' dir='ltr'><strong>et</strong></span> <span class='ocrx_word' id='word_1_110' title='bbox 1301 1646 1438 1700; x_wconf 88' lang='lat' dir='ltr'><strong>alius</strong></span> <span class='ocrx_word' id='word_1_111' title='bbox 1472 1643 1625 1698; x_wconf 84' lang='lat' dir='ltr'><strong>alteri</strong></span> <span class='ocrx_word' id='word_1_112' title='bbox 1666 1660 1677 1695; x_wconf 93' lang='lat'><strong>:</strong></span> <span class='ocrx_word' id='word_1_113' title='bbox 1715 1641 1814 1695; x_wconf 89' lang='lat' dir='ltr'><strong>Tu.</strong></span> <span class='ocrx_word' id='word_1_114' title='bbox 1850 1639 1917 1694; x_wconf 88' lang='lat' dir='ltr'><strong>Et</strong></span> <span class='ocrx_word' id='word_1_115' title='bbox 1950 1638 2075 1691; x_wconf 89' lang='lat' dir='ltr'><strong>inde</strong></span> <span class='ocrx_word' id='word_1_116' title='bbox 2108 1651 2173 1690; x_wconf 89' lang='lat' dir='ltr'><strong>eo</strong></span> 
     </span>
    </p>
   </div>
   <div class='ocr_carea' id='block_1_17' title="bbox 585 1729 2177 1820">
    <p class='ocr_par' dir='ltr' id='par_1_17' title="bbox 585 1729 2177 1820">
     <span class='ocr_line' id='line_1_17' title="bbox 585 1729 2177 1820; baseline -0.014 -16"><span class='ocrx_word' id='word_1_117' title='bbox 585 1756 942 1820; x_wconf 86' lang='lat' dir='ltr'><strong>pervenerunt</strong></span> <span class='ocrx_word' id='word_1_118' title='bbox 1006 1755 1061 1796; x_wconf 89' lang='lat' dir='ltr'><strong>ut</strong></span> <span class='ocrx_word' id='word_1_119' title='bbox 1101 1742 1340 1795; x_wconf 80' lang='lat' dir='ltr'><strong>dicerent</strong></span> <span class='ocrx_word' id='word_1_120' title='bbox 1372 1759 1384 1792; x_wconf 84' lang='lat'>:</span> <span class='ocrx_word' id='word_1_121' title='bbox 1419 1738 1530 1808; x_wconf 85' lang='lat' dir='ltr'><strong>Ego</strong></span> <span class='ocrx_word' id='word_1_122' title='bbox 1556 1751 1675 1790; x_wconf 90' lang='lat' dir='ltr'><strong>sum</strong></span> <span class='ocrx_word' id='word_1_123' title='bbox 1711 1735 1919 1794; x_wconf 83' lang='lat' dir='ltr'><strong>melior,</strong></span> <span class='ocrx_word' id='word_1_124' title='bbox 1953 1743 2030 1797; x_wconf 88' lang='lat' dir='ltr'><strong>et,</strong></span> <span class='ocrx_word' id='word_1_125' title='bbox 2064 1729 2177 1798; x_wconf 78' lang='lat' dir='ltr'><strong>Ego</strong></span> 
     </span>
    </p>
   </div>
   <div class='ocr_carea' id='block_1_18' title="bbox 1513 330 2974 398">
    <p class='ocr_par' dir='ltr' id='par_1_18' title="bbox 1513 330 2974 398">
     <span class='ocr_line' id='line_1_18' title="bbox 1513 330 2974 398; baseline -0.004 -2"><span class='ocrx_word' id='word_1_126' title='bbox 1513 334 2092 398; x_wconf 51' lang='lat' dir='ltr'><strong>TIIEOPIIYLACTI</strong></span> <span class='ocrx_word' id='word_1_127' title='bbox 2149 331 2563 394; x_wconf 74' lang='lat' dir='ltr'><strong>BULGARLE</strong></span> <span class='ocrx_word' id='word_1_128' title='bbox 2607 332 2647 389; x_wconf 84' lang='lat'><strong>.-\</strong></span> <span class='ocrx_word' id='word_1_129' title='bbox 2670 330 2974 391; x_wconf 87' lang='lat' dir='ltr'><strong>RClIlEP.</strong></span> 
     </span>
    </p>
   </div>
   <div class='ocr_carea' id='block_1_19' title="bbox 3734 321 3868 387">
    <p class='ocr_par' dir='ltr' id='par_1_19' title="bbox 3734 321 3868 387">
     <span class='ocr_line' id='line_1_19' title="bbox 3734 321 3868 387; baseline 0 -1"><span class='ocrx_word' id='word_1_130' title='bbox 3734 321 3868 387; x_wconf 72' lang='lat'><strong>1072</strong></span> 
     </span>
    </p>
   </div>
   <div class='ocr_carea' id='block_1_20' title="bbox 2803 433 3871 506">
    <p class='ocr_par' dir='ltr' id='par_1_20' title="bbox 2803 433 3871 506">
     <span class='ocr_line' id='line_1_20' title="bbox 2803 433 3871 506; baseline 0 -18"><span class='ocrx_word' id='word_1_131' title='bbox 2803 453 2815 465; x_wconf 89' lang='grc'><strong>·</strong></span> <span class='ocrx_word' id='word_1_132' title='bbox 2849 456 2865 488; x_wconf 69' lang='grc' dir='ltr'><strong>ι</strong></span> <span class='ocrx_word' id='word_1_133' title='bbox 2913 436 3011 506; x_wconf 79' lang='grc' dir='ltr'>οὐχ</span> <span class='ocrx_word' id='word_1_134' title='bbox 3044 435 3116 496; x_wconf 71' lang='grc' dir='ltr'><strong>ὡς</strong></span> <span class='ocrx_word' id='word_1_135' title='bbox 3157 434 3403 488; x_wconf 82' lang='grc' dir='ltr'>ἀσθενῶν</span> <span class='ocrx_word' id='word_1_136' title='bbox 3433 433 3648 505; x_wconf 82' lang='grc' dir='ltr'>ἀμῦναι</span> <span class='ocrx_word' id='word_1_137' title='bbox 3683 434 3871 506; x_wconf 64' lang='grc' dir='ltr'>ἐαυτῷ.</span> 
     </span>
    </p>
   </div>
   <div class='ocr_carea' id='block_1_21' title="bbox 2279 527 3874 601">
    <p class='ocr_par' dir='ltr' id='par_1_21' title="bbox 2279 527 3874 601">
     <span class='ocr_line' id='line_1_21' title="bbox 2279 527 3874 601; baseline -0.003 -17"><span class='ocrx_word' id='word_1_138' title='bbox 2279 531 2393 585; x_wconf 77' lang='grc' dir='ltr'>ἀλλ’</span> <span class='ocrx_word' id='word_1_139' title='bbox 2426 532 2501 594; x_wconf 84' lang='grc' dir='ltr'>ὡς</span> <span class='ocrx_word' id='word_1_140' title='bbox 2532 531 2722 601; x_wconf 84' lang='grc' dir='ltr'>ὁρίσας</span> <span class='ocrx_word' id='word_1_141' title='bbox 2754 529 2934 600; x_wconf 80' lang='grc' dir='ltr'>ἐαυτῷ</span> <span class='ocrx_word' id='word_1_142' title='bbox 2955 527 3047 582; x_wconf 81' lang='grc' dir='ltr'><strong>τὸν</strong></span> <span class='ocrx_word' id='word_1_143' title='bbox 3082 529 3314 582; x_wconf 85' lang='grc' dir='ltr'>θάνατον</span> <span class='ocrx_word' id='word_1_144' title='bbox 3357 530 3452 581; x_wconf 82' lang='grc' dir='ltr'>ἐπὶ</span> <span class='ocrx_word' id='word_1_145' title='bbox 3490 527 3743 599; x_wconf 70' lang='grc' dir='ltr'>σωτηρία</span> <span class='ocrx_word' id='word_1_146' title='bbox 3775 531 3874 583; x_wconf 78' lang='grc' dir='ltr'>τῶν</span> 
     </span>
    </p>
   </div>
   <div class='ocr_carea' id='block_1_22' title="bbox 2276 617 3875 695">
    <p class='ocr_par' dir='ltr' id='par_1_22' title="bbox 2276 617 3875 695">
     <span class='ocr_line' id='line_1_22' title="bbox 2276 617 3875 695; baseline -0.001 -18"><span class='ocrx_word' id='word_1_147' title='bbox 2276 623 2600 695; x_wconf 79' lang='grc' dir='ltr'>ἀνθρώπων.</span> <span class='ocrx_word' id='word_1_148' title='bbox 2638 642 2654 673; x_wconf 78' lang='grc' dir='ltr'><strong>ι</strong></span> <span class='ocrx_word' id='word_1_149' title='bbox 2703 621 2847 692; x_wconf 79' lang='grc' dir='ltr'>Πλὴν</span> <span class='ocrx_word' id='word_1_150' title='bbox 2877 621 3000 675; x_wconf 77' lang='grc' dir='ltr'>οὐαὶ</span> <span class='ocrx_word' id='word_1_151' title='bbox 3037 621 3113 692; x_wconf 81' lang='grc' dir='ltr'>τῷ</span> <span class='ocrx_word' id='word_1_152' title='bbox 3145 620 3423 692; x_wconf 81' lang='grc' dir='ltr'><strong>ἀνθρώπῳ</strong></span> <span class='ocrx_word' id='word_1_153' title='bbox 3468 621 3695 690; x_wconf 80' lang='grc' dir='ltr'>ἐκείνῳ,</span> <span class='ocrx_word' id='word_1_154' title='bbox 3723 621 3788 673; x_wconf 85' lang='grc' dir='ltr'>δι’</span> <span class='ocrx_word' id='word_1_155' title='bbox 3819 617 3875 675; x_wconf 78' lang='grc' dir='ltr'><strong>οῦ</strong></span> 
     </span>
    </p>
   </div>
   <div class='ocr_carea' id='block_1_23' title="bbox 2279 712 3875 786">
    <p class='ocr_par' dir='ltr' id='par_1_23' title="bbox 2279 712 3875 786">
     <span class='ocr_line' id='line_1_23' title="bbox 2279 712 3875 786; baseline -0.001 -19"><span class='ocrx_word' id='word_1_156' title='bbox 2279 714 2651 786; x_wconf 81' lang='grc' dir='ltr'><strong>παραδίδοται.</strong></span> <span class='ocrx_word' id='word_1_157' title='bbox 2686 733 2702 764; x_wconf 75' lang='grc' dir='ltr'><strong>ι</strong></span> <span class='ocrx_word' id='word_1_158' title='bbox 2737 713 2990 782; x_wconf 81' lang='grc' dir='ltr'>Ὤρισται</span> <span class='ocrx_word' id='word_1_159' title='bbox 3027 713 3127 783; x_wconf 80' lang='grc' dir='ltr'>μὲν</span> <span class='ocrx_word' id='word_1_160' title='bbox 3151 712 3258 782; x_wconf 81' lang='grc' dir='ltr'>γὰρ</span> <span class='ocrx_word' id='word_1_161' title='bbox 3289 713 3513 776; x_wconf 78' lang='grc' dir='ltr'><strong>παθεῖν,</strong></span> <span class='ocrx_word' id='word_1_162' title='bbox 3541 713 3685 765; x_wconf 75' lang='grc' dir='ltr'>ἀλλὰ</span> <span class='ocrx_word' id='word_1_163' title='bbox 3707 715 3769 766; x_wconf 68' lang='grc' dir='ltr'><strong>σὺ</strong></span> <span class='ocrx_word' id='word_1_164' title='bbox 3797 713 3875 765; x_wconf 69' lang='grc' dir='ltr'><strong>διὰ</strong></span> 
     </span>
    </p>
   </div>
   <div class='ocr_carea' id='block_1_24' title="bbox 2277 805 3878 879">
    <p class='ocr_par' dir='ltr' id='par_1_24' title="bbox 2277 805 3878 879">
     <span class='ocr_line' id='line_1_24' title="bbox 2277 805 3878 879; baseline -0.003 -18"><span class='ocrx_word' id='word_1_165' title='bbox 2277 809 2330 861; x_wconf 86' lang='grc' dir='ltr'><strong>τί</strong></span> <span class='ocrx_word' id='word_1_166' title='bbox 2368 808 2597 878; x_wconf 76' lang='grc' dir='ltr'><strong>εὑρέθης</strong></span> <span class='ocrx_word' id='word_1_167' title='bbox 2655 808 2848 870; x_wconf 79' lang='grc' dir='ltr'>κακὸς,</span> <span class='ocrx_word' id='word_1_168' title='bbox 2905 805 3047 859; x_wconf 83' lang='grc' dir='ltr'>ὥστε</span> <span class='ocrx_word' id='word_1_169' title='bbox 3098 806 3233 879; x_wconf 77' lang='grc' dir='ltr'>πρὸς</span> <span class='ocrx_word' id='word_1_170' title='bbox 3304 806 3610 876; x_wconf 78' lang='grc' dir='ltr'>προδοσίαν</span> <span class='ocrx_word' id='word_1_171' title='bbox 3671 807 3878 874; x_wconf 78' lang='grc' dir='ltr'>ἕτοιμος</span> 
     </span>
    </p>
   </div>
   <div class='ocr_carea' id='block_1_25' title="bbox 2278 895 3874 968">
    <p class='ocr_par' dir='ltr' id='par_1_25' title="bbox 2278 895 3874 968">
     <span class='ocr_line' id='line_1_25' title="bbox 2278 895 3874 968; baseline -0.004 -14"><span class='ocrx_word' id='word_1_172' title='bbox 2278 898 2458 968; x_wconf 57' lang='lat' dir='ltr'><strong>srvat;</strong></span> <span class='ocrx_word' id='word_1_173' title='bbox 2495 903 2591 954; x_wconf 80' lang='grc' dir='ltr'>Διά</span> <span class='ocrx_word' id='word_1_174' title='bbox 2622 899 2784 953; x_wconf 87' lang='grc' dir='ltr'>τοῦτο</span> <span class='ocrx_word' id='word_1_175' title='bbox 2815 895 2907 953; x_wconf 76' lang='grc' dir='ltr'><strong>οὖν</strong></span> <span class='ocrx_word' id='word_1_176' title='bbox 2942 917 3024 952; x_wconf 90' lang='grc' dir='ltr'><strong>σοι</strong></span> <span class='ocrx_word' id='word_1_177' title='bbox 3048 899 3108 952; x_wconf 80' lang='grc' dir='ltr'><strong>τὸ</strong></span> <span class='ocrx_word' id='word_1_178' title='bbox 3130 898 3253 952; x_wconf 73' lang='grc' dir='ltr'>οὐαὶ</span> <span class='ocrx_word' id='word_1_179' title='bbox 3279 898 3569 967; x_wconf 83' lang='grc' dir='ltr'>ἁποκεκλή</span> <span class='ocrx_word' id='word_1_180' title='bbox 3583 916 3778 964; x_wconf 76' lang='grc' dir='ltr'>ρωται,</span> <span class='ocrx_word' id='word_1_181' title='bbox 3803 900 3874 949; x_wconf 77' lang='grc' dir='ltr'>ὁτι</span> 
     </span>
    </p>
   </div>
   <div class='ocr_carea' id='block_1_26' title="bbox 2280 991 3880 1066">
    <p class='ocr_par' dir='ltr' id='par_1_26' title="bbox 2280 991 3880 1066">
     <span class='ocr_line' id='line_1_26' title="bbox 2280 991 3880 1066; baseline -0.003 -19"><span class='ocrx_word' id='word_1_182' title='bbox 2280 993 2512 1066; x_wconf 79' lang='grc' dir='ltr'>εὑρέθης</span> <span class='ocrx_word' id='word_1_183' title='bbox 2546 993 2856 1064; x_wconf 70' lang='grc' dir='ltr'>ἐπιτήδειος</span> <span class='ocrx_word' id='word_1_184' title='bbox 2898 994 2978 1055; x_wconf 85' lang='grc' dir='ltr'><strong>είς</strong></span> <span class='ocrx_word' id='word_1_185' title='bbox 3020 991 3317 1062; x_wconf 82' lang='grc' dir='ltr'>προδοσίαν</span> <span class='ocrx_word' id='word_1_186' title='bbox 3341 1009 3352 1021; x_wconf 88' lang='grc'>·</span> <span class='ocrx_word' id='word_1_187' title='bbox 3399 992 3530 1044; x_wconf 70' lang='grc' dir='ltr'>ἐπεὶ</span> <span class='ocrx_word' id='word_1_188' title='bbox 3563 993 3664 1043; x_wconf 72' lang='grc' dir='ltr'><strong>καὶ</strong></span> <span class='ocrx_word' id='word_1_189' title='bbox 3694 995 3722 1043; x_wconf 84' lang='grc' dir='ltr'>ὀ</span> <span class='ocrx_word' id='word_1_190' title='bbox 3769 992 3880 1058; x_wconf 51' lang='grc' dir='ltr'>ὅτις</span> 
     </span>
    </p>
   </div>
   <div class='ocr_carea' id='block_1_27' title="bbox 2279 1085 3881 1156">
    <p class='ocr_par' dir='ltr' id='par_1_27' title="bbox 2279 1085 3881 1156">
     <span class='ocr_line' id='line_1_27' title="bbox 2279 1085 3881 1156; baseline -0.001 -17"><span class='ocrx_word' id='word_1_191' title='bbox 2279 1087 2704 1156; x_wconf 83' lang='grc' dir='ltr'>ἐπικατάρατος,</span> <span class='ocrx_word' id='word_1_192' title='bbox 2742 1086 2876 1139; x_wconf 87' lang='grc' dir='ltr'>διότι</span> <span class='ocrx_word' id='word_1_193' title='bbox 2901 1085 3220 1156; x_wconf 81' lang='grc' dir='ltr'>ὑπούργησε</span> <span class='ocrx_word' id='word_1_194' title='bbox 3249 1087 3314 1155; x_wconf 80' lang='grc' dir='ltr'>τῇ</span> <span class='ocrx_word' id='word_1_195' title='bbox 3340 1085 3437 1137; x_wconf 84' lang='grc' dir='ltr'><strong>τοῦ</strong></span> <span class='ocrx_word' id='word_1_196' title='bbox 3461 1085 3721 1137; x_wconf 68' lang='grc' dir='ltr'>διαϐόλου</span> <span class='ocrx_word' id='word_1_197' title='bbox 3757 1101 3881 1153; x_wconf 73' lang='grc' dir='ltr'>συμ-</span> 
     </span>
    </p>
   </div>
   <div class='ocr_carea' id='block_1_28' title="bbox 2280 1177 3879 1250">
    <p class='ocr_par' dir='ltr' id='par_1_28' title="bbox 2280 1177 3879 1250">
     <span class='ocr_line' id='line_1_28' title="bbox 2280 1177 3879 1250; baseline -0.001 -19"><span class='ocrx_word' id='word_1_198' title='bbox 2280 1178 2468 1249; x_wconf 73' lang='grc' dir='ltr'>ϐουλῇ.</span> <span class='ocrx_word' id='word_1_199' title='bbox 2537 1178 2984 1250; x_wconf 76' lang='grc' dir='ltr'>Ἐθορυϐήθησαν</span> <span class='ocrx_word' id='word_1_200' title='bbox 3034 1178 3091 1230; x_wconf 88' lang='grc' dir='ltr'>δὲ</span> <span class='ocrx_word' id='word_1_201' title='bbox 3121 1177 3171 1230; x_wconf 81' lang='grc' dir='ltr'>οἱ</span> <span class='ocrx_word' id='word_1_202' title='bbox 3221 1177 3469 1248; x_wconf 73' lang='grc' dir='ltr'>μαθηταὶ</span> <span class='ocrx_word' id='word_1_203' title='bbox 3510 1179 3691 1230; x_wconf 83' lang='grc' dir='ltr'>ταῦτα</span> <span class='ocrx_word' id='word_1_204' title='bbox 3725 1179 3879 1230; x_wconf 62' lang='lat' dir='ltr'><strong>datod-</strong></span> 
     </span>
    </p>
   </div>
   <div class='ocr_carea' id='block_1_29' title="bbox 2282 1270 3884 1342">
    <p class='ocr_par' dir='ltr' id='par_1_29' title="bbox 2282 1270 3884 1342">
     <span class='ocr_line' id='line_1_29' title="bbox 2282 1270 3884 1342; baseline -0.001 -17"><span class='ocrx_word' id='word_1_205' title='bbox 2282 1289 2506 1336; x_wconf 81' lang='grc' dir='ltr'><strong>σαντες·</strong></span> <span class='ocrx_word' id='word_1_206' title='bbox 2541 1273 2635 1325; x_wconf 61' lang='grc' dir='ltr'><strong>καὶ⁴</strong></span> <span class='ocrx_word' id='word_1_207' title='bbox 2691 1271 2849 1325; x_wconf 87' lang='grc' dir='ltr'>τοῦτο</span> <span class='ocrx_word' id='word_1_208' title='bbox 2897 1271 3235 1342; x_wconf 77' lang='grc' dir='ltr'>πλατύτερον</span> <span class='ocrx_word' id='word_1_209' title='bbox 3271 1270 3502 1340; x_wconf 74' lang='grc' dir='ltr'>μαθήσῃ</span> <span class='ocrx_word' id='word_1_210' title='bbox 3557 1274 3620 1322; x_wconf 82' lang='grc' dir='ltr'><strong>ἐν</strong></span> <span class='ocrx_word' id='word_1_211' title='bbox 3650 1270 3884 1338; x_wconf 55' lang='lat' dir='ltr'><strong>mpm-.1</strong></span> 
     </span>
    </p>
   </div>
   <div class='ocr_carea' id='block_1_30' title="bbox 2293 1362 3883 1433">
    <p class='ocr_par' dir='ltr' id='par_1_30' title="bbox 2293 1362 3883 1433">
     <span class='ocr_line' id='line_1_30' title="bbox 2293 1362 3883 1433; baseline -0.002 -18"><span class='ocrx_word' id='word_1_212' title='bbox 2293 1362 2564 1433; x_wconf 85' lang='grc' dir='ltr'>Ἰωάννην.</span> <span class='ocrx_word' id='word_1_213' title='bbox 2600 1362 2713 1415; x_wconf 88' lang='grc' dir='ltr'>Νῦν</span> <span class='ocrx_word' id='word_1_214' title='bbox 2738 1363 2794 1416; x_wconf 81' lang='grc' dir='ltr'>δὲ</span> <span class='ocrx_word' id='word_1_215' title='bbox 2829 1363 2890 1415; x_wconf 85' lang='grc' dir='ltr'><strong>οὐ</strong></span> <span class='ocrx_word' id='word_1_216' title='bbox 2929 1362 3060 1432; x_wconf 75' lang='grc' dir='ltr'>περὶ</span> <span class='ocrx_word' id='word_1_217' title='bbox 3099 1363 3198 1431; x_wconf 82' lang='grc' dir='ltr'>τῆς</span> <span class='ocrx_word' id='word_1_218' title='bbox 3240 1362 3502 1424; x_wconf 80' lang='grc' dir='ltr'>ὑπονοίας</span> <span class='ocrx_word' id='word_1_219' title='bbox 3534 1363 3641 1431; x_wconf 76' lang='grc' dir='ltr'>τῆς</span> <span class='ocrx_word' id='word_1_220' title='bbox 3696 1362 3883 1431; x_wconf 65' lang='grc' dir='ltr'>προδο-</span> 
     </span>
    </p>
   </div>
   <div class='ocr_carea' id='block_1_31' title="bbox 2283 1451 3884 1523">
    <p class='ocr_par' dir='ltr' id='par_1_31' title="bbox 2283 1451 3884 1523">
     <span class='ocr_line' id='line_1_31' title="bbox 2283 1451 3884 1523; baseline -0.002 -16"><span class='ocrx_word' id='word_1_221' title='bbox 2283 1453 2405 1516; x_wconf 84' lang='grc' dir='ltr'>σίας</span> <span class='ocrx_word' id='word_1_222' title='bbox 2437 1453 2793 1523; x_wconf 73' lang='grc' dir='ltr'>θορυϐοῦνται</span> <span class='ocrx_word' id='word_1_223' title='bbox 2824 1453 3009 1522; x_wconf 87' lang='grc' dir='ltr'>μόνον,</span> <span class='ocrx_word' id='word_1_224' title='bbox 3047 1451 3164 1506; x_wconf 83' lang='grc' dir='ltr'>ἀλλ’</span> <span class='ocrx_word' id='word_1_225' title='bbox 3196 1455 3260 1505; x_wconf 81' lang='grc' dir='ltr'><strong>ἐκ</strong></span> <span class='ocrx_word' id='word_1_226' title='bbox 3299 1453 3495 1505; x_wconf 82' lang='grc' dir='ltr'>τούτου</span> <span class='ocrx_word' id='word_1_227' title='bbox 3528 1451 3626 1504; x_wconf 85' lang='grc' dir='ltr'><strong>τοῦ</strong></span> <span class='ocrx_word' id='word_1_228' title='bbox 3663 1453 3884 1520; x_wconf 60' lang='grc' dir='ltr'>θορὺεου</span> 
     </span>
    </p>
   </div>
   <div class='ocr_carea' id='block_1_32' title="bbox 2284 1545 3885 1619">
    <p class='ocr_par' dir='ltr' id='par_1_32' title="bbox 2284 1545 3885 1619">
     <span class='ocr_line' id='line_1_32' title="bbox 2284 1545 3885 1619; baseline -0.003 -20"><span class='ocrx_word' id='word_1_229' title='bbox 2284 1549 2378 1602; x_wconf 78' lang='grc' dir='ltr'><strong>καὶ</strong></span> <span class='ocrx_word' id='word_1_230' title='bbox 2410 1549 2489 1608; x_wconf 86' lang='grc' dir='ltr'><strong>είς</strong></span> <span class='ocrx_word' id='word_1_231' title='bbox 2523 1547 2639 1619; x_wconf 75' lang='grc' dir='ltr'>ἔριν</span> <span class='ocrx_word' id='word_1_232' title='bbox 2667 1548 2939 1617; x_wconf 80' lang='grc' dir='ltr'>ἔρχονται,</span> <span class='ocrx_word' id='word_1_233' title='bbox 2975 1545 3412 1615; x_wconf 75' lang='grc' dir='ltr'>φιλονεικοῦντες</span> <span class='ocrx_word' id='word_1_234' title='bbox 3468 1545 3552 1606; x_wconf 73' lang='grc' dir='ltr'><strong>τίς</strong></span> <span class='ocrx_word' id='word_1_235' title='bbox 3581 1545 3774 1599; x_wconf 72' lang='grc' dir='ltr'>αὐτῶν</span> <span class='ocrx_word' id='word_1_236' title='bbox 3807 1547 3885 1616; x_wconf 79' lang='grc' dir='ltr'><strong>εἴη</strong></span> 
     </span>
    </p>
   </div>
   <div class='ocr_carea' id='block_1_33' title="bbox 2285 1637 3885 1711">
    <p class='ocr_par' dir='ltr' id='par_1_33' title="bbox 2285 1637 3885 1711">
     <span class='ocr_line' id='line_1_33' title="bbox 2285 1637 3885 1711; baseline -0.001 -19"><span class='ocrx_word' id='word_1_237' title='bbox 2285 1640 2509 1711; x_wconf 74' lang='grc' dir='ltr'>μείζων.</span> <span class='ocrx_word' id='word_1_238' title='bbox 2547 1639 2837 1692; x_wconf 83' lang='grc' dir='ltr'>Ἐνέπεσον</span> <span class='ocrx_word' id='word_1_239' title='bbox 2865 1639 2919 1692; x_wconf 86' lang='grc' dir='ltr'><strong>δέ</strong></span> <span class='ocrx_word' id='word_1_240' title='bbox 2946 1643 3024 1703; x_wconf 87' lang='grc' dir='ltr'><strong>είς</strong></span> <span class='ocrx_word' id='word_1_241' title='bbox 3042 1638 3247 1708; x_wconf 89' lang='grc' dir='ltr'>ταύτην</span> <span class='ocrx_word' id='word_1_242' title='bbox 3277 1639 3376 1708; x_wconf 83' lang='grc' dir='ltr'><strong>τὴν</strong></span> <span class='ocrx_word' id='word_1_243' title='bbox 3404 1638 3526 1707; x_wconf 82' lang='grc' dir='ltr'>ἔριν</span> <span class='ocrx_word' id='word_1_244' title='bbox 3551 1637 3885 1700; x_wconf 75' lang='grc' dir='ltr'><strong>ἀκολούθως.</strong></span> 
     </span>
    </p>
   </div>
   <div class='ocr_carea' id='block_1_34' title="bbox 2295 1724 3886 1803">
    <p class='ocr_par' dir='ltr' id='par_1_34' title="bbox 2295 1724 3886 1803">
     <span class='ocr_line' id='line_1_34' title="bbox 2295 1724 3886 1803; baseline -0.001 -19"><span class='ocrx_word' id='word_1_245' title='bbox 2295 1732 2449 1784; x_wconf 70' lang='grc' dir='ltr'>Ἐπεὶ</span> <span class='ocrx_word' id='word_1_246' title='bbox 2511 1732 2618 1803; x_wconf 85' lang='grc' dir='ltr'><strong>γὰρ</strong></span> <span class='ocrx_word' id='word_1_247' title='bbox 2653 1731 2790 1802; x_wconf 83' lang='grc' dir='ltr'>πρὸς</span> <span class='ocrx_word' id='word_1_248' title='bbox 2829 1731 3095 1802; x_wconf 77' lang='grc' dir='ltr'><strong>ἀλλήλους</strong></span> <span class='ocrx_word' id='word_1_249' title='bbox 3156 1730 3304 1794; x_wconf 80' lang='grc' dir='ltr'>εἰκὸς</span> <span class='ocrx_word' id='word_1_250' title='bbox 3353 1724 3422 1798; x_wconf 80' lang='grc' dir='ltr'>ἦν</span> <span class='ocrx_word' id='word_1_251' title='bbox 3453 1729 3668 1797; x_wconf 84' lang='grc' dir='ltr'>λέγειν,</span> <span class='ocrx_word' id='word_1_252' title='bbox 3714 1731 3798 1783; x_wconf 82' lang='grc' dir='ltr'><strong>ὅτι</strong></span> <span class='ocrx_word' id='word_1_253' title='bbox 3823 1729 3886 1782; x_wconf 62' lang='grc' dir='ltr'>Σὺ</span> 
     </span>
    </p>
   </div>
   <div class='ocr_carea' id='block_1_35' title="bbox 584 1810 2174 1910">
    <p class='ocr_par' dir='ltr' id='par_1_35' title="bbox 584 1823 2174 1910">
     <span class='ocr_line' id='line_1_35' title="bbox 584 1823 2174 1910; baseline -0.014 -12"><span class='ocrx_word' id='word_1_254' title='bbox 584 1859 701 1899; x_wconf 86' lang='lat' dir='ltr'><strong>sum</strong></span> <span class='ocrx_word' id='word_1_255' title='bbox 728 1839 923 1910; x_wconf 82' lang='lat' dir='ltr'><strong>major,</strong></span> <span class='ocrx_word' id='word_1_256' title='bbox 963 1848 1014 1892; x_wconf 92' lang='lat' dir='ltr'><strong>et</strong></span> <span class='ocrx_word' id='word_1_257' title='bbox 1042 1834 1261 1890; x_wconf 85' lang='lat' dir='ltr'><strong>similia.</strong></span> <span class='ocrx_word' id='word_1_258' title='bbox 1296 1831 1435 1898; x_wconf 87' lang='lat' dir='ltr'><strong>Quid</strong></span> <span class='ocrx_word' id='word_1_259' title='bbox 1479 1829 1642 1898; x_wconf 81' lang='lat' dir='ltr'><strong>igitur</strong></span> <span class='ocrx_word' id='word_1_260' title='bbox 1677 1824 1974 1880; x_wconf 87' lang='lat' dir='ltr'><strong>Dominus?</strong></span> <span class='ocrx_word' id='word_1_261' title='bbox 2016 1823 2174 1877; x_wconf 86' lang='lat' dir='ltr'><strong>Com-</strong></span> 
     </span>
    </p>
   </div>
   <div class='ocr_carea' id='block_1_36' title="bbox 2282 1810 3886 1910">
    <p class='ocr_par' dir='ltr' id='par_1_36' title="bbox 2282 1820 3886 1897">
     <span class='ocr_line' id='line_1_36' title="bbox 2282 1820 3886 1897; baseline -0.003 -18"><span class='ocrx_word' id='word_1_262' title='bbox 2282 1826 2498 1897; x_wconf 84' lang='grc' dir='ltr'>μέλλεις</span> <span class='ocrx_word' id='word_1_263' title='bbox 2546 1826 2852 1896; x_wconf 83' lang='grc' dir='ltr'>προδιδόναι</span> <span class='ocrx_word' id='word_1_264' title='bbox 2875 1841 2889 1856; x_wconf 77' lang='grc' dir='ltr'><strong>ο</strong></span> <span class='ocrx_word' id='word_1_265' title='bbox 2943 1826 3037 1877; x_wconf 69' lang='grc' dir='ltr'><strong>καὶ</strong></span> <span class='ocrx_word' id='word_1_266' title='bbox 3070 1820 3136 1878; x_wconf 74' lang='grc' dir='ltr'>αὖ</span> <span class='ocrx_word' id='word_1_267' title='bbox 3165 1824 3372 1886; x_wconf 85' lang='grc' dir='ltr'>ἐκεῖνος</span> <span class='ocrx_word' id='word_1_268' title='bbox 3407 1822 3614 1894; x_wconf 83' lang='grc' dir='ltr'>τούτῳ,</span> <span class='ocrx_word' id='word_1_269' title='bbox 3646 1825 3732 1876; x_wconf 81' lang='grc' dir='ltr'><strong>δτι</strong></span> <span class='ocrx_word' id='word_1_270' title='bbox 3788 1823 3853 1874; x_wconf 79' lang='grc' dir='ltr'>Σύ</span> <span class='ocrx_word' id='word_1_271' title='bbox 3875 1838 3886 1850; x_wconf 89' lang='grc'><strong>·</strong></span> 
     </span>
    </p>
   </div>
   <div class='ocr_carea' id='block_1_37' title="bbox 583 1917 2174 2008">
    <p class='ocr_par' dir='ltr' id='par_1_37' title="bbox 583 1917 2174 2008">
     <span class='ocr_line' id='line_1_37' title="bbox 583 1917 2174 2008; baseline -0.013 -18"><span class='ocrx_word' id='word_1_272' title='bbox 583 1937 770 2008; x_wconf 81' lang='lat' dir='ltr'><strong>primit</strong></span> <span class='ocrx_word' id='word_1_273' title='bbox 817 1930 1098 1986; x_wconf 90' lang='lat' dir='ltr'><strong>tumnlttttn</strong></span> <span class='ocrx_word' id='word_1_274' title='bbox 1160 1927 1304 1980; x_wconf 88' lang='lat' dir='ltr'><strong>hunc</strong></span> <span class='ocrx_word' id='word_1_275' title='bbox 1337 1923 1544 1977; x_wconf 88' lang='lat' dir='ltr'><strong>duobus</strong></span> <span class='ocrx_word' id='word_1_276' title='bbox 1579 1920 1864 1989; x_wconf 85' lang='lat' dir='ltr'><strong>exemplis.</strong></span> <span class='ocrx_word' id='word_1_277' title='bbox 1892 1917 2011 1972; x_wconf 90' lang='lat' dir='ltr'><strong>Uno</strong></span> <span class='ocrx_word' id='word_1_278' title='bbox 2043 1930 2174 1985; x_wconf 89' lang='lat' dir='ltr'><strong>gen-</strong></span> 
     </span>
    </p>
   </div>
   <div class='ocr_carea' id='block_1_38' title="bbox 582 2009 2173 2092">
    <p class='ocr_par' dir='ltr' id='par_1_38' title="bbox 582 2009 2173 2092">
     <span class='ocr_line' id='line_1_38' title="bbox 582 2009 2173 2092; baseline -0.016 -7"><span class='ocrx_word' id='word_1_279' title='bbox 582 2027 784 2089; x_wconf 89' lang='lat' dir='ltr'><strong>tilium,</strong></span> <span class='ocrx_word' id='word_1_280' title='bbox 839 2039 974 2092; x_wconf 88' lang='lat' dir='ltr'><strong>quos</strong></span> <span class='ocrx_word' id='word_1_281' title='bbox 1023 2018 1474 2074; x_wconf 86' lang='lat' dir='ltr'><strong>abominabantur</strong></span> <span class='ocrx_word' id='word_1_282' title='bbox 1509 2033 1522 2072; x_wconf 93' lang='lat'><strong>:</strong></span> <span class='ocrx_word' id='word_1_283' title='bbox 1556 2015 1848 2069; x_wconf 73' lang='lat' dir='ltr'><strong>ostendens</strong></span> <span class='ocrx_word' id='word_1_284' title='bbox 1895 2009 2036 2078; x_wconf 88' lang='lat' dir='ltr'><strong>quod</strong></span> <span class='ocrx_word' id='word_1_285' title='bbox 2068 2009 2173 2062; x_wconf 90' lang='lat' dir='ltr'><strong>illis</strong></span> 
     </span>
    </p>
   </div>
   <div class='ocr_carea' id='block_1_39' title="bbox 585 2097 2171 2177">
    <p class='ocr_par' dir='ltr' id='par_1_39' title="bbox 585 2097 2171 2177">
     <span class='ocr_line' id='line_1_39' title="bbox 585 2097 2171 2177; baseline -0.016 -4"><span class='ocrx_word' id='word_1_286' title='bbox 585 2113 918 2173; x_wconf 86' lang='lat' dir='ltr'><strong>assimilandi</strong></span> <span class='ocrx_word' id='word_1_287' title='bbox 953 2113 1083 2176; x_wconf 90' lang='lat' dir='ltr'><strong>sint,</strong></span> <span class='ocrx_word' id='word_1_288' title='bbox 1117 2109 1160 2163; x_wconf 92' lang='lat' dir='ltr'><strong>si</strong></span> <span class='ocrx_word' id='word_1_289' title='bbox 1186 2107 1398 2177; x_wconf 85' lang='lat' dir='ltr'><strong>sapiant</strong></span> <span class='ocrx_word' id='word_1_290' title='bbox 1425 2103 1641 2158; x_wconf 81' lang='lat' dir='ltr'><strong>similia.</strong></span> <span class='ocrx_word' id='word_1_291' title='bbox 1673 2101 1854 2155; x_wconf 80' lang='lat' dir='ltr'><strong>Altero</strong></span> <span class='ocrx_word' id='word_1_292' title='bbox 1887 2097 2053 2169; x_wconf 69' lang='grc'><strong>470</strong></span> <span class='ocrx_word' id='word_1_293' title='bbox 2080 2111 2171 2149; x_wconf 86' lang='lat' dir='ltr'><strong>au-</strong></span> 
     </span>
    </p>
   </div>
   <div class='ocr_carea' id='block_1_40' title="bbox 587 2186 2174 2268">
    <p class='ocr_par' dir='ltr' id='par_1_40' title="bbox 587 2186 2174 2268">
     <span class='ocr_line' id='line_1_40' title="bbox 587 2186 2174 2268; baseline -0.013 -9"><span class='ocrx_word' id='word_1_294' title='bbox 587 2219 692 2261; x_wconf 90' lang='lat' dir='ltr'><strong>tem</strong></span> <span class='ocrx_word' id='word_1_295' title='bbox 727 2217 824 2257; x_wconf 73' lang='lat' dir='ltr'><strong>suo</strong></span> <span class='ocrx_word' id='word_1_296' title='bbox 849 2201 1115 2268; x_wconf 72' lang='lat' dir='ltr'><strong>exemplo.</strong></span> <span class='ocrx_word' id='word_1_297' title='bbox 1141 2198 1248 2252; x_wconf 82' lang='lat' dir='ltr'><strong>Eos</strong></span> <span class='ocrx_word' id='word_1_298' title='bbox 1273 2194 1415 2250; x_wconf 89' lang='lat' dir='ltr'><strong>enim</strong></span> <span class='ocrx_word' id='word_1_299' title='bbox 1449 2195 1516 2247; x_wconf 90' lang='lat' dir='ltr'><strong>ad</strong></span> <span class='ocrx_word' id='word_1_300' title='bbox 1543 2191 1902 2245; x_wconf 88' lang='lat' dir='ltr'><strong>humilitatem</strong></span> <span class='ocrx_word' id='word_1_301' title='bbox 1926 2186 2174 2253; x_wconf 76' lang='lat' dir='ltr'><strong>exemplo</strong></span> 
     </span>
    </p>
   </div>
   <div class='ocr_carea' id='block_1_41' title="bbox 584 2281 2172 2362">
    <p class='ocr_par' dir='ltr' id='par_1_41' title="bbox 584 2281 2172 2362">
     <span class='ocr_line' id='line_1_41' title="bbox 584 2281 2172 2362; baseline -0.014 -7"><span class='ocrx_word' id='word_1_302' title='bbox 584 2315 682 2355; x_wconf 88' lang='lat' dir='ltr'><strong>suo</strong></span> <span class='ocrx_word' id='word_1_303' title='bbox 706 2298 875 2362; x_wconf 86' lang='lat' dir='ltr'><strong>ducit,</strong></span> <span class='ocrx_word' id='word_1_304' title='bbox 897 2294 1187 2352; x_wconf 90' lang='lat' dir='ltr'><strong>ostendens</strong></span> <span class='ocrx_word' id='word_1_305' title='bbox 1221 2288 1366 2360; x_wconf 90' lang='lat' dir='ltr'><strong>quod</strong></span> <span class='ocrx_word' id='word_1_306' title='bbox 1401 2288 1513 2356; x_wconf 90' lang='lat' dir='ltr'><strong>ipse</strong></span> <span class='ocrx_word' id='word_1_307' title='bbox 1539 2287 1804 2340; x_wconf 85' lang='lat' dir='ltr'><strong>ministret</strong></span> <span class='ocrx_word' id='word_1_308' title='bbox 1833 2281 1929 2336; x_wconf 90' lang='lat' dir='ltr'><strong>eis.</strong></span> <span class='ocrx_word' id='word_1_309' title='bbox 1962 2281 2172 2334; x_wconf 88' lang='lat' dir='ltr'><strong>Etenim</strong></span> 
     </span>
    </p>
   </div>
   <div class='ocr_carea' id='block_1_42' title="bbox 583 2371 2174 2458">
    <p class='ocr_par' dir='ltr' id='par_1_42' title="bbox 583 2371 2174 2458">
     <span class='ocr_line' id='line_1_42' title="bbox 583 2371 2174 2458; baseline -0.013 -11"><span class='ocrx_word' id='word_1_310' title='bbox 583 2402 735 2458; x_wconf 80' lang='lat' dir='ltr'><strong>tunc,</strong></span> <span class='ocrx_word' id='word_1_311' title='bbox 772 2392 915 2445; x_wconf 85' lang='lat' dir='ltr'><strong>sicut</strong></span> <span class='ocrx_word' id='word_1_312' title='bbox 959 2389 1162 2441; x_wconf 90' lang='lat' dir='ltr'><strong>dictum</strong></span> <span class='ocrx_word' id='word_1_313' title='bbox 1221 2391 1323 2447; x_wconf 89' lang='lat' dir='ltr'><strong>est,</strong></span> <span class='ocrx_word' id='word_1_314' title='bbox 1369 2395 1558 2451; x_wconf 87' lang='lat' dir='ltr'><strong>panem</strong></span> <span class='ocrx_word' id='word_1_315' title='bbox 1588 2393 1742 2431; x_wconf 73' lang='lat' dir='ltr'><strong>suum</strong></span> <span class='ocrx_word' id='word_1_316' title='bbox 1790 2386 1842 2430; x_wconf 89' lang='lat' dir='ltr'><strong>et</strong></span> <span class='ocrx_word' id='word_1_317' title='bbox 1867 2383 2051 2445; x_wconf 89' lang='lat' dir='ltr'><strong>potum</strong></span> <span class='ocrx_word' id='word_1_318' title='bbox 2091 2371 2174 2426; x_wconf 86' lang='lat' dir='ltr'><strong>di-</strong></span> 
     </span>
    </p>
   </div>
   <div class='ocr_carea' id='block_1_43' title="bbox 587 2465 2176 2556">
    <p class='ocr_par' dir='ltr' id='par_1_43' title="bbox 587 2465 2176 2556">
     <span class='ocr_line' id='line_1_43' title="bbox 587 2465 2176 2556; baseline -0.016 -16"><span class='ocrx_word' id='word_1_319' title='bbox 587 2483 827 2540; x_wconf 86' lang='lat' dir='ltr'><strong>stribuit.</strong></span> <span class='ocrx_word' id='word_1_320' title='bbox 887 2477 1021 2556; x_wconf 68' lang='lat' dir='ltr'><strong>Qum</strong></span> <span class='ocrx_word' id='word_1_321' title='bbox 1074 2477 1237 2543; x_wconf 83' lang='lat' dir='ltr'><strong>igitur</strong></span> <span class='ocrx_word' id='word_1_322' title='bbox 1265 2487 1386 2543; x_wconf 87' lang='lat' dir='ltr'><strong>ego,</strong></span> <span class='ocrx_word' id='word_1_323' title='bbox 1420 2484 1581 2541; x_wconf 89' lang='lat' dir='ltr'><strong>quem</strong></span> <span class='ocrx_word' id='word_1_324' title='bbox 1614 2467 1789 2522; x_wconf 87' lang='lat' dir='ltr'><strong>omnis</strong></span> <span class='ocrx_word' id='word_1_325' title='bbox 1821 2465 2095 2519; x_wconf 81' lang='lat' dir='ltr'><strong>rationalis</strong></span> <span class='ocrx_word' id='word_1_326' title='bbox 2123 2471 2176 2516; x_wconf 90' lang='lat' dir='ltr'><strong>et</strong></span> 
     </span>
    </p>
   </div>
   <div class='ocr_carea' id='block_1_44' title="bbox 582 2559 2171 2646">
    <p class='ocr_par' dir='ltr' id='par_1_44' title="bbox 582 2559 2171 2646">
     <span class='ocr_line' id='line_1_44' title="bbox 582 2559 2171 2646; baseline -0.015 -15"><span class='ocrx_word' id='word_1_327' title='bbox 582 2577 824 2646; x_wconf 78' lang='lat' dir='ltr'><strong>angelica</strong></span> <span class='ocrx_word' id='word_1_328' title='bbox 855 2581 1104 2627; x_wconf 79' lang='lat' dir='ltr'><strong>creatura</strong></span> <span class='ocrx_word' id='word_1_329' title='bbox 1130 2569 1379 2631; x_wconf 85' lang='lat' dir='ltr'><strong>adorant,</strong></span> <span class='ocrx_word' id='word_1_330' title='bbox 1409 2565 1458 2618; x_wconf 85' lang='lat' dir='ltr'><strong>iit</strong></span> <span class='ocrx_word' id='word_1_331' title='bbox 1495 2563 1673 2617; x_wconf 87' lang='lat' dir='ltr'><strong>medio</strong></span> <span class='ocrx_word' id='word_1_332' title='bbox 1700 2560 1862 2614; x_wconf 89' lang='lat' dir='ltr'><strong>vestri</strong></span> <span class='ocrx_word' id='word_1_333' title='bbox 1889 2559 2135 2611; x_wconf 88' lang='lat' dir='ltr'><strong>ministro</strong></span> <span class='ocrx_word' id='word_1_334' title='bbox 2157 2594 2171 2619; x_wconf 94' lang='lat'><strong>,</strong></span> 
     </span>
    </p>
   </div>
   <div class='ocr_carea' id='block_1_45' title="bbox 585 2649 2175 2741">
    <p class='ocr_par' dir='ltr' id='par_1_45' title="bbox 585 2649 2175 2741">
     <span class='ocr_line' id='line_1_45' title="bbox 585 2649 2175 2741; baseline -0.016 -17"><span class='ocrx_word' id='word_1_335' title='bbox 585 2667 855 2741; x_wconf 75' lang='lat' dir='ltr'><strong>quomodo</strong></span> <span class='ocrx_word' id='word_1_336' title='bbox 883 2679 977 2718; x_wconf 86' lang='lat' dir='ltr'><strong>vos</strong></span> <span class='ocrx_word' id='word_1_337' title='bbox 1015 2663 1157 2731; x_wconf 81' lang='lat' dir='ltr'><strong>digni</strong></span> <span class='ocrx_word' id='word_1_338' title='bbox 1187 2659 1318 2714; x_wconf 87' lang='lat' dir='ltr'><strong>estis</strong></span> <span class='ocrx_word' id='word_1_339' title='bbox 1358 2657 1448 2726; x_wconf 88' lang='lat' dir='ltr'><strong>qui</strong></span> <span class='ocrx_word' id='word_1_340' title='bbox 1485 2669 1672 2725; x_wconf 83' lang='lat' dir='ltr'><strong>magna</strong></span> <span class='ocrx_word' id='word_1_341' title='bbox 1705 2653 1771 2706; x_wconf 89' lang='lat' dir='ltr'><strong>de</strong></span> <span class='ocrx_word' id='word_1_342' title='bbox 1795 2650 1944 2704; x_wconf 93' lang='lat' dir='ltr'><strong>vobis</strong></span> <span class='ocrx_word' id='word_1_343' title='bbox 1973 2649 2175 2702; x_wconf 89' lang='lat' dir='ltr'><strong>sentia-</strong></span> 
     </span>
    </p>
   </div>
   <div class='ocr_carea' id='block_1_46' title="bbox 587 2738 2174 2827">
    <p class='ocr_par' dir='ltr' id='par_1_46' title="bbox 587 2738 2174 2827">
     <span class='ocr_line' id='line_1_46' title="bbox 587 2738 2174 2827; baseline -0.014 -13"><span class='ocrx_word' id='word_1_344' title='bbox 587 2738 675 2823; x_wconf 81' lang='lat' dir='ltr'><strong>tis,</strong></span> <span class='ocrx_word' id='word_1_345' title='bbox 725 2771 778 2812; x_wconf 90' lang='lat' dir='ltr'><strong>et</strong></span> <span class='ocrx_word' id='word_1_346' title='bbox 808 2759 1012 2827; x_wconf 87' lang='lat' dir='ltr'><strong>primas</strong></span> <span class='ocrx_word' id='word_1_347' title='bbox 1044 2760 1224 2822; x_wconf 82' lang='lat' dir='ltr'><strong>partes</strong></span> <span class='ocrx_word' id='word_1_348' title='bbox 1273 2747 1500 2819; x_wconf 71' lang='lat' dir='ltr'><strong>cap‘atis</strong></span> <span class='ocrx_word' id='word_1_349' title='bbox 1529 2747 1551 2799; x_wconf 90' lang='lat'><strong>?</strong></span> <span class='ocrx_word' id='word_1_350' title='bbox 1583 2743 1808 2799; x_wconf 84' lang='lat' dir='ltr'><strong>Videtur</strong></span> <span class='ocrx_word' id='word_1_351' title='bbox 1832 2752 2010 2796; x_wconf 82' lang='lat' dir='ltr'><strong>autem</strong></span> <span class='ocrx_word' id='word_1_352' title='bbox 2043 2738 2174 2792; x_wconf 91' lang='lat' dir='ltr'><strong>mihi</strong></span> 
     </span>
    </p>
   </div>
   <div class='ocr_carea' id='block_1_47' title="bbox 587 2832 2174 2914">
    <p class='ocr_par' dir='ltr' id='par_1_47' title="bbox 587 2832 2174 2914">
     <span class='ocr_line' id='line_1_47' title="bbox 587 2832 2174 2914; baseline -0.015 -7"><span class='ocrx_word' id='word_1_353' title='bbox 587 2869 692 2907; x_wconf 90' lang='lat' dir='ltr'><strong>non</strong></span> <span class='ocrx_word' id='word_1_354' title='bbox 722 2850 895 2903; x_wconf 84' lang='lat' dir='ltr'><strong>obiter</strong></span> <span class='ocrx_word' id='word_1_355' title='bbox 930 2846 1091 2914; x_wconf 82' lang='lat' dir='ltr'><strong>hujus</strong></span> <span class='ocrx_word' id='word_1_356' title='bbox 1123 2841 1393 2898; x_wconf 85' lang='lat' dir='ltr'><strong>recubitus</strong></span> <span class='ocrx_word' id='word_1_357' title='bbox 1428 2849 1482 2893; x_wconf 79' lang='grc' dir='ltr'><strong>ιιι</strong></span> <span class='ocrx_word' id='word_1_358' title='bbox 1516 2834 1801 2890; x_wconf 89' lang='lat' dir='ltr'><strong>ministerii</strong></span> <span class='ocrx_word' id='word_1_359' title='bbox 1842 2832 2174 2895; x_wconf 86' lang='lat' dir='ltr'><strong>meminisse,</strong></span> 
     </span>
    </p>
   </div>
   <div class='ocr_carea' id='block_1_48' title="bbox 588 2926 2178 3002">
    <p class='ocr_par' dir='ltr' id='par_1_48' title="bbox 588 2926 2178 3002">
     <span class='ocr_line' id='line_1_48' title="bbox 588 2926 2178 3002; baseline -0.014 -4"><span class='ocrx_word' id='word_1_360' title='bbox 588 2947 684 3002; x_wconf 75' lang='lat' dir='ltr'><strong>sed</strong></span> <span class='ocrx_word' id='word_1_361' title='bbox 706 2947 968 3002; x_wconf 82' lang='lat' dir='ltr'><strong>reducere</strong></span> <span class='ocrx_word' id='word_1_362' title='bbox 1005 2939 1085 2993; x_wconf 82' lang='lat' dir='ltr'><strong>eis</strong></span> <span class='ocrx_word' id='word_1_363' title='bbox 1116 2938 1169 2991; x_wconf 91' lang='lat' dir='ltr'><strong>in</strong></span> <span class='ocrx_word' id='word_1_364' title='bbox 1217 2933 1557 2994; x_wconf 87' lang='lat' dir='ltr'><strong>memoriam,</strong></span> <span class='ocrx_word' id='word_1_365' title='bbox 1610 2928 1736 2998; x_wconf 85' lang='lat' dir='ltr'><strong>quia</strong></span> <span class='ocrx_word' id='word_1_366' title='bbox 1792 2926 1866 2980; x_wconf 89' lang='lat' dir='ltr'><strong>De</strong></span> <span class='ocrx_word' id='word_1_367' title='bbox 1905 2939 2014 2978; x_wconf 91' lang='lat' dir='ltr'><strong>uno</strong></span> <span class='ocrx_word' id='word_1_368' title='bbox 2041 2937 2178 2992; x_wconf 89' lang='lat' dir='ltr'><strong>pane</strong></span> 
     </span>
    </p>
   </div>
   <div class='ocr_carea' id='block_1_49' title="bbox 585 3019 2175 3097">
    <p class='ocr_par' dir='ltr' id='par_1_49' title="bbox 585 3019 2175 3097">
     <span class='ocr_line' id='line_1_49' title="bbox 585 3019 2175 3097; baseline -0.016 -7"><span class='ocrx_word' id='word_1_369' title='bbox 585 3033 919 3097; x_wconf 78' lang='lat' dir='ltr'><strong>comedistis,</strong></span> <span class='ocrx_word' id='word_1_370' title='bbox 950 3037 1005 3083; x_wconf 85' lang='lat' dir='ltr'><strong>et</strong></span> <span class='ocrx_word' id='word_1_371' title='bbox 1026 3043 1091 3083; x_wconf 80' lang='lat' dir='ltr'><strong>ex</strong></span> <span class='ocrx_word' id='word_1_372' title='bbox 1125 3041 1228 3080; x_wconf 89' lang='lat' dir='ltr'><strong>uno</strong></span> <span class='ocrx_word' id='word_1_373' title='bbox 1258 3023 1426 3079; x_wconf 83' lang='lat' dir='ltr'><strong>calice</strong></span> <span class='ocrx_word' id='word_1_374' title='bbox 1468 3020 1702 3084; x_wconf 86' lang='lat' dir='ltr'><strong>bibistis,</strong></span> <span class='ocrx_word' id='word_1_375' title='bbox 1735 3019 1937 3072; x_wconf 88' lang='lat' dir='ltr'><strong>amicos</strong></span> <span class='ocrx_word' id='word_1_376' title='bbox 1965 3025 2019 3070; x_wconf 93' lang='lat' dir='ltr'><strong>et</strong></span> <span class='ocrx_word' id='word_1_377' title='bbox 2043 3028 2175 3067; x_wconf 83' lang='lat' dir='ltr'><strong>tma-</strong></span> 
     </span>
    </p>
   </div>
   <div class='ocr_carea' id='block_1_50' title="bbox 589 3110 2176 3185">
    <p class='ocr_par' dir='ltr' id='par_1_50' title="bbox 589 3110 2176 3185">
     <span class='ocr_line' id='line_1_50' title="bbox 589 3110 2176 3185; baseline -0.015 0"><span class='ocrx_word' id='word_1_378' title='bbox 589 3133 764 3185; x_wconf 87' lang='lat' dir='ltr'><strong>uimes</strong></span> <span class='ocrx_word' id='word_1_379' title='bbox 811 3141 917 3180; x_wconf 89' lang='lat' dir='ltr'><strong>una</strong></span> <span class='ocrx_word' id='word_1_380' title='bbox 959 3135 1149 3177; x_wconf 81' lang='lat' dir='ltr'><strong>mensa</strong></span> <span class='ocrx_word' id='word_1_381' title='bbox 1199 3119 1324 3174; x_wconf 81' lang='lat' dir='ltr'><strong>fecit</strong></span> <span class='ocrx_word' id='word_1_382' title='bbox 1365 3135 1378 3171; x_wconf 91' lang='lat'>:</span> <span class='ocrx_word' id='word_1_383' title='bbox 1427 3130 1597 3185; x_wconf 89' lang='lat' dir='ltr'><strong>quare</strong></span> <span class='ocrx_word' id='word_1_384' title='bbox 1653 3127 1782 3180; x_wconf 79' lang='lat' dir='ltr'><strong>ergo</strong></span> <span class='ocrx_word' id='word_1_385' title='bbox 1823 3110 2012 3180; x_wconf 87' lang='lat' dir='ltr'><strong>sapitis</strong></span> <span class='ocrx_word' id='word_1_386' title='bbox 2056 3121 2176 3178; x_wconf 64' lang='lat' dir='ltr'><strong>quae</strong></span> 
     </span>
    </p>
   </div>
   <div class='ocr_carea' id='block_1_51' title="bbox 593 3202 2172 3280">
    <p class='ocr_par' dir='ltr' id='par_1_51' title="bbox 593 3202 2172 3280">
     <span class='ocr_line' id='line_1_51' title="bbox 593 3202 2172 3280; baseline -0.015 -2"><span class='ocrx_word' id='word_1_387' title='bbox 593 3225 726 3278; x_wconf 88' lang='lat' dir='ltr'><strong>tales</strong></span> <span class='ocrx_word' id='word_1_388' title='bbox 753 3235 864 3277; x_wconf 89' lang='lat' dir='ltr'><strong>non</strong></span> <span class='ocrx_word' id='word_1_389' title='bbox 895 3221 1084 3272; x_wconf 87' lang='lat' dir='ltr'><strong>decent</strong></span> <span class='ocrx_word' id='word_1_390' title='bbox 1109 3215 1130 3268; x_wconf 89' lang='lat'><strong>?</strong></span> <span class='ocrx_word' id='word_1_391' title='bbox 1176 3214 1242 3268; x_wconf 86' lang='lat' dir='ltr'><strong>Et</strong></span> <span class='ocrx_word' id='word_1_392' title='bbox 1277 3226 1452 3280; x_wconf 84' lang='lat' dir='ltr'><strong>neque</strong></span> <span class='ocrx_word' id='word_1_393' title='bbox 1477 3223 1574 3279; x_wconf 75' lang='lat' dir='ltr'><strong>ego</strong></span> <span class='ocrx_word' id='word_1_394' title='bbox 1601 3206 1691 3260; x_wconf 89' lang='lat' dir='ltr'><strong>uni</strong></span> <span class='ocrx_word' id='word_1_395' title='bbox 1713 3206 1927 3275; x_wconf 87' lang='lat' dir='ltr'><strong>quidem</strong></span> <span class='ocrx_word' id='word_1_396' title='bbox 1955 3202 2172 3264; x_wconf 79' lang='lat' dir='ltr'><strong>servivi,</strong></span> 
     </span>
    </p>
   </div>
   <div class='ocr_carea' id='block_1_52' title="bbox 592 3296 2176 3370">
    <p class='ocr_par' dir='ltr' id='par_1_52' title="bbox 592 3296 2176 3370">
     <span class='ocr_line' id='line_1_52' title="bbox 592 3296 2176 3370; baseline -0.015 -1"><span class='ocrx_word' id='word_1_397' title='bbox 592 3315 749 3370; x_wconf 84' lang='lat' dir='ltr'><strong>alteri</strong></span> <span class='ocrx_word' id='word_1_398' title='bbox 780 3321 960 3366; x_wconf 88' lang='lat' dir='ltr'><strong>autem</strong></span> <span class='ocrx_word' id='word_1_399' title='bbox 997 3323 1102 3362; x_wconf 90' lang='lat' dir='ltr'><strong>non</strong></span> <span class='ocrx_word' id='word_1_400' title='bbox 1147 3304 1366 3367; x_wconf 77' lang='lat' dir='ltr'><strong>servivi,</strong></span> <span class='ocrx_word' id='word_1_401' title='bbox 1404 3303 1497 3356; x_wconf 88' lang='lat' dir='ltr'><strong>sed</strong></span> <span class='ocrx_word' id='word_1_402' title='bbox 1528 3315 1592 3353; x_wconf 80' lang='lat' dir='ltr'><strong>ex</strong></span> <span class='ocrx_word' id='word_1_403' title='bbox 1625 3313 1777 3367; x_wconf 48' lang='lat' dir='ltr'><strong>atquo</strong></span> <span class='ocrx_word' id='word_1_404' title='bbox 1803 3296 2052 3350; x_wconf 88' lang='lat' dir='ltr'><strong>omnibus</strong></span> <span class='ocrx_word' id='word_1_405' title='bbox 2083 3308 2176 3346; x_wconf 86' lang='lat' dir='ltr'><strong>vo-</strong></span> 
     </span>
    </p>
   </div>
   <div class='ocr_carea' id='block_1_53' title="bbox 591 3386 2178 3472">
    <p class='ocr_par' dir='ltr' id='par_1_53' title="bbox 591 3386 2178 3472">
     <span class='ocr_line' id='line_1_53' title="bbox 591 3386 2178 3472; baseline -0.016 -9"><span class='ocrx_word' id='word_1_406' title='bbox 591 3410 709 3462; x_wconf 88' lang='lat' dir='ltr'><strong>bis:</strong></span> <span class='ocrx_word' id='word_1_407' title='bbox 743 3419 934 3460; x_wconf 90' lang='lat' dir='ltr'><strong>omnes</strong></span> <span class='ocrx_word' id='word_1_408' title='bbox 981 3402 1144 3472; x_wconf 87' lang='lat' dir='ltr'><strong>igitur</strong></span> <span class='ocrx_word' id='word_1_409' title='bbox 1194 3413 1356 3450; x_wconf 91' lang='lat' dir='ltr'><strong>unum</strong></span> <span class='ocrx_word' id='word_1_410' title='bbox 1389 3406 1444 3457; x_wconf 81' lang='lat' dir='ltr'><strong>et</strong></span> <span class='ocrx_word' id='word_1_411' title='bbox 1476 3392 1615 3448; x_wconf 88' lang='lat' dir='ltr'><strong>idem</strong></span> <span class='ocrx_word' id='word_1_412' title='bbox 1669 3388 1937 3445; x_wconf 87' lang='lat' dir='ltr'><strong>sentiatis.</strong></span> <span class='ocrx_word' id='word_1_413' title='bbox 1974 3386 2053 3440; x_wconf 89' lang='lat' dir='ltr'><strong>Tu</strong></span> <span class='ocrx_word' id='word_1_414' title='bbox 2082 3401 2178 3439; x_wconf 88' lang='lat' dir='ltr'><strong>au-</strong></span> 
     </span>
    </p>
   </div>
   <div class='ocr_carea' id='block_1_54' title="bbox 593 3480 2176 3558">
    <p class='ocr_par' dir='ltr' id='par_1_54' title="bbox 593 3480 2176 3558">
     <span class='ocr_line' id='line_1_54' title="bbox 593 3480 2176 3558; baseline -0.013 -4"><span class='ocrx_word' id='word_1_415' title='bbox 593 3513 701 3554; x_wconf 82' lang='lat' dir='ltr'><strong>tem</strong></span> <span class='ocrx_word' id='word_1_416' title='bbox 736 3513 801 3553; x_wconf 75' lang='lat' dir='ltr'><strong>ex</strong></span> <span class='ocrx_word' id='word_1_417' title='bbox 846 3497 932 3552; x_wconf 88' lang='lat' dir='ltr'><strong>his</strong></span> <span class='ocrx_word' id='word_1_418' title='bbox 964 3494 1214 3549; x_wconf 90' lang='lat' dir='ltr'><strong>omnibus</strong></span> <span class='ocrx_word' id='word_1_419' title='bbox 1241 3488 1510 3558; x_wconf 76' lang='lat' dir='ltr'><strong>intelligas</strong></span> <span class='ocrx_word' id='word_1_420' title='bbox 1543 3484 1685 3555; x_wconf 88' lang='lat' dir='ltr'><strong>quod</strong></span> <span class='ocrx_word' id='word_1_421' title='bbox 1717 3480 1970 3551; x_wconf 90' lang='lat' dir='ltr'><strong>discipuli</strong></span> <span class='ocrx_word' id='word_1_422' title='bbox 2001 3480 2176 3534; x_wconf 85' lang='lat' dir='ltr'><strong>adhuc</strong></span> 
     </span>
    </p>
   </div>
   <div class='ocr_carea' id='block_1_55' title="bbox 593 3578 2176 3664">
    <p class='ocr_par' dir='ltr' id='par_1_55' title="bbox 593 3578 2176 3664">
     <span class='ocr_line' id='line_1_55' title="bbox 593 3578 2176 3664; baseline -0.013 -16"><span class='ocrx_word' id='word_1_423' title='bbox 593 3592 894 3664; x_wconf 74' lang='lat' dir='ltr'><strong>imperfecti</strong></span> <span class='ocrx_word' id='word_1_424' title='bbox 927 3589 1147 3653; x_wconf 72' lang='lat' dir='ltr'><strong>fuerint,</strong></span> <span class='ocrx_word' id='word_1_425' title='bbox 1180 3587 1274 3642; x_wconf 90' lang='lat' dir='ltr'><strong>sed</strong></span> <span class='ocrx_word' id='word_1_426' title='bbox 1319 3585 1443 3638; x_wconf 88' lang='lat' dir='ltr'><strong>vide</strong></span> <span class='ocrx_word' id='word_1_427' title='bbox 1474 3578 1743 3652; x_wconf 87' lang='lat' dir='ltr'><strong>quomodo</strong></span> <span class='ocrx_word' id='word_1_428' title='bbox 1788 3586 1842 3633; x_wconf 88' lang='lat' dir='ltr'><strong>et</strong></span> <span class='ocrx_word' id='word_1_429' title='bbox 1874 3586 2058 3645; x_wconf 88' lang='lat' dir='ltr'><strong>postea</strong></span> <span class='ocrx_word' id='word_1_430' title='bbox 2089 3590 2176 3628; x_wconf 81' lang='lat' dir='ltr'><strong>re-</strong></span> 
     </span>
    </p>
   </div>
   <div class='ocr_carea' id='block_1_56' title="bbox 595 3670 2176 3742">
    <p class='ocr_par' dir='ltr' id='par_1_56' title="bbox 595 3670 2176 3742">
     <span class='ocr_line' id='line_1_56' title="bbox 595 3670 2176 3742; baseline -0.013 0"><span class='ocrx_word' id='word_1_431' title='bbox 595 3687 862 3742; x_wconf 79' lang='lat' dir='ltr'><strong>fulserint.</strong></span> <span class='ocrx_word' id='word_1_432' title='bbox 895 3681 1307 3738; x_wconf 87' lang='lat' dir='ltr'><strong>Conl&#39;undantur</strong></span> <span class='ocrx_word' id='word_1_433' title='bbox 1342 3672 1645 3739; x_wconf 74' lang='lat' dir='ltr'><strong>Maniehtei,</strong></span> <span class='ocrx_word' id='word_1_434' title='bbox 1668 3673 1757 3742; x_wconf 88' lang='lat' dir='ltr'><strong>qui</strong></span> <span class='ocrx_word' id='word_1_435' title='bbox 1791 3670 1979 3725; x_wconf 88' lang='lat' dir='ltr'><strong>dicunt</strong></span> <span class='ocrx_word' id='word_1_436' title='bbox 2009 3682 2176 3738; x_wconf 81' lang='lat' dir='ltr'><strong>quos-</strong></span> 
     </span>
    </p>
   </div>
   <div class='ocr_carea' id='block_1_57' title="bbox 594 3761 2176 3835">
    <p class='ocr_par' dir='ltr' id='par_1_57' title="bbox 594 3761 2176 3835">
     <span class='ocr_line' id='line_1_57' title="bbox 594 3761 2176 3835; baseline -0.011 -2"><span class='ocrx_word' id='word_1_437' title='bbox 594 3783 714 3834; x_wconf 90' lang='lat' dir='ltr'><strong>dam</strong></span> <span class='ocrx_word' id='word_1_438' title='bbox 760 3785 952 3831; x_wconf 89' lang='lat' dir='ltr'><strong>natura</strong></span> <span class='ocrx_word' id='word_1_439' title='bbox 1007 3787 1126 3830; x_wconf 82' lang='lat' dir='ltr'><strong>esse</strong></span> <span class='ocrx_word' id='word_1_440' title='bbox 1179 3769 1460 3835; x_wconf 79' lang='lat' dir='ltr'><strong>indociles,</strong></span> <span class='ocrx_word' id='word_1_441' title='bbox 1519 3775 1573 3820; x_wconf 90' lang='lat' dir='ltr'><strong>et</strong></span> <span class='ocrx_word' id='word_1_442' title='bbox 1626 3761 2012 3832; x_wconf 88' lang='lat' dir='ltr'><strong>impossibilem</strong></span> <span class='ocrx_word' id='word_1_443' title='bbox 2055 3775 2176 3816; x_wconf 90' lang='lat' dir='ltr'><strong>esse</strong></span> 
     </span>
    </p>
   </div>
   <div class='ocr_carea' id='block_1_58' title="bbox 592 3868 1120 3925">
    <p class='ocr_par' dir='ltr' id='par_1_58' title="bbox 592 3868 1120 3925">
     <span class='ocr_line' id='line_1_58' title="bbox 592 3868 1120 3925; baseline -0.011 -1"><span class='ocrx_word' id='word_1_444' title='bbox 592 3871 715 3925; x_wconf 74' lang='lat' dir='ltr'><strong>vitae</strong></span> <span class='ocrx_word' id='word_1_445' title='bbox 743 3868 1120 3924; x_wconf 87' lang='lat' dir='ltr'><strong>mutationem.</strong></span> 
     </span>
    </p>
   </div>
   <div class='ocr_carea' id='block_1_59' title="bbox 665 4133 2177 4207">
    <p class='ocr_par' dir='ltr' id='par_1_59' title="bbox 665 4133 2177 4207">
     <span class='ocr_line' id='line_1_59' title="bbox 665 4133 2177 4207; baseline -0.013 -1"><span class='ocrx_word' id='word_1_446' title='bbox 665 4152 832 4207; x_wconf 68' lang='lat' dir='ltr'><strong>Vitas.</strong></span> <span class='ocrx_word' id='word_1_447' title='bbox 888 4143 1082 4202; x_wconf 66' lang='lat'><strong>28-54.</strong></span> <span class='ocrx_word' id='word_1_448' title='bbox 1124 4161 1142 4195; x_wconf 81' lang='lat' dir='ltr'><strong>t</strong></span> <span class='ocrx_word' id='word_1_449' title='bbox 1187 4140 1294 4197; x_wconf 72' lang='lat' dir='ltr'><strong>Vos</strong></span> <span class='ocrx_word' id='word_1_450' title='bbox 1327 4152 1504 4196; x_wconf 84' lang='lat' dir='ltr'><strong>autent</strong></span> <span class='ocrx_word' id='word_1_451' title='bbox 1561 4140 1692 4194; x_wconf 85' lang='lat' dir='ltr'><strong>estis</strong></span> <span class='ocrx_word' id='word_1_452' title='bbox 1727 4138 1818 4207; x_wconf 87' lang='lat' dir='ltr'><strong>qui</strong></span> <span class='ocrx_word' id='word_1_453' title='bbox 1873 4133 2177 4206; x_wconf 86' lang='lat' dir='ltr'><strong>permansi-</strong></span> 
     </span>
    </p>
   </div>
   <div class='ocr_carea' id='block_1_60' title="bbox 591 4228 2176 4300">
    <p class='ocr_par' dir='ltr' id='par_1_60' title="bbox 591 4228 2176 4300">
     <span class='ocr_line' id='line_1_60' title="bbox 591 4228 2176 4300; baseline -0.013 -1"><span class='ocrx_word' id='word_1_454' title='bbox 591 4243 693 4300; x_wconf 80' lang='lat' dir='ltr'><strong>stis</strong></span> <span class='ocrx_word' id='word_1_455' title='bbox 737 4253 944 4295; x_wconf 87' lang='lat' dir='ltr'><strong>mecum</strong></span> <span class='ocrx_word' id='word_1_456' title='bbox 1002 4238 1053 4291; x_wconf 90' lang='lat' dir='ltr'><strong>in</strong></span> <span class='ocrx_word' id='word_1_457' title='bbox 1087 4233 1472 4291; x_wconf 83' lang='lat' dir='ltr'><strong>tentatiouibus</strong></span> <span class='ocrx_word' id='word_1_458' title='bbox 1520 4233 1655 4286; x_wconf 81' lang='lat' dir='ltr'><strong>meis</strong></span> <span class='ocrx_word' id='word_1_459' title='bbox 1690 4247 1704 4284; x_wconf 89' lang='lat'><strong>:</strong></span> <span class='ocrx_word' id='word_1_460' title='bbox 1741 4240 1791 4286; x_wconf 83' lang='lat' dir='ltr'><strong>et</strong></span> <span class='ocrx_word' id='word_1_461' title='bbox 1820 4243 1918 4299; x_wconf 86' lang='lat' dir='ltr'><strong>ego</strong></span> <span class='ocrx_word' id='word_1_462' title='bbox 1947 4228 2176 4297; x_wconf 86' lang='lat' dir='ltr'><strong>dispono</strong></span> 
     </span>
    </p>
   </div>
   <div class='ocr_carea' id='block_1_61' title="bbox 596 4323 2178 4396">
    <p class='ocr_par' dir='ltr' id='par_1_61' title="bbox 596 4323 2178 4396">
     <span class='ocr_line' id='line_1_61' title="bbox 596 4323 2178 4396; baseline -0.011 -7"><span class='ocrx_word' id='word_1_463' title='bbox 596 4333 769 4396; x_wconf 86' lang='lat' dir='ltr'><strong>vobis,</strong></span> <span class='ocrx_word' id='word_1_464' title='bbox 803 4332 944 4384; x_wconf 88' lang='lat' dir='ltr'><strong>sicut</strong></span> <span class='ocrx_word' id='word_1_465' title='bbox 985 4327 1250 4396; x_wconf 83' lang='lat' dir='ltr'><strong>disposuit</strong></span> <span class='ocrx_word' id='word_1_466' title='bbox 1299 4325 1429 4378; x_wconf 87' lang='lat' dir='ltr'><strong>mihi</strong></span> <span class='ocrx_word' id='word_1_467' title='bbox 1474 4323 1631 4378; x_wconf 81' lang='lat' dir='ltr'><strong>Pater</strong></span> <span class='ocrx_word' id='word_1_468' title='bbox 1667 4338 1816 4377; x_wconf 88' lang='lat' dir='ltr'><strong>meus</strong></span> <span class='ocrx_word' id='word_1_469' title='bbox 1841 4335 2088 4390; x_wconf 80' lang='lat' dir='ltr'><strong>regnum,</strong></span> <span class='ocrx_word' id='word_1_470' title='bbox 2121 4326 2178 4372; x_wconf 90' lang='lat' dir='ltr'><strong>ut</strong></span> 
     </span>
    </p>
   </div>
   <div class='ocr_carea' id='block_1_62' title="bbox 596 4415 2177 4488">
    <p class='ocr_par' dir='ltr' id='par_1_62' title="bbox 596 4415 2177 4488">
     <span class='ocr_line' id='line_1_62' title="bbox 596 4415 2177 4488; baseline -0.011 -6"><span class='ocrx_word' id='word_1_471' title='bbox 596 4426 773 4482; x_wconf 88' lang='lat' dir='ltr'><strong>edatis</strong></span> <span class='ocrx_word' id='word_1_472' title='bbox 822 4433 878 4477; x_wconf 88' lang='lat' dir='ltr'><strong>et</strong></span> <span class='ocrx_word' id='word_1_473' title='bbox 917 4422 1136 4484; x_wconf 82' lang='lat' dir='ltr'><strong>bibatis,</strong></span> <span class='ocrx_word' id='word_1_474' title='bbox 1166 4432 1329 4488; x_wconf 85' lang='lat' dir='ltr'><strong>super</strong></span> <span class='ocrx_word' id='word_1_475' title='bbox 1369 4431 1607 4472; x_wconf 87' lang='lat' dir='ltr'><strong>mensam</strong></span> <span class='ocrx_word' id='word_1_476' title='bbox 1672 4429 1848 4471; x_wconf 87' lang='lat' dir='ltr'><strong>meam</strong></span> <span class='ocrx_word' id='word_1_477' title='bbox 1898 4415 1951 4467; x_wconf 92' lang='lat' dir='ltr'><strong>in</strong></span> <span class='ocrx_word' id='word_1_478' title='bbox 2009 4425 2177 4482; x_wconf 85' lang='lat' dir='ltr'><strong>regno</strong></span> 
     </span>
    </p>
   </div>
   <div class='ocr_carea' id='block_1_63' title="bbox 2275 1916 3888 1992">
    <p class='ocr_par' dir='ltr' id='par_1_63' title="bbox 2275 1916 3888 1992">
     <span class='ocr_line' id='line_1_63' title="bbox 2275 1916 3888 1992; baseline -0.003 -19"><span class='ocrx_word' id='word_1_479' title='bbox 2275 1922 2338 1973; x_wconf 86' lang='grc' dir='ltr'><strong>ἐκ</strong></span> <span class='ocrx_word' id='word_1_480' title='bbox 2399 1920 2591 1974; x_wconf 83' lang='grc' dir='ltr'>τούτου</span> <span class='ocrx_word' id='word_1_481' title='bbox 2651 1918 3011 1992; x_wconf 79' lang='grc' dir='ltr'>προήχθησαν</span> <span class='ocrx_word' id='word_1_482' title='bbox 3044 1919 3124 1980; x_wconf 82' lang='grc' dir='ltr'><strong>είς</strong></span> <span class='ocrx_word' id='word_1_483' title='bbox 3184 1919 3243 1969; x_wconf 63' lang='grc' dir='ltr'>τὸ</span> <span class='ocrx_word' id='word_1_484' title='bbox 3291 1916 3511 1984; x_wconf 88' lang='grc' dir='ltr'>λέγειν·</span> <span class='ocrx_word' id='word_1_485' title='bbox 3595 1917 3748 1986; x_wconf 79' lang='grc' dir='ltr'><strong>Ἐγὼ</strong></span> <span class='ocrx_word' id='word_1_486' title='bbox 3779 1919 3888 1985; x_wconf 74' lang='grc' dir='ltr'>είμι.</span> 
     </span>
    </p>
   </div>
   <div class='ocr_carea' id='block_1_64' title="bbox 2275 2014 3890 2088">
    <p class='ocr_par' dir='ltr' id='par_1_64' title="bbox 2275 2014 3890 2088">
     <span class='ocr_line' id='line_1_64' title="bbox 2275 2014 3890 2088; baseline -0.004 -18"><span class='ocrx_word' id='word_1_487' title='bbox 2275 2017 2562 2088; x_wconf 82' lang='grc' dir='ltr'>κρείττων,</span> <span class='ocrx_word' id='word_1_488' title='bbox 2588 2018 2704 2080; x_wconf 73' lang='grc' dir='ltr'>καὶ,</span> <span class='ocrx_word' id='word_1_489' title='bbox 2750 2015 2892 2084; x_wconf 81' lang='grc' dir='ltr'><strong>Ἐγώ</strong></span> <span class='ocrx_word' id='word_1_490' title='bbox 2918 2018 3031 2084; x_wconf 85' lang='grc' dir='ltr'>εἰμι</span> <span class='ocrx_word' id='word_1_491' title='bbox 3061 2014 3285 2086; x_wconf 77' lang='grc' dir='ltr'>μείζων,</span> <span class='ocrx_word' id='word_1_492' title='bbox 3315 2016 3410 2066; x_wconf 80' lang='grc' dir='ltr'>καὶ</span> <span class='ocrx_word' id='word_1_493' title='bbox 3445 2015 3517 2067; x_wconf 72' lang='grc' dir='ltr'>τὰ</span> <span class='ocrx_word' id='word_1_494' title='bbox 3542 2015 3802 2068; x_wconf 82' lang='grc' dir='ltr'>τοιαῦτα.</span> <span class='ocrx_word' id='word_1_495' title='bbox 3832 2015 3890 2065; x_wconf 85' lang='grc' dir='ltr'>Τί</span> 
     </span>
    </p>
   </div>
   <div class='ocr_carea' id='block_1_65' title="bbox 2273 2108 3891 2182">
    <p class='ocr_par' dir='ltr' id='par_1_65' title="bbox 2273 2108 3891 2182">
     <span class='ocr_line' id='line_1_65' title="bbox 2273 2108 3891 2182; baseline -0.002 -18"><span class='ocrx_word' id='word_1_496' title='bbox 2273 2108 2368 2165; x_wconf 83' lang='grc' dir='ltr'><strong>οὖν</strong></span> <span class='ocrx_word' id='word_1_497' title='bbox 2393 2114 2420 2164; x_wconf 88' lang='grc' dir='ltr'>ὁ</span> <span class='ocrx_word' id='word_1_498' title='bbox 2443 2111 2682 2182; x_wconf 84' lang='grc' dir='ltr'>Κύριος;</span> <span class='ocrx_word' id='word_1_499' title='bbox 2711 2111 3083 2166; x_wconf 81' lang='grc' dir='ltr'>Καταστέ).λει</span> <span class='ocrx_word' id='word_1_500' title='bbox 3112 2110 3202 2162; x_wconf 76' lang='grc' dir='ltr'>τὸν</span> <span class='ocrx_word' id='word_1_501' title='bbox 3233 2109 3464 2180; x_wconf 80' lang='grc' dir='ltr'>θόρυϐον</span> <span class='ocrx_word' id='word_1_502' title='bbox 3500 2110 3721 2160; x_wconf 77' lang='grc' dir='ltr'>τούτων</span> <span class='ocrx_word' id='word_1_503' title='bbox 3746 2108 3891 2160; x_wconf 73' lang='grc' dir='ltr'>δυσὶν</span> 
     </span>
    </p>
   </div>
   <div class='ocr_carea' id='block_1_66' title="bbox 2276 2200 3893 2273">
    <p class='ocr_par' dir='ltr' id='par_1_66' title="bbox 2276 2200 3893 2273">
     <span class='ocr_line' id='line_1_66' title="bbox 2276 2200 3893 2273; baseline -0.006 -15"><span class='ocrx_word' id='word_1_504' title='bbox 2276 2204 2697 2273; x_wconf 79' lang='grc' dir='ltr'>ὑποδείγμασιν,</span> <span class='ocrx_word' id='word_1_505' title='bbox 2736 2205 2815 2255; x_wconf 79' lang='grc' dir='ltr'><strong>ἐνὶ</strong></span> <span class='ocrx_word' id='word_1_506' title='bbox 2850 2205 2947 2273; x_wconf 80' lang='grc' dir='ltr'>μὲν</span> <span class='ocrx_word' id='word_1_507' title='bbox 2995 2203 3075 2272; x_wconf 86' lang='grc' dir='ltr'>τῷ</span> <span class='ocrx_word' id='word_1_508' title='bbox 3099 2201 3209 2255; x_wconf 82' lang='grc' dir='ltr'>τῶν</span> <span class='ocrx_word' id='word_1_509' title='bbox 3247 2201 3503 2264; x_wconf 77' lang='grc' dir='ltr'>ἐθνικῶν,</span> <span class='ocrx_word' id='word_1_510' title='bbox 3556 2200 3658 2263; x_wconf 72' lang='grc' dir='ltr'><strong>οὓς</strong></span> <span class='ocrx_word' id='word_1_511' title='bbox 3711 2200 3893 2270; x_wconf 78' lang='grc' dir='ltr'>βδελυ-</span> 
     </span>
    </p>
   </div>
   <div class='ocr_carea' id='block_1_67' title="bbox 2276 2291 3892 2364">
    <p class='ocr_par' dir='ltr' id='par_1_67' title="bbox 2276 2291 3892 2364">
     <span class='ocr_line' id='line_1_67' title="bbox 2276 2291 3892 2364; baseline -0.004 -17"><span class='ocrx_word' id='word_1_512' title='bbox 2276 2297 2440 2358; x_wconf 83' lang='grc' dir='ltr'>κτοὺς</span> <span class='ocrx_word' id='word_1_513' title='bbox 2459 2291 2624 2364; x_wconf 78' lang='grc' dir='ltr'>εἶχον,</span> <span class='ocrx_word' id='word_1_514' title='bbox 2652 2294 2914 2346; x_wconf 84' lang='grc' dir='ltr'>δεικνύων</span> <span class='ocrx_word' id='word_1_515' title='bbox 2940 2294 3021 2345; x_wconf 81' lang='grc' dir='ltr'><strong>ὅτι</strong></span> <span class='ocrx_word' id='word_1_516' title='bbox 3053 2293 3266 2352; x_wconf 74' lang='grc' dir='ltr'>τούτοις</span> <span class='ocrx_word' id='word_1_517' title='bbox 3295 2291 3540 2354; x_wconf 78' lang='grc' dir='ltr'>ἐοικότες</span> <span class='ocrx_word' id='word_1_518' title='bbox 3574 2292 3824 2354; x_wconf 77' lang='grc' dir='ltr'>ἔσονται,</span> <span class='ocrx_word' id='word_1_519' title='bbox 3851 2291 3892 2342; x_wconf 81' lang='grc' dir='ltr'><strong>εί</strong></span> 
     </span>
    </p>
   </div>
   <div class='ocr_carea' id='block_1_68' title="bbox 2275 2384 3892 2457">
    <p class='ocr_par' dir='ltr' id='par_1_68' title="bbox 2275 2384 3892 2457">
     <span class='ocr_line' id='line_1_68' title="bbox 2275 2384 3892 2457; baseline -0.001 -18"><span class='ocrx_word' id='word_1_520' title='bbox 2275 2387 2500 2440; x_wconf 83' lang='grc' dir='ltr'>τοιαῦτα</span> <span class='ocrx_word' id='word_1_521' title='bbox 2537 2387 2827 2457; x_wconf 76' lang='grc' dir='ltr'>φρονοῦσιν</span> <span class='ocrx_word' id='word_1_522' title='bbox 2853 2404 2864 2415; x_wconf 93' lang='grc'><strong>·</strong></span> <span class='ocrx_word' id='word_1_523' title='bbox 2898 2387 3072 2456; x_wconf 80' lang='grc' dir='ltr'>ἑτέρῳ</span> <span class='ocrx_word' id='word_1_524' title='bbox 3112 2386 3166 2438; x_wconf 75' lang='grc' dir='ltr'>δὲ</span> <span class='ocrx_word' id='word_1_525' title='bbox 3192 2385 3270 2457; x_wconf 81' lang='grc' dir='ltr'><strong>τῷ</strong></span> <span class='ocrx_word' id='word_1_526' title='bbox 3307 2384 3541 2452; x_wconf 53' lang='grc' dir='ltr'>ἐαυτοῦβ</span> <span class='ocrx_word' id='word_1_527' title='bbox 3579 2386 3652 2438; x_wconf 84' lang='grc' dir='ltr'>δι’</span> <span class='ocrx_word' id='word_1_528' title='bbox 3698 2385 3892 2438; x_wconf 77' lang='grc' dir='ltr'>ἑαυτοῦ</span> 
     </span>
    </p>
   </div>
   <div class='ocr_carea' id='block_1_69' title="bbox 2277 2475 3894 2548">
    <p class='ocr_par' dir='ltr' id='par_1_69' title="bbox 2277 2475 3894 2548">
     <span class='ocr_line' id='line_1_69' title="bbox 2277 2475 3894 2548; baseline -0.002 -19"><span class='ocrx_word' id='word_1_529' title='bbox 2277 2480 2383 2548; x_wconf 76' lang='grc' dir='ltr'><strong>γὰρ</strong></span> <span class='ocrx_word' id='word_1_530' title='bbox 2419 2479 2496 2539; x_wconf 80' lang='grc' dir='ltr'><strong>είς</strong></span> <span class='ocrx_word' id='word_1_531' title='bbox 2521 2476 3029 2547; x_wconf 79' lang='grc' dir='ltr'>ταπεινοφροσύνην</span> <span class='ocrx_word' id='word_1_532' title='bbox 3061 2477 3206 2542; x_wconf 72' lang='grc' dir='ltr'>ἄγει,</span> <span class='ocrx_word' id='word_1_533' title='bbox 3232 2476 3449 2537; x_wconf 77' lang='grc' dir='ltr'>δεικνὺς</span> <span class='ocrx_word' id='word_1_534' title='bbox 3483 2475 3690 2528; x_wconf 81' lang='grc' dir='ltr'>ἑαυτὸν</span> <span class='ocrx_word' id='word_1_535' title='bbox 3719 2475 3894 2528; x_wconf 77' lang='grc' dir='ltr'>διακοο</span> 
     </span>
    </p>
   </div>
   <div class='ocr_carea' id='block_1_70' title="bbox 2275 2566 3892 2638">
    <p class='ocr_par' dir='ltr' id='par_1_70' title="bbox 2275 2566 3892 2638">
     <span class='ocr_line' id='line_1_70' title="bbox 2275 2566 3892 2638; baseline -0.002 -17"><span class='ocrx_word' id='word_1_536' title='bbox 2275 2570 2470 2624; x_wconf 84' lang='grc' dir='ltr'>νοῦντα</span> <span class='ocrx_word' id='word_1_537' title='bbox 2531 2570 2736 2631; x_wconf 76' lang='grc' dir='ltr'>αὐτοῖς.</span> <span class='ocrx_word' id='word_1_538' title='bbox 2778 2569 2885 2622; x_wconf 69' lang='grc' dir='ltr'><strong>Καὶ</strong></span> <span class='ocrx_word' id='word_1_539' title='bbox 2941 2568 3050 2636; x_wconf 86' lang='grc' dir='ltr'>γὰρ</span> <span class='ocrx_word' id='word_1_540' title='bbox 3081 2567 3145 2638; x_wconf 79' lang='grc' dir='ltr'>δὴ</span> <span class='ocrx_word' id='word_1_541' title='bbox 3177 2567 3319 2629; x_wconf 84' lang='grc' dir='ltr'>τότε,</span> <span class='ocrx_word' id='word_1_542' title='bbox 3351 2566 3499 2619; x_wconf 85' lang='grc' dir='ltr'><strong>καθά</strong></span> <span class='ocrx_word' id='word_1_543' title='bbox 3525 2568 3779 2636; x_wconf 78' lang='grc' dir='ltr'>εἴρηται,</span> <span class='ocrx_word' id='word_1_544' title='bbox 3810 2570 3892 2620; x_wconf 71' lang='grc' dir='ltr'>τὸν</span> 
     </span>
    </p>
   </div>
   <div class='ocr_carea' id='block_1_71' title="bbox 2275 2659 3892 2732">
    <p class='ocr_par' dir='ltr' id='par_1_71' title="bbox 2275 2659 3892 2732">
     <span class='ocr_line' id='line_1_71' title="bbox 2275 2659 3892 2732; baseline -0.003 -16"><span class='ocrx_word' id='word_1_545' title='bbox 2275 2662 2438 2732; x_wconf 79' lang='grc' dir='ltr'>ἄρτον</span> <span class='ocrx_word' id='word_1_546' title='bbox 2458 2663 2642 2724; x_wconf 74' lang='grc' dir='ltr'>αὐτοῖς</span> <span class='ocrx_word' id='word_1_547' title='bbox 2675 2662 2770 2713; x_wconf 77' lang='grc' dir='ltr'>καὶ</span> <span class='ocrx_word' id='word_1_548' title='bbox 2804 2661 2864 2712; x_wconf 86' lang='grc' dir='ltr'><strong>τὸ</strong></span> <span class='ocrx_word' id='word_1_549' title='bbox 2891 2663 3153 2730; x_wconf 79' lang='grc' dir='ltr'>ποτήριον</span> <span class='ocrx_word' id='word_1_550' title='bbox 3183 2659 3474 2729; x_wconf 82' lang='grc' dir='ltr'>διένειμεν.</span> <span class='ocrx_word' id='word_1_551' title='bbox 3521 2659 3579 2711; x_wconf 87' lang='grc' dir='ltr'><strong>Ἐ</strong></span> <span class='ocrx_word' id='word_1_552' title='bbox 3592 2663 3687 2711; x_wconf 73' lang='grc' dir='ltr'><strong>πει</strong></span> <span class='ocrx_word' id='word_1_553' title='bbox 3713 2662 3892 2713; x_wconf 62' lang='grc' dir='ltr'>τοίνυν</span> 
     </span>
    </p>
   </div>
   <div class='ocr_carea' id='block_1_72' title="bbox 2278 2751 3894 2823">
    <p class='ocr_par' dir='ltr' id='par_1_72' title="bbox 2278 2751 3894 2823">
     <span class='ocr_line' id='line_1_72' title="bbox 2278 2751 3894 2823; baseline 0.001 -19"><span class='ocrx_word' id='word_1_554' title='bbox 2278 2753 2388 2821; x_wconf 80' lang='grc' dir='ltr'>ἐγὼ</span> <span class='ocrx_word' id='word_1_555' title='bbox 2420 2755 2448 2806; x_wconf 85' lang='grc' dir='ltr'>ὁ</span> <span class='ocrx_word' id='word_1_556' title='bbox 2498 2753 2603 2805; x_wconf 74' lang='grc' dir='ltr'>ὑπὸ</span> <span class='ocrx_word' id='word_1_557' title='bbox 2660 2755 2842 2820; x_wconf 77' lang='grc' dir='ltr'>πάσης</span> <span class='ocrx_word' id='word_1_558' title='bbox 2896 2752 3198 2821; x_wconf 79' lang='grc' dir='ltr'>ἁγγελικῆς</span> <span class='ocrx_word' id='word_1_559' title='bbox 3254 2751 3344 2804; x_wconf 73' lang='grc' dir='ltr'>καὶ</span> <span class='ocrx_word' id='word_1_560' title='bbox 3393 2751 3633 2822; x_wconf 77' lang='grc' dir='ltr'>λογικῆς</span> <span class='ocrx_word' id='word_1_561' title='bbox 3679 2755 3894 2823; x_wconf 69' lang='grc' dir='ltr'>φύσεως</span> 
     </span>
    </p>
   </div>
   <div class='ocr_carea' id='block_1_73' title="bbox 2279 2844 3895 2917">
    <p class='ocr_par' dir='ltr' id='par_1_73' title="bbox 2279 2844 3895 2917">
     <span class='ocr_line' id='line_1_73' title="bbox 2279 2844 3895 2917; baseline -0.005 -18"><span class='ocrx_word' id='word_1_562' title='bbox 2279 2846 2780 2917; x_wconf 77' lang='grc' dir='ltr'>προσκυνούμενος,</span> <span class='ocrx_word' id='word_1_563' title='bbox 2819 2847 2876 2896; x_wconf 80' lang='grc' dir='ltr'><strong>ἐν</strong></span> <span class='ocrx_word' id='word_1_564' title='bbox 2907 2846 3059 2916; x_wconf 79' lang='grc' dir='ltr'>μέσῳ</span> <span class='ocrx_word' id='word_1_565' title='bbox 3092 2844 3247 2914; x_wconf 84' lang='grc' dir='ltr'>ὑμῶν</span> <span class='ocrx_word' id='word_1_566' title='bbox 3285 2845 3548 2910; x_wconf 84' lang='grc' dir='ltr'>διακονῶ,</span> <span class='ocrx_word' id='word_1_567' title='bbox 3583 2850 3709 2910; x_wconf 65' lang='grc' dir='ltr'>παῖς</span> <span class='ocrx_word' id='word_1_568' title='bbox 3739 2848 3895 2916; x_wconf 78' lang='grc' dir='ltr'>ὑμεῖς</span> 
     </span>
    </p>
   </div>
   <div class='ocr_carea' id='block_1_74' title="bbox 2279 2937 3893 3010">
    <p class='ocr_par' dir='ltr' id='par_1_74' title="bbox 2279 2937 3893 3010">
     <span class='ocr_line' id='line_1_74' title="bbox 2279 2937 3893 3010; baseline -0.001 -18"><span class='ocrx_word' id='word_1_569' title='bbox 2279 2939 2420 3003; x_wconf 66' lang='grc' dir='ltr'>ἄξιοί</span> <span class='ocrx_word' id='word_1_570' title='bbox 2442 2940 2564 2990; x_wconf 79' lang='grc' dir='ltr'>ἐστε</span> <span class='ocrx_word' id='word_1_571' title='bbox 2590 2937 3039 3007; x_wconf 83' lang='grc' dir='ltr'>μεγαλοφρονεῖν,</span> <span class='ocrx_word' id='word_1_572' title='bbox 3065 2937 3306 3007; x_wconf 72' lang='grc' dir='ltr'>καὶπερὶ</span> <span class='ocrx_word' id='word_1_573' title='bbox 3332 2939 3629 3007; x_wconf 84' lang='grc' dir='ltr'>πρωτείων</span> <span class='ocrx_word' id='word_1_574' title='bbox 3661 2941 3893 3010; x_wconf 74' lang='grc' dir='ltr'>ἐρίζεινς</span> 
     </span>
    </p>
   </div>
   <div class='ocr_carea' id='block_1_75' title="bbox 2280 3026 3893 3100">
    <p class='ocr_par' dir='ltr' id='par_1_75' title="bbox 2280 3026 3893 3100">
     <span class='ocr_line' id='line_1_75' title="bbox 2280 3026 3893 3100; baseline 0.002 -20"><span class='ocrx_word' id='word_1_575' title='bbox 2280 3029 2438 3080; x_wconf 83' lang='grc' dir='ltr'>Δοκεῖ</span> <span class='ocrx_word' id='word_1_576' title='bbox 2464 3028 2520 3081; x_wconf 81' lang='grc' dir='ltr'><strong>δέ</strong></span> <span class='ocrx_word' id='word_1_577' title='bbox 2557 3044 2648 3099; x_wconf 89' lang='grc' dir='ltr'><strong>μοι</strong></span> <span class='ocrx_word' id='word_1_578' title='bbox 2685 3027 2818 3098; x_wconf 77' lang='grc' dir='ltr'>μηδὲ</span> <span class='ocrx_word' id='word_1_579' title='bbox 2849 3027 3142 3098; x_wconf 77' lang='grc' dir='ltr'>παρέργως</span> <span class='ocrx_word' id='word_1_580' title='bbox 3189 3026 3334 3080; x_wconf 75' lang='grc' dir='ltr'>οὕτω</span> <span class='ocrx_word' id='word_1_581' title='bbox 3376 3029 3768 3097; x_wconf 81' lang='grc' dir='ltr'>μνημονεῦσαι</span> <span class='ocrx_word' id='word_1_582' title='bbox 3801 3034 3893 3100; x_wconf 77' lang='grc' dir='ltr'>τῆς</span> 
     </span>
    </p>
   </div>
   <div class='ocr_carea' id='block_1_76' title="bbox 2281 3119 3894 3192">
    <p class='ocr_par' dir='ltr' id='par_1_76' title="bbox 2281 3119 3894 3192">
     <span class='ocr_line' id='line_1_76' title="bbox 2281 3119 3894 3192; baseline -0.001 -18"><span class='ocrx_word' id='word_1_583' title='bbox 2281 3119 2621 3182; x_wconf 82' lang='grc' dir='ltr'>ἀνακλίσεως</span> <span class='ocrx_word' id='word_1_584' title='bbox 2649 3119 2855 3190; x_wconf 84' lang='grc' dir='ltr'>ταύτης</span> <span class='ocrx_word' id='word_1_585' title='bbox 2902 3119 3121 3189; x_wconf 75' lang='grc' dir='ltr'>καὶτῆς</span> <span class='ocrx_word' id='word_1_586' title='bbox 3150 3119 3449 3184; x_wconf 82' lang='grc' dir='ltr'>διακονίας,</span> <span class='ocrx_word' id='word_1_587' title='bbox 3511 3120 3637 3173; x_wconf 80' lang='grc' dir='ltr'>ἀλλ’</span> <span class='ocrx_word' id='word_1_588' title='bbox 3695 3125 3894 3192; x_wconf 76' lang='grc' dir='ltr'>ἀναμι-</span> 
     </span>
    </p>
   </div>
   <div class='ocr_carea' id='block_1_77' title="bbox 2283 3212 3895 3284">
    <p class='ocr_par' dir='ltr' id='par_1_77' title="bbox 2283 3212 3895 3284">
     <span class='ocr_line' id='line_1_77' title="bbox 2283 3212 3895 3284; baseline 0.001 -20"><span class='ocrx_word' id='word_1_589' title='bbox 2283 3217 2540 3284; x_wconf 81' lang='grc' dir='ltr'>μνήσκων</span> <span class='ocrx_word' id='word_1_590' title='bbox 2569 3214 2788 3276; x_wconf 77' lang='grc' dir='ltr'>αὐτοὺς,</span> <span class='ocrx_word' id='word_1_591' title='bbox 2821 3214 2903 3264; x_wconf 80' lang='grc' dir='ltr'><strong>ὅτι</strong></span> <span class='ocrx_word' id='word_1_592' title='bbox 2935 3213 2994 3264; x_wconf 79' lang='lat' dir='ltr'><strong>Ei</strong></span> <span class='ocrx_word' id='word_1_593' title='bbox 3048 3212 3108 3276; x_wconf 79' lang='grc' dir='ltr'><strong>ἐξ</strong></span> <span class='ocrx_word' id='word_1_594' title='bbox 3148 3214 3266 3275; x_wconf 81' lang='grc' dir='ltr'>ἐνὸς</span> <span class='ocrx_word' id='word_1_595' title='bbox 3299 3214 3469 3284; x_wconf 79' lang='grc' dir='ltr'>ἄρτου</span> <span class='ocrx_word' id='word_1_596' title='bbox 3499 3214 3776 3283; x_wconf 55' lang='grc' dir='ltr'>ἐψάγετε,</span> <span class='ocrx_word' id='word_1_597' title='bbox 3805 3216 3895 3269; x_wconf 79' lang='grc' dir='ltr'><strong>καὶ</strong></span> 
     </span>
    </p>
   </div>
   <div class='ocr_carea' id='block_1_78' title="bbox 2278 3305 3894 3377">
    <p class='ocr_par' dir='ltr' id='par_1_78' title="bbox 2278 3305 3894 3377">
     <span class='ocr_line' id='line_1_78' title="bbox 2278 3305 3894 3377; baseline 0.002 -18"><span class='ocrx_word' id='word_1_598' title='bbox 2278 3306 2339 3371; x_wconf 76' lang='grc' dir='ltr'>ἐξ</span> <span class='ocrx_word' id='word_1_599' title='bbox 2363 3306 2481 3368; x_wconf 78' lang='grc' dir='ltr'>ἐνὸς</span> <span class='ocrx_word' id='word_1_600' title='bbox 2510 3306 2770 3377; x_wconf 86' lang='grc' dir='ltr'>ποτηρίου</span> <span class='ocrx_word' id='word_1_601' title='bbox 2804 3305 3016 3370; x_wconf 85' lang='grc' dir='ltr'>ἐπίετε,</span> <span class='ocrx_word' id='word_1_602' title='bbox 3046 3305 3234 3373; x_wconf 81' lang='grc' dir='ltr'>φίλους</span> <span class='ocrx_word' id='word_1_603' title='bbox 3269 3307 3414 3375; x_wconf 72' lang='grc' dir='ltr'>ὑμᾶς</span> <span class='ocrx_word' id='word_1_604' title='bbox 3439 3311 3536 3359; x_wconf 87' lang='grc' dir='ltr'>καί</span> <span class='ocrx_word' id='word_1_605' title='bbox 3569 3310 3894 3376; x_wconf 72' lang='grc' dir='ltr'>ἡνωμένους</span> 
     </span>
    </p>
   </div>
   <div class='ocr_carea' id='block_1_79' title="bbox 2280 3403 3893 3474">
    <p class='ocr_par' dir='ltr' id='par_1_79' title="bbox 2280 3403 3893 3474">
     <span class='ocr_line' id='line_1_79' title="bbox 2280 3403 3893 3474; baseline 0.002 -19"><span class='ocrx_word' id='word_1_606' title='bbox 2280 3405 2313 3474; x_wconf 86' lang='grc' dir='ltr'>ή</span> <span class='ocrx_word' id='word_1_607' title='bbox 2345 3404 2444 3474; x_wconf 89' lang='grc' dir='ltr'><strong>μία</strong></span> <span class='ocrx_word' id='word_1_608' title='bbox 2474 3403 2723 3473; x_wconf 76' lang='grc' dir='ltr'>τράπεζα</span> <span class='ocrx_word' id='word_1_609' title='bbox 2777 3405 2945 3470; x_wconf 68' lang='grc' dir='ltr'>ποιεῖς</span> <span class='ocrx_word' id='word_1_610' title='bbox 3000 3404 3143 3456; x_wconf 85' lang='grc' dir='ltr'>διατί</span> <span class='ocrx_word' id='word_1_611' title='bbox 3174 3404 3353 3457; x_wconf 88' lang='grc' dir='ltr'>τοίνυν</span> <span class='ocrx_word' id='word_1_612' title='bbox 3381 3404 3624 3469; x_wconf 77' lang='grc' dir='ltr'>ἀναξίως</span> <span class='ocrx_word' id='word_1_613' title='bbox 3687 3407 3893 3461; x_wconf 80' lang='grc' dir='ltr'>τούτων</span> 
     </span>
    </p>
   </div>
   <div class='ocr_carea' id='block_1_80' title="bbox 2279 3495 3895 3571">
    <p class='ocr_par' dir='ltr' id='par_1_80' title="bbox 2279 3495 3895 3571">
     <span class='ocr_line' id='line_1_80' title="bbox 2279 3495 3895 3571; baseline 0.003 -22"><span class='ocrx_word' id='word_1_614' title='bbox 2279 3498 2528 3566; x_wconf 86' lang='grc' dir='ltr'>φρονεῖτε</span> <span class='ocrx_word' id='word_1_615' title='bbox 2551 3512 2566 3560; x_wconf 85' lang='grc'>;</span> <span class='ocrx_word' id='word_1_616' title='bbox 2608 3496 2749 3548; x_wconf 82' lang='grc' dir='ltr'>Ἀλλ’</span> <span class='ocrx_word' id='word_1_617' title='bbox 2766 3495 2876 3548; x_wconf 84' lang='grc' dir='ltr'>οὐδ’</span> <span class='ocrx_word' id='word_1_618' title='bbox 2908 3495 3020 3564; x_wconf 78' lang='grc' dir='ltr'><strong>ἐγὼ</strong></span> <span class='ocrx_word' id='word_1_619' title='bbox 3041 3497 3216 3567; x_wconf 79' lang='grc' dir='ltr'>τούτῳ</span> <span class='ocrx_word' id='word_1_620' title='bbox 3238 3499 3336 3568; x_wconf 81' lang='grc' dir='ltr'><strong>μὲν</strong></span> <span class='ocrx_word' id='word_1_621' title='bbox 3364 3497 3703 3569; x_wconf 78' lang='grc' dir='ltr'>διηκόνησα,</span> <span class='ocrx_word' id='word_1_622' title='bbox 3723 3501 3895 3571; x_wconf 80' lang='grc' dir='ltr'>τούτῳ</span> 
     </span>
    </p>
   </div>
   <div class='ocr_carea' id='block_1_81' title="bbox 2279 3588 3895 3662">
    <p class='ocr_par' dir='ltr' id='par_1_81' title="bbox 2279 3588 3895 3662">
     <span class='ocr_line' id='line_1_81' title="bbox 2279 3588 3895 3662; baseline 0.002 -19"><span class='ocrx_word' id='word_1_623' title='bbox 2279 3592 2324 3643; x_wconf 84' lang='grc' dir='ltr'>δ’</span> <span class='ocrx_word' id='word_1_624' title='bbox 2348 3589 2432 3656; x_wconf 79' lang='grc' dir='ltr'><strong>οὓ,</strong></span> <span class='ocrx_word' id='word_1_625' title='bbox 2464 3590 2599 3644; x_wconf 86' lang='grc' dir='ltr'>ἀλλὰ</span> <span class='ocrx_word' id='word_1_626' title='bbox 2629 3592 2799 3643; x_wconf 74' lang='grc' dir='ltr'>πᾶσιν</span> <span class='ocrx_word' id='word_1_627' title='bbox 2832 3590 2961 3659; x_wconf 78' lang='grc' dir='ltr'>ὑμῖν</span> <span class='ocrx_word' id='word_1_628' title='bbox 2993 3591 3188 3662; x_wconf 81' lang='grc' dir='ltr'>ἐπίσης</span> <span class='ocrx_word' id='word_1_629' title='bbox 3248 3593 3451 3655; x_wconf 74' lang='grc' dir='ltr'>πάντες</span> <span class='ocrx_word' id='word_1_630' title='bbox 3493 3588 3594 3646; x_wconf 83' lang='grc' dir='ltr'><strong>οὖν</strong></span> <span class='ocrx_word' id='word_1_631' title='bbox 3627 3593 3690 3646; x_wconf 82' lang='grc' dir='ltr'>ἓν</span> <span class='ocrx_word' id='word_1_632' title='bbox 3722 3597 3817 3648; x_wconf 72' lang='grc' dir='ltr'><strong>καὶ</strong></span> <span class='ocrx_word' id='word_1_633' title='bbox 3842 3596 3895 3647; x_wconf 72' lang='grc' dir='ltr'>τὸ</span> 
     </span>
    </p>
   </div>
   <div class='ocr_carea' id='block_1_82' title="bbox 2279 3684 3893 3756">
    <p class='ocr_par' dir='ltr' id='par_1_82' title="bbox 2279 3684 3893 3756">
     <span class='ocr_line' id='line_1_82' title="bbox 2279 3684 3893 3756; baseline 0.002 -18"><span class='ocrx_word' id='word_1_634' title='bbox 2279 3684 2413 3738; x_wconf 76' lang='grc' dir='ltr'>αὐτὸ</span> <span class='ocrx_word' id='word_1_635' title='bbox 2458 3686 2724 3756; x_wconf 85' lang='grc' dir='ltr'>φρονεῖτε.</span> <span class='ocrx_word' id='word_1_636' title='bbox 2757 3684 2828 3738; x_wconf 79' lang='grc' dir='ltr'>Σὺ</span> <span class='ocrx_word' id='word_1_637' title='bbox 2860 3685 2919 3738; x_wconf 88' lang='grc' dir='ltr'><strong>δέ</strong></span> <span class='ocrx_word' id='word_1_638' title='bbox 2953 3702 3042 3752; x_wconf 89' lang='grc' dir='ltr'><strong>μοι</strong></span> <span class='ocrx_word' id='word_1_639' title='bbox 3075 3688 3139 3738; x_wconf 86' lang='grc' dir='ltr'><strong>ἐκ</strong></span> <span class='ocrx_word' id='word_1_640' title='bbox 3171 3684 3644 3752; x_wconf 36' lang='grc' dir='ltr'>πάντωνητούτων</span> <span class='ocrx_word' id='word_1_641' title='bbox 3703 3690 3893 3750; x_wconf 76' lang='grc' dir='ltr'>ἐννόει,</span> 
     </span>
    </p>
   </div>
   <div class='ocr_carea' id='block_1_83' title="bbox 2280 3772 3894 3849">
    <p class='ocr_par' dir='ltr' id='par_1_83' title="bbox 2280 3772 3894 3849">
     <span class='ocr_line' id='line_1_83' title="bbox 2280 3772 3894 3849; baseline 0.003 -19"><span class='ocrx_word' id='word_1_642' title='bbox 2280 3777 2396 3839; x_wconf 83' lang='grc' dir='ltr'>πῶς</span> <span class='ocrx_word' id='word_1_643' title='bbox 2424 3777 2635 3839; x_wconf 74' lang='grc' dir='ltr'>ἀτελεῖς</span> <span class='ocrx_word' id='word_1_644' title='bbox 2660 3772 2802 3848; x_wconf 82' lang='grc' dir='ltr'>ἦσαν</span> <span class='ocrx_word' id='word_1_645' title='bbox 2829 3777 2908 3830; x_wconf 73' lang='grc' dir='ltr'>ἔτι</span> <span class='ocrx_word' id='word_1_646' title='bbox 2935 3779 2982 3829; x_wconf 93' lang='grc' dir='ltr'><strong>οί</strong></span> <span class='ocrx_word' id='word_1_647' title='bbox 3014 3777 3254 3849; x_wconf 88' lang='grc' dir='ltr'>μαθηταί</span> <span class='ocrx_word' id='word_1_648' title='bbox 3281 3795 3294 3810; x_wconf 75' lang='grc' dir='ltr'><strong>ο</strong></span> <span class='ocrx_word' id='word_1_649' title='bbox 3325 3777 3443 3831; x_wconf 86' lang='grc' dir='ltr'>ἀλλ’</span> <span class='ocrx_word' id='word_1_650' title='bbox 3477 3779 3557 3832; x_wconf 82' lang='grc' dir='ltr'><strong>ίδε</strong></span> <span class='ocrx_word' id='word_1_651' title='bbox 3587 3781 3715 3842; x_wconf 75' lang='grc' dir='ltr'><strong>πῶς</strong></span> <span class='ocrx_word' id='word_1_652' title='bbox 3744 3782 3894 3835; x_wconf 78' lang='grc' dir='ltr'>ὓστε-</span> 
     </span>
    </p>
   </div>
   <div class='ocr_carea' id='block_1_84' title="bbox 2284 3869 3889 3942">
    <p class='ocr_par' dir='ltr' id='par_1_84' title="bbox 2284 3869 3889 3942">
     <span class='ocr_line' id='line_1_84' title="bbox 2284 3869 3889 3942; baseline 0.005 -22"><span class='ocrx_word' id='word_1_653' title='bbox 2284 3887 2374 3940; x_wconf 91' lang='grc' dir='ltr'><strong>ρον</strong></span> <span class='ocrx_word' id='word_1_654' title='bbox 2407 3869 2678 3940; x_wconf 68' lang='grc' dir='ltr'>ἔλαμψαν.</span> <span class='ocrx_word' id='word_1_655' title='bbox 2724 3870 3213 3941; x_wconf 82' lang='grc' dir='ltr'>Ἐντρεπέσθωσαν</span> <span class='ocrx_word' id='word_1_656' title='bbox 3253 3873 3556 3942; x_wconf 86' lang='grc' dir='ltr'>Μανιχαῖοι</span> <span class='ocrx_word' id='word_1_657' title='bbox 3606 3873 3889 3942; x_wconf 83' lang='grc' dir='ltr'>λέγοντες,</span> 
     </span>
    </p>
   </div>
   <div class='ocr_carea' id='block_1_85' title="bbox 2281 3963 3890 4039">
    <p class='ocr_par' dir='ltr' id='par_1_85' title="bbox 2281 3963 3890 4039">
     <span class='ocr_line' id='line_1_85' title="bbox 2281 3963 3890 4039; baseline 0.003 -23"><span class='ocrx_word' id='word_1_658' title='bbox 2281 3965 2360 4016; x_wconf 83' lang='grc' dir='ltr'>ὅτι</span> <span class='ocrx_word' id='word_1_659' title='bbox 2395 3966 2460 4016; x_wconf 83' lang='grc' dir='ltr'><strong>ἐκ</strong></span> <span class='ocrx_word' id='word_1_660' title='bbox 2485 3964 2700 4031; x_wconf 84' lang='grc' dir='ltr'>φύσεώς</span> <span class='ocrx_word' id='word_1_661' title='bbox 2738 3964 2846 4016; x_wconf 79' lang='grc' dir='ltr'>εἰσί</span> <span class='ocrx_word' id='word_1_662' title='bbox 2875 3981 3022 4026; x_wconf 87' lang='grc' dir='ltr'>τινες</span> <span class='ocrx_word' id='word_1_663' title='bbox 3063 3963 3322 4033; x_wconf 83' lang='grc' dir='ltr'>ἀμαθεῖς,</span> <span class='ocrx_word' id='word_1_664' title='bbox 3360 3966 3456 4018; x_wconf 76' lang='grc' dir='ltr'>καὶ</span> <span class='ocrx_word' id='word_1_665' title='bbox 3482 3967 3766 4021; x_wconf 83' lang='grc' dir='ltr'>ἀδύνατον</span> <span class='ocrx_word' id='word_1_666' title='bbox 3805 3986 3890 4039; x_wconf 67' lang='grc' dir='ltr'>μεθ</span> 
     </span>
    </p>
   </div>
   <div class='ocr_carea' id='block_1_86' title="bbox 2279 4056 2854 4125">
    <p class='ocr_par' dir='ltr' id='par_1_86' title="bbox 2279 4056 2854 4125">
     <span class='ocr_line' id='line_1_86' title="bbox 2279 4056 2854 4125; baseline 0.003 -17"><span class='ocrx_word' id='word_1_667' title='bbox 2279 4056 2577 4125; x_wconf 78' lang='grc' dir='ltr'>τατεθῆναι</span> <span class='ocrx_word' id='word_1_668' title='bbox 2610 4059 2854 4121; x_wconf 85' lang='grc' dir='ltr'>τούτους.</span> 
     </span>
    </p>
   </div>
   <div class='ocr_carea' id='block_1_87' title="bbox 2357 4150 3893 4225">
    <p class='ocr_par' dir='ltr' id='par_1_87' title="bbox 2357 4150 3893 4225">
     <span class='ocr_line' id='line_1_87' title="bbox 2357 4150 3893 4225; baseline 0.003 -24"><span class='ocrx_word' id='word_1_669' title='bbox 2357 4170 2376 4201; x_wconf 78' lang='lat' dir='ltr'><strong>t</strong></span> <span class='ocrx_word' id='word_1_670' title='bbox 2425 4150 2612 4221; x_wconf 77' lang='grc' dir='ltr'>Ὑμεῖς</span> <span class='ocrx_word' id='word_1_671' title='bbox 2645 4150 2701 4203; x_wconf 85' lang='grc' dir='ltr'><strong>δέ</strong></span> <span class='ocrx_word' id='word_1_672' title='bbox 2733 4152 2856 4204; x_wconf 82' lang='grc' dir='ltr'>ἐστε</span> <span class='ocrx_word' id='word_1_673' title='bbox 2882 4155 2933 4204; x_wconf 75' lang='grc' dir='ltr'>οἱ</span> <span class='ocrx_word' id='word_1_674' title='bbox 2981 4152 3454 4224; x_wconf 80' lang='grc' dir='ltr'>διαμεμενηκότες</span> <span class='ocrx_word' id='word_1_675' title='bbox 3493 4153 3624 4223; x_wconf 85' lang='grc' dir='ltr'>μετ’</span> <span class='ocrx_word' id='word_1_676' title='bbox 3664 4153 3812 4225; x_wconf 82' lang='grc' dir='ltr'>ἐμοῦ</span> <span class='ocrx_word' id='word_1_677' title='bbox 3843 4155 3893 4207; x_wconf 77' lang='grc' dir='ltr'><strong>ἐν</strong></span> 
     </span>
    </p>
   </div>
   <div class='ocr_carea' id='block_1_88' title="bbox 2278 4241 3891 4312">
    <p class='ocr_par' dir='ltr' id='par_1_88' title="bbox 2278 4241 3891 4312">
     <span class='ocr_line' id='line_1_88' title="bbox 2278 4241 3891 4312; baseline 0.002 -20"><span class='ocrx_word' id='word_1_678' title='bbox 2278 4243 2392 4304; x_wconf 82' lang='grc' dir='ltr'>τοῖς</span> <span class='ocrx_word' id='word_1_679' title='bbox 2423 4243 2753 4311; x_wconf 89' lang='grc' dir='ltr'>πειρασμοῖς</span> <span class='ocrx_word' id='word_1_680' title='bbox 2792 4258 2915 4312; x_wconf 90' lang='grc' dir='ltr'>μου,</span> <span class='ocrx_word' id='word_1_681' title='bbox 2965 4241 3123 4310; x_wconf 81' lang='grc' dir='ltr'>κάγὼ</span> <span class='ocrx_word' id='word_1_682' title='bbox 3164 4242 3478 4312; x_wconf 84' lang='grc' dir='ltr'>διατίθεμαι</span> <span class='ocrx_word' id='word_1_683' title='bbox 3510 4244 3675 4312; x_wconf 86' lang='grc' dir='ltr'>ὑμῖν,</span> <span class='ocrx_word' id='word_1_684' title='bbox 3716 4247 3891 4306; x_wconf 78' lang='grc' dir='ltr'>καθὼς</span> 
     </span>
    </p>
   </div>
   <div class='ocr_carea' id='block_1_89' title="bbox 2278 4333 3893 4407">
    <p class='ocr_par' dir='ltr' id='par_1_89' title="bbox 2278 4333 3893 4407">
     <span class='ocr_line' id='line_1_89' title="bbox 2278 4333 3893 4407; baseline 0.004 -23"><span class='ocrx_word' id='word_1_685' title='bbox 2278 4333 2484 4386; x_wconf 84' lang='grc' dir='ltr'>διέθετό</span> <span class='ocrx_word' id='word_1_686' title='bbox 2508 4350 2596 4402; x_wconf 93' lang='grc' dir='ltr'><strong>μοι</strong></span> <span class='ocrx_word' id='word_1_687' title='bbox 2631 4334 2659 4384; x_wconf 82' lang='grc' dir='ltr'><strong>ὁ</strong></span> <span class='ocrx_word' id='word_1_688' title='bbox 2683 4334 2875 4403; x_wconf 86' lang='grc' dir='ltr'>Πατήρ</span> <span class='ocrx_word' id='word_1_689' title='bbox 2907 4351 3009 4404; x_wconf 89' lang='grc' dir='ltr'><strong>μου</strong></span> <span class='ocrx_word' id='word_1_690' title='bbox 3053 4334 3358 4405; x_wconf 86' lang='grc' dir='ltr'>βασιλείαν,</span> <span class='ocrx_word' id='word_1_691' title='bbox 3396 4336 3484 4388; x_wconf 82' lang='grc' dir='ltr'><strong>ἵνα</strong></span> <span class='ocrx_word' id='word_1_692' title='bbox 3513 4337 3757 4407; x_wconf 80' lang='grc' dir='ltr'>ἐσθίητε</span> <span class='ocrx_word' id='word_1_693' title='bbox 3812 4342 3893 4390; x_wconf 75' lang='grc' dir='ltr'>καὶ</span> 
     </span>
    </p>
   </div>
   <div class='ocr_carea' id='block_1_90' title="bbox 2282 4426 3893 4499">
    <p class='ocr_par' dir='ltr' id='par_1_90' title="bbox 2282 4426 3893 4499">
     <span class='ocr_line' id='line_1_90' title="bbox 2282 4426 3893 4499; baseline 0.002 -21"><span class='ocrx_word' id='word_1_694' title='bbox 2282 4426 2474 4495; x_wconf 88' lang='grc' dir='ltr'>πίνητε</span> <span class='ocrx_word' id='word_1_695' title='bbox 2508 4428 2602 4480; x_wconf 71' lang='grc' dir='ltr'>ἐπὶ</span> <span class='ocrx_word' id='word_1_696' title='bbox 2661 4426 2760 4496; x_wconf 82' lang='grc' dir='ltr'>τῆς</span> <span class='ocrx_word' id='word_1_697' title='bbox 2812 4428 3096 4498; x_wconf 77' lang='grc' dir='ltr'>τραπέζης</span> <span class='ocrx_word' id='word_1_698' title='bbox 3135 4445 3258 4497; x_wconf 84' lang='grc' dir='ltr'>μου,</span> <span class='ocrx_word' id='word_1_699' title='bbox 3291 4428 3383 4480; x_wconf 75' lang='grc' dir='ltr'><strong>καὶ</strong></span> <span class='ocrx_word' id='word_1_700' title='bbox 3411 4427 3760 4499; x_wconf 76' lang='grc' dir='ltr'>-καθέζησθε</span> <span class='ocrx_word' id='word_1_701' title='bbox 3814 4431 3893 4483; x_wconf 68' lang='grc' dir='ltr'><strong>ἐπὶ</strong></span> 
     </span>
    </p>
   </div>
   <div class='ocr_carea' id='block_1_91' title="bbox 600 4506 2174 4596">
    <p class='ocr_par' dir='ltr' id='par_1_91' title="bbox 600 4506 2174 4586">
     <span class='ocr_line' id='line_1_91' title="bbox 600 4506 2174 4586; baseline -0.013 -7"><span class='ocrx_word' id='word_1_702' title='bbox 600 4537 740 4586; x_wconf 87' lang='lat' dir='ltr'><strong>meo,</strong></span> <span class='ocrx_word' id='word_1_703' title='bbox 793 4530 852 4575; x_wconf 88' lang='lat' dir='ltr'><strong>et</strong></span> <span class='ocrx_word' id='word_1_704' title='bbox 885 4516 1119 4574; x_wconf 87' lang='lat' dir='ltr'><strong>sedeatis</strong></span> <span class='ocrx_word' id='word_1_705' title='bbox 1166 4529 1328 4584; x_wconf 87' lang='lat' dir='ltr'><strong>super</strong></span> <span class='ocrx_word' id='word_1_706' title='bbox 1368 4511 1610 4574; x_wconf 86' lang='lat' dir='ltr'><strong>thronos,</strong></span> <span class='ocrx_word' id='word_1_707' title='bbox 1643 4509 1952 4580; x_wconf 73' lang='lat' dir='ltr'><strong>iudicantes</strong></span> <span class='ocrx_word' id='word_1_708' title='bbox 1976 4506 2174 4560; x_wconf 88' lang='lat' dir='ltr'><strong>duode-</strong></span> 
     </span>
    </p>
   </div>
   <div class='ocr_carea' id='block_1_92' title="bbox 2282 4506 3890 4596">
    <p class='ocr_par' dir='ltr' id='par_1_92' title="bbox 2285 4521 3890 4596">
     <span class='ocr_line' id='line_1_92' title="bbox 2285 4521 3890 4596; baseline 0.002 -22"><span class='ocrx_word' id='word_1_709' title='bbox 2285 4521 2491 4593; x_wconf 82' lang='grc' dir='ltr'>θρόνων</span> <span class='ocrx_word' id='word_1_710' title='bbox 2533 4523 2813 4591; x_wconf 82' lang='grc' dir='ltr'>κρίνοντες</span> <span class='ocrx_word' id='word_1_711' title='bbox 2864 4522 2965 4583; x_wconf 82' lang='grc' dir='ltr'><strong>τάς</strong></span> <span class='ocrx_word' id='word_1_712' title='bbox 2994 4521 3208 4574; x_wconf 87' lang='grc' dir='ltr'>δώδεκα</span> <span class='ocrx_word' id='word_1_713' title='bbox 3247 4522 3421 4590; x_wconf 77' lang='grc' dir='ltr'>φυλὰς</span> <span class='ocrx_word' id='word_1_714' title='bbox 3484 4522 3586 4575; x_wconf 83' lang='grc' dir='ltr'><strong>τοῦ</strong></span> <span class='ocrx_word' id='word_1_715' title='bbox 3651 4526 3890 4596; x_wconf 78' lang='grc' dir='ltr'>Ἰσραήλ.</span> 
     </span>
    </p>
   </div>
   <div class='ocr_carea' id='block_1_93' title="bbox 591 4598 2171 4672">
    <p class='ocr_par' dir='ltr' id='par_1_93' title="bbox 591 4598 2171 4672">
     <span class='ocr_line' id='line_1_93' title="bbox 591 4598 2171 4672; baseline -0.012 -1"><span class='ocrx_word' id='word_1_716' title='bbox 591 4618 695 4672; x_wconf 92' lang='lat' dir='ltr'><strong>cim</strong></span> <span class='ocrx_word' id='word_1_717' title='bbox 767 4613 936 4666; x_wconf 87' lang='lat' dir='ltr'><strong>tribus</strong></span> <span class='ocrx_word' id='word_1_718' title='bbox 981 4607 1173 4664; x_wconf 85' lang='lat' dir='ltr'><strong>Israel.</strong></span> <span class='ocrx_word' id='word_1_719' title='bbox 1237 4607 1326 4659; x_wconf 85' lang='lat' dir='ltr'><strong>Ait</strong></span> <span class='ocrx_word' id='word_1_720' title='bbox 1373 4614 1550 4658; x_wconf 87' lang='lat' dir='ltr'><strong>autem</strong></span> <span class='ocrx_word' id='word_1_721' title='bbox 1613 4602 1912 4656; x_wconf 88' lang='lat' dir='ltr'><strong>Dominus:</strong></span> <span class='ocrx_word' id='word_1_722' title='bbox 1962 4598 2171 4665; x_wconf 89' lang='lat' dir='ltr'><strong>Simon,</strong></span> 
     </span>
    </p>
   </div>
   <div class='ocr_carea' id='block_1_94' title="bbox 593 4695 2176 4772">
    <p class='ocr_par' dir='ltr' id='par_1_94' title="bbox 593 4695 2176 4772">
     <span class='ocr_line' id='line_1_94' title="bbox 593 4695 2176 4772; baseline -0.012 -7"><span class='ocrx_word' id='word_1_723' title='bbox 593 4709 804 4772; x_wconf 84' lang='lat' dir='ltr'><strong>Simon,</strong></span> <span class='ocrx_word' id='word_1_724' title='bbox 855 4720 1001 4768; x_wconf 89' lang='lat' dir='ltr'><strong>ecce,</strong></span> <span class='ocrx_word' id='word_1_725' title='bbox 1062 4701 1290 4757; x_wconf 84' lang='lat' dir='ltr'><strong>Satanas</strong></span> <span class='ocrx_word' id='word_1_726' title='bbox 1345 4699 1600 4767; x_wconf 84' lang='lat' dir='ltr'><strong>expetivit</strong></span> <span class='ocrx_word' id='word_1_727' title='bbox 1659 4711 1774 4761; x_wconf 85' lang='lat' dir='ltr'><strong>vos,</strong></span> <span class='ocrx_word' id='word_1_728' title='bbox 1817 4702 1872 4748; x_wconf 86' lang='lat' dir='ltr'><strong>ut</strong></span> <span class='ocrx_word' id='word_1_729' title='bbox 1910 4695 2176 4748; x_wconf 88' lang='lat' dir='ltr'><strong>eribraret</strong></span> 
     </span>
    </p>
   </div>
   <div class='ocr_carea' id='block_1_95' title="bbox 594 4788 2176 4861">
    <p class='ocr_par' dir='ltr' id='par_1_95' title="bbox 594 4788 2176 4861">
     <span class='ocr_line' id='line_1_95' title="bbox 594 4788 2176 4861; baseline -0.011 -4"><span class='ocrx_word' id='word_1_730' title='bbox 594 4807 733 4858; x_wconf 82' lang='lat' dir='ltr'><strong>sicut</strong></span> <span class='ocrx_word' id='word_1_731' title='bbox 782 4801 1019 4852; x_wconf 87' lang='lat' dir='ltr'><strong>triticum</strong></span> <span class='ocrx_word' id='word_1_732' title='bbox 1056 4796 1186 4848; x_wconf 83' lang='lat' dir='ltr'><strong>:s&#39;ed</strong></span> <span class='ocrx_word' id='word_1_733' title='bbox 1236 4807 1336 4861; x_wconf 91' lang='lat' dir='ltr'><strong>ego</strong></span> <span class='ocrx_word' id='word_1_734' title='bbox 1396 4792 1574 4860; x_wconf 81' lang='lat' dir='ltr'><strong>rogavi</strong></span> <span class='ocrx_word' id='word_1_735' title='bbox 1621 4805 1716 4858; x_wconf 89' lang='lat' dir='ltr'><strong>pro</strong></span> <span class='ocrx_word' id='word_1_736' title='bbox 1753 4800 1823 4853; x_wconf 90' lang='lat' dir='ltr'><strong>lc,</strong></span> <span class='ocrx_word' id='word_1_737' title='bbox 1867 4805 1932 4842; x_wconf 88' lang='lat' dir='ltr'><strong>ne</strong></span> <span class='ocrx_word' id='word_1_738' title='bbox 1959 4788 2176 4843; x_wconf 80' lang='lat' dir='ltr'><strong>deﬁciat</strong></span> 
     </span>
    </p>
   </div>
   <div class='ocr_carea' id='block_1_96' title="bbox 594 4878 2176 4955">
    <p class='ocr_par' dir='ltr' id='par_1_96' title="bbox 594 4878 2176 4955">
     <span class='ocr_line' id='line_1_96' title="bbox 594 4878 2176 4955; baseline -0.012 -6"><span class='ocrx_word' id='word_1_739' title='bbox 594 4895 726 4949; x_wconf 82' lang='lat' dir='ltr'><strong>ﬁdes</strong></span> <span class='ocrx_word' id='word_1_740' title='bbox 770 4901 883 4946; x_wconf 89' lang='lat' dir='ltr'><strong>tua.</strong></span> <span class='ocrx_word' id='word_1_741' title='bbox 914 4887 978 4941; x_wconf 81' lang='lat' dir='ltr'><strong>Et</strong></span> <span class='ocrx_word' id='word_1_742' title='bbox 1006 4900 1060 4940; x_wconf 91' lang='lat' dir='ltr'><strong>tu</strong></span> <span class='ocrx_word' id='word_1_743' title='bbox 1093 4884 1380 4955; x_wconf 84' lang='lat' dir='ltr'><strong>aliquando</strong></span> <span class='ocrx_word' id='word_1_744' title='bbox 1422 4896 1716 4936; x_wconf 87' lang='lat' dir='ltr'><strong>conversus</strong></span> <span class='ocrx_word' id='word_1_745' title='bbox 1769 4882 2028 4934; x_wconf 78' lang='lat' dir='ltr'><strong>conﬁrma</strong></span> <span class='ocrx_word' id='word_1_746' title='bbox 2065 4878 2176 4931; x_wconf 84' lang='lat' dir='ltr'><strong>fra-</strong></span> 
     </span>
    </p>
   </div>
   <div class='ocr_carea' id='block_1_97' title="bbox 594 4973 2175 5044">
    <p class='ocr_par' dir='ltr' id='par_1_97' title="bbox 594 4973 2175 5044">
     <span class='ocr_line' id='line_1_97' title="bbox 594 4973 2175 5044; baseline -0.013 0"><span class='ocrx_word' id='word_1_747' title='bbox 594 4999 703 5044; x_wconf 87' lang='lat' dir='ltr'><strong>tres</strong></span> <span class='ocrx_word' id='word_1_748' title='bbox 745 4995 887 5040; x_wconf 90' lang='lat' dir='ltr'><strong>tuos.</strong></span> <span class='ocrx_word' id='word_1_749' title='bbox 919 4983 989 5035; x_wconf 84' lang='lat' dir='ltr'><strong>At</strong></span> <span class='ocrx_word' id='word_1_750' title='bbox 1019 4980 1106 5034; x_wconf 90' lang='lat' dir='ltr'><strong>ille</strong></span> <span class='ocrx_word' id='word_1_751' title='bbox 1147 4977 1284 5032; x_wconf 82' lang='lat' dir='ltr'><strong>dixit</strong></span> <span class='ocrx_word' id='word_1_752' title='bbox 1313 4977 1363 5032; x_wconf 91' lang='lat' dir='ltr'><strong>ci</strong></span> <span class='ocrx_word' id='word_1_753' title='bbox 1394 4993 1406 5029; x_wconf 89' lang='lat'><strong>:</strong></span> <span class='ocrx_word' id='word_1_754' title='bbox 1439 4973 1688 5038; x_wconf 90' lang='lat' dir='ltr'><strong>Domine,</strong></span> <span class='ocrx_word' id='word_1_755' title='bbox 1730 4983 1905 5026; x_wconf 88' lang='lat' dir='ltr'><strong>tecum</strong></span> <span class='ocrx_word' id='word_1_756' title='bbox 1953 4981 2175 5040; x_wconf 87' lang='lat' dir='ltr'><strong>paratus</strong></span> 
     </span>
    </p>
   </div>
   <div class='ocr_carea' id='block_1_98' title="bbox 591 5066 2170 5139">
    <p class='ocr_par' dir='ltr' id='par_1_98' title="bbox 591 5066 2170 5139">
     <span class='ocr_line' id='line_1_98' title="bbox 591 5066 2170 5139; baseline -0.013 -1"><span class='ocrx_word' id='word_1_757' title='bbox 591 5100 710 5139; x_wconf 89' lang='lat' dir='ltr'><strong>sum</strong></span> <span class='ocrx_word' id='word_1_758' title='bbox 746 5091 801 5135; x_wconf 88' lang='lat' dir='ltr'><strong>et</strong></span> <span class='ocrx_word' id='word_1_759' title='bbox 831 5080 884 5133; x_wconf 84' lang='lat' dir='ltr'><strong>iit</strong></span> <span class='ocrx_word' id='word_1_760' title='bbox 921 5090 1191 5133; x_wconf 82' lang='lat' dir='ltr'><strong>carcerein</strong></span> <span class='ocrx_word' id='word_1_761' title='bbox 1220 5080 1274 5128; x_wconf 91' lang='lat' dir='ltr'><strong>et</strong></span> <span class='ocrx_word' id='word_1_762' title='bbox 1303 5073 1355 5125; x_wconf 91' lang='lat' dir='ltr'><strong>in</strong></span> <span class='ocrx_word' id='word_1_763' title='bbox 1393 5082 1620 5124; x_wconf 90' lang='lat' dir='ltr'><strong>mortem</strong></span> <span class='ocrx_word' id='word_1_764' title='bbox 1648 5071 1743 5122; x_wconf 86' lang='lat' dir='ltr'><strong>ire.</strong></span> <span class='ocrx_word' id='word_1_765' title='bbox 1777 5066 1844 5121; x_wconf 88' lang='lat' dir='ltr'><strong>At</strong></span> <span class='ocrx_word' id='word_1_766' title='bbox 1875 5067 1964 5121; x_wconf 89' lang='lat' dir='ltr'><strong>ille</strong></span> <span class='ocrx_word' id='word_1_767' title='bbox 1996 5066 2129 5120; x_wconf 82' lang='lat' dir='ltr'><strong>dixit</strong></span> <span class='ocrx_word' id='word_1_768' title='bbox 2157 5083 2170 5119; x_wconf 90' lang='lat'><strong>:</strong></span> 
     </span>
    </p>
   </div>
   <div class='ocr_carea' id='block_1_99' title="bbox 593 5160 2172 5248">
    <p class='ocr_par' dir='ltr' id='par_1_99' title="bbox 593 5160 2172 5248">
     <span class='ocr_line' id='line_1_99' title="bbox 593 5160 2172 5248; baseline -0.013 -16"><span class='ocrx_word' id='word_1_769' title='bbox 593 5177 723 5232; x_wconf 90' lang='lat' dir='ltr'><strong>Dico</strong></span> <span class='ocrx_word' id='word_1_770' title='bbox 751 5176 870 5239; x_wconf 80' lang='lat' dir='ltr'><strong>tibi,</strong></span> <span class='ocrx_word' id='word_1_771' title='bbox 920 5172 1095 5248; x_wconf 73' lang='lat' dir='ltr'><strong>Petra,</strong></span> <span class='ocrx_word' id='word_1_772' title='bbox 1133 5183 1237 5222; x_wconf 92' lang='lat' dir='ltr'><strong>non</strong></span> <span class='ocrx_word' id='word_1_773' title='bbox 1267 5175 1422 5220; x_wconf 89' lang='lat' dir='ltr'><strong>canet</strong></span> <span class='ocrx_word' id='word_1_774' title='bbox 1454 5164 1609 5219; x_wconf 90' lang='lat' dir='ltr'><strong>hodie</strong></span> <span class='ocrx_word' id='word_1_775' title='bbox 1639 5161 1810 5232; x_wconf 83' lang='lat' dir='ltr'><strong>gallus</strong></span> <span class='ocrx_word' id='word_1_776' title='bbox 1857 5160 2172 5230; x_wconf 86' lang='lat' dir='ltr'><strong>priusquam</strong></span> 
     </span>
    </p>
   </div>
   <div class='ocr_carea' id='block_1_100' title="bbox 593 5253 2173 5336">
    <p class='ocr_par' dir='ltr' id='par_1_100' title="bbox 593 5253 2173 5336">
     <span class='ocr_line' id='line_1_100' title="bbox 593 5253 2173 5336; baseline -0.013 -11"><span class='ocrx_word' id='word_1_777' title='bbox 593 5279 676 5325; x_wconf 90' lang='lat' dir='ltr'><strong>ter</strong></span> <span class='ocrx_word' id='word_1_778' title='bbox 725 5269 960 5336; x_wconf 61' lang='lat' dir='ltr'><strong>abutrgcs</strong></span> <span class='ocrx_word' id='word_1_779' title='bbox 1001 5274 1158 5316; x_wconf 86' lang='lat' dir='ltr'><strong>nosse</strong></span> <span class='ocrx_word' id='word_1_780' title='bbox 1193 5272 1297 5313; x_wconf 90' lang='lat' dir='ltr'><strong>me.</strong></span> <span class='ocrx_word' id='word_1_781' title='bbox 1346 5277 1364 5310; x_wconf 73' lang='grc' dir='ltr'><strong>ι</strong></span> <span class='ocrx_word' id='word_1_782' title='bbox 1398 5255 1686 5324; x_wconf 77' lang='lat' dir='ltr'><strong>POStquam</strong></span> <span class='ocrx_word' id='word_1_783' title='bbox 1751 5253 1886 5308; x_wconf 77' lang='lat' dir='ltr'><strong>dixit</strong></span> <span class='ocrx_word' id='word_1_784' title='bbox 1927 5253 2173 5307; x_wconf 86' lang='lat' dir='ltr'><strong>traditori</strong></span> 
     </span>
    </p>
   </div>
   <div class='ocr_carea' id='block_1_101' title="bbox 592 5347 2176 5426">
    <p class='ocr_par' dir='ltr' id='par_1_101' title="bbox 592 5347 2176 5426">
     <span class='ocr_line' id='line_1_101' title="bbox 592 5347 2176 5426; baseline -0.011 -9"><span class='ocrx_word' id='word_1_785' title='bbox 592 5378 695 5426; x_wconf 80' lang='lat' dir='ltr'><strong>vae,</strong></span> <span class='ocrx_word' id='word_1_786' title='bbox 726 5372 778 5412; x_wconf 88' lang='lat' dir='ltr'><strong>et</strong></span> <span class='ocrx_word' id='word_1_787' title='bbox 817 5361 870 5411; x_wconf 87' lang='lat' dir='ltr'><strong>itt</strong></span> <span class='ocrx_word' id='word_1_788' title='bbox 901 5357 1072 5410; x_wconf 85' lang='lat' dir='ltr'><strong>medio</strong></span> <span class='ocrx_word' id='word_1_789' title='bbox 1102 5351 1285 5408; x_wconf 87' lang='lat' dir='ltr'><strong>docuit</strong></span> <span class='ocrx_word' id='word_1_790' title='bbox 1313 5365 1404 5404; x_wconf 86' lang='lat' dir='ltr'><strong>eos</strong></span> <span class='ocrx_word' id='word_1_791' title='bbox 1439 5348 1668 5403; x_wconf 89' lang='lat' dir='ltr'><strong>humiles</strong></span> <span class='ocrx_word' id='word_1_792' title='bbox 1718 5362 1836 5402; x_wconf 87' lang='lat' dir='ltr'><strong>esse</strong></span> <span class='ocrx_word' id='word_1_793' title='bbox 1862 5365 1873 5399; x_wconf 91' lang='lat'>:</span> <span class='ocrx_word' id='word_1_794' title='bbox 1902 5347 2040 5401; x_wconf 87' lang='lat' dir='ltr'><strong>sicut</strong></span> <span class='ocrx_word' id='word_1_795' title='bbox 2067 5359 2176 5400; x_wconf 88' lang='lat' dir='ltr'><strong>tra-</strong></span> 
     </span>
    </p>
   </div>
   <div class='ocr_carea' id='block_1_102' title="bbox 595 5436 2177 5517">
    <p class='ocr_par' dir='ltr' id='par_1_102' title="bbox 595 5436 2177 5517">
     <span class='ocr_line' id='line_1_102' title="bbox 595 5436 2177 5517; baseline -0.011 -10"><span class='ocrx_word' id='word_1_796' title='bbox 595 5454 753 5508; x_wconf 85' lang='lat' dir='ltr'><strong>ditori</strong></span> <span class='ocrx_word' id='word_1_797' title='bbox 810 5466 886 5501; x_wconf 69' lang='lat' dir='ltr'><strong>va:</strong></span> <span class='ocrx_word' id='word_1_798' title='bbox 921 5444 1264 5517; x_wconf 84' lang='lat' dir='ltr'><strong>adjudicavit,</strong></span> <span class='ocrx_word' id='word_1_799' title='bbox 1323 5443 1395 5496; x_wconf 87' lang='lat' dir='ltr'><strong>ita</strong></span> <span class='ocrx_word' id='word_1_800' title='bbox 1443 5457 1472 5494; x_wconf 90' lang='lat' dir='ltr'><strong>e</strong></span> <span class='ocrx_word' id='word_1_801' title='bbox 1525 5442 1757 5505; x_wconf 84' lang='lat' dir='ltr'><strong>diverso,</strong></span> <span class='ocrx_word' id='word_1_802' title='bbox 1809 5439 1982 5510; x_wconf 89' lang='lat' dir='ltr'><strong>inquit</strong></span> <span class='ocrx_word' id='word_1_803' title='bbox 2024 5457 2037 5488; x_wconf 90' lang='lat'><strong>:</strong></span> <span class='ocrx_word' id='word_1_804' title='bbox 2072 5436 2177 5490; x_wconf 80' lang='lat' dir='ltr'><strong>Vos</strong></span> 
     </span>
    </p>
   </div>
   <div class='ocr_carea' id='block_1_103' title="bbox 595 5533 2177 5612">
    <p class='ocr_par' dir='ltr' id='par_1_103' title="bbox 595 5533 2177 5612">
     <span class='ocr_line' id='line_1_103' title="bbox 595 5533 2177 5612; baseline -0.01 -11"><span class='ocrx_word' id='word_1_805' title='bbox 595 5547 728 5602; x_wconf 82' lang='lat' dir='ltr'><strong>estis</strong></span> <span class='ocrx_word' id='word_1_806' title='bbox 755 5545 843 5612; x_wconf 89' lang='lat' dir='ltr'><strong>qui</strong></span> <span class='ocrx_word' id='word_1_807' title='bbox 871 5540 1141 5595; x_wconf 88' lang='lat' dir='ltr'><strong>mattsistis</strong></span> <span class='ocrx_word' id='word_1_808' title='bbox 1168 5551 1376 5592; x_wconf 87' lang='lat' dir='ltr'><strong>mecum</strong></span> <span class='ocrx_word' id='word_1_809' title='bbox 1402 5535 1455 5588; x_wconf 91' lang='lat' dir='ltr'><strong>in</strong></span> <span class='ocrx_word' id='word_1_810' title='bbox 1476 5535 1854 5589; x_wconf 87' lang='lat' dir='ltr'><strong>tentationibus</strong></span> <span class='ocrx_word' id='word_1_811' title='bbox 1881 5535 2034 5595; x_wconf 88' lang='lat' dir='ltr'><strong>meis,</strong></span> <span class='ocrx_word' id='word_1_812' title='bbox 2059 5533 2177 5586; x_wconf 88' lang='lat' dir='ltr'><strong>ideo</strong></span> 
     </span>
    </p>
   </div>
   <div class='ocr_carea' id='block_1_104' title="bbox 596 5629 2177 5700">
    <p class='ocr_par' dir='ltr' id='par_1_104' title="bbox 596 5629 2177 5700">
     <span class='ocr_line' id='line_1_104' title="bbox 596 5629 2177 5700; baseline -0.008 -8"><span class='ocrx_word' id='word_1_813' title='bbox 596 5650 651 5692; x_wconf 90' lang='lat' dir='ltr'><strong>et</strong></span> <span class='ocrx_word' id='word_1_814' title='bbox 699 5636 1004 5690; x_wconf 86' lang='lat' dir='ltr'><strong>mercedem</strong></span> <span class='ocrx_word' id='word_1_815' title='bbox 1050 5633 1197 5686; x_wconf 83' lang='lat' dir='ltr'><strong>vobis</strong></span> <span class='ocrx_word' id='word_1_816' title='bbox 1229 5630 1482 5700; x_wconf 87' lang='lat' dir='ltr'><strong>dispono,</strong></span> <span class='ocrx_word' id='word_1_817' title='bbox 1521 5629 1622 5680; x_wconf 88' lang='lat' dir='ltr'><strong>hoc</strong></span> <span class='ocrx_word' id='word_1_818' title='bbox 1656 5635 1758 5693; x_wconf 83' lang='lat' dir='ltr'><strong>est,</strong></span> <span class='ocrx_word' id='word_1_819' title='bbox 1801 5631 2044 5695; x_wconf 84' lang='lat' dir='ltr'><strong>paciscor</strong></span> <span class='ocrx_word' id='word_1_820' title='bbox 2080 5642 2177 5680; x_wconf 85' lang='lat' dir='ltr'><strong>vo-</strong></span> 
     </span>
    </p>
   </div>
   <div class='ocr_carea' id='block_1_105' title="bbox 597 5722 2179 5795">
    <p class='ocr_par' dir='ltr' id='par_1_105' title="bbox 597 5722 2179 5795">
     <span class='ocr_line' id='line_1_105' title="bbox 597 5722 2179 5795; baseline -0.006 -6"><span class='ocrx_word' id='word_1_821' title='bbox 597 5735 802 5789; x_wconf 86' lang='lat' dir='ltr'><strong>biscum</strong></span> <span class='ocrx_word' id='word_1_822' title='bbox 847 5742 923 5795; x_wconf 90' lang='lat' dir='ltr'><strong>ut,</strong></span> <span class='ocrx_word' id='word_1_823' title='bbox 982 5744 1104 5781; x_wconf 89' lang='lat' dir='ltr'><strong>cum</strong></span> <span class='ocrx_word' id='word_1_824' title='bbox 1151 5726 1306 5779; x_wconf 83' lang='lat' dir='ltr'><strong>Pater</strong></span> <span class='ocrx_word' id='word_1_825' title='bbox 1338 5739 1487 5781; x_wconf 90' lang='lat' dir='ltr'><strong>meus</strong></span> <span class='ocrx_word' id='word_1_826' title='bbox 1537 5722 1864 5792; x_wconf 70' lang='lat' dir='ltr'><strong>disposuerit</strong></span> <span class='ocrx_word' id='word_1_827' title='bbox 1896 5724 2048 5790; x_wconf 80' lang='lat' dir='ltr'><strong>mihi,</strong></span> <span class='ocrx_word' id='word_1_828' title='bbox 2077 5725 2179 5778; x_wconf 89' lang='lat' dir='ltr'><strong>hoc</strong></span> 
     </span>
    </p>
   </div>
   <div class='ocr_carea' id='block_1_106' title="bbox 596 5817 2177 5891">
    <p class='ocr_par' dir='ltr' id='par_1_106' title="bbox 596 5817 2177 5891">
     <span class='ocr_line' id='line_1_106' title="bbox 596 5817 2177 5891; baseline -0.003 -15"><span class='ocrx_word' id='word_1_829' title='bbox 596 5834 698 5889; x_wconf 89' lang='lat' dir='ltr'><strong>est,</strong></span> <span class='ocrx_word' id='word_1_830' title='bbox 751 5821 1114 5891; x_wconf 82' lang='lat' dir='ltr'><strong>segregaverit</strong></span> <span class='ocrx_word' id='word_1_831' title='bbox 1171 5818 1299 5872; x_wconf 85' lang='lat' dir='ltr'><strong>mihi</strong></span> <span class='ocrx_word' id='word_1_832' title='bbox 1357 5830 1624 5884; x_wconf 87' lang='lat' dir='ltr'><strong>regnum,</strong></span> <span class='ocrx_word' id='word_1_833' title='bbox 1670 5817 1842 5871; x_wconf 83' lang='lat' dir='ltr'><strong>edatis</strong></span> <span class='ocrx_word' id='word_1_834' title='bbox 1897 5829 1949 5871; x_wconf 87' lang='lat' dir='ltr'><strong>et</strong></span> <span class='ocrx_word' id='word_1_835' title='bbox 1982 5818 2177 5871; x_wconf 84' lang='lat' dir='ltr'><strong>bibatis</strong></span> 
     </span>
    </p>
   </div>
   <div class='ocr_carea' id='block_1_107' title="bbox 2284 4609 3890 4683">
    <p class='ocr_par' dir='ltr' id='par_1_107' title="bbox 2284 4609 3890 4683">
     <span class='ocr_line' id='line_1_107' title="bbox 2284 4609 3890 4683; baseline 0.006 -19"><span class='ocrx_word' id='word_1_836' title='bbox 2284 4609 2499 4665; x_wconf 83' lang='grc' dir='ltr'>Εἴπεδέ</span> <span class='ocrx_word' id='word_1_837' title='bbox 2550 4614 2576 4663; x_wconf 80' lang='grc' dir='ltr'><strong>ὁ</strong></span> <span class='ocrx_word' id='word_1_838' title='bbox 2630 4614 2871 4682; x_wconf 80' lang='grc' dir='ltr'>Κύριος·</span> <span class='ocrx_word' id='word_1_839' title='bbox 2907 4615 3111 4682; x_wconf 85' lang='grc' dir='ltr'>Σίμων,</span> <span class='ocrx_word' id='word_1_840' title='bbox 3143 4614 3348 4683; x_wconf 87' lang='grc' dir='ltr'>Σίμων,</span> <span class='ocrx_word' id='word_1_841' title='bbox 3397 4615 3511 4669; x_wconf 81' lang='grc' dir='ltr'>ίδοὺ</span> <span class='ocrx_word' id='word_1_842' title='bbox 3560 4619 3588 4671; x_wconf 74' lang='grc'><strong><em>5</em></strong></span> <span class='ocrx_word' id='word_1_843' title='bbox 3645 4619 3890 4683; x_wconf 60' lang='grc' dir='ltr'>Σατανᾶς</span> 
     </span>
    </p>
   </div>
   <div class='ocr_carea' id='block_1_108' title="bbox 2283 4700 3890 4781">
    <p class='ocr_par' dir='ltr' id='par_1_108' title="bbox 2283 4700 3890 4781">
     <span class='ocr_line' id='line_1_108' title="bbox 2283 4700 3890 4781; baseline 0.007 -27"><span class='ocrx_word' id='word_1_844' title='bbox 2283 4700 2584 4773; x_wconf 79' lang='grc' dir='ltr'>ἐξῃτήσατο</span> <span class='ocrx_word' id='word_1_845' title='bbox 2612 4702 2755 4771; x_wconf 79' lang='grc' dir='ltr'>ὑμᾶς</span> <span class='ocrx_word' id='word_1_846' title='bbox 2786 4701 2880 4755; x_wconf 88' lang='grc' dir='ltr'><strong>τοῦ</strong></span> <span class='ocrx_word' id='word_1_847' title='bbox 2925 4704 3179 4758; x_wconf 83' lang='grc' dir='ltr'>συνιάσαι</span> <span class='ocrx_word' id='word_1_848' title='bbox 3219 4704 3292 4767; x_wconf 79' lang='grc' dir='ltr'>ὡς</span> <span class='ocrx_word' id='word_1_849' title='bbox 3338 4705 3430 4758; x_wconf 75' lang='grc' dir='ltr'><strong>τὸν</strong></span> <span class='ocrx_word' id='word_1_850' title='bbox 3467 4709 3622 4760; x_wconf 89' lang='grc' dir='ltr'>σῖτον</span> <span class='ocrx_word' id='word_1_851' title='bbox 3645 4725 3659 4738; x_wconf 87' lang='grc'><strong>·</strong></span> <span class='ocrx_word' id='word_1_852' title='bbox 3695 4713 3813 4781; x_wconf 84' lang='grc' dir='ltr'><strong>ἐγὼ</strong></span> <span class='ocrx_word' id='word_1_853' title='bbox 3842 4713 3890 4764; x_wconf 80' lang='grc' dir='ltr'><strong>δε</strong></span> 
     </span>
    </p>
   </div>
   <div class='ocr_carea' id='block_1_109' title="bbox 2284 4795 3893 4870">
    <p class='ocr_par' dir='ltr' id='par_1_109' title="bbox 2284 4795 3893 4870">
     <span class='ocr_line' id='line_1_109' title="bbox 2284 4795 3893 4870; baseline 0.005 -23"><span class='ocrx_word' id='word_1_854' title='bbox 2284 4795 2511 4866; x_wconf 85' lang='grc' dir='ltr'>ἐδεήθην</span> <span class='ocrx_word' id='word_1_855' title='bbox 2547 4797 2676 4866; x_wconf 80' lang='grc' dir='ltr'>περὶ</span> <span class='ocrx_word' id='word_1_856' title='bbox 2719 4795 2838 4861; x_wconf 79' lang='grc' dir='ltr'>σοῦ,</span> <span class='ocrx_word' id='word_1_857' title='bbox 2865 4797 2953 4849; x_wconf 82' lang='grc' dir='ltr'><strong>ἵνα</strong></span> <span class='ocrx_word' id='word_1_858' title='bbox 2980 4798 3055 4868; x_wconf 80' lang='grc' dir='ltr'>μὴ</span> <span class='ocrx_word' id='word_1_859' title='bbox 3091 4799 3320 4870; x_wconf 79' lang='grc' dir='ltr'>ἐκλείπῃ</span> <span class='ocrx_word' id='word_1_860' title='bbox 3353 4801 3384 4868; x_wconf 81' lang='grc' dir='ltr'>ἡ</span> <span class='ocrx_word' id='word_1_861' title='bbox 3415 4800 3606 4865; x_wconf 84' lang='grc' dir='ltr'>πίστις</span> <span class='ocrx_word' id='word_1_862' title='bbox 3637 4821 3764 4861; x_wconf 84' lang='grc' dir='ltr'>σου,</span> <span class='ocrx_word' id='word_1_863' title='bbox 3796 4808 3893 4858; x_wconf 69' lang='grc' dir='ltr'>Καὶ</span> 
     </span>
    </p>
   </div>
   <div class='ocr_carea' id='block_1_110' title="bbox 2285 4889 3890 4964">
    <p class='ocr_par' dir='ltr' id='par_1_110' title="bbox 2285 4889 3890 4964">
     <span class='ocr_line' id='line_1_110' title="bbox 2285 4889 3890 4964; baseline -0.001 -21"><span class='ocrx_word' id='word_1_864' title='bbox 2285 4889 2350 4943; x_wconf 88' lang='grc' dir='ltr'><strong>σύ</strong></span> <span class='ocrx_word' id='word_1_865' title='bbox 2384 4906 2513 4943; x_wconf 89' lang='grc' dir='ltr'>ποτε</span> <span class='ocrx_word' id='word_1_866' title='bbox 2544 4890 2902 4960; x_wconf 74' lang='grc' dir='ltr'>ἐπιστρέψας,</span> <span class='ocrx_word' id='word_1_867' title='bbox 2925 4891 3275 4962; x_wconf 77' lang='grc' dir='ltr'>ἐπιστήριξον</span> <span class='ocrx_word' id='word_1_868' title='bbox 3299 4894 3427 4956; x_wconf 82' lang='grc' dir='ltr'>τοὺς</span> <span class='ocrx_word' id='word_1_869' title='bbox 3457 4895 3745 4964; x_wconf 66' lang='grc' dir='ltr'>ἀδελφούς</span> <span class='ocrx_word' id='word_1_870' title='bbox 3784 4916 3890 4952; x_wconf 62' lang='grc' dir='ltr'>σευ,</span> 
     </span>
    </p>
   </div>
   <div class='ocr_carea' id='block_1_111' title="bbox 2295 4978 3894 5063">
    <p class='ocr_par' dir='ltr' id='par_1_111' title="bbox 2295 4978 3894 5063">
     <span class='ocr_line' id='line_1_111' title="bbox 2295 4978 3894 5063; baseline 0.004 -27"><span class='ocrx_word' id='word_1_871' title='bbox 2295 4982 2352 5036; x_wconf 88' lang='lat'><strong>&#39;0</strong></span> <span class='ocrx_word' id='word_1_872' title='bbox 2376 4982 2431 5035; x_wconf 77' lang='grc' dir='ltr'><strong>δὲ</strong></span> <span class='ocrx_word' id='word_1_873' title='bbox 2461 4978 2616 5035; x_wconf 73' lang='grc' dir='ltr'>εἶπεν</span> <span class='ocrx_word' id='word_1_874' title='bbox 2643 4982 2793 5051; x_wconf 86' lang='grc' dir='ltr'>αὐτῷ</span> <span class='ocrx_word' id='word_1_875' title='bbox 2815 4995 2830 5011; x_wconf 89' lang='grc'><strong>·</strong></span> <span class='ocrx_word' id='word_1_876' title='bbox 2865 4981 3060 5055; x_wconf 81' lang='grc' dir='ltr'>Κύριε,</span> <span class='ocrx_word' id='word_1_877' title='bbox 3099 4987 3238 5052; x_wconf 88' lang='grc' dir='ltr'><strong>μετά</strong></span> <span class='ocrx_word' id='word_1_878' title='bbox 3263 4986 3357 5038; x_wconf 88' lang='grc' dir='ltr'><strong>σοῦ</strong></span> <span class='ocrx_word' id='word_1_879' title='bbox 3388 4987 3610 5057; x_wconf 77' lang='grc' dir='ltr'>ἕτοιμός</span> <span class='ocrx_word' id='word_1_880' title='bbox 3645 4994 3771 5063; x_wconf 72' lang='grc' dir='ltr'>εἰμι</span> <span class='ocrx_word' id='word_1_881' title='bbox 3807 4994 3894 5045; x_wconf 81' lang='grc' dir='ltr'><strong>καὶ</strong></span> 
     </span>
    </p>
   </div>
   <div class='ocr_carea' id='block_1_112' title="bbox 2283 5075 3888 5148">
    <p class='ocr_par' dir='ltr' id='par_1_112' title="bbox 2283 5075 3888 5148">
     <span class='ocr_line' id='line_1_112' title="bbox 2283 5075 3888 5148; baseline 0.005 -18"><span class='ocrx_word' id='word_1_882' title='bbox 2283 5079 2362 5137; x_wconf 89' lang='grc' dir='ltr'>εἰς</span> <span class='ocrx_word' id='word_1_883' title='bbox 2398 5075 2646 5146; x_wconf 83' lang='grc' dir='ltr'>φυλακὴν</span> <span class='ocrx_word' id='word_1_884' title='bbox 2676 5077 2772 5130; x_wconf 74' lang='grc' dir='ltr'>καὶ</span> <span class='ocrx_word' id='word_1_885' title='bbox 2794 5078 2874 5140; x_wconf 80' lang='grc' dir='ltr'><strong>εἰς</strong></span> <span class='ocrx_word' id='word_1_886' title='bbox 2897 5075 3128 5130; x_wconf 82' lang='grc' dir='ltr'>θάνατον</span> <span class='ocrx_word' id='word_1_887' title='bbox 3161 5078 3518 5148; x_wconf 82' lang='grc' dir='ltr'>πορεύεσθαι.</span> <span class='ocrx_word' id='word_1_888' title='bbox 3559 5081 3624 5135; x_wconf 89' lang='lat'><strong>&#39;0</strong></span> <span class='ocrx_word' id='word_1_889' title='bbox 3655 5083 3716 5136; x_wconf 80' lang='grc' dir='ltr'><strong>δὲ</strong></span> <span class='ocrx_word' id='word_1_890' title='bbox 3751 5082 3888 5138; x_wconf 68' lang='grc' dir='ltr'>εἶπε·</span> 
     </span>
    </p>
   </div>
   <div class='ocr_carea' id='block_1_113' title="bbox 2283 5168 3889 5244">
    <p class='ocr_par' dir='ltr' id='par_1_113' title="bbox 2283 5168 3889 5244">
     <span class='ocr_line' id='line_1_113' title="bbox 2283 5168 3889 5244; baseline 0.004 -23"><span class='ocrx_word' id='word_1_891' title='bbox 2283 5169 2443 5236; x_wconf 82' lang='grc' dir='ltr'>Λέγω</span> <span class='ocrx_word' id='word_1_892' title='bbox 2473 5186 2573 5234; x_wconf 85' lang='grc' dir='ltr'>σοι,</span> <span class='ocrx_word' id='word_1_893' title='bbox 2614 5168 2811 5239; x_wconf 87' lang='grc' dir='ltr'>Πέτρε,</span> <span class='ocrx_word' id='word_1_894' title='bbox 2849 5169 2911 5221; x_wconf 72' lang='grc' dir='ltr'>οὗ</span> <span class='ocrx_word' id='word_1_895' title='bbox 2950 5169 3025 5240; x_wconf 82' lang='grc' dir='ltr'>μὴ</span> <span class='ocrx_word' id='word_1_896' title='bbox 3054 5172 3297 5240; x_wconf 80' lang='grc' dir='ltr'>φωνήσει</span> <span class='ocrx_word' id='word_1_897' title='bbox 3328 5172 3573 5244; x_wconf 75' lang='grc' dir='ltr'>σήμερον</span> <span class='ocrx_word' id='word_1_898' title='bbox 3612 5175 3889 5244; x_wconf 74' lang='grc' dir='ltr'>ἀλέκτωρ,</span> 
     </span>
    </p>
   </div>
   <div class='ocr_carea' id='block_1_114' title="bbox 2286 5259 3890 5334">
    <p class='ocr_par' dir='ltr' id='par_1_114' title="bbox 2286 5259 3890 5334">
     <span class='ocr_line' id='line_1_114' title="bbox 2286 5259 3890 5334; baseline 0.004 -22"><span class='ocrx_word' id='word_1_899' title='bbox 2286 5259 2476 5330; x_wconf 75' lang='grc' dir='ltr'>πρὶνῆ</span> <span class='ocrx_word' id='word_1_900' title='bbox 2534 5264 2652 5330; x_wconf 76' lang='grc' dir='ltr'>τρὶ-ς</span> <span class='ocrx_word' id='word_1_901' title='bbox 2707 5262 3001 5330; x_wconf 68' lang='grc' dir='ltr'>ἀπαρνήσῃ</span> <span class='ocrx_word' id='word_1_902' title='bbox 3066 5261 3141 5332; x_wconf 81' lang='grc' dir='ltr'>μὴ</span> <span class='ocrx_word' id='word_1_903' title='bbox 3195 5262 3392 5316; x_wconf 75' lang='grc' dir='ltr'>εἰδέναι</span> <span class='ocrx_word' id='word_1_904' title='bbox 3455 5281 3543 5330; x_wconf 88' lang='grc' dir='ltr'>με.</span> <span class='ocrx_word' id='word_1_905' title='bbox 3579 5284 3599 5314; x_wconf 88' lang='grc'><strong>›</strong></span> <span class='ocrx_word' id='word_1_906' title='bbox 3670 5267 3890 5334; x_wconf 72' lang='grc' dir='ltr'>Ἐπειδὴ</span> 
     </span>
    </p>
   </div>
   <div class='ocr_carea' id='block_1_115' title="bbox 2287 5350 3892 5430">
    <p class='ocr_par' dir='ltr' id='par_1_115' title="bbox 2287 5350 3892 5430">
     <span class='ocr_line' id='line_1_115' title="bbox 2287 5350 3892 5430; baseline 0.004 -25"><span class='ocrx_word' id='word_1_907' title='bbox 2287 5350 2459 5418; x_wconf 74' lang='grc' dir='ltr'>εἶπεν,</span> <span class='ocrx_word' id='word_1_908' title='bbox 2493 5356 2573 5405; x_wconf 69' lang='grc' dir='ltr'><strong>ὅτι</strong></span> <span class='ocrx_word' id='word_1_909' title='bbox 2609 5353 2699 5422; x_wconf 80' lang='grc' dir='ltr'>Τῷ</span> <span class='ocrx_word' id='word_1_910' title='bbox 2743 5355 3091 5425; x_wconf 83' lang='grc' dir='ltr'>παραδιδόντι</span> <span class='ocrx_word' id='word_1_911' title='bbox 3122 5373 3188 5424; x_wconf 83' lang='grc' dir='ltr'><strong>με</strong></span> <span class='ocrx_word' id='word_1_912' title='bbox 3213 5357 3356 5420; x_wconf 72' lang='grc' dir='ltr'>οὐαὶ,</span> <span class='ocrx_word' id='word_1_913' title='bbox 3407 5362 3500 5409; x_wconf 77' lang='grc' dir='ltr'><strong>καὶ</strong></span> <span class='ocrx_word' id='word_1_914' title='bbox 3531 5360 3703 5429; x_wconf 65' lang='grc' dir='ltr'>ἐντῷ</span> <span class='ocrx_word' id='word_1_915' title='bbox 3747 5364 3892 5430; x_wconf 82' lang='grc' dir='ltr'>μέσῳ</span> 
     </span>
    </p>
   </div>
   <div class='ocr_carea' id='block_1_116' title="bbox 2285 5441 3891 5516">
    <p class='ocr_par' dir='ltr' id='par_1_116' title="bbox 2285 5441 3891 5516">
     <span class='ocr_line' id='line_1_116' title="bbox 2285 5441 3891 5516; baseline 0.003 -21"><span class='ocrx_word' id='word_1_916' title='bbox 2285 5441 2523 5506; x_wconf 82' lang='grc' dir='ltr'>ἐδίδαξεν</span> <span class='ocrx_word' id='word_1_917' title='bbox 2572 5443 2794 5508; x_wconf 79' lang='grc' dir='ltr'>αὐτοὺς,</span> <span class='ocrx_word' id='word_1_918' title='bbox 2841 5444 2924 5496; x_wconf 80' lang='grc' dir='ltr'>ὅτι</span> <span class='ocrx_word' id='word_1_919' title='bbox 2971 5443 3050 5494; x_wconf 79' lang='grc' dir='ltr'><strong>δεῖ</strong></span> <span class='ocrx_word' id='word_1_920' title='bbox 3091 5449 3549 5514; x_wconf 73' lang='grc' dir='ltr'>μετριοφρονεῐν·</span> <span class='ocrx_word' id='word_1_921' title='bbox 3591 5447 3792 5516; x_wconf 78' lang='grc' dir='ltr'>ὥσπερ</span> <span class='ocrx_word' id='word_1_922' title='bbox 3821 5449 3891 5516; x_wconf 72' lang='grc' dir='ltr'><strong>τῷ</strong></span> 
     </span>
    </p>
   </div>
   <div class='ocr_carea' id='block_1_117' title="bbox 2287 5536 3888 5610">
    <p class='ocr_par' dir='ltr' id='par_1_117' title="bbox 2287 5536 3888 5610">
     <span class='ocr_line' id='line_1_117' title="bbox 2287 5536 3888 5610; baseline 0.003 -21"><span class='ocrx_word' id='word_1_923' title='bbox 2287 5537 2635 5608; x_wconf 81' lang='grc' dir='ltr'>παραδιδόντι</span> <span class='ocrx_word' id='word_1_924' title='bbox 2665 5536 2726 5590; x_wconf 80' lang='grc' dir='ltr'><strong>τὸ</strong></span> <span class='ocrx_word' id='word_1_925' title='bbox 2761 5537 2883 5590; x_wconf 72' lang='grc' dir='ltr'>οὐαὶ</span> <span class='ocrx_word' id='word_1_926' title='bbox 2909 5540 3476 5610; x_wconf 82' lang='grc' dir='ltr'>προσαπεκλήρωσεν,</span> <span class='ocrx_word' id='word_1_927' title='bbox 3503 5541 3680 5604; x_wconf 73' lang='grc' dir='ltr'>οὕτως</span> <span class='ocrx_word' id='word_1_928' title='bbox 3704 5546 3888 5603; x_wconf 68' lang='grc' dir='ltr'>αὐτοῖς</span> 
     </span>
    </p>
   </div>
   <div class='ocr_carea' id='block_1_118' title="bbox 2292 5631 3890 5705">
    <p class='ocr_par' dir='ltr' id='par_1_118' title="bbox 2292 5631 3890 5705">
     <span class='ocr_line' id='line_1_118' title="bbox 2292 5631 3890 5705; baseline 0.003 -21"><span class='ocrx_word' id='word_1_929' title='bbox 2292 5634 2354 5686; x_wconf 78' lang='grc' dir='ltr'><strong>ἐκ</strong></span> <span class='ocrx_word' id='word_1_930' title='bbox 2387 5631 2480 5684; x_wconf 89' lang='grc' dir='ltr'><strong>τοῦ</strong></span> <span class='ocrx_word' id='word_1_931' title='bbox 2510 5632 2754 5686; x_wconf 79' lang='grc' dir='ltr'>ἐναντίου</span> <span class='ocrx_word' id='word_1_932' title='bbox 2784 5634 2970 5703; x_wconf 66' lang='grc' dir='ltr'>φησιν,</span> <span class='ocrx_word' id='word_1_933' title='bbox 3007 5632 3088 5684; x_wconf 85' lang='grc' dir='ltr'><strong>ὃτι</strong></span> <span class='ocrx_word' id='word_1_934' title='bbox 3140 5633 3332 5702; x_wconf 83' lang='grc' dir='ltr'>Ὑμεῖς</span> <span class='ocrx_word' id='word_1_935' title='bbox 3359 5634 3416 5689; x_wconf 87' lang='grc' dir='ltr'><strong>δέ</strong></span> <span class='ocrx_word' id='word_1_936' title='bbox 3448 5638 3574 5688; x_wconf 85' lang='grc' dir='ltr'>ἐστε</span> <span class='ocrx_word' id='word_1_937' title='bbox 3616 5639 3664 5688; x_wconf 73' lang='grc' dir='ltr'>οἱ</span> <span class='ocrx_word' id='word_1_938' title='bbox 3711 5654 3890 5705; x_wconf 75' lang='grc' dir='ltr'>παρα-</span> 
     </span>
    </p>
   </div>
   <div class='ocr_carea' id='block_1_119' title="bbox 2290 5725 3888 5801">
    <p class='ocr_par' dir='ltr' id='par_1_119' title="bbox 2290 5725 3888 5801">
     <span class='ocr_line' id='line_1_119' title="bbox 2290 5725 3888 5801; baseline 0.001 -23"><span class='ocrx_word' id='word_1_939' title='bbox 2290 5726 2662 5798; x_wconf 78' lang='grc' dir='ltr'>μεμενηκότες</span> <span class='ocrx_word' id='word_1_940' title='bbox 2695 5725 2811 5796; x_wconf 74' lang='grc' dir='ltr'>μετ’</span> <span class='ocrx_word' id='word_1_941' title='bbox 2841 5725 2976 5797; x_wconf 84' lang='grc' dir='ltr'>ἐμοῦ</span> <span class='ocrx_word' id='word_1_942' title='bbox 3009 5729 3065 5780; x_wconf 84' lang='grc' dir='ltr'><strong>ἐν</strong></span> <span class='ocrx_word' id='word_1_943' title='bbox 3093 5729 3206 5790; x_wconf 76' lang='grc' dir='ltr'>τοῖς</span> <span class='ocrx_word' id='word_1_944' title='bbox 3240 5734 3574 5800; x_wconf 77' lang='grc' dir='ltr'>πειρασμοῖς</span> <span class='ocrx_word' id='word_1_945' title='bbox 3636 5750 3741 5801; x_wconf 81' lang='grc' dir='ltr'><strong>μου</strong></span> <span class='ocrx_word' id='word_1_946' title='bbox 3769 5748 3781 5760; x_wconf 90' lang='grc'><strong>·</strong></span> <span class='ocrx_word' id='word_1_947' title='bbox 3813 5730 3888 5781; x_wconf 70' lang='grc' dir='ltr'><strong>διὸ</strong></span> 
     </span>
    </p>
   </div>
   <div class='ocr_carea' id='block_1_120' title="bbox 2288 5820 3880 5893">
    <p class='ocr_par' dir='ltr' id='par_1_120' title="bbox 2288 5820 3880 5893">
     <span class='ocr_line' id='line_1_120' title="bbox 2288 5820 3880 5893; baseline 0.001 -20"><span class='ocrx_word' id='word_1_948' title='bbox 2288 5820 2642 5893; x_wconf 54' lang='grc' dir='ltr'>καὶ,ἁμοι6ὰς</span> <span class='ocrx_word' id='word_1_949' title='bbox 2677 5821 2805 5891; x_wconf 83' lang='grc' dir='ltr'>ὑμῖν</span> <span class='ocrx_word' id='word_1_950' title='bbox 2853 5820 3198 5891; x_wconf 73' lang='grc' dir='ltr'>διατίθεμαι,</span> <span class='ocrx_word' id='word_1_951' title='bbox 3258 5826 3534 5892; x_wconf 84' lang='grc' dir='ltr'>τουτέστι,</span> <span class='ocrx_word' id='word_1_952' title='bbox 3599 5826 3807 5892; x_wconf 55' lang='lat' dir='ltr'><strong>Suggen</strong></span> <span class='ocrx_word' id='word_1_953' title='bbox 3839 5822 3880 5873; x_wconf 72' lang='grc' dir='ltr'>ὦ</span> 
     </span>
    </p>
   </div>
  </div>
