4000 6406
581 311 721 374 10⁷15

1501 307 2088 367 THEOPHYLACTI
2126 307 2540 370 BULGARl/E
2585 305 2948 365 AllClllEP.

3718 292 3848 356 1076

577 423 773 479 videns
821 422 987 476 amori
1018 432 1108 475 tuo
1157 418 1213 472 in
1241 435 1346 482 me,
1373 418 1514 472 sicut
1562 419 1610 471 ei
1639 433 1754 472 mos
1782 425 1885 470 est.
1919 414 2054 470 Nam
2087 419 2154 472 sit

2270 420 2514 482 τάνοιαν,
2548 417 2644 470 καὶ
2682 416 2858 478 οὐδεὶς
2893 415 3003 467 τῶν
3029 412 3397 467 πιστευόντων
3448 412 3533 471 εἰς
3588 411 3689 476 ἐμὲ
3727 412 3851 463 άποο

580 519 744 572 etiattt
771 515 870 570 Job
901 514 1118 567 invasit.
1172 509 1369 566 Verum
1401 526 1504 580 ego
1533 524 1635 565 non
1670 510 1889 563 ontnino
1918 519 1970 564 te
2001 510 2158 565 dere-

577 611 840 678 linquam,
867 617 926 662 ut
951 606 1167 661 deﬁciat
1200 605 1252 658 in
1282 605 1596 658 universum
1636 602 1770 657 fides
1802 613 1910 657 tua.
1954 602 2154 670 Quam.

575 703 662 756 vis
693 709 870 754 autem
899 714 998 770 ego
1036 699 1340 768 rogaverim
1373 712 1469 765 pro
1503 709 1573 761 te,
1602 704 1844 750 attamen
1882 705 1936 749 ttt
1969 711 2034 750 ne
2076 709 2161 751 re-

576 792 798 855 cideris,
834 791 928 844 Sed
953 791 1400 852 conver5tts,‘ltoc
1433 800 1536 854 est,
1569 790 1940 857 paenitentiam
1971 804 2156 858 agens,

574 893 629 937 et
664 882 935 952 laerymas
973 880 1325 952 profundens,
1374 889 1430 934 et
1481 894 1511 932 a
1545 879 1832 946 negatione
1887 879 2155 942 resiliens,

571 986 691 1030 esto
715 976 877 1030 etiam
897 975 1017 1029 aliis
1049 974 1380 1045 poenitentiae
1412 974 1713 1043 exemplar,
1747 989 1812 1030 ne
1843 974 2153 1044 desperent.

574 1067 711 1134 Quid
736 1069 900 1137 igitur
932 1068 1160 1122 Petrus?
1185 1065 1347 1121 Multa
1378 1066 1622 1121 charitas
1678 1066 1986 1120 animosum
2031 1081 2154 1119 eum

573 1161 830 1226 reddidit,
866 1169 925 1216 ut
963 1161 1288 1228 polliceatur
1325 1174 1446 1228 qun
1475 1159 1579 1215 sibi
1615 1168 1740 1212 tunc
1764 1157 2154 1228 impossibilia;

571 1253 838 1309 Dominus
890 1262 1068 1310 autem
1143 1253 1232 1308 ubi
1310 1232 1447 1306 vidit
1499 1268 1622 1305 eum
1675 1252 1970 1306 temeraria
2008 1251 2154 1322 loqui

573 1347 884 1416 (oportebat
913 1345 1056 1400 enim
1082 1344 1250 1399 semel
1299 1344 1479 1398 audita
1512 1343 1773 1408 veritate,
1821 1359 1942 1411 quae
1974 1345 2023 1399 ei
2078 1344 2155 1397 di-

573 1440 732 1494 cebat
760 1441 904 1508 quod
927 1441 1218 1495 lentandus
1234 1449 1401 1504 esset,
1422 1454 1526 1491 non
1552 1437 1829 1506 reluctari)
1848 1435 2155 1491 manifestat

569 1532 619 1587 ei
657 1531 972 1586 tentationis
1007 1533 1270 1598 speciem,
1324 1545 1522 1602 nempe
1555 1529 1723 1604 472
1783 1530 2152 1601 negationem.

569 1621 685 1678 Hoc
716 1631 894 1677 autem
918 1624 1037 1678 loco
1059 1623 1323 1678 discimus
1358 1637 1609 1693 magnam
1648 1622 1979 1684 doctrinam.
2009 1623 2152 1693 quod

570 1730 680 1768 non
715 1713 946 1769 sufﬁciat
1001 1715 1332 1784 propositum
1365 1714 1603 1770 hominis
1657 1716 1864 1782 absque
1914 1713 2155 1769 subsidio

2272 510 2544 580 γνώσεται
2568 509 2899 563 ἀποϐλέπων
2944 508 3082 576 πρὸς
3136 506 3196 559 σὲ
3250 506 3343 585 τὸν
3394 500 3712 558 ’ἀπόστολον
3761 505 3854 570 μὲν

2267 607 2418 670 ὄντα,
2456 606 2834 675 ἀρνησάμενον
2860 602 2938 667 δὲ,
2967 601 3062 654 καὶ
3099 599 3256 652 πάλιν
3280 600 3349 650 τά
3370 599 3626 667 πρωτεῖα
3648 596 3856 648 πάντων

2268 702 2363 756 καλ⁸
2405 700 2504 771 τὴν
2533 699 2628 768 τῆς
2650 697 2980 766 οἰκουμένης
3016 693 3344 756 ἐπιστασίαν
3375 692 3622 745 λαϐόντα
3650 692 3736 744 διὰ
3763 692 3855 758 τῆς

2271 792 2580 863 μετανοίας.
2616 791 2887 862 ᾘτήσατο
2913 785 3007 841 οὖν
3040 789 3067 839 6
3096 787 3342 848 Σατανᾶς
3379 786 3633 838 σινιάσαι
3657 783 3736 848 σε,
3769 785 3856 835 καί

2269 887 2470 957 βλάψαι
2499 886 2690 954 ὥσπερ
2715 886 2860 936 σῖτον
2901 881 3165 949 καθαρὸν,
3199 879 3616 948 παρεμϐάλλων
3653 878 3718 930 τά
3765 879 3858 948 ῥυ-

2269 981 2553 1043 παίνοντα,
2586 974 2675 1032 οἷα
2695 977 2760 1049 δὴ
2792 976 3004 1046 φθονῶν
3038 992 3120 1028 σοι
3158 975 3260 1042 τῆς
3290 975 3428 1043 πρὸς
3464 974 3568 1042 ἐμὲ
3616 973 3857 1040 ἀγάπης,

2273 1073 2457 1145 ὥσπερ
2488 1073 2611 1136 ἔθος
2633 1069 2805 1142 αὐτῷ.
2841 1069 2999 1123 Οὕτω
3031 1067 3140 1138 γάρ
3199 1068 3295 1120 καὶ
3329 1066 3410 1136 τῷ
3483 1064 3613 1118 Ἰὼσ
3657 1064 3860 1118 ἐπεδεί-

2267 1173 2398 1233 ξατο
2425 1183 2439 1195 ⁸
2473 1165 2588 1220 ἀλλ’
2619 1163 2728 1232 ἐγὼ
2747 1163 2812 1216 οὑ
2853 1161 3032 1232 πάντη
3087 1177 3148 1214 σε
3201 1157 3600 1227 ἐγκατέλιπον,
3667 1157 3752 1209 ῖνα
3789 1157 3859 1225 μή

2267 1259 2499 1333 ἐκλείπῃ
2523 1261 2555 1328 ή
2581 1259 2765 1321 πίστις
2787 1273 2882 1309 σου
2911 1258 2990 1319 είς
3008 1254 3069 1308 τὸ
3101 1252 3383 1315 παντελές.
3419 1252 3484 1304 Εἰ
3505 1249 3607 1304 καὶ
3638 1248 3861 1318 ἐδεήθην

2264 1351 2321 1404 δὲ
2346 1347 2459 1417 ἐγὼ
2496 1349 2658 1412 αὐτὸς
2692 1349 2822 1418 περὶ
2844 1347 2961 1411 σοῦ,
2995 1347 3148 1417 ὅμως
3181 1346 3246 1398 σὺ
3278 1345 3354 1415 μὴ
3401 1343 3718 1413 ἀναπέσῃς,
3749 1341 3862 1396 ἀλλ’

2265 1443 2622 1516 ἐπιστρέψας,
2686 1443 2959 1507 τουτέστι,
3016 1441 3359 1511 μετανοήσας
3404 1437 3504 1491 καὶ
3555 1435 3860 1508 δακρύσας,

2266 1535 2361 1590 καὶ⁸
2392 1536 2501 1589 ἀπὸ
2538 1539 2636 1604 τῆς
2671 1534 2958 1604 ἀρνήσεως
2994 1529 3185 1601 φυγὼν
3207 1571 3222 1594 ,
3277 1528 3437 1597 γενοῦ
3474 1528 3575 1581 καὶ
3615 1531 3730 1590 τοῖς
3771 1527 3862 1580 ἀλ-

2263 1631 2377 1693 λοις
2416 1630 2626 1690 πιστοῖς
2653 1628 2823 1690 τύπος
2852 1625 2945 1680 τοῦ
2977 1627 3288 1696 μετανοεῖν,
3313 1624 3409 1677 καὶ
3450 1623 3528 1692 μὴ
3572 1620 3858 1688 ἀπογινὼ-

2267 1738 2438 1774 σκειν.
2471 1720 2535 1772 Τί
2573 1713 2668 1773 οὖν
2695 1722 2724 1772 6
2776 1719 3020 1790 Πέτρος;
3066 1717 3160 1785 Ἐκ
3191 1715 3393 1786 πολλῆς
3443 1715 3677 1785 ἀγάπης
3731 1714 3865 1783 θρα-

569 1807 671 1862 Dci
709 1827 721 1862 :
753 1810 1212 1877 quemadmodum
1253 1818 1308 1863 et
1350 1807 1545 1865 Petrus
1597 1823 1788 1876 parum
1836 1807 2154 1871 derelictus,

2265 1811 2504 1878 σύνεται,
2546 1811 2642 1864 καὶ
2678 1810 3023 1880 ὑπισχνεῖται
3069 1809 3140 1863 τὰ
3177 1807 3316 1870 τέως
3389 1805 3544 1876 αὐτῷ
3599 1804 3864 1858 ἀδύνατα.

570 1898 783 1952 tametsi
823 1899 1152 1963 charitatem
1177 1915 1242 1954 ac
1289 1899 1561 1955 fervorem
1594 1900 1797 1954 habere
1856 1898 2156 1963 videretur,

569 1990 663 2044 ubi
716 1991 935 2060 reliquit
980 2007 1101 2050 eum
1144 1992 1306 2057 Deus,
1365 1992 1742 2060 supplantatus
1783 2003 1868 2048 εει
1923 1993 1991 2048 ab
2051 1991 2157 2046 ini-

569 2080 733 2136 mico.
769 2080 833 2134 Et
866 2082 1060 2137 iterum
1091 2098 1198 2138 non
1227 2081 1427 2138 sufﬁcit
1462 2083 1558 2138 Dei
1589 2083 1921 2148 subsidium,
1965 2083 2010 2137 si
2053 2097 2157 2138 non

574 2169 794 2226 aﬂ'uerit
824 2183 878 2227 et
909 2174 1204 2228 lmmanum
1233 2173 1573 2242 propositum
1614 2192 1628 2226 :
1695 2174 2154 2243 quemadmodum

569 2275 626 2318 et
653 2261 829 2331 Judze,
879 2264 1015 2319 nihil
1063 2265 1264 2333 profuit
1295 2267 1546 2334 quamvis
1579 2265 1759 2321 omnia
1815 2266 2019 2321 faceret
2056 2267 2160 2322 Do—

567 2355 752 2410 minus
793 2365 850 2409 ut
908 2355 1257 2412 lucrifaceret
1286 2373 1434 2422 eum,
1497 2372 1620 2411 cum
1655 2357 1871 2413 abesset
1901 2359 1952 2413 ei
2016 2361 2157 2414 bona

565 2450 842 2505 voluntas.
873 2449 1207 2513 llorreamus
1232 2461 1411 2506 autem
1436 2451 1871 2516 considerantes,
1893 2462 2158 2521 quantum

567 2553 758 2598 contra
785 2543 1048 2598 remissos
1083 2545 1302 2598 valeant
1328 2543 1538 2599 insidia:
1562 2543 1786 2616 diaboli.
1824 2545 1966 2600 Ecce
2009 2546 2158 2601 enim

566 2643 626 2690 et
655 2634 758 2687 hoc
799 2634 921 2689 loco
972 2633 1192 2697 Petrus.
1224 2636 1477 2705 quamvis
1511 2652 1542 2691 a
1573 2636 1685 2693 Deo
1713 2647 2158 2704 conservaretur,

567 2725 697 2796 quia
732 2743 902 2797 parvo
937 2733 1183 2798 tempore
1213 2743 1310 2797 per
1363 2728 1830 2798 dispensationem
1864 2729 2160 2785 derelictus

567 2827 675 2885 est,
731 2833 797 2871 eo
832 2819 1082 2887 pervenit
1115 2826 1174 2872 ut
1211 2831 1437 2888 negaret
1479 2837 1493 2873 :
1536 2831 1585 2874 et
1623 2820 1727 2874 nisi
1764 2836 1797 2873 a-
1842 2820 1951 2876 Deo
1995 2837 2158 2891 parva

566 2912 815 2976 qumdam
852 2911 1125 2966 custodita
1180 2909 1414 2966 fuissent
1452 2927 1574 2982 qua:
1635 2912 1688 2967 in
1731 2911 1823 2965 illo
1878 2912 2158 2968 recondita

573 3015 736 3058 erant
766 3005 1004 3072 semina,
1038 3005 1165 3073 quid
1221 3020 1324 3059 non
1357 3021 1552 3073 passus
1607 3007 1834 3060 fuisset?
1889 3005 1964 3061 Eo
2013 3007 2157 3060 enim

567 3099 852 3165 spectabat
887 3097 1158 3160 diabolus,
1185 3105 1244 3152 ut
1271 3105 1325 3153 et
1350 3098 1528 3176 ipsum
1573 3098 1640 3153 ad
1666 3097 2032 3166 proditionem
2063 3099 2149 3152 in.

567 3189 833 3256 truderet.
880 3210 893 3242 :
923 3189 1074 3245 Esca:
1094 3192 1238 3244 enim
1260 3189 1497 3256 diabolo,
1518 3190 1690 3260 inquit
1709 3189 1995 3260 prapheta,
2014 3190 2153 3247 elec-

567 3295 657 3338 ιαι.
689 3303 707 3335 ι
744 3283 852 3338 Deo
873 3293 1056 3339 autem
1081 3285 1363 3356 sitgratia,
1392 3285 1609 3354 quinon
1632 3283 1958 3358 derelinquit
1994 3300 2157 3341 sanc-

565 3387 653 3432 tos
679 3387 734 3431 et
778 3378 955 3447 justos
986 3389 1039 3434 et
1074 3379 1245 3435 bonos
1291 3380 1460 3435 cordo
1507 3398 1518 3430 :
1580 3378 1756 3448 qualis
1791 3391 1908 3434 erat
1942 3379 2156 3444 Petrus,

563 3470 722 3524 valde
752 3485 970 3536 amans,
996 3484 1051 3528 et
1095 3473 1306 3528 alienus
1339 3489 1368 3527 a
1435 3472 1594 3527 malis
1646 3487 1775 3544 erga
1834 3471 2152 3544 Magistrum

570 3567 998 3635 suspicionibus.

2275 1906 2335 1960 Ὀ
2387 1906 2445 1960 δὲ
2497 1905 2727 1976 Κύριος,
2765 1905 2890 1957 ἐπεὶ
2942 1900 3084 1975 εἶδεν
3141 1901 3308 1956 αὐτὸν
3367 1899 3479 1953 ἀπὸ
3515 1897 3864 1971 προπετείας

2261 1997 2634 2070 φθεγγόμενον
2664 1997 2794 2069 (ἔδει
2830 1997 2940 2067 γὰρ
2967 1993 3116 2059 ἅπαξ
3140 1992 3451 2047 ἀκούσαντα
3541 1992 3649 2060 τῆς
3695 1991 3867 2043 αὐτο·-

2262 2091 2531 2164 αληθείας
2556 2092 2820 2164 εἰπούσης
2861 2089 3031 2161 αὐτῷ,
3065 2089 3148 2142 ὅτι
3172 2085 3638 2157 πειρασθήσεται,
3667 2085 3869 2154 μηκέτι

2262 2185 2606 2247 ἀντιτείνειν,
2645 2183 2936 2253 ἀναφαίνει
2969 2179 3119 2251 αὐτῷ
3157 2180 3251 2232 καὶ
3269 2180 3331 2231 τὸ
3361 2174 3505 2241 εῐδος
3534 2176 3637 2230 τοῦ
3668 2193 3868 2246 πειρα·

2265 2276 2428 2344 σμοῦ,
2460 2276 2542 2328 ὃτι
2594 2273 2826 2346 ἄρνησις
2875 2273 3051 2326 ἔσται.
3101 2270 3388 2324 Ἐντεῦθεν
3418 2269 3472 2321 δὲ
3509 2267 3867 2339 μανθάνομεν

2261 2366 2463 2435 δόγμα,
2489 2366 2572 2418 ὅτι
2603 2365 2704 2418 οὐκ
2735 2366 2897 2430 ἀρκεῖ
2922 2362 3182 2432 πρόθεσις
3223 2360 3517 2432 ἀνθρώπου
3554 2379 3735 2430 χωρίς
3773 2360 3870 2430 τῆς

2260 2456 2356 2511 τοῦ
2390 2455 2526 2510 Θεοῦ
2555 2454 2880 2526 ἐπικουρίας
2913 2471 2927 2484 ·
2959 2452 3152 2524 ὥσπερ
3189 2451 3284 2505 οῦν
3317 2455 3412 2505 καὶ
3443 2454 3470 2504 6
3521 2453 3742 2521 Πέτρος
3774 2451 3866 2517 ἐγ-

2263 2547 2654 2618 καταλειφθεὶς
2711 2547 2850 2617 πρὸς
2904 2545 3123 2616 μικρὸν,
3165 2546 3214 2596 εί
3257 2545 3351 2598 καὶ
3400 2543 3580 2596 ἐδόκει
3615 2544 3868 2612 ἀγαπᾷν,

2264 2641 2579 2712 θερμότητα
2617 2639 2784 2709 ἔχειν,
2815 2636 2930 2690 ἀλλ’
2963 2637 3114 2704 ὅμως
3140 2634 3232 2688 τοῦ
3258 2633 3395 2688 Θεοῦ
3429 2635 3689 2704 ἀφέντος,
3766 2635 3869 2686 ὐπ-

2264 2733 2562 2802 εσκελίσθη
2602 2731 2681 2801 τῷ
2705 2727 2903 2801 ἐχθρῷ.
2945 2729 3055 2782 Καὶ
3099 2726 3294 2782 αὒ-οὺκ
3320 2729 3484 2799 ἀρκεῖ
3517 2729 3550 2797 ή
3600 2725 3701 2779 τοῦ
3731 2723 3868 2778 Θεοῦ

2263 2825 2584 2895 ἐπικουρία,
2630 2824 2704 2894 μὴ
2748 2824 2841 2876 καὶ
2873 2821 3189 2893 προθέσεως
3246 2821 3604 2891 ἀνθρωπίνης
3638 2820 3817 2890 οὔσης
3848 2837 3860 2848 ·

2263 2911 2569 2987 ὥσπεροῦν
2604 2915 2699 2968 καὶ
2735 2913 2935 2977 Ἰούδας
2972 2913 3126 2967 οὐδὲν
3157 2911 3439 2983 ὠφελήθη,
3475 2913 3872 2965 καίτοιπάντα

2264 3010 2549 3072 ποιοῦντος
2569 3007 2665 3062 τοῦ
2694 3009 2904 3080 Κυρίου
2934 3009 3015 3069 είς
3043 2999 3103 3060 τὸ
3139 3007 3404 3078 κερδῆσαι
3430 3006 3595 3059 αὐτόν
3620 3021 3633 3034 ⁸
3669 3005 3869 3076 προαί-

2266 3120 2414 3175 ρεσις
2448 3103 2557 3173 γὰρ
2582 3103 2730 3171 ἀπῆν
2753 3100 2953 3170 ἀγαθή.
2986 3100 3274 3170 Φρίξωμεν
3304 3095 3396 3152 οὖν
3417 3097 3742 3160 ἐννοοῦντες
3773 3097 3868 3151 τοῦ

2267 3198 2515 3252 διαϐόλου
2548 3196 2646 3262 τὰς
2678 3194 2994 3259 ἐπιϐουλὰς,
3021 3195 3097 3257 ὡς
3127 3191 3380 3264 ἰσχύουσι
3407 3191 3554 3246 κατὰ
3586 3192 3706 3244 τῶν
3737 3211 3870 3262 χαυ-

2261 3291 2520 3360 νοτέρων.
2567 3287 2700 3340 Ἰδοὺ
2751 3286 2863 3356 γὰρ
2893 3284 3131 3341 ἐνταῦθα
3170 3284 3197 3334 ό
3236 3283 3472 3353 Πέτρος,
3534 3283 3725 3335 καίτοι
3763 3283 3872 3335 ὑπὸ

2261 3383 2408 3440 Θεοῦ,
2450 3380 3138 3452 συγκρατούμενος,·ὖμως
3172 3377 3307 3430 διότι
3334 3377 3530 3448 μικρὸν
3586 3379 3871 3447 οἰκονομι-

2259 3477 2372 3540 κῶς
2403 3475 2827 3544 ἐγκατελείφθη,
2861 3478 2942 3533 εἰς
2965 3474 3199 3544 ἄρνησιν
3229 3471 3517 3544 ἀπηνέχθη
3547 3490 3562 3504 ·
3606 3476 3659 3525 εί
3686 3473 3871 3526 τοίνυν

2263 3569 2338 3640 μὴ
2367 3569 2622 3637 ἐτηρεῖτο
2651 3567 2759 3619 ὑπὸ
2788 3565 2948 3628 Θεοῦ,
2979 3569 3074 3619 και
3105 3565 3402 3637 σπέρματα
3433 3568 3490 3618 ἐν
3545 3565 3704 3634 αὐτῷ
3736 3568 3872 3618 ἀπο-

566 3642 795 3729 κείμενα
822 3654 889 3728 ἦν
924 3658 1124 3727 ἀγαθὰ,
1160 3661 1212 3712 τί
1237 3661 1337 3720 οὐκ
1362 3661 1429 3714 ἂν
1463 3660 1693 3726 ἕπαθενς
1735 3661 1794 3714 Ὀ
1825 3662 1934 3733 γὰρ
1958 3661 2158 3723 σκοπὸς
2197 3660 2275 3729 τῷ
2332 3660 2566 3730 διαϐόλῳ
2591 3656 2679 3730 ἦν,
2737 3661 2831 3713 καὶ
2859 3658 3050 3714 τοῦτον
3089 3661 3168 3724 είς
3199 3660 3494 3730 προδοσίαν
3525 3658 3711 3729 ῥίψαι.
3744 3681 3759 3710 ι
3788 3661 3869 3712 Ti

567 3753 678 3823 γὰρ
713 3749 985 3823 βρώματα
1012 3753 1090 3823 τῷ
1113 3753 1372 3824 διαϐόλῳ,
1399 3756 1569 3825 φησὶν
1613 3758 1641 3808 6
1701 3756 2009 3826 προφήτης,
2079 3754 2334 3809 ἐκλεκτά,
2406 3773 2423 3804 ι
2495 3755 2669 3823 Χάρις
2721 3753 2779 3806 δὲ
2816 3754 2935 3824 Θεῷ
2972 3754 3050 3825 τῷ
3079 3755 3182 3807 οὐκ
3229 3752 3693 3821 ἐγκαταλείποντι
3741 3757 3868 3813 τοὺς

564 3846 769 3910 ὁσίους,
805 3847 901 3901 καὶ
929 3846 1194 3913 δικαίους,
1251 3849 1348 3902 καὶ⁵
1393 3849 1637 3916 ἀγαθοὺς
1679 3853 1746 3917 τῇ
1779 3849 1995 3921 καρδίᾳ,
2033 3843 2145 3912 οἷος
2207 3843 2276 3918 ἦν
2307 3851 2334 3902 6
2387 3848 2614 3920 Πέτρος,
2659 3848 3040 3918 φιλόστοργος,
3075 3849 3171 3902 καὶ
3232 3847 3363 3918 περὶ
3392 3847 3484 3900 τὸν
3522 3850 3868 3903 Διδάσκαλον

566 3940 752 4009 πάσης
789 3941 1034 4009 πονηρᾶς
1072 3940 1328 4003 ὑπονοίας
1352 3941 1650 4011 ἀλλότριος.

640 4034 808 4090 Vens.
843 4035 1038 4092 55-58.
1077 4056 1097 4087 ι
1143 4037 1208 4090 Ει
1260 4038 1393 4091 dixit
1421 4039 1547 4092 eis:
1602 4037 1830 4104 Quando
1891 4040 2013 4094 misi
2068 4055 2162 4096 vos

567 4130 686 4185 sine
721 4130 943 4183 sacculo
971 4140 1024 4182 et
1052 4145 1178 4199 pera
1210 4139 1264 4184 et
1294 4131 1702 4195 calceamentis,
1737 4147 1864 4183 num
1903 4131 2030 4199 quid
2061 4131 2158 4184 de-

567 4222 671 4276 fuit
697 4221 882 4276 vobis?
913 4223 982 4275 At
1025 4223 1099 4273 illi
1140 4222 1396 4276 dixerunt
1431 4239 1444 4274 :
1479 4221 1644 4276 Nihil.
1689 4223 1833 4278 Dixit
1888 4240 2016 4294 ergo
2043 4224 2157 4278 eis:

568 4314 677 4368 Sed
732 4331 874 4368 nunc
905 4314 993 4383 qui
1032 4315 1190 4368 habet
1257 4315 1558 4382 sacculum,
1601 4316 1750 4371 tollat
1810 4317 2063 4371 similiter
2106 4328 2159 4371 et

564 4421 794 4475 peram:
856 4415 908 4459 et
945 4406 1034 4474 qui
1073 4422 1177 4460 non
1227 4408 1405 4472 habet,
1448 4410 1646 4463 vendat
1697 4411 1934 4464 tunicam
1980 4426 2157 4475 suam,

567 4509 624 4550 et
651 4507 798 4551 cmat
826 4498 1082 4569 gladium.
1119 4497 1250 4553 Dico
1270 4502 1412 4552 cnim
1447 4502 1620 4561 vobis,
1650 4503 1907 4569 quoniam
1971 4503 2149 4556 adhuc

567 4589 673 4643 hoc
708 4590 850 4658 quod
910 4589 1173 4658 scriptum
1213 4599 1297 4644 est
1363 4601 1574 4658 oportct
1624 4593 1810 4661 perlici
1853 4595 1905 4646 in
1942 4608 2048 4659 me,
2088 4593 2153 4646 Et

569 4698 694 4735 cum
733 4684 933 4748 iniquis
982 4685 1272 4751 deputatus
1317 4685 1487 4736 est”.
1528 4683 1740 4738 Etenim
1782 4701 1840 4739 ea
1878 4701 1997 4750 qua:
2031 4695 2156 4739 sunt

568 4773 635 4826 de
667 4788 770 4833 nte,
817 4773 977 4825 finem
1017 4773 1238 4827 habent.
1302 4774 1369 4827 At
1401 4775 1474 4828 illi
1531 4776 1782 4829 dixerunt
1836 4794 1848 4829 :
1897 4775 2144 4838 Domine,

567 4879 692 4918 ecce
723 4865 828 4917 duo
855 4863 1014 4934 gladii
1049 4865 1154 4918 hic.
1200 4867 1265 4918 At
1307 4866 1397 4921 ille
1428 4868 1566 4921 dixit
1607 4869 1685 4922 eis
1728 4885 1741 4920 :
1793 4867 1938 4922 Satis
1982 4879 2084 4922 est.
2125 4888 2141 4918 ι

567 4959 623 5011 In
649 4958 915 5026 principio
939 4958 1155 5026 quidem
1187 4960 1584 5028 pra'dicationis
1617 4963 1833 5014 mittens
1857 4960 2153 5029 discipulos

570 5049 833 5102 Dominus
864 5049 915 5100 in
943 5049 1156 5102 castella
1202 5059 1257 5103 et
1282 5049 1554 5114 civitates,
1589 5055 1794 5118 absque
1827 5051 2154 5104 necessariis

569 5138 798 5198 dimisit,
834 5152 1008 5206 neque
1038 5138 1187 5191 dedit
1215 5140 1413 5205 quibus
1475 5141 1747 5194 habebant
1775 5157 1928 5207 opus,
1984 5157 2158 5209 neque

571 5243 761 5280 curam
785 5244 978 5298 gerere
1006 5229 1237 5282 volebat.
1271 5231 1419 5299 Ipsos
1448 5233 1591 5285 enim
1616 5234 1774 5286 etiam
1802 5233 1854 5287 iu
1879 5237 1961 5288 his
1993 5253 2156 5302 opor-

573 5322 716 5374 tebat
757 5321 969 5375 discere
999 5321 1115 5388 ejus
1166 5323 1443 5377 virtutem.
1502 5325 1715 5378 Illorum
1759 5328 1904 5381 enim
1962 5345 2151 5382 curam

572 5413 782 5468 habt-ns
823 5425 1082 5481 tanquam
1134 5414 1494 5480 inﬁrmorum,
1567 5417 1800 5472 faciebat
1850 5421 1929 5475 eis
1973 5423 2152 5475 omnia

574 5509 880 5560 necessaria
922 5507 1145 5562 affluere
1199 5509 1407 5562 abunde
1453 5510 1584 5563 citra
1642 5513 1883 5582 ipsorum
1941 5529 2150 5566 curam.

573 5595 726 5652 Nune
781 5609 958 5651 autem
1018 5602 1293 5655 conlt'aria
1354 5603 1618 5672 pra-cipit,
1673 5620 1777 5660 non
1843 5607 2153 5660 contrarius

647 5777 693 5818 ’θ
725 5777 829 5830 Isa.
874 5793 987 5843 Lttt,
1034 5777 1113 5830 1‘3.

2184 4451 2239 4510 D

2337 4055 2356 4086 ι
2391 4036 2500 4089 Καὶ
2530 4029 2685 4088 εἶπεν
2719 4032 2905 4094 αὐτοῖς
2932 4048 2946 4061 ο
2999 4031 3130 4083 Ὅτε
3180 4029 3479 4083 ἀπέστειλα
3532 4031 3690 4101 ὑμᾶς
3737 4034 3869 4100 ἄτερ

2263 4128 2573 4200 βαλαντίου,
2615 4125 2710 4178 καὶ
2741 4124 2945 4192 πήρας,
2998 4122 3094 4175 καὶ
3139 4122 3532 4192 ὑποδημάτων,
3597 4127 3676 4194 μή
3723 4143 3866 4188 τινος

2261 4220 2634 4291 ὑστερήσατε;
2668 4217 2732 4268 Oi
2769 4215 2825 4267 δὲ
2862 4209 3015 4266 εἷπον
3057 4230 3071 4244 ·
3114 4213 3368 4274 Οὐδενός.
3405 4210 3582 4267 Εἶπεν
3637 4212 3737 4271 οὖν
3770 4219 3866 4270 αὖ·

2260 4316 2408 4374 τοῖς’
2465 4309 2629 4362 Ἀλλά
2673 4307 2769 4363 νῦν
2816 4309 2844 4360 ὁ
2882 4307 3024 4376 ἔχων
3078 4306 3388 4376 βαλάντιον,
3428 4308 3628 4378 ἀράτω
3661 4311 3863 4379 ὁμοίως

2267 4406 2363 4457 καὶ
2389 4404 2575 4473 πήραν
2609 4417 2620 4430 ’
2665 4403 2759 4454 καὶ
2790 4403 2817 4454 6
2852 4399 2925 4470 μὴ
2957 4399 3122 4469 ἔχων,
3183 4399 3494 4470 πωλησάτω
3522 4402 3589 4454 τὸ
3650 4404 3866 4472 ἱμάτιον

2264 4495 2453 4560 αὐτοῦ,
2491 4494 2585 4546 καὶ
2625 4493 2953 4562 ἀγορασάτω
2989 4492 3289 4563 μάχαιραν.
3344 4493 3505 4561 Λέγω
3557 4495 3674 4564 γάρ
3719 4498 3862 4566 ὑμῖν,

2261 4590 2344 4641 ὅτι
2375 4587 2455 4640 ἔτι
2505 4586 2667 4639 τοῦτο
2715 4587 2775 4637 τὸ
2846 4586 3244 4654 γεγραμμένον
3286 4585 3368 4637 δεῖ
3413 4586 3762 4654 τελεσθῆναι
3812 4595 3863 4642 ἐν

2265 4684 2409 4753 ἐμοὶ,
2454 4681 2536 4743 τὸ,
2569 4682 2679 4732 Καὶ
2719 4678 2857 4748 μετὰ
2911 4679 3134 4746 ἀνόμων
3168 4677 3423 4745 ἐλογίσθη
3447 4694 3459 4706 ·
3520 4679 3622 4732 καὶ
3654 4682 3769 4751 γὰρ
3800 4683 3863 4733 τὰ

2261 4776 2394 4844 περὶ
2433 4774 2567 4842 ἐμοῦ
2605 4773 2753 4833 τέλος
2785 4772 2916 4840 ἔχει.
2949 4773 3012 4823 Οἱ
3045 4771 3100 4822 δὲ
3134 4766 3323 4822 εἷπον·
3361 4770 3564 4844 Κύριε,
3621 4774 3737 4828 iaci;
3767 4769 3859 4827 ae.-

2269 4868 2535 4937 μάχαιραι
2561 4865 2674 4916 δύο.
2710 4865 2768 4917 'U
2794 4865 2850 4917 δὲ
2877 4861 3030 4916 εἶπεν
3083 4864 3269 4925 ούτοίς
3321 4879 3333 4892 '
3375 4863 3591 4916 Ἱκανόν
3634 4869 3808 4920 ἐστιν,
3843 4887 3856 4916 ι

2259 4960 2352 5012 Ἑν
2381 4960 2524 5029 ἀρχῇ
2554 4959 2606 5027 μ’
2641 4980 2653 5002 ,
2687 4957 2778 5010 τοῦ
2808 4955 3188 5026 κηρύγματος,
3235 4955 3469 5008 στέλλων
3492 4958 3629 5016 τοῦς
3685 4960 3862 5026 μαθη-

2257 5052 2355 5109 τὰς
2379 5055 2406 5103 ὁ
2437 5053 2632 5119 Κύριο,
2667 5053 2756 5103 ἐῖτί
2786 5051 2884 5112 τὰς
2912 5049 3106 5116 κώμας
3144 5051 3240 5100 καὶ
3280 5051 3485 5113 allato,
3514 5054 3853 5122 ἀπερὶττους

2261 5143 2586 5207 ἀπέστελλε,
2643 5143 2812 5212 μηδὲν
2857 5144 3238 5211 ἐπαγομένους
3285 5144 3572 5212 χρειῶδες,
3636 5148 3859 5216 ξιτ-,δῖνὶς

2261 5236 2670 5306 φροντίζοντας.
2715 5235 2862 5287 Ἔδει
2900 5239 3009 5304 γὰρ
3039 5235 3239 5296 αὐτοὺς
3297 5235 3490 5304 μαθεῖν
3529 5240 3631 5304 τὴν
3693 5239 3857 5290 αὑτοῦ

2263 5328 2493 5397 δύναμιν
2524 5329 2619 5380 καὶ
2649 5327 2706 5378 ὲν
2733 5329 2844 5389 τοῖς
2869 5328 3158 5388 τοιούτοις.
3193 5327 3366 5388 Αὐτὸς
3414 5328 3526 5396 γὰρ
3557 5330 3858 5396 κηδόμενος

2263 5422 2443 5476 αὐτῶν
2468 5421 2541 5484 ὡς
2562 5420 2824 5482 ἀσθενῶν,
2848 5421 3097 5488 ἀφθόνως
3123 5420 3296 5472 ἐποίει
3315 5421 3500 5482 αὐτοῖς
3532 5423 3603 5473 τὰ
3625 5425 3856 5492 χρειώδη

2263 5515 2510 5584 ἐπιῤῥεῐν
2544 5516 2635 5564 καὶ
2667 5512 3063 5580 ἀφροντίστως.
3091 5510 3206 5562 Νῦν
3240 5511 3294 5563 δὲ
3322 5511 3390 5562 τὰ
3425 5513 3650 5564 ἐνιντία
3674 5513 3856 5564 διακε-

2262 5603 2502 5669 λεύεται,
2537 5605 2634 5656 οὐκ
2669 5601 3079 5672 ἐναντιούμενος
3116 5601 3316 5672 ἐαυτῷ,
3339 5604 3473 5655 ἀλλὰ
3504 5605 3723 5667 ὃεικνζς
3759 5609 3853 5658 αξι-
