4000 6400
157 335 297 399 107⁸1

858 328 1310 391 ENARRATIO
1350 328 1431 389 ΙΝ
1474 326 1981 389 EVANGELIUM
2025 326 2263 389 LUCJE.
2288 351 2358 361 -
2384 326 2547 386 CAP.
2584 320 2785 384 XXII.

3343 317 3488 383 ιι)Ἷὸ

156 460 273 519 τοῖς
308 456 386 508 ὅτι
424 451 583 524 μέχρι
618 450 718 520 μὲν
758 449 854 504 νῦν
897 451 973 514 ὼς
1009 451 1198 506 παιδία
1260 450 1615 515 διεϐἀσταζε,
1670 450 1769 502 καὶ

1907 447 1977 503 ibi
2006 447 2131 517 ipsi,
2162 447 2254 503 sed
2283 448 2583 503 ostendens
2613 446 2696 501 eis
2734 444 2881 514 quod
2915 458 3088 514 usque
3118 444 3184 497 ad
3221 442 3324 499 hoc
3344 454 3485 497 teru-

156 547 376 608 οὐδενὸς
409 546 608 607 αὐτοὺς
635 542 809 597 ἐποίει
843 543 1179 613 φροντίζειν.
1207 543 1317 597 ἀπὸ
1345 544 1440 597 τοῦ
1463 544 1559 596 νῦν
1581 542 1638 594 δὲ
1660 540 1769 612 χρὴ

162 644 265 696 καὶ
309 640 509 701 αὐτοὺς
542 638 611 691 τά
640 637 750 689 τῶν
791 636 1004 706 ἀνδρῶν
1029 638 1247 705 φρονεῖν
1280 636 1377 688 καὶ
1415 633 1767 707 προνοεῖσθαι

164 733 400 788 ἑαυτῶν.
444 730 586 799 Ἐγὼ
614 727 744 801 γὰρ,
770 729 959 798 φησιν,
983 732 1010 781 ό
1038 728 1223 796 πατὴρ
1246 728 1401 797 ὑμῶν
1422 730 1450 780 ὁ
1470 728 1769 797 κηδόμενος

164 828 271 897 ήδη
305 824 623 893 ἀπέρχομαι
647 838 659 849 ·
689 821 797 873 ἀπὸ
830 820 925 873 τοῦ
951 818 1047 872 νῦν
1094 819 1388 873 ἐνδύσασθε
1415 820 1551 889 πρὸς
1582 820 1641 871 τὸ
1674 820 1770 872 καὶ

165 918 325 971 αὐτοὶ
349 912 661 985 φροντίζειν
688 913 799 965 τῶν
829 915 1071 977 οίκειων,
1102 914 1198 965 καὶ
1223 912 1297 983 μὴ
1329 912 1509 967 πάντα
1546 912 1772 983 θαρρεῖν

167 1009 316 1078 ὲμοί.
351 1008 488 1062 Οὐδὲ
510 1007 620 1077 γάρ
663 1006 893 1058 τοιαῦτα
928 1005 1061 1075 ὑμῖν
1090 1004 1310 1059 ἔσονται
1333 1006 1402 1059 τά
1435 1005 1769 1076 πράγματα,

173 1104 295 1173 ῥᾴω
323 1118 384 1153 τε
414 1101 509 1153 καὶ
535 1100 735 1161 ἄποια,
766 1097 905 1150 ἀλλά
938 1098 1033 1151 καὶ
1085 1098 1269 1170 πείνῃ,
1326 1098 1423 1152 καὶ
1472 1095 1624 1170 δίψῃ,
1679 1097 1775 1149 καὶ

170 1196 577 1265 ἀντικειμένοις
608 1193 823 1256 πολλοῖς
855 1193 1265 1262 περιπεσεῖσθε.
1304 1194 1492 1247 Ταῦτα
1536 1193 1646 1264 γὰρ
1686 1194 1774 1245 ati-

174 1289 423 1341 νίττεται
452 1287 536 1340 διὰ
568 1286 662 1338 τοῦ
690 1284 1002 1353 βαλαντίου,
1036 1287 1131 1339 καὶ
1172 1286 1271 1355 τῆς
1313 1288 1521 1357 πήρας,
1554 1288 1649 1340 καὶ
1677 1286 1777 1356 τῆς

178 1378 481 1450 μαχαίρας.
516 1377 608 1429 Διὸ
660 1378 959 1447 ἀνάστητε,
1017 1377 1092 1439 ὡς
1137 1379 1233 1431 καὶ
1270 1380 1646 1449 πεινήσοντες,
1682 1377 1779 1432 καὶ

176 1471 499 1541 δεησόμενοι
554 1469 865 1539 βρωμάτων
903 1486 915 1498 ·
978 1469 1007 1522 ὃ
1064 1469 1168 1522 διά·
1202 1473 1302 1541 τῆς
1350 1473 1535 1542 πήρας
1607 1472 1781 1524 αἰνίτ-

179 1581 359 1616 τεται.
428 1564 537 1615 Καὶ
601 1561 947 1630 ἀνδρίζεσθε,
1020 1561 1095 1625 ὡς
1162 1563 1569 1635 ἀντικειμένοις
1647 1566 1778 1617 πολ-

178 1658 294 1721 λοίς
328 1656 821 1727 περιπεσούμενοι·
863 1656 891 1709 ὅ
929 1657 1018 1711 διὰ
1059 1657 1159 1727 τῆς
1222 1658 1498 1729 μαχαίρας
1553 1660 1759 1729 ἐμφαί-

184 1769 286 1805 νει.
312 1750 497 1804 Ταῦτα
530 1750 586 1804 δὲ
615 1751 785 1819 λέγει,
818 1752 917 1821 οὐχ
950 1752 1036 1805 ἵνα
1070 1751 1294 1815 πάντως
1330 1754 1609 1823 μαχαίρας
1661 1757 1753 1806 ἐπι

1877 557 1976 611 pus
2003 552 2260 610 tauquam
2295 540 2553 609 parvulos
2578 538 2827 609 gestarit,
2855 548 2908 591 et
2936 554 3042 591 non
3070 535 3267 590 fecerit
3288 550 3383 588 eos
3421 538 3487 586 de

1876 653 2150 707 quoquam
2196 634 2485 691 sollicitos.
2522 632 2681 687 Nunc
2733 642 2917 686 autem
2976 646 3113 699 opus
3150 638 3236 683 cst
3290 628 3371 682 eis
3433 638 3492 679 ut

1878 742 2075 787 curent
2117 746 2180 784 ea
2238 744 2361 797 qua:
2392 728 2644 782 virorum
2696 731 2847 789 sunt,
2887 732 2942 777 et
3006 723 3335 792 provideant
3387 720 3490 774 sibi

1878 823 2034 891 ipsis.
2066 822 2177 891 Ego
2212 821 2384 881 enim,
2423 818 2627 887 inquit,
2656 829 2814 887 pater
2861 826 3070 879 vester,
3100 813 3267 868 vestri
3302 829 3493 866 curam

1878 928 2076 984 gerens
2110 912 2216 983 iam
2247 912 2405 965 abeo.
2448 911 2525 965 Ex
2573 912 2679 965 hoc
2721 921 2967 979 tempore
2995 908 3169 978 parati
3209 914 3410 969 estote,
3442 914 3498 956 et

1882 1008 1983 1079 ipsi
2018 1023 2200 1062 rerum
2237 1009 2587 1080 propriarum
2622 1018 2811 1059 curam
2840 1003 3037 1073 gerite,
3092 1008 3147 1053 et
3179 1000 3349 1053 nolite
3373 1013 3492 1051 om-

1888 1118 2014 1156 nem
2057 1116 2247 1157 curam
2289 1104 2342 1157 in
2379 1118 2464 1158 me
2482 1100 2733 1171 rejicere.
2757 1098 2938 1167 Opera
2966 1084 3113 1150 enim
3154 1104 3336 1149 vestra
3389 1107 3495 1145 non

1882 1205 2047 1251 erunt
2067 1206 2176 1249 tam
2196 1194 2403 1263 facilia,
2431 1204 2483 1250 et
2516 1210 2544 1246 ιι
2563 1194 2750 1249 labore
2775 1192 2953 1245 aliena
2979 1208 2991 1243 :
3021 1188 3115 1242 sed
3132 1186 3358 1243 obnoxii
3386 1186 3498 1239 eri-

1884 1289 1954 1343 tis
1978 1287 2174 1343 fatniet
2191 1289 2303 1351 siti,
2325 1297 2380 1343 et
2402 1288 2586 1342 inultis
2601 1286 2872 1340 adversis.
2900 1282 3027 1338 Hmc
3048 1281 3195 1337 enim
3211 1280 3499 1334 insinuan-

1884 1390 1974 1437 tur
2001 1398 2100 1451 per
2127 1384 2409 1438 sacculum
2456 1390 2513 1436 et
2534 1396 2720 1450 peram
2759 1394 2823 1434 ac
2855 1375 3118 1449 gladium.
3148 1374 3386 1429 Proinde
3431 1388 3501 1425 ne

1886 1478 2009 1531 silis
2042 1477 2222 1548 ignavi
2269 1495 2282 1531 :
2318 1476 2446 1546 quia
2475 1486 2526 1530 et
2553 1474 2756 1529 famem
2791 1472 3070 1542 experturi
3096 1470 3251 1534 estis,
3276 1476 3332 1523 et
3360 1481 3501 1535 Opus

1886 1571 2163 1626 habebitis
2204 1570 2426 1635 eduliis,
2461 1585 2581 1638 qua:
2614 1585 2710 1637 per
2761 1584 2949 1639 peram
2982 1564 3277 1634 significat.
3318 1560 3388 1614 Et
3421 1560 3501 1613 vi-

1892 1660 2018 1716 riles
2048 1660 2213 1733 573
2238 1670 2434 1727 estote,
2467 1660 2593 1730 quia
2636 1661 2687 1713 in
2726 1658 2895 1713 nmlta
2927 1662 3163 1711 adversa
3195 1652 3452 1707 incidetis
3482 1669 3495 1703 :

1890 1760 2034 1829 quod
2067 1774 2163 1830 per
2188 1758 2425 1828 gladium
2463 1756 2689 1810 indicat.
2732 1752 2860 1807 llrec
2898 1762 3079 1804 autem
3120 1747 3276 1811 dicit,
3303 1761 3411 1799 non
3442 1752 3502 1798 ut

187 1842 483 1915 σύρωνται,
511 1842 651 1906 ἀλλ’,
687 1843 760 1907 ὡς
796 1844 954 1913 ἔφην,
985 1846 1111 1907 τοὺς
1158 1844 1435 1915 πολέμους
1470 1848 1783 1917 αἰνιττόμε-

1904 1823 2117 1908 omnino
2152 1823 2351 1922 gladiis
2393 1850 2504 1904 sint
2554 1847 2815 1913 accincti,
2871 1844 2991 1907 sed,
3028 1850 3084 1896 ut
3108 1838 3244 1905 dixi,
3286 1836 3501 1906 signiti-

185 1954 276 1999 νος
311 1937 405 1989 καὶ
436 1938 563 1999 τοὺς
594 1936 898 2001 κινδύνους,
936 1940 1025 1989 καὶ
1054 1939 1191 2009 πρὸς
1226 1940 1404 1992 πάντα
1432 1959 1787 2012 παρεσκευα-

186 2029 420 2098 σμένους
456 2026 595 2083 εἶναι
632 2026 1209 2100 εἰσηγούμενος-(Ἵνα
1240 2032 1349 2103 γάρ
1385 2034 1458 2103 μὴ
1488 2034 1788 2104 νομίσωσιν

184 2123 235 2174 οί
274 2123 592 2190 μετέπειτα,
622 2123 703 2175 ὅτι
730 2121 883 2176 οὐδὲν
914 2125 1046 2191 παρ’
1072 2124 1285 2178 ἑαυτῶν
1308 2127 1356 2178 oi
1391 2126 1681 2181 ἀπόστολοι
1709 2131 1789 2192 είς

186 2213 288 2281 τὴν
333 2214 538 2284 ἀρετὴν
592 2215 1043 2285 συνεισήνεγκαν,
1083 2216 1223 2270 ἀλλά
1254 2218 1316 2270 τὸ
1352 2220 1462 2272 πᾶν
1503 2220 1601 2273 τοῦ
1650 2220 1789 2273 Θεοῦ

186 2300 280 2373 ἦν,
339 2304 416 2357 Οὐ
470 2303 654 2369 τοῦτο,
716 2306 903 2374 φησὶν,
959 2306 1113 2360 ἔσται
1169 2307 1366 2371 οὕτως.
1400 2308 1539 2363 Οὐδὲ
1564 2310 1674 2382 γάρ
1714 2312 1791 2375 ὡς

188 2395 421 2467 ἀψύχοις
443 2397 699 2469 ὀργάνοις
730 2396 995 2468 βούλομαι
1020 2392 1133 2463 τοῖς
1159 2401 1314 2472 ἐμοῖς
1349 2402 1620 2471 μαθηταῖς
1651 2404 1792 2475 χρῆ-

191 2488 341 2555 σθαι,
378 2489 514 2544 ἀλλὰ
540 2492 636 2544 καὶ
669 2492 739 2543 τά
763 2491 894 2561 παρ’
923 2493 1136 2547 ἑαυτῶν
1163 2494 1411 2563 ἐπιζητῶ
1453 2496 1793 2567 προσφέρειν

191 2581 414 2646 αὐτούς.
450 2583 671 2651 Ἀμέλει
707 2584 802 2637 καὶ
837 2586 1098 2655 εὑρήσεις
1130 2588 1261 2649 τοὺς
1292 2590 1652 2654 ἀποστόλους,
1696 2592 1791 2643 καὶ

196 2674 433 2744 μάλιστα
469 2675 685 2730 Παῦλον
718 2678 891 2731 πολλὰ
915 2681 1008 2731 καὶ
1038 2678 1097 2743 ἐξ
1124 2681 1379 2733 ἐπινοιῶν
1425 2681 1791 2753 ἀνθρωπίνων

194 2765 570 2836 κατορθοῦντα
602 2769 720 2839 (καὶ
751 2770 1053 2838 ἀνάγνωθι
1086 2772 1187 2835 τὰς
1232 2772 1492 2845 Πράξεις)
1512 2790 1525 2805 ο
1563 2774 1707 2846 πλὴν
1735 2777 1793 2829 ἐν

194 2859 422 2923 ταύταις
452 2861 551 2914 οὐκ
580 2863 730 2932 ἀπῆν
766 2866 798 2932 ἡ
832 2863 927 2917 τοῦ
967 2864 1105 2918 Θεοῦ
1150 2866 1377 2936 βοήθεια
1398 2883 1413 2897 ⁶
1448 2867 1565 2938 ἅμα
1608 2869 1667 2923 δὲ
1698 2872 1795 2923 καὶ

195 2952 504 3022 ὠφελοῦντο
542 2956 590 3008 οἱ
621 2956 913 3008 ἀπόστολοι
946 2957 1026 3019 είς
1083 2956 1144 3009 τὸ
1193 2958 1398 3027 ἄτυφον
1454 2961 1519 3011 ἐκ
1575 2960 1791 3017 τούτου.

200 3044 259 3097 Εἰ
292 3044 401 3114 γὰρ
428 3046 522 3099 καὶ
550 3046 706 3099 αὐτοὶ
734 3046 965 3115 μηδενὸς
996 3047 1401 3117 φροντίζοντες,
1440 3050 1619 3104 πάντα
1644 3055 1796 3123 παρά

1893 1961 2027 2001 Caus
2064 1944 2203 1999 bella
2237 1952 2291 1998 et
2330 1941 2596 2013 pericula,
2631 1939 2915 1993 etdocens
2946 1948 3002 1988 ut
3040 1934 3108 1988 ad
3145 1933 3328 1986 omnia
3362 1946 3507 2000 pra:-

1896 2038 2071 2109 parati
2140 2038 2270 2091 sint.
2318 2036 2453 2089 Nam
2494 2050 2563 2088 ne
2603 2032 2924 2088 existiment
2971 2027 3309 2097 posteriores
3361 2021 3505 2093 quod

1897 2130 2128 2202 apostoli
2170 2145 2236 2185 ex
2295 2143 2353 2183 se
2400 2127 2535 2181 nihil
2584 2128 2649 2180 ad
2696 2126 2958 2178 virtutem
3019 2118 3375 2183 contulerint,
3413 2114 3511 2171 sed

1898 2234 2068 2280 totum
2102 2223 2193 2277 Dei
2231 2220 2394 2275 fuerit
2438 2237 2451 2273 :
2497 2216 2615 2273 Non
2646 2220 2747 2271 hoc
2773 2216 2900 2281 erit,
2946 2213 3146 2284 inquit,
3183 2213 3284 2267 sic.
3323 2208 3513 2278 Neque

1896 2318 2042 2373 enim
2076 2314 2342 2386 apostolis
2384 2312 2522 2367 meis
2554 2311 2630 2366 uti
2666 2310 2786 2364 volo
2817 2319 2874 2363 ut
2912 2304 3299 2363 instrumentis
3332 2303 3513 2357 inani-

1898 2411 2100 2467 matis:
2136 2411 2231 2465 sed
2264 2418 2319 2463 et
2347 2422 2470 2477 qua:
2505 2405 2573 2459 ab
2616 2405 2751 2473 ipsis
2805 2412 2931 2457 sunt
2976 2404 3123 2470 ‘psos
3172 2398 3390 2453 adferre
3415 2412 3507 2463 pu-

1897 2504 2061 2559 stulo.
2102 2500 2345 2571 Denique
2382 2498 2634 2553 invenies
2662 2494 2965 2566 apostolos,
2999 2502 3054 2547 et
3089 2490 3328 2544 maxime
3355 2488 3466 2540 Pan
3488 2514 3503 2525 -
3571 2512 3577 2516 -

1900 2596 2034 2658 lum,
2069 2595 2237 2648 multa
2266 2594 2433 2647 etiam
2458 2607 2526 2645 ex
2553 2589 2813 2644 humanis
2846 2586 3130 2641 industriis
3153 2592 3306 2638 recte
3331 2582 3513 2634 facere.

1904 2686 2046 2761 [lege
2074 2682 2262 2757 Acta],
2292 2682 2548 2752 quamvis
2571 2691 2626 2735 et
2660 2681 2711 2733 iu
2751 2680 2835 2734 his
2858 2694 2964 2732 non
2986 2674 3228 2730 abfuerit
3260 2673 3508 2727 divinum

1899 2780 2224 2835 subsidium.
2254 2776 2465 2831 Interea
2500 2784 2683 2827 autem
2712 2780 2767 2827 et
2819 2769 3086 2840 apostolis
3123 2766 3338 2820 accedit
3368 2764 3517 2817 utili-

1903 2884 2005 2938 tas,
2042 2889 2110 2927 ne
2137 2871 2282 2927 fastu
2337 2870 2588 2923 iubentur
2648 2880 2715 2919 ex
2771 2864 2895 2919 hoc.
2926 2862 2982 2916 Si
3034 2860 3177 2913 enim
3242 2857 3342 2927 ipsi
3383 2854 3515 2908 nihil

1900 2973 2211 3029 curassent,
2270 2971 2325 3015 et
2359 2952 2410 3013 θ’
2452 2959 2561 3013 Deo
2613 2956 2802 3011 omnia
2868 2959 3285 3021 expectassent,
3350 2956 3517 3012 atque

1904 3060 2037 3128 ipsis
2076 3056 2412 3117 evenissent,
2444 3050 2617 3105 inﬂati
2653 3049 2909 3111 fuissent,
2944 3044 3101 3113 quasi
3154 3039 3329 3106 majus
3352 3038 3520 3109 quid-

196 3137 292 3191 τοῦ
326 3138 461 3192 Θεοῦ
505 3140 793 3209 ἀνέμενον,
832 3144 925 3194 καὶ
959 3137 1202 3209 ἐγίνοντο
1262 3145 1467 3209 αὐτοῖς,
1504 3144 1793 3218 ὲτυφώθη-

1906 3154 2027 3205 dam
2054 3162 2218 3218 super
2258 3147 2403 3202 vires
2449 3146 2718 3198 humanas
2771 3140 2976 3195 sortiti.
3015 3137 3079 3190 Et
3116 3134 3364 3215 alioquin
3424 3146 3523 3184 na-

198 3250 296 3287 σαν
356 3235 446 3300 ἀν,
512 3235 587 3300 ὡς
646 3238 870 3306 μείζονα
932 3237 966 3307 ἢ
1027 3236 1170 3290 κατὰ
1224 3237 1577 3308 ἀνθρωπίνην
1637 3242 1800 3309 φύσιν

201 3326 476 3397 λαχόντες.
514 3328 812 3393 Καὶάλλως
834 3328 912 3392 δὲ,
939 3328 1106 3398 ἀργία
1128 3327 1342 3397 φύσεως
1376 3330 1467 3382 καὶ
1502 3330 1797 3403 διαφθορὰ,

201 3418 293 3469 τὸ·
330 3418 497 3487 μηδὲν
548 3420 643 3488 ἀφ’
687 3419 900 3473 ἑαυτῶν
954 3418 1313 3485 ἐπινοεῖσθαι,
1378 3421 1517 3473 ἀλλά
1589 3424 1798 3489 πάντα,

198 3508 358 3563 τοῦτο
396 3508 462 3579 δὴ
480 3511 540 3563 τὸ
568 3510 663 3563 τοῦ
711 3512 894 3581 λόγου,
950 3511 1297 3582 ἀληλεσμένα
1328 3514 1662 3585 προσδοκᾷν.
1702 3518 1801 3570 Διά

202 3601 365 3655 τοῦτό
394 3621 558 3674 φησιν
590 3604 800 3669 αὐτοῖς,
854 3605 939 3657 δτι
983 3605 1119 3657 Ἀπὸ
1174 3605 1269 3657 τοῦ
1332 3606 1427 3657 νῦν
1470 3608 1563 3659 καὶ
1618 3612 1802 3678 πήρας

203 3698 501 3765 βαστάζετε
529 3739 542 3763 ,
574 3698 882 3761 τουτέστιν,
944 3697 1103 3751 υῦτω
1146 3697 1447 3765 διάκεισθε,
1491 3702 1585 3751 καὶ
1636 3718 1801 3772 φρον-

200 3790 401 3855 τίζετε,
439 3791 514 3854 ὼς
545 3792 899 3861 πεινήσοντες
926 3810 938 3823 ·
986 3792 1080 3845 καὶ
1110 3792 1390 3861 μαχαίρας
1439 3794 1755 3865 ἀγοράσατε
1786 3838 1800 3861 ,

200 3885 339 3955 ὅπερ
375 3885 541 3950 ἐστὶν,
580 3883 741 3937 υῦτω
764 3884 1085 3955 προνοεῖσθε
1137 3884 1369 3949 ἑαυτῶν,
1406 3885 1480 3948 ὡς
1534 3886 1805 3951 κινδύνοις

203 3978 301 4031 καὶ
327 3977 585 4046 πολέμοις
617 3978 1117 4049 προσκρούσοντες.
1157 3979 1267 4033 Καὶ
1307 3978 1482 4041 ἄλλως
1519 3979 1576 4032 δὲ
1612 3979 1803 4044 ἐξελά-

205 4072 363 4125 σοντό
386 4090 530 4135 τινες
569 4073 631 4125 τὸ
680 4073 952 4141 ἀγοράσαι
988 4073 1291 4143 μάχαιραν.
1324 4075 1631 4127 Λίνίττεται
1673 4077 1804 4145 γὰρ,

206 4168 361 4235 φασὶ,
395 4166 495 4235 τὴν
536 4165 725 4234 ἔφοδον
755 4167 855 4235 τὴν
882 4167 1001 4219 κατ’
1031 4165 1201 4219 αὐτοῦ
1230 4166 1356 4219 ὅσον
1387 4166 1542 4219 οὔπω
1574 4184 1803 4237 γενησο-

209 4259 402 4329 μένην,
441 4259 535 4311 καὶ
570 4262 649 4311 ὅτι
689 4258 977 4327 μέλλουσιν
1032 4259 1197 4311 αὑτὸν
1242 4258 1647 4329 συλλαμϐάνειν
1708 4278 1806 4329 φο-

207 4354 321 4415 νεῖς
361 4352 662 4423 ἂνθρωποι.
722 4353 878 4405 Ἐπεὶ
931 4354 1040 4422 γὰρ
1099 4355 1299 4405 ἐκεῖνοι
1355 4354 1484 4422 περὶ
1524 4354 1809 4421 πρωτείων

206 4443 455 4513 ἔφθησαν
491 4445 629 4513 πρὸς
678 4444 946 4515 ἀλλήλους
988 4446 1497 4515 φιλονεικήσαντες,
1537 4447 1653 4498 Οὐκ
1691 4446 1809 4497 ἔστι

207 4537 423 4605 καιρὸς.
448 4538 603 4607 φησὶ,
634 4535 1060 4606 φιλοπρωτείας,
1094 4538 1232 4589 ἀλλά
1255 4538 1520 4591 κινδύνων
1546 4541 1642 4593 καὶ
1671 4556 1809 4608 σφα-
1847 4527 1887 4580 υ

209 4627 344 4694 γῶν.
378 4628 490 4679 Καὶ
519 4628 630 4696 γὰρ
665 4627 775 4693 ἐγὼ
810 4630 837 4680 ὁ
890 4628 1214 4691 διδασκαλος
1248 4628 1405 4698 ὑμῶν
1458 4632 1538 4691 εἰς
1573 4629 1809 4683 θάνατον

208 4721 519 4789 ἀπάγομαι,
557 4721 650 4772 καὶ
677 4722 796 4774 οὶδὲ
824 4721 1044 4791 ἔντιμον
1078 4722 1314 4775 θάνατον
1336 4740 1347 4752 ·
1374 4723 1510 4774 ἀλλὰ
1540 4722 1811 4775 καὶτοῦτο

210 4814 638 4883 πληρωθήσεται
674 4816 760 4867 ἐπ’
790 4816 935 4883 ἐμοὶ,
971 4815 1051 4879 τὸ,
1090 4835 1106 4866 ι
1144 4816 1255 4869 Καὶ
1286 4817 1423 4883 μετὰ
1460 4818 1679 4885 ἀνόμων
1706 4819 1814 4869 ἐλο-

210 4908 398 4977 γίσθη.
442 4927 457 4957 ι
497 4908 609 4977 Τήν
641 4910 831 4976 ἔφοδον
864 4908 957 4962 οὖν
990 4908 1090 4978 τὴν
1126 4910 1429 4979 λῃστρικὴν
1475 4909 1814 4961 αἰνίττεσθαι

213 5000 560 5071 βουλόμενος,
622 5002 871 5071 ἐμνήσθη
913 5003 1231 5071 μαχαίρας·
1284 5002 1380 5054 καὶ
1439 5000 1566 5054 οὗτε
1631 5002 1815 5054 τέλεον

212 5092 590 5160 ἀπεκάλυψεν,
630 5093 717 5144 ἵνα
767 5092 845 5161 μὴ
898 5092 1072 5163 δειλία
1104 5094 1214 5144 τινὶ
1251 5091 1609 5162 ταραχθῶσιν
1642 5108 1654 5120 ·
1690 5090 1816 5144 οὔτε

210 5186 394 5237 τέλεον
423 5185 841 5253 ἀπεσιώπησεν,
906 5185 991 5237 ἵνα
1029 5186 1105 5256 μὴ
1140 5188 1207 5255 τῇ
1258 5186 1437 5256 ἀθρόᾳ
1470 5185 1651 5255 ἐφόδῳ
1686 5202 1819 5253 συΥ··

212 5276 458 5345 χυθῶσι·
498 5276 700 5345 μᾶλλον
752 5277 806 5329 δὲ
839 5279 926 5329 ἵνα
969 5279 1108 5346 μετὰ
1164 5277 1339 5330 ταῦτα
1387 5280 1817 5349 ἀναμιμνησκό-

216 5386 395 5439 μενοι,
439 5370 803 5438 θαυμάζωσιν
866 5371 1029 5423 αύτὸν
1080 5371 1155 5433 ὡς
1211 5371 1684 5440 προγινώσκοντσ,
1726 5375 1819 5425 καὶ

212 5464 656 5533 ἐκπλήττωνται,
694 5464 811 5526 πῶς
846 5466 1040 5517 ἑαυτὸν
1074 5465 1312 5529 ἐξεδίδου
1354 5465 1489 5535 πρὸς
1540 5467 1600 5518 τὸ
1643 5467 1816 5529 πάθος

215 5561 361 5629 ὑπὲρ
410 5562 688 5631 σωτηρίας
740 5562 849 5613 τῶν
902 5561 1236 5631 ἀνθρώπων,
1274 5564 1367 5612 καὶ
1416 5561 1504 5612 διὰ
1536 5561 1696 5613 τοῦτο
1729 5564 1821 5613 καὶ

215 5653 375 5706 αὐτοὶ
424 5654 589 5721 μηδὲν
642 5653 751 5707 τῶν
792 5653 1062 5723 ἀλγεινῶν
1122 5654 1515 5723 ῦποφεύγωσιν
1551 5653 1691 5722 ὑπὲρ
1726 5654 1820 5705 τοῦ

223 5748 395 5799 πῶςτί
448 5765 621 5812 τινας.
662 5749 848 5801 Ταῦτα
886 5750 1017 5819 γὰρ,
1070 5744 1249 5818 οἶμαι,
1288 5750 1352 5799 τὴ
1400 5748 1815 5817 αἰνιγμλ-ρῦδήο

217 5844 306 5896 διὰ
342 5860 496 5895 τοῦτ’)
521 5843 728 5913 ἔλεγεν,
756 5845 841 5897 ivx
883 5846 1019 5915 μετᾷ
1052 5844 1217 5897 ταῦζκ
1275 5844 1817 5912 ’λη,ίπει-γηοχνῖμάξηνςι

1910 3254 2046 3296 turre
2069 3249 2219 3295 esset
2270 3237 2486 3308 ignavia
2521 3244 2576 3289 ct
2610 3231 2914 3301 corruptio,
2954 3229 3089 3284 nihil
3126 3243 3153 3281 a
3193 3241 3256 3281 se
3298 3221 3523 3293 excogi-

1910 3346 2045 3399 tare,
2070 3333 2164 3387 sed
2208 3332 2416 3392 omnia,
2457 3338 2515 3382 ut
2570 3327 2675 3381 dici
2726 3326 2893 3389 solet,
2950 3323 3137 3378 molita
3170 3327 3518 3389 exspectare.

1907 3429 2199 3498 Pmpterea
2231 3426 2366 3481 dicit
2406 3424 2486 3477 eis
2527 3444 2541 3477 :
2578 3422 2657 3476 Ex
2695 3425 2800 3475 hoc
2834 3428 3083 3487 tempore
3114 3425 3169 3468 et
3222 3427 3384 3484 peras
3420 3426 3520 3480 ge-

1908 3532 2069 3584 State,
2107 3521 2209 3574 hoc
2242 3528 2344 3579 est.
2396 3516 2477 3571 sic
2518 3514 2699 3569 affecti
2739 3521 2940 3575 estote,
2968 3520 3021 3563 et
3069 3524 3255 3563 curam
3298 3505 3521 3567 habete,

1909 3628 1967 3670 ut
1992 3615 2230 3670 esuriem
2270 3612 2532 3666 habituri.
2562 3610 2625 3663 Et
2656 3607 2894 3677 gladiun
2931 3604 3131 3666 emite,
3210 3599 3360 3669 quod
3410 3606 3522 3658 est,

1909 3707 1989 3761 sic
2029 3704 2315 3776 providete
2344 3700 2501 3755 vobis
2548 3699 2702 3767 ipsis,
2764 3707 3027 3763 tanquam
3062 3692 3114 3745 bi
3159 3688 3251 3759 qui
3288 3687 3341 3740 in
3381 3682 3524 3737 bella

1909 3808 1963 3855 et
1994 3798 2177 3867 praelia
2207 3796 2374 3851 multa
2410 3792 2673 3847 incident.
2712 3789 2777 3842 Et
2802 3787 2959 3841 aliter
2987 3786 3367 3853 exposuerunt
3394 3776 3525 3847 qui-

1910 3893 2035 3947 dam
2084 3889 2255 3945 Emilc
2312 3887 2586 3958 gladium.
2646 3881 2936 3950 Signiﬁcat
2997 3877 3169 3940 enim,
3230 3872 3526 3943 inquiunt,

1912 3984 2064 4040 brevi
2097 3992 2277 4037 tantas
2299 3981 2566 4033 adversus
2594 3977 2771 4043 ipsum
2803 3971 3020 4027 futuras
3048 3967 3308 4030 insidias,
3339 3962 3531 4034 quales

1914 4092 2189 4147 nunquam
2226 4075 2473 4134 fuerunt,
2500 4081 2555 4125 et
2580 4069 2723 4140 quod
2771 4064 3020 4122 invasuri
3054 4063 3169 4117 sint
3216 4060 3397 4129 ipsum
3430 4055 3529 4109 viri

1914 4167 2251 4239 sanguinarii
2276 4186 2286 4220 ;
2310 4164 2448 4219 Nam
2480 4164 2607 4233 quia
2633 4160 2708 4215 illi
2742 4160 2895 4229 prius
2918 4159 3065 4212 inter
3090 4169 3148 4210 se
3180 4155 3247 4207 de
3281 4152 3521 4221 primatu

1916 4265 2332 4317 Contendcrnnt.
2370 4258 2484 4311 Non
2520 4266 2625 4317 est,
2664 4254 2865 4321 inquit,
2902 4261 3119 4320 tempus
3176 4244 3519 4300 ambitionis.

1915 4359 2009 4413 sed
2038 4356 2416 4426 periculorum
2470 4362 2524 4408 et
2565 4351 2822 4405 caedium.
2862 4346 2997 4401 Nam
3033 4355 3089 4398 et
3136 4357 3237 4413 ego
3264 4339 3533 4410 magister

1920 4456 2101 4502 vester
2146 4447 2212 4499 ad
2248 4454 2476 4497 mortem
2530 4442 2797 4502 abducar,
2869 4451 3045 4505 neque
3112 4434 3179 4487 ad
3233 4432 3529 4499 gloriosam

1920 4552 2173 4595 mortem.
2202 4539 2593 4592 Verumtamen
2625 4533 2940 4602 implebitur
2969 4530 3020 4583 in
3057 4542 3164 4592 me,
3205 4546 3221 4572 σ
3253 4525 3390 4578 Cum
3428 4523 3533 4574 iui-

1919 4632 2043 4702 quis
2076 4632 2369 4698 deputatus
2402 4634 2506 4681 Cal.
2553 4645 2571 4677 ι
2616 4623 2851 4679 Insidias
2881 4622 3049 4689 igitur
3090 4615 3536 4671 latrocinatoaius

1920 4725 2353 4792 significaturus,
2384 4719 2634 4774 meminit
2659 4717 2821 4786 gladii
2859 4732 2871 4767 :
2900 4724 2954 4768 et
2990 4728 3166 4780 neque
3190 4710 3416 4763 omnino
3452 4722 3539 4759 rc-

1921 4819 2139 4878 wlavit,
2203 4826 2261 4869 ut
2321 4830 2387 4868 ne
2442 4823 2588 4865 metu
2637 4810 2873 4881 quodam
2914 4814 3229 4860 terreantur
3286 4822 3297 4856 :
3360 4817 3539 4868 neque

1920 4913 2145 4967 omnino
2179 4910 2347 4972 siluit,
2384 4918 2442 4961 ut
2476 4923 2541 4962 ne
2578 4902 2884 4975 repentinis
2931 4899 3146 4956 insidiis
3191 4896 3537 4952 confundan-

1924 5016 2012 5061 tur
2047 5024 2059 5057 ;
2091 5005 2199 5056 imo
2237 5012 2297 5056 ut
2330 5014 2453 5070 post
2486 5000 2602 5054 haec
2646 4996 3004 5052 recordantes
3027 4991 3375 5046 admirentur
3406 5003 3537 5043 eum

1926 5113 2185 5169 umquam
2215 5095 2630 5165 praescicntem,
2662 5101 2715 5147 et
2739 5098 3060 5161 stupescant
3084 5083 3363 5156 quomodo
3394 5081 3541 5151 seip~

1924 5208 2041 5247 smn
2078 5209 2175 5260 pro
2202 5192 2377 5245 salute
2416 5189 2701 5243 hominum
2738 5186 2804 5239 ad
2860 5196 3094 5237 mortem
3139 5178 3453 5240 tradiderit,
3485 5184 3542 5229 ct

1926 5288 2214 5353 propterea
2244 5282 2411 5335 etiam
2448 5279 2549 5349 ipsi
2601 5277 2740 5331 nihil
2798 5277 3087 5329 molestum
3132 5267 3541 5337 subterfugiant

1926 5388 1983 5432 ut
2017 5378 2299 5431 salvantur
2334 5374 2522 5441 aliqui.
2568 5372 2690 5425 llaec
2740 5370 2886 5423 enim
2929 5368 3129 5437 opinor
3188 5362 3541 5426 arniqmaiice

1929 5480 2214 5540 propterea
2250 5466 2489 5528 dicebat,
2527 5473 2583 5517 ut
2628 5474 2817 5532 postea
2856 5457 3214 5515 recordantes
3244 5465 3297 5509 et
3335 5452 3537 5507 intelli-

1928 5573 2137 5631 gentcs,
2182 5560 2473 5612 Utilitatem
2540 5563 2797 5622 caperent
2837 5570 2850 5606 :
2903 5550 3165 5621 quoniam
3214 5558 3341 5599 tunc
3401 5547 3540 5598 adeo

1930 5656 2457 5723 insipientrset'aul,
2506 5659 2561 5703 ut
2616 5650 2902 5703 dicerent:
2944 5667 2961 5697 ι
3007 5644 3258 5705 Domine,
3288 5655 3416 5694 ecce
3454 5639 3543 5691 liie

1930 5748 2090 5818 gladii
2122 5748 2245 5798 duo.
2286 5766 2300 5794 ι
2340 5744 2401 5797 At
2448 5744 2561 5811 ipse
2589 5742 2714 5810 quia
2754 5739 2886 5793 \idit
2917 5755 3012 5793 eos
3038 5753 3144 5791 non
3178 5734 3539 5791 ltltcllt;.‘4l.~51‘,

2662 5853 2676 5885 ι
2719 5833 2935 5889 tametsi
2989 5844 3339 5898 ucquatprnu
3374 5824 3541 5877 utili:-

1933 5842 2104 5911 lll'l‘lll
2158 5860 2164 5889 :
2216 5860 2227 5887 ι
2271 5838 2419 5892 Silia
2462 5846 2539 5891 Cal
2583 5852 2594 5892 ζ
