4000 6392
545 324 686 388 Ιυῑθ

1397 327 1987 389 'l‘llEUl’lli'LACl'l
2032 324 2445 386 summa;
2482 298 2842 422 λιιειιιειι.

3682 328 3801 387 luti

539 443 745 495 cisscnt
775 458 790 495 ;
833 441 875 493 si
904 441 1141 505 humano
1176 440 1379 494 auxilio
1419 449 1613 495 contra
1648 441 1951 496 homicidas
2000 442 2090 495 illo

2226 444 2317 495 καὶ
2360 439 2637 502 συνιέντες
2688 435 3053 505 ὼςςελῶνταγ
3115 437 3321 489 ὲπεξτοι
3346 456 3407 504 γε
3467 442 3593 493 τότε
3647 444 3803 509 citro,-

538 531 617 586 uti
641 533 989 601 oportuisset,
1023 546 1196 600 neque
1217 539 1436 587 centum
1478 532 1639 601 gladii
1672 531 2036 588 suffecissent.
2063 533 2118 588 Si

539 634 719 678 autem
765 622 868 677 hoc
921 622 1162 686 nolebat,
1216 624 1312 677 sed
1366 623 1635 678 diviniore
1690 624 1938 677 subsidio
1983 640 2120 695 opus

536 724 674 779 erat,
708 712 963 782 superﬂni
987 724 1145 769 erant
1178 725 1228 770 et
1258 717 1406 772 duo:
1447 724 1819 770 verumtamen
1860 717 2118 771 Dominus

546 807 713 863 noluit
738 822 832 863 eos
852 823 1109 877 arguere,
1164 819 1351 878 utpote
1410 809 1542 862 nihil
1581 810 1979 880 iutelligcnles;
2021 813 2115 866 sed

531 898 713 955 dixit:
753 918 773 949 (
812 883 956 953 Satis
990 912 1096 964 est,
1138 921 1155 951 ι
1192 916 1256 954 ac
1299 901 1590 970 processit.
1631 898 1722 955 Sic
1745 902 1910 971 igitur
1952 903 2115 956 etiam

530 1004 632 1046 nos
698 990 917 1058 quando
971 1007 1095 1045 cum
1151 991 1388 1059 quodam
1442 1001 1831 1046 conversantes
1868 994 2117 1047 videmus

529 1098 653 1139 enm
688 1082 855 1155 474
886 1100 990 1136 non
1018 1083 1352 1138 intellexisse
1380 1083 1521 1154 quod
1557 1081 1819 1149 tlixiinus,
1859 1085 2110 1143 dicimus.

529 1173 693 1239 Bene,
731 1175 945 1231 dimitte
985 1192 999 1230 :
1060 1176 1308 1242 quamvis
1361 1190 1466 1229 non
1516 1178 1587 1230 sit
1641 1178 1865 1231 bonum.
1899 1176 2004 1231 Sed
2046 1192 2114 1232 ne

524 1270 939 1334 conturhemns,
965 1269 1314 1326 remittimus.
1342 1270 1499 1325 Facit
1540 1282 1723 1326 autem
1772 1272 1875 1328 hoc
1926 1273 2111 1328 Domi<

526 1376 655 1427 nus,
684 1363 899 1430 quando
924 1363 1071 1417 videt
1096 1364 1391 1432 discipulos
1408 1380 1513 1420 non
1539 1366 1839 1437 intelligere
1862 1370 2063 1423 dictum
2092 1388 2107 1429 ;

530 1454 743 1520 transit,
774 1464 828 1507 et
877 1465 1130 1508 eventum
1176 1458 1365 1511 rerum
1417 1458 1994 1528 permittitesplicare
2023 1462 2107 1515 di-

524 1552 734 1597 ctorum
766 1545 1202 1613 intelligentiam,
1237 1548 1378 1603 sicut
1406 1550 1695 1618 etquando
1719 1552 1896 1609 dixit:
1931 1571 1949 1603 ι
1984 1552 2106 1606 Sol-

524 1636 634 1689 vite
666 1637 923 1704 templum
960 1640 1061 1693 hoc
1120 1640 1186 1693 ²¹.
1231 1661 1249 1691 ι
1304 1639 1438 1694 Nam
1492 1653 1681 1711 postea
1734 1659 2108 1717 cognoverunt

526 1728 628 1782 hoc
653 1728 901 1797 discipuli
926 1731 1045 1799 ejus
1078 1742 1199 1796 post
1227 1736 1712 1789 resurrectionem.
1749 1733 1981 1801 Quidam
2011 1752 2107 1790 an-

524 1831 631 1874 tem
671 1838 770 1888 per
792 1824 1022 1876 ironiam
1055 1825 1315 1879 dixerunt
1346 1828 1550 1880 dictum
1581 1842 1609 1880 a
1647 1827 1867 1884 Christo
1892 1870 1905 1893 ,
1955 1849 1973 1880 ι
2006 1831 2105 1881 Sa-

522 1914 593 1967 tis
624 1925 729 1969 est.
774 1933 792 1965 ι
830 1916 964 1969 Nam
999 1932 1121 1971 cum
1148 1919 1414 1973 dixissent
1456 1920 1731 1989 discipuli,
1772 1940 1791 1972 t
1833 1922 1973 1976 Erce
2001 1924 2108 1977 duo

521 2008 684 2075 gladii
720 2009 825 2075 hic,
881 2028 899 2060 ›
950 2011 1215 2065 Dominus
1260 2013 1487 2075 ironice,
1521 2013 1694 2077 aiunt,
1744 2015 1926 2069 dixit:
1972 2016 2107 2083 Quia

520 2102 629 2155 duo
665 2112 814 2165 sunt,
865 2105 1088 2159 omnino
1146 2106 1301 2159 multi
1329 2115 1481 2171 sunt,
1537 2117 1590 2160 et
1622 2108 1897 2164 suﬂiciunt
1950 2112 2107 2165 uultis

518 2205 711 2247 contra
748 2196 1152 2252 multitudinem
1189 2213 1311 2267 qua!
1341 2199 1489 2253 venit
1517 2214 1680 2269 super
1707 2216 1826 2256 nos.

2223 534 2467 601 ἀνοήτως
2500 530 2782 592 διέκειντο,
2838 526 2981 579 ὥστε
3019 528 3193 581 εἰπεῖν
3216 544 3231 558 ·
3278 547 3295 578 ι
3335 527 3536 597 Κύριε,
3572 531 3688 585 ἰδοὺ
3712 528 3800 587 ὦδε

2226 628 2493 698 μάχαιραι
2518 624 2635 680 δύο.
2687 644 2703 676 ι
2753 624 2811 676 'U
2837 623 2894 676 δὲ
2929 624 3053 677 ἐπεὶ
3099 618 3241 677 εἶδεν
3293 625 3499 689 αὐτοὺς
3560 626 3643 697 μὴ
3692 644 3803 680 συν-

2222 721 2445 790 ηκὸτας,
2489 720 2654 790 φησίν
2683 735 2696 748 ·
2744 738 2761 769 t
2806 717 3012 770 Ἱκανόν
3048 717 3184 771 ἔστι.
3230 736 3248 767 ι
3280 718 3481 771 Καίτοι
3513 737 3578 787 γε
3622 720 3715 774 οὐκ
3740 717 3800 792 ἦν

2224 814 2429 867 ἱκανόν.
2464 812 2528 866 Εἰ
2564 813 2665 882 μὲν
2700 811 2809 881 γὰρ
2832 808 3152 882 ἀνθρωπίνῃ
3184 808 3410 881 βοηθείᾳ
3443 813 3555 865 ἔδει
3610 815 3802 885 κεχρῆ-

2221 900 2521 960 σθαικατὰ
2573 904 2683 957 τῶν
2734 904 3047 976 λῃστρικῶς
3094 904 3382 968 ἐπιόντων,
3436 905 3565 958 οὐδὲ
3621 908 3801 959 ἑκατὸν

2221 1000 2488 1069 μάχαιραι
2525 998 2710 1051 ἱκαναὶ
2739 992 2879 1068 ἦσαν
2903 1014 2915 1027 ·
2954 999 3003 1048 εἰ
3034 996 3091 1049 δὲ
3130 997 3205 1066 μὴ
3236 995 3416 1060 τοῦτο,
3472 997 3616 1051 ἀλλὰ
3673 999 3803 1052 θειο-

2215 1096 2380 1165 τέρας
2416 1093 2522 1146 ἔδει
2569 1092 2913 1163 συνεργείας,
2954 1092 3212 1163 περιτταὶ
3250 1091 3344 1145 καὶ
3398 1094 3453 1144 αἱ
3503 1090 3623 1146 δύο.
3670 1095 3801 1146 Ἀλλ’

2215 1188 2365 1255 ὅμως
2416 1189 2444 1241 ὁ
2493 1186 2699 1257 Κύριος
2743 1186 2843 1239 οὐκ
2899 1184 3168 1256 ἠθέλησεν
3223 1185 3444 1253 ἐλέγξαι
3476 1188 3705 1251 αὐτοὺς,
3736 1187 3803 1251 ὡς

2219 1281 2294 1349 μὴ
2323 1281 2643 1349 νοήσαντας,
2673 1277 2788 1330 ἀλλ’
2821 1276 3013 1338 εἰπὼν,
3071 1296 3088 1325 t
3136 1277 3350 1330 Ἱκανόν
3406 1279 3561 1341 ἐστι,
3608 1296 3627 1327 ι
3671 1295 3802 1347 παρ-

2215 1374 2448 1443 έδραμεν
2473 1389 2485 1402 ·
2527 1372 2716 1443 ῶσπερ
2751 1367 2843 1425 οὖν
2876 1372 2970 1425 καὶ
3001 1373 3185 1442 ἡμεῖς,
3223 1370 3445 1424 ἐπειδὰν
3501 1372 3645 1442 πρός
3689 1388 3802 1424 τινα

2213 1468 2526 1536 ὁμιλοῦντες
2591 1469 2791 1539 ἴδωμεν
2847 1468 3009 1522 αὐτὸν
3064 1469 3139 1541 μὴ
3176 1470 3429 1523 συνιέντα
3487 1470 3517 1522 ὃ
3554 1471 3800 1539 εἴπομεν,

2212 1563 2463 1631 λέγομεν,
2523 1562 2728 1625 Καλὸν,
2766 1562 2925 1632 ἄφες,
2983 1563 3162 1616 καίτοι
3207 1580 3268 1631 γε
3302 1564 3404 1617 οὐκ
3436 1563 3557 1617 ἔστι
3613 1564 3798 1616 καλόν’

2211 1655 2325 1709 ἀλλ’
2349 1652 2443 1710 οὖν
2476 1656 2565 1710 ἵνα
2598 1656 2671 1728 μὴ
2704 1656 3039 1726 ἐνοχλῶμεν,
3082 1658 3340 1727 ἀφίεμεν.
3377 1658 3537 1710 Ποιεῖ
3558 1658 3617 1710 δὲ
3655 1657 3803 1710 τοῦτο

2209 1750 2236 1801 6
2265 1748 2490 1818 Κύριος,
2533 1749 2754 1802 ἐπειδὰν
2780 1749 2866 1821 ἴδῃ
2887 1751 3011 1813 τοὺς
3045 1750 3314 1819 μαθητὰς,
3356 1751 3429 1820 μὴ
3480 1754 3787 1819 νοήσαντας

2206 1841 2268 1894 τὸ
2308 1841 2519 1912 λεχθέν.
2582 1843 2926 1913 Παρατρέχει
2983 1842 3091 1912 γὰρ
3140 1843 3231 1895 καὶ
3291 1842 3513 1910 ἁρῖησι,
3578 1847 3647 1913 τῇ
3697 1844 3801 1895 τῶν

2208 1934 2555 2004 πραγμάτων
2585 1935 2809 1988 ἐκϐάσει
2838 1934 2939 2006 τὴν
2995 1936 3325 2004 κατανοησιν
3368 1935 3479 1988 τῶν
3523 1937 3803 2007 ῥηθέντων

2206 2028 2556 2096 ἐπιτρέπων·
2605 2026 2795 2097 ὥσπερ
2842 2028 2935 2079 καὶ
2991 2027 3121 2079 ὅταν
3172 2022 3330 2079 εἷπε·
3373 2045 3391 2077 ι
3436 2026 3657 2081 Λύσατε
3719 2026 3803 2079 τὸν

2170 2117 2335 2193 ναὸν
2368 2117 2593 2172 τοῦτονο
2632 2139 2651 2171 ι
2704 2118 2932 2188 ὕστερον
2970 2117 3080 2188 γὰρ
3112 2117 3359 2186 ἔγνωσαν
3401 2117 3564 2169 τοῦτο
3609 2120 3662 2171 oi.
3706 2135 3803 2184 μα-

2209 2209 2372 2280 θηταὶ
2400 2210 2567 2263 αὐτοῦ
2609 2210 2749 2280 μετὰ
2796 2209 2896 2280 τὴν
2947 2210 3269 2263 ἀνάστασιν.
3299 2206 3455 2270 Τινὲς
3478 2208 3538 2262 δὲ
3570 2210 3697 2261 κατ’
3728 2210 3801 2260 εἰσ

520 2290 751 2357 ρωνείαν
798 2290 1011 2359 ἔφασαν
1064 2293 1239 2346 εἰπεῖν
1295 2295 1388 2349 τὸν
1441 2298 1651 2370 Κύριον
1700 2301 1785 2363 τὺ,
1832 2319 1851 2353 t
1904 2302 2110 2357 Ἱκανόν
2171 2307 2339 2362 ἐστιν.
2382 2326 2402 2361 ι
2442 2310 2721 2363 Εἱπόντων
2776 2311 2885 2381 γὰρ
2940 2310 3048 2364 τῶν
3091 2310 3373 2381 μαθητῶν,
3422 2332 3439 2362 ι
3497 2312 3634 2365 Ἰδοὺ
3706 2303 3803 2361 ὅδε

517 2378 788 2449 μάχαιραι
826 2379 940 2444 δύο,
992 2399 1010 2431 ι
1038 2383 1065 2434 6
1107 2382 1313 2452 Κύριος
1341 2387 1665 2455 εἰρωνικῶς,
1716 2391 1905 2457 φασὶν,
1982 2392 2239 2463 εἴρηκεν·
2288 2396 2439 2450 Ἐπεὶ
2473 2400 2566 2451 δύο
2629 2401 2755 2461 εἰσὶ,
2792 2400 2986 2453 πολλαί
3014 2403 3122 2454 εἰσι
3183 2402 3423 2466 πάντως,
3472 2404 3566 2455 καὶ
3599 2402 3806 2474 ἀρκού-

516 2492 600 2527 σιν
630 2475 761 2545 ἡμῖν
798 2474 934 2542 πρὸς
974 2474 1180 2545 πλῆθος
1204 2478 1463 2532 τοσοῦτον
1484 2482 1915 2554 ὲπελευσόμενον
1940 2488 2092 2556 ἡμῖν.

587 2564 752 2620 Vens.
784 2565 974 2621 39-46.
1018 2588 1035 2619 t
1094 2568 1158 2622 Et
1209 2574 1851 2643 egressusihatotterat
1887 2580 2099 2649 solitus)

514 2658 569 2708 itt
596 2667 833 2712 montem
868 2657 1147 2713 Olivarum
1180 2680 1193 2714 :
1228 2664 1398 2715 secuti
1454 2677 1581 2719 sunt
1613 2678 1791 2721 autem
1840 2670 1990 2723 illum
2011 2704 2022 2714 -
2046 2681 2103 2726 et

513 2749 786 2819 discipuli.
824 2750 888 2803 Et
919 2767 1039 2804 cum
1075 2753 1415 2819 pervenisset
1452 2758 1517 2809 ad
1545 2758 1744 2825 locum,
1769 2760 1909 2814 dixit
1939 2763 2044 2816 illis
2083 2781 2095 2816 :

512 2841 699 2902 Orate.
740 2858 808 2897 ne
851 2844 1067 2899 intretis
1115 2848 1165 2899 in
1206 2850 1583 2907 tentationcm.
1615 2850 1681 2907 Et
1713 2854 1827 2921 ipse
1877 2856 2099 2911 avulsus

513 2944 595 2987 cst
625 2934 692 2988 ab
721 2936 801 2990 eis
830 2935 1000 2989 ferme
1033 2938 1098 2990 ad
1123 2938 1329 3007 jactum
1359 2939 1577 3009 lapidis,
1608 2945 1913 3017 positisque
1946 2950 2097 3018 geni-

510 3025 613 3078 lnts
641 3025 851 3086 orabat.
884 3028 1072 3082 dicens
1110 3046 1123 3083 :
1152 3028 1336 3098 Pater,
1361 3033 1405 3086 si
1438 3035 1540 3099 vis,
1575 3037 1810 3094 transfer
1840 3040 2093 3108 poculum

514 3115 616 3170 hoc
638 3132 665 3169 a
700 3132 785 3171 me
810 3136 824 3184 ;
854 3130 1225 3175 verumtamen
1262 3140 1367 3178 non
1399 3140 1517 3179 mea
1550 3127 1820 3195 voluntas,
1862 3130 1955 3185 sed
2004 3141 2092 3186 tua

2292 2600 2307 2630 t
2352 2582 2460 2633 Καὶ
2490 2580 2723 2646 ἐξελθὼν
2749 2583 3022 2656 ἐπορεύθη
3057 2586 3197 2638 κατὰ
3225 2583 3285 2639 τὸ
3310 2582 3431 2643 ἔθος
3476 2584 3560 2645 εἰς
3590 2583 3654 2634 τδ
3680 2582 3805 2651 ὅρος

2211 2674 2318 2725 τῶν
2358 2673 2588 2726 Ἐλαιῶν
2616 2691 2629 2705 ·
2670 2675 3051 2747 ἠκολούθησαν
3085 2678 3143 2732 δὲ
3175 2677 3326 2747 αὐτῷ
3353 2676 3450 2729 καὶ
3478 2678 3527 2730 οἱ
3556 2675 3803 2745 μαθηταὶ

2209 2763 2397 2816 αὐτοῦ.
2432 2758 2738 2834 Γενόμενος
2775 2766 2832 2821 δὲ
2872 2770 2966 2821 ἐπὶ
3000 2769 3095 2822 τοῦ
3136 2770 3324 2831 τόπου,
3359 2764 3525 2822 εἶπεν
3564 2769 3754 2828 αὐτοῖς
3784 2785 3798 2797 '

2208 2856 2585 2926 Προσεύχεσθε
2616 2859 2691 2928 μὴ
2723 2860 2988 2914 εἰσελθεῖν
3019 2864 3098 2925 εἷς
3137 2862 3470 2933 πειρασμὸν,
3511 2862 3608 2914 καὶ
3636 2863 3801 2924 add;

2205 2948 2537 3020 ἀπεσπάσθη
2572 2949 2667 3002 ἀπ’
2704 2951 2883 3004 αὐτῶν
2939 2953 3074 3005 ὡσεὶ
3118 2950 3285 3006 λίθου
3318 2953 3483 3023 βολήν
3509 2970 3521 2982 ·
3562 2955 3661 3005 καὶ
3688 2954 3801 3013 θεὶς

2206 3039 2274 3093 τὰ
2297 3041 2525 3108 γόνατα,
2568 3044 2915 3113 προσηύχετο
2969 3044 3184 3113 λέγων·
3229 3044 3434 3116 Πάτερ,
3496 3046 3549 3096 εἱ
3613 3044 3797 3114 βούλει

2206 3136 2568 3204 παρενεγκεῖν
2602 3135 2661 3188 τὸ
2689 3138 2951 3207 ποτήριον
2978 3136 3137 3190 τοῦτο
3188 3137 3282 3189 ἀπ’
3335 3137 3470 3206 ἐμοῦ
3492 3154 3505 3167 ⁸
3545 3140 3691 3206 πλὴν
3724 3139 3799 3206 μὴ

518 3209 635 3262 fiat.
667 3210 931 3280 Apparuit
962 3224 1139 3269 autem
1183 3216 1256 3269 illi
1301 3218 1527 3286 angelus
1574 3220 1639 3275 de
1689 3224 1827 3278 coelo
1872 3226 2093 3281 confor-

2203 3227 2261 3282 τὺ
2316 3226 2529 3299 θέλημά
2589 3245 2714 3300 μου,
2762 3229 2901 3282 ἀλλὰ
2937 3231 3000 3282 τὸ
3052 3231 3145 3284 σὸν
3194 3230 3457 3297 γενέσθω.
3516 3231 3704 3299 Ὠφθη
3744 3230 3799 3282 δὲ

514 3310 638 3356 tans
666 3318 787 3355 cum
834 3321 848 3360 ε
901 3315 955 3359 ct
1002 3317 1289 3377 correptus
1332 3326 1538 3380 angore
1586 3314 1849 3381 prolixius
1884 3320 2095 3373 orahat.

516 3392 578 3444 Et
602 3406 720 3449 erat
745 3396 911 3450 sudor
937 3396 1057 3465 ejus
1089 3400 1231 3452 sicut
1263 3412 1430 3470 gutta:
1462 3406 1753 3473 sanguinis
1801 3408 2100 3465 decurren-

516 3496 595 3539 tes
622 3486 671 3539 in
712 3494 934 3543 terram.
971 3488 1034 3544 Et
1069 3507 1192 3544 cum
1226 3496 1559 3551 surrexisset
1600 3506 1631 3551 a'
1683 3498 2095 3569 deprecatione,

512 3579 870 3649 venissetqtte
927 3583 993 3636 ad
1065 3584 1363 3652 discipulos
1414 3602 1565 3653 suos,
1614 3591 1816 3658 reperit
1854 3607 1949 3646 eos
1973 3594 2099 3647 dor—

515 3670 742 3725 micntcs
774 3688 883 3741 prie
929 3678 1322 3743 mmstitudinc,
1364 3690 1415 3733 et
1440 3682 1517 3732 ait
1554 3680 1678 3744 illis,
1714 3683 1850 3749 Quid
1888 3686 2092 3741 dormi-

514 3759 629 3813 tis?
661 3760 874 3832 Surgite
904 3777 957 3817 et
999 3777 1173 3831 orate,
1218 3784 1283 3821 ne
1325 3771 1538 3825 intretis
1572 3773 1624 3826 in
1655 3777 2033 3833 tentationcm.
2073 3799 2089 3830 ι

510 3851 643 3907 Post
664 3869 873 3910 coenam
904 3848 1233 3912 netftlesidia
1259 3870 1311 3915 et
1331 3861 1438 3915 ludi
1464 3874 1519 3917 et
1555 3879 1778 3921 somnus
1808 3866 2094 3923 Dominum

510 3962 591 3997 ext
615 3947 873 4015 ipiebant,
899 3952 991 4004 sed
1024 3952 1249 4006 docebat
1278 3964 1332 4008 et
1358 3956 1572 4020 orahat,
1601 3962 1823 4027 propter
1849 3976 1948 4013 nos
1981 3961 2095 4015 hrrc

507 4037 748 4104 ﬁgurans
778 4048 831 4093 et
855 4042 1259 4100 demonstrans.
1298 4043 1389 4100 Va:
1422 4048 1589 4117 igitur
1614 4052 1678 4105 iis
1708 4053 1796 4120 qui
1827 4064 1943 4122 post
1980 4070 2093 4109 cm-

511 4148 521 4177 l
549 4146 631 4181 am
668 4128 828 4186 fmdis
862 4136 1289 4190 scortationihus
1317 4152 1531 4195 vacant.
1570 4142 1786 4198 Secedit
1819 4159 1999 4200 autem
2038 4150 2088 4201 itt

509 4231 746 4278 montem
785 4226 1058 4281 Olivarum
1093 4242 1375 4298 postquam
1428 4236 1550 4289 talia
1613 4238 1887 4292 docuisset
1934 4240 2091 4294 disci-

508 4315 683 4383 pulos,
713 4327 773 4369 ut
814 4328 1019 4374 oraret.
1072 4319 1446 4377 Consueverat
1492 4327 1638 4380 enim
1699 4344 1946 4385 seorsum
1989 4332 2090 4387 hoc

510 4406 689 4461 facere
743 4407 951 4464 Idcirco
981 4422 1035 4465 et
1069 4428 1095 4464 a
1121 4413 1402 4483 discipulis
1447 4418 1723 4475 avellitur.
1752 4420 1871 4477 Non
1897 4439 2089 4480 omnes

504 4507 685 4551 autem
723 4499 1037 4569 discipulos,
1063 4505 1155 4558 sed
1196 4516 1305 4561 tres
1347 4517 1555 4563 tantum
1597 4515 1847 4579 assumit,
1901 4518 1993 4586 qui
2024 4527 2079 4572 et

503 4588 689 4650 gloria:
718 4605 827 4645 sua:
857 4592 908 4645 in
942 4605 1121 4649 monte
1147 4607 1483 4663 spectatores
1507 4600 1741 4656 fuerant.
1770 4604 1903 4671 Quia
1931 4609 2075 4661 enim

504 4692 557 4731 et
594 4680 645 4733 in
674 4696 845 4751 agone
887 4695 1142 4741 oraturus
1176 4698 1319 4753 erat,
1378 4701 1435 4744 ut
1473 4709 1539 4747 ne
1584 4696 1834 4750 videatur
1877 4699 2083 4752 timidi-

506 4775 633 4828 tatis
668 4790 790 4830 esse
820 4776 1099 4845 indicium,
1135 4790 1421 4851 propterea
1460 4788 1691 4841 assumit
1724 4804 1817 4843 eos
1864 4793 1952 4859 qui
1999 4794 2084 4845 di-

500 4868 639 4921 vinae
668 4866 853 4935 gloriae
914 4881 969 4926 et
1022 4858 1242 4941 superni
1304 4878 1599 4934 testimonii
1649 4892 1988 4947 spectatores
2033 4897 2086 4939 et

498 4962 773 5016 auditores
800 4963 1035 5029 fuerant,
1075 4979 1133 5021 ut
1159 4986 1280 5024 cum
1314 4972 1552 5027 viderint
1582 4975 1943 5041 laborantem,
1978 4980 2079 5033 hoc

496 5052 749 5107 humana:
780 5067 984 5112 natura:
1035 5073 1154 5113 esse
1204 5061 1406 5117 dicant.
1447 5063 1520 5119 Ut
1559 5066 1703 5119 enim
1758 5070 2077 5125 crederetur

497 5157 659 5197 verus
682 5145 845 5201 homo
882 5162 1023 5215 esse,
1077 5160 1277 5206 natura:
1321 5157 1464 5222 quod
1513 5171 1671 5211 suum
1731 5170 1846 5213 erat
1900 5162 2077 5217 facch

493 5238 759 5304 permisit,
803 5250 856 5292 et
888 5240 1049 5293 vitam
1083 5245 1287 5312 appetit
1314 5246 1477 5298 etiam
1508 5248 1622 5317 ipse
1649 5262 1701 5302 ut
1733 5251 1915 5315 homo,
1952 5270 2073 5322 pre-

494 5340 755 5397 caturque
787 5343 844 5385 ttt
878 5343 1117 5387 transeat
1166 5336 1330 5392 calix.
1394 5336 1529 5391 Nam
1584 5342 1705 5396 vitae
1756 5360 1946 5400 amans
1988 5359 2068 5400 est

497 5422 676 5477 homo.
711 5426 825 5492 Quo
857 5427 1207 5483 confutantur
1232 5431 1467 5486 llIBleSCS
1515 5448 1633 5501 quae
1672 5436 1857 5490 dicunt
1898 5441 2067 5507 phan-

498 5516 743 5567 LtSllCUIII
804 5515 970 5573 fuisse
1007 5521 1305 5583 hominem.
1360 5525 1572 5580 Etenim
1616 5543 1737 5581 cum
1782 5531 1892 5585 lum:
1928 5536 2064 5586 facta

497 5604 624 5666 sint,
657 5615 707 5657 et
734 5606 1035 5665 habuerunt
1068 5616 1205 5669 unde
1234 5616 1496 5685 ejusmodi
1528 5633 1858 5688 llligal‘tillllll'
1891 5644 1901 5678 :
1938 5629 2065 5695 quid

574 5783 608 5810 ³¹
649 5782 799 5834 JtLtlt.
838 5802 909 5848 λι,
950 5790 1029 5844 lii,

2202 3319 2352 3390 αὐτῷ
2383 3319 2615 3387 ἄγγελος
2641 3322 2736 3373 ἀπ’
2765 3319 3002 3391 οὐρανοῦ
3034 3320 3304 3390 ἐνισχύων
3336 3320 3518 3373 αὐτόν.
3558 3320 3673 3373 Καὶ
3708 3336 3800 3386 γε·

2203 3413 2428 3480 νόμενος
2463 3413 2521 3466 ἐν
2553 3413 2764 3483 ἀγωνία
2792 3412 3180 3484 ἐκτενέστερον
3217 3415 3593 3483 προσηύχετο.
3638 3411 3795 3478 Ἐγέ-

2202 3522 2322 3558 νετο
2340 3506 2396 3559 δὲ
2421 3508 2449 3560 6
2486 3505 2649 3576 ἱδρὼς
2674 3507 2841 3560 αὐτοῦ
2882 3509 3018 3562 ὡσεὶ
3066 3507 3298 3578 θρόμϐοι
3349 3507 3585 3575 αἵματος
3619 3523 3796 3558 κατα-

2200 3598 2479 3660 δαένοντες
2504 3602 2585 3663 εἰς
2618 3602 2717 3671 τὴν
2746 3604 2871 3673 γῆν.
2902 3601 3017 3656 Καὶ
3056 3603 3299 3666 ἀναστὰς
3332 3602 3440 3656 ἀπὸ
3479 3604 3580 3670 τῆς
3622 3618 3796 3670 προσ-

2200 3693 2401 3759 ευχῆς,
2455 3692 2625 3745 ἐλθὼν
2688 3692 2826 3764 πρὸς
2893 3695 3022 3758 τοὺς
3071 3695 3323 3764 μαθητὰς
3376 3694 3565 3756 αὑτοῦ,
3629 3687 3793 3762 εὗρεν

2198 3785 2397 3847 αὐτοὺς
2429 3787 2815 3854 κοιμωμένους
2838 3787 2948 3840 ἀπὸ
2985 3788 3087 3857 τῆς
3117 3787 3320 3857 λύπης.
3356 3788 3466 3841 Καὶ
3509 3784 3669 3840 εἶπεν
3697 3787 3792 3840 αύ-

2199 3879 2311 3938 τοίς
2336 3892 2351 3907 ο
2384 3877 2450 3928 ΤΞ
2484 3877 2819 3945 καθεύδετε;
2871 3881 3235 3944 Ἀναστάντες
3272 3881 3675 3949 προσεύχεσθε,
3702 3881 3787 3930 ἵνα

2202 3969 2278 4038 μὴ
2309 3969 2589 4041 εἰσέλθητε
2618 3972 2699 4032 εἰς
2730 3971 3061 4040 πειρασμόν.
3111 3991 3130 4023 t
3164 3972 3319 4024 Μετὰ
3354 3972 3411 4023 ab
3448 3972 3691 4031 δεῖπνον,
3728 3970 3787 4023 οὗ

2199 4059 2462 4130 ῥᾳθυμία,
2496 4062 2589 4114 καὶ
2632 4062 2879 4127 παίγνια,
2916 4064 3008 4115 καὶ
3037 4062 3204 4125 ﬁmo;
3236 4063 3330 4115 τὸν
3360 4062 3569 4129 Κύριον
3610 4062 3787 4113 διαδέ-

2196 4168 2403 4219 χονται,
2445 4151 2582 4202 ἀλλὰ
2632 4151 2976 4216 διδασκαλία,
3030 4156 3126 4207 καὶ
3168 4153 3473 4225 προσευχὴ,
3537 4154 3607 4205 δι’
3642 4153 3789 4221 ἡμεῖς

2195 4243 2366 4293 ταῦτα
2389 4243 2668 4296 τυποῦντα
2697 4246 2791 4297 καὶ
2832 4246 3245 4300 ὑποδεικνύντα.
3288 4248 3424 4300 Οὐαὶ
3456 4246 3647 4299 λοιπον
3678 4250 3789 4311 τοῖς

2194 4333 2292 4401 τῆς
2329 4333 2524 4403 ἀτίμου
2560 4335 2824 4405 πορνείας
2848 4336 3031 4406 ἔργοις
3060 4339 3201 4407 μετὰ
3245 4338 3310 4389 τὰ
3344 4338 3538 4390 δεῖπνα
3579 4341 3787 4407 ἐπιχει-

2195 4425 2400 4494 ροῦσιν.
2441 4424 2829 4499 Ὑπαναχωρεῖ
2858 4428 2989 4496 γοῦν
3024 4432 3105 4493 εἰς
3134 4432 3193 4481 τὸ
3234 4430 3360 4497 ὅρος
3411 4432 3521 4483 τῶν
3558 4431 3789 4483 Ἐλαιῶν

2195 4518 2335 4586 μετὰ
2360 4515 2422 4569 τὸ
2449 4518 2673 4571 τοιαῦτα
2693 4519 2900 4585 διδάξαι
2931 4522 3058 4584 τοὺς
3092 4522 3362 4591 μαθητὰς,
3398 4522 3475 4586 ὡς
3508 4526 3573 4576 ἂν
3609 4543 3784 4594 προσ-

2187 4606 2433 4675 εύξηται.
2472 4609 2672 4663 Εἰώθει
2726 4612 2837 4680 γὰρ
2873 4614 3013 4666 κατὰ
3047 4614 3219 4683 μόνας
3254 4614 3415 4668 τοῦτο
3450 4619 3630 4669 ποιεῖν
3657 4636 3669 4647 ·
3702 4618 3781 4671 διὸ

2187 4701 2282 4752 καὶ
2308 4702 2418 4756 ἀπὸ
2472 4703 2583 4756 τῶν
2635 4704 2896 4775 μαθητῶν
2938 4709 3280 4762 ἀποσπᾶται.
3346 4710 3424 4762 Οὐ
3470 4712 3687 4774 πάντας
3728 4714 3779 4767 ἃ

2186 4795 2313 4857 τοὺς
2345 4795 2620 4865 μαθητὰς,
2656 4796 2790 4850 ἀλλὰ
2827 4799 3021 4867 μόνους
3067 4803 3194 4863 τοὺς
3231 4804 3382 4870 τρεῖς
3407 4803 3781 4872 παραλαμϐά-

2187 4903 2290 4951 νει,
2322 4887 2449 4949 τοὺς
2482 4891 2577 4941 καὶ
2605 4889 2704 4959 τῆς
2728 4889 2888 4959 δόξης
2930 4890 3094 4943 αὐτοῦ
3137 4894 3195 4944 ἐν
3224 4892 3299 4961 τῷ
3336 4894 3455 4962 ὄρει
3509 4894 3776 4964 θεωρούς.

2198 4979 2418 5049 Ἐπειδὴ
2445 4982 2553 5051 γὰρ
2582 4983 2793 5053 ἀγωνιᾷ
2820 4985 2911 5037 καὶ
2954 4984 3343 5054 προσεύχεται,
3370 4988 3457 5039 ἵνα
3484 4990 3557 5057 μὴ
3583 4990 3778 5055 δόξωσι

2184 5074 2389 5137 δειλίας
2430 5075 2591 5127 ταῦτα
2629 5072 2791 5139 εἶναι,
2829 5078 2918 5131 διὰ
2972 5078 3130 5130 τοῦτο
3182 5079 3409 5133 τούτους
3442 5083 3540 5149 τῆς
3590 5084 3778 5152 θεῑκῆς

2184 5168 2351 5219 αὐτοῦ
2380 5168 2537 5239 δόξης
2590 5170 2687 5221 καὶ
2726 5173 2826 5240 τῆς
2857 5171 3066 5224 ἄνωθεν
3131 5174 3442 5242 μαρτυρίας
3500 5176 3776 5239 αὐτόπτας

2186 5259 2280 5310 καὶ
2304 5260 2582 5323 ἁκουστὰς
2611 5261 3039 5331 παραλαμϐάνει
3063 5280 3075 5293 ο
3112 5264 3362 5317 ἴνα·ὃταν
3395 5266 3604 5333 ὁρῶσιν
3631 5268 3775 5333 ἀγω-

2182 5354 2400 5413 νιῶντα.
2436 5354 2534 5422 τῆς
2585 5354 2939 5425 ἀνθρωπίνης
2972 5356 3188 5423 φύσεως
3224 5358 3385 5410 τοῦτο
3437 5355 3580 5411 εἶναι
3629 5358 3771 5423 λογε-

2179 5464 2401 5499 σωνται.
2438 5448 2537 5499 Διά
2580 5447 2689 5516 γὰρ
2722 5447 2781 5498 τὸ
2837 5449 3234 5515 πιστώσασθαι,
3287 5451 3370 5503 ὅτι
3429 5452 3647 5522 ἀληθῶς
3679 5452 3771 5503 ἄν-

2179 5539 2394 5605 Ορωπος
2428 5541 2640 5607 γέγονε.
2674 5541 2932 5594 ἐνδέδωκε
2965 5547 3027 5612 τῇ
3054 5544 3211 5611 φύσει
3234 5545 3293 5597 τὸ
3318 5545 3524 5614 ἑαυτῆς
3557 5548 3733 5598 ποιεῖν
3754 5563 3765 5573 ·

2181 5634 2267 5681 καῖ
2306 5632 2563 5702 indigni
2628 5633 2771 5699 ζωῆς
2834 5634 2923 5685 καί
2984 5636 3139 5697 alio;
3192 5625 3268 5698 '6);
3328 5638 3642 5706 ἄνθρωπος,
3677 5636 3765 5688 xz?
