4000 6404
254 361 392 427 1085

974 354 1430 416 ENARRATIO
1470 354 1555 414 ΙΝ
1599 347 2104 414 EVANGELIUM
2151 346 2387 408 LUC/ii.
2416 345 2666 407 --CAP.
2699 342 2896 403 XXII.

3448 338 3589 405 1086

241 476 449 542 ἔλεγεν,
474 472 603 541 ἄχρι
628 470 725 538 τῆς
746 467 984 536 ἐσχάτης
1008 465 1161 537 ὧρας
1197 466 1623 535 περικαιόμενος
1656 460 1845 516 αὑτοῦ.

1979 457 2239 510 :tidcirco
2274 470 2378 507 non
2424 460 2751 521 prosecutus
2790 460 2872 503 est
2900 448 3175 511 cottviliis,
3204 462 3381 517 neque
3404 448 3575 507 dixit,

238 566 333 620 Διὸ
369 566 463 618 καὶ
493 562 614 633 ορδὲ
637 560 882 631 ὕϐρισεν,
914 557 1036 611 οὐδὲ
1083 554 1239 611 εἶπεν
1262 575 1275 588 ·
1336 555 1700 626 Ἀπάνθρωπε
1753 556 1850 608 καὶ

241 658 717 728 ἁγνωμονέστατε,
774 651 914 717 ἀλλ’,
978 669 995 703 ι
1034 650 1234 716 Ἰούδα,
1267 670 1285 701 ι
1350 648 1427 720 τῷ
1452 650 1629 719 κυρίῳ
1683 635 1851 702 αὑτοῦ

240 753 471 823 ὀνῧματι
499 745 937 815 ἀνακαλούμενος
971 746 1156 799 αὐτόν.
1176 745 1287 797 Καὶ
1316 743 1426 797 οὐδ’
1455 743 1523 797 ἂν
1553 741 1854 812 προσωνεί-

240 845 413 906 δισεν,
446 842 497 893 εἰ
532 842 605 910 μὴ
628 841 720 892 καὶ
748 838 906 893 τοῦτο
942 842 1021 901 εἰς
1056 837 1341 909 βελτίωσιν
1374 836 1543 889 αὑτοῦ
1575 832 1664 906 ἦν,
1692 835 1851 905 εἴπερ

244 937 519 991 ἰδούλετο.
560 933 675 986 ’Ίνα
701 934 810 1003 γὰρ
844 933 919 1003 μὴ
944 933 1071 1004 δόξῃ
1099 931 1305 996 λαθεῖν,
1332 929 1445 984 ἀλλ’
1463 930 1720 996 ἐπιγνοὺς
1748 928 1851 982 κᾶν

242 1030 365 1084 τότε
392 1029 507 1081 τὸν·
530 1029 833 1095 Δ.εσπότην,
855 1027 931 1088 ὡς
967 1026 1147 1077 πάντα
1180 1024 1383 1087 εἰδότα,
1417 1021 1732 1093 προσπέσῃ,
1758 1022 1855 1074 καὶ

247 1121 527 1192 μεταγνῷ.
560 1120 753 1174 τούτου
779 1120 967 1172 ἕνεκεν
993 1120 1088 1173 καὶ
1120 1119 1281 1171 τοῦτο
1308 1117 1559 1187 ἐποίησε,
1599 1117 1693 1169 καὶ
1715 1116 1855 1167 ὀνει-

242 1213 415 1274 δίζειν
450 1213 649 1276 ἔδοξεν.
688 1213 843 1283 ᾚδει
875 1211 974 1278 μὲν
1032 1200 1141 1281 γὰρ
1189 1209 1373 1271 αὑτὸν,
1409 1210 1491 1260 ὅτι
1523 1207 1855 1277 ἁδιόρθωτὸς

245 1303 416 1366 ἐστιν,
450 1301 567 1353 ἀλλ’
596 1296 689 1354 οὖν
739 1300 799 1352 τὸ
840 1299 1036 1352 ἑαυτοῦ
1072 1300 1249 1352 ἐποίει
1271 1315 1286 1331 ο
1337 1298 1529 1367 ὥσπερ
1561 1297 1655 1351 οὖν
1701 1297 1796 1351 καί
1827 1298 1855 1349 6

245 1390 442 1460 Πατὴρ
478 1391 645 1444 αὐτοῦ
681 1392 738 1442 ὲν
792 1392 860 1461 τῇ
895 1389 1109 1460 Παλαιᾷ
1157 1392 1340 1442 ποιεῖ’
1394 1388 1550 1452 εἰδὼς
1582 1389 1657 1460 μὴ
1688 1389 1857 1441 ἀκού-

248 1500 441 1544 σοντας
473 1485 602 1546 τοὺς
639 1481 951 1552 Ἐϐραίους,
1001 1483 1154 1552 ὅμως
1195 1482 1522 1536 ἀποστέλλει
1554 1483 1682 1546 τοὺς
1716 1499 1857 1551 ’προ⁶

246 1580 429 1649 φήτας
450 1595 463 1609 ·
498 1578 615 1649 ἅμα
647 1578 705 1631 δὲ
754 1580 851 1631 καὶ
905 1579 1055 1648 ἡμᾶς
1086 1578 1247 1630 τοῦτο
1277 1578 1413 1630 αὐτὸ
1441 1578 1737 1640 διδάσκων,
1768 1577 1857 1628 ἵνα

249 1672 326 1742 μὴ
359 1672 688 1741 ὲκκακῶμεν
706 1672 835 1736 τοὺς
868 1671 1167 1731 πταίοντας
1196 1671 1595 1740 διορθούμενοι.
1620 1669 1858 1739 Ζηλοῦσι

245 1764 305 1817 δὲ
332 1765 381 1818 οἰ
411 1762 673 1835 μαθηταὶ,
708 1764 802 1817 καί
862 1763 1147 1834 μαχαίρας
1174 1766 1567 1837 ἀνασύρονται.
1607 1764 1778 1817 Πόθεν
1799 1763 1858 1815 δὲ

1963 549 2128 622 477
2174 547 2217 603 0
2260 548 2561 601 inhumane
2590 554 2643 599 et
2712 542 3103 612 ingratissime,
3156 540 3275 604 sed,
3322 558 3339 591 ι
3370 538 3530 604 .lnda,
3561 557 3579 589 ι

1968 645 2195 716 proprio
2250 658 2375 697 eum
2416 639 2638 692 nomine
2694 635 3082 705 compellans:
3139 648 3317 703 neque
3367 634 3588 704 gravius

1963 738 2124 793 sinuil
2167 736 2461 805 argnisset,
2501 732 2604 786 nisi
2636 741 2692 783 et
2733 731 2837 784 hoc
2890 730 2938 782 ei
2978 729 3243 781 cessisset
3277 728 3326 778 in
3368 725 3585 787 melius,

1963 831 2007 884 si
2037 828 2256 899 quidem
2298 826 2581 880 voluisset.
2616 822 2828 876 Etenim
2870 837 2935 873 ne
2979 830 3199 888 putaret
3230 834 3354 873 esse
3392 819 3583 871 occul-

1971 931 2107 983 tum,
2167 919 2263 974 sed
2300 928 2492 972 nututn
2553 914 2809 978 Domino,
2846 921 2901 966 et
2948 910 3027 963 vel
3064 918 3197 963 tunc
3238 918 3367 963 ante
3404 909 3590 962 omnia

1965 1016 2230 1068 scientem
2268 1008 2658 1081 procumberet
2719 1016 2774 1062 et
2826 1005 3141 1076 paeniteret,
3198 1006 3301 1059 hoc
3357 1004 3504 1066 fecit,
3538 1013 3594 1057 et

1966 1113 2217 1163 ViSllSt‘Sl
2249 1122 2373 1159 eum
2407 1101 2766 1158 confundere.
2812 1099 3115 1162 Etsciebat
3154 1101 3374 1169 quidem
3429 1097 3589 1165 illum

1973 1201 2453 1261 inemendabilem,
2487 1197 2725 1252 faciebat
2767 1205 2950 1251 tamen
2981 1197 3200 1250 interim
3228 1195 3373 1264 quod
3403 1208 3592 1265 suum,

1964 1295 2427 1367 quemadmodum
2489 1301 2546 1347 et
2596 1292 2763 1347 Pater
2811 1290 2934 1360 ejus
2983 1290 3036 1344 in
3094 1286 3279 1343 Veteri
3323 1286 3592 1350 faciebat;

1974 1392 2159 1445 sciens
2199 1388 2346 1441 enim
2384 1384 2606 1441 Judzeos
2654 1400 2763 1439 non
2818 1384 3127 1447 audituros,
3170 1380 3425 1436 mittebat
3467 1394 3594 1449 pro-

1966 1485 2186 1553 phetas.
2218 1480 2430 1535 Interea
2463 1489 2518 1535 et
2558 1494 2662 1534 nos.
2696 1478 2841 1533 ideni
2870 1479 3049 1541 docet,
3086 1486 3144 1529 ut
3181 1492 3247 1529 ne
3279 1472 3596 1529 correcturi

1968 1578 2173 1646 lapsos,
2215 1574 2537 1629 deﬁciamus
2571 1583 2627 1628 et
2660 1571 2944 1627 laboribus
2983 1570 3270 1624 cedamus.
3306 1566 3479 1621 Porro
3512 1565 3597 1620 di-

1966 1671 2162 1741 scipuli
2193 1670 2311 1724 zelo
2345 1666 2667 1739 ﬂagrantes,
2694 1666 2861 1720 etiam
2881 1663 3099 1733 gladios
3126 1661 3399 1718 eximunt.
3436 1659 3599 1715 Unde

1970 1776 2151 1818 autem
2214 1762 2338 1817 illos
2398 1757 2720 1817 habebant?
2765 1759 2985 1828 Agnum
3051 1755 3427 1818 immolaraut,
3477 1763 3533 1809 et
3568 1768 3598 1807 a

247 1856 454 1918 ταύτας
484 1850 659 1925 είχον;
694 1856 766 1908 Τὸ
791 1856 976 1925 ἀρνίον
997 1854 1287 1921 θύσαντες,
1309 1858 1404 1909 καὶ
1441 1857 1550 1912 ἀπὸ
1580 1847 1862 1925 τραπέζης

1979 1869 2159 1909 mensa
2192 1853 2465 1907 exierant.
2491 1851 2560 1905 At
2599 1848 2852 1920 arguitur
2879 1846 3098 1911 Petrus,
3121 1845 3216 1915 qui
3245 1853 3444 1914 praeter
3475 1857 3600 1898 sco-

250 1948 651 2018 ὲξςληλυθότες,
688 1950 914 2012 εἰκότως
948 1949 1099 2018 εἶχον
1139 1950 1364 2013 ταύτας.
1409 1949 1768 2017 Ἐπιτιμᾶται
1802 1947 1858 2000 δὲ

257 2041 286 2092 6
322 2039 526 2109 θερμὸς
566 2039 795 2109 Πέτρος,
830 2041 906 2099 ὡς
954 2040 1105 2109 παρά
1150 2042 1242 2093 τὸν
1278 2041 1484 2093 σκοπὸν
1515 2039 1611 2092 τοῦ
1649 2038 1858 2109 Κυρίου

250 2130 401 2201 ζήλῳ
435 2133 805 2201 χρησάμενος.
842 2132 904 2183 Ol
943 2130 1042 2201 μὲν
1069 2132 1178 2202 γὰρ
1208 2131 1358 2185 ἄλλοι
1392 2131 1705 2202 ἐρωτῶσινε
1752 2149 1770 2180 ι
1796 2129 1859 2181 Εἰ

251 2221 607 2291 πατάξομενς
641 2222 807 2282 αὐτὸς
847 2222 903 2274 δὲ
952 2223 1015 2275 ού
1053 2223 1343 2297 περιμένει
1380 2220 1737 2291 προτροπὴν·
1767 2217 1860 2271 οὖ-

251 2331 331 2366 τω
361 2312 639 2383 πανταχοῦ
677 2312 817 2377 ζέων
844 2310 912 2382 ἦν
936 2312 1077 2382 ὑπὲρ
1104 2312 1200 2365 τοῦ
1238 2312 1604 2367 Διδασκάλου.
1641 2310 1856 2364 [larda-

256 2424 341 2460 σει
372 2406 428 2458 δὲ
453 2405 545 2458 τὸν
571 2405 758 2458 δοῦλον
802 2405 895 2458 τοῦ
927 2406 1253 2476 ἀρχιερέως,
1308 2405 1401 2458 καὶ
1440 2405 1668 2474 ἀφαιρεῖ
1691 2400 1859 2457 αὑτοῦ

248 2496 314 2548 τὸ
341 2494 432 2558 οὓς
452 2495 513 2549 τὸ
543 2494 736 2561 δεξιόν.
778 2494 853 2548 Οὐ
890 2495 1132 2565 τυχαίως
1172 2494 1355 2563 τοῦτο,
1413 2495 1551 2548 ἀλλὰ
1585 2493 1860 2563 σύμϐολον

251 2586 314 2643 ὂν
335 2589 427 2641 τοῦ
454 2590 579 2651 τοὺς
608 2590 728 2642 τότε
756 2590 1036 2661 ἀρχιερεῖς
1062 2589 1311 2652 ἅπαντας
1331 2588 1556 2651 δούλους
1580 2587 1861 2657 γενέσθαι,

255 2683 355 2735 καὶ
385 2682 651 2735 ἀπολέσαι
673 2682 770 2754 τὴν
798 2682 981 2748 δεξιὰν
1011 2685 1201 2749 ἀκοήν.
1252 2683 1314 2736 Εἰ
1339 2684 1446 2753 γὰρ
1490 2684 1690 2753 ἢκουον
1735 2684 1866 2736 Μω-

256 2774 423 2839 σέως,
477 2773 575 2826 οὐκ
617 2774 684 2827 ἂν
735 2772 829 2826 τὸν
864 2773 1071 2845 Κύριον
1116 2774 1214 2843 τῆς
1262 2774 1423 2843 δόξης
1475 2772 1859 2843 ἐσταύρωσαν.

266 2862 473 2937 Ἰησοῦς
502 2867 559 2921 δὲ
591 2869 653 2921 τὸ
711 2870 875 2922 ὠτίον
925 2868 1364 2939 ἀποκαθίστησισ
1398 2868 1602 2939 πρέπει
1628 2868 1739 2938 γὰρ
1794 2871 1861 2938 τῇ

260 2961 475 3031 μεγάλῃ
523 2960 616 3014 τοῦ
648 2962 822 3030 Λόγου
869 2961 1102 3028 δυνάμει
1139 2962 1199 3013 τὸ
1255 2962 1383 3021 τοὺς
1441 2959 1867 3030 παρακούοντας

257 3051 465 3115 ἰᾶσθαι,
495 3054 587 3106 καί
617 3052 971 3123 προστιθέναι
1007 3054 1193 3115 αὐτοῖς
1222 3052 1382 3106 ὠτίον
1420 3054 1499 3115 εἰς
1527 3052 1589 3105 τὸ
1619 3051 1863 3106 ἀκούειν.

257 3142 686 3215 Θαυματουργεί
730 3146 915 3197 τοίνυν
947 3147 976 3197 6
1011 3145 1243 3213 Ἰησοῦς,
1277 3144 1366 3197 διὰ
1396 3143 1493 3197 τοῦ
1526 3144 1865 3214 φαινομένου

256 3237 452 3290 τούτου
487 3238 581 3290 ἐπὶ
604 3238 680 3307 τῷ
709 3237 857 3307 ὠτίῳ
879 3236 1158 3307 θαύματος
1184 3236 1283 3307 τὴν
1314 3235 1671 3302 ἀνεξικακίαν
1694 3233 1864 3287 αὑτοῦ
1891 3216 1938 3280 C

257 3330 544 3395 δεικνύων,
571 3333 665 3383 καὶ
694 3330 784 3383 διὰ
812 3330 945 3398 γοῦν
970 3329 1065 3382 τοῦ
1101 3329 1383 3399 θαύματος
1422 3328 1637 3395 ἐνάγων
1664 3327 1865 3390 αὐτοὺς

256 3426 340 3485 εἰς
366 3424 426 3475 τὸ
458 3422 763 3493 ἀπέχεσθαι
784 3423 883 3491 τῆς
941 3423 1162 3491 μανίας.
1220 3421 1385 3489 Λέγει
1437 3420 1492 3474 δὲ
1544 3420 1682 3490 πρὸς
1739 3421 1867 3484 τοὺς

255 3517 539 3587 ἀρχιερεῖς
577 3517 674 3568 καὶ
724 3516 1073 3587 στρατηγοὺς
1101 3516 1195 3567 τοῦ
1240 3514 1410 3586 ἱεροῦ,
1441 3517 1713 3583 τουτέστι,
1737 3516 1865 3579 τοὺς

256 3609 564 3673 ταξεώτας,
614 3612 742 3673 τοὺς
769 3612 864 3664 ἐπὶ
894 3609 973 3679 τῷ
1004 3612 1295 3663 ἐκτάσσειν
1347 3612 1723 3681 τεταγμένους
1770 3612 1870 3674 τὰς

259 3702 547 3772 ἱερατικὰς
577 3703 929 3773 ἀπαιτήσεις,
956 3702 988 3770 ἢ
1029 3703 1119 3754 καὶ
1149 3704 1272 3765 τοὺς
1306 3704 1778 3772 πεπιστευμένους
1802 3703 1872 3757 τὰ

256 3795 361 3863 τῆς
388 3794 753 3864 ὲποικοδομῆς
781 3794 875 3848 τοῦ
895 3795 1042 3865 ἱεροῦ
1059 3797 1151 3847 καὶ
1178 3796 1484 3865 ἐπισκευῆς
1500 3795 1640 3867 ἔργα
1662 3813 1870 3866 στρατο

260 3888 432 3957 ηγοὺς
468 3887 744 3958 ὀνομάζει.
786 3890 957 3959 Φησὶν
987 3888 1079 3940 οὖν
1112 3889 1250 3958 πρὸς
1309 3888 1567 3952 τούτους·
1610 3890 1875 3962 Καθημέ-

263 3995 367 4049 ραν
402 3981 460 4032 ὲν
508 3981 585 4050 τῷ
623 3980 755 4051 ἱερῷ
806 3982 1107 4047 ἐδίδασκον,
1146 3981 1241 4035 καὶ
1298 3983 1399 4036 οὐκ
1450 3982 1763 4055 ἠθελήσατέ
1806 4002 1875 4057 με

263 4072 577 4137 συλλαϐεῖν,
604 4079 699 4128 καὶ
732 4074 826 4127 νῦν
850 4076 1165 4145 λῃστρικῶς
1198 4076 1490 4148 ἐπήλθετε.
1531 4078 1673 4131 Ἀλλ’
1702 4079 1875 4143 ὅντως

1966 1963 2097 2019 pum
2127 1947 2342 2003 Domini
2369 1947 2488 2002 zelo
2512 1961 2644 1999 usus
2675 1952 2845 2000 esset.
2873 1940 2981 1995 Alii
3001 1939 3204 1996 etenim
3230 1940 3599 2007 interrogant,

1982 2038 2170 2095 «Num
2233 2036 2646 2109 percutit-mus?
2685 2056 2704 2089 ι
2748 2034 2871 2105 lpse
2932 2043 3116 2087 autem
3180 2046 3287 2085 non
3342 2037 3604 2096 expectat

1967 2144 2329 2208 praeceptum.
2364 2132 2443 2186 ιω
2471 2147 2688 2201 semper
2722 2128 2973 2184 fervebat
3016 2141 3114 2198 pro
3147 2124 3432 2195 Magistro.
3469 2122 3600 2178 Per-

1975 2227 2116 2293 eutit
2151 2236 2335 2279 autem
2385 2240 2604 2279 servum
2650 2221 2951 2291 pontificis,
2994 2228 3050 2275 et
3102 2226 3355 2286 almutat
3409 2230 3600 2271 aurem

1968 2318 2085 2388 ejus
2126 2320 2398 2374 dextram.
2434 2314 2619 2386 Neque
2652 2318 2756 2371 huc
2786 2314 3016 2370 fortuito
3044 2311 3321 2383 contigit,
3361 2310 3456 2365 sed
3484 2309 3598 2380 sig-

1968 2428 2098 2467 num
2123 2412 2228 2479 hoc
2255 2420 2393 2479 erat,
2424 2411 2720 2467 Pentitices
2742 2412 2832 2479 qui
2861 2422 2990 2465 tunc
3027 2418 3205 2473 erant,
3227 2422 3389 2461 omne
3409 2420 3437 2460 δ
3472 2415 3604 2461 utu-

1972 2517 2063 2557 ros
2097 2517 2314 2569 servos,
2347 2512 2404 2556 et
2428 2502 2739 2569 perdituros
2758 2500 3058 2555 auriculam
3080 2494 3601 2555 dextram.EtenEm

1968 2596 2013 2650 si
2049 2593 2236 2649 Mosen
2306 2595 2666 2659 audivissent,
2720 2592 3009 2648 Dominum
3059 2593 3246 2664 gloriae
3306 2603 3603 2659 numquam

1969 2686 2394 2743 crucifixissent.
2454 2684 2655 2741 Verum
2724 2686 2884 2742 Jesus
2940 2684 3242 2740 auriculam
3342 2682 3604 2738 restituit.

1972 2780 2140 2837 Decet
2176 2782 2325 2835 enim
2373 2781 2638 2834 virtutem
2684 2778 2847 2835 Verbi
2883 2796 3082 2834 sanare
3116 2777 3518 2840 iuobcdieules,
3552 2786 3609 2830 et

1982 2891 2265 2945 apponere
2315 2876 2395 2930 eis
2443 2875 2751 2929 auriculam
2788 2887 2846 2927 ut
2900 2874 3148 2929 audiant.
3212 2870 3377 2928 Jesus
3414 2873 3604 2939 itaque

1986 2967 2344 3023 unanifcstum
2390 2969 2716 3023 miraculum
2749 2967 2904 3033 facit,
2942 2979 2997 3021 et
3043 2965 3352 3021 auriculam
3380 2980 3606 3029 sanans,

1982 3061 2254 3115 miraculo
2285 3061 2608 3132 patientiam
2644 3059 2803 3116 isnam
2834 3062 3163 3128 ostendens,
3201 3069 3257 3115 et
3287 3073 3383 3129 per
3436 3058 3609 3111 mira-

1975 3155 2157 3210 cnlnm
2210 3156 2479 3209 inducens
2523 3170 2621 3210 eos
2662 3166 2720 3209 ut
2762 3155 2830 3207 ab
2862 3155 3077 3208 insania
3110 3154 3408 3208 absistant.
3468 3150 3609 3209 Dicit

1975 3258 2158 3302 autem
2192 3248 2258 3300 ad
2287 3249 2564 3315 principes
2619 3249 2997 3313 sacerdotum,
3037 3255 3091 3300 et
3122 3246 3189 3300 ad
3250 3246 3610 3316 magistratus

1978 3339 2188 3408 templi.
2242 3339 2554 3411 Στρατηγοὶ
2591 3353 2646 3393 et
2683 3339 2873 3395 aediles
2920 3337 3287 3404 dicebantur,
3335 3338 3427 3408 qui
3476 3351 3611 3392 con-

1975 3432 2151 3487 stituti
2202 3445 2359 3487 erant
2399 3438 2466 3487 ad
2496 3433 2834 3502 exquirenda
2867 3448 2931 3487 ea
2962 3447 3083 3501 quae
3114 3431 3183 3485 ad
3218 3430 3409 3500 templi
3443 3444 3604 3485 usum

1977 3526 2363 3595 exigebantur,
2399 3526 2480 3579 vel
2510 3526 2603 3596 qui
2642 3525 2890 3595 praefecti
2929 3535 3089 3579 erant
3125 3523 3360 3578 aediﬁcio
3392 3533 3446 3577 et
3478 3537 3612 3578 con-

1979 3618 2275 3673 structioni
2300 3618 2508 3688 templi.
2540 3620 2620 3671 Ad
2659 3618 2758 3671 hos
2792 3618 2961 3688 igitur
2994 3616 3127 3671 dicit
3165 3636 3177 3671 :
3224 3615 3482 3682 Quotidie
3514 3615 3613 3670 do-

1980 3708 2171 3765 cebam
2212 3709 2267 3762 in
2323 3709 2547 3778 templo,
2586 3718 2642 3762 et
2683 3708 2938 3764 noluistis
2977 3725 3062 3765 me
3105 3708 3607 3778 comprehendere,

1983 3811 2035 3857 et
2086 3817 2232 3854 nunc
2267 3802 2426 3873 quasi
2460 3801 2706 3858 latrones
2742 3803 3003 3858 invaditis
3030 3822 3043 3857 :
3070 3804 3166 3857 sed
3203 3817 3392 3857 revera
3430 3799 3612 3854 noctis

1985 3895 2270 3950 attentatis
2293 3912 2486 3967 opera,
2520 3905 2574 3949 et
2604 3906 2854 3967 potestas
2890 3905 3072 3952 vestra
3108 3896 3469 3950 tenebrarum
3491 3903 3607 3946 est:

1987 3999 2156 4059 atque
2188 3990 2399 4045 idcirco
2443 3991 2584 4045 hanc
2609 3994 2803 4045 horam
2829 3990 3167 4056 observatis,
3199 4004 3322 4061 qua:
3348 3987 3610 4044 convenit

1989 4084 2147 4138 vobis
2188 4097 2244 4138 et
2277 4086 2457 4154 operi,
2494 4101 2605 4155 quo
2634 4102 2723 4139 me
2760 4087 3039 4140 invaditis.

260 4169 463 4230 νυκτὸς
510 4170 694 4237 ἔργοις
726 4172 1084 4241 ἐπιχειρεῖτε.
1142 4173 1238 4225 καὶ
1268 4173 1301 4241 ὴ
1333 4172 1554 4238 ἐξουσία
1591 4171 1749 4242 ὑμῶν
1780 4172 1876 4226 τοῦ
1919 4178 2149 4241 σκότους
2212 4178 2331 4231 ὲστί
2354 4196 2366 4206 ·
2404 4180 2499 4232 καὶ
2521 4177 2611 4232 διὰ
2636 4178 2795 4231 τοῦτο
2829 4179 3095 4250 τοιαύτην
3150 4177 3302 4246 ὥραν
3330 4178 3615 4249 ὲπετηρή-

264 4281 395 4317 σατε
423 4264 633 4317 οἰκείαν
663 4265 814 4334 ύμῖν,
857 4267 951 4317 καὶ
981 4265 1057 4332 τῷ
1133 4282 1244 4333 ογῳ
1274 4258 1317 4333 ᾧ
1347 4264 1739 4329 ἐπεϐάλλεσθε,

342 4378 359 4407 ι
391 4356 757 4419 Συλλαδοντες
794 4358 849 4410 δὲ
876 4357 1040 4410 αὐτὸν
1076 4379 1081 4385 ν
1127 4375 1305 4425 ςαγον,
1342 4360 1437 4411 καὶ
1466 4360 1765 4430 εἰσήγαγον
1794 4362 1875 4424 εἰς

262 4452 364 4521 τὴν
397 4452 578 4506 οἰκίαν
607 4452 710 4505 τοῦ
738 4453 1064 4523 ἀρχιερέως.
1131 4455 1171 4506 Ο
1223 4454 1281 4506 δὲ
1328 4454 1537 4524 Πέτρος
1583 4453 1876 4524 ἠκολούθει

2058 4356 2226 4414 Vsus.
2269 4358 2438 4415 54.62
2493 4379 2510 4410 ι
2544 4359 3019 4430 Comprehensum
3058 4368 3244 4416 autem
3274 4376 3399 4415 eum
3437 4361 3611 4417 duxe-

1990 4465 2137 4521 runt,
2162 4465 2217 4509 et
2254 4455 2595 4512 induxerunt
2627 4457 2681 4511 in
2699 4458 2923 4511 domum
2948 4457 3214 4527 principis
3238 4456 3613 4513 sacerdotum.

267 4545 567 4616 μακρόθεν.
605 4546 887 4613 ’Λψάντων
920 4546 976 4598 δὲ
1010 4545 1121 4616 πῦρ
1154 4548 1213 4599 ἐν
1252 4547 1405 4616 μέσῳ
1436 4547 1537 4615 τῆς
1567 4548 1865 4617 αὐλῆς,καὶ

1982 4548 2175 4605 Petrus
2200 4564 2332 4603 vero
2355 4550 2687 4620 sequebatur
2716 4555 2959 4605 eminus.
3008 4549 3149 4605 Cum
3183 4560 3369 4606 autem
3411 4566 3615 4607 accen-

266 4634 719 4703 συγκαθισάντων
771 4635 976 4701 αὐτῶν,
1034 4636 1272 4707 ἐκάθητο
1324 4640 1351 4690 6
1388 4638 1595 4709 Πέτρος
1630 4640 1688 4692 ὲν
1725 4639 1878 4711 μέσῳ

263 4728 466 4782 αὐτῶν.
524 4728 733 4781 ’ἰδοῦσα
768 4728 825 4781 δὲ
882 4728 1047 4781 αὑτὸν
1104 4730 1369 4798 παιδίσκη
1421 4747 1505 4792 τις
1563 4731 1879 4803 καθήμενον

264 4821 401 4890 πρὸς
434 4820 496 4873 τὸ
529 4820 666 4888 φῶς,
740 4820 839 4873 καὶ
870 4821 1179 4874 ἀτενίσασα
1229 4821 1403 4893 αὐτῷ,
1439 4817 1562 4875 εἶπε
1583 4839 1596 4851 ·
1641 4823 1753 4876 Καὶ
1785 4815 1878 4877 οὗ-

262 4930 358 4975 τος
390 4914 488 4967 σὺν
527 4912 679 4983 αύτῷ
721 4909 808 4983 ἦν.
857 4913 915 4965 '0
971 4913 1028 4965 δὲ
1086 4914 1373 4983 ἠρνήσατο
1433 4916 1599 4969 αὑτὸν
1656 4915 1874 4984 λέγων·

262 5007 454 5074 Γύναι,
494 5009 597 5061 ούκ
636 5003 755 5060 οἶδα
780 5007 964 5059 αὐτόν.
992 5008 1100 5059 Καὶ
1138 5009 1278 5077 μετά
1301 5008 1479 5080 βραχὺ
1511 5010 1702 5079 ἕτερος
1746 5010 1876 5065 ἰδὼν

262 5100 430 5153 αὐτὸν
464 5100 599 5170 ἔφη’
642 5101 755 5152 Καὶ
780 5100 846 5152 σὺ
872 5098 932 5162 ἐξ
950 5098 1131 5152 αὐτῶν
1161 5095 1230 5151 εἰ.
1275 5100 1334 5153 '0
1362 5101 1417 5153 δὲ
1448 5101 1655 5171 Πέτρος
1684 5098 1841 5155 εἶπεν
1861 5120 1874 5132 ·

267 5191 700 5261 Ἀνθρωπε,]οὐκ
728 5192 865 5261 εἰμί.
896 5192 1006 5244 Καὶ
1034 5192 1334 5263 διαστάσης
1362 5194 1495 5247 ὡσεὶ
1529 5195 1685 5266 ὧρας
1722 5199 1875 5266 μιᾶς,

262 5287 426 5347 ἄλλος
456 5304 540 5348 τις
569 5285 940 5356 διισχυρίζετο
967 5285 1143 5353 λέγων
1171 5303 1183 5315 ”
1205 5287 1323 5339 Ἐπ’
1346 5287 1629 5357 ἀληθείας,
1663 5293 1757 5344 καὶ
1789 5285 1880 5343 οὗ-

263 5401 360 5446 τος
399 5384 517 5453 μετ’
558 5382 725 5435 αὑτοῦ
759 5377 858 5452 ἦν’
897 5384 994 5435 καὶ
1040 5382 1151 5453 γὰρ
1186 5382 1471 5447 Γαλιλαῖός
1533 5387 1704 5439 ἐστιν.
1740 5382 1877 5439 Εἷπε

263 5480 325 5533 δὲ
355 5481 381 5531 6
414 5476 617 5547 Πέτρος
641 5494 655 5508 ⁸
694 5478 1010 5546 νΑνθρωπε,
1046 5477 1145 5530 ούκ
1172 5472 1292 5530 οἶδα
1330 5478 1356 5530 ὃ
1389 5479 1591 5546 λέγεις.
1624 5482 1735 5534 Καὶ
1771 5500 1878 5535 πα·

268 5577 532 5645 ραχρῆμα
562 5573 641 5626 ἔτι
675 5574 965 5637 λαλοῦντος
1000 5574 1191 5639 αὐτοῦ,
1220 5574 1505 5647 ἐφώνησεν
1532 5580 1559 5631 6
1600 5579 1871 5651 ἀλέκτωρ.

264 5668 381 5721 Kal.
406 5670 669 5737 στραφεὶς
698 5668 725 5717 6
758 5667 965 5737 Κύριος
996 5668 1254 5737 ὲνέὅλεῲε
1282 5669 1359 5739 τῷ
1392 5671 1608 5742 Πέτρῳ,
1648 5674 1743 5725 καὶ
1769 5675 1873 5725 ὐπ-

265 5758 517 5828 εμνήσθη
551 5762 577 5810 6
612 5760 821 5829 Πέτρος
865 5760 959 5811 τοῦ
991 5760 1151 5828 λόγου
1182 5762 1273 5812 τοῦ
1306 5764 1534 5832 Κυρίου,
1593 5764 1668 5826 ὡς
1718 5764 1876 5819 εἶπεν

264 5853 438 5921 Αὐτῷ,
474 5854 549 5906 ὅτι
590 5855 721 5923 Ηρῖν
769 5854 1034 5923 ἀλέκτορα
1075 5874 1122 5924 2;:
1150 5856 1342 5925 ινῆται,
1385 5858 1598 5927 ἀρνήσῃ
1635 5860 1869 5927 μειτρίσ,

1992 4643 2202 4698 dissent
2236 4642 2420 4713 ignem
2456 4645 2509 4697 in
2544 4644 2729 4699 medio
2767 4644 2934 4707 aulae,
2970 4654 3140 4712 atque
3174 4660 3282 4699 una
3318 4645 3612 4700 consedis-

1990 4744 2136 4794 sent,
2167 4734 2310 4788 sedit
2336 4744 2393 4789 et
2422 4732 2621 4788 Petrus
2648 4736 2791 4790 inter
2819 4735 2966 4789 illos.
3005 4734 3182 4801 Quem
3223 4752 3349 4791 cum
3384 4736 3619 4793 vidisset

1988 4826 2185 4880 ancilla
2211 4830 2459 4897 quaedam
2495 4831 2781 4884 sedentem
2820 4829 2887 4884 ad
2920 4829 3127 4895 lumen,
3155 4829 3351 4885 deﬁxis
3377 4830 3428 4885 in
3461 4830 3617 4886 illum

1989 4920 2189 4986 oculis,
2234 4921 2376 4976 dixit
2414 4941 2426 4976 :
2458 4922 2525 4977 Et
2554 4923 2640 4977 hic
2663 4939 2786 4978 eum
2811 4923 2904 4978 illo
2933 4932 3072 4978 erat.
3101 4927 3173 4977 At
3200 4924 3292 4978 ille
3322 4924 3619 4995 abnegavit

1989 5027 2139 5077 etim,
2174 5013 2366 5069 dicens
2400 5032 2412 5068 :
2448 5013 2663 5081 Mulier,
2699 5031 2807 5069 non
2836 5016 2962 5070 novi
2993 5014 3172 5069 illum.
3198 5014 3269 5069 Et
3292 5024 3412 5086 post
3442 5018 3620 5088 pusil-

1992 5105 2103 5159 lum
2140 5106 2283 5161 alius
2317 5109 2511 5165 videns
2546 5126 2672 5165 eum
2699 5112 2857 5177 dixit,
2891 5110 2959 5165 Et
2984 5122 3037 5165 tu
3070 5114 3139 5167 de
3170 5111 3278 5166 illis
3304 5127 3385 5168 es.
3416 5110 3619 5168 Petrus

1992 5215 2125 5253 vero
2157 5200 2234 5255 ait
2268 5219 2280 5253 :
2324 5200 2525 5262 Homo,
2572 5219 2679 5256 non
2714 5205 2963 5283 sum.Et
2995 5206 3290 5261 intervallo
3321 5206 3614 5277 interiecto

1990 5291 2103 5347 fere
2130 5292 2279 5349 horae
2307 5296 2490 5361 unius,
2532 5298 2673 5353 alius
2724 5300 2949 5368 quidam
2991 5298 3321 5367 aﬂirmabat,
3368 5302 3607 5356 dicens:

1990 5383 2131 5440 Vere
2161 5397 2215 5441 et
2248 5388 2336 5444 liic
2364 5405 2491 5444 eum
2540 5391 2629 5445 illo
2665 5401 2805 5456 erat,
2842 5410 2967 5446 nam
3007 5402 3062 5447 et
3094 5393 3353 5449 Galilteus
3396 5405 3500 5449 est.
3535 5394 3605 5448 Et

1988 5480 2063 5533 ait
2096 5478 2291 5538 Petrus
2332 5503 2343 5537 :
2388 5484 2582 5550 llomo,
2633 5488 2821 5541 nescio
2853 5488 2982 5555 quid
3027 5488 3199 5541 dicas.
3236 5488 3302 5541 Et
3349 5488 3614 5543 continuo

1987 5574 2173 5633 adhuc
2224 5578 2317 5632 illo
2371 5578 2628 5648 loquente
2684 5582 2889 5635 cecinit
2949 5582 3145 5649 gallus.
3192 5580 3259 5634 Et
3311 5597 3616 5636 conversus

1994 5674 2257 5729 Dominus
2306 5672 2541 5729 intuitus
2572 5683 2657 5729 est
2683 5672 2931 5737 Petrum,
2984 5674 3156 5746 478
3204 5686 3260 5729 et
3297 5674 3617 5729 recordatus

1986 5780 2071 5823 est
2132 5768 2327 5822 Petrus
2391 5771 2542 5823 verbi
2588 5769 2843 5835 Domini,
2900 5774 3178 5839 quomolo
3219 5770 3437 5825 dixerat
3482 5766 3609 5836 ipsi,

1990 5859 2319 5930 Priusquam
2386 5862 2558 5931 gallus
2614 5861 2902 5928 cecinerit,
2968 5876 3048 5919 ter
3082 5879 3168 5917 mc
3238 5861 3484 5931 negabis.
3548 5856 3614 5913 Et
