4000 6410
464 350 604 418 1337

1325 354 1914 416 THEOPHYLACTI
1948 353 2362 417 BULGARUE
2406 350 2608 413 ARCH
2622 352 2768 414 IEP.

3615 349 3746 413 1088

455 486 710 542 egressus
738 469 882 526 foras
911 467 1105 525 Petrus
1155 469 1300 524 ﬂevit
1330 484 1536 525 amare.
1571 490 1590 522 ι
1650 470 1902 525 Inﬁrmus
1949 470 2025 525 fui

2160 471 2267 523 Καὶ
2295 468 2524 533 ἐξελθὼν
2549 467 2672 532 ἔξω,
2698 467 2929 521 ἔκλαυσε
2957 464 3189 535 πικρῶς..
3221 483 3236 515 ι
3285 462 3593 534 Ἠσθὲνησε
3620 467 3750 518 κατὰ

452 561 818 629 Petrusjuxta
854 563 1259 631 praedictionem
1279 561 1502 628 Christi,
1538 574 1591 618 et
1610 565 1825 632 negavit
1860 563 2048 618 Domi-

453 671 582 712 num
605 669 708 709 non
729 655 918 719 semel,
945 657 1038 710 sed
1069 665 1169 721 ter,
1198 666 1250 708 et
1288 670 1410 708 cum
1440 655 1754 725 juramento
1782 656 1907 712 fecit
1949 674 2043 713 ne-

452 749 744 818 gationem.
775 749 912 802 Dicit
937 749 1082 802 enim
1120 747 1428 814 Matthzeus,
1462 752 1604 817 quod
1638 769 1657 801 ι
1684 750 1923 820 (Ἰωρθπίι
1947 751 2044 806 de—

452 841 638 894 testari
694 848 743 894 et
788 840 977 908 jurare
1031 841 1175 909 quod
1226 843 1511 897 nesciebat
1577 843 1875 897 hominem.
1932 863 1951 896 ι
1986 843 2065 924 In

451 938 661 985 tantum
687 933 885 986 malum
909 941 1053 987 metu
1080 946 1390 1004 correptus,
1426 945 1479 989 et
1502 951 1693 1006 parum
1738 953 1765 989 a
1811 936 2044 990 Domino

449 1023 742 1078 derelictus
766 1034 988 1094 prepter
1023 1029 1385 1082 temeritatem
1415 1030 1679 1097 pervenit,
1705 1040 1763 1083 ut
1787 1032 2045 1087 doceatur

449 1115 595 1178 quod
636 1112 702 1167 ad
763 1114 993 1168 dandam
1045 1116 1170 1171 aliis
1209 1118 1423 1172 veniam
1459 1127 1535 1175 et.
1564 1120 1680 1187 ipse
1724 1119 1898 1176 facilis
1949 1124 2041 1179 sit.

446 1200 786 1258 Pertinacior
807 1208 953 1260 enim
979 1219 1102 1261 erat
1133 1227 1146 1263 :
1178 1221 1233 1263 et
1263 1211 1364 1264 nisi
1391 1211 1470 1265 sic
1517 1212 1706 1268 fuisset
1736 1227 2042 1282 correctus,

446 1294 568 1350 aliis
591 1296 803 1350 veniam
827 1312 931 1351 non
955 1299 1216 1362 dedisset,
1241 1317 1470 1357 manens
1492 1302 1544 1356 in
1571 1321 1666 1358 sua
1695 1309 2039 1362 morositate.

444 1383 620 1441 Porro
641 1399 768 1442 tunc
801 1406 972 1459 usque
995 1394 1130 1446 adeo
1149 1405 1292 1448 metu
1322 1397 1591 1451 confusus
1614 1410 1717 1462 est,
1749 1410 1806 1454 ut
1831 1403 2038 1456 ruinam

450 1495 558 1534 non
612 1481 897 1546 sensisset,
957 1485 1058 1538 nisi
1105 1486 1367 1543 Dominus
1428 1494 1767 1559 respexisset
1815 1508 1963 1550 eum.
1997 1493 2042 1548 Ο

444 1571 784 1628 bonitatem!
844 1575 1069 1632 Etiamsi
1124 1580 1608 1646 condemnaretur,
1647 1600 1752 1638 non
1805 1587 2042 1656 neglexit

446 1667 696 1732 discipuli
731 1669 981 1724 salutem.
1022 1671 1243 1727 Merito.
1270 1672 1403 1727 Nam
1434 1684 1486 1729 et
1521 1678 1903 1731 condemnatio
1939 1681 2037 1733 ista

445 1765 669 1823 propter
697 1755 926 1811 salutem
969 1759 1251 1815 hominum
1284 1763 1354 1816 ab
1394 1764 1511 1831 ipso
1544 1765 1893 1822 tolerabatur.
1931 1769 2036 1822 Ita-

2156 562 2255 633 τὴν
2285 562 2589 633 πρόρρησιν
2614 559 2711 613 τοῦ
2744 557 2984 628 Χριστοῦ
3009 559 3036 610 6
3072 558 3276 627 Πέτρος
3299 597 3312 620 ,
3351 557 3443 613 καὶ
3473 556 3748 627 ἠρνήσατο

2155 657 2244 711 τὸν
2270 655 2550 724 Δεσπότην
2577 654 2810 724 Χριστὸν
2844 653 2942 723 οὐχ
2975 650 3145 718 ἅπαξ,
3179 649 3314 705 ἀλλὰ
3340 652 3434 704 καὶ
3461 652 3611 720 τρὶς,
3663 652 3749 704 καὶ

2154 747 2426 818 ἐνώμοτον
2479 749 2715 800 ἐποιεῖτο
2764 746 2864 817 τὴν
2915 744 3166 817 ἄρνησιν.
3212 744 3351 814 Φησὶ
3395 744 3508 816 γὰρ
3543 746 3573 796 6
3606 743 3750 797 Ματ-

2156 841 2327 904 θαῖος,
2359 841 2441 893 ὅτι
2487 859 2505 891 ι
2546 840 2789 909 Ἤρξατο
2820 837 3378 908 καταναθεματίζειν,
3403 837 3502 891 καὶ
3533 836 3749 908 ὀμνύειν

2153 933 2234 986 ὅτι
2261 932 2376 986 Οὐκ
2422 927 2539 985 οἴδα
2581 930 2671 983 τὸν
2712 930 3018 1000 ἄνθρωπον.
3058 947 3077 979 ι
3118 928 3388 981 Τοσοῦτον
3419 929 3476 981 δὲ
3508 929 3622 1000 ἄρα
3647 927 3747 980 ὑπ’)

2151 1022 2251 1090 τῆς,
2280 1020 2482 1084 δειλίας
2515 1020 2839 1090 κατεσχέθη,
2878 1017 3332 1088 ἐγκαταλειφθεὶς
3361 1019 3500 1089 πρὸς
3555 1019 3748 1088 μικρὸν

2150 1115 2237 1168 διὰ
2277 1115 2375 1185 τὴν
2406 1114 2746 1186 θρασύτητα,
2799 1113 2874 1178 ώς
2908 1112 2973 1167 ἂν
3026 1109 3356 1178 παιδευθεὶς,
3409 1116 3525 1174 τοῖς
3571 1112 3750 1174 ἄλλοις

2153 1206 2494 1278 συγγνώμων
2543 1206 2651 1275 εἴη.
2701 1205 3143 1276 Προπετέστερος
3173 1206 3281 1278 γὰρ
3327 1201 3415 1277 ἦν,
3452 1204 3550 1257 καὶ
3579 1206 3629 1256 εἰ
3681 1204 3750 1274 μὴ

2147 1299 2402 1352 ἐντεῦθεν
2460 1299 2862 1370 ἐσωφρονίσθη,
2921 1299 3170 1363 αὐθαδῶς
3224 1301 3291 1352 ἀν
3325 1299 3394 1350 τὰ
3429 1296 3607 1351 πολλὰ
3667 1297 3752 1350 καὶ

2149 1393 2598 1461 ἀσυγγνωμόνως
2630 1391 2837 1460 διῆγεν.
2887 1391 3049 1445 Ἀλλά
3075 1391 3198 1444 τότε
3229 1407 3294 1459 γε
3327 1390 3589 1443 τοσοῦτον
3651 1388 3750 1442 ὑπὸ

2149 1487 2354 1551 δειλίας
2380 1489 2723 1560 κατεχώσθη,
2752 1487 2893 1542 ὥστε
2922 1488 3044 1541 οὐδὲ
3075 1485 3275 1558 ᾔσθετο
3302 1484 3396 1538 τοῦ
3431 1483 3745 1552 πτώματος,

2149 1582 2198 1634 εἰ
2243 1580 2319 1652 μὴ
2356 1582 2385 1634 6
2418 1581 2622 1654 Κύριος
2680 1583 2969 1653 στραφεὶς,
3020 1578 3309 1647 ἐνέϐλεψεν
3339 1577 3511 1646 αὐτῷ.
3548 1576 3614 1626 Ὢ
3653 1575 3750 1644 τῆς

2148 1675 2487 1745 ἀγαθότητος
2515 1677 2526 1728 ι
2558 1676 2639 1729 ὅτι
2681 1675 2776 1728 καὶ
2813 1677 2872 1728 ὲν
2911 1673 3236 1743 κατακρίσει
3266 1670 3365 1735 ὢν,
3403 1673 3504 1722 οὐκ
3556 1669 3749 1738 ἡμέλει

2149 1768 2246 1838 τῆς
2281 1767 2556 1838 σωτηρίας
2604 1766 2700 1820 τοῦ
2753 1765 3019 1840 μαθητοῦ.
3065 1767 3337 1826 Εἰκότως·
3378 1765 3471 1816 καὶ
3508 1763 3620 1832 γὰρ
3656 1759 3750 1814 καὶ

443 1859 550 1913 que
582 1848 798 1914 negavit
829 1851 1046 1918 quidem
1068 1853 1300 1920 primum
1325 1856 1622 1928 discipulus
1653 1876 1665 1911 :
1701 1859 1895 1916 deinde
1924 1864 2030 1931 gal-

2149 1862 2540 1934 ήκατάκρισις
2591 1862 2732 1931 αὕτη
2782 1860 2868 1914 διὰ
2930 1858 3203 1928 σωτηρίαν
3238 1854 3548 1924 ἀνθρώπων
3601 1852 3751 1922 αὐτῷ

445 1935 530 1992 lus
584 1939 822 1994 cecinit:
881 1951 936 1996 et
972 1943 1168 1998 iterum
1223 1950 1456 2017 negavit,
1497 1966 1669 2020 usque
1704 1954 1829 2007 dum
1878 1956 2041 2010 tertio

443 2045 717 2101 negasset,
752 2044 806 2088 et
838 2045 968 2090 tunc
996 2041 1236 2092 secundo
1271 2045 1466 2095 iterum
1504 2047 1724 2102 cecinit.
1758 2050 1846 2103 Sic
1888 2050 2035 2104 enim

442 2119 660 2177 Marcus
686 2126 912 2193 scripsit
962 2131 1305 2187 manifestius
1352 2147 1405 2189 et
1444 2137 1776 2203 evidentius,
1808 2141 1964 2210 quasi
2005 2156 2037 2196 a

439 2208 603 2265 Petro
637 2215 902 2271 edoctus:
936 2217 1081 2274 illius
1121 2223 1264 2274 enim
1299 2225 1594 2292 discipulus
1634 2238 1772 2281 crat.
1807 2208 2038 2285 ﬁroindc

440 2307 650 2360 dictum
702 2325 728 2360 a
761 2309 963 2376 Marco,
998 2313 1176 2368 Lucas
1202 2331 1298 2385 per
1328 2328 1697 2376 transcursum
1729 2325 1884 2386 dixit,
1927 2341 2031 2379 non

437 2401 699 2454 exuetiori
749 2419 1003 2460 sermone
1038 2423 1050 2459 :
1082 2423 1180 2461 nec
1228 2419 1311 2464 est
1350 2415 1685 2466 contrarium
1719 2416 1864 2483 quod
1901 2417 2034 2471 dicit

441 2489 645 2556 Lucas,
681 2495 728 2546 ci
756 2497 899 2564 quod
932 2514 961 2551 a
1017 2499 1199 2555 Marco
1237 2504 1460 2558 dictum.
1499 2505 1630 2560 Nam
1666 2511 1840 2578 gallus
1898 2513 2034 2566 solet

440 2594 493 2634 et
525 2584 606 2636 bis
625 2594 784 2638 ct'ter
815 2603 1013 2641 canere
1045 2591 1273 2659 singulis
1307 2594 1560 2648 motibus.
1621 2597 1832 2664 Quippe
1865 2613 2036 2665 usque

441 2674 578 2727 adeo
606 2673 799 2728 Petrus
822 2678 890 2730 ab
923 2680 1153 2733 humana
1194 2683 1511 2737 infirmitate
1555 2697 1812 2754 gravatus
1843 2699 1948 2750 est,
1978 2701 2036 2741 ut

437 2778 615 2832 neque
651 2766 772 2833 galli
813 2775 1028 2820 cantum
1072 2772 1336 2838 sentiret;
1385 2777 1478 2828 sed
1527 2789 1817 2842 postquam
1857 2779 2032 2847 gallus

435 2856 656 2918 cecinit,
709 2858 905 2911 iterum
941 2875 1104 2929 atque
1136 2865 1327 2918 iterum
1369 2869 1603 2932 ιιιικιινίι,
1654 2872 1824 2925 donec
1871 2870 2032 2926 Jesus

440 2943 680 3013 benigno
716 2963 816 3000 suo
851 2951 997 3004 vultu
1028 2953 1206 3021 ipsum
1239 2958 1513 3010 recordari
1545 2958 1746 3014 faceret
1772 2962 1854 3015 Sui
1878 2963 2026 3017 dicti.

447 3033 824 3105 clEtegressus
844 3040 1010 3104 foras,
1030 3043 1391 3103 ﬂevitamare.
1422 3069 1438 3100 ι
1467 3050 1665 3106 Nuntet
1685 3068 1934 3120 egressus
1949 3066 2033 3110 est

434 3143 557 3183 cum
587 3133 818 3198 primum
848 3149 1185 3205 negassetmt
1213 3140 1426 3197 Marciis
1457 3143 1652 3212 inquit.
1687 3146 1889 3203 Deinde
1906 3165 2030 3218 pro-

433 3222 631 3284 babile.
660 3224 805 3278 illum
839 3229 1036 3282 iterum
1062 3231 1384 3301 ingreSSnnt,
1414 3252 1476 3286 nc
1499 3236 2029 3307 duretsuspicionetn

434 3322 579 3384 quod
609 3317 892 3373 familiaris
913 3332 1060 3377 esset
1083 3322 1232 3378 Jesn.
1256 3325 1318 3379 Et
1352 3327 1543 3381 iterum
1565 3346 1686 3384 eum
1712 3334 2032 3390 recordatus

433 3421 597 3470 esset.
629 3413 740 3465 exit
774 3424 826 3465 et
857 3412 948 3466 flet
977 3432 1183 3471 amare.
1225 3417 1295 3472 Ut
1321 3436 1388 3473 ne
1426 3423 1701 3476 videretur
1719 3426 1786 3479 ab
1818 3427 1904 3482 his
1935 3429 2028 3498 qui

433 3499 489 3555 in
544 3503 682 3555 atrio
717 3516 895 3569 erant,
930 3507 1042 3562 exit
1087 3511 1366 3565 occultans
1414 3530 1470 3567 se
1525 3519 1590 3568 ah
1628 3517 1755 3571 illis.
1792 3519 2022 3585 Quidam
2068 3506 2072 3509 ’

433 3606 614 3647 autem
647 3598 830 3652 nescio
865 3615 1029 3667 quam
1069 3604 1288 3657 stultam
1319 3622 1417 3674 pro
1453 3607 1615 3662 Petro
1653 3609 2023 3666 defensionem

433 3701 787 3756 componunt,
832 3689 1077 3748 dicentes
1123 3698 1383 3751 audacter
1429 3702 1702 3767 quodnon
1745 3707 2028 3772 negaverit

434 3777 649 3845 Petrus,
678 3788 770 3836 sed
793 3786 1012 3852 dixerit,
1045 3787 1597 3856 «.Neseiohominem,
1629 3813 1645 3845 ι
1679 3795 1777 3848 hoc
1802 3804 1905 3860 est,
1930 3815 2027 3853 ne—

433 3871 549 3925 scio
579 3887 768 3940 purum
803 3876 1102 3943 hominem,
1131 3882 1226 3935 sed
1271 3881 1436 3937 Deum
1475 3885 1748 3939 hominem
1789 3890 1988 3942 factum

431 3963 636 4018 Horum
673 3977 852 4022 autent
892 3971 1153 4041 insipiens
1186 3986 1559 4044 argumentum
1591 3978 1710 4030 aliis
1742 3981 2022 4050 relinqua-

433 4072 575 4111 mus.
616 4058 927 4116 Mendacem
961 4067 1103 4118 enim
1143 4066 1346 4121 faciunt
1385 4069 1697 4136 Dominum,
1724 4081 1787 4125 ~et
1820 4074 2018 4127 adver-

432 4162 626 4204 santur
681 4159 957 4209 contextni
1004 4159 1302 4226 Evangelii,
1355 4163 1608 4232 nulloque
1653 4166 1809 4218 modo
1845 4166 2024 4223 facere

430 4252 684 4310 poti-runt
724 4258 780 4299 ut
819 4251 1088 4304 collatreat
1125 4259 1512 4322 consequentia
1552 4260 1896 4323 narrationis,
1924 4261 2018 4315 sed

428 4352 481 4389 et
513 4336 553 4390 Ρ
595 4351 707 4394 trus
742 4357 910 4409 quare
939 4343 1102 4410 ﬂevit,
1147 4348 1190 4401 si
1219 4365 1324 4401 non
1362 4351 1611 4418 negavit?

2143 1954 2514 2026 ἐκαρτερεῖτο.
2563 1955 2874 2024 Ἥρνήσατο
2899 1951 2996 2020 μὲν
3023 1947 3117 2003 οὖν
3144 1952 3170 2003 6
3208 1947 3453 2019 μαθητὴς
3490 1944 3747 2046 πρώτους

2142 2042 2264 2101 εἶτα
2283 2047 2533 2116 ἀλέκτωρ
2551 2048 2851 2115 ἐφώνησεν,
2873 2046 2964 2098 καὶ
2987 2041 3052 2096 αὖ
3080 2044 3354 2112 ἠρνήσατο
3379 2043 3509 2109 ἄχρι
3537 2040 3634 2091 καὶ
3655 2040 3749 2090 τοῦ

2141 2141 2363 2209 τρίτουο
2429 2141 2523 2192 καὶ
2558 2141 2678 2192 τότε
2746 2136 3026 2206 ἐφώνησεν
3079 2137 3142 2186 ἐκ
3183 2133 3440 2202 δευτέρου
3505 2130 3673 2183 πάλιν
3724 2131 3750 2181 6

2140 2231 2480 2302 ἀλεκτρυών.
2520 2231 2676 2285 Οὕτω
2703 2229 2812 2300 γὰρ
2862 2231 2889 2281 ό
2936 2229 3166 2297 Μάρκος
3203 2226 3517 2296 ἀναγράφει
3552 2224 3750 2278 λεπτό-

2138 2327 2294 2396 τερόν
2324 2342 2384 2378 τε
2418 2326 2512 2378 καὶ
2543 2324 2956 2393 ἀκριϐέστερον,
2976 2320 3146 2374 ταῦτα
3171 2319 3637 2390 ἀναγραψάμενος
3660 2314 3749 2373 οἷα

2142 2419 2294 2489 παρὰ
2326 2417 2421 2471 τοῦ
2457 2419 2667 2485 Πέτρου
2717 2417 2936 2487 μαθών·
2977 2415 3168 2467 τούτου
3201 2415 3309 2482 γὰρ
3362 2415 3458 2466 καὶ
3495 2414 3750 2485 μαθητὴς

2136 2506 2224 2581 ἦν.
2246 2512 2334 2564 Διὸ
2351 2510 2426 2574 ὡς
2454 2510 2532 2580 τῷ
2556 2512 2768 2579 Μλρκῳ
2795 2509 3031 2580 ῥηθέντα
3058 2510 3086 2560 6
3115 2508 3331 2569 Λουκᾶς
3365 2507 3485 2560 κατ’
3522 2507 3746 2577 ἐπιδρο-

2142 2605 2248 2672 μὴν
2275 2601 2454 2663 εἶπεν,
2509 2603 2610 2654 οὐκ
2645 2599 3240 2670 ἀκριϐολογησάμενος.
3291 2599 3406 2652 Καὶ
3451 2599 3554 2651 οὐκ
3593 2599 3743 2651 ἔστιν

2139 2695 2379 2748 ἐναντίον
2409 2695 2436 2747 ὃ
2459 2711 2623 2763 φησιν
2652 2694 2678 2745 6
2722 2694 2937 2755 Λουκᾶς
2959 2693 3037 2761 τῷ
3084 2693 3234 2762 παρά
3267 2690 3362 2744 τοῦ
3394 2691 3632 2760 Μάρκου
3664 2693 3743 2742 εἰ·

2142 2787 2384 2857 ρημὲνῳ.
2415 2788 2524 2839 Καὶ
2559 2785 2669 2854 γὰρ
2719 2788 2746 2838 6
2798 2785 3047 2854 ἀλέκτωρ
3088 2783 3212 2837 καθ’
3247 2784 3487 2852 ἑκάστην
3518 2783 3744 2851 ἀγωγὴν

2136 2876 2291 2928 εἴωθε
2330 2875 2424 2928 καὶ
2467 2875 2546 2937 δὶς
2589 2875 2680 2926 καὶ
2726 2876 2847 2943 τρὶς
2901 2874 3119 2942 φωνεῖν.
3185 2870 3245 2924 '0
3298 2873 3478 2924 τοίνυν
3532 2871 3743 2939 Πέτρος

2134 2970 2391 3023 τοσοῦτον
2426 2968 2680 3038 ἐκαρώθη
2737 2968 2843 3022 ὑπὸ
2893 2968 2991 3038 τῆς
3026 2969 3375 3038 ἀνθρωπίνης
3429 2966 3740 3031 ἀσῦενείας,

2133 3063 2275 3116 ὥστε
2299 3064 2432 3133 μηδὲ
2458 3065 2562 3116 ὑπὸ
2594 3066 2693 3134 τῆς
2716 3061 2810 3116 τοῦ
2846 3063 3135 3132 ἀλέκτορος
3161 3061 3344 3131 φωνῆς
3379 3061 3459 3124 εἰς
3481 3061 3744 3130 αἴσθησιν

2135 3155 2333 3218 ἐλθεῖν,
2385 3156 2520 3211 ἀλλά
2575 3159 2670 3209 καὶ
2709 3158 2844 3224 μετά
2875 3155 2934 3208 τὸ
2994 3154 3247 3224 φωνῆσαι
3294 3153 3386 3207 τὸν
3441 3153 3742 3225 ἀλέκτορα,

2141 3250 2300 3304 πάλιν
2333 3251 2711 3320 ἀρνήσασθαι,
2755 3251 2850 3302 καὶ
2902 3249 3066 3302 πάλιν
3099 3249 3259 3318 ἄχρις
3287 3241 3349 3301 οῦ
3381 3248 3460 3318 τῷ
3491 3247 3587 3301 τοῦ
3632 3250 3745 3318 ἰη-

2141 3342 2238 3396 σοῦ
2293 3343 2484 3412 ἀγαθῷ
2531 3342 2803 3412 βλέμματι
2849 3344 2926 3404 εις
2989 3343 3298 3412 ὑπόμνησιν
3347 3343 3513 3412 ἢχθη.
3576 3360 3595 3392 ι
3628 3338 3746 3394 Καὶ

2137 3434 2370 3500 ἐξελθὼν
2402 3437 2526 3500 ἔξω,
2563 3436 2793 3486 ἕκλαυσε
2826 3434 3062 3504 πικρῶς.
3107 3453 3123 3484 ι
3184 3433 3408 3504 Ἐξῆλὶδε
3468 3433 3568 3500 μὲν
3629 3431 3744 3500 γὰρ

2136 3527 2231 3578 καὶ
2262 3527 2352 3578 ὅτε
2387 3526 2447 3577 τὸ
2505 3525 2721 3596 πρῶτον
2776 3526 3076 3594 ἠρνήσατο,
3110 3525 3184 3588 ὡς
3219 3526 3245 3578 6
3286 3525 3513 3594 Μάρκος
3548 3524 3740 3592 φησίν.

2138 3614 2273 3673 Εἶτα
2302 3620 2450 3681 εῑκδς
2480 3613 2545 3688 ἦν
2575 3618 2734 3670 πάλιν
2765 3617 2927 3670 αὐτὸν
2948 3617 3230 3680 εἰσελθεῖν,
3267 3618 3354 3670 ἵνα
3387 3615 3462 3685 μὴ
3493 3615 3568 3685 δῷ
3600 3615 3744 3685 μᾶ).-

2138 3711 2229 3764 λον
2259 3713 2542 3778 ὑπόνοιαν,
2582 3711 2655 3773 ὡς
2698 3710 2790 3762 τοῦ
2849 3708 3027 3778 Ἰησοῦ
3069 3709 3166 3762 ὦν.
3204 3709 3315 3762 Καὶ
3343 3709 3507 3763 πάλιν
3539 3709 3619 3771 εἰς
3655 3709 3740 3761 αῖ-

2142 3805 2335 3873 σθησιν
2368 3805 2557 3866 ἐλθὼν,
2594 3804 2767 3866 οὓτως
2811 3804 2910 3874 ἤδη
2945 3803 3229 3872 ἐξέρχεται
3280 3807 3375 3856 καὶ
3426 3802 3610 3854 κλαίει
3653 3817 3745 3851 πι-

2141 3896 2313 3965 κρῶς.
2354 3896 2472 3949 ’ῐνα
2528 3896 2638 3964 γὰρ
2672 3897 2746 3962 μὴ
2781 3898 2923 3966 φανῇ
2965 3897 3076 3956 τοῖς
3122 3897 3180 3946 ὲν
3213 3897 3277 3966 τῇ
3314 3894 3473 3964 αὐλῇ,
3537 3892 3741 3957 ἔξεισιν

2135 3986 2631 4056 ἀποκρυπτόμενος
2687 3987 2892 4049 αὐτοῖς.
2956 3986 3113 4049 Τινὲς
3169 3987 3245 4050 δὲ,
3278 3988 3377 4039 οὐκ
3423 3981 3521 4038 οἷδ’
3557 3987 3734 4052 ὅπως,

2131 4077 2360 4147 ἀνόητον
2397 4079 2701 4147 ἀπολογίαν
2736 4079 2877 4149 ὑπὲρ
2910 4078 3003 4130 τοῦ
3036 4079 3247 4148 Πέτρου
3282 4077 3617 4139 συντιθέασι,
3647 4078 3740 4129 λέ-

2132 4186 2322 4238 γοντες
2357 4169 2674 4241 τολμηρῶς,
2720 4170 2801 4222 ὅτι
2829 4171 2929 4222 οὐκ
2953 4170 3236 4241 ἠρνήσατο
3271 4173 3298 4224 6
3354 4171 3585 4239 Πέτρος,
3618 4167 3737 4221 ἀλλ’

2132 4258 2310 4328 εἶπεν,
2339 4263 2421 4315 ὅτι
2450 4283 2467 4314 ι
2494 4265 2606 4316 Οὐκ
2629 4260 2743 4315 οἰδα
2765 4265 2855 4316 τὸν
2875 4263 3185 4334 ἄνθρωπον,
3216 4283 3232 4314 ι
3262 4264 3534 4325 τουτέστι,
3565 4262 3740 4315 Ψιλὶν

2134 4352 2427 4422 ἄνθρωπον
2457 4355 2560 4409 οὐκ
2589 4351 2730 4417 οἶδα,
2768 4356 2902 4408 ἀλλά
2929 4355 3061 4408 Θεὸν
3097 4345 3388 4426 ἄνθρωπον
3416 4356 3736 4424 γενόμενον.

428 4431 631 4484 Ὶόῦτον
676 4432 730 4486 δὲ
758 4433 849 4486 τὸν
881 4437 1110 4507 ἀνόητον
1150 4439 1372 4510 ἔλεγχον
1416 4443 1596 4506 ἄλλοις
1670 4446 2018 4516 παρήσομεν.
2056 4445 2174 4499 Ψεύ
2190 4464 2324 4517 στην
2395 4466 2455 4501 τε
2513 4450 2624 4520 γὰρ
2661 4448 2876 4503 ποιοῦσι
2900 4450 2990 4502 τὸν
3023 4450 3246 4516 Κύριον,
3272 4451 3367 4503 καὶ
3400 4447 3464 4521 τῇ
3499 4451 3611 4521 ὑφῇ
3640 4450 3737 4502 τοῦ

431 4525 764 4590 Εᾶαγγελίου
799 4528 1206 4583 ἐναντιοῦνται·
1243 4536 1334 4584 καὶ
1367 4535 1484 4586 οὐδὲ
1519 4536 1844 4606 δυνήσονται
1881 4537 2018 4600 ὅλως
2094 4537 2434 4610 συμόιὸάσαι
2479 4541 2580 4611 τὴν
2638 4541 2963 4598 ἀκολουθίαν
3021 4543 3119 4612 τῆς
3160 4545 3490 4615 διηγήσεως.
3564 4545 3728 4601 Ἀλλὰ

425 4619 570 4670 καὶὸ
604 4620 805 4688 Πέτρος
831 4621 973 4675 διατί
1015 4624 1301 4693 ἔκλαυσεν,
1337 4630 1384 4679 εἰ
1417 4629 1491 4699 μὴ
1515 4632 1828 4699 ὴρνήσατο;

503 4710 665 4766 Vsus.
705 4713 896 4768 62-71.
937 4734 955 4766 ι
996 4715 1060 4768 Ει
1104 4720 1202 4771 viii
1257 4721 1346 4788 qui
1379 4725 1629 4775 tcnehant
1659 4723 1863 4789 Iesum,
1903 4725 2024 4781 illu-
2053 4729 2107 4788 D

422 4806 625 4858 uehunt
653 4806 720 4868 ei,
767 4807 1055 4862 medentes.
1095 4809 1161 4864 Et
1199 4826 1319 4864 cum
1353 4813 1831 4871 circumtexissent
1860 4833 2011 4884 eum,

425 4897 805 4963 pt'rt'llliebtttil
840 4899 1028 4953 faciem
1063 4903 1203 4970 ejus,
1236 4918 1290 4959 et
1318 4907 1728 4978 interrogabant
1757 4926 1904 4974 eum,
1938 4911 2023 4966 di-

434 4999 620 5042 centes
653 5007 667 5044 :
708 4989 1037 5060 Vaticinare,
1076 4998 1198 5063 quis
1238 5008 1317 5051 est
1352 4999 1439 5054 ille
1477 5001 1566 5069 qui
1605 5010 1657 5054 te
1708 5003 2019 5070 percussit?

430 5081 496 5133 Et
569 5084 668 5136 alia
742 5085 907 5137 multa
965 5089 1336 5144 conviciantes
1409 5093 1664 5148 dicebant
1753 5097 1802 5149 in
1870 5112 2016 5151 eum.

424 5175 490 5226 lit
567 5185 622 5227 nt
706 5175 878 5229 factus
937 5186 1019 5230 est
1098 5180 1253 5246 dies,
1310 5195 1683 5240 convenerunt
1768 5188 2015 5243 seniores

429 5266 622 5332 p‘ehis,
691 5278 743 5320 et
801 5269 1071 5339 principes
1122 5273 1460 5329 sacerdotum
1540 5289 1592 5333 et
1626 5279 1829 5335 Scriba:
1866 5321 1879 5341 ,
1961 5289 2014 5334 et

423 5359 699 5410 tinxerunt
765 5359 909 5411 illum
972 5363 1023 5414 in
1083 5364 1374 5418 concilium
1458 5385 1610 5421 suum
1652 5412 1662 5430 ,
1707 5372 2009 5424 dicentes:

419 5449 585 5519 5,79
621 5451 755 5504 Num
799 5464 848 5505 tu
898 5471 954 5508 es
989 5457 1075 5508 ille
1124 5459 1545 5529 Chri:~tus?_die
1598 5468 1772 5519 nobis.
1812 5466 1874 5519 Et
1931 5467 2009 5521 ait

425 5543 527 5592 illis
562 5559 571 5592 :
614 5545 667 5595 Si
697 5546 847 5595 vobis
882 5548 1089 5607 dixero,
1125 5568 1226 5601 non
1264 5557 1498 5607 credetis
1535 5575 1545 5610 :
1588 5561 1728 5625 quod
1766 5561 1809 5612 si
1846 5561 2010 5612 etiam

428 5631 849 5700 inti-i'rngmeio,
907 5652 1008 5687 non
1061 5644 1452 5706 ιυειιοιιιιοῖιῑιιε
1499 5649 1649 5710 mihi,
1689 5667 1870 5718 neque
1923 5652 2005 5702 tli-

428 5736 473 5766 ιιι
507 5724 668 5775 ιιςειίς.
706 5723 776 5774 iis
810 5727 908 5777 line
942 5725 1182 5793 tempore
1215 5735 1316 5785 erit
1353 5735 1521 5791 Filius
1555 5738 1788 5794 hominis
1812 5742 2008 5794 sedens

424 5823 450 5857 .".
506 5815 688 5861 ΖΑΗ-ιδ
737 5815 947 5869 \iitnlis
982 5821 1087 5870 ιιςξ.
1129 5818 1384 5877 Πιλςιιιιιι
1434 5841 1609 5881 ειιθιριιι
1662 5847 1845 5884 omnm,
1886 5853 1896 5885 ι
1937 5832 2006 5886 ⁴Γιι

2211 4739 2229 4770 ι
2266 4719 2377 4772 Καὶ
2395 4721 2443 4772 οἱ
2468 4719 2660 4790 ἄνδρες
2690 4723 2738 4773 οἱ
2774 4721 3090 4791 συνέχοντες
3119 4723 3210 4776 τὸν
3247 4723 3479 4792 Ἰησοῦν,
3509 4727 3736 4778 ἐνέπαι-

2126 4815 2219 4880 ζον
2263 4812 2458 4883 αὐτῷ,
2493 4813 2740 4886 δέροντες
2767 4829 2784 4846 ⁶
2843 4815 2939 4870 καὶ
2986 4816 3494 4887 περικαλύπτοντες
3545 4819 3731 4883 αὑτὸν,

2128 4906 2296 4961 αὑτοῦ
2335 4907 2396 4959 τὸ
2428 4907 2722 4977 πρόσωπον
2775 4908 3028 4973 ἔτυπτον,
3083 4913 3178 4963 καὶ
3213 4910 3519 4982 ἐπηρώτων
3568 4912 3734 4964 αὑτὸν

2127 5001 2408 5069 λέγοντες·
2442 5004 2850 5074 Προφήτευσον,
2881 5003 2964 5067 τίς
3009 5005 3158 5058 ἐστιν
3197 5007 3223 5058 6
3253 5006 3457 5068 παίσας
3497 5024 3592 5072 σε;

2125 5095 2288 5166 ἔτερα
2326 5096 2501 5149 πολλά
2535 5096 2996 5167 βλασφημοῦντες
3044 5101 3123 5160 εις
3148 5100 3330 5162 αὑτὸν,
3374 5099 3583 5167 ελεγον.
3621 5100 3731 5152 Καὶ

2127 5191 2201 5253 ὡς
2235 5192 2453 5257 ἐγένετο
2516 5191 2716 5261 ἡμέρα,
2781 5191 3023 5262 συνήχθη
3073 5190 3133 5243 τὸ
3189 5191 3590 5262 πρεσϐυτέριον
3635 5192 3730 5244 τοῦ

2125 5283 2275 5346 λαοῦ,
2322 5283 2418 5337 καὶ
2465 5286 2514 5336 οἱ
2572 5285 2852 5354 ἀρχιερεῖς
2881 5328 2893 5349 ,
2949 5286 3041 5338 καὶ
3083 5287 3130 5338 οἱ
3191 5286 3594 5356 Γραμματεῖς;
3636 5289 3729 5338 καί

2125 5379 2403 5444 ἀνήγαγον
2444 5377 2608 5429 αὐτὸν
2651 5379 2730 5440 εἰς
2763 5379 2821 5429 τὸ
2874 5378 3149 5447 συνέδριον
3200 5380 3384 5431 αὑτιῖν
3433 5380 3723 5446 λέγοντες

3635 5009 3732 5059 καὶ

2125 5471 2185 5522 Εἰ
2213 5472 2276 5523 συ
2311 5467 2360 5523 εἷ
2390 5472 2416 5522 6
2447 5471 2706 5538 Χριστὸς,
2737 5473 2857 5523 εἰπὲ
2893 5472 3040 5540 ὑμῖν.
3075 5468 3208 5524 Εἷπε
3240 5473 3293 5524 δὲ
3326 5476 3515 5534 αὐτοῖς
3545 5489 3555 5501 ·
3600 5475 3724 5526 Ἐὰν

2126 5561 2252 5626 ὑμῖν
2279 5561 2442 5626 εἴπω,
2503 5563 2561 5613 οὐ
2630 5561 2704 5630 μὴ
2749 5563 3116 5632 πιστεύσητει
3164 5567 3258 5616 καὶ
3293 5566 3385 5618 ἐὰν
3437 5569 3723 5636 ἐρωτήςτι-,

2124 5655 2182 5703 οὐ
2215 5654 2287 5722 μὴ
2330 5654 2668 5724 ἀποκριθῆτε
2705 5674 2817 5724 μοι,
2863 5658 2893 5728 ἦ
2934 5659 3265 5728 ἀπολύσητε.
3315 5661 3447 5714 Ἀπὸ
3503 5665 3594 5714 τοῦ
3633 5664 3724 5713 »εκ

2122 5746 2272 5798 ἔσται
2306 5752 2332 5799 6
2362 5747 2486 5810 Υἱὸς
2519 5749 2610 5800 τοῦ
2637 5750 2925 5818 ἀνθρώπου
2962 5753 3268 5821 καθήμενος
3307 5756 3367 5804 ἐκ
3395 5756 3591 5818 δεξιῶν
3627 5759 3720 5816 -Α-λ.

2119 5838 2398 5905 Savium):
2433 5840 2524 5891 τοῦ
2554 5842 2711 5894 θεοῦ.
2764 5840 2932 5894 liii-mu
2981 5863 3105 5908 υκι
3159 5847 3385 5900 naviter
3433 5851 3501 5899 Συ
