4000 6402
290 375 429 441 IIS?)

986 368 1441 433 ENAIIRATiO
1480 367 1559 427 IN
1599 367 2110 428 EVANGEIJUM
2152 364 2394 427 LUCIE.
2428 392 2490 400 -κ
2523 366 2687 426 CAP.
2730 365 2959 429 XXIII.

3488 368 3633 440 1090

283 498 310 547 ὁ
340 489 467 554 Υἱὸς
498 485 595 540 τοῦ
633 484 769 539 Θεοῦ
800 502 813 547 ;
878 487 919 535 U
957 483 1013 537 δὲ
1041 482 1197 553 -πρδς
1248 482 1448 542 αὐτοὺς
1499 481 1605 551 ἔφη
1630 498 1641 510 ·
1711 480 1902 550 Ὑμεῖς

2015 494 2142 545 ergo
2173 490 2235 531 es
2270 474 2445 530 Filius
2483 474 2625 529 Dei?
2675 476 2777 543 Qui
2818 479 2895 539 ait
2941 496 2954 531 :
2996 477 3101 533 Vos
3153 477 3338 535 dicitis
3373 496 3462 537 me
3490 501 3637 542 esse.

286 589 477 654 λέγετε
499 583 597 658 ,ὅτι
632 579 741 649 ἐγώ
777 580 919 649 εἰμι.
976 578 1039 630 Oi
1073 577 1129 628 δὲ
1186 574 1377 629 εἶπονβ
1436 574 1504 625 Τί
1565 572 1652 625 ἔτι
1709 572 1902 643 χρείαν

287 682 488 751 ἔχομεν
538 658 887 747 μαρτυρίαςξ
940 671 1097 724 αὐτοὶ
1147 661 1257 738 γάρ
1309 668 1634 739 ἠκούσαμεν
1692 669 1757 720 ὲκ
1807 666 1902 721 τοῦ

288 775 558 845 στόματος
616 767 805 822 αὑτοῦ.
849 786 865 817 ι
917 754 1209 835 ’Υὸρισταί
1251 780 1401 825 τινες
1455 766 1551 817 καὶ
1604 761 1901 815 ἀκόλαστοι

283 866 429 940 ἦσαν
452 868 501 920 οί
530 862 708 918 ταῦτα
738 861 1040 927 ἐπάγοντες
1079 858 1158 927 τῷ
1226 855 1427 927 Ἰησοῦ.
1466 857 1621 923 ’Ἅμα
1667 856 1779 924 γάρ
1821 871 1904 906 τοι

287 962 398 1013 ἔδει
439 960 534 1012 καὶ
561 957 653 1009 τὸν
684 953 936 1009 διάϐολον
967 952 1102 1021 μηδὲ
1140 950 1199 1002 ἒν
1222 944 1366 1012 εἶδος
1400 949 1601 1011 κακίας
1633 948 1899 1005 ἐλλιπεῖν,

285 1053 426 1107 ἀλλά
458 1050 639 1103 πάντα
670 1064 912 1101 κενωσαι
936 1058 951 1076 ⁸
981 1044 1068 1097 ἴνα
1099 1042 1188 1096 διὰ
1225 1044 1448 1095 πάντων
1480 1046 1512 1110 ὴ
1550 1042 1712 1108 φύσις
1743 1039 1901 1109 ἡμῶν

288 1146 421 1213 ἁγία
453 1142 769 1213 εὑρεθεῖσα,
808 1140 1011 1211 νικήσῃ
1042 1135 1136 1188 καὶ
1166 1132 1491 1205 καταρῤἀξῃ
1523 1134 1709 1185 αὐτόν.
1744 1129 1903 1184 Ἐπεὶ

285 1240 397 1308 γὰρ
434 1237 523 1291 διὰ
558 1234 721 1289 τοῦτο
765 1231 997 1286 ἀνέλαϐε
1039 1230 1139 1298 τὴν
1194 1227 1361 1295 φύσιν
1394 1226 1555 1297 ἡμῶν
1604 1227 1632 1277 ό
1668 1222 1901 1293 Κύριος.

291 1334 379 1386 ῖνα
408 1329 673 1401 τρανώσῃ
722 1328 898 1394 αὐτὴν
954 1323 1095 1393 πρὸς
1155 1327 1337 1381 πασας
1396 1320 1494 1382 τὰς
1525 1316 1618 1371 τοῦ
1650 1317 1901 1370 διαϐόλου

290 1426 563 1496 μηχανὰς,
600 1424 695 1475 καὶ
734 1420 883 1489 δείξῃ
915 1419 999 1470 ὅτι
1038 1418 1132 1470 καὶ
1189 1415 1247 1481 ἐξ
1279 1414 1477 1483 ἀρχῆς,
1537 1415 1584 1465 εἰ
1622 1412 1825 1478 ἐνηφεν
1874 1410 1902 1462 ὁ

299 1520 493 1591 ’Δδάμ,
525 1519 626 1571 οὐκ
660 1518 726 1569 ἂν
760 1513 968 1585 ἡττήθη
992 1529 1004 1541 ·
1041 1511 1129 1564 διὰ
1153 1510 1314 1563 τοῦτο
1345 1508 1537 1561 πασῶν
1570 1508 1679 1559 τῶν
1712 1505 1903 1558 είδεῶν

290 1616 393 1686 τῆς
434 1614 529 1666 τοῦ
582 1610 841 1665 διαϐόλου
887 1607 1088 1669 κακίας
1125 1605 1213 1657 ἐπ’
1253 1604 1419 1656 αὑτὸν
1470 1603 1771 1673 χεομένων,
1804 1600 1903 1652 ἁν-

290 1710 479 1779 έχεται
502 1724 515 1737 ·
547 1708 612 1759 ἵν’
638 1706 686 1756 οί
718 1703 854 1771 μετὰ
880 1700 1052 1753 ταῦτα
1083 1698 1404 1769 θαρρῶμεν,
1436 1697 1511 1759 ὡς
1547 1697 1646 1764 τῆς
1684 1694 1903 1763 φύσεως

286 1806 448 1879 ἡμῶν
496 1806 554 1857 ὲν
596 1800 822 1873 Χριστῷ
879 1799 1211 1869 νικησάσης,
1262 1796 1356 1849 καὶ
1402 1796 1476 1865 μὴ
1508 1794 1644 1863 πρός
1691 1810 1743 1845 τι
1790 1791 1902 1843 τῶν

286 1895 594 1950 δοκούντων
623 1891 963 1961 ὑδριστικῶν
1004 1890 1036 1961 ἦ
1082 1888 1325 1958 ἀνιαρῶν
1353 1884 1779 1953 ἀποδειλιῶμεν.
1812 1883 1905 1945 Διὸ

290 1991 385 2044 κα)⁸
416 1988 699 2053 παίζεται,
729 1986 824 2039 καὶ
858 1985 1081 2037 παίεται
1109 2000 1121 2012 ·
1155 1982 1250 2036 καὶ
1280 1984 1307 2034 ὁ
1336 1980 1447 2033 τῶν
1484 1978 1785 2049 προφητῶν
1808 1979 1905 2030 Δε-

290 2085 519 2153 σπότης,
576 2082 663 2147 ὡς¹
711 2080 1175 2149 ψευδοπροφήτης
1228 2076 1577 2147 χλευάζεται.
1633 2074 1707 2126 Τὸ
1769 2073 1900 2142 γὰρ,

294 2196 311 2226 ι
347 2175 738 2246 Προφήτευσον
791 2175 945 2241 ἡμῖν,
976 2172 1059 2234 τίς
1108 2173 1259 2223 ἐστιν
1308 2170 1335 2221 ὁ
1378 2169 1583 2229 παίσας
1642 2183 1723 2225 σε.
1769 2184 1786 2215 ι
1824 2167 1906 2227 είς

287 2270 447 2323 τοῦτο
500 2271 701 2338 φέρει,
752 2265 1130 2341 χλευαζόντων
1169 2262 1335 2316 αὐτὸν
1393 2261 1469 2323 ῶς
1508 2260 1751 2323 πλανον,
1808 2258 1905 2310 καὶ

287 2360 633 2431 προφητείαν
692 2355 872 2426 ἐαυτῷ
908 2355 1306 2425 περιάπτοντα.
1347 2372 1365 2403 ι
1404 2350 1518 2405 Καὶ⁵
1558 2349 1634 2412 ὡς
1680 2348 1907 2416 ἐγένετο

285 2457 475 2526 ἡμέρα
506 2471 519 2483 θ
567 2473 583 2504 ι
626 2452 694 2505 τὰ
724 2452 835 2521 γὰρ
867 2449 980 2502 τῶν
1018 2447 1358 2519 ἐμπαιγμῶν
1389 2446 1587 2507 νυκτὸς
1618 2442 1903 2512 ἐϐλασφη-

291 2552 450 2618 μεῖτο
484 2548 637 2617 παρά
668 2546 779 2597 τῶν
818 2543 1131 2612 μεθυόντων
1170 2538 1501 2609 ὑπηρετῶν
1546 2539 1607 2590 τὸ
1652 2536 1707 2589 δὲ
1764 2552 1903 2606 πρε-

290 2642 582 2710 σὸυτέριον
611 2640 703 2691 καὶ
733 2638 1090 2706 ἐντιμότερον
1128 2636 1294 2703 μέρος
1326 2632 1630 2703 ἐρωτῶσιν,
1665 2632 1714 2683 εἰ
1739 2631 1905 2694 αὑτός

289 2738 440 2788 ἐστιν
481 2737 507 2786 ὁ
533 2734 794 2804 Χριστός.
859 2730 920 2782 Ὀ
963 2729 1020 2781 is
1052 2728 1208 2791 εἰδὼς
1251 2727 1351 2789 τὰς
1407 2725 1647 2788 διανοίας
1698 2725 1904 2789 αὐτῶν,

290 2828 388 2881 καὶ
420 2827 502 2879 ὅτι
539 2827 587 2878 εί
627 2827 743 2887 τοῖς
788 2824 972 2894 ἔργοις
1019 2822 1136 2873 οὐκ
1167 2821 1504 2873 ἐπίστευσαν
1548 2820 1662 2881 τοῖς
1700 2817 1906 2889 μᾶλλον

290 2918 503 2973 πείθειν
530 2916 879 2987 δυναμένοις.
921 2913 1039 2977 πῶς
1088 2914 1203 2975 τοῖς
1239 2911 1425 2979 λόγοις
1474 2910 1904 2976 πιστεύσουσιν;

296 3034 315 3067 ι
371 3014 501 3066 Ἐάν
530 3013 661 3082 ὑμῖν
698 3010 862 3074 εἴπω,
901 3010 1094 3078 φησιν,
1141 3008 1201 3060 οὗ
1244 3006 1320 3077 μὴ
1372 3002 1731 3073 πιστεύσητε.
1772 3021 1791 3054 ι
1844 3003 1907 3055 Εἰ

288 3108 400 3179 γάρ
438 3104 760 3160 ἐπιστεύετε
802 3102 985 3171 λόγοις
1026 3102 1203 3169 ἐμοῖς,
1239 3099 1323 3159 τίς
1374 3097 1535 3168 χρεία
1568 3091 1637 3166 ἦν
1677 3095 1774 3148 τοῦ
1810 3094 1906 3148 νῦν

292 3202 578 3273 συνεδρίου
610 3216 624 3266 ;
654 3218 670 3249 ι
708 3198 816 3251 Καὶ
852 3196 946 3249 ὲάν
977 3197 1266 3265 ἐρωτήσω,
1290 3191 1351 3245 ού
1389 3191 1464 3261 μὴ
1490 3188 1857 3263 ἀποκριθῆτε.
1882 3208 1900 3240 ›

291 3293 563 3355 Πολλάκις
605 3290 716 3361 γὰρ
768 3286 1164 3358 ἐρωτηθέντες,
1212 3282 1643 3352 ἀπεσιώπησαν,
1691 3280 1768 3343 ὠς
1810 3280 1905 3331 ἐπὶ

292 3388 384 3440 τοῦ
420 3384 800 3457 βαπτίσματος
844 3380 1116 3442 Ἰωάννου,
1153 3378 1248 3431 καὶ
1301 3376 1417 3437 τοῦ,
1458 3394 1476 3426 ι
1516 3370 1683 3427 Είπεν
1720 3376 1746 3427 ὸ
1791 3372 1905 3425 Κύ-

293 3497 410 3550 ριος
443 3478 521 3548 τῷ
568 3477 760 3549 Κυρίῳ
813 3492 938 3545 μου,
985 3492 1003 3525 ι
1050 3472 1145 3525 καὶ
1183 3472 1278 3523 ἐπὶ
1316 3470 1415 3540 τῆς
1451 3466 1902 3535 συγκυπτούσης.

293 3572 405 3626 Ποῦ
428 3571 523 3625 οῦν
554 3570 914 3631 ἀκούσαντες,
948 3565 1357 3629 emergente;
1394 3562 1527 3615 πότε
1585 3561 1641 3613 δὲ
1680 3560 1905 3629 ἐρωτώ-

294 3684 471 3739 μενοι,
523 3665 625 3718 οὐκ
657 3664 1011 3732 ἐσιωπήσατε
1042 3678 1054 3723 ;
1092 3660 1191 3713 Διά
1231 3657 1391 3711 τοῦτο
1424 3656 1586 3724 μόνον
1618 3656 1787 3724 φημὶ,
1823 3654 1905 3706 ὅτι

289 3762 402 3817 ἀπὸ
423 3759 520 3813 τοῦ
548 3760 645 3812 νῦν
675 3758 865 3828 καιρὸς
894 3756 1071 3823 λόγων
1101 3755 1195 3807 καὶ
1230 3749 1594 3811 διδασκαλίας
1624 3748 1726 3800 οὐκ
1755 3748 1905 3799 ἔστιν

293 3854 429 3925 ὑμῖν
462 3854 593 3924 περ)⁵
622 3849 719 3905 τοῦ
753 3851 834 3913 τίς
865 3853 986 3919 εἰμι
1011 3862 1023 3876 ·
1063 3848 1111 3899 εί
1146 3844 1256 3916 γὰρ
1290 3843 1538 3912 ἠθέλετε,
1592 3838 1799 3907 ἔγνωτε
1836 3854 1905 3907 με

290 3947 402 4001 ἀπὸ
453 3944 563 3998 τῶν
599 3943 915 4015 γενομένων
958 3939 1242 4011 σημείων·
1307 3937 1543 4008 κρίσεως
1593 3934 1651 3986 δὲ
1709 3931 1904 4001 καιρὸς

290 4041 403 4097 ἀπὸ
426 4039 521 4095 τοῦ
544 4037 661 4091 νῦν.
687 4035 927 4105 Ὀῲεσθε
954 4030 1048 4088 οὖν
1080 4050 1147 4103 με
1179 4032 1270 4085 τὸν
1296 4032 1423 4083 Υἱον
1456 4030 1552 4082 τοῦ
1587 4027 1901 4099 ἀνθρώπου,

292 4134 610 4206 καθήμενον
642 4134 707 4185 ἐκ
750 4129 941 4194 δεξιῶν
979 4128 1081 4198 τῆς
1120 4128 1411 4196 δυνάμεως
1446 4124 1541 4177 τοῦ
1577 4124 1737 4176 Θεοῦ.
1774 4124 1905 4175 Δέον

290 4224 386 4283 οὖν
423 4225 650 4297 πτῆξαι,
707 4226 756 4278 οἱ
806 4224 862 4277 δὲ
905 4222 1044 4293 μετά
1100 4220 1294 4273 τοῦτον
1343 4220 1435 4272 τὸν
1478 4218 1641 4286 λόγον
1700 4217 1904 4287 μᾶλλον

293 4321 623 4391 ὲλύττησαν,
656 4318 754 4371 καὶ
810 4315 1094 4388 μανιωδῶς
1154 4312 1440 4384 ὲρωτῶσγ
1483 4330 1499 4362 ι
1556 4311 1627 4363 Σὺ
1660 4305 1755 4363 οὖν
1796 4303 1845 4361 εἷ
1876 4310 1905 4361 ὁ

292 4416 423 4478 Tib;
465 4412 561 4467 τοῦ
612 4411 789 4476 θεοῦ,
825 4430 842 4462 ι
886 4411 949 4463 '0
992 4410 1048 4462 δὲ
1089 4410 1273 4480 μέσως
1304 4424 1421 4469 πως
1464 4406 1557 4458 καὶ
1599 4404 1900 4475 εἰρωνικῶς

291 4505 699 4578 ἀποκρίνεται·
730 4522 747 4553 ι
790 4501 981 4573 Ὑμεῖς
1015 4501 1175 4553 τοῦτο
1203 4499 1417 4569 λέγετε,
1456 4499 1537 4550 ὅτι
1566 4499 1677 4565 ἐγώ
1705 4499 1842 4565 είμι.
1878 4515 1895 4547 ι

2010 571 2084 625 At
2115 569 2189 623 illi
2226 568 2488 623 dixerunt
2521 587 2536 626 :
2567 570 2710 636 Quid
2753 571 2931 625 adhuc
2964 573 3351 628 desideramus
3385 574 3638 631 testimo-

2010 668 2161 721 nium
2189 666 2212 719 ?
2239 662 2347 735 Ipsi
2378 665 2525 718 enim
2557 666 2870 719 audivimus
2911 682 2979 720 ex
3012 681 3109 720 ore
3140 667 3334 735 ipsius.
3378 689 3398 721 ι
3433 669 3637 725 Convi-

2009 760 2246 813 ciatores
2295 758 2519 828 quidam
2561 769 2616 810 et
2664 758 3102 827 intemperantes
3167 758 3322 814 fuere
3374 763 3465 830 qui
3521 763 3641 818 haec

2006 852 2135 907 .Iesu
2174 851 2508 906 inferebant.
2565 838 2885 920 Oportebat
2917 852 3065 905 enim
3107 853 3327 907 interim
3357 867 3410 907 et
3439 855 3637 910 diabo-

2010 948 2122 1000 lum
2151 948 2357 999 mtllatn
2390 945 2616 999 malitite
2652 947 2895 1015 speciem
2946 946 3283 1016 relinquere,
3320 950 3415 1002 sed
3450 952 3638 1005 nuntia

2009 1036 2314 1102 eﬂttndere,
2373 1049 2425 1091 ut
2487 1039 2540 1091 in
2593 1040 2850 1092 omnibus
2902 1050 3097 1093 natura
3160 1042 3346 1095 nostra
3412 1042 3635 1099 inventu

2008 1148 2197 1189 sancta
2246 1136 2495 1189 vinceret
2542 1151 2607 1190 ac
2658 1136 2981 1191 deturbaret
3017 1153 3168 1191 eum.
3240 1136 3456 1192 Etenim
3506 1142 3636 1209 quia

2010 1239 2236 1298 propter
2284 1230 2388 1282 hoc
2440 1237 2698 1283 naturam
2756 1240 3003 1283 nostram
3061 1234 3307 1300 suscepit
3345 1232 3634 1299 Dominus,

2009 1334 2069 1378 ut
2118 1326 2406 1379 roboraret
2456 1340 2579 1379 eam
2621 1335 2819 1379 contra
2865 1341 3060 1380 omnes
3114 1327 3317 1380 diaboli
3365 1337 3532 1385 artes.
3581 1339 3640 1383 et

2008 1418 2263 1471 ostendat
2316 1419 2463 1485 quod
2501 1419 2547 1471 si
2588 1419 2657 1473 ab
2703 1420 2865 1473 initio
2916 1421 3137 1475 sobrius
3188 1422 3380 1475 fuisset
3439 1425 3639 1489 Adam,

2008 1513 2328 1580 neutiquam
2371 1523 2515 1568 esset
2545 1513 2723 1568 victus
2761 1531 2776 1570 :
2818 1514 2939 1569 ideo
2974 1508 3167 1570 omnes
3198 1517 3413 1585 species
3448 1517 3643 1572 diabo-

2009 1605 2129 1659 lica:
2168 1607 2389 1660 malitiae
2422 1623 2545 1675 quae
2594 1609 2644 1660 in
2685 1624 2811 1663 eum
2860 1608 3259 1673 fundebantur,
3305 1612 3639 1677 snstiuebat,

2010 1714 2069 1754 ut
2118 1716 2216 1755 nos
2263 1702 2359 1770 qui
2422 1704 2710 1771 sequimur
2770 1718 2920 1767 cum,
2982 1703 3330 1758 confidanms
3386 1706 3532 1773 quod
3586 1706 3641 1759 itt

2012 1794 2238 1850 Christo
2278 1807 2472 1850 natura
2509 1806 2693 1852 nostra
2725 1798 2947 1860 vicerit,
2980 1807 3034 1851 et
3067 1814 3133 1849 ne
3170 1796 3535 1852 formidemus
3572 1798 3638 1851 ad

2013 1889 2183 1943 ullqu
2227 1890 2590 1959 opprobrium
2625 1891 2711 1943 vel
2751 1893 2931 1944 triste.
2968 1890 3186 1944 Idcirco
3220 1896 3271 1943 et
3305 1888 3639 1960 percutitur,

2010 1990 2064 2035 et
2092 1981 2339 2035 illuditur
2378 2000 2391 2037 :
2426 1982 2936 2051 prophetarutnqtte
2988 1984 3107 2049 ipse
3152 1983 3441 2047 Dominus,
3483 1982 3643 2051 quasi

2011 2077 2494 2145 pseudopropheta
2528 2076 2811 2129 irridetur.
2851 2075 2986 2129 Nam
3049 2096 3067 2126 (
3110 2074 3428 2131 Vaticinare
3461 2076 3645 2142 nobis,

2010 2172 2135 2240 quis
2166 2180 2250 2225 est
2281 2172 2371 2240 qui
2404 2179 2457 2223 te
2508 2170 2802 2239 percussit,
2845 2188 2862 2220 ι
2901 2184 2966 2221 eo
2988 2170 3183 2233 tendit,
3221 2180 3278 2221 ιιι
3312 2169 3464 2222 illttut
3512 2168 3647 2223 sub-

2010 2276 2336 2328 sannarent,
2387 2276 2441 2318 et
2497 2264 2742 2319 dicerent
2799 2266 3182 2334 impostorem,
3245 2266 3339 2331 qui
3398 2264 3643 2334 seipsmn

2011 2358 2339 2427 prophetam
2373 2358 2617 2412 fecisset.
2663 2378 2679 2405 ι
2719 2358 2785 2412 Ει
2820 2369 2877 2411 ιιι
2907 2356 3091 2413 factus
3134 2368 3217 2414 est
3252 2359 3390 2424 dies,
3433 2377 3450 2411 ι
3487 2368 3647 2414 nocte

2013 2453 2159 2506 enim
2200 2452 2270 2504 ab
2320 2451 2491 2505 ebriis
2548 2452 2823 2505 ministris
2870 2451 3063 2507 illusus
3108 2462 3163 2506 et
3224 2452 3643 2522 blasphetnatus

2010 2554 2117 2609 est,
2164 2544 2418 2597 seniores
2449 2552 2503 2595 et
2534 2542 2804 2609 dignitate
2832 2546 3255 2613 prtestantiore‘s
3291 2544 3646 2617 interrogaui.

2016 2652 2171 2701 eum,
2228 2652 2356 2690 num
2400 2638 2519 2706 ipse
2560 2637 2631 2692 sit
2676 2635 2956 2692 Christus.
3005 2638 3073 2690 At
3116 2640 3231 2706 ipse
3278 2638 3647 2706 cogitationes

2010 2747 2206 2788 eorum
2239 2731 2446 2794 sciens,
2474 2740 2526 2784 et
2560 2732 2729 2800 quod,
2758 2730 2801 2783 si
2834 2730 3097 2799 operibus
3134 2746 3242 2784 non
3277 2731 3647 2785 credidissent

2011 2825 2078 2877 ad
2131 2822 2572 2891 persuadendum
2625 2821 3032 2877 etﬁcacioribus
3061 2825 3161 2889 η’,
3192 2825 3469 2892 quomodo
3514 2840 3647 2892 ergo

2010 2916 2197 2969 verbis
2247 2915 2363 2968 suis
2408 2913 2739 2969 crederent?
2792 2915 2968 2983 inquit
3005 2933 3020 2974 :
3075 2933 3094 2967 ι
3132 2916 3189 2971 Si
3238 2918 3431 2972 dixero
3463 2918 3644 2983 vobis,

2011 3024 2120 3062 non
2150 3009 2413 3064 credetis.
2451 3027 2468 3058 ι
2498 3009 2554 3062 Si
2590 3010 2737 3063 enim
2767 3009 3074 3066 crederetis
3106 3011 3290 3066 verbis
3322 3012 3484 3077 meis,
3514 3012 3646 3081 quid

2010 3118 2154 3173 opus
2190 3112 2310 3156 erat
2357 3102 2596 3158 concilio
2640 3101 2782 3155 "“?
2837 3122 2854 3153 ι
2912 3103 3009 3158 Sin
3041 3104 3475 3174 interrogavere,
3534 3120 3644 3159 non

1932 3218 1977 3281 ρ
2014 3196 2442 3266 respondebitis.
2484 3216 2502 3249 ι
2546 3194 2762 3266 Saepius
2785 3196 2932 3251 enim
2960 3206 3123 3250 antea
3156 3200 3476 3266 interrogati
3507 3198 3645 3253 silu-

2011 3301 2193 3350 erunt.
2228 3296 2287 3342 ιιι.
2338 3288 2407 3343 de
2460 3288 2795 3358 baptismate
2852 3286 3104 3355 Ioannis,
3147 3299 3201 3344 et
3245 3290 3313 3344 de
3364 3291 3469 3345 hoc
3498 3291 3647 3345 dicto

2011 3384 2318 3452 prophetae,
2368 3400 2387 3433 ι
2424 3382 2570 3435 Dixit
2620 3379 2889 3435 Dominus
2934 3380 3170 3434 Domino
3214 3396 3338 3436 meo
3375 3397 3388 3435 :
3437 3401 3453 3432 ι
3491 3391 3545 3436 et
3579 3381 3647 3435 de

2013 3477 2243 3531 muliere
2284 3477 2573 3531 incurvata
2607 3476 2677 3530 “.
2718 3473 2819 3529 Ubi
2870 3476 3036 3545 igitur
3082 3492 3169 3532 me
3222 3478 3413 3531 audito
3456 3477 3646 3532 cred.-

2010 3571 2173 3626 distis
2206 3570 2252 3601 "
2279 3571 2302 3624 ?
2329 3569 2563 3636 Quando
2597 3582 2782 3624 antem
2824 3569 3150 3637 interrogati
3207 3586 3314 3623 non
3362 3570 3595 3626 siluistis
3621 3571 3647 3624 ’ἔ

2011 3664 2309 3732 Propterea
2351 3662 2454 3717 hoc
2490 3663 2636 3728 dico,
2682 3665 2825 3731 quod
2875 3678 2939 3715 ex
2977 3666 3082 3717 hoc
3117 3674 3367 3730 tempore
3413 3679 3519 3719 non
3554 3672 3642 3720 est

2014 3770 2230 3829 tempus
2277 3772 2599 3812 sermonum
2641 3768 2695 3810 et
2736 3756 3004 3812 doctrina:
3042 3758 3110 3812 de
3156 3758 3282 3824 hoc,
3336 3758 3460 3825 quis
3512 3759 3642 3814 sim.

2012 3852 2068 3907 Si
2102 3852 2249 3907 enim
2284 3849 2601 3905 volnissetis
2623 3891 2636 3915 ,
2672 3850 2928 3918 cognitus
2970 3866 3149 3905 essem
3179 3851 3336 3905 vobis
3370 3866 3437 3905 ex
3469 3851 3647 3921 signis

2009 3955 2063 3999 et
2096 3943 2401 3999 miraculis.
2433 3940 2632 3997 Judicii
2664 3956 2850 3995 autem
2892 3951 3109 4009 tempus
3144 3956 3229 3996 est
3264 3959 3329 3997 ex
3367 3943 3470 3997 hoc
3506 3952 3646 3998 tem-

2010 4051 2165 4107 pore.
2206 4034 2479 4089 Videbitis
2510 4034 2677 4105 igitur
2714 4050 2798 4087 tne
2836 4034 3033 4089 Filium
3068 4036 3313 4090 hominis
3354 4035 3642 4091 sedentem

2010 4148 2037 4184 a
2079 4130 2291 4185 dextris
2342 4131 2564 4184 virtutis
2614 4129 2729 4184 Dei.
2762 4128 2900 4183 Ctttu
2937 4130 3105 4200 igitur
3133 4128 3459 4185 debuissent
3491 4140 3640 4185 metu

2012 4226 2311 4293 trepidare,
2364 4224 2438 4277 illi
2486 4223 2571 4277 his
2623 4222 2829 4278 auditis
2880 4223 3076 4293 majori
3149 4223 3303 4278 rabie
3351 4224 3637 4289 concitati,

2010 4318 2236 4385 perinde
2272 4332 2332 4371 ac
2370 4316 2549 4371 insani
2585 4314 2967 4386 interrogant:
3010 4334 3027 4367 t
3066 4314 3147 4370 Tu
3187 4317 3352 4387 igitur
3372 4332 3431 4372 es
3466 4317 3639 4371 Filius

2014 4411 2156 4467 Dei?
2194 4430 2212 4461 ι
2255 4410 2456 4465 Verum
2498 4410 2614 4477 ipse
2645 4410 2828 4464 medio
2854 4409 3094 4479 quodam
3133 4410 3295 4462 modo
3332 4418 3385 4462 et
3424 4408 3640 4464 ironice

2014 4503 2309 4572 respondet
2344 4518 2358 4555 :
2403 4520 2419 4552 ι
2467 4498 2573 4555 Vos
2617 4500 2721 4555 hoc
2752 4500 2938 4557 dicitis
2963 4502 3107 4570 quod
3136 4515 3237 4567 ego
3275 4502 3399 4556 sim.
3448 4520 3468 4553 ι
3505 4500 3638 4556 Ete-

292 4602 403 4657 Καὶ
439 4576 548 4671 γὰρ
580 4598 907 4669 κατεφρόνει
955 4598 1055 4667 τῆς
1081 4596 1283 4666 λύττης
1328 4594 1532 4659 αὐτῶν,
1568 4594 1663 4647 καὶ
1696 4592 1902 4663 ἀπτοή-

2017 4600 2123 4652 nim
2167 4594 2507 4667 despiciebat
2552 4596 2824 4650 insaniam
2876 4610 3098 4661 eorum,
3147 4605 3202 4651 et
3247 4595 3523 4664 intrepide
3554 4596 3638 4651 eis

287 4711 398 4759 τως
448 4695 636 4757 αὐτοῖς
687 4692 983 4760 διελέγετο.
1048 4689 1333 4743 Ἐντεῦθεν
1366 4690 1423 4742 δὲ
1477 4688 1670 4758 δῆλον,
1719 4688 1803 4739 ὅτι
1850 4688 1901 4739 οἱ

289 4787 542 4850 ἀπειθεῖς
592 4786 746 4841 οὐδὲν
798 4784 1141 4854 ὠφελοῦνται
1183 4784 1248 4835 ὲκ
1280 4782 1374 4835 τοῦ
1410 4780 1903 4834 ἀποκαλύπτεσθαι

292 4881 479 4944 αὐτοῖς
510 4881 578 4934 τὰ
618 4884 1034 4951 μυστικώτερα,
1066 4878 1207 4932 ἀλλὰ
1245 4876 1450 4947 μᾶλλον
1504 4874 1678 4928 πλείω
1731 4872 1903 4925 κατά-

295 4991 484 5045 κρισιν
539 4973 810 5043 δέχονται.
852 4974 943 5029 Διὸ
975 4973 1068 5025 καὶ
1116 4968 1576 5041 ἀποκρύπτεσθαι
1608 4967 1747 5038 πρὸς
1778 4966 1905 5029 τοὺς

293 5068 575 5131 τοιούτους
602 5068 684 5121 δεῖ
709 5085 720 5099 '
749 5066 909 5121 τοῦτο
938 5067 1049 5137 γάρ
1079 5067 1285 5139 μᾶλλον
1312 5062 1755 5134 φιλανθρωπίας.

887 5184 1143 5237 ΚΕΦΑΛ.
1184 5178 1310 5236 Kl".

290 5276 437 5346 Περὶ
475 5275 587 5345 τῆς
632 5276 963 5347 ἀπαγωγῆς
1011 5277 1117 5330 τοῦ
1163 5275 1440 5343 Σωτῆρος
1476 5276 1629 5347 πρὸς
1661 5270 1770 5325 τὸν
1798 5274 1903 5347 Πιτ

362 5344 574 5403 λάτον.
603 5350 741 5417 Περὶ
774 5344 919 5416 inab"
954 5348 1219 5416 ἸΙρώὃου
1251 5346 1726 5411 ἐξουθενήσεως.
1762 5344 1903 5411 Περὶ

362 5419 485 5475 τῶν
520 5416 913 5489 κοπτομένων
943 5420 1273 5489 γυναικῶν.
1315 5419 1452 5488 Περὶ
1495 5418 1604 5486 τῆς
1632 5416 1904 5489 σταυρώ-

366 5509 523 5556 σεως
552 5492 660 5545 τοῦ
708 5488 989 5561 Χριστοῦ.
1049 5492 1192 5559 Περὶ
1234 5492 1342 5545 τοῦ
1396 5488 1901 5559 μετανοήσαντας

364 5562 627 5630 λῃστοῦ.
657 5564 801 5631 Περὶ
837 5562 944 5631 τῆς
989 5563 1096 5616 τοῦ
1138 5564 1401 5632 Χριστοῦ
1433 5561 1655 5631 ταφῆς.

372 5701 390 5732 ι
434 5681 543 5735 Καὶ
592 5682 834 5736 ἀναστὰν
885 5684 1032 5737 ἆπαν
1082 5684 1141 5736 τὸ
1196 5684 1403 5751 πλῆθος
1450 5686 1657 5750 αὐτῶν,
1695 5687 1904 5756 ἤγαγον

292 5772 456 5823 αὐτὴν
517 5773 607 5824 ἐπὶ
660 5774 753 5826 τὸν
798 5774 1056 5828 Πιλάτου.
1116 5775 1393 5845 ’Ἤρξαντο
1446 5777 1503 5828 δὲ
1569 5787 1904 5853 κατηγορεῖν

364 5913 431 5943 ³¹⁸
473 5912 663 5968 Matth.
704 5930 776 5970 χι.
857 5916 945 5948 ¹²“
983 5917 1173 5973 Matth.
1206 5935 1317 5973 XXI.
1398 5920 1442 5950 ’³
1474 5919 1617 5978 Psal.
1664 5937 1775 5989 etx,
1816 5924 1865 5979 I.

2009 4689 2358 4760 loquebatur.
2392 4687 2532 4744 Hinc
2577 4699 2765 4742 autem
2802 4686 3155 4742 manifestum
3189 4696 3274 4743 est
3318 4688 3465 4757 quod
3511 4688 3634 4744 ino-

2009 4781 2301 4837 bedientes
2336 4782 2539 4835 nullam
2576 4782 2876 4836 utilitatem
2912 4781 3228 4851 percipiunt
3265 4796 3389 4835 cum
3426 4782 3506 4837 eis
3542 4798 3633 4838 rc-

2009 4872 2265 4927 velautur
2314 4874 2601 4944 mysteria,
2656 4874 2750 4927 sed
2800 4874 3068 4942 majorem
3118 4873 3636 4930 condemnationem

2010 4966 2314 5035 accipiunt.
2359 4966 2487 5021 Ideo
2537 4966 2646 5023 illis
2689 4967 3018 5021 occultanda
3071 4965 3244 5038 480
3296 4978 3447 5023 sunt.
3496 4966 3637 5024 Nam

2015 5058 2118 5112 hoc
2154 5058 2381 5128 majoris
2411 5068 2499 5112 est
2532 5058 2947 5113 misericordiae.

2583 5170 2818 5228 CAPUT
2866 5171 3060 5228 XXIII.

2017 5265 2295 5332 Quomodo
2326 5270 2519 5319 ductus
2549 5278 2626 5321 es!
2657 5268 2728 5321 ad
2766 5267 3028 5321 Pilatum.
3068 5270 3141 5324 De
3176 5282 3473 5326 contenmto
3504 5267 3637 5325 Iesu

2091 5344 2154 5391 ab
2208 5337 2442 5393 Herode.
2486 5340 2559 5393 De
2599 5339 2898 5409 lugentibus
2948 5342 3287 5396 mulieribus.
3338 5342 3411 5394 De
3459 5360 3635 5397 cruci-

2092 5410 2547 5533 ῇ.ιιοπ(ς16ξινξειί.
2585 5412 2658 5465 De
2696 5414 2907 5465 latrone
2939 5415 3297 5480 resipiscente.
3349 5414 3426 5468 De
3457 5417 3607 5483 δειδιιι

2092 5494 2211 5533 tura
2270 5491 2476 5533 .trtstt.

2091 5494 2211 5535 tura
2251 5491 2476 5537 ιληγιειι.

2090 5692 2258 5747 Vens.
2290 5694 2405 5747 l~5.
2444 5712 2460 5745 ι
2494 5693 2562 5747 Ει
2588 5708 2819 5762 surgens
2849 5693 3101 5747 universa
3127 5694 3419 5751 multitudo
3444 5712 3633 5751 eorum

2020 5786 2176 5841 duxit
2213 5786 2362 5839 illum
2399 5788 2466 5839 ad
2504 5784 2761 5840 Pilatum.
2792 5784 3096 5854 Cmperunt
3142 5795 3325 5842 autem
3362 5789 3507 5842 iIIum
3540 5804 3635 5843 ac-

1948 5924 1994 5956 “
2015 5923 2153 5979 an.
2198 5940 2318 5977 xm.
