4000 6404
484 379 617 448 1091

1327 377 1912 440 THEOPHYLACTI
1958 378 2370 442 BULG—ARLE
2408 377 2776 440 ARCHIEP.

3617 371 3755 437 1092

479 506 695 558 cusarc,
732 489 972 545 dicentes
1002 506 1015 542 :
1056 485 1212 542 llnnc
1240 486 1695 557 deprehendimus
1726 499 2060 542 evertentem

2170 489 2335 543 αὐτοῦ
2393 488 2673 556 λέγοντεςο
2722 483 2926 539 Τοῦτον
2976 483 3212 554 εὕρομεν
3269 482 3681 554 διαστρέφοντα
3711 486 3770 537 τὸ

485 595 720 656 gentem,
749 598 810 635 ac
841 590 1105 634 vetantem
1142 580 1347 635 tributa
1380 581 1511 634 dare
1542 579 1766 643 Caesari,
1796 580 2064 634 dicentem

479 695 539 735 se
565 678 837 734 Christum
873 689 1051 744 regem
1077 687 1218 727 esse.
1251 670 1464 726 Pilatus
1494 681 1676 724 autem
1708 671 2069 740 interrogavit

479 781 625 830 eum,
671 765 856 819 dicens
903 781 916 817 :
965 763 1045 816 Tu
1081 778 1140 818 es
1171 761 1280 837 ille
1321 777 1412 816 rex
1463 760 1816 816 Jndteornm?
1865 763 1934 815 At
1971 761 2062 816 ille

478 857 819 927 respondens
851 856 948 922 illi,
980 856 1056 908 ait
1087 872 1101 907 :
1131 853 1210 907 Tu
1237 855 1396 908 dicis.
1427 855 1519 908 Ait
1550 863 1731 907 autem
1760 853 1964 908 Pilatus
1997 855 2062 906 ad

476 950 752 1018 principes
781 949 1121 1002 sacerdomm
1153 956 1204 999 et
1233 947 1419 999 turbas
1450 964 1464 1001 :
1493 944 1638 1000 Nihil
1673 947 1892 999 invenio
1917 960 2071 999 noxa:

480 1041 535 1092 In
601 1039 704 1094 hoc
757 1039 999 1092 homine.
1051 1039 1121 1091 At
1179 1036 1252 1091 illi
1308 1037 1716 1093 invalescebant
1773 1039 2066 1091 dicentes:

480 1132 798 1186 Commovet
830 1131 1086 1200 populum
1116 1131 1317 1185 docens
1344 1145 1440 1199 per
1461 1131 1767 1186 universam
1800 1129 2064 1196 Judceam,

482 1240 715 1280 exorsus
749 1242 776 1278 a
817 1223 1036 1279 Galilzea
1085 1238 1257 1293 usque
1287 1225 1353 1277 ad
1397 1224 1542 1278 hunc
1587 1224 1787 1278 locum.
1839 1243 1856 1273 ι
1893 1223 2066 1277 Mani-

480 1315 617 1373 feste
650 1317 864 1372 veritati
897 1319 1274 1371 adversantur.
1301 1316 1405 1372 Ubi
1435 1317 1580 1370 enim
1607 1315 1883 1386 prohibuit
1909 1314 2068 1372 Jesus
2110 1299 2118 1311 ’

483 1407 682 1460 tributa
732 1408 870 1468 dari,
909 1407 998 1472 qui
1047 1415 1102 1460 ut
1136 1407 1317 1462 debita
1364 1408 1545 1477 p0tius
1588 1408 1740 1462 reddi
1786 1409 2064 1478 praecepit,

482 1500 562 1554 sic
591 1500 800 1564 dicens,
843 1517 860 1550 ι
909 1498 1138 1553 Reddite
1172 1500 1372 1553 Caesari
1411 1515 1531 1568 qua
1569 1499 1802 1554 Cesaris
1840 1501 2012 1554 sunt?
2043 1519 2062 1553 ι

481 1592 763 1657 Quomodo
815 1600 995 1645 autem
1044 1601 1351 1646 commovet
1396 1591 1654 1646 turbam?
1705 1594 1964 1662 numquid
2013 1603 2068 1646 ut

483 1697 645 1752 regna
684 1682 986 1737 invadens?
1019 1680 1122 1737 Sed
1158 1683 1474 1738 incredibile
1505 1684 1608 1738 h‘oc
1629 1685 1903 1751 omnibus,
1937 1700 2060 1739 nam

486 1792 610 1830 tum
648 1776 960 1844 agnovisset
989 1776 1131 1845 quod
1195 1777 1423 1845 pepulus
1456 1775 1612 1831 vellet
1660 1777 1834 1847 ipsum
1887 1793 2065 1848 regem

2171 581 2340 642 ἔθνος,
2378 580 2472 631 καὶ
2495 577 2771 631 κωλύοντα
2799 575 3043 646 Καίσαρι
3065 575 3264 644 φόρους
3284 573 3513 636 διδόναι,
3539 573 3772 642 λέγοντα

2171 672 2363 725 ἑαυτὸν
2411 670 2650 740 Χριστὸν
2691 668 2917 737 βασιλέα
2965 661 3130 720 εἶναι.
3193 666 3253 718 '0
3286 666 3347 720 δὲ
3385 665 3628 727 Πιλᾶτος
3673 667 3772 718 ἑπ-

2171 765 2457 836 ηρώτησεν
2493 763 2662 816 αὑτὸν
2697 762 2870 830 λέγων
2901 777 2915 790 °
2943 761 3015 813 Σὺ
3051 756 3102 812 εἷ
3124 762 3152 813 6
3185 759 3443 830 βασιλεὺς
3474 760 3588 811 τῶν
3645 758 3774 812 Ἰου-

2170 858 2372 921 δαίωνς
2418 858 2478 910 Ὀ
2513 857 2568 910 δὲ
2609 855 2934 925 ἀποκριθεὶς
2981 853 3132 924 αὐτῷ
3163 853 3267 923 ἔφη
3294 870 3306 883 ·
3343 853 3414 906 Σὶι
3461 853 3670 922 λέγεις.
3716 852 3772 904 '0

2171 951 2226 1003 δὲ
2259 951 2488 1010 Πιλᾶτος
2509 946 2633 1002 εἷπε
2653 950 2789 1022 πρὸς
2817 950 2944 1012 τοὺς
2971 951 3248 1019 ἀρχιερεῖς
3272 947 3366 1001 καὶ
3397 949 3528 1010 τοὺς
3554 947 3770 1016 ὄχλους·

2171 1043 2338 1095 Οὐδὲν
2367 1043 2624 1114 εὑρίσκω
2659 1043 2833 1095 αίτιον
2867 1044 2923 1095 ὲν
2952 1041 3029 1112 τῷ
3061 1039 3338 1110 ἀνθρώπῳ
3375 1041 3582 1110 τούτῳ.
3624 1041 3689 1094 Οἱ
3717 1041 3773 1094 δὲ

2172 1133 2432 1201 ἐπίσχυον
2466 1133 2743 1201 λέγοντες,
2777 1133 2859 1184 ὅτι
2901 1129 3173 1184 Ἀνασείει
3201 1128 3295 1181 τὸν
3341 1128 3472 1181 λαὸν
3499 1128 3773 1180 διδάσκων

2173 1224 2296 1277 καθ’
2348 1224 2478 1294 ὅλης
2523 1223 2624 1291 τῆς
2666 1222 2930 1286 Ἰουδαίας
2960 1221 3272 1291 ἀρξάμενος
3316 1217 3430 1273 ἀπὸ
3471 1219 3577 1289 τῆς
3617 1219 3776 1272 Γαλιι

2170 1317 2330 1378 λαίας
2372 1315 2478 1377 ἕως
2518 1307 2641 1368 ὧδε.
2713 1333 2732 1364 ι
2786 1313 3088 1384 Προφανῶς
3120 1314 3500 1365 ἐναντιοῦνται
3536 1315 3606 1381 τῇ
3640 1311 3773 1380 ἀλη-

2172 1409 2311 1480 Θεέᾳ.
2350 1408 2460 1462 Ποῦ
2492 1408 2600 1477 γὰρ
2650 1405 2926 1460 ἐκώλυσεν
2976 1409 3002 1459 6
3046 1405 3253 1474 Ἰησοῦς
3287 1404 3494 1476 φόρους
3545 1402 3770 1468 διδόναι,

2170 1502 2308 1553 ὅπου
2353 1517 2419 1568 γε
2490 1499 2698 1569 μᾶλλον
2742 1498 2819 1560 ώς
2867 1498 3032 1568 χρέος
3085 1496 3400 1550 ἀποδιδόναι
3453 1495 3771 1558 ἐκέλευσεν,

2169 1593 2344 1655 οὕτως
2373 1591 2564 1656 εἰπὼν,
2617 1610 2635 1643 ι
2695 1591 2952 1644 Ἀπόδοτε
2981 1589 3050 1642 τὰ
3102 1588 3385 1658 Καίσαρος
3420 1588 3709 1660 Καίσαρες
3748 1607 3766 1639 ι

2172 1682 2298 1747 Πῶς
2335 1683 2395 1736 δὲ
2426 1681 2670 1736 ἀνασείει
2695 1683 2784 1735 τὸν
2812 1681 3001 1750 ὅχλονς
3035 1676 3162 1752 'Ap‘
3191 1679 3266 1744 ὼς
3295 1678 3553 1751 βασιλείᾳ
3586 1681 3770 1749 ἐγχει-

2175 1775 2316 1846 ρῶνς
2373 1773 2514 1828 Ἀλλ’
2560 1774 2829 1828 ἀπίθανον
2856 1773 3016 1827 τοῦτο
3049 1773 3406 1826 παντάπασι·
3446 1772 3544 1824 καὶ
3578 1773 3771 1844 βουλον

486 1866 686 1933 facere,
715 1869 942 1923 secessit
975 1885 989 1923 :
1024 1869 1164 1923 unde
1197 1879 1250 1923 et
1278 1867 1488 1923 Pilatus
1514 1871 1920 1937 deprehendens
1949 1871 2066 1925 illo-

2174 1869 2342 1938 μένου
2395 1869 2502 1939 γὰρ
2558 1868 2721 1922 αὑτὸν
2766 1867 2862 1920 τοῦ
2927 1866 3170 1936 πλήθους
3226 1866 3455 1936 βασιλέα
3513 1864 3768 1937 ποιῆσαι,

483 1973 605 2012 rum
670 1959 1113 2028 symphantiam,
1176 1959 1376 2013 fatctnr
1429 1979 1442 2015 ;
1507 1981 1525 2012 ι
1585 1958 1795 2015 Nullam
1853 1964 2068 2017 invenio

484 2063 676 2103 noxam
729 2053 780 2103 in
829 2052 1047 2104 homine
1085 2052 1206 2107 hoc.
1246 2071 1265 2103 ι
1312 2051 1538 2108 Videtur
1584 2064 1765 2108 autem
1803 2055 1935 2108 mihi
1965 2056 2066 2110 ista

484 2141 914 2211 interrogatione
957 2160 1118 2211 quam
1170 2142 1300 2198 facit
1352 2161 1480 2216 erga
1539 2147 1843 2212 Christum,
1891 2149 2070 2203 ridere

486 2234 835 2288 calumniam.
881 2233 1012 2289 Rem
1061 2238 1204 2289 enim
1244 2239 1418 2307 ipsam
1457 2240 1778 2306 subsannat,
1826 2241 2015 2296 dicens
2051 2260 2065 2296 :

500 2346 518 2366 ο
545 2325 625 2381 Tu
659 2342 720 2382 es
753 2344 846 2382 rex
874 2326 1237 2384 .ludamrum?
1275 2349 1292 2380 ι
1342 2333 1497 2403 quasi
1525 2335 1605 2387 sic
1638 2333 1782 2388 dicat
1820 2351 1834 2389 :
1869 2333 1947 2388 Tu
1973 2335 2068 2406 qui

483 2429 594 2473 tam
633 2436 856 2491 panper,
892 2431 996 2475 tam
1041 2423 1181 2488 vilis,
1217 2430 1325 2477 tam
1359 2428 1648 2481 destitutus
1687 2429 1924 2492 auxilio,
1960 2439 2068 2483 tam

484 2515 660 2568 nudus
693 2529 786 2579 es,
837 2516 1118 2570 accusaris
1160 2532 1383 2587 regnum
1436 2520 1686 2574 ambire?
1739 2520 1850 2576 lloc
1886 2533 2066 2577 autem

483 2605 782 2661 deridentis
815 2619 914 2673 est,
953 2617 1009 2660 ut
1054 2609 1312 2676 diximus,
1347 2625 1442 2664 eos
1485 2611 1575 2680 qui
1616 2611 1668 2665 in
1718 2614 1801 2667 his
1841 2629 2068 2669 accusa-

499 2698 627 2752 bant
674 2699 884 2763 Jcsuiu,
922 2703 1062 2770 quod
1113 2702 1320 2772 firgant
1358 2703 1514 2758 talem
1556 2721 1666 2759 rem
1715 2709 1968 2761 attentari
2000 2710 2068 2764 ab

483 2792 702 2846 homine
744 2803 849 2846 tam
904 2796 1043 2847 nudo
1076 2806 1239 2864 atque
1281 2797 1392 2859 vili,
1432 2797 1496 2849 ad
1541 2812 1703 2861 quam
1759 2806 1835 2851 tot
1867 2799 2069 2853 divitiis

482 2892 642 2951 atque
677 2885 941 2952 prazsidiis
978 2902 1112 2954 opus
1144 2897 1247 2940 est.
1285 2885 1484 2942 Verum
1521 2889 1572 2942 hi
1607 2903 1729 2942 cum
1763 2890 1898 2944 nihil
1925 2890 2069 2944 aliud

482 2974 740 3030 haberent
782 2979 845 3029 ad
873 2981 1283 3047 sycophantiam
1322 2979 1776 3045 confirmandam,
1811 2982 2068 3037 clamoris

480 3075 702 3117 utuntur
741 3068 964 3130 auxilio,
1013 3079 1066 3122 et
1099 3069 1472 3124 clamaverunt
1504 3083 1692 3126 contra
1733 3073 1896 3128 Deum
1935 3072 2068 3128 Ver-

475 3160 627 3212 hnm.
660 3157 979 3214 Commovet
1020 3161 1185 3225 enim,
1221 3162 1494 3232 inquiunt,
1544 3166 1644 3218 hoc
1690 3175 1792 3230 est,
1833 3167 2061 3222 seditio-

480 3267 600 3304 sum
640 3251 766 3305 facit
806 3257 1054 3322 populum
1103 3272 1118 3310 :
1169 3268 1221 3310 et
1269 3272 1377 3310 non
1422 3257 1472 3310 in
1525 3275 1628 3312 una
1676 3269 1848 3329 parte,
1894 3263 1988 3315 sed
2035 3277 2064 3314 a

481 3341 699 3396 Galiltea
739 3346 971 3412 incepit,
1003 3355 1056 3400 et
1089 3349 1332 3414 pervenit
1372 3349 1671 3419 hucusque,
1707 3369 1801 3422 per
1836 3355 2066 3408 mediam

476 3434 714 3489 Judaeam
748 3438 1035 3492 transiens.
1066 3437 1181 3492 Non
1227 3441 1548 3511 simpliciter
1598 3457 1777 3500 autem
1814 3448 1944 3501 mihi
1984 3450 2062 3501 ti-

480 3529 675 3582 dentur
704 3530 1015 3586 meminisse
1041 3529 1294 3598 Galilaztr,
1318 3536 1408 3588 sed
1436 3534 1488 3588 iu
1523 3546 1790 3593 terrorem
1816 3537 1972 3594 Pilati
1996 3540 2063 3591 ".

481 3617 612 3673 Nam
646 3621 848 3676 Galilad
882 3638 1098 3693 semper
1142 3627 1411 3690 seditiosi,
1450 3631 1743 3699 rerumque
1784 3644 2070 3687 novatores

483 3713 654 3778 ruere,
693 3714 867 3783 qualis
900 3726 1015 3769 erat
1037 3729 1090 3771 et
1117 3716 1283 3772 Judas
1306 3718 1580 3784 Galilaeus.
1610 3723 1764 3790 cujus
1786 3724 2067 3779 recordari

482 3806 682 3861 faciunt
714 3807 962 3875 Pilatum,
995 3813 1153 3880 quasi
1181 3813 1248 3865 ita
1274 3814 1514 3868 dicentes
1546 3833 1559 3871 :
1595 3815 1803 3885 Cogita.
1842 3832 2066 3884 prmses,

483 3897 675 3951 Jadam
710 3897 1014 3964 Galilarum,
1057 3902 1148 3971 (ᾑιί
1197 3902 1420 3956 multum
1457 3906 1658 3972 negotii
1712 3904 1838 3960 fecit
1874 3905 2070 3961 Roma-

479 3992 585 4056 nis,
620 3989 757 4045 facta
797 4008 900 4046 non
939 4009 1101 4062 parva
1152 3996 1421 4049 seditione
1461 3997 1645 4066 p0puli
1685 4013 1702 4052 ι
1739 3997 1860 4052 talis
1890 4009 1943 4053 et
1982 3999 2067 4054 hic

475 4093 580 4145 est,
616 4097 774 4150 quem
801 4096 1016 4152 oportet
1054 4102 1083 4140 e
1113 4087 1292 4140 medio
1319 4087 1526 4142 tollere.

2170 1963 2334 2030 γνοὺς
2367 1961 2740 2032 ἀνεχώρησεν.
2777 1951 2939 2016 Ὅθεν
2969 1961 3060 2014 καὶ
3091 1961 3324 2025 Πιλᾶτος
3363 1962 3421 2012 ὲν
3456 1961 3771 2032 καταλήψει

2169 2056 2270 2125 τῆς
2309 2055 2680 2123 συκοφαντίας
2711 2057 3027 2124 γενόμενος,
3057 2053 3315 2124 ὁμολογεῖ
3342 2096 3357 2116 ,
3404 2055 3490 2107 ὅτι
3535 2072 3555 2103 ι
3601 2054 3772 2107 Οὐδὲν

2171 2148 2413 2216 εὑρίσκω
2451 2148 2624 2200 αἴτιον
2660 2151 2716 2200 ὲν
2757 2146 2832 2217 τῷ
2872 2146 3149 2218 ἀνθρώπῳ
3178 2146 3374 2215 τούτῳ.
3433 2165 3452 2198 ι
3502 2150 3669 2200 Δοκεῖ
3713 2146 3772 2200 δέ

2177 2256 2267 2308 μοι
2293 2239 2388 2290 καὶ
2419 2237 2616 2309 αὖτηή
2648 2237 2939 2307 ἐρώτησις.
2981 2239 3048 2308 ἣν
3080 2238 3488 2309 ποιεῖτανπρδς
3520 2239 3618 2292 τὸν
3645 2239 3774 2308 Χρι-

2174 2331 2319 2397 στὸν,
2357 2331 2450 2384 ἐπὶ
2482 2332 2824 2398 καταγέλωτι
2878 2332 2976 2400 τῆς
3008 2331 3382 2400 συκοφαντίας
3433 2326 3606 2384 εἶναι.
3648 2332 3773 2400 Μυ-

2173 2423 2427 2497 κτηρίξει
2460 2425 2569 2496 γὰρ
2602 2425 2665 2478 τὸ
2694 2428 2930 2497 πρᾶγμα
2960 2426 3135 2492 λέγων
3155 2440 3170 2455 ⁹
3212 2443 3230 2475 ι
3266 2425 3337 2478 Σὺ
3365 2419 3415 2477 εἷ
3445 2427 3472 2477 ὁ
3509 2425 3772 2495 βασιλεές

2171 2518 2280 2571 τῶν
2329 2518 2639 2582 Ἱουδαίωνς
2701 2537 2718 2569 ι
2783 2520 3070 2588 μονονουχὶ
3137 2517 3297 2572 τοῦτο
3351 2517 3565 2586 λέγων·
3631 2519 3704 2572 Σὺ
3744 2524 3772 2572 6

2173 2611 2368 2682 πένης,
2400 2613 2429 2664 6
2454 2611 2699 2682 εὐτελὴς,
2734 2613 2762 2664 ὀ
2795 2612 3020 2681 γυμνὸς,
3069 2615 3096 2664 6
3134 2610 3437 2684 ἀὸοήθητος
3475 2617 3769 2684 κατηγορῇ

2173 2700 2266 2754 ἐπὶ
2305 2701 2383 2770 τῷ
2418 2700 2694 2769 βασιλεὲας
2733 2701 3018 2768 ἐφίεσθαις
3056 2701 3232 2754 Τοῦτο
3261 2702 3318 2755 δὲ
3346 2702 3771 2770 καταγελῶντός

2172 2794 2346 2855 ἐστιν,
2377 2793 2453 2855 ώς
2498 2793 2731 2862 ἔφημεν,
2777 2793 2889 2845 τῶν
2932 2794 3109 2846 ταῦτα
3152 2795 3611 2864 κατηγορούντων
3669 2793 3770 2848 τοῦ

2175 2885 2374 2956 Ἰησοῦ,
2406 2888 2486 2938 ὅτι
2535 2886 2626 2938 τὸν
2671 2885 2842 2950 οὕτως
2888 2885 3104 2956 εὐτελῆ,
3145 2887 3239 2938 καὶ
3269 2887 3497 2956 γυμνὸν,
3533 2887 3770 2957 τοιούτῳ

2174 2981 2465 3049 πράγματι
2521 2980 2820 3050 ἐπιχειρεῖν
2871 2979 3221 3040 πλάττονται,
3275 2980 3493 3034 πολλῶν
3522 2981 3772 3052 δεομένῳ

2173 3070 2269 3122 καὶ
2302 3071 2610 3140 χρημάτων
2645 3070 2742 3122 καὶ
2774 3070 3109 3140 ἐπικούρων.
3144 3072 3205 3124 Οἱ
3235 3072 3292 3125 δὲ
3344 3073 3515 3143 μηδὲν
3549 3072 3772 3144 ἔχοντες

2172 3159 2300 3213 ἄλλο
2331 3161 2468 3232 πρὸς
2506 3161 2604 3231 τὴν
2655 3163 3020 3230 συκοφαντίαν
3063 3162 3344 3234 βοήθημα,
3385 3169 3508 3228 ταῖς
3558 3170 3771 3234 φωναῖς

2169 3254 2410 3323 χρῶνται
2440 3254 2576 3322 πρὸς
2610 3261 2926 3325 συνεργίαν,
2981 3257 3077 3310 καὶ
3130 3259 3439 3333 κεκράγασι
3473 3260 3618 3313 κατὰ
3672 3259 3768 3312 τοῦ

2166 3345 2302 3398 Θεοῦ
2346 3347 2541 3414 Λόγου.
2587 3348 2856 3400 ’Δνασείει
2890 3349 3019 3420 γὰρ,
3072 3350 3577 3420 φησ“ι,,τουτὲστιν,
3629 3355 3768 3410 ἀνα·

2172 3441 2362 3493 στατεί
2389 3439 2481 3491 τὸν
2507 3439 2655 3501 λαὸν,
2696 3442 2786 3492 καὶ
2820 3442 2920 3493 οὐκ
2953 3443 3010 3493 ὲν
3043 3442 3123 3494 ἐνὶ
3163 3444 3342 3514 μέρει,
3376 3444 3494 3496 ἀλλ’
3520 3447 3632 3499 ἀπὸ
3669 3447 3770 3518 μὲν

2168 3536 2266 3604 τῆς
2305 3534 2594 3596 Γαλιλαίας
2627 3534 2855 3605 ἤρξατο,
2910 3534 3111 3604 ἔφθασε
3146 3536 3202 3588 δὲ
3231 3536 3339 3600 ἓως
3373 3531 3499 3601 ὦδε,
3545 3540 3638 3593 διὰ
3673 3542 3758 3610 μέ·

2172 3645 2268 3697 σης
2303 3629 2402 3696 τῆς
2464 3626 2725 3687 ἰουδαίας
2765 3627 3009 3682 διελθών.
3041 3629 3152 3697 Οὐχ
3184 3629 3372 3694 ἁπλῶς
3417 3630 3474 3682 δέ
3538 3650 3632 3700 μοι
3674 3633 3763 3687 δο-

2169 3721 2324 3773 κοῦσι
2359 3720 2673 3791 μεμνῆσθαι
2703 3721 2805 3789 τῆς
2839 3721 3152 3785 Γαλιλαίας,
3186 3721 3300 3776 ἀλλ’
3337 3725 3417 3786 εἰς
3450 3725 3621 3792 φόϐον
3671 3729 3764 3779 τὶν

2169 3814 2399 3867 Πιλᾶτον
2435 3813 2756 3876 ὲνσείοντες.
2795 3815 2906 3866 Καὶ
2954 3814 3062 3883 γὰρ
3115 3817 3163 3866 οἱ
3203 3815 3476 3869 Γαλιλαῖοι
3524 3817 3768 3872 τοιοῦτοι

2165 3908 2271 3970 ἀεὶ,
2310 3907 2656 3970 στασιασταὶ,
2708 3909 2802 3958 καὶ
2854 3910 3245 3978 νεωτερισμοῖς
3296 3910 3716 3981 ἐπιχειροῦντες
3746 3931 3761 3945 ο

2165 3993 2277 4061 οἷος
2305 4000 2399 4051 καὶ
2448 3999 2655 4062 Ἰούδας
2705 4003 2732 4053 ὁ
2787 3999 3069 4064 Γαλιλαῖος
3096 4017 3109 4030 ·
3146 3995 3209 4055 οὗ
3255 4003 3350 4056 καὶ
3389 4007 3469 4066 εὶς
3535 4009 3766 4076 μνήμην

2165 4091 2428 4160 ὲμὸαλεῖν
2463 4093 2676 4146 ἐοίκασι
2715 4093 2804 4145 τὸν
2839 4094 3092 4159 Πιλᾶτον,
3131 4095 3414 4166 μονονουχὶ
3445 4081 3627 4151 ’τοῦτο
3674 4100 3767 4152 λέ-

474 4190 694 4244 γοντες·
751 4173 1119 4244 Ἀναλόγισαι,
1174 4178 1420 4248 ἡγεμὼν,
1467 4180 1560 4232 τὸν
1595 4181 1878 4235 Γαλιλαῖον
1929 4181 2153 4247 Ἰούδαν,
2225 4185 2282 4246 ὃς
2313 4184 2485 4237 πολλὰ
2516 4185 2820 4254 πράγματα
2866 4186 3160 4253 Ῥωμαίοις
3232 4189 3512 4260 παρέσχεν
3541 4232 3556 4254 ,
3627 4194 3766 4245 ἀνα-

481 4265 763 4328 στατώσας
796 4270 895 4320 οὐκ
931 4271 1112 4337 ὀλίγον
1150 4271 1313 4341 μέρος
1345 4273 1439 4324 τοῦ
1482 4273 1634 4326 λαοῦ.
1664 4275 1920 4340 Τοιοῦτος
1963 4279 2057 4329 καὶ
2097 4271 2273 4343 οὗτος,
2301 4277 2358 4329 ὃν
2392 4276 2473 4329 δεῖ
2501 4277 2564 4329 ἐκ
2601 4279 2778 4330 ποδῶν
2813 4278 3104 4331 ποιεῖσθαι.

555 4357 722 4414 Vens.
780 4361 930 4415 6-27.
992 4382 1008 4411 ι
1066 4362 1271 4417 Pilatus
1326 4379 1507 4420 autem
1564 4369 1739 4420 audita
1791 4371 2063 4424 inuentione
2101 4381 2140 4433 ο

475 4449 729 4517 Ουιίιιιιιιι,
781 4455 1139 4524 interrogavit
1198 4473 1322 4510 num
1382 4459 1541 4512 homo
1593 4459 1846 4515 Galilaeus
1891 4461 2052 4533 48],

475 4553 622 4599 esset
665 4561 680 4602 :
727 4554 780 4600 et
824 4556 880 4599 ut
925 4549 1178 4615 Cognovit
1221 4550 1364 4618 quod
1411 4552 1477 4605 ad
1524 4533 1769 4608 Herodis.
1801 4554 2061 4608 ditionem

474 4638 792 4708 pertineret,
836 4641 1047 4695 remisit
1085 4657 1208 4696 eum
1251 4645 1316 4697 ad
1358 4645 1650 4710 Herodem,
1700 4648 1788 4715 qui
1840 4658 1898 4702 et
1952 4647 2064 4716 ipse

476 4730 870 4801 Hierosolymis
926 4747 1042 4786 erat
1092 4751 1185 4802 per
1218 4736 1268 4788 id
1310 4749 1540 4805 tempus.
1587 4739 1824 4794 llerodcs
1882 4753 2058 4794 autem

481 4823 596 4876 viso
626 4821 751 4876 Jesu
795 4825 1013 4897 gavisus
1044 4837 1125 4880 est
1166 4829 1336 4881 valde.
1379 4829 1687 4885 Terrebatur
1723 4833 1866 4886 enim
1895 4832 2061 4887 multo

472 4915 582 4981 jam
635 4925 879 4986 tempore
931 4921 1227 4988 cupiditate
1285 4924 1499 4977 videndi
1553 4925 1746 4990 illum,
1806 4942 1871 4980 eo
1919 4927 2058 4996 quod

473 5009 687 5063 audiret
756 5010 921 5064 multa
974 5015 1039 5068 de
1105 5030 1206 5076 eo.
1267 5026 1330 5085 et
1396 5019 1652 5086 sperabat
1717 5033 1777 5073 se
1842 5024 2056 5089 signum

475 5100 689 5170 aliquod
747 5105 990 5158 visurum
1043 5107 1111 5160 ab
1148 5122 1212 5161 eo
1260 5109 1394 5162 lieri.
1452 5108 1824 5182 Interrogahat
1877 5121 2056 5165 autetn

475 5209 596 5247 enm
633 5196 816 5252 multis
867 5202 1211 5255 sermonibus
1249 5219 1264 5258 :
1296 5213 1349 5254 at
1395 5205 1509 5272 ipse
1538 5206 1668 5258 nihil
1701 5206 1773 5258 illi
1832 5220 2061 5275 respon-

474 5287 662 5341 debat.
734 5291 963 5343 Stabant
1027 5304 1206 5346 autem
1277 5297 1546 5365 principes
1611 5301 1952 5353 sacerdotum
2007 5310 2060 5353 et

477 5382 684 5437 Scriba:
738 5386 939 5438 acriter
985 5399 1302 5443 accusantes
1342 5405 1488 5445 cum.
1525 5391 1740 5462 Sprevit
1779 5405 1960 5446 autem
1994 5393 2057 5446 il-

477 5473 582 5527 lum
625 5477 861 5531 Herodes
902 5496 1022 5533 eum
1071 5484 1402 5538 exercitibus
1438 5489 1551 5541 Suis
1598 5505 1610 5544 :
1656 5504 1890 5556 cumque
1940 5487 2058 5540 illn-

475 5567 654 5629 sissirt,
689 5570 927 5623 indutum
956 5584 1106 5629 veste
1129 5575 1406 5645 splendida
1440 5580 1642 5632 remisit
1673 5581 1738 5634 ad
1766 5580 1998 5634 Pilatum
2040 5599 2053 5638 :

475 5669 526 5708 et
557 5659 683 5711 l'ao'ti
718 5675 836 5713 sunt
874 5665 1034 5720 amici
1074 5668 1214 5723 inter
1255 5684 1374 5726 sese
1407 5670 1610 5726 Pilatus
1640 5682 1693 5725 et
1728 5673 1968 5728 Herodes
1999 5673 2052 5725 in

554 5841 594 5869 ’⁵
621 5841 737 5890 Act.
774 5855 822 5900 ν,
853 5840 940 5892 57.

2251 4389 2268 4420 ι
2308 4372 2368 4423 Ὀ
2399 4369 2493 4423 οὖν
2516 4371 2746 4433 Πιλᾶτος
2779 4371 3022 4435 ἀκούσας
3053 4374 3371 4440 Γαλιλαίαν,
3397 4380 3765 4450 ἐπηρώτησεν

2174 4464 2222 4515 εἰ
2257 4466 2283 4515 6
2313 4463 2602 4533 ἄνθρωπος
2651 4464 2937 4527 Γαλιλαῖός
2979 4468 3118 4530 ἐστι,
3158 4469 3253 4521 καὶ
3288 4470 3545 4536 ἐπιγνοὺς
3576 4473 3662 4525 ὃτι
3703 4477 3766 4528 ὲκ

2169 4554 2267 4623 τῆς
2299 4552 2548 4618 ἐξουσίας
2585 4556 2824 4626 Ἡρώδου
2854 4557 3024 4622 ἐστὶν,
3071 4559 3390 4630 ἀνέπεμψεν
3425 4564 3591 4615 αὑτὸν
3625 4567 3766 4634 πρὸς

2179 4648 2448 4720 Ἡρώδην,
2505 4650 2634 4702 ὄντα
2667 4653 2761 4704 καὶ
2810 4653 2970 4705 αὑτὸν
3005 4656 3061 4706 ἐν
3104 4654 3499 4726 Ἱεροσολύμοις
3535 4662 3595 4712 ὲν
3628 4664 3763 4715 ταύ-

2166 4758 2285 4804 ταις
2317 4746 2433 4806 ταῖς
2469 4744 2728 4814 ἡμέραις.
2778 4745 2840 4799 '0
2862 4745 2917 4797 δὲ
2959 4747 3203 4818 Ἡρώδης
3241 4749 3363 4801 ἰδὼν
3389 4751 3480 4803 τὸν
3526 4754 3758 4823 Ἰησοῦν,

2165 4837 2337 4905 ὲχάρη
2375 4839 2518 4890 λίαν.
2566 4835 2672 4888 Ἦν
2708 4838 2817 4909 γὰρ
2847 4837 3018 4892 θέλων
3056 4841 3115 4906 ἐξ
3154 4842 3342 4896 ίκανοῦ
3399 4845 3530 4897 ίδεῖν
3563 4849 3756 4908 αὑτὸν,

2164 4931 2254 4982 διὰ
2314 4931 2374 4982 τὸ
2426 4930 2647 4983 ἀκούειν
2692 4931 2865 4984 πολλά
2915 4934 3045 5004 περὶ
3098 4935 3286 4997 αὐτοῦ,
3325 4921 3417 4988 καὶ
3451 4937 3657 5008 ἤλπιζέ
3711 4959 3760 4993 τι

2167 5027 2396 5092 σημεῖον
2455 5023 2584 5076 ἰδεῖν
2619 5025 2710 5076 ὑπ’
2774 5024 2938 5078 αὑτοῦ
2977 5028 3282 5096 γινόμενον.
3358 5030 3659 5100 Ἐπηρώτα
3705 5035 3759 5087 δὲ

2166 5117 2329 5168 αὑτὸν
2359 5119 2416 5168 ὲν
2451 5117 2634 5185 λόγοις
2668 5119 2877 5182 ἱκανοῖς
2903 5136 2916 5150 ·
2951 5122 3113 5183 αὐτὸς
3141 5121 3198 5174 δὲ
3226 5122 3380 5175 οὐδὲν
3413 5127 3761 5195 ἁπεκρίνατο

2159 5208 2328 5277 αὐτῷ.
2385 5210 2745 5280 Εἰστήκεισαν
2772 5212 2827 5263 δὲ
2862 5213 2910 5263 οἱ
2952 5215 3234 5283 ἀρχιερεῖς
3265 5216 3362 5267 καὶ
3399 5217 3444 5266 οί
3487 5216 3760 5286 Γραμμα-

2161 5305 2270 5364 τεῖς
2323 5303 2554 5365 εὐτόνως
2602 5302 3044 5373 κατηγοροῦντες
3097 5304 3290 5358 αὑτοῦ.
3359 5305 3759 5376 Ἐξουθενήσας

2160 5395 2214 5446 δὲ
2247 5396 2414 5447 αὑτὸν
2458 5396 2486 5447 6
2530 5394 2779 5466 Ἡρώδης
2815 5397 2910 5449 σὺν
2959 5399 3067 5458 τοῖς
3107 5398 3517 5467 στρατεύμασιν
3563 5403 3756 5462 αὑτοῦ,

2162 5491 2255 5542 καὶ
2284 5489 2594 5557 ἐμπαίξας,
2644 5489 2959 5558 περιϐαλὼν
3005 5490 3154 5559 αὐτῷ
3210 5493 3416 5562 ἐσθῆτα
3467 5495 3755 5566 λαμπρξν,

2160 5581 2473 5650 ἀνέπεμψεν
2521 5581 2682 5634 αὐτὸν
2724 5581 2803 5650 τῷ
2831 5583 3068 5653 Πιλὰτῳ.
3117 5584 3396 5651 Ἐγένοντο
3445 5587 3500 5639 δὲ
3545 5589 3689 5657 φίλοι
3730 5592 3758 5642 ὅ

2161 5674 2480 5737 "tantum;
2525 5675 2663 5727 καὶὸ
2705 5675 2954 5744 Ἡρώδης
3008 5678 3063 5728 ἐν
3097 5677 3231 5746 αὑτῇ
3282 5680 3346 5747 τῇ
3398 5680 3588 5752 ἡμέρα
3637 5681 3754 5749 μετ’
