4000 6400
206 388 344 457 i093

882 388 1331 449 ENARRATIO
1369 388 1450 448 IN
1494 387 2007 449 EVANGELIUM
2042 389 2279 450 LUCrﬁ.
2326 412 2385 425 ν
2423 390 2583 453 CAP.
2624 392 2856 456 XXIII.

3387 384 3524 455 ίθθί

200 506 489 579 ἀλλήλων·
539 504 904 576 προϋπῆρχον
958 504 1068 572 γὰρ
1119 506 1179 556 ἐν
1228 504 1400 575 ἔχθρᾳ
1460 503 1614 567 ὄντες
1668 503 1803 573 πρὸς

1918 505 2247 562 eodemdic.
2283 503 2416 558 Nam
2454 516 2617 563 antea
2657 503 2911 562 simultas
2940 504 3085 561 inter
3128 518 3224 560 eos
3259 504 3523 560 interces-

201 596 456 660 ἑαυτούς.
489 596 727 659 Πιλάτος
754 597 809 650 δὲ
837 594 1326 664 συγκαλεσάμενος
1350 595 1477 656 τοὺς
1501 596 1803 665 ἀρχιερεῖς,

200 692 300 744 καὶ
328 690 457 753 τοὺς
490 688 787 758 ἄρχοντας,
818 689 914 741 καὶ
950 687 1219 752 τὸνλαον,
1244 681 1367 739 εἷπε
1392 687 1531 757 πρὸς
1562 688 1762 749 αὐτούς
1787 704 1801 718 ·

203 780 630 853 Προσηνέγκατέ
666 798 757 851 μοι
799 781 890 832 τὸν
934 780 1225 849 ἄνθρωπον
1272 782 1485 843 τοῦτον,
1536 779 1612 841 ὡς
1665 782 1802 831 ἀπο.

201 876 512 943 στρέφοντα
566 874 659 927 τὶν
693 872 841 925 ,λαόν
867 888 881 903 ’
931 872 1027 925 καὶ
1080 872 1189 926 ίδοὺ
1237 871 1349 939 ἐγὼ
1382 872 1616 925 ἐνώπιον
1652 872 1808 941 ὑμῶν

200 967 535 1035 ἀνακρίνας,
567 965 720 1018 οὐδὲν
757 957 919 1035 εὗρον
954 967 1012 1016 ὲν
1043 962 1122 1034 τῷ
1168 961 1450 1032 ἀνθρώπῳ
1499 961 1677 1032 τούτῳ
1718 962 1806 1012 ai-

195 1077 336 1123 τιον,
371 1052 448 1112 ὧν
479 1059 843 1127 κατηγορεῖτε
874 1056 997 1109 κατ’
1052 1055 1220 1109 αὐτοῦ
1246 1072 1257 1084 ·
1308 1054 1425 1108 ἀλλ’
1455 1054 1577 1106 οὐδὲ
1626 1052 1806 1121 Ἠρώ-

195 1155 297 1222 δης
322 1170 335 1183 '
372 1152 669 1223 ἀνέπεμψα
692 1151 803 1222 γὰρ
834 1152 979 1222 ὑμᾶς
1003 1150 1144 1220 πρὸς
1170 1148 1359 1216 αὑτὸν,
1393 1147 1486 1201 καὶ
1515 1148 1624 1199 ίδοὺ
1651 1146 1808 1199 οὐδὲν

196 1248 352 1313 ἄξιον
380 1245 613 1300 θανάτου
648 1247 798 1299 ἐστὶν
835 1246 891 1297 ὲν
930 1242 1081 1313 αὐτῷ
1113 1241 1530 1311 πεπραγμένον.
1574 1240 1807 1294 Παιδεύ-

199 1354 301 1399 σας
351 1331 445 1390 οῦν
502 1334 782 1389 ἀπολύσω.
831 1334 1107 1401 Ἀνάγκην
1171 1333 1225 1386 δὲ
1306 1328 1462 1403 εἶχον
1542 1330 1806 1384 ἀπολύειν

196 1429 416 1502 ἑαυτοῖς
450 1427 594 1481 κατά
626 1427 820 1497 ἑορτὴν
852 1425 970 1478 ἕνα.
1021 1425 1359 1495 Ἀνέκραξαν
1386 1426 1444 1478 δὲ
1477 1423 1807 1495 παμπληθελ⁵

188 1504 451 1589 λέγοντες
469 1536 482 1551 ο
521 1516 655 1591 Αἶρε
684 1517 902 1583 τοῦτον,
929 1518 1207 1571 ἀπόλυσον
1237 1518 1291 1571 δὲ
1313 1520 1446 1590 ἡμῖν
1474 1516 1769 1587 Βαραϐϐᾶν
1788 1532 1801 1546 ·

194 1617 350 1679 ὅστις
379 1610 450 1686 ἦν
488 1614 576 1667 διά
611 1613 804 1667 στάσιν
834 1611 959 1665 τινὰ
989 1612 1296 1682 γενομένην
1329 1612 1473 1681 ἐν’τῇ
1500 1611 1677 1674 πόλει,
1709 1610 1806 1665 καὶ

197 1709 385 1778 φόνον,
427 1705 762 1777 βεϐλημένος
786 1706 864 1768 είς
890 1705 1163 1775 φυλακήν.
1194 1705 1365 1757 Πάλιν
1388 1700 1480 1758 οῦν
1512 1705 1540 1757 ὁ
1570 1704 1806 1767 Πιλᾶτος

199 1800 624 1872 προσεφώνησε,
686 1797 859 1851 θέλων
900 1798 1171 1850 ἀπολῦσαι
1229 1798 1320 1850 τὸν
1381 1797 1615 1867 Ἰησοῦν.
1656 1800 1718 1851 Οί
1747 1797 1803 1850 δὲ

1912 610 2079 654 serat.
2112 598 2315 653 Pilatus
2356 610 2567 665 autem,
2611 601 2928 655 convocatis
2960 600 3299 670 principibus
3342 614 3526 654 sacer-

1910 692 2099 747 dotum
2168 701 2222 745 et
2274 694 2688 757 magistratibus
2728 708 2793 747 ac
2838 693 3016 763 plebe,
3065 693 3201 747 dixit
3239 694 3304 745 ad
3351 692 3520 753 illos;

1910 784 2199 839 Obtulistis
2254 787 2385 840 mihi
2438 787 2583 841 hunc
2642 786 2917 840 hominem
2965 786 3123 853 quasi
3179 796 3521 839 avertentem

1914 877 2195 944 pupulum,
2253 886 2309 930 et
2362 892 2490 930 erce
2542 888 2645 946 ego
2696 890 2883 930 coram
2936 874 3091 929 vobis
3145 874 3521 945 interrogans.

1912 970 2114 1021 nullum
2138 970 2347 1025 crimen
2384 970 2602 1023 invnnio
2632 954 2697 1021 in
2721 970 2942 1022 homine
2977 969 3081 1021 isto
3103 983 3167 1021 ex
3197 969 3263 1021 iis
3292 968 3356 1020 tle
3388 968 3514 1037 qui-

1912 1062 2013 1116 bus
2042 1064 2319 1116 accusatis
2363 1079 2508 1126 eum,
2547 1063 2638 1116 sed
2678 1077 2745 1116 ne
2782 1060 3025 1115 Ilerodes
3072 1062 3291 1128 quidem
3339 1078 3351 1112 :
3389 1076 3517 1113 nam

1914 1156 2096 1208 remisi
2153 1170 2247 1207 vos
2292 1154 2361 1208 ad
2417 1153 2593 1218 illum,
2631 1164 2686 1207 et
2732 1167 2861 1208 ecce
2907 1152 3042 1205 nihil
3085 1152 3305 1222 dignum
3340 1164 3519 1205 morte

1911 1255 2091 1299 actum
2155 1252 2240 1299 est
2290 1246 2378 1308 ei;
2432 1246 2759 1313 castigatum
2829 1256 2962 1312 ergo
3018 1242 3167 1295 illum
3224 1242 3519 1296 dimittant.

1915 1337 2149 1391 Necesse
2182 1344 2362 1391 autem
2400 1335 2638 1389 habebat
2668 1334 2948 1389 dimittere
2972 1316 3055 1403 eis
3081 1335 3132 1388 in
3168 1333 3305 1388 festo
3329 1350 3519 1389 unum.

1911 1414 2255 1485 Exclamavit
2306 1439 2487 1483 autem
2541 1429 2703 1483 simul
2741 1430 2997 1483 universa
3037 1431 3233 1492 turba,
3281 1428 3518 1485 diei-ns:

1912 1520 2067 1575 Tolle
2103 1522 2270 1587 hunc,
2302 1531 2357 1574 et
2391 1522 2605 1575 dimitte
2632 1520 2787 1573 nobis
2818 1519 3124 1576 Barabbam
3153 1520 3266 1589 (qui
3300 1530 3525 1589 propter

1910 1616 2236 1670 seditionem
2284 1616 2577 1685 quamdam
2621 1613 2825 1667 factam
2868 1614 2921 1667 in
2956 1613 3179 1668 civitate
3222 1623 3276 1667 et
3343 1610 3517 1665 homi-

1910 1709 2113 1763 cidium
2157 1709 2209 1761 in
2270 1723 2548 1763 carcerem
2582 1707 2864 1776 conjectus
2902 1708 3066 1774 erat).
3102 1704 3303 1759 lterum
3337 1713 3521 1759 autem

1913 1800 2117 1854 Pilatus
2154 1800 2372 1854 locutus
2406 1808 2490 1852 est
2522 1798 2585 1850 ad
2622 1812 2739 1861 eos;
2769 1796 2959 1851 volens
2992 1796 3270 1849 dimittere
3307 1793 3519 1851 Jesum.

196 1890 522 1962 ἰπεφώνουν
546 1890 803 1958 λέγοντες
830 1906 844 1921 ·
880 1889 1231 1959 Σταύρωσον,
1262 1889 1585 1961 σταύρωσον
1613 1890 1798 1945 αὐτόν.

1913 1898 1981 1948 At
2014 1893 2087 1947 illi
2114 1892 2426 1947 clamabant
2450 1891 2693 1945 dicentes
2720 1906 2734 1949 ;
2760 1888 3058 1958 Cmcilige,
3085 1886 3346 1957 cruciﬁge
3370 1902 3520 1943 eum.

210 1985 275 2037 Ὀ
305 1983 363 2036 δὲ
394 1982 581 2053 τρίτον
610 1976 732 2034 εἷπε
762 1980 899 2052 πρὸς
924 1980 1125 2044 αὐτούς
1150 1994 1163 2009 ·
1191 1980 1257 2033 Τί
1276 1981 1384 2052 γὰρ
1414 1982 1583 2035 κακὸν
1615 1980 1799 2051 ἐποίη-

198 2092 295 2129 σεν
326 2070 525 2138 οῦτοςς
578 2073 731 2126 οὐδὲν
787 2072 961 2125 αἴτιον
1026 2072 1263 2127 θανάτου
1302 2066 1462 2143 εὖρον
1516 2074 1573 2124 ἐν
1630 2073 1800 2142 αὐτῷ.

198 2168 507 2230 Παιδεύσας
566 2162 659 2220 οῦν
718 2164 885 2219 αὐτὸν
940 2164 1224 2218 ἀπολύσω.
1283 2166 1345 2218 Oi
1400 2164 1457 2217 δὲ
1516 2165 1805 2219 ἐπέκειντο

198 2262 410 2327 φωναῖς
446 2258 742 2330 μεγάλαις,
782 2256 1106 2326 αἰτούμενοι
1151 2257 1317 2310 αὐτὸν
1372 2257 1799 2328 σταυρωθῆναι·

197 2355 298 2410 καὶ
328 2354 625 2424 κατίσχυον
647 2356 701 2406 ai
733 2352 912 2421 φωναὶ
958 2350 1141 2405 αὐτῶν
1176 2354 1268 2405 καὶ
1322 2352 1433 2404 τῶν
1472 2350 1799 2422 ἀρχιερέων.

208 2452 273 2503 Ὀ
305 2451 363 2504 δὲ
410 2450 644 2514 Πιλᾶτος
675 2448 938 2520 ὲπέκρινε
968 2448 1226 2517 γενέσθαι
1259 2448 1318 2501 τὸ
1346 2449 1560 2518 αἴτημα
1594 2445 1797 2498 αὐτῶν.

210 2545 480 2598 ’Λπέλυσε
524 2544 581 2597 δὲ
636 2544 727 2597 τὸν
784 2543 873 2596 διὰ
912 2544 1104 2597 στάσιν
1135 2544 1226 2595 καὶ
1256 2542 1417 2611 φόνον
1464 2539 1802 2611 βεϐλημένον

199 2640 284 2702 εἰς
318 2638 419 2710 τὴν
453 2637 728 2707 φυλακὴν,
776 2635 834 2687 ὃν
867 2634 1127 2706 ᾐτοῦντο·
1164 2634 1253 2686 τὸν
1300 2634 1358 2687 δὲ
1407 2633 1620 2703 Ἰησοῦν
1660 2648 1801 2701 παρ-

196 2731 373 2785 ἑδωκε
404 2730 481 2800 τῷ
514 2729 785 2799 θελήματι
809 2729 1011 2781 αὐτῶν.
1046 2729 1158 2781 Καὶ
1189 2726 1265 2791 ὡς
1298 2728 1589 2797 ἀπήγαγον
1614 2726 1799 2787 αὺτὶν,

200 2822 595 2891 ἐπιλαϐόμενοι
671 2821 916 2890 Σίμωνός
945 2837 1090 2883 τινος
1121 2818 1216 2895 τοῦ
1271 2818 1590 2889 Κυρηναίου
1640 2818 1801 2887 ἐρχο-

201 2916 369 2986 μένου
396 2917 490 2968 ἀπ“
516 2914 716 2985 ἀγροῦ,
748 2914 1029 2983 ἐπέθηκαν
1055 2896 1203 2981 αύτῴ
1236 2912 1327 2965 τὸν
1352 2912 1587 2980 σταυρὸν
1611 2911 1801 2980 φέρειν

201 3009 383 3082 ὀπίσω
423 3007 517 3061 τοῦ
561 3006 762 3079 Ἰησοῦ.
815 3005 1135 3060 Ἠκολούθει
1162 3006 1219 3059 δὲ
1246 3004 1397 3076 αὐτῷ
1429 3004 1562 3057 πολὺ
1599 3004 1803 3072 πλῆθος

196 3098 295 3153 τοῦ
328 3099 460 3153 λαοῦ
513 3097 936 3167 καὶγυναικῶν,
967 3098 1023 3152 αἳ
1057 3097 1374 3160 ἐκόπτοντο,
1408 3098 1504 3149 καὶ
1538 3096 1804 3167 ἐθρήνουν

197 3191 385 3247 αὐτόν.
422 3211 440 3242 ι
487 3190 791 3261 Ῥωμαῖκῷ
818 3191 969 3260 νόμῳ
1014 3190 1280 3259 ἑπόμενος
1312 3188 1340 3241 ὁ
1368 3187 1625 3250 Πιλάτος,
1661 3188 1805 3257 πέμ-

198 3302 294 3338 πει
322 3283 410 3335 τὸν
454 3283 661 3353 Κύριον
704 3282 838 3355 πρὸς
882 3282 1155 3352 Ἡρώδην,
1199 3280 1277 3352 τῷ
1328 3280 1633 3343 κελεύοντι,
1664 3282 1794 3335 ἕκα-

197 3395 325 3431 στον
358 3378 508 3448 παρὰ
540 3374 635 3430 τοῦ
680 3377 942 3447 ἄρχοντος
996 3376 1094 3445 τῆς
1139 3377 1408 3447 ἐπαρχίας
1452 3374 1621 3429 αὑτοῦ
1675 3375 1802 3445 κρί-

200 3470 417 3526 νεσθαι.
468 3469 561 3523 Διὸ
586 3470 677 3524 καὶ
709 3470 783 3532 ὡς
817 3469 1108 3522 Γαλιλαῖον
1137 3469 1230 3521 τὸν
1265 3469 1445 3538 Ἰησοῦ
1477 3470 1692 3539 πέμπει
1720 3468 1800 3538 τῷ

198 3565 302 3632 τῆς
358 3561 649 3623 Γαλιλαίας
700 3563 1026 3633 ὲπάρχοντι.
1069 3560 1320 3631 Ἡρώδης
1378 3562 1435 3615 δὲ
1483 3562 1657 3632 ὲχάρη
1708 3561 1804 3613 ἐπὶ

195 3652 395 3719 τούτῳ,
434 3654 531 3722 οὐχ
566 3653 640 3715 ὡς
684 3652 897 3722 μέλλων
945 3652 1206 3721 κερδᾶναί
1262 3670 1315 3704 τι
1367 3652 1695 3722 ψυχωφελὲς
1740 3656 1803 3705 ὲκ

198 3742 303 3812 τῆς
332 3741 463 3804 θέας
489 3740 584 3793 τοῦ
629 3740 831 3809 Ἰησοῦ,
868 3741 983 3794 ἀλλ’
1012 3742 1200 3813 ἐπειδὴ
1247 3744 1415 3813 ἤκουε
1448 3746 1577 3814 περὶ
1609 3744 1799 3809 αὐτοῦ,

198 3835 286 3889 δτι
318 3835 477 3902 σοφός
500 3836 639 3898 ἐστι,
678 3834 774 3887 καὶ
799 3835 1195 3919 τερατουργὸς,
1237 3832 1385 3906 εἶχεν
1416 3836 1646 3905 ἀνόητον
1680 3840 1805 3890 ἐπι-

201 3927 429 3997 θυμίαν,
476 3925 536 3979 τὺ
576 3926 903 3995 φιλόκαινον
932 3926 1103 3981 νοσῶν
1139 3928 1235 3982 καὶ
1271 3930 1459 3995 αὐτὸς,
1495 3930 1636 3983 ὥστε
1674 3931 1802 3985 ἰδεῖν

196 4016 391 4073 τοῦτον
420 4016 513 4070 τὸν
543 4015 837 4070 ἀλλόκοτον
866 4016 964 4069 ἀνθ
976 4034 1183 4087 ρωπον,
1216 4020 1312 4073 καὶ
1346 4020 1581 4073 ἀκοῦσαι
1608 4020 1799 4085 αὐτοῦ,

197 4112 252 4165 τί
276 4110 452 4179 λέγει.
493 4112 564 4163 ’Ἣ
602 4111 723 4181 οὐχὶ
751 4109 981 4164 τοιαῦτα
1017 4112 1110 4163 καὶ
1138 4111 1236 4164 νῦν
1270 4112 1538 4183 νοσοῦμεν
1574 4113 1799 4177 πολλοί;

211 4204 514 4275 Ἐπεθύμει
555 4200 651 4257 οὖν
695 4206 792 4258 καὶ
824 4204 989 4269 αὐτὸς
1042 4204 1169 4257 ίδεῖν
1228 4209 1455 4277 σημεῖόν
1486 4225 1537 4260 τι
1592 4209 1657 4261 ἐκ
1706 4208 1800 4260 τοῦ

211 4295 418 4366 Ἰησοῦ,
456 4297 556 4365 οὐχ
618 4296 706 4348 ἵνα
741 4297 1037 4368 πιστεύσῃ,
1084 4297 1203 4349 ἀλλ’
1244 4298 1393 4361 ὅπως
1425 4300 1653 4370 έστιάσῃ
1701 4300 1801 4369 τὴν

196 4386 357 4455 ὄψιν·
400 4385 594 4456 ὥσπερ
627 4386 685 4438 ὲν
717 4388 831 4448 τοῖς
866 4386 1119 4458 θεάτροις
1157 4388 1377 4458 ὁρῶμεν
1422 4391 1549 4453 τοὺς
1583 4390 1803 4459 θαυμα-

198 4474 477 4539 τοποιοὺς,
510 4474 667 4544 δφεις
698 4474 1024 4529 καταπίνειν
1062 4479 1465 4547 φαντάζοντας,
1517 4486 1611 4535 καὶ
1646 4482 1797 4553 ξίφη,

1908 1985 2001 2039 Ille
2026 1995 2207 2039 autem
2243 1983 2403 2037 tertio
2432 1982 2570 2037 dixit
2606 1980 2674 2035 ad
2716 1982 2839 2035 illos
2870 1998 2885 2037 :
2922 1979 3062 2046 Quid
3099 1980 3244 2033 enim
3284 1978 3410 2032 mali
3451 1977 3526 2031 le-

1889 2079 1979 2132 -cit
2026 2077 2161 2132 hic?
2210 2075 2425 2129 Nullum
2463 2077 2672 2129 crimen
2716 2074 2949 2143 capitale
3002 2072 3289 2141 comperio
3335 2074 3508 2127 ineo.

1908 2168 2248 2239 Castigatum
2292 2182 2424 2235 ergo
2474 2166 2747 2221 dimittam
2792 2166 2963 2219 Illum.
3002 2163 3072 2216 At
3120 2163 3194 2217 illi
3242 2164 3522 2217 instabant

1905 2264 2135 2327 vocibus
2192 2261 2408 2328 magnis
2456 2260 2797 2329 postulantes
2846 2268 2906 2311 ut
2949 2257 3407 2327 cruciﬁgeretur,
3459 2264 3518 2311 et

1908 2356 2322 2411 invalescebant
2362 2369 2524 2409 voces
2555 2369 2745 2407 eorum
2784 2366 2847 2406 ac
2877 2364 3218 2405 summorum
3258 2347 3527 2405 sacerdo-

1907 2458 2043 2501 tum.
2076 2448 2137 2502 Et
2162 2446 2374 2501 Pilatus
2398 2446 2730 2514 adiudicavit
2765 2453 2821 2497 ιιι
2855 2444 3011 2498 ﬁeret
3048 2442 3189 2511 quod
3222 2442 3296 2493 illi
3333 2452 3523 2509 postu-

1906 2542 2111 2595 Iabant.
2150 2540 2370 2595 Dimisit
2416 2552 2599 2594 autem
2648 2540 2755 2592 illis
2791 2553 2915 2592 eum
2966 2538 3055 2607 qui
3108 2544 3327 2605 propter
3373 2537 3522 2590 sedi-

1910 2636 2109 2689 tionem
2135 2647 2187 2689 et
2216 2636 2572 2689 homicidium
2602 2632 2884 2700 conjectus
2919 2631 3095 2684 fuerat
3127 2629 3181 2682 in
3212 2644 3517 2692 carcerem,

1907 2743 2073 2797 quem
2121 2735 2541 2796 poposcerunt:
2592 2723 2778 2779 Jesnm
2829 2738 2960 2776 vero
3013 2722 3234 2776 tradidit
3285 2720 3519 2775 arbitrio

1906 2836 2121 2875 eorum.
2162 2819 2226 2874 Et
2260 2835 2383 2873 cum
2417 2820 2779 2883 abducerent,
2817 2814 3304 2885 apprehenderunt
3337 2813 3519 2867 Simo-

1908 2928 2029 2967 nem
2078 2914 2374 2983 quemdam
2414 2909 2807 2982 Cyrenensem,
2847 2907 3163 2962 venientem
3199 2922 3227 2958 η
3258 2922 3384 2959 rure
3418 2922 3433 2961 :
3464 2914 3519 2958 et

1909 3006 2288 3073 imposuerunt
2334 3005 2406 3059 illi
2445 3018 2691 3067 crucem,
2731 3010 2789 3054 ut
2834 3009 3081 3069 portaret
3136 3010 3259 3069 post
3304 2997 3557 3053 Ιι·ειιιιι.’

1912 3096 2256 3165 Sequebatur
2306 3109 2489 3151 autem
2543 3094 2695 3147 illum
2753 3092 2924 3145 multa
2990 3094 3148 3145 turba
3208 3091 3413 3161 pepuli,
3464 3099 3520 3144 τι

1916 3180 2217 3244 ιιιυιὶει-ιιηί
2244 3204 2364 3257 quzc
2391 3189 2721 3257 plangebant
2747 3195 2802 3239 et
2830 3186 3278 3253 lamentabantur
3309 3202 3455 3241 ettm.
3494 3205 3512 3237 ι

1911 3284 2280 3337 Romanorum
2320 3282 2489 3350 legem
2537 3294 2773 3347 sequens
2830 3277 3060 3343 Pilatus,
3110 3279 3275 3334 mittit
3333 3279 3519 3335 Domi-

1908 3390 2037 3430 num
2071 3377 2137 3428 ad
2188 3374 2484 3429 Ilerodem.
2531 3373 2625 3426 Illa
2660 3374 2806 3428 enim
2841 3383 2997 3427 cavet
3036 3383 3094 3425 ut
3142 3373 3520 3443 mmsquisque

1909 3485 1937 3521 a
1968 3467 2214 3537 principe
2241 3482 2355 3521 Sua:
2387 3466 2625 3538 regionis
2655 3465 2975 3535 iudicetur:
3009 3466 3131 3519 ideo
3171 3475 3224 3519 et
3255 3476 3516 3536 tanquam

1907 3560 2190 3617 Galilreum
2242 3560 2422 3615 Jesunt
2473 3560 2642 3614 mittit
2693 3559 2923 3629 principi
2960 3558 3223 3614 Galilaxe.
3274 3557 3518 3615 Herodes

1907 3664 2087 3709 autem
2120 3657 2421 3726 gaudebat,
2468 3670 2571 3708 non
2623 3662 2680 3706 ιιι
2731 3655 2927 3709 animtc
2956 3669 3068 3709 sua:
3104 3654 3237 3709 utile
3273 3654 3401 3724 quid
3435 3654 3518 3707 Iu-

1907 3760 2154 3803 craretur
2184 3764 2249 3804 ex
2291 3746 2613 3818 spectaculo
2647 3746 2780 3802 Jesu
2820 3763 2835 3802 :
2882 3748 2976 3802 scd
3007 3749 3135 3817 quia
3168 3749 3418 3802 audierat
3452 3749 3519 3803 de

1906 3860 1972 3898 eo
2007 3844 2151 3912 quod
2186 3842 2406 3912 sapiens
2454 3854 2624 3906 esset,
2666 3851 2721 3897 et
2754 3843 2890 3897 mira
2924 3856 3250 3911 Operarcmr
3273 3880 3290 3907 ,
3326 3843 3519 3896 habuit

1906 3941 2133 3991 Stultum
2201 3938 2560 4002 desiderium,
2612 3937 2871 3991 laborans
2924 3937 3269 3992 curiositatis
3322 3939 3518 3999 morbo

1904 4032 2069 4087 etiam
2108 4031 2225 4100 ipse
2253 4041 2310 4083 ut
2350 4032 2564 4085 videret
2594 4031 2834 4085 alienum
2870 4031 3174 4095 hominem,
3205 4038 3259 4085 et
3295 4032 3517 4085 audiret

1904 4123 2035 4193 quid
2068 4123 2158 4177 ille
2201 4124 2427 4179 diceret.
2464 4126 2660 4178 Annon
2709 4125 2874 4179 etiam
2926 4125 3086 4179 hodie
3133 4124 3289 4178 multi
3326 4125 3519 4179 inorbo

1906 4216 1998 4269 illo
2048 4216 2345 4271 laborant?
2404 4216 2766 4271 Desiderabat
2818 4218 2963 4272 enim
3024 4228 3077 4270 et
3128 4218 3241 4285 ipse
3297 4217 3515 4288 signum

1905 4309 2179 4376 quoddam
2223 4307 2413 4363 videre
2442 4323 2471 4360 a
2502 4307 2655 4374 Jesu,
2693 4324 2798 4364 non
2830 4319 2885 4361 ut
2915 4307 3083 4381 482
3114 4310 3386 4373 crederet,
3420 4310 3517 4365 sed

1905 4412 1967 4456 ut
1998 4401 2184 4457 oculos
2219 4401 2519 4456 oblectaret
2553 4414 2566 4454 :
2610 4405 2754 4457 sicut
2796 4404 2846 4455 in
2888 4402 3219 4470 Spectaculis
3262 4405 3517 4458 videmus

1904 4494 2337 4564 ptmstigiatores
2370 4507 2638 4562 apparere
2687 4494 2778 4563 qui
2826 4492 3090 4547 devorent
3134 4506 3424 4563 serpentes
3461 4504 3519 4548 ct

196 4567 296 4619 καὶ
332 4565 583 4628 τοιαῦτα,
619 4566 713 4620 καὶ
743 4564 1124 4638 θαυμάζομέν.
1172 4569 1367 4640 Σχεδὸν
1406 4575 1514 4645 γὰρ
1548 4574 1799 4644 ἐνόμιζον

1910 4586 2140 4657 gladios,
2175 4600 2237 4639 ac
2288 4586 2482 4640 similia
2515 4623 2529 4648 ,
2591 4596 2646 4639 et
2704 4586 3065 4639 admiramur.
3120 4583 3306 4640 Talem
3367 4586 3516 4641 enim

201 4656 295 4711 τὸν
332 4658 549 4724 Ἰησοῦν
589 4653 727 4711 εἶναι
754 4658 1001 4713 τοιοῦτόν
1038 4678 1179 4715 τινα.
1232 4664 1527 4734 Ἐπηρώτα
1553 4666 1609 4719 δὲ
1641 4668 1804 4720 αὑτὸν

202 4752 264 4803 ὲν
296 4748 476 4817 λόγοις
513 4752 747 4817 ἱκανοῖς,
782 4750 925 4803 οὕτω
958 4769 1075 4815 πως
1116 4757 1425 4825 εἰρωνικῶς
1454 4758 1593 4829 πρὸς
1639 4760 1806 4813 αὑτὸν

198 4841 574 4913 διακείμενος,
612 4846 706 4896 καὶ
736 4844 798 4897 τὸ
829 4844 951 4897 ὅλον
986 4846 1348 4918 μυκτηρίξων
1375 4850 1563 4906 αὐτόν.
1596 4853 1688 4905 Διὸ
1712 4858 1808 4907 καὶ

196 4934 229 4986 ὁ
268 4932 482 5003 Ἰησοῦς
538 4934 698 4988 οὐδὲν
750 4936 1134 5006 ἀποκρίνεται.
1202 4938 1325 4994 Οἷδε
1374 4946 1484 5013 γὰρ
1543 4944 1673 4997 πότε
1728 4946 1808 4999 δεῖ

197 5026 630 5097 ἀποκρίνασθαι,
654 5028 682 5080 ὁ
717 5030 896 5085 πάντα
927 5034 992 5087 ὲνι
1010 5032 1157 5103 λόγῳ
1193 5036 1447 5106 ποιήσας,
1474 5040 1567 5090 καὶ
1596 5056 1816 5110 μαρτυ-’

205 5119 400 5211 mihi;
443 5124 549 5175 ὑπὸ
577 5124 761 5190 Δαυῖδ,
812 5126 896 5180 ὃτι
949 5148 966 5179 ι
1026 5131 1394 5203 Οἰκονομήσει
1442 5135 1569 5198 τοὺς
1614 5134 1807 5203 λόγους

200 5214 373 5269 αὐτοῦ
406 5218 463 5269 ὲν
492 5219 697 5287 κρίσει.
750 5239 767 5269 ι
809 5220 874 5272 Τί
904 5220 1012 5295 γὰρ
1043 5222 1125 5277 δεῖ
1170 5226 1569 5297 ἀποκρίνεσθαι
1616 5229 1694 5298 τῷ
1729 5229 1805 5300 μὴ

202 5308 486 5380 ἐρωτῶντι
510 5310 600 5363 διὰ
619 5312 679 5363 τὸ
706 5312 897 5381 μαθεῖν
926 5330 939 5379 ;
965 5314 1016 5367 τί
1034 5316 1091 5370 δὲ
1112 5315 1193 5369 δεῖ
1216 5317 1433 5389 βάλλειν
1449 5320 1572 5384 τοὺς
1590 5338 1808 5392 μαργα-

205 5401 363 5473 ρίτας
394 5402 710 5474 ἔμπροσθεν
739 5405 849 5457 τῶν
883 5410 1122 5479 χοὶρων;
1172 5413 1394 5466 Μᾶλλον
1446 5416 1543 5484 μὲν
1575 5410 1691 5481 οῦν,
1732 5415 1809 5477 ὼς

202 5493 304 5548 καὶ
332 5494 593 5565 ἀνωτέρω
610 5498 937 5568 εἰρήκαμεν,
971 5500 1389 5584 φιλανθρωπίας
1414 5506 1534 5559 ἐστὶ
1552 5506 1612 5559 τὸ
1642 5509 1803 5578 σιγᾷν

201 5588 261 5641 ιν
317 5589 429 5650 τοῖς
455 5588 744 5655 τοιούτοις.
808 5592 867 5645 '0
921 5595 1030 5667 γάρ
1086 5598 1272 5667 ῥηθεὶς
1313 5600 1469 5669 λόγος
1529 5602 1665 5672 πρὸς
1724 5602 1801 5668 τῷ

207 5680 377 5751 μηδὲν
409 5681 715 5752 ὠφελῆσαι,
748 5686 828 5741 ἔτι
862 5689 953 5743 καὶ
987 5692 1368 5765 κατακρίσεως
1397 5698 1655 5767 πρόξενός
1680 5700 1799 5751 ἐστι

275 5863 321 5893 ⁸⁸
351 5861 491 5919 l‘sal.
528 5881 636 5933 cxi,
668 5868 719 5921 5.

1908 4676 2080 4731 ferme
2111 4674 2299 4729 Iesum
2334 4690 2457 4730 esse
2490 4678 2739 4745 putabat.
2767 4674 3149 4745 lnterrogahat
3171 4685 3350 4728 autem
3388 4688 3513 4728 eum
3557 4667 3563 4673 ’

1903 4768 2249 4824 sermonibus
2306 4768 2513 4832 multis.
2571 4780 2625 4822 et
2677 4769 2959 4823 illudcntis
3014 4782 3167 4821 more
3221 4768 3513 4831 tractabat,

1904 4872 2069 4931 atque
2117 4861 2169 4914 in
2206 4876 2420 4916 sununa
2453 4862 2629 4930 ipsum
2668 4861 3075 4929 subsannabat;
3115 4862 3236 4915 ideo
3262 4872 3316 4916 et
3350 4860 3517 4915 Jesus

1906 4955 2038 5009 nihil
2071 4954 2377 5024 respondit.
2412 4955 2586 5008 Scivit
2617 4956 2765 5009 enim
2798 4958 3021 5025 quando
3052 4954 3513 5023 respondendum,

1905 5048 2201 5117 omniaque
2250 5049 2467 5103 ratione
2521 5046 2681 5112 fecit,
2714 5060 2769 5103 et
2814 5050 3190 5103 testimonium
3229 5048 3441 5115 accepit
3486 5063 3517 5101 a

1912 5141 2083 5196 David
2136 5142 2281 5213 quod
2316 5143 2593 5211 dispenset
2626 5156 2912 5197 sermones
2940 5157 3068 5196 suos
3118 5142 3169 5196 iu
3204 5141 3412 5211 judicio
3446 5142 3517 5195 “.

1911 5234 2049 5301 Quid
2081 5236 2229 5288 enim
2268 5235 2704 5303 reSpondeudum
2736 5234 2809 5287 illi
2840 5234 2933 5303 qui
2980 5250 3087 5289 non
3126 5236 3427 5303 interrogat
3463 5241 3521 5287 ut

1912 5328 2133 5384 discat?
2182 5328 2322 5396 Quid
2365 5329 2493 5383 item
2536 5329 2852 5399 margarita:
2891 5329 3169 5383 mittenda:
3218 5338 3346 5385 ante
3390 5344 3521 5399 por-

1912 5422 2047 5478 cos!
2082 5422 2199 5477 lmo
2248 5422 2499 5492 majoris,
2536 5422 2998 5491 quemadmodum
3046 5438 3211 5492 supra
3250 5423 3515 5489 dximus,

1915 5516 2308 5571 misericordiae
2357 5526 2441 5571 est
2490 5525 2673 5569 tacere
2717 5513 2861 5568 inter
2909 5515 3065 5569 tales.
3119 5514 3313 5568 Sermo
3369 5513 3517 5567 enim

1916 5610 2095 5664 dictus
2128 5620 2495 5678 przcterquam
2539 5610 2684 5679 quod
2722 5609 2854 5663 nihil
2909 5611 3151 5677 prodest,
3188 5609 3369 5661 adhuc
3402 5623 3519 5660 mtt-

1911 5705 2044 5773 joris
2087 5702 2562 5758 condetnnationis
2598 5717 2760 5758 causa
2810 5716 2889 5758 est
2928 5704 3005 5757 eis
3056 5706 3146 5771 qui
3180 5718 3287 5755 non
3332 5711 3512 5755 atten-
