4000 6406
518 313 662 379 1099

1409 307 1998 372 TI-lEOPHYLACTI
2036 307 2454 371 BULGARLE
2489 306 2854 369 ABClIlEP.

3646 299 3793 371 ιιω

510 425 614 479 eiis
649 406 855 485 vivunt,
881 418 1083 474 inimici
1134 425 1263 473 sunt
1298 416 1524 473 Christi.
1568 417 1659 473 Ille
1704 426 1885 473 autem
1923 427 2093 488 potest

2215 438 2234 471 t
2286 417 2687 473 Ἑταπείνωσεν
2731 417 2925 470 ἐαυτὸν
2955 413 3122 488 μέχρι
3158 413 3416 481 θανάτου,
3456 413 3700 472 θανάτου
3742 414 3802 472 ἢ

513 512 628 566 tleri
660 510 910 565 subditus
955 506 1182 571 Christi.
1215 516 1269 562 et
1311 506 1501 562 tollere
1540 522 1760 564 crucem
1801 521 1982 572 suam,
2009 509 2103 578 qui

509 602 728 657 virtutis
756 598 1043 670 operarius
1070 606 1153 654 est
1180 614 1194 652 :
1220 598 1314 669 qui
1360 598 1509 655 venit
1554 613 1582 653 a
1613 598 1733 653 villa
1786 598 2105 668 relinquens

515 692 872 756 mundum,et
897 705 961 747 ea
986 706 1105 761 quze
1135 700 1261 746 sunt
1293 691 1346 746 in
1378 690 1600 755 mundo,
1626 699 1682 744 et
1708 690 1775 745 ad
1799 689 2103 759 Jerusalem

515 784 660 841 illam
692 797 983 852 supernam
1015 793 1068 837 et
1093 782 1317 838 liberam
1352 780 1741 839 tendit.'Porro
1762 784 1905 854 quod
1932 783 2096 851 Chri-

420 928 423 929 ν
510 887 653 933 stum
692 877 983 931 multitudo
1013 873 1194 945 populi
1227 883 1282 931 et
1315 873 1604 929 mulierum
1642 880 1916 946 sequitur,
1963 877 2101 931 insi-

511 976 643 1024 nuat
675 968 818 1038 quod
863 980 1060 1037 magna
1102 965 1392 1021 multitudo
1417 955 1728 1022 Jttdmorum
1778 968 1941 1022 etiam
1980 978 2101 1038 post

508 1075 726 1116 crucem
762 1059 949 1114 credet
996 1058 1048 1111 iu
1086 1057 1366 1113 Christum
1399 1059 1526 1129 (hoc
1541 1059 1686 1112 enim
1721 1068 1806 1113 est
1839 1059 2014 1130 sequi)
2050 1070 2104 1116 et

510 1152 767 1207 mulieres
802 1150 1003 1205 multis.
1023 1149 1167 1221 Lege
1196 1151 1327 1204 Acta
1375 1149 1772 1218 apostolorum,
1799 1160 1853 1204 ct
1887 1150 2096 1205 vidi-bis

512 1244 798 1297 innumera
855 1239 1025 1293 millia
1061 1239 1398 1295 credentium
1430 1238 1496 1294 ³³.
1519 1238 1660 1306 Quid
1712 1249 1893 1294 autem
1934 1239 1980 1294 si
2012 1240 2095 1292 lu-

514 1349 643 1404 gere
674 1344 728 1388 et
762 1331 980 1403 plorare
1002 1330 1257 1384 mulieres
1276 1327 1460 1385 Jesum
1492 1339 1810 1399 sequentes,
1838 1330 2097 1385 moralem

511 1440 730 1481 sensum
780 1440 967 1501 secum
1001 1423 1236 1480 aderat?
1268 1422 1357 1478 Est
1389 1423 1532 1479 enim
1569 1423 1765 1479 mulier
1796 1426 1976 1478 anima
2010 1425 2100 1479 iu-

512 1519 704 1595 lirma,
731 1533 852 1588 quae
894 1520 938 1573 si
982 1517 1365 1573 contritiouetn
1426 1517 1609 1572 cordis
1660 1516 1966 1587 suscipiens
2002 1533 2102 1589 per

504 1611 905 1681 ptenitentiam,
926 1609 1072 1681 luget
1098 1617 1153 1664 et
1173 1610 1368 1679 plorat,
1395 1625 1584 1666 revera
1634 1611 1885 1681 sequitur
1904 1608 2093 1666 .lcstm

505 1701 599 1770 qtti
631 1702 969 1772 cruciligitur
999 1708 1053 1756 et
1087 1699 1346 1771 alliigitur
1377 1712 1599 1772 preptcr
1644 1712 1891 1757 nostram
1928 1701 2075 1755 Salu-

508 1801 634 1844 tem.

2210 511 2470 580 σταυροῦ.
2495 509 2589 564 Διὸ
2640 511 2735 564 καὶ
2766 512 2795 563 ὁ
2825 509 2927 563 Θεδ
2952 525 2981 573 ς
3012 510 3182 563 αὑτὸν
3227 508 3589 581 ὑπερύψωσι,
3628 528 3653 563 ι
3684 508 3807 565 καὶ

2206 602 2273 655 τὰ
2332 602 2479 673 ἑξῆς.
2525 600 2685 656 Ἐπεὶ
2754 595 2847 654 οὖν
2889 603 2917 654 ὁ
2981 600 3215 671 σταυρὸς
3268 599 3403 670 ὕψος
3471 598 3671 670 γέγονε
3729 599 3809 673 τῷ

2205 695 2384 764 Ἰησοῦ
2443 695 2539 748 καὶ
2596 694 2724 759 δόξα
2759 734 2775 757 ,
2833 693 3062 759 εἰκότως
3114 693 3279 767 ἀρχὴ
3312 692 3486 748 αὑτοῦ
3539 693 3808 764 λέγεται,

2205 781 2324 851 ἦτοι
2373 781 2603 852 ἀρχικὸν
2628 781 2846 852 ἀξίωμα
2882 782 2976 835 καὶ
3027 782 3301 851 σύμϐολον
3331 783 3434 849 τῆς
3470 782 3675 855 ἀρχῆς.
3716 782 3807 848 Ὠς

2204 872 2314 943 γὰρ
2343 872 2392 925 ol
2417 872 2779 947 συγκλητικοὶ
2810 873 2995 945 ἔχουσι
3020 872 3082 926 σύ
3092 872 3267 944 μὸολα
3305 873 3418 928 τῶν
3443 874 3805 943 ἀξιωμάτων,

2204 967 2253 1017 οἱ
2315 964 2415 1035 μὲν
2463 964 2662 1031 ζώνας,
2709 968 2760 1022 οἱ
2813 967 2870 1021 δὲ
2921 967 3202 1038 μανδύας·
3234 966 3379 1022 οὕτω
3409 972 3506 1022 καὶ
3535 969 3569 1023 ὁ
3607 967 3813 1038 Κύριος

2205 1054 2296 1107 τὸν
2322 1055 2559 1124 σταυρὸν
2602 1056 2702 1126 τῆς
2738 1057 2949 1121 οἰκείας
3002 1057 3285 1128 βασιλείας
3320 1059 3600 1130 σύμόολον
3632 1060 3807 1113 ποιεῖ-

2206 1163 2315 1201 ται.
2349 1148 2459 1201 Καὶ
2494 1149 2777 1221 σκοπήσας
2812 1150 3037 1220 εὑρήσει
3076 1152 3192 1214 ,ὅτι
3224 1149 3403 1215 ἄλλως
3434 1151 3499 1205 οὐ
3532 1151 3811 1222 βασιλεύει

2205 1241 2263 1292 ἐν
2294 1242 2427 1311 ἡμῖν
2458 1242 2485 1295 ὁ
2538 1242 2771 1313 Ἰησοῦς,
2802 1244 2850 1296 εἰ
2881 1244 2956 1313 μὴ
2989 1244 3079 1297 διὰ
3110 1244 3510 1301 κακοπάθειαν.
3557 1246 3650 1310 ἀς
3696 1245 3810 1317 dy:

2204 1334 2545 1402 τρυφῶντες,
2585 1335 2773 1406 ἐχθροὶ
2808 1335 2901 1389 τοῦ
2932 1337 3170 1407 σταυροῦ
3190 1354 3202 1367 ⁸
3248 1339 3458 1399 ἐκεῖνος
3488 1338 3550 1392 δὲ
3581 1339 3812 1394 δύναται

2205 1426 2446 1494 ὑπήκοος
2507 1428 2765 1494 γενέσθαι
2806 1428 3195 1501 Χριστοῦ,.καὶ
3238 1426 3374 1502 ἆραι
3424 1432 3518 1484 τὸν
3572 1432 3811 1501 σταυρὸν

2203 1516 2397 1582 αὑτοῦ,
2436 1521 2465 1571 ὀ
2520 1519 2619 1589 τῆς
2655 1521 2861 1592 ἀρετῆς
2918 1523 3179 1594 ἐργάτης.
3235 1522 3294 1577 Ὀ
3351 1525 3662 1595 ἐρχόμενος
3716 1523 3810 1578 ἀπ’

2203 1608 2400 1677 ἀγροῦ,
2440 1609 2583 1664 ὁτίιν
2630 1612 2833 1681 κόσμον
2883 1613 3073 1667 τοῦτον
3132 1616 3303 1686 ἀγρὸν
3340 1617 3476 1669 ὄντα
3520 1614 3808 1685 καταλιμ-

2204 1700 2411 1762 πάνων,
2448 1701 2542 1753 καὶ
2569 1702 2637 1754 τὰ
2670 1704 2727 1753 ἐν
2778 1702 2928 1773 αύτῴ
2960 1704 3118 1775 ἔργα,
3156 1706 3254 1760 καὶ
3284 1707 3419 1775 πρὸς
3452 1705 3556 1778 τὴν
3606 1705 3809 1777 Ἰερου-

2125 1788 2172 1845 Β
2202 1791 2385 1864 σαλὴμ
2429 1793 2526 1853 τὴν
2572 1793 2688 1849 ἄνω
2726 1794 2825 1865 τὴν
2881 1797 3179 1870 ἐλευθέραν
3216 1799 3451 1868 ἱέμενος.
3508 1797 3677 1853 Ἀλλὰ
3714 1796 3811 1852 καὶ

509 1882 586 1952 τῷ
621 1873 937 1938 ἀκολουθεῖν
1008 1885 1087 1955 τῷ
1133 1882 1357 1955 Χριστῷ
1420 1882 1627 1954 πλῆθος
1677 1883 1808 1936 λαοῦ
1875 1886 1970 1938 καὶ
2030 1885 2329 1953 γυναικῶν,
2381 1887 2677 1941 αἰνίττεται
2734 1890 2817 1943 ὄτι
2874 1890 3009 1944 πολὺ
3076 1891 3283 1961 πλῆθος
3338 1892 3451 1945 τῶν
3527 1891 3802 1947 Ἰουδαῖον.

505 1981 643 2061 μετα
687 1979 779 2031 τὸν
820 1978 1096 2061 σταυρόνς
1138 1976 1295 2032 τοῦτο
1333 1979 1441 2045 γὰο
1494 1978 1557 2031 τὸ
1610 1977 1926 2031 ἀκολουθεῖν
1952 1995 1963 2007 ·
2026 1981 2414 2035 πτστεύσουσιν
2474 1983 2551 2047 εις
2584 1984 2785 2050 αὐτὸν,
2826 1986 2923 2037 καὶ
2960 1988 3220 2055 γυναῖκες
3281 1986 3338 2041 δὲ
3388 1986 3611 2042 πολλαί.
3694 1987 3811 2043 Κα-

502 2058 775 2137 ἀνά⁶ίνωθι
813 2070 911 2135 τὰς
945 2058 1202 2141 Πράξεις,
1243 2069 1336 2123 καὶ
1389 2067 1509 2138 ὄψει
1543 2070 1808 2139 μυριάδας
1843 2069 1951 2121 τῶν
2009 2073 2400 2131 πιστευόντων.
2427 2074 2657 2151 Μήποτε
2685 2076 2744 2130 δὲ
2798 2079 2894 2131 καὶ
2941 2078 3002 2131 τὸ
3057 2078 3281 2151 θρηνεῖν
3343 2080 3441 2134 καὶ
3500 2081 3809 2137 κόπτεσθαι

500 2163 599 2228 τὰς
635 2162 1040 2229 ἁκολουθούσας
1065 2167 1332 2233 γυναῖκας
1362 2165 1437 2236 τῷ
1484 2164 1684 2235 Ἰησοῦ,
1729 2164 2091 2235 συμϐαλεῖται
2129 2168 2261 2238 ἡμῖν
2296 2172 2379 2235 είς.
2408 2168 2576 2243 ἧθος;
2614 2174 2770 2228 Ἔστι
2811 2175 2922 2246 ,μὲν
2971 2174 3081 2245 γὰρ
3136 2177 3294 2248 γυνὴ.
3329 2178 3477 2251 ψυχὴ
3535 2180 3810 2253 ἀσθενής).

502 2258 642 2328 αὕτη
689 2258 746 2312 δὲ
794 2258 889 2314 ἐὰν
935 2259 1232 2331 συντρισὴν
1280 2260 1506 2333 καρδίας
1539 2260 1813 2331 δεξαμένη
1857 2260 1947 2314 διὰ
1988 2262 2085 2331 τῆς
2153 2268 2462 2334 μετανοίας,
2522 2270 2693 2342 πενθῇ
2756 2274 2851 2325 καὶ
2908 2274 3201 2346 κόπτηται,
3260 2276 3381 2329 τότε
3429 2276 3608 2342 ὅντως
3677 2280 3807 2335 ἁκο-

501 2350 775 2422 λουοεῖτῷ
833 2351 1037 2423 Ἰησοῦ,
1078 2351 1157 2422 τῷ
1208 2352 1598 2424 σταυρουμένῳ
1643 2353 1737 2406 καὶ
1785 2357 2216 2427 κακουχουμένῳ
2245 2358 2332 2412 διὰ
2399 2361 2497 2431 τὴν
2531 2362 2690 2431 ἡμῶν
2726 2366 3029 2436 σωτηρίαν.

576 2448 738 2502 Vens.
767 2446 959 2502 28-2“.
986 2466 1005 2499 t
1057 2446 1372 2505 Conversus
1417 2458 1597 2503 autem
1635 2450 1702 2503 ad
1750 2448 1874 2503 illas
1920 2447 2084 2505 Jesus

2273 2468 2291 2509 ι
2331 2457 2605 2529 Στραφεὶς
2634 2459 2691 2513 δὲ
2742 2463 2881 2533 πρὸς
2918 2463 3090 2525 αὑτὰς
3139 2466 3168 2517 ὁ
3199 2463 3409 2535 Ἰησους
3437 2460 3590 2521 εἷπε·
3625 2469 3811 2539 θυγα-

501 2542 679 2597 tlixit:
714 2539 861 2596 Filia:
893 2540 1215 2609 Jerusalem,
1254 2543 1421 2598 nolite
1467 2542 1597 2598 ﬂere
1649 2558 1812 2614 super
1843 2559 1951 2611 me,
1997 2548 2091 2599 sed

2203 2554 2349 2622 τέρες
2416 2554 2797 2625 Ἰερουσαλὴμ,
2834 2556 2909 2627 μὴ
2963 2556 3181 2611 κλαίετε
3236 2560 3326 2611 ἐπ’
3366 2561 3489 2630 ἐμέ,
3526 2562 3672 2633 πλὴν
3723 2566 3809 2631 ἐφ’

507 2649 672 2704 super
705 2632 855 2688 vobis
886 2632 1020 2703 ipsis
1052 2633 1195 2699 ﬂete,
1238 2644 1295 2688 et
1327 2649 1491 2705 super
1528 2634 1653 2690 llliis
1699 2635 1918 2700 vestris,
1961 2652 2095 2706 quo-
2195 2647 2395 2711 ἑαυτὰς
2442 2648 2683 2713 κλαίετε,
2711 2652 2807 2703 καὶ
2856 2651 2947 2704 ἐπὶ
2969 2651 3036 2705 τὰ
3073 2653 3256 2707 ’τέκνα
3303 2653 3460 2725 ὑμῶν
3493 2672 3508 2685 ·
3545 2658 3633 2711 ὅτι
3692 2658 3808 2712 ἰδοὺ

504 2726 649 2779 niam
695 2737 823 2779 cccc
868 2724 1086 2779 venient
1137 2724 1254 2780 dies
1301 2724 1356 2779 in
1408 2727 1605 2795 quibus
1649 2726 1833 2782 dicent
1876 2725 2093 2783 :Bcatac

2203 2739 2446 2810 ἔρχονται
2494 2741 2721 2812 ἡμέραι,
2755 2744 2812 2795 ἐν
2848 2738 2937 2807 αἷς
2972 2746 3184 2816 ἐροῦσι·
3220 2724 3509 2819 Μακάριαι
3555 2753 3616 2803 αἱ
3665 2755 3810 2805 στεῖ-

503 2816 740 2881 steriles,
756 2826 812 2871 et
842 2824 1059 2871 ventres
1084 2816 1177 2886 qui
1200 2832 1309 2873 non
1330 2828 1656 2887 genuerunt,
1682 2825 1738 2877 el
1771 2819 1935 2873 ubera
1964 2835 2089 2888 qute

2203 2848 2306 2900 ραι,
2339 2834 2434 2886 καὶ
2463 2833 2739 2887 κοιλίαιαί
2773 2836 2873 2890 οὑκ
2908 2837 3241 2910 ἐγέννησαν,
3273 2842 3367 2893 καὶ
3395 2816 3603 2911 μαστοὶ
3626 2842 3678 2896 οἳ
3705 2843 3809 2896 οὐκ

504 2922 610 2962 non
644 2907 983 2963 lactaverunt
1003 2904 1070 2960 ⁸⁸.
1096 2906 1247 2962 Tunc
1273 2909 1531 2979 incipient
1554 2910 1733 2964 dicere
1762 2912 2040 2966 montibus
2072 2930 2085 2967 :

2203 2925 2490 2996 ἑθήλασαν.
2525 2926 2658 2980 Τότε
2698 2928 2954 2997 ἄρξονται
3005 2904 3187 2996 λέγειν
3230 2933 3339 2994 τοῖς
3366 2904 3523 3004 ὄρεσι
3550 2949 3565 2963 '
3600 2934 3808 2988 Πέσετε

501 2998 689 3055 Cedite
728 3014 895 3069 super
923 3014 1065 3065 nos;
1090 3002 1145 3053 c't
1173 2998 1438 3055 collibus:
1470 2999 1759 3071 Cooperite
1794 3018 1912 3057 nos.
1940 3004 2079 3071 Quia

504 3088 548 3143 si
582 3089 633 3142 in
665 3088 885 3142 humido
911 3085 1053 3155 ligno
1074 3088 1188 3141 haec
1218 3086 1443 3150 faciunt,
1466 3088 1519 3141 in
1544 3089 1695 3141 arida
1734 3089 1862 3157 quid
1905 3089 1998 3144 [iet
2027 3088 2093 3143 ἳι

503 3178 758 3234 Mulieres
785 3178 1004 3248 quidem
1041 3178 1348 3245 (hominum
1381 3192 1553 3246 genus
1597 3187 1681 3233 est
1722 3179 1881 3234 facile
1922 3179 2099 3250 lacry-

462 3325 476 3333 Α,
508 3284 661 3324 ntans
716 3279 771 3323 et
812 3267 1027 3337 plorans
1073 3267 1230 3336 quasi
1277 3282 1445 3335 grave
1500 3268 1755 3336 quiddam
1810 3267 2103 3323 accidisset

506 3357 754 3429 Domine)
810 3356 1047 3427 plorant,
1104 3356 1534 3424 compassiouem
1591 3372 1700 3425 prae
1748 3371 1807 3411 se
1859 3355 2100 3412 ferentes

506 3463 761 3518 magnam
810 3456 864 3501 et
890 3447 1211 3515 injustitiam
1244 3446 1633 3500 lamentantes.
1660 3446 1730 3500 At
1761 3446 1848 3502 ille
1876 3460 1980 3501 non
2004 3462 2100 3516 ap-

505 3535 837 3605 probat,scd
872 3535 1045 3605 magis
1090 3534 1338 3604 increpat
1388 3535 1524 3591 illas.
1578 3535 1900 3592 Voluntaria
1949 3539 2094 3592 enim

505 3625 836 3696 patiebatur.
888 3622 1055 3695 485
1093 3621 1208 3677 Non
1239 3627 1394 3679 decet
1442 3634 1620 3677 autent
1655 3624 1939 3678 lamentari
1973 3640 2095 3679 eum

504 3716 593 3783 qui
622 3723 811 3784 sponte
844 3725 899 3769 et
926 3729 1023 3783 pro
1067 3712 1238 3767 salute
1272 3713 1515 3767 omnium
1560 3712 1788 3781 patitur,
1817 3714 1910 3766 sed
1965 3726 2097 3767 con-

517 3820 709 3876 gruum
742 3815 827 3859 est
856 3814 914 3859 ut
945 3804 1035 3857 ille
1067 3803 1236 3873 magis
1284 3802 1534 3857 laudibus
1582 3799 1839 3857 etIeratur
1867 3812 1920 3856 et
1950 3804 2097 3859 cele-

512 3899 719 3951 hretur.
748 3895 849 3950 l‘er
870 3909 1082 3949 crucem
1107 3895 1250 3947 enim
1271 3904 1323 3949 et
1348 3908 1494 3949 mors
1515 3893 1787 3948 destructa
1813 3901 1917 3959 est,
1936 3904 1989 3949 et
2014 3895 2097 3949 inv

512 3986 697 4043 fernus
713 3989 957 4058 captivus
969 3995 1070 4040 est.
1096 3983 1355 4041 Lamenta
1375 3985 1520 4039 enim
1543 3999 1647 4039 non
1670 3985 1752 4040 his
1764 3984 1857 4055 qui
1881 3994 2096 4055 sponte,

505 4082 599 4137 sed
647 4080 739 4150 qui
785 4089 1005 4150 gravate
1051 4079 1329 4149 patiuntur
1370 4078 1794 4132 consolationem
1832 4078 2092 4132 all‘eruut.

506 4173 737 4228 Proinde
770 4173 1027 4228 Dominus
1060 4171 1180 4225 illas
1211 4185 1330 4241 qua:
1379 4169 1557 4239 ipsum
1608 4169 1881 4239 lugebant,
1913 4171 2093 4225 incre~

504 4262 901 4335 pat.Admonet
930 4274 1110 4317 autem
1160 4272 1216 4315 ut
1265 4263 1332 4316 ad
1381 4261 1559 4315 futura
1596 4261 1737 4316 mala
1773 4262 2089 4332 respiciant,

500 4368 557 4412 et
590 4367 806 4428 propter
838 4356 926 4410 illa
959 4354 1434 4426 plorent,quando
1486 4353 1739 4409 mulieres
1790 4355 2087 4411 inhumane

504 4458 737 4504 cocturae
777 4457 904 4505 sunt
954 4448 1093 4503 lilios
1138 4461 1288 4510 suos,
1332 4458 1386 4501 et
1439 4454 1625 4501 venter
1681 4446 1773 4517 qui
1827 4449 2084 4515 portavit,

506 4542 597 4597 ille
629 4541 821 4595 iterum
852 4538 1241 4595 miserabiliter
1273 4538 1507 4593 fructum
1563 4553 1718 4592 suum
1766 4538 2103 4609 recipiet.Si

503 4631 649 4685 enim
676 4631 730 4683 in
764 4644 848 4683 me
881 4628 1007 4683 talia
1035 4627 1281 4682 fecerunt
1308 4624 1565 4691 Romani,
1594 4626 1645 4680 in
1680 4642 1769 4681 me
1808 4627 1955 4698 ligno
1988 4629 2088 4681 hu-

505 4718 672 4781 mido,
698 4716 859 4772 feraci
894 4726 949 4771 et
978 4730 1197 4781 semper
1228 4716 1443 4780 virenti,
1467 4724 1522 4771 et
1546 4730 1759 4786 semper
1786 4719 1932 4771 vitali
1964 4736 2088 4788 pro-

504 4821 622 4879 pter
657 4810 1006 4873 dcitatem,et
1058 4823 1153 4877 per
1200 4807 1477 4862 doctrinas
1526 4807 1793 4862 lrucmum
1846 4826 2085 4866 meorum

505 4904 682 4957 alente
712 4916 899 4957 Omnes
934 4902 1017 4955 :in
1044 4900 1219 4967 vobis,
1259 4901 1453 4970 populo
1484 4902 1702 4971 inquam
1724 4903 1895 4967 arido,
1943 4903 2086 4974 ligno

505 4998 672 5053 sterili
707 4997 773 5050 ab
806 4997 950 5049 omni
982 4994 1192 5049 vivilica
1227 4993 1535 5063 justitia,et
1582 4995 1787 5048 nullum
1840 4995 2078 5050 fructum

505 5088 590 5141 alii
610 5098 783 5151 rente,
806 5089 931 5158 quid
988 5105 1091 5141 non
1144 5087 1379 5141 facient?
1413 5088 1465 5140 Si
1499 5088 1642 5141 enim
1679 5090 1966 5157 quamdam
2004 5091 2082 5142 vi-

506 5178 667 5231 talem
722 5177 1090 5245 operationem
1144 5177 1265 5228 boni
1318 5178 1614 5240 haberetis,
1649 5177 1898 5233 fortassis
1941 5179 2086 5249 digni

504 5272 720 5333 essetis,
748 5269 943 5337 quibus
972 5267 1370 5337 quodammodo
1411 5280 1724 5335 parceretur
1752 5286 1767 5323 :
1800 5286 1942 5324 nunc
1989 5285 2087 5324 au-

501 5370 609 5417 tem
647 5361 797 5429 quasi
835 5359 1037 5429 lignum
1077 5360 1285 5412 aridutn
1320 5360 1373 5412 in
1408 5360 1836 5416 combustioncm
1880 5372 1934 5416 et
1964 5376 2085 5417 cor-

506 5455 807 5522 ruptionem
841 5452 1016 5506 eritis.

581 5626 741 5681 \‘sns.
767 5625 959 5681 5⁸258.
993 5645 1009 5676 ι
1042 5624 1384 5680 Ducebantur
1404 5637 1586 5684 autem
1621 5639 1673 5684 ct
1704 5629 1791 5684 alii
1833 5631 1936 5686 duo
1954 5628 2091 5684 faci-

618 5764 659 5793 ³³
688 5768 803 5816 Act.
848 5779 904 5826 tt,
943 5780 1014 5817 γι.
1117 5766 1159 5795 ³⁸
1190 5764 1290 5817 lsa.
1326 5779 1433 5819 Ltv.

2202 3016 2289 3085 ἐφ’
2314 3018 2486 3087 ἡμᾶς,
2518 3019 2613 3070 καὶ
2661 3020 2774 3082 τοῖς
2831 3018 3043 3089 βουνοῖς
3087 3037 3101 3052 ο
3140 3022 3435 3091 Καλύψατε
3475 3026 3647 3094 ἡμᾶς.
3679 3026 3808 3079 ὀτι

2202 3113 2251 3163 εί
2304 3112 2361 3163 ἐν
2394 3111 2471 3181 τῷ
2522 3111 2675 3183 ὑγρῷ
2716 3111 2858 3182 ξύλῳ
2887 3111 3062 3168 ταῦτα
3097 3113 3367 3178 ποιοῦσιν,
3404 3116 3463 3167 ἐν
3517 3116 3599 3187 τῷ
3652 3118 3810 3189 ξηρῷ

2201 3204 2255 3256 τί
2299 3203 2560 3274 γένηται¹;
2592 3223 2611 3255 ι
2652 3193 2719 3257 Al
2773 3203 2872 3274 μὲν
2901 3206 3166 3272 γυναῖκες
3212 3205 3541 3279 (φιλόδακρυ
3591 3209 3706 3280 γὰρ
3743 3212 3810 3263 τὸ

2202 3296 2364 3364 γένος
2392 3296 2487 3349 καὶ
2519 3295 2856 3368 πολύθρηνον
2883 3297 2959 3362 ὡς
2987 3298 3164 3352 δεινοῦ
3194 3315 3339 3363 τινος
3366 3301 3808 3371 ὲπισυμόαἱνον-

2201 3403 2292 3449 τος
2324 3386 2401 3457 τῷ
2433 3386 2650 3460 Κυρίῳ)
2705 3387 2984 3459 θρηνοῦσι,
3015 3390 3075 3441 τὸ
3109 3390 3397 3459 συμπαθὲς
3438 3393 3805 3466 ἐνδεικνύμε-

2202 3495 2313 3545 ναι,
2374 3478 2470 3531 καὶ
2535 3478 2636 3550 τὴν
2694 3478 2911 3533 ἀδικίαν
2957 3481 3388 3554 ἀποδυρόμεναι.
3454 3484 3517 3536 '0
3582 3484 3644 3539 δὲ
3700 3489 3806 3541 οὐκ

2204 3571 2561 3641 ἀποδέχεται,
2592 3572 2727 3626 ἀλλὰ
2757 3573 2961 3643 μᾶλλον
2984 3577 3215 3647 ἐπιτιμᾷ
3238 3578 3451 3641 αὑταῖς.
3498 3578 3805 3645 Ἑκουσίως

2200 3662 2310 3735 γὰρ
2341 3662 2571 3733 ἔπασχε,
2615 3664 2694 3733 τῷ
2726 3663 2783 3717 δὲ
2827 3665 3088 3730 ἑκουσίως
3122 3669 3409 3737 πάσχοντι,
3439 3670 3534 3723 καὶ
3563 3671 3660 3723 ἐπὶ
3694 3688 3804 3726 σω-

2199 3756 2367 3827 τηρίᾳ
2395 3757 2579 3827 πάσης
2608 3757 2709 3827 τῆς
2742 3758 2975 3827 φύσεως,
3008 3761 3067 3813 ού
3099 3759 3160 3813 τὸ
3200 3761 3542 3833 θρηνεῖσθαι,
3572 3764 3714 3819 ἀλλὰ
3741 3766 3801 3821 τὲ

2200 3848 2517 3919 κροτεῖσθαι
2551 3852 2821 3920 προσήκει
2870 3853 2966 3905 καὶ
2996 3854 3393 3926 εὐφημεῖσοαι.
3432 3855 3531 3907 Διὰ
3561 3858 3676 3929 γὰρ
3704 3858 3802 3913 τοῦ

2204 3939 2441 4010 σταυροῦ
2475 3942 2566 3994 καὶ
2613 3934 3123 4009 θάνατος’λέλυται,
3156 3947 3251 3998 καὶ
3308 3946 3440 4017 ᾅδης
3477 3949 3803 4018 ᾐχμαλώτι-

2203 4048 2349 4088 σται.
2386 4034 2449 4086 Ol
2488 4032 2676 4102 θρῆνοι
2718 4035 2829 4105 γὰρ
2886 4036 2948 4088 οὑ
3001 4038 3115 4099 τοῖς
3162 4037 3453 4103 ἑκουσίως,
3489 4039 3631 4093 ἀλλὰ
3685 4045 3806 4108 τοῖς

2199 4124 2469 4189 ἀκουσίως
2494 4126 2768 4196 πάσχουσι
2810 4128 3160 4200 παράκλησιν
3189 4132 3468 4200 φέρουσιν.
3526 4133 3805 4207 Ἐπιτιμᾷ

2204 4220 2303 4291 μὲν
2324 4217 2417 4273 οὖν
2448 4220 2640 4283 αὑταῖς
2672 4222 3039 4291 κοπτομὲναις
3062 4222 3225 4275 αὑτὸν
3248 4240 3263 4289 ;
3286 4225 3551 4295 Παραινεῖ
3577 4228 3638 4281 δὲ
3664 4231 3803 4297 πρὸς

2124 4308 2168 4365 D
2200 4314 2269 4365 τὰ
2296 4313 2563 4382 μέλλοντα
2600 4313 2750 4368 κακὰ
2785 4313 3030 4383 βλέπειν,
3060 4315 3159 4369 καὶ
3212 4316 3300 4368 ἐπ’
3331 4318 3566 4382 ἐκείνοις
3598 4322 3805 4377 κόπτε-

2198 4405 2346 4470 σθαι,
2370 4408 2461 4460 ὅτε
2488 4408 2749 4475 γυναῖκες
2773 4407 3039 4477 ἐψήσουσι
3066 4408 3135 4461 τὰ
3162 4411 3335 4463 τέκνα
3364 4411 3550 4464 αὐτῶν
3572 4413 3803 4483 ἁνελιη-

2201 4502 2399 4572 μόνως,
2423 4502 2516 4554 καὶ
2550 4504 2582 4573 ἡ
2623 4502 2896 4570 ἐνέγκασα
2925 4503 3142 4575 γαστὴρ
3216 4505 3355 4578 αὑτὴ
3379 4506 3545 4559 πάλιν
3577 4509 3641 4561 τὸ
3675 4525 3802 4577 γιν·

2196 4594 2359 4665 νηθὲν
2400 4593 2655 4658 ἐλεεινῶς
2683 4594 3022 4659 ὑποδέξεται.
3062 4597 3125 4649 Εἰ
3166 4598 3275 4667 γὰρ
3306 4598 3364 4651 ἐν
3394 4599 3520 4667 ἐμοὶ
3570 4601 3802 4655 τοιαῦτα

2195 4685 2538 4752 ἐπεδείξαντο
2561 4688 2609 4740 οἱ
2649 4686 2933 4757 Ῥωμαῖοι,
2960 4688 3019 4741 ἐν
3049 4689 3174 4758 ἐμοὶ
3222 4689 3299 4759 τῷ
3331 4689 3484 4760 ὑγρῷ
3516 4690 3693 4763 ξύλῳ,
3723 4695 3803 4765 τῷ

2195 4782 2485 4853 ὲγκάρπῳ,
2516 4782 2612 4835 καὶ
2636 4781 2900 4847 ἀειθαλεῖ,
2926 4783 3021 4836 καὶ
3046 4782 3264 4854 ἀειζώῳ
3290 4783 3379 4837 διὰ
3412 4786 3513 4856 τὴν
3539 4785 3799 4856 θεότητα,

2196 4878 2289 4929 καὶ
2350 4874 2438 4929 διὰ
2493 4876 2605 4931 τῶν
2658 4876 2889 4947 καρπῶν
2948 4895 3054 4947 μου
3126 4879 3225 4946 τῆς
3272 4877 3627 4943 διδασκαλίας
3680 4882 3804 4950 τρέ-

2197 4985 2353 5040 φοντι
2403 4970 2647 5032 staﬁva-ar
2684 4972 2740 5021 ἐν
2795 4969 2948 5037 ὑμῖν,
2999 4969 3075 5039 τῷ
3126 4969 3259 5041 λαῷ,
3307 4970 3470 5041 φημὶ,
3513 4972 3593 5042 τῷ
3649 4972 3802 5043 ξηρῷ

2200 5061 2363 5131 ξύλῳ,
2390 5061 2468 5133 τῷ
2510 5063 2691 5131 πάσης
2719 5061 3072 5133 δικαιοσύνης
3105 5062 3375 5127 ζωοποιοῦ
3410 5067 3797 5135 ἐστερημένῳ.

2200 5158 2293 5210 καὶ
2320 5157 2523 5227 μηδένα
2564 5157 2776 5227 καρπὸν
2801 5158 3042 5228 φέροντι,
3068 5158 3121 5211 τί
3159 5157 3259 5210 οὐκ
3285 5155 3351 5209 ἂν
3381 5158 3799 5223 ἐπεδείξαιντος

2201 5250 2261 5303 El
2291 5251 2388 5320 μὲν
2423 5250 2532 5321 γὰρ
2560 5251 2735 5319 εἴχετε
2776 5250 3013 5318 ζωτικὴν
3042 5266 3166 5303 τινα
3196 5251 3483 5318 ἐνέργειαν
3524 5252 3620 5303 τοῦ
3657 5256 3798 5319 ἀγα-

2197 5345 2314 5410 θοῦ,
2350 5344 2478 5406 ἴσως
2528 5344 2593 5397 ἂν
2644 5342 2859 5411 φειδοῦς
2916 5344 3188 5412 ἠξιώθητε
3217 5345 3447 5413 μετρίας
3501 5344 3667 5410 γοῦν·
3708 5347 3801 5397 νῦν

2195 5439 2249 5490 δὲ
2302 5438 2375 5498 ὼς
2442 5438 2606 5507 ξηρὸν
2660 5436 2814 5502 ξύλον
2855 5440 2933 5499 εἰς
2978 5436 3173 5488 καῦσιν
3233 5436 3327 5489 καὶ
3368 5439 3447 5501 εἰς
3495 5437 3801 5508 διαςθορὰν

2199 5531 2407 5583 ἔσεσθε.

2278 5641 2295 5673 t
2342 5624 2578 5691 Ἠγοντο
2606 5622 2659 5675 δὲ
2698 5623 2789 5676 καὶ
2822 5622 3001 5693 ἕτεροι
3034 5620 3129 5674 δύο
3159 5620 3464 5692 κακοῦργοι
3516 5626 3615 5677 σὺν
3652 5627 3799 5691 αὑτῷ
