4000 6464
203 450 345 520 ιιιι

856 439 1304 505 ENABRATIO
1348 439 1431 499 ΙΝ
1472 432 1987 499 EVANGELIUM
2029 431 2271 494 LUCA‘J.
2316 456 2383 467 -
2416 428 2578 489 CAP.
2621 423 2856 487 XXIII.

3383 419 3522 486 1102

193 562 570 636 ἀναιρεθῆναι.
605 558 716 614 Ka‘t
766 557 860 613 ὅτε
905 553 1147 627 ἐπῆλθον
1199 552 1293 605 ἐπὶ
1349 550 1442 604 τὸν
1484 548 1653 603 τόπον
1710 547 1803 601 τὸν

1924 546 2098 602 norosi
2154 560 2275 601 cum
2310 558 2398 605 eo,
2424 552 2479 596 ut
2513 539 2959 596 interficerentur
2987 548 3000 593 :
3027 543 3082 589 et
3106 544 3395 606 postquam
3428 554 3520 589 ve-

194 660 496 731 λεγόμενον
552 651 827 724 Κρανίον,
883 652 1002 703 ἐκεῖ
1049 645 1409 715 ἐσταύρωσαν
1469 643 1658 707 αὐτὸν,
1708 642 1803 696 καὶ

202 753 323 815 τοὺς
371 746 741 817 κακούργους,
765 744 843 805 ὃν.
865 744 968 815 μὲν
1018 744 1085 796 ὲκ
1124 739 1217 805 δεξ
1242 740 1343 800 ὧν.
1385 738 1446 792 δν
1477 736 1534 791 δὲ
1568 737 1630 803 ἐξ
1668 736 1796 808 ἀρι-

200 841 430 914 στερῶν.
469 838 529 893 ’0
575 838 634 891 δὲ
674 836 889 909 Ἰησοῦς
935 835 1127 903 ἔλεγε·
1164 834 1373 904 Πάτερ,
1400 831 1541 899 ἄφες
1573 830 1760 892 αὐτοῖς
1784 844 1799 859 .

195 935 404 1008 οιξνγάρ
419 931 594 986 οἴδασι
624 931 677 983 τί
703 928 940 983 ποιοῦσι.
981 924 1441 997 Διαμεριξὸμενοι
1470 923 1529 977 δὲ
1573 922 1644 976 τὰ
1674 922 1808 993 ίμά-

196 1048 289 1084 τια
340 1025 533 1088 αὑτοῦ,
571 1023 768 1079 ἔϐαλον
825 1021 1087 1093 κλήρους.
1125 1020 1234 1075 Καὶ
1288 1017 1537 1086 εἱστήκει
1590 1016 1620 1067 6
1676 1014 1807 1077 λαὸς

200 1118 450 1191 θεωρῶν.
509 1115 979 1186 Ἐξεμυκτήριζον
1037 1112 1095 1166 δὲ
1146 1111 1242 1166 καὶ
1300 1109 1350 1162 οί
1398 1108 1664 1179 ἄρχοντες
1708 1104 1807 1160 σὺν

201 1213 392 1276 αὺτοῖς
419 1209 697 1278 λέγοντες·
731 1205 965 1268 ’Ἄλλους
1019 1203 1213 1265 ἔσωσε,
1243 1200 1474 1255 σωσάτω
1508 1198 1727 1261 ἑαυτὸν,
1758 1199 1809 1251 εί

195 1296 357 1366 οὗτός
391 1303 540 1354 ἐστιν
567 1298 596 1352 6
630 1294 865 1368 Χριστὸς
900 1296 928 1349 6
960 1294 1051 1349 τοῦ
1078 1292 1217 1347 Θεοῦ
1242 1292 1527 1355 ἐκλεκτός.
1554 1290 1809 1345 Ἐνέπαι-

197 1394 295 1461 ζον
329 1392 387 1445 δὲ
422 1388 571 1461 αὑτῷ
602 1388 697 1443 καὶ
740 1386 792 1441 οί
849 1385 1188 1457 στρατιῶται
1221 1383 1680 1457 προσερχόμενοι,
1711 1383 1809 1437 καὶ

197 1486 323 1551 ὄξος
381 1482 790 1555 προσφέροντες
851 1478 1024 1549 αὐτῷ,
1055 1479 1151 1532 καὶ
1200 1477 1479 1545 λέγοντεςο
1512 1477 1574 1530 Et
1608 1476 1674 1530 σὺ
1707 1471 1759 1529 εἴ
1781 1477 1810 1529 6

200 1576 461 1645 βασιλεὺς
487 1574 597 1626 τῶν
628 1571 931 1636 Ἰουδαίων,
964 1570 1141 1623 σῶσον
1196 1569 1447 1623 σεαυτόν.
1478 1563 1590 1623 Ἦν
1623 1568 1680 1623 δὲ
1713 1570 1809 1623 καὶ

200 1670 235 1738 ἡ
267 1664 553 1738 ἐπιγραφὴ
571 1666 939 1736 γεγραμμένη
964 1665 1052 1717 ἐπ’
1079 1662 1232 1733 αὺτῷ
1251 1663 1580 1733 γράμμασιν
1617 1662 1810 1731 Ἐλλη-

199 1763 374 1824 νικοϊς
400 1800 415 1824 ,
477 1759 573 1813 καὶ
647 1758 1002 1829 Ῥωμαϊκοῖς,
1061 1757 1155 1810 καὶ
1213 1756 1527 1827 Ἑϐραϊκοῖς
1552 1772 1565 1787 ·
1636 1748 1809 1819 Οὗτός

200 1860 354 1912 ἐστιν
402 1855 431 1907 6
479 1854 734 1924 βασιλεὺς
791 1853 902 1906 τῶν
929 1852 1228 1907 Ἰουδαίων.
1276 1871 1293 1904 ι
1337 1852 1593 1922 Πονηρὰν
1648 1849 1809 1918 δόξαν

1910 652 2109 696 nerunt
2144 640 2204 694 in
2230 637 2410 692 locum
2452 636 2544 705 qui
2583 642 2810 687 vocatur
2832 628 3198 697 Calvaria,ibi
3232 630 3526 686 erm-ifixe-

1911 742 2037 789 runt
2066 749 2190 788 eum
2244 740 2299 785 et
2348 728 2715 789 facinorosos,
2756 738 2924 780 unum
2953 738 2981 777 a
3017 725 3248 789 dextris,
3288 725 3521 778 alterum

1908 843 1935 881 a
1969 823 2405 882 sinistris..lesus
2430 831 2614 876 autem
2643 818 2862 874 dicebat
2883 835 2896 872 :
2917 816 3102 883 Pater,
3130 817 3348 873 remitte
3388 818 3520 883 illis,

1910 918 2167 975 nesciunt
2207 918 2355 973 enim
2399 913 2529 985 quid
2573 913 2801 968 faciunt.
2833 912 3150 968 Dividentes
3180 927 3315 968 vero
3352 915 3521 969 vcsti-

1911 1023 2095 1069 menla
2123 1012 2264 1083 ejus.
2283 1011 2553 1065 miserunt
2585 1016 2812 1065 sortem.
2839 1006 2909 1062 Et
2932 1006 3113 1061 Stabat
3136 1006 3366 1075 populus
3392 1022 3521 1079 spe-

1910 1117 2089 1171 ctans,
2132 1114 2187 1159 et
2216 1103 2537 1159 deridebant
2566 1115 2691 1157 eum
2724 1100 3003 1172 principes
3032 1115 3155 1154 cum
3189 1100 3292 1167 eis,
3329 1100 3521 1156 dicen-

1913 1210 1996 1257 tes
2024 1217 2039 1255 :
2066 1200 2218 1256 Alios
2277 1197 2541 1267 servavit,
2597 1205 2781 1252 servet
2827 1195 3091 1266 seipsum,
3114 1193 3158 1249 si
3194 1194 3285 1252 hic
3320 1203 3407 1248 est
3436 1193 3525 1249 ille

1911 1294 2184 1359 Christus,
2231 1292 2323 1347 ille
2371 1290 2467 1346 Dei
2518 1290 2753 1346 electus.
2796 1287 3105 1343 llludebant
3154 1295 3339 1342 autem
3388 1287 3439 1341 ei
3468 1295 3525 1342 et

1915 1387 2135 1450 milites,
2167 1386 2494 1441 accedentes
2520 1393 2571 1439 et
2603 1393 2819 1439 acetum
2843 1380 3137 1437 otl‘erentes
3162 1380 3237 1443 ei,
3254 1381 3527 1437 dicentes-

1912 1494 2018 1549 qne
2049 1496 2065 1536 :
2094 1478 2150 1535 Si
2202 1489 2258 1533 tu
2308 1493 2368 1534 cs
2426 1477 2517 1532 ille
2572 1490 2664 1529 rex
2717 1473 3055 1539 Judmorum,
3084 1474 3297 1553 salvum
3332 1483 3384 1529 te
3414 1473 3523 1531 fac.

1911 1572 2042 1627 Erat
2074 1578 2255 1626 autem
2288 1577 2343 1624 et
2372 1568 2656 1637 inscriptio
2689 1569 2895 1637 scripta
2945 1583 3112 1638 super
3140 1584 3266 1623 cum
3324 1568 3528 1624 litteris

1911 1663 2195 1729 Graecis,et
2227 1661 2459 1727 Latinis,
2483 1668 2538 1716 et
2565 1653 2858 1717 Hebraicis
2891 1677 2904 1715 :
2943 1658 3039 1715 llic
3072 1669 3155 1716 est
3181 1677 3273 1717 rex
3306 1658 3531 1718 Iudaeo-

1913 1774 2107 1813 rum.»
2169 1755 2431 1812 Diabolus
2466 1754 2654 1810 volens
2703 1753 2996 1810 Dominum
3050 1764 3249 1825 magna
3302 1755 3527 1812 infamia

1917 1862 2232 1925 aspergere.
2281 1850 2413 1908 facit
2467 1850 2717 1923 crucifigi
2774 1867 2899 1907 cum
2928 1867 2995 1907 eo
3026 1862 3082 1907 et
3113 1853 3354 1910 latrones
3387 1872 3400 1908 :
3432 1855 3527 1911 sed

204 1918 645 2011 κατασκευάζειν
690 1944 893 1999 ὲθέλων
931 1943 1027 1999 τοῦ
1088 1944 1295 2015 Κυρίου
1333 1918 1679 2013 δ’διάὴϐολος,
1715 1944 1810 1997 καὶ

1924 1945 2042 2000 ride
2085 1946 2359 2014 (ιιιυιιιοιιο
2393 1953 2446 1999 et
2484 1959 2592 1999 uno
2621 1943 2868 2015 privatus
2902 1943 2996 2009 sit,
3017 1952 3072 1998 ct
3102 1943 3207 1999 hoc
3244 1946 3313 1999 ad
3351 1944 3530 2013 majo-

205 2040 413 2115 λῃστὰς
443 2042 618 2093 ἐποίει
657 2037 1293 2110 συσταυροῦσθαιαύτῷ.
1330 2037 1474 2093 Ἀλλ’
1524 2038 1628 2108 ὅρα
1689 2035 1809 2101 πῶς

203 2138 300 2189 καὶ
327 2136 418 2189 τὶν
450 2135 546 2189 ἕνα
593 2132 869 2206 ἀφῃρέθη,
909 2132 1003 2184 καὶ
1042 2131 1246 2201 μᾶλλον
1277 2131 1413 2203 πρὸς
1447 2131 1606 2195 δόξαν
1642 2130 1812 2184 πλείω

200 2229 301 2283 τοῦ
347 2229 555 2299 Κυρίου
603 2227 762 2280 τοῦτο
799 2226 1013 2292 γέγονε.
1042 2225 1167 2277 Τῶν
1214 2226 1315 2295 μὲν
1366 2225 1476 2298 γὰρ
1505 2228 1553 2279 οί
1585 2229 1811 2296 σταυροὶ

200 2323 331 2376 οὐδὲ
365 2320 744 2392 ὲζητήθησαν,
770 2320 865 2372 τοῦ
896 2320 953 2371 δὲ
988 2320 1095 2382 πᾶς
1132 2319 1160 2371 6
1187 2318 1392 2389 κόσμος
1425 2315 1772 2388 ἐκκρέμαται
1800 2338 1807 2345 ·

203 2416 307 2469 καὶ
360 2414 651 2488 προδήλως
710 2413 969 2467 ἐντεῦθεν
1030 2412 1333 2476 δείκνυται,
1368 2410 1428 2464 τδ
1478 2412 1555 2481 μὴ
1608 2411 1811 2480 ἄνομον

202 2506 353 2564 εἶναι
410 2509 504 2564 τὸν
555 2509 786 2577 Κύριον,
813 2508 890 2572 ὡς
943 2507 993 2561 οἱ
1054 2507 1276 2577 λῃσταὶ,
1307 2503 1445 2560 ἀλλὰ
1504 2504 1686 2576 πάσης
1732 2505 1814 2557 διο

202 2603 506 2673 καιοσύνης
532 2602 800 2673 ἀρχηγόν.
836 2602 1068 2669 Ἀγουσι
1102 2600 1158 2654 δὲ
1194 2598 1362 2654 αὑτὸν
1390 2600 1486 2652 ἐπὶ
1523 2600 1616 2652 τὸν
1642 2598 1810 2652 τόπον

202 2694 303 2747 τοῦ
333 2692 601 2764 Κρανίου,
644 2691 774 2745 ἔνθα
810 2692 945 2760 φασὶ
993 2691 1085 2744 τὺν
1120 2689 1452 2762 προπάτορα
1488 2690 1767 2759 τεθάφθαι
1792 2706 1806 2719 ’

201 2786 301 2855 ἕνα
325 2786 458 2839 ὅπου
491 2784 578 2839 διὰ
601 2783 760 2850 ξύλου
796 2783 1021 2853 πτῶμα,
1042 2785 1161 2837 ἐκεῖ
1182 2783 1273 2836 καὶ
1300 2784 1335 2847 ἡ
1364 2782 1453 2836 διὰ
1485 2781 1579 2836 τοῦ
1648 2780 1810 2849 ξύλου

212 2880 439 2949 ἔγερσις
478 2876 727 2948 γένηται.
762 2876 973 2947 Ἰησοῦς
1022 2876 1079 2929 δὲ
1131 2875 1443 2947 ὑπερϐολὴν
1506 2877 1813 2947 πραότητος

208 2970 649 3040 ἐνδεικνύμενος,
694 2969 837 3041 ὑπὲρ
870 2968 1051 3022 αὐτῶν
1085 2967 1331 3039 εὔχεται,
1370 2989 1386 3022 ι
1433 2970 1639 3040 Πάτερ,
1675 2969 1813 3041 ἄφες

204 3066 422 3130 αὐτοῖς,
452 3064 628 3133 λέγων
662 3080 675 3094 ·
730 3064 792 3117 οὐ
851 3062 959 3133 γὰρ
1010 3063 1190 3117 οἴδασι
1246 3063 1298 3117 τί
1348 3063 1585 3117 ποιοῦσι.
1631 3082 1649 3116 ι
1705 3064 1814 3117 Καὶ

209 3156 401 3229 μέντοι
452 3157 631 3227 άφὲθη
676 3156 741 3210 ἂν
762 3158 948 3217 αὐτοῖς
997 3155 1057 3208 τὸ
1099 3155 1430 3227 ἁμάρτημα,
1461 3158 1509 3209 εί
1554 3157 1630 3228 μὴ
1675 3158 1813 3228 μετὰ

1919 2054 2029 2092 rem
2069 2036 2297 2107 gloriam
2346 2036 2562 2092 Domini
2601 2037 2850 2093 cesserit.
2885 2035 3022 2091 Nam
3057 2036 3292 2093 aliorum
3333 2052 3532 2095 cruces

1917 2148 2080 2187 nemo
2134 2132 2388 2197 regnirit.
2423 2141 2570 2187 totus
2623 2142 2806 2186 autem
2866 2132 3103 2187 mundus
3143 2146 3172 2186 a
3207 2147 3373 2188 cruce
3428 2133 3529 2188 ista

1916 2222 2137 2295 pendet.
2166 2225 2230 2279 Et
2261 2223 2555 2280 manifeste
2592 2226 2681 2281 hic
2712 2225 3024 2280 ostenditur
3069 2225 3361 2281 Dominum
3421 2243 3527 2281 non

1917 2332 2039 2371 esse
2091 2318 2338 2386 iniquum
2398 2317 2544 2372 sicut
2598 2316 2864 2381 latrones,
2916 2318 3011 2372 sed
3068 2319 3249 2373 omnis
3302 2317 3529 2386 iustitia

1918 2409 2240 2479 principem.
2290 2408 2510 2465 Ducunt
2565 2421 2745 2464 autem
2802 2425 2929 2465 eum
2962 2410 3028 2466 ad
3078 2411 3259 2467 locum
3317 2408 3529 2476 Cranii,

1918 2502 2009 2556 ubi
2064 2501 2257 2557 dicunt
2311 2504 2550 2573 primum
2608 2511 2893 2573 parentem
2945 2511 3193 2559 nostrum
3249 2504 3527 2575 sepultum

1917 2609 2039 2650 csse
2072 2613 2086 2649 :
2122 2610 2180 2649 ιιι
2215 2595 2304 2651 ubi
2345 2610 2439 2663 per
2470 2594 2674 2666 lignum
2708 2610 2889 2662 casus,
2933 2595 3047 2652 illic
3081 2606 3135 2651 et
3178 2610 3275 2666 per
3321 2597 3530 2668 lignum

1920 2688 2258 2741 resurrectio
2288 2689 2405 2742 flat.
2443 2686 2608 2744 Iesus
2648 2703 2776 2744 vero
2824 2689 3087 2745 eximiam
3144 2691 3529 2745 mansuetudi-

1918 2795 2041 2835 nem
2058 2781 2363 2848 declarans,
2386 2796 2485 2851 pro
2502 2781 2608 2837 illis
2629 2790 2883 2850 precatur
2905 2801 2917 2837 :
2938 2800 2957 2834 ι
2987 2781 3171 2848 Pater,
3190 2784 3414 2837 remitte
3426 2783 3533 2845 eis.

1916 2872 2148 2929 dicens:
2181 2874 2438 2928 nesciunt
2493 2875 2641 2929 enim
2691 2877 2821 2942 quid
2882 2874 3110 2932 faciunt.
3167 2895 3185 2928 ι
3223 2876 3289 2931 Et
3346 2875 3536 2947 utique

1916 2964 2202 3018 dimissum
2235 2963 2425 3020 fuisset
2478 2967 2560 3020 eis
2587 2976 2899 3035 peccatum,
2928 2968 3032 3023 nisi
3068 2969 3330 3038 deinceps
3360 2966 3415 3023 in
3450 2971 3533 3023 in.

1917 3057 2243 3112 ciedulitate
2295 3060 2643 3115 mansissent.
2676 3060 2994 3115 Diviserunt
3044 3077 3173 3117 vero
3236 3064 3538 3117 vestimen-

1921 3159 1972 3201 ta
2009 3147 2143 3215 ejus.
2178 3148 2347 3220 Cujus
2378 3150 2591 3219 gratia?
2618 3150 2873 3207 Forsitan
2908 3167 2963 3207 et
2996 3153 3149 3207 nmlti
3207 3154 3344 3223 ipsis
3394 3155 3537 3210 iudi-

206 3248 390 3305 ταῦτα
406 3252 472 3320 τῇ
506 3249 739 3320 ἀπιστίᾳ
771 3249 1083 3318 ἐνέμειναν.
1119 3249 1275 3312 Τίνος
1311 3248 1369 3301 δὲ
1400 3249 1591 3303 ἕνεκεν
1619 3249 1813 3321 διαμε-

1926 3242 2144 3311 gebant,
2180 3241 2436 3299 fortassis
2495 3254 2707 3308 autem,
2754 3245 2898 3314 quod
2930 3254 2986 3299 et
3041 3248 3244 3314 verius,
3297 3247 3413 3303 haec
3467 3248 3538 3304 ad

212 3342 462 3415 ρίζονται
485 3343 554 3395 τὰ
590 3341 782 3411 ἱμάτια
817 3340 1025 3406 αὑτοῧ;
1068 3342 1229 3404 Ἴσως
1264 3342 1365 3410 μὲν
1395 3342 1490 3395 καὶ
1516 3342 1815 3414 χρῄζοντες

208 3438 265 3489 οἱ
305 3434 495 3488 πολλοὶ
526 3434 729 3500 αὐτῶν,
758 3434 897 3504 τάχα
916 3435 994 3499 δὲ,
1023 3434 1051 3487 ὃ
1073 3435 1392 3506 καὶμᾶλλον
1422 3436 1812 3510 ἀληθέστερον,

211 3527 380 3599 ὕϐρει
413 3527 574 3582 τοῦτο
624 3530 719 3583 καὶ
756 3528 1029 3599 ἀκολασίᾳ
1072 3526 1357 3590 ποιοῦντες
1393 3543 1406 3556 '
1441 3531 1502 3581 τί
1548 3530 1657 3598 γὰρ
1715 3548 1815 3583 πο-

208 3621 437 3685 λυτελὲς
471 3622 660 3693 ἑώρων
690 3624 748 3673 ἐν
794 3623 905 3685 τοῖς
936 3621 1178 3693 ἱματίοις
1212 3640 1226 3689 ;
1265 3621 1539 3685 Γελῶντες
1596 3619 1689 3677 οὖν
1723 3625 1818 3677 καὶ

215 3716 586 3787 ὑϐρίζοντες,
647 3716 877 3769 τοιαῦτα
936 3711 1283 3786 εἰργάζοντο.
1354 3716 1529 3769 Ὅπου
1591 3716 1701 3787 γὰρ
1767 3718 1818 3769 οἱ

213 3811 497 3883 ὄρχοντες
558 3811 930 3881 ὲμυκτήριζον
964 3854 978 3875 ,
1034 3812 1084 3863 τί
1141 3810 1247 3882 χρὴ
1298 3813 1428 3883 περὶ
1476 3813 1572 3867 τοῦ
1631 3814 1817 3868 κοινοῦ

212 3903 462 3975 πλήθους
490 3902 804 3972 λογίζεσθαι
835 3920 849 3971 ;
892 3922 909 3954 ι
945 3902 1177 3966 ’Ἄλλους
1200 3904 1397 3969 ἔσωσε,
1428 3907 1661 3960 σωσάτω
1693 3908 1821 3961 ἑαυ-

210 3997 333 4061 τὸν,
360 3996 412 4048 εί
438 3988 593 4056 οὗτός
625 3996 773 4048 ἐστιν
798 3996 825 4047 6
854 3993 1094 4064 Χριστὸς
1125 3996 1153 4047 6
1185 3994 1279 4048 τοῦ
1307 3994 1444 4048 Θεοῦ
1479 3996 1758 4060 ἐκλεκτός.
1794 4017 1813 4051 ι

214 4086 397 4140 Τοῦτο
437 4087 593 4155 ἔλεγε
625 4086 696 4141 δι’
738 4086 921 4140 αὐτῶν
960 4087 988 4138 6
1028 4086 1298 4150 διάϐολος.
1334 4088 1547 4160 Ὠσπερ
1584 4090 1693 4161 γὰρ
1726 4091 1822 4145 ἐπὶ

213 4178 314 4234 τοῦ
374 4180 676 4251 πτερυγίου
709 4178 803 4233 τοῦ
862 4179 1034 4249 ἱεροῦ,
1072 4177 1215 4233 οὕτω
1263 4180 1547 4235 κάνταῦθα
1594 4184 1822 4239 τοιαῦτά

216 4289 356 4343 φησι
387 4287 404 4305 ο
436 4271 751 4342 βασκαίνων
791 4275 857 4343 τῇ
888 4274 979 4327 διὰ
1022 4272 1117 4326 τοῦ
1148 4275 1385 4346 σταυροῦ
1423 4277 1698 4350 σωτηρίᾳ,
1723 4282 1820 4334 καὶ

212 4365 518 4437 περικόψαι
587 4364 915 4437 βουλόμενος
969 4367 1179 4437 ταύτην
1239 4367 1467 4436 πάσαις,
1525 4371 1601 4433 ὡς
1665 4372 1820 4443 ἐνῆν,

220 4461 528 4530 μηχαναῖς.
597 4460 759 4525 Ὄξος
823 4458 879 4511 δὲ
943 4458 1286 4531 προσέφερον
1339 4460 1388 4513 ui
1438 4464 1817 4533 στρατιῶται,

212 4551 295 4614 ὼς
353 4551 568 4622 βασιλεῖ
615 4551 779 4619 δῆθεν
830 4551 1282 4623 ὑπηρετοῦντες,
1340 4554 1477 4624 πρὸς
1536 4556 1597 4609 τὸ
1643 4561 1812 4613 πιεῖν.

1931 3334 2193 3403 majorem
2268 3335 2660 3389 contumeliam
2739 3352 2842 3407 per
2909 3336 3190 3393 lasciviam
3264 3339 3535 3396 fecerunt.

1925 3426 2097 3500 586
2118 3427 2258 3495 Quid
2282 3429 2426 3484 enim
2453 3430 2754 3501 pretiosum
2783 3430 3040 3489 videbant
3068 3433 3120 3486 in
3147 3432 3233 3488 his
3258 3427 3540 3491 vestibus?

1930 3521 2194 3577 Bidentes
2230 3524 2396 3594 igitur
2450 3533 2505 3578 et
2544 3527 2879 3580 contumelia
2928 3525 3251 3593 allicientes,
3288 3528 3419 3584 talia
3455 3528 3537 3585 ie-

1927 3627 2142 3674 cerunt.
2184 3618 2283 3674 Ubi
2322 3618 2468 3674 enim
2502 3619 2553 3673 ei
2619 3619 2901 3688 principes
2937 3621 3379 3690 subsannabant,
3407 3625 3539 3694 quid

1932 3727 2037 3764 nun
2071 3712 2137 3765 de
2174 3711 2383 3783 reliquo
2414 3710 2574 3782 vulgo
2602 3713 3003 3783 cogitandum?
3035 3732 3053 3765 ι
3079 3713 3230 3770 Alios
3269 3716 3538 3781 servavit,

1930 3816 2111 3860 servet
2146 3806 2415 3876 seipsum,
2450 3807 2496 3863 si
2527 3806 2617 3862 hic
2644 3812 2730 3861 est
2764 3806 2857 3861 ille
2882 3805 3162 3874 Chrisxus,
3190 3807 3281 3864 ille
3307 3808 3399 3864 Dei
3428 3809 3541 3865 ele-

1930 3910 2070 3954 ctus.
2106 3920 2123 3951 ι
2150 3899 2263 3955 llnc
2294 3900 2510 3957 dicebat
2540 3916 2640 3971 per
2670 3900 2797 3957 illos
2827 3902 3097 3958 diabolus.
3126 3901 3283 3958 Sicut
3312 3905 3459 3959 enim
3488 3905 3540 3959 in

1931 3980 2096 4063 pinna
2132 3994 2340 4062 templi,
2371 3995 2443 4048 ita
2480 4007 2535 4049 et
2584 3994 2687 4049 hoc
2735 3993 2855 4050 loco
2897 3994 3051 4061 dicit,
3080 3996 3334 4053 invidens
3378 3997 3541 4053 saluti

1932 4095 2133 4140 nostra:
2180 4102 2276 4155 per
2315 4102 2556 4150 crucem,
2582 4102 2746 4155 quam
2782 4086 2977 4143 volens
3038 4089 3313 4159 impedire
3348 4104 3559 4145 omnes.

1932 4181 2187 4233 movebat
2222 4180 2525 4235 machinas.
2546 4180 2776 4235 Acetum
2812 4195 2942 4236 vero
2975 4180 3285 4237 oil'erebant
3314 4182 3542 4251 milites,

1930 4274 2089 4342 quasi
2144 4273 2255 4341 regi
2305 4275 2710 4345 quodammodo
2754 4275 3135 4331 ministrantes
3193 4283 3252 4331 ut
3303 4277 3540 4333 biberet.

1937 4364 2070 4421 Vide
2102 4377 2283 4422 autem
2320 4378 2373 4423 et
2402 4367 2563 4421 aliam
2598 4366 2913 4423 machinam
2962 4367 3185 4435 diaboli,
3214 4386 3335 4440 quae
3370 4370 3420 4423 in
3460 4372 3543 4440 ip-

1932 4470 2052 4511 sum
2089 4458 2341 4512 vertitur.
2403 4457 2505 4525 Qui
2537 4459 2685 4513 enim
2710 4458 2889 4514 tribus
2918 4458 3223 4515 litterarum
3250 4461 3544 4517 characte-

1932 4549 2088 4613 ribus
2144 4549 2501 4605 rebellionem
2552 4549 2684 4606 Jesu
2750 4551 3063 4623 invulgarat
3111 4554 3541 4624 quodammodo,

214 4644 363 4715 Ὅρα
402 4642 461 4697 δὲ
502 4644 598 4698 καὶ
646 4644 843 4716 ἑτέραν
906 4647 1162 4717 μηχανὴν
1221 4646 1317 4700 τοῦ
1368 4646 1647 4716 διαϐόλου,
1698 4652 1814 4705 κατ⁴

1932 4652 1990 4696 ιιι
2042 4641 2317 4697 neminem
2366 4645 2820 4713 prietereuntium
2863 4650 3082 4713 lateret,
3116 4650 3271 4717 quasi
3318 4658 3542 4719 propter

210 4735 386 4790 αὐτοῦ
448 4737 950 4809 περιτρεπομένην.
1006 4739 1066 4791 Ὀ
1122 4738 1223 4808 μὲν
1263 4739 1375 4811 γὰρ
1427 4743 1578 4812 ’τρισλ⁵
1642 4761 1823 4815 χαραο

216 4828 428 4899 κτῆρσι
485 4831 834 4902 γραμμάτων
887 4832 1235 4901 ὲξεπὸμπευε
1287 4832 1451 4903 δῆθεν
1490 4834 1591 4905 τὴν
1622 4838 1825 4908 άνταρο

222 4920 352 4976 σίαν
389 4920 485 4975 τοῦ
529 4922 730 4991 Ἰησοῦ,
795 4924 883 4978 ἵνα
923 4926 1129 4995 μηδένα
1156 4926 1413 4980 λανθάνοι
1446 4929 1554 4979 τῶν
1587 4929 1817 4999 παριόν·

218 5031 356 5077 των,
387 5014 463 5077 ὡς
495 5014 586 5068 διὰ
635 5015 797 5069 τοῦτο
839 5016 1138 5087 κρέμαται,
1166 5016 1302 5071 διότι
1351 5017 1575 5088 βασιλέα
1632 5020 1827 5073 ἑαυτὸν

213 5104 436 5159 ἐποίει·
471 5106 536 5159 τὸ
582 5107 661 5169 δὲ,
696 5108 801 5160 κᾶν
856 5109 931 5179 μὴ
989 5110 1017 5161 6
1072 5109 1235 5178 σοφὸς
1297 5109 1392 5163 τοῦ
1456 5112 1827 5181 κακοποιῆσαι

219 5206 445 5261 συνίει,
509 5200 782 5269 σύμϐολον
842 5196 911 5273 ἦν
959 5200 1057 5254 τοῦ
1116 5202 1389 5271 κράτιστα
1450 5203 1560 5257 τῶν
1612 5204 1826 5271 ὲθνῶν,

216 5293 399 5347 ὁποῖοι
419 5294 468 5345 οί
518 5293 803 5363 Ῥωμαῖοι,
840 5295 933 5347 καὶ
960 5295 1290 5363 σοφώτατοι,
1324 5298 1503 5351 ὁποῖοι
1539 5297 1825 5368 Ἕλληνες,

226 5390 328 5445 καὶ
355 5388 799 5454 θεοσεϐέστατοι,
848 5393 1034 5445 ὁποῖον
1069 5392 1129 5445 τὸ
1166 5394 1323 5459 γένος
1372 5393 1487 5447 τῶν
1538 5391 1812 5465 Ἐϐραίων

220 5487 410 5561 ρυξειν
440 5488 627 5541 αὐτόν.
669 5487 911 5559 Εἴπομεν
952 5488 1008 5540 δὲ
1048 5490 1177 5559 περὶ
1220 5490 1430 5544 τούτων
1483 5492 1578 5543 καὶ
1629 5494 1687 5544 ὲν
1736 5490 1815 5559 τῷ

301 5601 320 5634 ι
365 5574 455 5643 Εἷς
478 5580 533 5633 δὲ
560 5580 671 5634 τῶν
704 5581 1130 5652 κρεμασθέντων
1161 5582 1489 5652 κακούργων
1532 5581 1807 5654 aestaset].

220 5691 321 5748 μει
358 5673 522 5725 αὑτὸν
550 5673 727 5739 λέγων
753 5688 765 5699 ·
796 5671 858 5725 El
891 5673 954 5724 σὺ
984 5668 1033 5723 εἷ
1065 5674 1091 5724 6
1124 5672 1384 5741 Χριστὸς,
1425 5674 1601 5727 σῶσον
1658 5692 1820 5729 σεαυ-

214 5770 316 5821 τὸν
376 5766 473 5817 καὶ
534 5766 711 5833 ἡμᾶς.
771 5764 1127 5832 Ἀποκριθεῖς
1179 5765 1233 5817 δὲ
1278 5770 1304 5818 6
1355 5766 1541 5837 ἕτερος
1592 5768 1829 5839 ἐπετίμα

216 5859 395 5930 αὐτῷ,
429 5860 639 5929 λέγων·
681 5860 817 5914 Οὐδὲ
868 5860 1009 5930 φοϐῇ
1068 5863 1130 5913 σὺ
1164 5862 1257 5912 τὸν
1302 5862 1454 5923 Θεὸν,
1499 5862 1581 5914 ὅτι
1640 5866 1697 5915 ὲν
1750 5864 1829 5933 τῷ

218 5952 377 6021 αὐτῷ
413 5951 643 6024 κρίματι
678 5951 761 6020 εἷ,
789 5956 883 6007 καὶ
901 5955 1062 6025 ἡμεῖς
1100 5953 1201 6023 μὲν
1236 5955 1460 6018 δικαίως
1491 5968 1503 5982 °
1539 5954 1667 6021 ἄξια
1720 5956 1828 6027 γὰρ

1927 4739 2033 4795 hoc
2072 4753 2374 4810 suspensus
2423 4750 2589 4804 esset,
2613 4744 2759 4812 quod
2814 4757 2996 4811 regem
3024 4758 3085 4798 se
3130 4741 3354 4800 fecisset
3388 4761 3401 4798 :
3436 4746 3542 4800 hoc

1928 4834 2058 4905 iam.
2100 4834 2317 4890 etiamsi
2371 4848 2485 4888 non
2540 4850 2572 4889 e
2621 4845 2805 4890 mente
2856 4836 3177 4903 scribentis,
3230 4839 3537 4909 symbolum

1930 4927 2131 4983 factum
2173 4936 2259 4983 est
2287 4930 2434 4998 quod
2475 4929 2845 4999 potentissimi
2880 4932 3150 5002 gentium,
3195 4933 3385 5002 quales
3435 4933 3539 4988 Ro-

1929 5020 2079 5075 mani
2114 5037 2127 5074 :
2157 5029 2213 5074 et
2242 5021 2871 5093 sapientissimi,quales
2896 5024 3073 5080 Graeci
3108 5043 3123 5081 :
3158 5035 3213 5080 et
3255 5025 3544 5097 religiOsis-

1933 5113 2081 5177 simi,
2104 5112 2296 5183 quales
2321 5112 2554 5181 Hebrazi,
2573 5113 2779 5172 Christi
2804 5133 2973 5186 regno
2992 5119 3314 5190 subiiciendi
3333 5128 3541 5185 essent,

1934 5212 1990 5259 et
2019 5206 2192 5274 ipsum
2226 5206 2526 5274 praedicare
2552 5208 2815 5265 debeant.
2842 5209 2919 5266 De
2949 5212 3053 5267 hoc
3084 5222 3265 5267 autem
3306 5212 3461 5282 plura
3484 5222 3544 5268 et

1937 5296 2256 5353 sublimiora
2294 5300 2344 5353 in
2380 5298 2676 5372 Evangelia
2704 5301 2934 5358 Joannis
2960 5305 3221 5359 diximus.

1826 5434 1839 5458 ,
1883 5392 1989 5447 ὑπὸ
2049 5396 2113 5465 τῇ
2176 5394 2427 5470 βασιλείᾳ
2452 5397 2746 5469 τοῦςίησοῦ
2794 5399 3151 5471 τεθήσεσθαι,
3185 5400 3284 5455 καλ⁵
3330 5401 3540 5470 ἀνακη-

1866 5491 2011 5545 κατέι
2048 5493 2311 5561 Ἰωάννην
2372 5493 2544 5548 πλείω
2606 5496 2701 5548 καὶ
2768 5496 3099 5568 ὑψηλότερα.

2015 5582 2177 5641 Vens.
2210 5587 2392 5642 59-45.
2426 5606 2443 5639 ι
2487 5586 2637 5643 Unus
2663 5600 2846 5645 autem
2879 5594 2945 5646 de
2991 5593 3075 5646 his
3106 5593 3197 5661 Qui
3234 5593 3545 5661 pendebant

1938 5676 2287 5743 facinorosis,
2356 5684 2602 5735 convicia
2661 5682 2872 5737 dicebat
2926 5685 2979 5737 in
3023 5700 3169 5753 eum,
3232 5688 3543 5742 dicens:Si

1939 5782 1994 5825 tu
2046 5788 2105 5827 es
2156 5772 2430 5839 Christus,
2478 5790 2633 5828 scrra
2672 5776 2902 5844 teipsum
2927 5786 2982 5832 et
3016 5794 3131 5832 nos.
3185 5781 3542 5849 liespondens

1942 5875 2124 5919 autent
2161 5866 2300 5919 alter
2333 5868 2651 5935 inert-pabnt
2681 5887 2828 5933 eum,
2858 5870 3044 5926 dicens
3071 5872 3193 5935 τῶι)
3227 5874 3387 5928 times
3413 5873 3539 5943 qni-

1940 5960 2060 6013 dem
2094 5968 2151 6013 tu
2182 5958 2351 6017 ῡςυιιι
2382 5968 2525 6031 quod
2558 5964 2609 6019 ιιι
2640 5968 2831 6023 eadem
2861 5968 3216 6025 damnatione
3244 5966 3341 6025 es?
3366 5981 3417 6025 et
3445 5981 3543 6023 nos
