4000 6400
520 343 660 413 “03

1406 334 1995 402 THEOPHYLACTI
2039 332 2457 395 BULGARLE
2497 329 2865 394 ARCHIEP.

3651 318 3787 384 110i

508 459 734 531 quidem
758 455 902 525 juste
927 467 942 507 :
972 465 1094 507 nam
1123 448 1282 521 digna
1309 445 1474 504 factis
1493 444 1786 515 recipimus
1811 460 1824 494 :
1856 441 1945 496 hic
1970 454 2100 495 vero

2217 432 2283 492 ὧν
2356 438 2679 512 ἐπράξαμεν
2742 436 3249 507 ἀπολαμϐάνομεν·
3315 430 3469 497 οὗτος
3529 432 3589 487 δὲ
3644 432 3792 487 οὐδὲν

520 549 653 606 nihil
685 548 808 603 mali
841 546 1028 616 gessit.
1053 542 1118 598 Et
1142 542 1361 596 dicedat
1385 539 1452 595 ad
1472 537 1653 593 Jesnm
1681 554 1693 588 :
1714 533 1963 595 Domine,
1983 547 2099 586 me-

519 652 702 697 mento
735 639 839 696 mei
874 652 996 693 cum
1047 634 1265 691 veneris
1294 633 1344 686 in
1385 644 1611 701 regnum
1646 637 1818 682 tuum.
1859 624 1925 679 Et
1964 623 2099 679 dixit

518 734 591 789 illi
645 730 806 787 Jesus
838 749 851 784 :
885 730 1053 784 Amen
1104 728 1226 782 dico
1277 722 1394 787 tibi,
1426 720 1584 776 hodie
1617 732 1829 773 mecum
1884 717 1994 769 eris
2046 714 2099 767 in

518 823 792 895 paradiso.
828 839 847 873 ι
905 817 1187 886 Quomodo
1226 814 1390 884 igitur
1438 810 1530 866 alii
1574 808 1921 877 evangelista:
1962 806 2097 858 duos

519 919 758 973 latrones
787 915 971 969 dicunt
1026 908 1258 966 convitia
1289 907 1342 961 in
1369 921 1490 961 eum
1528 900 1762 974 iecisse?
1794 898 2103 954 Verisimile

517 1021 699 1065 autent
731 1004 985 1075 est'quod
1018 1003 1253 1073 primum
1286 998 1503 1066 quidem
1532 997 1641 1052 duo
1665 1009 1787 1050 eum
1820 988 2101 1046 convitiati

517 1104 648 1168 sint,
667 1101 860 1155 deinde
884 1112 1020 1151 unus
1041 1108 1232 1151 eorum
1255 1090 1531 1148 cordatior
1554 1099 1857 1158 agnoscens
1900 1082 2102 1137 bonita-

524 1208 629 1250 tem
672 1205 727 1248 et
774 1193 1111 1246 divinitatem
1146 1187 1272 1242 Jesu
1316 1196 1381 1238 ex
1438 1198 1571 1237 voce
1618 1194 1778 1249 quam
1829 1175 1956 1231 fecit
2006 1187 2105 1242 pro

519 1283 966 1355 cruciﬁgentibus
998 1296 1011 1335 :
1050 1297 1067 1330 t
1099 1276 1279 1341 Pater,
1304 1276 1511 1336 dicens,
1538 1271 1751 1325 remitte
1777 1269 1887 1333 eis;
1919 1284 1938 1317 ι
1976 1279 2102 1336 quae

521 1394 623 1433 vox
672 1393 777 1432 non
808 1373 981 1428 solum
1012 1370 1162 1426 omni
1202 1365 1573 1423 misericordia
1606 1363 1761 1432 plena
1795 1370 1900 1425 est,
1930 1359 2022 1414 sed
2051 1365 2107 1413 ct

523 1484 770 1538 magnam
818 1464 1192 1521 auctoritatem
1226 1476 1334 1530 pra:
1360 1474 1418 1513 se
1449 1457 1576 1511 fert.
1608 1454 1723 1509 Non
1753 1453 1897 1509 enim
1930 1449 2063 1504 dixit
2090 1466 2103 1503 :

524 1564 769 1628 Domine,
794 1574 911 1624 oro,
939 1556 1151 1611 dimitte
1183 1554 1284 1617 eis,
1310 1552 1403 1606 sed
1455 1548 1775 1616 simpliciter
1805 1546 1883 1599 sic
1914 1556 2109 1612 magna

524 1666 790 1728 potestate
818 1671 831 1706 :
869 1670 887 1703 ι
922 1649 1104 1715 Pater,
1126 1646 1344 1701 remitte
1368 1643 1468 1697 eis.
1499 1661 1516 1693 ι
1547 1640 1622 1694 Ex
1651 1640 1751 1693 bac
1790 1636 1952 1707 igitur
1978 1648 2107 1688 voce

524 1760 851 1818 agnoscens,
883 1744 971 1812 qui
1003 1741 1155 1810 prius
1170 1749 1288 1792 erat
1306 1736 1679 1805 blasphemus,
1702 1729 1886 1785 Jcsum
1919 1742 2103 1782 verum

525 1855 728 1908 regem,
749 1833 992 1889 confutat
1014 1843 1068 1885 et
1095 1830 1326 1885 alterum
1351 1828 1636 1886 latronem,
1652 1828 1707 1876 et
1722 1821 1788 1874 ad
1811 1818 1995 1874 Jesum
2024 1818 2100 1872 di-

522 1932 627 1985 cit:
655 1946 673 1979 ι
697 1925 968 1981 Memento
994 1923 1096 1978 mei
1122 1922 1174 1975 in
1202 1935 1365 1991 regno
1382 1926 1492 1972 tuo.
1525 1934 1542 1966 ι
1568 1914 1705 1981 Quid
1732 1914 1893 1982 igitur
1920 1910 2103 1965 Domi-

523 2022 666 2078 nus?
692 2040 710 2071 ι
738 2017 907 2073 Hodie
937 1998 1155 2070 mecum
1179 2013 1289 2066 eris
1326 2011 1377 2065 in
1419 2008 1692 2078 paradiso.
1718 2025 1735 2057 ι
1761 2005 1914 2061 Sicut
1946 2005 2105 2057 homo

522 2114 736 2185 quidem
757 2113 811 2166 in
824 2122 1005 2175 cruce,
1022 2106 1164 2161 Deus
1176 2114 1353 2159 autem
1372 2103 1657 2168 ubique,et
1672 2099 1799 2157 illic.
1818 2108 1871 2152 et
1888 2099 1939 2150 in
1959 2110 2107 2165 para-

521 2205 885 2275 disoimplens
898 2200 1100 2264 omnia,
1127 2208 1181 2254 et
1212 2209 1477 2266 nusquam
1504 2191 1993 2257 absens.Qu:rrunt
2021 2203 2108 2240 au-

522 2313 631 2355 tem
651 2298 896 2368 quidam,
918 2291 1192 2365 quomodo
1216 2290 1430 2345 dicente
1458 2285 1687 2341 Domino
1712 2282 1907 2338 latroni
1932 2302 1946 2337 :
1968 2301 1986 2332 ι
2008 2279 2111 2334 Hoc

521 2397 609 2452 die
639 2407 849 2449 mecum
872 2391 981 2448 eris
998 2391 1051 2444 in
1069 2387 1342 2459 paradiso,
1365 2404 1385 2438 ›
1403 2381 1601 2439 Paulus
1620 2382 1910 2451 dixitquod
1930 2379 2108 2433 nullus

521 2495 833 2544 sanctorum
865 2483 1130 2554 receperit
1155 2478 1569 2551 promissionem
1589 2476 1673 2530 "‘I
1695 2474 1762 2529 Et
1786 2473 2001 2544 quidam
2023 2472 2104 2524 ιιι-

520 2588 655 2635 cunt
684 2577 825 2646 quod
861 2573 1153 2646 Apostolus
1195 2586 1300 2626 nou
1320 2571 1402 2631 de
1433 2567 1687 2625 omnibus
1730 2565 1933 2621 sanctis
1964 2578 2110 2618 asse-

526 2680 611 2727 rat
675 2672 819 2740 quod
889 2683 997 2721 non
1069 2664 1377 2733 receperint
1437 2658 1954 2729 repromissionem,
2011 2655 2106 2709 Sed

525 2770 593 2823 de
641 2767 728 2822 bis
761 2778 898 2834 quos
942 2761 1061 2833 ipse
1113 2760 1290 2815 solum
1338 2756 1695 2813 enumeravit.
1757 2751 2113 2808 Enumeravit

523 2860 689 2934 487
753 2866 932 2911 autem
992 2854 1133 2909 alios
1193 2852 1409 2921 quidem
1460 2848 1680 2912 multos,
1734 2844 1959 2901 latronis
2022 2858 2113 2896 au-

527 2970 633 3009 tem
659 2968 764 3007 non
795 2948 1062 3005 meminit.
1096 2946 1231 3000 nudi
1266 2945 1407 2997 enim
1439 2940 1568 3011 quid
1604 2940 1767 3002 dicat,
1804 2938 1856 2992 bi
1894 2950 2108 2999 omnes,

526 3044 950 3102 demonstrando
973 3056 1067 3096 eos
1095 3054 1233 3109 quos
1261 3050 1442 3091 setmo
1469 3041 1778 3099 enumerat,
1803 3030 2001 3099 quibus
2029 3028 2109 3081 la-

530 3156 614 3195 tro
676 3145 1097 3193 connumeratus
1148 3146 1253 3185 non
1312 3140 1414 3183 εει.
1466 3126 1568 3179 Alii
1618 3136 1796 3177 autem
1852 3122 2183 3224 dixeruntC

527 3234 670 3304 quod
706 3232 846 3286 latro
890 3227 1129 3283 nondum
1164 3223 1389 3279 sortitus
1423 3221 1496 3274 sit
1527 3219 1576 3272 in
1600 3217 1851 3287 paradiso
1881 3231 2111 3270 conver-

522 3327 791 3385 sationem
828 3338 840 3373 :
874 3321 966 3375 sed
1024 3320 1150 3386 quia
1194 3310 1527 3367 invariabilis
1558 3310 1628 3363 sit
1662 3318 1717 3362 et
1746 3309 1963 3362 mentiri
2018 3322 2101 3362 ne-

525 3423 690 3484 queat
723 3409 931 3465 Domini
986 3404 1295 3477 promissio,
1322 3402 1444 3456 ideo
1472 3400 1679 3455 dictum
1704 3413 1845 3464 esse,
1880 3416 1899 3449 ι
1941 3396 2110 3453 llodie

527 3520 740 3561 ntecum
770 3503 877 3556 eris
902 3503 953 3555 in
990 3497 1273 3569 paradiso.
1322 3513 1340 3545 ι
1375 3494 1470 3548 Est
1496 3492 1641 3547 enim
1672 3500 1726 3546 ct
1756 3491 1875 3545 haec
1903 3492 2114 3560 species

528 3601 794 3670 pltraseos
824 3596 875 3647 in
901 3592 1081 3647 verbis
1113 3587 1436 3651 Dominicis,
1462 3594 1519 3639 ut
1540 3584 1609 3639 de
1642 3582 1837 3638 futuris
1860 3582 2114 3652 loquatur

531 3704 786 3759 tanquam
842 3688 907 3740 de
968 3684 1052 3737 bis
1102 3695 1223 3751 qua:
1266 3678 1381 3746 jam
1440 3676 1573 3731 ﬁant
1611 3693 1625 3729 :
1662 3685 1719 3729 ut
1776 3690 1901 3730 eum
1936 3675 2109 3729 dicit:

534 3805 553 3836 ι
592 3783 693 3848 Qui
722 3796 824 3831 non
859 3778 1055 3837 credit,
1087 3788 1197 3839 μιιι
1224 3771 1498 3841 judicatus
1516 3777 1597 3821 est
1630 3767 1674 3797 "
1722 3785 1740 3818 ι
1780 3774 1834 3821 et
1854 3780 2109 3820 rursum:

534 3895 551 3927 ι
585 3874 685 3941 Qui
717 3864 1401 3927 sermoncsmeosauditet
1430 3861 1621 3921 credit.
1647 3860 1696 3912 in
1720 3858 1985 3937 judicium
2007 3873 2114 3913 non

528 3969 695 4031 venit,
732 3965 823 4017 sed
861 3961 1112 4016 transivit
1145 3958 1211 4012 de
1246 3964 1418 4008 morte
1447 3951 1501 4007 in
1533 3951 1701 4005 vitam
1724 3950 1791 4003 ³⁷.
1833 3967 1851 4000 ι
1875 3928 1985 4003 ΑΙίῖ
2015 3964 2117 4003 au-

528 4073 633 4117 tem
662 4064 912 4125 torquent
954 4052 1200 4112 verbttm,
1235 4055 1490 4117 punctum
1524 4044 1786 4098 facientes
1807 4051 1929 4112 post
1966 4058 1985 4093 ι
2020 4042 2115 4096 lto-

530 4156 645 4219 die,
686 4169 704 4201 ι
744 4160 800 4202 ιιι
826 4150 899 4201 sit
932 4146 977 4199 is
1018 4158 1211 4198 sensus
1240 4141 1393 4203 dicti,
1427 4158 1446 4189 ι
1485 4138 1659 4191 Amen
1696 4139 1818 4192 dico
1885 4136 1978 4190 tibi
2022 4136 2118 4189 lto-

529 4248 663 4301 die;
702 4260 720 4293 ι
758 4238 975 4301 deinde,
1019 4255 1035 4288 ι
1070 4234 1277 4289 Mecum
1332 4246 1441 4285 el‘lS
1488 4230 1539 4283 in
1594 4229 1867 4298 paradiso,
1907 4248 1924 4279 ι
1981 4228 2118 4297 adji-

530 4342 755 4395 eientes.
790 4333 1018 4400 Quidam
1059 4342 1209 4390 vero,
1235 4326 1326 4395 qui
1362 4323 1596 4377 maxime
1626 4336 1846 4375 sensum
1900 4319 2117 4389 assequi

530 4434 634 4487 vzsi
685 4439 833 4490 sunt,
866 4426 945 4478 sic
986 4430 1309 4489 exponunt:
1355 4415 1702 4484 liepromissa
1765 4413 1921 4467 nobis
1977 4414 2117 4466 bona

2203 532 2404 587 ἄτοπον
2452 529 2676 603 ἔπραξε.
2728 531 2835 583 Καὶ
2887 529 3044 596 ἔλεγε
3104 526 3182 597 τῷ
3232 526 3452 595 Ἰησοῦ·
3505 522 3794 593 Μνήσθητί

2209 644 2333 697 μου,
2370 625 2563 694 Κύριε,
2602 627 2730 677 ὅταν
2786 622 2946 691 ἔλθῃς
3000 622 3057 672 ἐν
3101 622 3166 688 τῇ
3227 616 3479 689 βασιλείᾳ
3535 633 3654 668 σου.
3692 614 3798 666 Καὶ

2206 715 2361 771 εἶπεν
2388 717 2535 785 αὑτῷ
2561 718 2586 769 ὁ
2617 714 2848 785 Ἰησοῦς·
2870 713 3047 783 Ἀμὴν
3087 712 3232 780 λέγω
3262 726 3368 770 σοι,
3410 710 3656 777 σήμερον
3683 704 3797 774 μετ’

2207 811 2342 878 ἐμοῦ
2372 810 2468 881 ἔσῃ
2502 812 2559 861 ἐν
2624 811 2699 878 τῷ
2731 807 3073 877 παραδείσῳ.
3121 824 3139 855 ι
3203 804 3329 866 Πῶς
3378 798 3473 854 οὖν
3514 802 3565 853 si
3624 801 3800 867 ἕτεροι

2210 901 2601 971 εὐαγγελισταὶ
2629 903 2753 964 τοὺς
2801 900 2895 953 δύο
2921 897 3122 971 λῃστάς
3159 913 3292 964 φασι
3338 896 3675 963 κατηγορεῖν
3706 892 3804 946 αὖ·

2207 992 2337 1058 τοῦ;
2373 993 2461 1045 Ἐν
2486 994 2626 1062 ἀρχῇ
2673 992 2772 1061 μὲν
2799 990 2944 1052 εἰκὸς
2973 989 3102 1050 τοὺς
3127 987 3219 1039 δύο
3253 986 3591 1053 κατηγορεῖν
3615 982 3802 1045 αὑτοῦ,

2206 1081 2326 1137 εἶτα
2366 1086 2455 1138 τὸν
2502 1086 2692 1154 ἕτερον
2731 1085 2912 1137 αὖτῶν
2969 1082 3233 1149 ἀγχίνουν
3297 1079 3451 1140 ὄντα,
3502 1076 3805 1143 ἐπιγνῶναι

2207 1179 2306 1248 τὴν
2350 1178 2524 1249 Ἰησοῦ
2574 1177 2885 1246 ἀγαῦότητα
2919 1175 3014 1229 καὶ
3064 1174 3297 1241 Οεότητα
3349 1174 3415 1225 ἐκ
3447 1172 3549 1239 τῆς
3597 1169 3807 1237 φωνῆς,

2207 1263 2274 1341 ἦς
2311 1272 2553 1322 ἐποιεῖτο
2584 1269 2723 1337 ὑπὲρ
2744 1267 2853 1321 τῶν
2884 1265 3286 1336 σταυροῦ-πων,
3323 1281 3341 1313 ι
3378 1263 3588 1331 Πάτερ,
3611 1260 3806 1327 λέγων,

2208 1365 2346 1432 ἄφες
2378 1365 2585 1425 αὐτοῖς.
2622 1383 2639 1414 ι
2684 1362 2759 1415 Οὐ
2798 1361 2962 1432 μόνον
2995 1359 3106 1430 γὰρ
3137 1358 3320 1429 πάσης
3358 1354 3809 1425 ’φιλανθρωπίας

2210 1456 2397 1527 γέμει,
2426 1456 2567 1510 ἀλλὰ
2620 1456 2714 1508 καὶ
2762 1453 3058 1507 αὑοεντίαν
3112 1450 3720 1521 πολλὴνμὲνδείκνυται
3774 1448 3807 1516 ἡ

2214 1551 2383 1617 φωνή.
2419 1549 2493 1602 Οὐ
2519 1547 2628 1618 γὰρ
2660 1542 2801 1610 εἷπε,
2846 1545 3041 1616 Κύριε,
3075 1544 3403 1612 παρακαλῶ,
3437 1544 3577 1610 ἄφες
3602 1540 3811 1604 αὐτοῖς,

2213 1640 2328 1693 ἀλλ’
2388 1639 2576 1702 ἁπλῶς
2636 1638 2810 1701 οὕτως
2872 1638 2966 1690 καὶ
3015 1634 3467 1701 ἐξουσιαστικῶς,
3528 1651 3547 1684 ι
3605 1633 3814 1702 Πάτερ,

2215 1732 2349 1802 rigas;
2382 1734 2587 1795 αὐτοῖς.
2632 1752 2649 1783 ι
2695 1731 2790 1784 Ἐκ
2816 1731 3023 1801 ταύτης
3064 1725 3157 1783 οὖν
3192 1730 3292 1796 τῆς
3325 1727 3518 1795 φωνῆς
3548 1727 3816 1793 ἐπιγνοὺς

2214 1829 2241 1879 ὁ
2272 1828 2536 1897 πρότερον
2569 1827 2912 1897 βλάσφημος.
2939 1825 3029 1876 τὸν
3064 1821 3277 1892 Ἰησοῦν
3322 1806 3605 1889 ¹ἀληθινὸν
3656 1817 3816 1888 βασι-

2214 1920 2310 1974 λέα
2359 1918 2735 1986 ἐπιγινώσκει,
2767 1917 3112 1987 ἐπιστομίζει
3144 1915 3201 1968 δὲ
3225 1915 3320 1968 καὶ
3369 1914 3465 1966 τὸν
3499 1913 3699 1984 ἕτερον
3732 1910 3821 1979 λῃ-

2217 2012 2368 2084 στὴν,
2399 2013 2489 2063 καὶ
2523 2010 2659 2081 πρὸς
2686 2011 2775 2062 τὶν
2822 2008 3035 2079 Ἰησοῦν
3081 2006 3227 2075 λέγει
3262 2022 3275 2033 ”
3321 2024 3339 2057 ι
3378 2004 3680 2074 Μνήσθητί
3719 2019 3821 2072 μου

2216 2106 2274 2157 ἐν
2322 2105 2387 2173 τῇ
2432 2102 2685 2173 βασιλεία
2709 2119 2826 2154 σου.
2862 2120 2880 2152 ι
2916 2099 2981 2153 Τί
3008 2098 3100 2152 οὖν
3130 2101 3156 2152 ὁ
3193 2098 3397 2168 Κύριος
3428 2113 3443 2161 ;
3482 2115 3499 2147 ι
3565 2096 3824 2165 Σήμερον

2219 2197 2337 2269 μετ’
2372 2197 2508 2268 ἐμοῦ
2559 2196 2658 2269 ἔσῃ
2704 2198 2763 2249 ἐν
2811 2194 2888 2264 τῷ
2931 2193 3261 2265 παραδείσῳ.
3302 2211 3319 2243 ι
3392 2192 3483 2253 Ὠς
3542 2190 3648 2259 μὲν
3713 2189 3827 2259 γὰρ

2216 2291 2643 2361 ἄνθρωπος,ηὲν
2698 2288 2952 2358 σταυρῷ,
3006 2288 3084 2350 ὡς
3133 2285 3191 2338 δὲ
3243 2283 3375 2347 Θεὸς
3405 2324 3421 2348 ,
3485 2282 3824 2351 πανταχοῦ,

2224 2384 2407 2445 κάκεῖ,
2442 2384 2545 2436 κάν
2577 2381 2657 2451 τῷ
2692 2380 3035 2457 παραδείσῳ,
3063 2378 3243 2431 πάντα
3292 2374 3545 2445 πληρῶν,
3578 2375 3681 2427 καὶ
3722 2388 3831 2443 μη-

2216 2474 2389 2546 δαμοῦ
2444 2473 2539 2529 ὣν.
2592 2476 2899 2546 Ζητήσουσι
2950 2472 3008 2526 δέ
3059 2487 3238 2532 τινες·
3272 2469 3397 2532 Πῶς
3451 2468 3552 2521 τοῦ
3611 2466 3827 2536 Κυρίου

2216 2568 2470 2638 λέγοντος
2535 2568 2614 2638 τῷ
2662 2568 2878 2638 λῃστῇ,
2942 2585 2961 2618 ι
3024 2566 3283 2634 Σήμερον
3339 2563 3461 2633 μετ’
3514 2561 3659 2631 ἐμοῦ
3728 2561 3829 2629 ἔσῃ

2219 2663 2277 2713 ἐν
2325 2663 2403 2729 τῷ
2471 2660 2827 2732 παραδείσῳ,
2885 2678 2901 2709 ι
2960 2658 2987 2710 ὁ
3056 2656 3268 2718 Παῦλος
3332 2654 3482 2723 ἔφη’
3548 2673 3568 2704 ι
3630 2652 3828 2715 Οὐδεὶς

2218 2752 2327 2804 τῶν
2361 2751 2531 2820 ἁγίων
2559 2751 2861 2819 ἐκομίσατο
2887 2750 2987 2820 τὴν
3017 2746 3356 2817 ἐπαγγελίαν
3386 2763 3416 2812 ;.
3451 2766 3471 2798 ι
3510 2746 3628 2800 Καί
3676 2761 3830 2807 τινες

2219 2844 2491 2913 λέγουσιν,
2517 2846 2599 2897 ὅτι
2626 2846 2654 2897 ὁ
2676 2843 3000 2906 Ἀπόστολος
3022 2844 3083 2895 οὐ
3110 2844 3239 2912 περὶ
3258 2840 3478 2894 πάντων
3509 2840 3621 2894 τῶν
3648 2838 3828 2908 ἁγίων

2220 2937 2541 3008 ἀπεφήνατο
2600 2937 2661 2988 τὸ
2722 2936 2797 3005 μὴ
2856 2934 3194 3003 κομίσασθαι
3264 2936 3363 3003 τὴν
3422 2933 3825 3000 ἐπαγγελίαν,

2219 3029 2369 3083 ἀλλὰ·
2412 3030 2541 3099 περὶ
2609 3023 2683 3081 ὧν
2744 3028 3176 3098 ἁπηριθμήσατο
3242 3029 3443 3096 μόνον’
3492 3023 3827 3094 ἁπιςριϐμήο

2221 3139 2353 3177 σατο
2380 3121 2436 3175 δὲ
2463 3121 2657 3184 ἄλλους
2691 3121 2790 3191 μὲν
2817 3120 3066 3186 πολλοὺς,
3090 3119 3183 3171 τοῦ
3214 3118 3269 3171 δὲ
3305 3117 3505 3187 λῃστοῦ
3540 3116 3667 3168 οὑδέ
3688 3117 3825 3167 ἐπε-

2220 3216 2453 3289 μνήσθη.
2493 3217 2692 3269 ’Ἄκουε
2727 3214 2834 3284 γὰρ
2868 3215 2921 3267 τί
2962 3230 3127 3283 φησιν
3155 3228 3169 3243 ’
3234 3207 3396 3267 Οὗτοι
3429 3211 3664 3273 πάντες,
3713 3208 3826 3262 δει-

2216 3312 2420 3373 κτικῶς
2448 3311 2583 3379 πρὸς
2624 3300 2747 3369 τοὺς
2807 3306 3301 3378 ἀπηριθμημένους
3342 3304 3435 3358 τὸν
3477 3304 3642 3370 λόγον
3684 3305 3824 3357 duo

2217 3404 2419 3473 φέρων,
2449 3397 2529 3464 οἷς
2581 3402 2609 3454 ὁ
2653 3400 2851 3472 λῃστὴς
2900 3401 2962 3452 οὐ
3019 3398 3448 3468 συνηρίθμηται.
3488 3396 3721 3467 Ἕτεροι
3767 3394 3825 3449 δὲ

2216 3498 2445 3565 ἓιρασαν,
2486 3495 2568 3546 ὃτι
2625 3494 2746 3546 οὐδὲ
2799 3496 2826 3545 ὁ
2891 3493 3096 3562 λῃστὴς
3154 3490 3308 3543 οὔπω
3360 3491 3518 3561 ἔτυχε
3589 3490 3694 3559 τῆς
3767 3491 3826 3542 ἐν

2214 3587 2294 3656 τῷ
2339 3582 2655 3655 παραδείσῳ
2698 3583 2974 3651 διαγωγῆς
3007 3622 3020 3643 ,
3066 3580 3180 3634 ἀλλ’
3222 3579 3413 3650 ἐπειδὴ
3474 3580 3824 3648 ἁμετάϐετος

2216 3680 2311 3731 καὶ
2381 3676 2739 3747 estsq/sum;
2800 3678 2832 3744 ἡ
2899 3673 2992 3726 τοῦ
3052 3675 3254 3744 Κυρίου
3317 3674 3616 3743 ὑπόσχεσις
3652 3713 3667 3739 ,
3730 3673 3823 3728 διὰ

2216 3771 2377 3824 τοῦτο
2417 3770 2633 3839 εἴρηται
2659 3768 2740 3833 τὸ,
2776 3786 2793 3817 ι
2834 3768 3083 3836 Σήμερον
3121 3766 3239 3835 μετ’
3289 3765 3425 3835 ἐμοῦ
3471 3765 3571 3836 ἔσῃ
3632 3768 3692 3816 ἐν
3744 3764 3827 3837 τῷ

2218 3864 2551 3935 παραδείσῳ.
2608 3880 2626 3912 ι
2668 3861 2824 3913 Ἔστι
2864 3862 2970 3929 γὰρ
3011 3860 3104 3912 καὶ
3146 3857 3387 3911 τοιοῦτον
3423 3854 3587 3921 εἶδος,
3625 3861 3819 3927 φασιν,

2220 3958 2412 4019 ἐντοῖς
2456 3954 2551 4009 τοῦ
2588 3954 2796 4023 Κυρίου
2834 3954 3099 4022 ῥήμασιν,
3147 3954 3207 4004 ἐν
3256 3945 3335 4014 οἷς
3388 3952 3521 4019 περὶ
3548 3952 3662 4004 τῶν
3693 3952 3821 4004 ἐσε-

2222 4050 2347 4104 σθαι
2368 4050 2693 4119 μελλόντων,
2724 4047 2799 4108 ὼς
2821 4046 2922 4116 ἤδη
2944 4047 3254 4115 γενομένων
3280 4044 3557 4108 διέξεισιν.
3577 4045 3669 4108 Ὠς
3690 4048 3824 4099 ὅταν

2219 4145 2381 4216 λέγῃ·
2424 4164 2442 4195 ι
2468 4144 2526 4197 Ὀ
2560 4143 2635 4227 μὴ
2668 4140 2964 4201 πιστεύων,
2998 4140 3097 4210 ἤδη
3143 4138 3419 4209 κέκριται,
3457 4158 3475 4189 ι
3510 4142 3609 4194 καὶ
3632 4140 3825 4195 πάλιν·

2229 4258 2246 4289 ι
2268 4239 2327 4289 '0
2346 4237 2456 4290 τῶν
2486 4236 2660 4302 λόγων
2695 4251 2793 4303 μου
2822 4232 3059 4294 ἁκούων,
3085 4232 3179 4284 καὶ
3205 4232 3501 4295 πιστεύων,
3531 4235 3613 4293 εἰς
3640 4234 3826 4303 κρίσιν

2223 4324 2586 4395 οὺκέρχεται,
2611 4324 2747 4377 ἀλλὰ
2799 4322 3185 4392 μεταϐέϐηκεν
3224 4322 3289 4375 ἐκ
3312 4321 3409 4373 τοῦ
3440 4321 3687 4375 θανάτου
3745 4327 3825 4387 εἰς

2220 4418 2322 4489 τὴν
2347 4416 2745 4487 ζωὴν.ι’Λλλοι
2775 4416 2831 4468 δὲ
2862 4414 3212 4478 ἐκϐιάζονται
3243 4415 3301 4467 τὸ
3334 4416 3512 4485 ῥῆμα,
3539 4418 3823 4482 στίξοντες

532 4542 639 4581 ιιοιι
695 4534 822 4577 sunt
867 4520 1147 4583 ingressus
1196 4512 1248 4564 in
1292 4506 1735 4579 paradisum,vel
1758 4506 1985 4571 reditus,
2018 4506 2111 4559 sed

2222 4513 2300 4573 al;
2350 4512 2407 4564 τὸ
2473 4528 2491 4562 t
2527 4512 2795 4580 Σήμερον,
2838 4527 2856 4559 ›
2901 4503 3025 4579 ἵν’ᾖ
3078 4508 3138 4560 τὸ
3177 4508 3471 4576 λεγόμενον
3524 4510 3779 4565 τοιοῦτον
3810 4530 3823 4545 ·

532 4639 546 4673 ι
574 4631 755 4689 :gnum
783 4612 1041 4665 castorum
1068 4621 1081 4656 ε
1112 4604 1253 4656 unde
1270 4614 1578 4661 etoramus,
1619 4616 1636 4648 ι
1672 4596 1866 4651 Veniat
1890 4611 2114 4665 regnum

537 4685 690 4764 unum
718 4705 787 4764 "',
824 4721 840 4753 ι
894 4715 998 4753 non
1033 4694 1373 4749 conversatio
1402 4690 1488 4743 illa
1523 4690 1574 4741 in
1627 4690 1894 4757 paradiso.
1931 4685 2119 4755 Neque

772 4744 787 4769 ν

530 4804 678 4862 enim
711 4796 847 4855 mibi
880 4794 1027 4848 dicat
1050 4788 1244 4856 aliquis
1296 4782 1440 4852 quod
1477 4782 1618 4836 idem
1652 4783 1721 4835 sit
1756 4783 2043 4852 paradisus
2065 4790 2120 4836 et

535 4907 779 4967 regnum.
813 4890 959 4957 Bona
1014 4886 1157 4939 enim
1225 4879 1375 4947 regni
1412 4895 1430 4927 ι
1480 4888 1652 4943 neque
1692 4888 1842 4929 auris
1892 4878 2119 4939 audivit,

537 5003 711 5057 neque
741 4983 927 5039 oculus
955 4978 1108 5041 vidit,
1137 4987 1311 5042 neque
1339 4972 1391 5024 in
1426 4984 1520 5023 cor
1555 4968 1794 5023 hominis
1857 4976 2121 5022 ascende.

540 5095 663 5137 runt
689 5082 761 5133 ³⁸.
803 5096 821 5130 ι
864 5071 1181 5128 Paradisum
1208 5075 1389 5119 autem
1421 5072 1475 5116 et
1507 5061 1696 5115 oculus
1727 5062 1858 5112 Atla:
1888 5059 2041 5126 vidit,
2074 5070 2129 5115 et

536 5176 685 5228 auris
708 5170 912 5221 audivit
942 5164 1009 5217 de
1037 5176 1122 5215 eo.
1160 5177 1177 5209 t
1218 5159 1291 5211 De
1324 5157 1574 5210 omnibus
1599 5156 1740 5211 enim
1775 5154 1955 5222 lignis,
1998 5172 2016 5204 ι
2046 5157 2127 5206 in-

537 5267 675 5334 quit,
701 5279 718 5311 t
739 5274 858 5329 qua:
888 5264 1014 5310 sunt
1043 5253 1098 5305 in
1129 5252 1398 5319 paradiso,
1420 5249 1585 5300 edens
1607 5246 1827 5299 comede
1848 5246 1911 5295 ⁸ο.
1942 5264 1959 5296 ι
1993 5242 2126 5296 Nam

539 5360 667 5411 licet
702 5366 865 5405 unum
903 5360 1109 5401 tantum
1141 5344 1345 5411 lignum
1397 5336 1743 5392 interdictum
1781 5340 1853 5392 sit
1909 5340 2010 5401 eis,
2050 5351 2129 5391 ta-

542 5465 661 5505 men
697 5458 749 5499 et
785 5447 957 5512 ipsum
986 5441 1330 5497 viderunt,et
1359 5432 1425 5486 de
1460 5433 1579 5499 ipso
1626 5432 1933 5485 audierunt.
1958 5434 2024 5485 Et
2076 5434 2127 5486 in

612 5597 656 5627 ³⁵
690 5592 857 5645 Hebr.
895 5601 955 5650 ιι,
994 5583 1077 5637 15.
1157 5580 1200 5611 ⁸⁸
1230 5577 1385 5634 Joan.
1413 5590 1497 5642 ιιι,
1530 5575 1617 5629 18.
1696 5577 1739 5608 ³⁷
1766 5577 1922 5633 Joan.
1955 5595 2005 5645 ν,
2028 5583 2120 5636 ~24.

2202 5591 2244 5621 ³⁸
2277 5590 2470 5643 Matth.
2505 5604 2576 5651 vt,
2614 5586 2697 5639 10.

2233 4626 2251 4658 ι
2275 4605 2449 4673 Ἀμὴν
2468 4603 2611 4669 λέγω
2634 4600 2717 4653 σοὶ
2740 4601 2997 4670 σήμερον·
3031 4618 3050 4651 ›
3091 4595 3211 4652 εἶτα
3241 4600 3322 4661 τὸ,
3358 4620 3376 4651 ι
3404 4603 3521 4669 μετ’
3553 4605 3695 4672 ἐμοῦ
3728 4607 3826 4677 ἔσῃ

2228 4700 2284 4749 ἐν
2311 4696 2387 4765 τῷ
2424 4715 2490 4748 1:7
2505 4694 2756 4765 ραδείσῳ,
2800 4714 2816 4744 ι
2840 4692 3217 4762 ἐπιφέροντες.
3246 4693 3397 4755 Τινὲς
3427 4694 3483 4747 δὲ
3504 4698 3556 4748 οἱ
3583 4698 3824 4766 μάλιστα

2226 4792 2503 4861 ἐπιτυχεῖν
2530 4790 2805 4853 δόξαντες,
2844 4786 3014 4847 οὕτως
3052 4786 3375 4857 ἐξηγοῦνται
3401 4807 3413 4819 ·
3444 4790 3527 4844 ’τὰ
3554 4793 3831 4865 ἐπηγγελ.

2231 4885 2370 4955 μένα
2399 4886 2528 4953 ἡμῖν
2564 4881 2743 4950 ἀγαθὰ
2801 4884 2901 4934 οὐκ
2949 4883 3028 4945 εἰς
3074 4883 3165 4934 τὸν
3190 4884 3527 4953 παράδεισον
3574 4887 3827 4961 διαγωγή

2228 4979 2375 5029 ἐστιν
2405 4976 2435 5046 ἢ
2473 4974 2733 5036 ἐπάνοδος
2762 4977 2807 5041 (i
2827 4974 2895 5042 Ι),
2928 4974 3043 5026 ἀλλ’
3070 4976 3099 5043 ἠ
3122 4974 3365 5041 βασιλεία
3398 4979 3506 5027 τῶν
3535 4981 3791 5048 οὖρςινῲν
3812 5000 3825 5013 .

2227 5069 2390 5123 ὈΘεν
2412 5069 2507 5121 καὶ
2528 5069 2966 5136 προσευχομεϐα,
3005 5086 3021 5118 ι
3046 5069 3279 5122 Ἐλοέτω
3308 5073 3338 5138 ἡ
3366 5071 3623 5137 βασιλεία
3659 5094 3776 5137 σιν,
3805 5098 3820 5128 ι

2225 5162 2323 5230 οὐχ
2351 5163 2383 5230 ἡ
2408 5161 2499 5211 ἐπὶ
2531 5160 2621 5212 τοῦ
2654 5161 2983 5229 παραδείσου
3015 5162 3289 5231 διατριϐή,
3326 5165 3417 5234 Μὴ
3440 5168 3549 5235 γάρ
3581 5174 3827 5241 pavi-,1

2226 5270 2329 5318 τις,
2362 5254 2444 5305 ὅτι
2474 5254 2671 5305 ταυτὸν
2720 5255 3050 5322 παράδεισος
3120 5261 3213 5307 καὶ
3271 5260 3547 5326 βασιλεία.
3594 5264 3677 5315 Ti
3734 5269 3829 5333 μὲν

2226 5350 2335 5417 γὰρ
2366 5348 2543 5415 ἀγαθὰ
2602 5349 2699 5416 τῆς
2736 5348 3012 5416 βασιλείας
3077 5352 3204 5401 οὐτε
3250 5350 3342 5413 οῦς
3404 5354 3671 5422 ἧκουσεν,
3707 5358 3826 5410 οῦτε

2226 5442 2503 5511 ὀφθαλμὸς
2532 5438 2689 5508 εἶδεν,
2724 5442 2847 5493 οὔτε
2878 5444 2970 5494 ἐπὶ
3021 5444 3251 5513 καρδίαν
3287 5446 3587 5513 ἀνθρώπου
3614 5452 3781 5521 tivqu
3809 5463 3827 5481 ⁶

2780 5585 2821 5615 ³³
2859 5584 2874 5637 ι
2906 5585 3031 5640 Cor.
3060 5602 3120 5654 ιι,
3156 5585 3210 5639 6.
3289 5586 3336 5618 “
3366 5588 3506 5643 Gen.
3549 5605 3609 5657 ιι,
3640 5591 3728 5647 16.

1497 5716 1587 5776 Ex
1624 5714 1967 5778 collatione
2002 5714 2189 5777 codd.
2234 5715 2462 5775 Venet.
2498 5712 2555 5771 S.
2596 5710 2818 5773 Marci.

615 5852 726 5925 (il)
770 5852 903 5908 Cod.
931 5852 1018 5917 '50,
1061 5846 1260 5911 εἴσοδός
1294 5848 1440 5899 ἐστιν
1470 5843 1502 5915 ἢ
1535 5842 1808 5908 ἐπάνοδος.
