4000 6398
529 209 665 276 1107
734 237 740 243 ·

1415 211 2004 275 THEOPHYLACTI
2049 210 2462 273 BULGARIAE
2501 211 2863 275 ARCHIEP.

3655 199 3788 267 11518

524 322 706 391 Pater,
749 322 801 379 in
838 338 1030 380 manus
1053 331 1172 379 tuas
1212 325 1533 379 commendo
1554 323 1799 393 spiritum
1827 337 2003 376 meum
2031 320 2077 352 ⁸³

2202 323 2392 395 χεῖράς
2441 340 2536 375 σου
2574 321 2919 393 παρατίθημι
2965 320 3029 374 τὸ
3071 319 3285 390 πνεῦμά
3320 335 3446 390 μου.
3479 315 3594 371 Καὶ
3619 314 3788 368 ταῦτα

524 413 591 470 Et
614 414 728 472 haec
755 429 875 470 cum
908 415 1151 478 dixisset,
1185 414 1500 484 exspiravit.
1516 414 1648 470 Cum
1670 414 1890 469 vidisset
1918 424 2097 469 autem

522 508 769 563 centurio
819 507 963 576 quod
1014 507 1250 572 accidit,
1297 508 1623 578 gloriﬁcavit
1664 507 1857 567 Deum.
1889 508 2095 574 dicens,

524 597 661 655 Vere
689 600 775 655 hic
799 600 961 655 homo
1009 600 1192 669 justus
1223 609 1360 656 eral.
1387 598 1451 653 Et
1483 614 1672 655 onmes
1702 600 1874 655 turba:
1909 615 2096 656 eorum

520 690 609 760 qui
648 690 811 746 simul
835 702 1180 748 accesserant
1211 693 1277 746 ad
1324 690 1690 762 spectaculum
1724 692 1893 756 istud,
1927 701 1981 747 et
2014 692 2099 745 vi-

518 785 709 839 derant
738 800 861 855 quae
900 784 1305 853 contingebant,
1340 784 1708 855 percutientes
1751 792 1968 854 pectora
1999 799 2097 840 sua

522 878 952 934 revertebantur.
995 877 1223 932 Stabant
1251 888 1431 932 autem
1462 891 1652 932 omnes
1682 878 1796 932 noti
1827 876 1943 943 ejus
1968 891 2096 946 pro-

520 970 626 1035 cul,
667 978 723 1024 et
776 970 1034 1026 mulieres
1070 984 1190 1039 quae
1220 982 1421 1027 secuta
1447 986 1570 1026 eum
1597 980 1751 1026 erant
1782 985 1810 1024 a
1849 969 2093 1035 Galilaca,

517 1076 827 1134 spectantes
859 1067 993 1122 haec.
1030 1087 1051 1120 ι
1085 1066 1307 1136 Signum
1347 1068 1661 1137 qumrebant
1687 1066 1977 1137 aliquando
2002 1064 2097 1122 Ju-

516 1158 617 1212 dzni
650 1159 832 1213 videre
862 1159 928 1214 de
958 1160 1116 1214 cmlo.
1147 1157 1288 1213 Ecce.
1315 1159 1479 1230 igitur
1518 1158 1726 1229 signum
1781 1172 1985 1225 rarum,
2016 1168 2095 1215 te-

515 1251 716 1305 nebrae.
772 1250 1050 1306 Scinditur
1078 1263 1259 1306 autem
1304 1251 1483 1306 velum
1538 1250 1744 1320 templi,
1772 1252 2094 1308 ostendente

512 1341 741 1397 Domino
793 1344 933 1410 quod
978 1358 1083 1396 non
1139 1342 1277 1398 ultra
1327 1343 1606 1398 inaccessa
1684 1352 1842 1397 erunt
1891 1341 2091 1398 Sancta

514 1444 848 1500 sanctorum,
894 1434 985 1488 sed
1062 1432 1319 1489 Romanis
1385 1435 1577 1491 tradita
1640 1434 2087 1506 profanabuutur.

515 1526 611 1580 Vel
646 1527 806 1580 aliter
841 1541 855 1577 :
886 1525 1293 1598 Ostenditquod
1329 1528 1501 1583 velum
1536 1528 1681 1598 quod
1708 1527 1889 1582 divisit
1933 1542 2029 1583 nos
2060 1544 2088 1581 ιι

512 1619 718 1672 sanctis
763 1620 815 1673 iu
864 1620 1023 1684 ccelo,
1060 1619 1360 1683 scindatnr,
1402 1618 1504 1674 hoc
1555 1628 1637 1675 est
1686 1617 1983 1672 inimicitia:
2036 1626 2090 1672 et

511 1720 812 1779 peccatum.
844 1709 951 1763 Hoc
970 1710 1109 1764 enim
1139 1710 1237 1765 fuit
1263 1725 1513 1781 magnum
1538 1709 1910 1775 i‘nterstitium,
1941 1711 2081 1779 quod

515 1821 613 1860 nos
644 1804 712 1858 ab
744 1802 848 1856 illis
875 1804 964 1871 qui
990 1803 1061 1856 ibi
1095 1811 1272 1864 erant,
1311 1802 1685 1872 distinguebat.
1713 1801 1962 1856 Ostendit
1988 1818 2085 1855 au-

514 1909 620 1953 tem
655 1899 794 1967 quod
826 1913 929 1951 non
977 1906 1191 1965 promer
1225 1895 1601 1965 impotentiam
1634 1893 1931 1948 cruciﬁxus
1990 1895 2081 1951 sit.

510 1985 643 2043 Nam
664 1990 755 2059 qui
790 1986 913 2041 talia
933 1986 1081 2052 fecit,
1114 1985 1277 2041 etiam
1334 1985 1453 2040 illos
1485 1970 1747 2055 potuisset
1778 1986 2000 2055 perdere
2030 1995 2085 2041 et

508 2080 576 2135 ab
599 2091 819 2150 aspectu
855 2094 1151 2135 removere.
1180 2079 1313 2134 Cum
1371 2094 1499 2135 vero
1551 2093 1683 2137 voce
1731 2094 1923 2148 magna
1973 2078 2085 2134 cla-

511 2182 733 2240 masset,
776 2173 956 2228 emisit
1000 2172 1269 2241 spiritum.
1301 2171 1629 2228 Potestatem
1664 2172 1807 2227 enim
1849 2172 2085 2227 habebat

508 2265 741 2320 animam
803 2280 956 2320 suam
1023 2280 1243 2334 ponere,
1285 2273 1340 2320 et
1390 2265 1583 2319 iterum
1644 2266 1889 2334 accipere
1937 2279 2080 2320 eam.

514 2355 626 2412 Vox
672 2357 798 2411 item
869 2357 956 2410 illa
1002 2355 1307 2411 centurioni
1359 2366 1412 2411 et
1463 2355 1569 2412 alia
1633 2356 1894 2412 miracula
1960 2358 2082 2411 ildri

508 2446 675 2520 ,489
719 2446 937 2502 fuerunt
989 2456 1330 2517 argumenta.
1382 2446 1501 2504 Non
1557 2450 1701 2504 enim
1754 2452 1894 2507 sicut
1935 2466 2083 2505 eom-

512 2538 689 2593 munis
722 2537 917 2603 homo,
969 2538 1063 2593 sed
1117 2554 1240 2592 cum
1289 2553 1479 2609 magna
1534 2550 1800 2607 potestate
1838 2552 2083 2594 mortuus

507 2638 613 2685 est.
668 2628 734 2682 Et
779 2630 1079 2700 depositum
1147 2638 1373 2684 mortem
1442 2632 1774 2697 nominavit,
1828 2643 2080 2701 tanquam

506 2724 701 2776 iterum
730 2732 1046 2792 recepturus
1068 2724 1327 2777 animam.
1356 2721 1467 2779 Hac
1486 2732 1665 2779 autem
1690 2740 1820 2779 voce
1849 2726 2082 2795 primum

504 2815 807 2871 libertatem
861 2826 1125 2871 assecutze
1172 2826 1296 2870 sunt
1340 2816 1537 2871 anima:
1588 2825 1816 2882 nostra,
1869 2818 2083 2873 diabolo

501 2916 624 2974 post
656 2907 767 2961 haec
801 2906 1001 2960 nullam
1040 2907 1092 2959 in
1126 2922 1219 2961 cas
1251 2907 1483 2963 habente
1520 2916 1867 2976 potestatem,
1897 2917 2082 2979 utpote

506 2996 656 3058 Patri
676 2998 1099 3051 commendatus.
1132 3000 1269 3051 Ante
1300 3011 1529 3056 mortem
1560 3001 1705 3055 enim
1730 2999 1932 3057 Christi
1964 3020 2077 3057 nta-

501 3108 663 3161 gnum
688 3090 776 3158 jus
807 3092 905 3146 fuit
938 3094 1153 3149 diabolo
1192 3096 1242 3148 iu
1272 3096 1504 3151 animas.
1529 3098 1569 3149 Α
1598 3112 1704 3168 quo
1733 3108 1911 3153 autem
1944 3109 2076 3154 tem-

502 3198 633 3251 pore
663 3182 830 3239 Filius
867 3202 971 3241 non
998 3186 1226 3251 inferno,
1249 3190 1341 3243 sed
1374 3190 1613 3259 paternis
1642 3193 1891 3246 manibus
1930 3208 2079 3247 com—

505 3275 777 3329 mendavit
822 3276 1105 3345 spiritum,
1162 3279 1472 3334 libertatem
1532 3292 1797 3338 assecuta:
1835 3295 1960 3340 sunt
2010 3289 2077 3341 ab

502 3364 734 3422 inferno.
762 3365 825 3421 Et
854 3368 957 3423 hoc
983 3371 1123 3437 quod
1152 3372 1277 3425 dicit
1304 3371 1593 3436 Dominus,
1624 3392 1640 3425 ι
1676 3372 1907 3441 Quando
1934 3378 2081 3432 exalo

500 3467 641 3514 tatus
672 3458 846 3524 fuero,
887 3463 1095 3517 traham
1134 3465 1200 3520 ad
1236 3481 1320 3520 me
1355 3469 1555 3533 omnia,
1618 3490 1637 3523 ι
1680 3487 1823 3527 nunc
1866 3473 2078 3527 videtur

499 3564 956 3609 consummatum.
1019 3555 1301 3614 Exaltatus
1341 3562 1485 3615 enim
1538 3565 1589 3617 in
1654 3580 1854 3628 cruce,
1913 3565 2077 3618 traxit

500 3642 790 3709 latruncm,
826 3646 988 3700 traxit
1020 3650 1415 3704 centurionem.
1452 3651 1841 3710 Percusscrunt
1894 3666 2072 3713 autem

499 3744 551 3788 et
576 3745 791 3805 pectora
823 3734 1130 3793 Judmorum
1159 3742 1398 3810 quidam,
1426 3756 1476 3801 et
1502 3749 1857 3804 crucilixores
1882 3766 2076 3821 argue-

500 3827 661 3893 bant,
715 3828 1003 3885 manifeste
1051 3830 1235 3887 Jesum
1277 3834 1662 3903 iustiﬁcantes.
1710 3840 1779 3897 Et
1825 3843 2077 3914 discipuli

500 3919 715 3988 quidem
754 3921 1003 3991 fugerunt
1044 3944 1057 3979 :
1093 3926 1345 3983 mulieres
1392 3940 1607 3999 autem,
1654 3937 2075 3991 condemnatum

498 4022 555 4065 et
591 4013 934 4089 maledictum
968 4034 1138 4089 genus
1161 4061 1177 4087 ,η
1224 4034 1546 4090 permanent
1574 4042 1637 4082 ac
1681 4039 1928 4095 spectant
1961 4031 2077 4086 b:ec

496 4104 703 4171 omnia,
731 4115 783 4159 et
802 4106 1192 4175 jnstilicatioue
1217 4128 1279 4167 ac
1309 4112 1679 4176 benedictione
1704 4122 1791 4175 illa
1822 4122 2075 4179 fruuntur

497 4195 714 4264 primm,
752 4199 894 4253 sicut
922 4211 973 4259 et
1008 4208 1424 4261 resurrectione.
1470 4207 1549 4264 Tn
1582 4223 1759 4267 autem
1799 4214 2073 4271 admirare

493 4290 789 4345 cazcitatcm
816 4291 1146 4363 Judmorum,
1188 4301 1329 4369 quod
1356 4301 1577 4367 dicunt,
1618 4326 1637 4359 ι
1680 4308 1979 4364 Descendat
2008 4315 2073 4369 de

2202 412 2392 479 εἰπὼν,
2426 414 2772 479 ἐξέπνευσεν.
2822 410 3045 465 Ἰδὼνδέ
3079 413 3106 464 ό
3153 411 3553 479 ἑκατόνταρχος
3596 408 3659 461 τὸ
3702 423 3788 475 γε·

2200 508 2446 577 νόμενον,
2477 506 2697 573 ἐδόξασε
2721 504 2815 557 τὸν
2847 502 2979 557 Θεὸν
3004 501 3180 570 λέγων
3209 520 3222 533 ·
3264 503 3476 565 Ὄντως
3508 501 3538 553 ὁ
3576 498 3789 568 ἄνθρω-

2200 618 2299 663 πος
2328 594 2484 663 οὗτος
2535 599 2744 662 δίκαιος
2772 591 2859 669 ἦν.
2897 597 3010 649 Καὶ
3048 595 3246 658 πάντες
3270 596 3318 647 οἱ
3366 592 3788 665 συμπαραγενό-

2202 710 2353 765 μενοι
2386 693 2535 764 ὄχλοι
2562 691 2655 746 ἐπὶ
2679 690 2776 762 τὴν
2802 689 3038 760 θεωρίαν
3081 686 3308 756 ταύτην,
3350 684 3691 756 θεωροῦντες
3723 682 3788 737 τὰ

2196 786 2485 857 γενόμενα,
2517 782 2815 848 τύπτοντες
2844 781 3055 835 ἑαυτῶν
3084 782 3152 833 τὰ
3177 782 3373 849 στήθη.
3417 778 3784 848 ὑπέστρεφον.

2196 882 2556 951 Είστήκεισαν
2584 879 2640 934 δὲ
2667 877 2868 941 πάντες
2905 879 2953 930 οι
2990 874 3226 942 γνωστοὶ
3258 869 3430 925 αὐτοῦ
3483 867 3785 940 μακρόθεν,

2196 976 2293 1030 καὶ
2326 978 2579 1044 γυναῖκες
2635 972 2691 1025 αἱ
2749 966 3289 1035 συνακολουθήσασαι
3319 962 3472 1032 αὑτῷ
3539 962 3653 1015 ἀπὸ
3692 960 3789 1031 τῆς

2194 1069 2508 1135 Γαλιλαίας,
2539 1066 2745 1136 ὁρῶσαι
2797 1062 2993 1117 ταῦτα.
3044 1079 3062 1113 ι
3100 1060 3333 1129 Σημείον
3376 1056 3687 1126 ἐπεζήτουν
3742 1054 3788 1105 oi

2194 1166 2440 1221 Ἰουδαῖοί
2475 1181 2603 1217 ποτε
2639 1162 2765 1216 ἰδεῖν
2819 1158 2880 1223 ἐξ
2908 1152 3163 1227 οὐρανοῦ.
3193 1152 3329 1206 ’ἰδοὺ
3371 1147 3507 1219 γοῦν
3536 1148 3787 1218 σημεῖον,

2191 1260 2252 1315 τὸ
2279 1261 2428 1327 ξένον
2447 1257 2607 1311 τοῦτο
2641 1254 2828 1317 σκότος
2859 1268 2871 1282 ·
2910 1249 3155 1321 σχίζεται
3206 1248 3263 1300 δέ
3294 1246 3389 1298 καὶ
3452 1243 3515 1297 τὸ
3546 1241 3788 1295 καταπέ-

2190 1370 2377 1423 τασμα
2405 1350 2500 1405 τοῦ
2521 1348 2671 1411 ναοῦ.
2703 1345 3019 1405 δεικνύντος
3049 1340 3145 1396 τοῦ
3201 1339 3442 1410 Κυρίου,
3474 1336 3560 1389 ὅτι
3585 1332 3789 1388 οὐκέτι

2188 1447 2367 1503 ἄϐατα
2398 1446 2550 1500 ἔσται
2597 1443 2666 1494 τὰ
2703 1441 2871 1507 ’Ἅγια
2918 1437 3029 1490 τῶν
3072 1434 3267 1500 ἁγίων,
3294 1431 3433 1485 ἀλλὰ
3488 1430 3605 1492 τοῖς
3652 1426 3787 1480 Ῥω-

2192 1539 2373 1611 μαίοις
2404 1533 2803 1610 παραδοθέντα,
2830 1531 3040 1601 βάσιμα
3070 1527 3167 1581 καὶ
3199 1525 3405 1595 βὲὅηλα
3432 1522 3786 1592 γενήσονται.

2190 1629 2301 1685 Καὶ
2320 1630 2497 1692 ἄλλως
2523 1628 2599 1689 δὲ,
2619 1625 2893 1679 δείκνυσιν
2918 1624 3000 1675 ὅτι
3025 1619 3086 1673 τὸ
3102 1616 3535 1682 καταπέτασμα,
3563 1612 3592 1665 ὃ
3623 1611 3790 1678 διετρ-

2190 1741 2284 1793 γεν
2317 1722 2462 1791 ἡμᾶς
2488 1720 2598 1772 ἀπὸ
2626 1718 2732 1771 τῶν
2761 1720 2816 1770 ἐν
2839 1717 3087 1783 οὐρανοῖς
3117 1710 3312 1781 ἁγίων,
3357 1706 3636 1777 σχίζεται,
3669 1705 3788 1774 ἦτοι

2188 1818 2221 1887 ἠ
2272 1814 2439 1885 ἔχθρα
2482 1813 2578 1868 καὶ
2620 1812 2654 1881 ἡ
2707 1809 2950 1880 ἁμαρτία
2983 1821 2998 1835 ³
3050 1800 3210 1858 τοῦτο
3242 1802 3353 1873 7&9
3405 1796 3475 1865 ἦν
3530 1801 3594 1851 τὸ
3649 1799 3789 1865 μέγα

2187 1911 2531 1978 διάφραγμα,
2558 1905 2618 1958 τὸ
2640 1902 3019 1971 διεστῶνὴμᾶς
3043 1896 3278 1952 ἐκεῖθεν.
3310 1896 3573 1948 Δείκνυσι
3598 1890 3678 1951 δὲ,
3708 1891 3789 1943 ὅτι

2186 2004 2247 2057 οὐ
2274 2001 2342 2056 δι’
2376 1999 2680 2070 ἀδυναμίαν
2704 1994 3024 2065 ἐσταυρώθη
3059 2007 3074 2023 °
3101 1993 3130 2045 ὁ
3158 1992 3269 2061 γὰρ
3296 1987 3475 2043 ταῦτα
3525 1985 3786 2055 ποιήσας.

2187 2095 2420 2165 ἠδύνατο
2449 2091 2738 2153 κάκείνους
2756 2087 3047 2159 διαρρῆξαι
3076 2085 3168 2140 καὶ
3216 2084 3501 2152 ἀφανίσαι.
3535 2080 3699 2148 Φωνῇ
3732 2078 3789 2130 δὲ

2190 2185 2402 2258 μεγάλῃ
2422 2184 2652 2255 κράξας,
2674 2181 2865 2252 ἀφίησι
2888 2182 2948 2232 τὸ
2964 2178 3205 2247 πνεῦμα.
3242 2175 3524 2243 Ἐξουσίαν
3543 2174 3656 2242 γὰρ
3676 2168 3789 2241 εἶχε

2186 2282 2281 2349 τὴν
2302 2276 2481 2349 ψυχὴν
2500 2274 2663 2331 αὐτοῦ
2683 2273 2871 2338 θεῖναι,
2891 2272 2985 2326 καὶ
3002 2271 3166 2325 πάλιν
3186 2270 3371 2323 λαϐεῖν
3401 2268 3599 2335 αὐτὴν.
3630 2266 3789 2331 Καὶή

2187 2375 2339 2443 φωνὴ
2360 2371 2499 2442 αὕτη
2514 2370 2593 2440 τῷ
2616 2368 2934 2438 κεντυρίωνι
2962 2366 3055 2419 καὶ
3081 2360 3249 2419 τᾶλλα
3266 2360 3365 2416 θαύ
3377 2378 3526 2430 ματα
3546 2360 3791 2419 πίστεως

2186 2466 2459 2536 πρόφασις
2490 2463 2724 2527 ἐγένετο.
2758 2460 2832 2511 Ού
2856 2458 2965 2526 γὰρ
2986 2457 3060 2518 ὡς
3094 2454 3272 2517 κοινὸς
3299 2453 3615 2521 ἄνθρωπές,
3650 2448 3791 2502 ἀλλὰ

2184 2558 2521 2620 δεσποτικῶς
2553 2554 2887 2623 ἀπέθνησκε.
2929 2552 3036 2603 Καὶ
3068 2546 3396 2617 παραθήκην
3421 2548 3516 2597 τὸν
3550 2544 3790 2595 θάνατον

2186 2651 2502 2717 ὠνόμασεν,
2547 2646 2621 2707 ὡς
2671 2646 2833 2697 πάλιν
2867 2640 3174 2713 ληψόμενος
3206 2638 3306 2709 τὴν
3347 2638 3551 2706 ψυχήν.
3592 2633 3790 2704 Ταύεῃ

2186 2744 2243 2797 δὲ
2295 2744 2360 2813 τῇ
2407 2744 2559 2811 φωνῇ
2610 2742 2675 2811 τῇ
2752 2738 2940 2809 πρώτῃ
2992 2734 3307 2803 ἐλευθερίας
3354 2730 3681 2799 ἠξιώθησαν
3730 2729 3789 2779 at

2183 2836 2353 2905 ψυχαὶ
2404 2833 2587 2904 ἡμῶν,
2638 2832 2848 2885 οὐκέτι
2883 2828 2976 2882 τοῦ
3025 2825 3277 2880 διαϐόλου
3310 2822 3531 2894 ἔχοντος
3584 2818 3788 2893 [ἰσχὺν

2184 2924 2343 2997 κατ’]
2385 2924 2588 2987 αὐτῶν,
2628 2923 2764 2976 ἀλλὰ
2810 2920 2885 2991 τῷ
2926 2921 3103 2989 Πατρὶ
3141 2915 3623 2988 παρατιθεμένων.
3669 2912 3787 2983 Πρὸ

2188 3021 2296 3090 γὰρ
2330 3018 2423 3072 τοῦ
2460 3018 2691 3072 θανάτου
2737 3014 2832 3069 τοῦ
2875 3012 3114 3083 Χριστοῦ
3151 3011 3293 3081 μέγα
3341 3009 3553 3061 δίκαιον
3586 3002 3656 3078 ἦν
3704 3005 3787 3072 τῷ

2185 3112 2416 3180 διαϐόλῳ
2451 3110 2592 3164 κατὰ
2635 3107 2745 3161 τῶν
2786 3106 2997 3177 ψυχῶν·
3034 3104 3128 3173 ἀφ’
3162 3097 3224 3157 οὗ
3258 3102 3315 3165 δέ
3332 3104 3374 3175 ῦὸ
3407 3100 3536 3164 Υἱὸς
3568 3102 3671 3153 οὐκ
3703 3101 3786 3163 είς

2185 3207 2275 3257 τὸν
2307 3205 2462 3275 ᾅδην,
2493 3202 2608 3255 ἀλλ’
2633 3202 2713 3261 είς
2742 3202 2839 3261 τὰς
2870 3196 3145 3268 πατρικὰς
3176 3198 3364 3265 χεῖρας
3396 3194 3685 3264 παρέθηκε
3719 3193 3784 3245 τὸ

2188 3298 2425 3368 πνεῦμα,
2477 3295 2791 3363 ἐλευθερίας
2842 3292 3033 3362 ἔτυχον
3081 3292 3130 3343 οἱ
3183 3289 3242 3355 ἐξ
3280 3288 3434 3361 ᾅδου.
3484 3288 3688 3358 -Ὂπερ
3724 3287 3783 3340 δέ

2184 3386 2337 3445 εἶπεν
2377 3392 2405 3442 ὁ
2446 3388 2678 3459 Κύριος,
2715 3388 2796 3439 ὅτι
2836 3405 2854 3437 ι
2894 3384 3065 3438 Ὅταν
3093 3382 3310 3452 ὑψωθῶ,
3344 3380 3525 3435 πάντα
3562 3380 3784 3434 ἑλκύσω

2184 3484 2321 3553 πρὸς
2352 3481 2610 3552 ἐμαυτὸν,
2648 3498 2665 3530 ι
2705 3478 2798 3530 νῦν
2827 3477 3023 3546 ὁρᾶται
3053 3473 3322 3528 τελεσθὲν.
3364 3472 3641 3542 ’Υψωθεὶς
3669 3474 3783 3542 γὰρ

2183 3576 2277 3629 ἐπὶ
2301 3572 2560 3645 σταυροῦ,
2589 3568 2805 3623 εἵλκυσε
2829 3567 3053 3640 λῃστὴν,
3080 3566 3327 3620 εἵλκυσεν
3347 3566 3777 3638 ἑκατόνταρχον.

2187 3664 2458 3717 Ἐτυπτον
2491 3662 2546 3713 δὲ
2580 3663 2673 3713 καὶ
2711 3660 2777 3713 τὰ
2808 3659 2984 3731 στήθη
3012 3657 3119 3711 τῶν
3159 3657 3430 3711 Ἰουδαίων
3462 3658 3611 3721 τινὲς
3636 3698 3651 3720 ,
3682 3661 3781 3711 καὶ

2183 3758 2294 3819 τοῖς
2334 3755 2671 3823 σταυρωταῖς
2710 3753 3173 3823 ἐπιμεμφόμενοι,
3205 3751 3493 3821 προδήλως
3534 3751 3631 3804 τὸν
3673 3752 3780 3821 ’1η-

2187 3848 2313 3903 σοῦν
2344 3847 2632 3907 ἐδικαίουν.
2666 3848 2727 3898 ΟΞ
2768 3844 2867 3916 μὲν
2900 3842 2991 3899 οὖν
3029 3846 3272 3916 μαθηταὶ
3310 3843 3513 3913 ἔφυγον
3534 3860 3548 3875 ⁶
3583 3845 3644 3898 αἱ
3675 3862 3779 3912 γυ·

2188 3943 2371 4004 ναῖκες
2400 3941 2477 4003 δέ,
2501 3941 2561 3993 τὸ
2592 3938 2924 3996 κατάκριτον
2948 3939 3101 4009 γένος
3132 3940 3226 3993 καὶ
3260 3939 3559 4011 ἐπάρατον,
3593 3956 3781 4010 παραυ

2188 4032 2431 4103 μένουσι,
2461 4034 2552 4084 καὶ
2580 4031 2847 4101 θεωροῦσι
2870 4030 3044 4084 ταῦτα
3068 4031 3267 4097 πάντα,
3287 4032 3379 4085 καὶ
3402 4034 3505 4103 τῆς
3520 4033 3779 4086 ἐντεῦθεν

2179 4126 2516 4189 δικαιώσεως
2544 4127 2637 4180 καί⁸
2669 4126 2919 4193 εὐλογίας
2947 4125 3283 4181 ἀπολαύουσι
3313 4128 3550 4199 πρῶται,
3580 4129 3778 4201 ὥσπερ

2179 4213 2271 4271 οὖν
2317 4218 2542 4287 καὶτῆς
2593 4219 2967 4282 ἀναστάσεως.
3021 4220 3094 4272 Σὺ
3134 4220 3189 4273 δέ
3230 4238 3319 4290 μοι
3362 4220 3621 4290 θαύμαζε
3674 4226 3777 4290 τὴν

2182 4310 2441 4378 πώρωσιν
2471 4310 2580 4362 τῶν
2627 4311 2916 4367 Ἰουδαίων.
2949 4313 3013 4366 Οί
3046 4314 3151 4385 γὰρ
3183 4315 3460 4383 λέγοντες,
3488 4316 3573 4368 ὅτι
3602 4336 3621 4366 ι
3660 4319 3777 4373 Κα-

492 4398 688 4451 cruce,
718 4393 771 4439 et
797 4386 1079 4443 credemus
1115 4392 1164 4444 in
1192 4406 1313 4446 cum
1351 4415 1363 4449 :
1397 4418 1418 4448 ν
1459 4412 1579 4452 cum
1613 4400 1746 4457 visis
1776 4404 2074 4473 majoribus

2185 4404 2402 4458 ταὸἁτω
2435 4404 2543 4457 ἀπὸ
2580 4403 2673 4457 τοῦ
2706 4406 2963 4477 σταυροῦ,
2996 4409 3091 4461 καὶ
3128 4409 3496 4480 πιστεύσομεν
3533 4411 3709 4484 αὐτῷ,
3748 4433 3767 4463 ι

492 4492 597 4531 ιιοη
629 4480 872 4537 credant.
908 4479 1045 4537 Nutu
1075 4486 1217 4538 enim
1250 4490 1457 4557 aequale
1495 4503 1597 4557 est,
1632 4496 1977 4552 descendisse
2008 4498 2072 4554 de

490 4583 683 4634 cruce,
716 4580 770 4625 et
816 4574 1158 4630 obtencbrari
1190 4579 1358 4633 solem
1380 4620 1394 4645 ,
1430 4595 1608 4653 petras
1640 4588 1843 4657 rumpi,
1883 4599 2068 4646 terra:-

493 4673 697 4716 motum
728 4663 1042 4721 horribilem
1082 4669 1226 4734 ﬁeri,
1263 4683 1507 4730 mortuos
1535 4692 1841 4749 resurgere,
1890 4683 2064 4738 velum

490 4754 687 4819 scindi,
720 4767 773 4810 et
804 4759 1111 4817 universam
1142 4777 1446 4823 creaturam
1479 4769 1734 4827 alterari?
1777 4775 1929 4832 Unde
1961 4794 2067 4834 non

489 4856 571 4902 est
602 4848 746 4916 quod
782 4852 903 4919 quis
935 4855 1138 4910 dubitet
1174 4875 1345 4928 quare
1382 4877 1485 4917 non
1522 4864 1883 4923 descenderit.
1924 4871 2070 4927 Satis

488 4940 630 4994 enim
665 4942 866 4999 habeat
892 4958 1121 5016 certum,
1154 4954 1294 5020 quod
1331 4954 1453 5010 licet
1485 4958 1645 5013 etiam
1678 4960 1779 5016 hoc
1815 4960 2066 5026 fecisset,

490 5044 666 5099 neque
720 5045 851 5091 tunc
899 5041 1286 5109 credidissent,
1334 5055 1386 5100 et
1437 5050 1571 5104 nihil
1617 5051 1763 5106 aliud
1817 5063 2067 5110 secutum

492 5123 711 5191 fuisset.
767 5144 930 5199 quam
980 5135 1351 5193 abbreviatam
1395 5140 1628 5196 salutem
1680 5160 1777 5214 per
1822 5160 2064 5204 crucem.

488 5215 633 5271 Crux
661 5221 804 5277 enim
839 5222 980 5278 inter
1012 5228 1193 5282 omnia
1258 5232 1493 5287 maxima
1527 5235 1695 5305 gloria
1726 5236 1930 5293 Christi
1960 5250 2063 5296 est.

489 5308 657 5379 igitur
687 5314 778 5381 qui
806 5314 935 5372 fecit
970 5318 1202 5389 majora,
1227 5338 1347 5376 cum
1384 5340 1487 5379 non
1516 5329 1803 5385 crederent
1830 5330 1929 5399 illi,
1959 5332 2066 5393 duo

483 5404 751 5474 praecipua
781 5420 1031 5477 operatus
1055 5424 1135 5468 est
1166 5432 1178 5468 :
1208 5428 1261 5469 ct
1290 5433 1545 5488 magnum
1570 5425 1749 5481 crucis
1805 5435 2063 5498 tropaeum

488 5507 658 5566 usque
684 5502 750 5552 ad
778 5502 936 5556 tinem
964 5508 1243 5576 sustinuit,
1276 5522 1327 5563 et
1355 5512 1471 5570 illos
1494 5515 1795 5575 declaravit
1826 5519 2065 5591 ingratos

556 5678 603 5715 δ’
628 5678 770 5737 I‘sal.
800 5698 925 5752 xxx,
953 5689 1003 5741 6.

2181 4494 2249 4550 τὰ
2285 4495 2454 4566 μείζω
2502 4497 2734 4562 ἰδόντες,
2768 4499 2829 4551 οὐ
2881 4500 3256 4555 πιστεύουσιν.
3290 4502 3371 4554 Οὐ
3406 4503 3520 4572 γὰρ
3552 4498 3673 4557 ἴσον
3707 4500 3776 4575 ἦν

2180 4589 2484 4661 καταϐῆναι
2527 4590 2635 4643 ἀπὸ
2686 4589 2781 4643 τοῦ
2836 4591 3095 4663 σταυροῦ,
3151 4595 3246 4647 καὶ
3291 4595 3541 4649 σκοτίσαι
3592 4598 3771 4669 ἣλιον,

2179 4681 2385 4751 πέτρας
2417 4679 2617 4751 ῥῆξαι,
2653 4683 2877 4752 σεισμὸν
2924 4684 3155 4755 φοϐερὸν
3197 4688 3494 4750 ἐπισεῖσαι,
3540 4691 3772 4758 νεκροὺς

2177 4774 2502 4844 ἀναστῆσαι,
2528 4776 2928 4847 καταπέτασμα
2953 4778 3158 4853 σχίσαι,
3186 4781 3280 4833 καὶ
3308 4778 3439 4848 ὅλην
3469 4781 3571 4850 τὴν
3591 4781 3774 4833 κτίσιν

2177 4867 2511 4934 ἁλλοιῶσαι;
2546 4869 2707 4923 Ὥστε
2734 4870 2923 4942 μηδεὶς
2952 4870 3031 4925 ἔτι
3060 4873 3337 4944 ἀπορείτω
3368 4873 3515 4927 διατί
3548 4876 3608 4927 οὐ
3638 4892 3771 4927 κατ-

2173 4960 2294 5031 έϐη,
2330 4962 2468 5015 ἀλλὰ
2496 4963 2846 5034 ἀπεριέργως
2874 4964 3116 5036 δεχέσθω
3172 4965 3367 5033 ταῦτα,
3392 4966 3772 5041 λογιζόμενος,

2170 5057 2335 5111 ὃτι“εί
2367 5058 2648 5110 καὶτοῦτο
2698 5058 2985 5129 ἐποίησεν.
3029 5060 3141 5113 οὐδ’
3182 5059 3358 5123 οὕτως
3413 5062 3769 5117 ἐπίστευσαν

2171 5151 2265 5203 καὶ
2294 5150 2448 5204 οὐδὲν
2474 5150 2625 5215 ἄλλο,
2669 5151 2701 5217 ἢ
2739 5152 2771 5222 ή
2803 5151 2890 5205 διὰ
2937 5152 3031 5206 τοῦ
3069 5153 3306 5225 σταυροῦ
3360 5157 3611 5226 σωτηρία
3646 5159 3770 5209 ἐχο-

2173 5243 2417 5301 λοδοῦτο.
2494 5244 2553 5298 Ὀ
2603 5244 2713 5317 γὰρ
2759 5248 2993 5317 σταυρός
3038 5246 3164 5315 δόξα
3210 5248 3477 5319 Χριστοῦ,
3532 5251 3765 5321 μάλιστα

2175 5337 2414 5393 πάντων.
2450 5339 2690 5410 Ποιήσας
2729 5338 2823 5393 οὖν
2855 5340 2924 5393 τὰ
2976 5339 3180 5410 μείζω,
3237 5341 3311 5413 μὴ
3351 5344 3761 5398 πιστευσάντω.

2175 5432 2425 5497 ἐκείνων,
2471 5433 2566 5488 δύο
2597 5435 2656 5487 ἐν
2696 5433 2877 5504 ταυτῷ
2913 5434 3247 5506 κατώρθωσε
3269 5479 3282 5501 ,
3316 5436 3410 5490 τόν
3440 5453 3499 5489 τε
3536 5440 3768 5508 σταυρδν

2176 5525 2305 5595 ἄχρι
2332 5525 2538 5590 τέλους,
2574 5525 2633 5578 τὸ
2662 5526 2806 5596 μέγα
2830 5527 3108 5598 τρόπαιον,
3143 5526 3407 5599 ὑπέμεινέ
3438 5546 3495 5582 τε
3531 5532 3623 5583 καὶ
3649 5530 3767 5585 ἀνι-
