  <div class='ocr_page' id='page_1' title='image "/cluster/home/n/w/nwhite01/storage/ocr_20150623/123/ien.35556001659978/562.png"; bbox 0 0 4000 6400; ppageno 0'>
   <div class='ocr_carea' id='block_1_1' title="bbox 204 321 344 390">
    <p class='ocr_par' dir='ltr' id='par_1_1' title="bbox 204 321 344 390">
     <span class='ocr_line' id='line_1_1' title="bbox 204 321 344 390; baseline 0 0"><span class='ocrx_word' id='word_1_1' title='bbox 204 321 344 390; x_wconf 86' lang='grc'><strong>1113</strong></span> 
     </span>
    </p>
   </div>
   <div class='ocr_carea' id='block_1_2' title="bbox 853 321 2815 387">
    <p class='ocr_par' dir='ltr' id='par_1_2' title="bbox 853 321 2815 387">
     <span class='ocr_line' id='line_1_2' title="bbox 853 321 2815 387; baseline -0.001 -2"><span class='ocrx_word' id='word_1_2' title='bbox 853 323 1304 385; x_wconf 66' lang='lat' dir='ltr'><strong>ENARRATIO</strong></span> <span class='ocrx_word' id='word_1_3' title='bbox 1350 323 1423 383; x_wconf 84' lang='lat' dir='ltr'><strong>IN</strong></span> <span class='ocrx_word' id='word_1_4' title='bbox 1470 323 1979 385; x_wconf 71' lang='lat' dir='ltr'><strong>EVANGELIUM</strong></span> <span class='ocrx_word' id='word_1_5' title='bbox 2024 325 2258 387; x_wconf 54' lang='lat' dir='ltr'><strong>LUCtE.</strong></span> <span class='ocrx_word' id='word_1_6' title='bbox 2294 350 2352 360; x_wconf 83' lang='grc'><strong>-</strong></span> <span class='ocrx_word' id='word_1_7' title='bbox 2394 325 2556 387; x_wconf 72' lang='lat' dir='ltr'><strong>CAP.</strong></span> <span class='ocrx_word' id='word_1_8' title='bbox 2597 321 2815 386; x_wconf 74' lang='lat' dir='ltr'><strong>XXIV.</strong></span> 
     </span>
    </p>
   </div>
   <div class='ocr_carea' id='block_1_3' title="bbox 3389 307 3527 378">
    <p class='ocr_par' dir='ltr' id='par_1_3' title="bbox 3389 307 3527 378">
     <span class='ocr_line' id='line_1_3' title="bbox 3389 307 3527 378; baseline -0.036 0"><span class='ocrx_word' id='word_1_9' title='bbox 3389 307 3527 378; x_wconf 67' lang='grc'><strong>1111</strong></span> 
     </span>
    </p>
   </div>
   <div class='ocr_carea' id='block_1_4' title="bbox 203 425 1822 508">
    <p class='ocr_par' dir='ltr' id='par_1_4' title="bbox 203 437 1809 507">
     <span class='ocr_line' id='line_1_4' title="bbox 203 437 1809 507; baseline -0.002 -14"><span class='ocrx_word' id='word_1_10' title='bbox 203 439 463 500; x_wconf 76' lang='grc' dir='ltr'>θανάτου,</span> <span class='ocrx_word' id='word_1_11' title='bbox 492 438 584 490; x_wconf 67' lang='grc' dir='ltr'>καὶ</span> <span class='ocrx_word' id='word_1_12' title='bbox 614 439 970 507; x_wconf 70' lang='grc' dir='ltr'><strong>ἐσταύρωσαν</strong></span> <span class='ocrx_word' id='word_1_13' title='bbox 1022 437 1207 490; x_wconf 68' lang='grc' dir='ltr'>αὐτόν.</span> <span class='ocrx_word' id='word_1_14' title='bbox 1257 437 1451 507; x_wconf 79' lang='grc' dir='ltr'>Ἡμεῖς</span> <span class='ocrx_word' id='word_1_15' title='bbox 1490 438 1545 492; x_wconf 70' lang='grc' dir='ltr'><strong>δὲ</strong></span> <span class='ocrx_word' id='word_1_16' title='bbox 1580 438 1809 507; x_wconf 63' lang='grc' dir='ltr'>ἠλπίζο-</span> 
     </span>
    </p>
   </div>
   <div class='ocr_carea' id='block_1_5' title="bbox 1931 425 3520 508">
    <p class='ocr_par' dir='ltr' id='par_1_5' title="bbox 1931 425 3520 508">
     <span class='ocr_line' id='line_1_5' title="bbox 1931 425 3520 508; baseline -0.006 -18"><span class='ocrx_word' id='word_1_17' title='bbox 1931 439 2303 508; x_wconf 84' lang='lat' dir='ltr'><strong>&#39;edemptttrtls</strong></span> <span class='ocrx_word' id='word_1_18' title='bbox 2353 449 2500 492; x_wconf 86' lang='lat' dir='ltr'><strong>esset</strong></span> <span class='ocrx_word' id='word_1_19' title='bbox 2538 435 2729 491; x_wconf 80' lang='lat' dir='ltr'><strong>lsrael.</strong></span> <span class='ocrx_word' id='word_1_20' title='bbox 2767 429 2932 499; x_wconf 82' lang='lat' dir='ltr'><strong>Atqui</strong></span> <span class='ocrx_word' id='word_1_21' title='bbox 2984 443 3153 499; x_wconf 85' lang='lat' dir='ltr'><strong>super</strong></span> <span class='ocrx_word' id='word_1_22' title='bbox 3190 425 3306 481; x_wconf 66' lang='lat' dir='ltr'><strong>haec</strong></span> <span class='ocrx_word' id='word_1_23' title='bbox 3335 425 3520 481; x_wconf 85' lang='lat' dir='ltr'><strong>omnia</strong></span> 
     </span>
    </p>
   </div>
   <div class='ocr_carea' id='block_1_6' title="bbox 205 528 1805 600">
    <p class='ocr_par' dir='ltr' id='par_1_6' title="bbox 205 528 1805 600">
     <span class='ocr_line' id='line_1_6' title="bbox 205 528 1805 600; baseline -0.001 -18"><span class='ocrx_word' id='word_1_24' title='bbox 205 547 327 599; x_wconf 84' lang='grc' dir='ltr'>μεν,</span> <span class='ocrx_word' id='word_1_25' title='bbox 391 530 471 582; x_wconf 83' lang='grc' dir='ltr'><strong>ὅτι</strong></span> <span class='ocrx_word' id='word_1_26' title='bbox 535 530 700 591; x_wconf 82' lang='grc' dir='ltr'>αὐτός</span> <span class='ocrx_word' id='word_1_27' title='bbox 756 533 905 581; x_wconf 76' lang='grc' dir='ltr'>ἐστιν</span> <span class='ocrx_word' id='word_1_28' title='bbox 962 530 990 580; x_wconf 90' lang='lat'><strong>6</strong></span> <span class='ocrx_word' id='word_1_29' title='bbox 1063 528 1276 598; x_wconf 82' lang='grc' dir='ltr'>μέλλων</span> <span class='ocrx_word' id='word_1_30' title='bbox 1323 528 1653 600; x_wconf 74' lang='grc' dir='ltr'><strong>λυτροῦσθαι</strong></span> <span class='ocrx_word' id='word_1_31' title='bbox 1712 530 1805 581; x_wconf 72' lang='grc' dir='ltr'><strong>τὸν</strong></span> 
     </span>
    </p>
   </div>
   <div class='ocr_carea' id='block_1_7' title="bbox 215 621 1808 692">
    <p class='ocr_par' dir='ltr' id='par_1_7' title="bbox 215 621 1808 692">
     <span class='ocr_line' id='line_1_7' title="bbox 215 621 1808 692; baseline 0 -19"><span class='ocrx_word' id='word_1_32' title='bbox 215 621 461 692; x_wconf 71' lang='grc' dir='ltr'>Ἰσραήλ.</span> <span class='ocrx_word' id='word_1_33' title='bbox 508 622 672 673; x_wconf 77' lang='grc' dir='ltr'>Ἀλλά</span> <span class='ocrx_word' id='word_1_34' title='bbox 704 638 764 680; x_wconf 89' lang='grc' dir='ltr'><strong>γε</strong></span> <span class='ocrx_word' id='word_1_35' title='bbox 812 622 908 672; x_wconf 74' lang='grc' dir='ltr'><strong>σὺν</strong></span> <span class='ocrx_word' id='word_1_36' title='bbox 951 622 1083 673; x_wconf 69' lang='grc' dir='ltr'>πᾶσι</span> <span class='ocrx_word' id='word_1_37' title='bbox 1116 621 1328 685; x_wconf 77' lang='grc' dir='ltr'><strong>τούτοις</strong></span> <span class='ocrx_word' id='word_1_38' title='bbox 1362 623 1556 692; x_wconf 82' lang='grc' dir='ltr'>τρίτην</span> <span class='ocrx_word' id='word_1_39' title='bbox 1598 621 1808 691; x_wconf 83' lang='grc' dir='ltr'>ταύτην</span> 
     </span>
    </p>
   </div>
   <div class='ocr_carea' id='block_1_8' title="bbox 199 713 1804 784">
    <p class='ocr_par' dir='ltr' id='par_1_8' title="bbox 199 713 1804 784">
     <span class='ocr_line' id='line_1_8' title="bbox 199 713 1804 784; baseline 0.002 -19"><span class='ocrx_word' id='word_1_40' title='bbox 199 715 424 784; x_wconf 70' lang='grc' dir='ltr'>ἡμέραν</span> <span class='ocrx_word' id='word_1_41' title='bbox 494 714 615 782; x_wconf 77' lang='grc' dir='ltr'>ἄγει</span> <span class='ocrx_word' id='word_1_42' title='bbox 687 717 952 784; x_wconf 65' lang='grc' dir='ltr'>σήμερον,</span> <span class='ocrx_word' id='word_1_43' title='bbox 1022 715 1116 782; x_wconf 71' lang='grc' dir='ltr'><strong>ἀφ’</strong></span> <span class='ocrx_word' id='word_1_44' title='bbox 1187 713 1250 766; x_wconf 72' lang='grc' dir='ltr'>οὒ</span> <span class='ocrx_word' id='word_1_45' title='bbox 1310 714 1487 768; x_wconf 90' lang='grc' dir='ltr'>ταῦτα</span> <span class='ocrx_word' id='word_1_46' title='bbox 1560 717 1804 783; x_wconf 76' lang='grc' dir='ltr'>ἐγένετο.</span> 
     </span>
    </p>
   </div>
   <div class='ocr_carea' id='block_1_9' title="bbox 209 806 1800 879">
    <p class='ocr_par' dir='ltr' id='par_1_9' title="bbox 209 806 1800 879">
     <span class='ocr_line' id='line_1_9' title="bbox 209 806 1800 879; baseline 0.001 -19"><span class='ocrx_word' id='word_1_47' title='bbox 209 807 378 861; x_wconf 81' lang='grc' dir='ltr'>Ἀλλὰ</span> <span class='ocrx_word' id='word_1_48' title='bbox 413 809 504 861; x_wconf 65' lang='grc' dir='ltr'><strong>καὶ</strong></span> <span class='ocrx_word' id='word_1_49' title='bbox 533 809 794 874; x_wconf 78' lang='grc' dir='ltr'>γυναῖκές</span> <span class='ocrx_word' id='word_1_50' title='bbox 821 824 961 870; x_wconf 69' lang='grc' dir='ltr'>τινες</span> <span class='ocrx_word' id='word_1_51' title='bbox 1001 807 1060 871; x_wconf 74' lang='grc' dir='ltr'><strong>ἐξ</strong></span> <span class='ocrx_word' id='word_1_52' title='bbox 1098 807 1256 878; x_wconf 79' lang='grc' dir='ltr'>ἡμῶν</span> <span class='ocrx_word' id='word_1_53' title='bbox 1293 806 1595 879; x_wconf 73' lang='grc' dir='ltr'>ἐξέστησαν</span> <span class='ocrx_word' id='word_1_54' title='bbox 1636 810 1800 878; x_wconf 65' lang='grc' dir='ltr'><strong>ἡμᾶςς</strong></span> 
     </span>
    </p>
   </div>
   <div class='ocr_carea' id='block_1_10' title="bbox 209 902 1806 975">
    <p class='ocr_par' dir='ltr' id='par_1_10' title="bbox 209 902 1806 975">
     <span class='ocr_line' id='line_1_10' title="bbox 209 902 1806 975; baseline 0.001 -21"><span class='ocrx_word' id='word_1_55' title='bbox 209 902 504 972; x_wconf 80' lang='grc' dir='ltr'>γενόμεναι</span> <span class='ocrx_word' id='word_1_56' title='bbox 539 902 757 971; x_wconf 62' lang='grc' dir='ltr'>ὄρθριαι</span> <span class='ocrx_word' id='word_1_57' title='bbox 804 905 896 954; x_wconf 67' lang='grc' dir='ltr'><strong>ἐπὶ</strong></span> <span class='ocrx_word' id='word_1_58' title='bbox 929 903 989 954; x_wconf 73' lang='grc' dir='ltr'>τὸ</span> <span class='ocrx_word' id='word_1_59' title='bbox 1023 905 1291 971; x_wconf 79' lang='grc' dir='ltr'>μνημεῖον</span> <span class='ocrx_word' id='word_1_60' title='bbox 1318 920 1330 934; x_wconf 85' lang='grc'><strong>·</strong></span> <span class='ocrx_word' id='word_1_61' title='bbox 1371 906 1463 956; x_wconf 80' lang='grc' dir='ltr'><strong>καὶ</strong></span> <span class='ocrx_word' id='word_1_62' title='bbox 1498 904 1571 973; x_wconf 77' lang='grc' dir='ltr'>μὴ</span> <span class='ocrx_word' id='word_1_63' title='bbox 1609 904 1806 975; x_wconf 77' lang='grc' dir='ltr'>εὑροῦο</span> 
     </span>
    </p>
   </div>
   <div class='ocr_carea' id='block_1_11' title="bbox 211 990 1809 1062">
    <p class='ocr_par' dir='ltr' id='par_1_11' title="bbox 211 990 1809 1062">
     <span class='ocr_line' id='line_1_11' title="bbox 211 990 1809 1062; baseline 0.003 -17"><span class='ocrx_word' id='word_1_64' title='bbox 211 1011 304 1047; x_wconf 90' lang='grc' dir='ltr'><strong>σαι</strong></span> <span class='ocrx_word' id='word_1_65' title='bbox 351 994 412 1046; x_wconf 76' lang='grc' dir='ltr'>τὸ</span> <span class='ocrx_word' id='word_1_66' title='bbox 455 995 616 1062; x_wconf 82' lang='grc' dir='ltr'>σῶμα</span> <span class='ocrx_word' id='word_1_67' title='bbox 647 990 1034 1062; x_wconf 54' lang='grc' dir='ltr'>αὑτοῦςῆλοον</span> <span class='ocrx_word' id='word_1_68' title='bbox 1077 995 1335 1061; x_wconf 77' lang='grc' dir='ltr'>λέγουσαι</span> <span class='ocrx_word' id='word_1_69' title='bbox 1397 996 1494 1048; x_wconf 75' lang='grc' dir='ltr'>καὶ</span> <span class='ocrx_word' id='word_1_70' title='bbox 1535 997 1809 1050; x_wconf 72' lang='grc' dir='ltr'>ὀπτασίαν</span> 
     </span>
    </p>
   </div>
   <div class='ocr_carea' id='block_1_12' title="bbox 206 1090 1810 1162">
    <p class='ocr_par' dir='ltr' id='par_1_12' title="bbox 206 1090 1810 1162">
     <span class='ocr_line' id='line_1_12' title="bbox 206 1090 1810 1162; baseline 0.001 -20"><span class='ocrx_word' id='word_1_71' title='bbox 206 1090 460 1156; x_wconf 82' lang='grc' dir='ltr'>ἀγγέλων</span> <span class='ocrx_word' id='word_1_72' title='bbox 515 1091 842 1160; x_wconf 75' lang='grc' dir='ltr'>ἑωρακέναι.</span> <span class='ocrx_word' id='word_1_73' title='bbox 904 1090 955 1142; x_wconf 78' lang='grc' dir='ltr'>οἵ</span> <span class='ocrx_word' id='word_1_74' title='bbox 1009 1091 1263 1156; x_wconf 81' lang='grc' dir='ltr'>λέγουσιν</span> <span class='ocrx_word' id='word_1_75' title='bbox 1310 1092 1473 1144; x_wconf 68' lang='grc' dir='ltr'>αὑτὸν</span> <span class='ocrx_word' id='word_1_76' title='bbox 1521 1093 1640 1162; x_wconf 72' lang='grc' dir='ltr'>ζῇν.</span> <span class='ocrx_word' id='word_1_77' title='bbox 1699 1092 1810 1144; x_wconf 78' lang='grc' dir='ltr'>Καὶ</span> 
     </span>
    </p>
   </div>
   <div class='ocr_carea' id='block_1_13' title="bbox 219 1181 1812 1255">
    <p class='ocr_par' dir='ltr' id='par_1_13' title="bbox 219 1181 1812 1255">
     <span class='ocr_line' id='line_1_13' title="bbox 219 1181 1812 1255; baseline -0.001 -22"><span class='ocrx_word' id='word_1_78' title='bbox 219 1181 470 1249; x_wconf 74' lang='grc' dir='ltr'>ἀπῆλθόν</span> <span class='ocrx_word' id='word_1_79' title='bbox 505 1198 649 1243; x_wconf 87' lang='grc' dir='ltr'>τινες</span> <span class='ocrx_word' id='word_1_80' title='bbox 678 1181 786 1233; x_wconf 82' lang='grc' dir='ltr'><strong>τῶν</strong></span> <span class='ocrx_word' id='word_1_81' title='bbox 819 1181 916 1233; x_wconf 71' lang='grc' dir='ltr'><strong>σὺν</strong></span> <span class='ocrx_word' id='word_1_82' title='bbox 966 1183 1098 1251; x_wconf 78' lang='grc' dir='ltr'>ἡμῖν</span> <span class='ocrx_word' id='word_1_83' title='bbox 1144 1184 1236 1234; x_wconf 80' lang='grc' dir='ltr'>ἐπὶ</span> <span class='ocrx_word' id='word_1_84' title='bbox 1275 1183 1335 1235; x_wconf 79' lang='grc' dir='ltr'><strong>τὸ</strong></span> <span class='ocrx_word' id='word_1_85' title='bbox 1379 1188 1662 1255; x_wconf 84' lang='grc' dir='ltr'>μνημεῖον,</span> <span class='ocrx_word' id='word_1_86' title='bbox 1716 1187 1812 1239; x_wconf 66' lang='grc' dir='ltr'><strong>καὶ</strong></span> 
     </span>
    </p>
   </div>
   <div class='ocr_carea' id='block_1_14' title="bbox 209 1270 1811 1344">
    <p class='ocr_par' dir='ltr' id='par_1_14' title="bbox 209 1270 1811 1344">
     <span class='ocr_line' id='line_1_14' title="bbox 209 1270 1811 1344; baseline 0.002 -16"><span class='ocrx_word' id='word_1_87' title='bbox 209 1270 372 1344; x_wconf 80' lang='grc' dir='ltr'>εῦρον</span> <span class='ocrx_word' id='word_1_88' title='bbox 401 1274 598 1336; x_wconf 68' lang='grc' dir='ltr'>οὕτως,</span> <span class='ocrx_word' id='word_1_89' title='bbox 632 1273 816 1336; x_wconf 83' lang='grc' dir='ltr'>καθὼς</span> <span class='ocrx_word' id='word_1_90' title='bbox 849 1274 942 1327; x_wconf 72' lang='grc' dir='ltr'><strong>καὶ</strong></span> <span class='ocrx_word' id='word_1_91' title='bbox 967 1277 1021 1327; x_wconf 78' lang='lat' dir='ltr'><strong>ai</strong></span> <span class='ocrx_word' id='word_1_92' title='bbox 1055 1281 1315 1344; x_wconf 87' lang='grc' dir='ltr'>γυναῖκες</span> <span class='ocrx_word' id='word_1_93' title='bbox 1341 1274 1496 1331; x_wconf 80' lang='grc' dir='ltr'>εἷπον</span> <span class='ocrx_word' id='word_1_94' title='bbox 1523 1295 1534 1307; x_wconf 91' lang='grc'>·</span> <span class='ocrx_word' id='word_1_95' title='bbox 1569 1279 1734 1332; x_wconf 68' lang='grc' dir='ltr'>αὑτὸν</span> <span class='ocrx_word' id='word_1_96' title='bbox 1755 1280 1811 1331; x_wconf 81' lang='grc' dir='ltr'>δὲ</span> 
     </span>
    </p>
   </div>
   <div class='ocr_carea' id='block_1_15' title="bbox 205 1363 1812 1429">
    <p class='ocr_par' dir='ltr' id='par_1_15' title="bbox 205 1363 1812 1429">
     <span class='ocr_line' id='line_1_15' title="bbox 205 1363 1812 1429; baseline 0.003 -9"><span class='ocrx_word' id='word_1_97' title='bbox 205 1369 312 1420; x_wconf 74' lang='grc' dir='ltr'><strong>οὐκ</strong></span> <span class='ocrx_word' id='word_1_98' title='bbox 348 1363 534 1424; x_wconf 80' lang='grc' dir='ltr'>εἶδον..</span> <span class='ocrx_word' id='word_1_99' title='bbox 578 1386 594 1418; x_wconf 85' lang='grc' dir='ltr'><strong>ι</strong></span> <span class='ocrx_word' id='word_1_100' title='bbox 646 1367 804 1429; x_wconf 78' lang='grc' dir='ltr'>Τινὲς</span> <span class='ocrx_word' id='word_1_101' title='bbox 859 1368 951 1419; x_wconf 76' lang='grc' dir='ltr'>τὸν</span> <span class='ocrx_word' id='word_1_102' title='bbox 997 1368 1093 1420; x_wconf 76' lang='grc' dir='ltr'>ἕνα</span> <span class='ocrx_word' id='word_1_103' title='bbox 1128 1370 1336 1422; x_wconf 80' lang='grc' dir='ltr'>τούτων</span> <span class='ocrx_word' id='word_1_104' title='bbox 1367 1371 1477 1422; x_wconf 85' lang='grc' dir='ltr'><strong>τῶν</strong></span> <span class='ocrx_word' id='word_1_105' title='bbox 1507 1372 1602 1425; x_wconf 82' lang='grc' dir='ltr'><strong>δύο</strong></span> <span class='ocrx_word' id='word_1_106' title='bbox 1647 1373 1812 1425; x_wconf 70' lang='grc' dir='ltr'>αὑτὸν</span> 
     </span>
    </p>
   </div>
   <div class='ocr_carea' id='block_1_16' title="bbox 206 1453 1812 1532">
    <p class='ocr_par' dir='ltr' id='par_1_16' title="bbox 206 1453 1812 1532">
     <span class='ocr_line' id='line_1_16' title="bbox 206 1453 1812 1532; baseline 0.004 -22"><span class='ocrx_word' id='word_1_107' title='bbox 206 1459 304 1511; x_wconf 83' lang='grc' dir='ltr'><strong>τὸν</strong></span> <span class='ocrx_word' id='word_1_108' title='bbox 337 1460 552 1511; x_wconf 72' lang='grc' dir='ltr'>Λουκᾶν</span> <span class='ocrx_word' id='word_1_109' title='bbox 593 1453 730 1510; x_wconf 74' lang='grc' dir='ltr'>εἶναί</span> <span class='ocrx_word' id='word_1_110' title='bbox 765 1475 898 1525; x_wconf 76' lang='grc' dir='ltr'>φασι</span> <span class='ocrx_word' id='word_1_111' title='bbox 923 1474 936 1488; x_wconf 81' lang='grc'><strong><em>⁸</em></strong></span> <span class='ocrx_word' id='word_1_112' title='bbox 982 1459 1063 1512; x_wconf 80' lang='grc' dir='ltr'><strong>διὸ</strong></span> <span class='ocrx_word' id='word_1_113' title='bbox 1099 1460 1192 1514; x_wconf 76' lang='grc' dir='ltr'><strong>καὶ</strong></span> <span class='ocrx_word' id='word_1_114' title='bbox 1225 1463 1518 1532; x_wconf 59' lang='grc' dir='ltr'>ἀπέκρυψε</span> <span class='ocrx_word' id='word_1_115' title='bbox 1569 1465 1629 1515; x_wconf 75' lang='grc' dir='ltr'>τὸ</span> <span class='ocrx_word' id='word_1_116' title='bbox 1685 1465 1812 1516; x_wconf 72' lang='grc' dir='ltr'>ἐαυ-</span> 
     </span>
    </p>
   </div>
   <div class='ocr_carea' id='block_1_17' title="bbox 208 1549 1806 1624">
    <p class='ocr_par' dir='ltr' id='par_1_17' title="bbox 208 1549 1806 1624">
     <span class='ocr_line' id='line_1_17' title="bbox 208 1549 1806 1624; baseline 0.001 -24"><span class='ocrx_word' id='word_1_117' title='bbox 208 1549 304 1601; x_wconf 90' lang='grc' dir='ltr'><strong>τοῦ</strong></span> <span class='ocrx_word' id='word_1_118' title='bbox 356 1549 527 1617; x_wconf 78' lang='grc' dir='ltr'>ὄνομα</span> <span class='ocrx_word' id='word_1_119' title='bbox 561 1552 586 1601; x_wconf 98' lang='lat'><strong>6</strong></span> <span class='ocrx_word' id='word_1_120' title='bbox 626 1549 1040 1618; x_wconf 77' lang='grc' dir='ltr'>εὐαγγελιστής.</span> <span class='ocrx_word' id='word_1_121' title='bbox 1104 1550 1363 1620; x_wconf 70' lang='grc' dir='ltr'>Ὠμίλοην</span> <span class='ocrx_word' id='word_1_122' title='bbox 1423 1555 1480 1605; x_wconf 82' lang='grc' dir='ltr'>δὲ</span> <span class='ocrx_word' id='word_1_123' title='bbox 1528 1555 1666 1624; x_wconf 62' lang='grc' dir='ltr'>πρὸς</span> <span class='ocrx_word' id='word_1_124' title='bbox 1709 1556 1806 1607; x_wconf 85' lang='grc' dir='ltr'><strong>ἀλ-</strong></span> 
     </span>
    </p>
   </div>
   <div class='ocr_carea' id='block_1_18' title="bbox 207 1632 1813 1715">
    <p class='ocr_par' dir='ltr' id='par_1_18' title="bbox 207 1632 1813 1715">
     <span class='ocr_line' id='line_1_18' title="bbox 207 1632 1813 1715; baseline 0.005 -26"><span class='ocrx_word' id='word_1_125' title='bbox 207 1638 407 1704; x_wconf 74' lang='grc' dir='ltr'>λήλους</span> <span class='ocrx_word' id='word_1_126' title='bbox 441 1632 586 1691; x_wconf 78' lang='grc' dir='ltr'>οῦτοι</span> <span class='ocrx_word' id='word_1_127' title='bbox 623 1639 748 1707; x_wconf 68' lang='grc' dir='ltr'>περὶ</span> <span class='ocrx_word' id='word_1_128' title='bbox 795 1639 1023 1690; x_wconf 78' lang='grc' dir='ltr'>πάντων</span> <span class='ocrx_word' id='word_1_129' title='bbox 1075 1641 1184 1692; x_wconf 85' lang='grc' dir='ltr'><strong>τῶν</strong></span> <span class='ocrx_word' id='word_1_130' title='bbox 1222 1643 1679 1713; x_wconf 71' lang='grc' dir='ltr'>συμϐεϐηκότων,</span> <span class='ocrx_word' id='word_1_131' title='bbox 1714 1648 1813 1715; x_wconf 76' lang='grc' dir='ltr'><strong>οὑγ</strong></span> 
     </span>
    </p>
   </div>
   <div class='ocr_carea' id='block_1_19' title="bbox 208 1731 1812 1804">
    <p class='ocr_par' dir='ltr' id='par_1_19' title="bbox 208 1731 1812 1804">
     <span class='ocr_line' id='line_1_19' title="bbox 208 1731 1812 1804; baseline 0.002 -20"><span class='ocrx_word' id='word_1_132' title='bbox 208 1731 286 1793; x_wconf 85' lang='grc' dir='ltr'>ὡς</span> <span class='ocrx_word' id='word_1_133' title='bbox 317 1733 685 1791; x_wconf 80' lang='grc' dir='ltr'>πιστεύοντες,</span> <span class='ocrx_word' id='word_1_134' title='bbox 723 1731 837 1783; x_wconf 85' lang='grc' dir='ltr'>ἀλλ’</span> <span class='ocrx_word' id='word_1_135' title='bbox 887 1731 961 1792; x_wconf 83' lang='grc' dir='ltr'>ὡς</span> <span class='ocrx_word' id='word_1_136' title='bbox 1021 1732 1435 1804; x_wconf 78' lang='grc' dir='ltr'>διαποροῦντες,</span> <span class='ocrx_word' id='word_1_137' title='bbox 1469 1738 1563 1789; x_wconf 65' lang='grc' dir='ltr'><strong>καὶ</strong></span> <span class='ocrx_word' id='word_1_138' title='bbox 1613 1737 1686 1788; x_wconf 69' lang='grc' dir='ltr'><strong>ῶς</strong></span> <span class='ocrx_word' id='word_1_139' title='bbox 1723 1740 1812 1789; x_wconf 74' lang='grc' dir='ltr'>ἐπὶ</span> 
     </span>
    </p>
   </div>
   <div class='ocr_carea' id='block_1_20' title="bbox 218 1819 1813 1899">
    <p class='ocr_par' dir='ltr' id='par_1_20' title="bbox 218 1819 1813 1899">
     <span class='ocr_line' id='line_1_20' title="bbox 218 1819 1813 1899; baseline 0.004 -26"><span class='ocrx_word' id='word_1_140' title='bbox 218 1819 547 1891; x_wconf 77' lang='grc' dir='ltr'>πράγμασιν</span> <span class='ocrx_word' id='word_1_141' title='bbox 585 1822 843 1886; x_wconf 77' lang='grc' dir='ltr'>ἐξαισίοις</span> <span class='ocrx_word' id='word_1_142' title='bbox 873 1822 1243 1892; x_wconf 79' lang='grc' dir='ltr'>ἐξιστάμενοι,</span> <span class='ocrx_word' id='word_1_143' title='bbox 1286 1830 1378 1880; x_wconf 65' lang='grc' dir='ltr'><strong>καὶ</strong></span> <span class='ocrx_word' id='word_1_144' title='bbox 1410 1829 1486 1896; x_wconf 80' lang='grc' dir='ltr'>τῷ</span> <span class='ocrx_word' id='word_1_145' title='bbox 1519 1829 1813 1899; x_wconf 73' lang='grc' dir='ltr'>παραδόξῳ</span> 
     </span>
    </p>
   </div>
   <div class='ocr_carea' id='block_1_21' title="bbox 213 1913 1819 1989">
    <p class='ocr_par' dir='ltr' id='par_1_21' title="bbox 213 1913 1819 1989">
     <span class='ocr_line' id='line_1_21' title="bbox 213 1913 1819 1989; baseline 0.004 -23"><span class='ocrx_word' id='word_1_146' title='bbox 213 1913 292 1984; x_wconf 82' lang='grc' dir='ltr'>μὴ</span> <span class='ocrx_word' id='word_1_147' title='bbox 332 1916 528 1986; x_wconf 67' lang='grc' dir='ltr'>ῥᾳδίως</span> <span class='ocrx_word' id='word_1_148' title='bbox 554 1916 766 1984; x_wconf 77' lang='grc' dir='ltr'>ἔχοντες</span> <span class='ocrx_word' id='word_1_149' title='bbox 823 1915 1140 1971; x_wconf 64' lang='grc' dir='ltr'>συνθέσθαι.</span> <span class='ocrx_word' id='word_1_150' title='bbox 1179 1918 1238 1969; x_wconf 86' lang='lat'><strong>&#39;0</strong></span> <span class='ocrx_word' id='word_1_151' title='bbox 1266 1918 1321 1971; x_wconf 78' lang='grc' dir='ltr'>δὲ</span> <span class='ocrx_word' id='word_1_152' title='bbox 1352 1918 1562 1989; x_wconf 86' lang='grc' dir='ltr'>Ἰησοῦς</span> <span class='ocrx_word' id='word_1_153' title='bbox 1589 1920 1819 1987; x_wconf 76' lang='grc' dir='ltr'>ἐγγίσας</span> 
     </span>
    </p>
   </div>
   <div class='ocr_carea' id='block_1_22' title="bbox 214 2011 1818 2081">
    <p class='ocr_par' dir='ltr' id='par_1_22' title="bbox 214 2011 1818 2081">
     <span class='ocr_line' id='line_1_22' title="bbox 214 2011 1818 2081; baseline 0.003 -22"><span class='ocrx_word' id='word_1_154' title='bbox 214 2011 612 2077; x_wconf 78' lang='grc' dir='ltr'>συνεπορεύετο</span> <span class='ocrx_word' id='word_1_155' title='bbox 636 2013 836 2070; x_wconf 80' lang='grc' dir='ltr'>αὐτοῖς.</span> <span class='ocrx_word' id='word_1_156' title='bbox 889 2013 1267 2080; x_wconf 73' lang='grc' dir='ltr'>[ῐνευματικδν</span> <span class='ocrx_word' id='word_1_157' title='bbox 1301 2012 1409 2081; x_wconf 81' lang='grc' dir='ltr'><strong>γὰρ</strong></span> <span class='ocrx_word' id='word_1_158' title='bbox 1429 2015 1520 2065; x_wconf 76' lang='grc' dir='ltr'><strong>καὶ</strong></span> <span class='ocrx_word' id='word_1_159' title='bbox 1542 2011 1818 2081; x_wconf 74' lang='grc' dir='ltr'>(λειότερον</span> 
     </span>
    </p>
   </div>
   <div class='ocr_carea' id='block_1_23' title="bbox 214 2099 1822 2174">
    <p class='ocr_par' dir='ltr' id='par_1_23' title="bbox 214 2099 1822 2174">
     <span class='ocr_line' id='line_1_23' title="bbox 214 2099 1822 2174; baseline 0.003 -23"><span class='ocrx_word' id='word_1_160' title='bbox 214 2099 357 2169; x_wconf 77' lang='grc' dir='ltr'>ἔχων</span> <span class='ocrx_word' id='word_1_161' title='bbox 391 2102 448 2153; x_wconf 84' lang='grc' dir='ltr'><strong>τὸ</strong></span> <span class='ocrx_word' id='word_1_162' title='bbox 493 2102 653 2172; x_wconf 87' lang='grc' dir='ltr'>σῶμα</span> <span class='ocrx_word' id='word_1_163' title='bbox 686 2104 894 2165; x_wconf 70' lang='grc' dir='ltr'>λοιπὸν,</span> <span class='ocrx_word' id='word_1_164' title='bbox 937 2105 1036 2156; x_wconf 79' lang='grc' dir='ltr'>οὐκ</span> <span class='ocrx_word' id='word_1_165' title='bbox 1068 2103 1342 2156; x_wconf 75' lang='grc' dir='ltr'>ἐκωλύετο</span> <span class='ocrx_word' id='word_1_166' title='bbox 1376 2105 1560 2156; x_wconf 82' lang='grc' dir='ltr'>τόπων</span> <span class='ocrx_word' id='word_1_167' title='bbox 1591 2105 1822 2174; x_wconf 77' lang='grc' dir='ltr'>διαστή-</span> 
     </span>
    </p>
   </div>
   <div class='ocr_carea' id='block_1_24' title="bbox 216 2191 1817 2266">
    <p class='ocr_par' dir='ltr' id='par_1_24' title="bbox 216 2191 1817 2266">
     <span class='ocr_line' id='line_1_24' title="bbox 216 2191 1817 2266; baseline 0.004 -24"><span class='ocrx_word' id='word_1_168' title='bbox 216 2208 351 2260; x_wconf 87' lang='grc' dir='ltr'>ματι</span> <span class='ocrx_word' id='word_1_169' title='bbox 399 2193 534 2262; x_wconf 81' lang='grc' dir='ltr'>πρὸς</span> <span class='ocrx_word' id='word_1_170' title='bbox 587 2196 647 2246; x_wconf 75' lang='grc' dir='ltr'>τὸ</span> <span class='ocrx_word' id='word_1_171' title='bbox 703 2198 776 2265; x_wconf 79' lang='grc' dir='ltr'>μὴ</span> <span class='ocrx_word' id='word_1_172' title='bbox 819 2198 918 2266; x_wconf 84' lang='grc' dir='ltr'>οὐχ</span> <span class='ocrx_word' id='word_1_173' title='bbox 976 2191 1055 2260; x_wconf 72' lang='grc' dir='ltr'>οἷς</span> <span class='ocrx_word' id='word_1_174' title='bbox 1093 2197 1346 2266; x_wconf 81' lang='grc' dir='ltr'>βούλεται</span> <span class='ocrx_word' id='word_1_175' title='bbox 1398 2199 1674 2265; x_wconf 86' lang='grc' dir='ltr'>παρεῖναι.</span> <span class='ocrx_word' id='word_1_176' title='bbox 1727 2199 1817 2249; x_wconf 72' lang='grc' dir='ltr'><strong>Διὸ</strong></span> 
     </span>
    </p>
   </div>
   <div class='ocr_carea' id='block_1_25' title="bbox 212 2284 1818 2360">
    <p class='ocr_par' dir='ltr' id='par_1_25' title="bbox 212 2284 1818 2360">
     <span class='ocr_line' id='line_1_25' title="bbox 212 2284 1818 2360; baseline 0.005 -24"><span class='ocrx_word' id='word_1_177' title='bbox 212 2284 336 2337; x_wconf 81' lang='grc' dir='ltr'>οὐδὲ</span> <span class='ocrx_word' id='word_1_178' title='bbox 383 2285 490 2338; x_wconf 72' lang='grc' dir='ltr'><strong>ἀπὸ</strong></span> <span class='ocrx_word' id='word_1_179' title='bbox 542 2288 651 2340; x_wconf 87' lang='grc' dir='ltr'><strong>τῶν</strong></span> <span class='ocrx_word' id='word_1_180' title='bbox 716 2294 1086 2360; x_wconf 81' lang='grc' dir='ltr'>χαρακτήρων</span> <span class='ocrx_word' id='word_1_181' title='bbox 1134 2291 1229 2343; x_wconf 88' lang='grc' dir='ltr'><strong>τοῦ</strong></span> <span class='ocrx_word' id='word_1_182' title='bbox 1283 2291 1555 2358; x_wconf 80' lang='grc' dir='ltr'>σώματος.</span> <span class='ocrx_word' id='word_1_183' title='bbox 1631 2293 1689 2342; x_wconf 81' lang='grc' dir='ltr'>ὲν</span> <span class='ocrx_word' id='word_1_184' title='bbox 1735 2285 1818 2354; x_wconf 78' lang='grc' dir='ltr'><strong>οἷς</strong></span> 
     </span>
    </p>
   </div>
   <div class='ocr_carea' id='block_1_26' title="bbox 215 2377 1819 2455">
    <p class='ocr_par' dir='ltr' id='par_1_26' title="bbox 215 2377 1819 2455">
     <span class='ocr_line' id='line_1_26' title="bbox 215 2377 1819 2455; baseline 0.009 -28"><span class='ocrx_word' id='word_1_185' title='bbox 215 2377 473 2444; x_wconf 77' lang='grc' dir='ltr'>ἐφαίνετο</span> <span class='ocrx_word' id='word_1_186' title='bbox 517 2381 638 2432; x_wconf 86' lang='grc' dir='ltr'>τότε</span> <span class='ocrx_word' id='word_1_187' title='bbox 673 2383 700 2433; x_wconf 89' lang='lat'><strong>6</strong></span> <span class='ocrx_word' id='word_1_188' title='bbox 751 2384 964 2451; x_wconf 73' lang='grc' dir='ltr'>Σωτὴρ,</span> <span class='ocrx_word' id='word_1_189' title='bbox 1010 2386 1420 2455; x_wconf 74' lang='grc' dir='ltr'>συνεχιιιροῦντο</span> <span class='ocrx_word' id='word_1_190' title='bbox 1465 2386 1673 2454; x_wconf 83' lang='grc' dir='ltr'>γνῶναι</span> <span class='ocrx_word' id='word_1_191' title='bbox 1719 2388 1819 2440; x_wconf 79' lang='grc' dir='ltr'>αύ-</span> 
     </span>
    </p>
   </div>
   <div class='ocr_carea' id='block_1_27' title="bbox 210 2467 1818 2548">
    <p class='ocr_par' dir='ltr' id='par_1_27' title="bbox 210 2467 1818 2548">
     <span class='ocr_line' id='line_1_27' title="bbox 210 2467 1818 2548; baseline 0.006 -28"><span class='ocrx_word' id='word_1_192' title='bbox 210 2467 328 2520; x_wconf 84' lang='grc' dir='ltr'>τόν.</span> <span class='ocrx_word' id='word_1_193' title='bbox 383 2471 467 2532; x_wconf 84' lang='grc' dir='ltr'>Ὠς</span> <span class='ocrx_word' id='word_1_194' title='bbox 498 2472 604 2541; x_wconf 84' lang='grc' dir='ltr'>γὰρ</span> <span class='ocrx_word' id='word_1_195' title='bbox 651 2475 677 2524; x_wconf 86' lang='grc' dir='ltr'>ὁ</span> <span class='ocrx_word' id='word_1_196' title='bbox 708 2475 934 2544; x_wconf 65' lang='grc' dir='ltr'>Μάρκος</span> <span class='ocrx_word' id='word_1_197' title='bbox 989 2479 1176 2542; x_wconf 71' lang='grc' dir='ltr'>φησῖν,</span> <span class='ocrx_word' id='word_1_198' title='bbox 1231 2480 1289 2528; x_wconf 75' lang='grc' dir='ltr'>ἐν</span> <span class='ocrx_word' id='word_1_199' title='bbox 1339 2477 1506 2548; x_wconf 81' lang='grc' dir='ltr'>ἑτέρᾳ</span> <span class='ocrx_word' id='word_1_200' title='bbox 1559 2477 1818 2544; x_wconf 76' lang='grc' dir='ltr'>ἐφαίνετο</span> 
     </span>
    </p>
   </div>
   <div class='ocr_carea' id='block_1_28' title="bbox 222 2565 1818 2641">
    <p class='ocr_par' dir='ltr' id='par_1_28' title="bbox 222 2565 1818 2641">
     <span class='ocr_line' id='line_1_28' title="bbox 222 2565 1818 2641; baseline 0.009 -31"><span class='ocrx_word' id='word_1_201' title='bbox 222 2565 432 2632; x_wconf 80' lang='grc' dir='ltr'>μορφῇ,</span> <span class='ocrx_word' id='word_1_202' title='bbox 477 2565 571 2615; x_wconf 81' lang='grc' dir='ltr'>καὶ</span> <span class='ocrx_word' id='word_1_203' title='bbox 605 2567 662 2617; x_wconf 84' lang='grc' dir='ltr'>ὲν</span> <span class='ocrx_word' id='word_1_204' title='bbox 691 2566 872 2628; x_wconf 76' lang='grc' dir='ltr'>ἄλλοις</span> <span class='ocrx_word' id='word_1_205' title='bbox 906 2572 1305 2638; x_wconf 74' lang='grc' dir='ltr'>χαρακτῆρσίν.</span> <span class='ocrx_word' id='word_1_206' title='bbox 1341 2572 1539 2622; x_wconf 67' lang='grc' dir='ltr'>Οὐκέτι</span> <span class='ocrx_word' id='word_1_207' title='bbox 1576 2571 1683 2641; x_wconf 85' lang='grc' dir='ltr'>γὰρ</span> <span class='ocrx_word' id='word_1_208' title='bbox 1721 2589 1818 2637; x_wconf 70' lang='lat' dir='ltr'><strong>cpp-</strong></span> 
     </span>
    </p>
   </div>
   <div class='ocr_carea' id='block_1_29' title="bbox 218 2657 1820 2734">
    <p class='ocr_par' dir='ltr' id='par_1_29' title="bbox 218 2657 1820 2734">
     <span class='ocr_line' id='line_1_29' title="bbox 218 2657 1820 2734; baseline 0.007 -29"><span class='ocrx_word' id='word_1_209' title='bbox 218 2658 394 2718; x_wconf 84' lang='grc' dir='ltr'>σικοῖς</span> <span class='ocrx_word' id='word_1_210' title='bbox 448 2657 636 2726; x_wconf 83' lang='grc' dir='ltr'>νόμοις</span> <span class='ocrx_word' id='word_1_211' title='bbox 688 2659 961 2730; x_wconf 75' lang='grc' dir='ltr'>ᾠκονόμει</span> <span class='ocrx_word' id='word_1_212' title='bbox 1005 2664 1066 2714; x_wconf 76' lang='grc' dir='ltr'><strong>τὸ</strong></span> <span class='ocrx_word' id='word_1_213' title='bbox 1098 2664 1281 2731; x_wconf 84' lang='grc' dir='ltr'>σῶμα,</span> <span class='ocrx_word' id='word_1_214' title='bbox 1317 2663 1434 2715; x_wconf 84' lang='grc' dir='ltr'>ἀλλ’</span> <span class='ocrx_word' id='word_1_215' title='bbox 1486 2665 1626 2734; x_wconf 79' lang='grc' dir='ltr'>ὑπὲρ</span> <span class='ocrx_word' id='word_1_216' title='bbox 1655 2664 1820 2731; x_wconf 71' lang='grc' dir='ltr'>φύσιν</span> 
     </span>
    </p>
   </div>
   <div class='ocr_carea' id='block_1_30' title="bbox 217 2750 1820 2831">
    <p class='ocr_par' dir='ltr' id='par_1_30' title="bbox 217 2750 1820 2831">
     <span class='ocr_line' id='line_1_30' title="bbox 217 2750 1820 2831; baseline 0.006 -31"><span class='ocrx_word' id='word_1_217' title='bbox 217 2750 317 2801; x_wconf 66' lang='grc' dir='ltr'>καὶ</span> <span class='ocrx_word' id='word_1_218' title='bbox 370 2753 800 2820; x_wconf 81' lang='grc' dir='ltr'>πνευματικῶς·</span> <span class='ocrx_word' id='word_1_219' title='bbox 847 2755 999 2807; x_wconf 78' lang='grc' dir='ltr'>ένΟεν</span> <span class='ocrx_word' id='word_1_220' title='bbox 1053 2773 1134 2808; x_wconf 86' lang='grc' dir='ltr'><strong>τοι</strong></span> <span class='ocrx_word' id='word_1_221' title='bbox 1170 2757 1220 2831; x_wconf 69' lang='lat' dir='ltr'><strong>oi</strong></span> <span class='ocrx_word' id='word_1_222' title='bbox 1269 2755 1546 2824; x_wconf 64' lang='grc' dir='ltr'>ὀφθαλμοὶ</span> <span class='ocrx_word' id='word_1_223' title='bbox 1591 2758 1820 2809; x_wconf 77' lang='grc' dir='ltr'>ἐκείνων</span> 
     </span>
    </p>
   </div>
   <div class='ocr_carea' id='block_1_31' title="bbox 214 2841 1818 2914">
    <p class='ocr_par' dir='ltr' id='par_1_31' title="bbox 214 2841 1818 2914">
     <span class='ocr_line' id='line_1_31' title="bbox 214 2841 1818 2914; baseline 0.007 -22"><span class='ocrx_word' id='word_1_224' title='bbox 214 2841 570 2907; x_wconf 73' lang='grc' dir='ltr'>ἐκρατοῦντο,</span> <span class='ocrx_word' id='word_1_225' title='bbox 605 2844 705 2896; x_wconf 90' lang='grc' dir='ltr'><strong>τοῦ</strong></span> <span class='ocrx_word' id='word_1_226' title='bbox 743 2848 815 2913; x_wconf 82' lang='grc' dir='ltr'>μὴ</span> <span class='ocrx_word' id='word_1_227' title='bbox 868 2848 1172 2914; x_wconf 74' lang='grc' dir='ltr'>ἐπιγνῶναι</span> <span class='ocrx_word' id='word_1_228' title='bbox 1228 2851 1415 2902; x_wconf 75' lang='grc' dir='ltr'>αὐτόν.</span> <span class='ocrx_word' id='word_1_229' title='bbox 1469 2850 1623 2902; x_wconf 87' lang='grc' dir='ltr'>Διατί</span> <span class='ocrx_word' id='word_1_230' title='bbox 1660 2850 1718 2902; x_wconf 86' lang='grc' dir='ltr'><strong>δὲ</strong></span> <span class='ocrx_word' id='word_1_231' title='bbox 1760 2853 1818 2903; x_wconf 78' lang='grc' dir='ltr'>ὲν</span> 
     </span>
    </p>
   </div>
   <div class='ocr_carea' id='block_1_32' title="bbox 219 2934 1819 3012">
    <p class='ocr_par' dir='ltr' id='par_1_32' title="bbox 219 2934 1819 3012">
     <span class='ocr_line' id='line_1_32' title="bbox 219 2934 1819 3012; baseline 0.006 -26"><span class='ocrx_word' id='word_1_232' title='bbox 219 2934 390 3005; x_wconf 69' lang='grc' dir='ltr'>ἑτέρα</span> <span class='ocrx_word' id='word_1_233' title='bbox 441 2939 625 3006; x_wconf 79' lang='grc' dir='ltr'>μορφῇ</span> <span class='ocrx_word' id='word_1_234' title='bbox 674 2939 870 3008; x_wconf 76' lang='grc' dir='ltr'>ἐφάνη,</span> <span class='ocrx_word' id='word_1_235' title='bbox 925 2942 1020 2992; x_wconf 72' lang='grc' dir='ltr'><strong>καὶ</strong></span> <span class='ocrx_word' id='word_1_236' title='bbox 1061 2941 1397 3012; x_wconf 79' lang='grc' dir='ltr'>ἐκρατοῦντο</span> <span class='ocrx_word' id='word_1_237' title='bbox 1449 2945 1496 2995; x_wconf 83' lang='grc' dir='ltr'><strong>οί</strong></span> <span class='ocrx_word' id='word_1_238' title='bbox 1548 2943 1819 3011; x_wconf 68' lang='grc' dir='ltr'>ὀφθαλμοὶ</span> 
     </span>
    </p>
   </div>
   <div class='ocr_carea' id='block_1_33' title="bbox 221 3025 1818 3106">
    <p class='ocr_par' dir='ltr' id='par_1_33' title="bbox 221 3025 1818 3106">
     <span class='ocr_line' id='line_1_33' title="bbox 221 3025 1818 3106; baseline 0.006 -28"><span class='ocrx_word' id='word_1_239' title='bbox 221 3025 441 3093; x_wconf 57' lang='lat' dir='ltr'><strong>abstini;</strong></span> <span class='ocrx_word' id='word_1_240' title='bbox 487 3028 604 3080; x_wconf 86' lang='grc' dir='ltr'>’Ίνα</span> <span class='ocrx_word' id='word_1_241' title='bbox 633 3031 814 3082; x_wconf 85' lang='grc' dir='ltr'>πᾶσαν</span> <span class='ocrx_word' id='word_1_242' title='bbox 854 3030 952 3100; x_wconf 77' lang='grc' dir='ltr'><strong>τὴν</strong></span> <span class='ocrx_word' id='word_1_243' title='bbox 981 3032 1341 3095; x_wconf 70' lang='grc' dir='ltr'>διστάζουσαν</span> <span class='ocrx_word' id='word_1_244' title='bbox 1373 3034 1555 3086; x_wconf 77' lang='grc' dir='ltr'>αὐτῶν</span> <span class='ocrx_word' id='word_1_245' title='bbox 1589 3031 1818 3106; x_wconf 79' lang='grc' dir='ltr'>γνώμην</span> 
     </span>
    </p>
   </div>
   <div class='ocr_carea' id='block_1_34' title="bbox 1916 517 3526 596">
    <p class='ocr_par' dir='ltr' id='par_1_34' title="bbox 1916 517 3526 596">
     <span class='ocr_line' id='line_1_34' title="bbox 1916 517 3526 596; baseline -0.007 -10"><span class='ocrx_word' id='word_1_246' title='bbox 1916 532 2107 586; x_wconf 48' lang='lat' dir='ltr'><strong>tertius-</strong></span> <span class='ocrx_word' id='word_1_247' title='bbox 2143 529 2262 584; x_wconf 76' lang='lat' dir='ltr'><strong>dies</strong></span> <span class='ocrx_word' id='word_1_248' title='bbox 2289 541 2372 584; x_wconf 88' lang='lat' dir='ltr'><strong>est</strong></span> <span class='ocrx_word' id='word_1_249' title='bbox 2404 531 2566 584; x_wconf 89' lang='lat' dir='ltr'><strong>hodie</strong></span> <span class='ocrx_word' id='word_1_250' title='bbox 2605 527 2748 596; x_wconf 85' lang='lat' dir='ltr'><strong>quod</strong></span> <span class='ocrx_word' id='word_1_251' title='bbox 2784 527 2897 580; x_wconf 73' lang='lat' dir='ltr'><strong>lucc</strong></span> <span class='ocrx_word' id='word_1_252' title='bbox 2941 524 3082 577; x_wconf 81' lang='lat' dir='ltr'><strong>facta</strong></span> <span class='ocrx_word' id='word_1_253' title='bbox 3134 532 3283 577; x_wconf 72' lang='lat' dir='ltr'><strong>sttnt.</strong></span> <span class='ocrx_word' id='word_1_254' title='bbox 3333 517 3439 572; x_wconf 52' lang='lat' dir='ltr'><strong>Sed</strong></span> <span class='ocrx_word' id='word_1_255' title='bbox 3470 531 3526 574; x_wconf 86' lang='lat' dir='ltr'><strong>et</strong></span> 
     </span>
    </p>
   </div>
   <div class='ocr_carea' id='block_1_35' title="bbox 1916 615 3521 694">
    <p class='ocr_par' dir='ltr' id='par_1_35' title="bbox 1916 615 3521 694">
     <span class='ocr_line' id='line_1_35' title="bbox 1916 615 3521 694; baseline -0.011 -16"><span class='ocrx_word' id='word_1_256' title='bbox 1916 625 2435 694; x_wconf 76' lang='lat' dir='ltr'><strong>triitlieresqu.edaiit</strong></span> <span class='ocrx_word' id='word_1_257' title='bbox 2464 639 2530 677; x_wconf 80' lang='lat' dir='ltr'><strong>ex</strong></span> <span class='ocrx_word' id='word_1_258' title='bbox 2574 623 2735 676; x_wconf 90' lang='lat' dir='ltr'><strong>nobis</strong></span> <span class='ocrx_word' id='word_1_259' title='bbox 2767 617 3030 673; x_wconf 85' lang='lat' dir='ltr'><strong>attonitos</strong></span> <span class='ocrx_word' id='word_1_260' title='bbox 3067 615 3361 670; x_wconf 85' lang='lat' dir='ltr'><strong>reddidere</strong></span> <span class='ocrx_word' id='word_1_261' title='bbox 3400 628 3521 674; x_wconf 77' lang='lat' dir='ltr'><strong>nos,</strong></span> 
     </span>
    </p>
   </div>
   <div class='ocr_carea' id='block_1_36' title="bbox 1913 714 3522 793">
    <p class='ocr_par' dir='ltr' id='par_1_36' title="bbox 1913 714 3522 793">
     <span class='ocr_line' id='line_1_36' title="bbox 1913 714 3522 793; baseline -0.014 -16"><span class='ocrx_word' id='word_1_262' title='bbox 1913 739 2032 793; x_wconf 77' lang='lat' dir='ltr'><strong>qua:</strong></span> <span class='ocrx_word' id='word_1_263' title='bbox 2059 724 2299 777; x_wconf 80' lang='lat' dir='ltr'><strong>diluculo</strong></span> <span class='ocrx_word' id='word_1_264' title='bbox 2329 731 2692 790; x_wconf 87' lang='lat' dir='ltr'><strong>pervenerunt</strong></span> <span class='ocrx_word' id='word_1_265' title='bbox 2722 716 2786 768; x_wconf 91' lang='lat' dir='ltr'><strong>ad</strong></span> <span class='ocrx_word' id='word_1_266' title='bbox 2830 720 3245 765; x_wconf 85' lang='lat' dir='ltr'><strong>momnnentnm</strong></span> <span class='ocrx_word' id='word_1_267' title='bbox 3276 726 3288 760; x_wconf 87' lang='lat'>:</span> <span class='ocrx_word' id='word_1_268' title='bbox 3330 714 3382 758; x_wconf 85' lang='lat' dir='ltr'><strong>et</strong></span> <span class='ocrx_word' id='word_1_269' title='bbox 3416 721 3522 757; x_wconf 91' lang='lat' dir='ltr'><strong>non</strong></span> 
     </span>
    </p>
   </div>
   <div class='ocr_carea' id='block_1_37' title="bbox 1915 801 3522 882">
    <p class='ocr_par' dir='ltr' id='par_1_37' title="bbox 1915 801 3522 882">
     <span class='ocr_line' id='line_1_37' title="bbox 1915 801 3522 882; baseline -0.014 -12"><span class='ocrx_word' id='word_1_270' title='bbox 1915 819 2137 872; x_wconf 89' lang='lat' dir='ltr'><strong>invento</strong></span> <span class='ocrx_word' id='word_1_271' title='bbox 2189 830 2418 882; x_wconf 85' lang='lat' dir='ltr'><strong>corpore</strong></span> <span class='ocrx_word' id='word_1_272' title='bbox 2457 814 2600 882; x_wconf 77' lang='lat' dir='ltr'><strong>eius.</strong></span> <span class='ocrx_word' id='word_1_273' title='bbox 2660 815 2931 863; x_wconf 83' lang='lat' dir='ltr'><strong>venerunt</strong></span> <span class='ocrx_word' id='word_1_274' title='bbox 2969 808 3217 859; x_wconf 84' lang='lat' dir='ltr'><strong>dicentes</strong></span> <span class='ocrx_word' id='word_1_275' title='bbox 3259 819 3317 855; x_wconf 87' lang='lat' dir='ltr'><strong>se</strong></span> <span class='ocrx_word' id='word_1_276' title='bbox 3358 801 3522 853; x_wconf 86' lang='lat' dir='ltr'><strong>etiam</strong></span> 
     </span>
    </p>
   </div>
   <div class='ocr_carea' id='block_1_38' title="bbox 1912 890 3497 978">
    <p class='ocr_par' dir='ltr' id='par_1_38' title="bbox 1912 890 3497 978">
     <span class='ocr_line' id='line_1_38' title="bbox 1912 890 3497 978; baseline -0.015 -12"><span class='ocrx_word' id='word_1_277' title='bbox 1912 912 2176 974; x_wconf 83' lang='lat' dir='ltr'><strong>visionem</strong></span> <span class='ocrx_word' id='word_1_278' title='bbox 2209 909 2525 978; x_wconf 79' lang='lat' dir='ltr'><strong>angelorum</strong></span> <span class='ocrx_word' id='word_1_279' title='bbox 2568 905 2790 963; x_wconf 83' lang='lat' dir='ltr'><strong>vidisse,</strong></span> <span class='ocrx_word' id='word_1_280' title='bbox 2842 901 2933 970; x_wconf 88' lang='lat' dir='ltr'><strong>qui</strong></span> <span class='ocrx_word' id='word_1_281' title='bbox 2989 899 3241 952; x_wconf 84' lang='lat' dir='ltr'><strong>dicerent</strong></span> <span class='ocrx_word' id='word_1_282' title='bbox 3281 909 3406 946; x_wconf 88' lang='lat' dir='ltr'><strong>eum</strong></span> <span class='ocrx_word' id='word_1_283' title='bbox 3447 890 3497 942; x_wconf 88' lang='lat' dir='ltr'><strong>vi</strong></span> 
     </span>
    </p>
   </div>
   <div class='ocr_carea' id='block_1_39' title="bbox 1913 985 3526 1064">
    <p class='ocr_par' dir='ltr' id='par_1_39' title="bbox 1913 985 3526 1064">
     <span class='ocr_line' id='line_1_39' title="bbox 1913 985 3526 1064; baseline -0.012 -10"><span class='ocrx_word' id='word_1_284' title='bbox 1913 1017 2062 1054; x_wconf 80' lang='lat' dir='ltr'><strong>vere.</strong></span> <span class='ocrx_word' id='word_1_285' title='bbox 2099 1000 2162 1054; x_wconf 86' lang='lat' dir='ltr'><strong>Et</strong></span> <span class='ocrx_word' id='word_1_286' title='bbox 2190 999 2441 1053; x_wconf 88' lang='lat' dir='ltr'><strong>abierunt</strong></span> <span class='ocrx_word' id='word_1_287' title='bbox 2495 995 2713 1064; x_wconf 53' lang='lat' dir='ltr'><strong>quidalu</strong></span> <span class='ocrx_word' id='word_1_288' title='bbox 2765 1007 2955 1046; x_wconf 88' lang='lat' dir='ltr'><strong>eorum</strong></span> <span class='ocrx_word' id='word_1_289' title='bbox 3019 990 3109 1056; x_wconf 92' lang='lat' dir='ltr'><strong>qui</strong></span> <span class='ocrx_word' id='word_1_290' title='bbox 3139 995 3296 1040; x_wconf 86' lang='lat' dir='ltr'><strong>erant</strong></span> <span class='ocrx_word' id='word_1_291' title='bbox 3340 985 3526 1034; x_wconf 88' lang='lat' dir='ltr'><strong>nobis-</strong></span> 
     </span>
    </p>
   </div>
   <div class='ocr_carea' id='block_1_40' title="bbox 1913 1076 3526 1150">
    <p class='ocr_par' dir='ltr' id='par_1_40' title="bbox 1913 1076 3526 1150">
     <span class='ocr_line' id='line_1_40' title="bbox 1913 1076 3526 1150; baseline -0.014 -2"><span class='ocrx_word' id='word_1_292' title='bbox 1913 1100 2034 1148; x_wconf 86' lang='lat' dir='ltr'><strong>cum</strong></span> <span class='ocrx_word' id='word_1_293' title='bbox 2108 1092 2173 1146; x_wconf 89' lang='lat' dir='ltr'><strong>ad</strong></span> <span class='ocrx_word' id='word_1_294' title='bbox 2238 1100 2668 1150; x_wconf 75' lang='lat' dir='ltr'><strong>monumentum,</strong></span> <span class='ocrx_word' id='word_1_295' title='bbox 2729 1095 2785 1140; x_wconf 86' lang='lat' dir='ltr'><strong>et</strong></span> <span class='ocrx_word' id='word_1_296' title='bbox 2851 1084 2922 1137; x_wconf 88' lang='lat' dir='ltr'><strong>ita</strong></span> <span class='ocrx_word' id='word_1_297' title='bbox 2959 1089 3309 1148; x_wconf 84' lang='lat' dir='ltr'><strong>repererunt,</strong></span> <span class='ocrx_word' id='word_1_298' title='bbox 3385 1076 3526 1128; x_wconf 68' lang='lat' dir='ltr'><strong>sicut</strong></span> 
     </span>
    </p>
   </div>
   <div class='ocr_carea' id='block_1_41' title="bbox 1915 1166 3527 1248">
    <p class='ocr_par' dir='ltr' id='par_1_41' title="bbox 1915 1166 3527 1248">
     <span class='ocr_line' id='line_1_41' title="bbox 1915 1166 3527 1248; baseline -0.014 -8"><span class='ocrx_word' id='word_1_299' title='bbox 1915 1187 2170 1240; x_wconf 86' lang='lat' dir='ltr'><strong>mulieres</strong></span> <span class='ocrx_word' id='word_1_300' title='bbox 2193 1185 2478 1245; x_wconf 71' lang='lat' dir='ltr'><strong>dixerant;</strong></span> <span class='ocrx_word' id='word_1_301' title='bbox 2510 1182 2688 1248; x_wconf 91' lang='lat' dir='ltr'><strong>ipsum</strong></span> <span class='ocrx_word' id='word_1_302' title='bbox 2723 1193 2850 1231; x_wconf 88' lang='lat' dir='ltr'><strong>vero</strong></span> <span class='ocrx_word' id='word_1_303' title='bbox 2873 1191 2982 1229; x_wconf 91' lang='lat' dir='ltr'><strong>non</strong></span> <span class='ocrx_word' id='word_1_304' title='bbox 3008 1174 3288 1227; x_wconf 81' lang='lat' dir='ltr'><strong>viderunt.</strong></span> <span class='ocrx_word' id='word_1_305' title='bbox 3323 1189 3339 1221; x_wconf 84' lang='grc' dir='ltr'><strong>ι</strong></span> <span class='ocrx_word' id='word_1_306' title='bbox 3380 1166 3527 1220; x_wconf 84' lang='lat' dir='ltr'><strong>Non-</strong></span> 
     </span>
    </p>
   </div>
   <div class='ocr_carea' id='block_1_42' title="bbox 1918 1261 3528 1334">
    <p class='ocr_par' dir='ltr' id='par_1_42' title="bbox 1918 1261 3528 1334">
     <span class='ocr_line' id='line_1_42' title="bbox 1918 1261 3528 1334; baseline -0.015 3"><span class='ocrx_word' id='word_1_307' title='bbox 1918 1279 2050 1333; x_wconf 86' lang='lat' dir='ltr'><strong>nulli</strong></span> <span class='ocrx_word' id='word_1_308' title='bbox 2088 1295 2251 1331; x_wconf 86' lang='lat' dir='ltr'><strong>unum</strong></span> <span class='ocrx_word' id='word_1_309' title='bbox 2315 1293 2380 1332; x_wconf 80' lang='lat' dir='ltr'><strong>ex</strong></span> <span class='ocrx_word' id='word_1_310' title='bbox 2420 1276 2634 1330; x_wconf 88' lang='lat' dir='ltr'><strong>duobus</strong></span> <span class='ocrx_word' id='word_1_311' title='bbox 2665 1273 2772 1326; x_wconf 89' lang='lat' dir='ltr'><strong>illis</strong></span> <span class='ocrx_word' id='word_1_312' title='bbox 2801 1271 3004 1324; x_wconf 80' lang='lat' dir='ltr'><strong>Lucam</strong></span> <span class='ocrx_word' id='word_1_313' title='bbox 3038 1269 3210 1334; x_wconf 91' lang='lat' dir='ltr'><strong>ipsum</strong></span> <span class='ocrx_word' id='word_1_314' title='bbox 3243 1263 3410 1317; x_wconf 78' lang='lat' dir='ltr'><strong>fuisse</strong></span> <span class='ocrx_word' id='word_1_315' title='bbox 3445 1261 3528 1313; x_wconf 69' lang='lat' dir='ltr'><strong>«li.-</strong></span> 
     </span>
    </p>
   </div>
   <div class='ocr_carea' id='block_1_43' title="bbox 1919 1356 3527 1427">
    <p class='ocr_par' dir='ltr' id='par_1_43' title="bbox 1919 1356 3527 1427">
     <span class='ocr_line' id='line_1_43' title="bbox 1919 1356 3527 1427; baseline -0.011 -1"><span class='ocrx_word' id='word_1_316' title='bbox 1919 1384 2046 1426; x_wconf 87' lang='lat' dir='ltr'><strong>cnnt</strong></span> <span class='ocrx_word' id='word_1_317' title='bbox 2097 1391 2109 1427; x_wconf 91' lang='lat'><strong>:</strong></span> <span class='ocrx_word' id='word_1_318' title='bbox 2157 1374 2366 1427; x_wconf 70' lang='lat' dir='ltr'><strong>idcirco</strong></span> <span class='ocrx_word' id='word_1_319' title='bbox 2424 1380 2479 1423; x_wconf 88' lang='lat' dir='ltr'><strong>et</strong></span> <span class='ocrx_word' id='word_1_320' title='bbox 2519 1366 2812 1421; x_wconf 78' lang='lat' dir='ltr'><strong>abSCondit</strong></span> <span class='ocrx_word' id='word_1_321' title='bbox 2880 1378 3076 1416; x_wconf 82' lang='lat' dir='ltr'><strong>nomen</strong></span> <span class='ocrx_word' id='word_1_322' title='bbox 3128 1374 3290 1414; x_wconf 85' lang='lat' dir='ltr'><strong>suum</strong></span> <span class='ocrx_word' id='word_1_323' title='bbox 3343 1356 3527 1408; x_wconf 85' lang='lat' dir='ltr'><strong>Evan-</strong></span> 
     </span>
    </p>
   </div>
   <div class='ocr_carea' id='block_1_44' title="bbox 1917 1449 3527 1535">
    <p class='ocr_par' dir='ltr' id='par_1_44' title="bbox 1917 1449 3527 1535">
     <span class='ocr_line' id='line_1_44' title="bbox 1917 1449 3527 1535; baseline -0.012 -15"><span class='ocrx_word' id='word_1_324' title='bbox 1917 1467 2133 1535; x_wconf 65' lang='lat' dir='ltr'><strong>gelis‘ta.</strong></span> <span class='ocrx_word' id='word_1_325' title='bbox 2188 1463 2577 1532; x_wconf 84' lang='lat' dir='ltr'><strong>Loquebantur</strong></span> <span class='ocrx_word' id='word_1_326' title='bbox 2630 1470 2811 1512; x_wconf 89' lang='lat' dir='ltr'><strong>autem</strong></span> <span class='ocrx_word' id='word_1_327' title='bbox 2855 1457 2998 1511; x_wconf 87' lang='lat' dir='ltr'><strong>inter</strong></span> <span class='ocrx_word' id='word_1_328' title='bbox 3033 1470 3091 1507; x_wconf 89' lang='lat' dir='ltr'><strong>se</strong></span> <span class='ocrx_word' id='word_1_329' title='bbox 3131 1455 3218 1506; x_wconf 86' lang='lat' dir='ltr'><strong>isti</strong></span> <span class='ocrx_word' id='word_1_330' title='bbox 3255 1449 3422 1521; x_wconf 61' lang='grc'><strong>492</strong></span> <span class='ocrx_word' id='word_1_331' title='bbox 3459 1449 3527 1501; x_wconf 87' lang='lat' dir='ltr'><strong>dc</strong></span> 
     </span>
    </p>
   </div>
   <div class='ocr_carea' id='block_1_45' title="bbox 1917 1543 3528 1626">
    <p class='ocr_par' dir='ltr' id='par_1_45' title="bbox 1917 1543 3528 1626">
     <span class='ocr_line' id='line_1_45' title="bbox 1917 1543 3528 1626; baseline -0.012 -16"><span class='ocrx_word' id='word_1_332' title='bbox 1917 1559 2175 1612; x_wconf 84' lang='lat' dir='ltr'><strong>omnibus</strong></span> <span class='ocrx_word' id='word_1_333' title='bbox 2203 1572 2324 1626; x_wconf 78' lang='lat' dir='ltr'><strong>qua:</strong></span> <span class='ocrx_word' id='word_1_334' title='bbox 2358 1554 2700 1616; x_wconf 86' lang='lat' dir='ltr'><strong>acciderant,</strong></span> <span class='ocrx_word' id='word_1_335' title='bbox 2743 1566 2848 1604; x_wconf 91' lang='lat' dir='ltr'><strong>non</strong></span> <span class='ocrx_word' id='word_1_336' title='bbox 2897 1557 2951 1600; x_wconf 96' lang='grc' dir='ltr'><strong>ιιι</strong></span> <span class='ocrx_word' id='word_1_337' title='bbox 2994 1545 3306 1604; x_wconf 68' lang='lat' dir='ltr'><strong>credentes,</strong></span> <span class='ocrx_word' id='word_1_338' title='bbox 3341 1543 3433 1595; x_wconf 87' lang='lat' dir='ltr'><strong>sed</strong></span> <span class='ocrx_word' id='word_1_339' title='bbox 3471 1551 3528 1592; x_wconf 91' lang='grc' dir='ltr'><strong>ιιι</strong></span> 
     </span>
    </p>
   </div>
   <div class='ocr_carea' id='block_1_46' title="bbox 1920 1641 3525 1714">
    <p class='ocr_par' dir='ltr' id='par_1_46' title="bbox 1920 1641 3525 1714">
     <span class='ocr_line' id='line_1_46' title="bbox 1920 1641 3525 1714; baseline -0.013 -11"><span class='ocrx_word' id='word_1_340' title='bbox 1920 1651 2253 1714; x_wconf 78' lang='lat' dir='ltr'><strong>dubitantes,</strong></span> <span class='ocrx_word' id='word_1_341' title='bbox 2306 1661 2357 1702; x_wconf 88' lang='lat' dir='ltr'><strong>et</strong></span> <span class='ocrx_word' id='word_1_342' title='bbox 2405 1648 2472 1701; x_wconf 89' lang='lat' dir='ltr'><strong>de</strong></span> <span class='ocrx_word' id='word_1_343' title='bbox 2521 1647 2682 1700; x_wconf 82' lang='lat' dir='ltr'><strong>rebus</strong></span> <span class='ocrx_word' id='word_1_344' title='bbox 2728 1641 3075 1695; x_wconf 84' lang='lat' dir='ltr'><strong>mirabilibus</strong></span> <span class='ocrx_word' id='word_1_345' title='bbox 3124 1645 3525 1703; x_wconf 80' lang='lat' dir='ltr'><strong>stnpescentcs.</strong></span> 
     </span>
    </p>
   </div>
   <div class='ocr_carea' id='block_1_47' title="bbox 1922 1732 3534 1797">
    <p class='ocr_par' dir='ltr' id='par_1_47' title="bbox 1922 1732 3534 1797">
     <span class='ocr_line' id='line_1_47' title="bbox 1922 1732 3534 1797; baseline -0.011 0"><span class='ocrx_word' id='word_1_346' title='bbox 1922 1763 2021 1797; x_wconf 59' lang='lat' dir='ltr'><strong>nec</strong></span> <span class='ocrx_word' id='word_1_347' title='bbox 2063 1746 2243 1796; x_wconf 83' lang='lat' dir='ltr'><strong>statim</strong></span> <span class='ocrx_word' id='word_1_348' title='bbox 2281 1742 2356 1795; x_wconf 94' lang='lat' dir='ltr'><strong>rei</strong></span> <span class='ocrx_word' id='word_1_349' title='bbox 2395 1753 2503 1794; x_wconf 89' lang='lat' dir='ltr'><strong>tam</strong></span> <span class='ocrx_word' id='word_1_350' title='bbox 2542 1737 2878 1792; x_wconf 70' lang='lat' dir='ltr'><strong>admiranda</strong></span> <span class='ocrx_word' id='word_1_351' title='bbox 2911 1732 3180 1787; x_wconf 81' lang='lat' dir='ltr'><strong>sententia</strong></span> <span class='ocrx_word' id='word_1_352' title='bbox 3229 1743 3326 1783; x_wconf 76' lang='lat' dir='ltr'><strong>Sua</strong></span> <span class='ocrx_word' id='word_1_353' title='bbox 3374 1742 3534 1780; x_wconf 83' lang='lat' dir='ltr'><strong>acce-</strong></span> 
     </span>
    </p>
   </div>
   <div class='ocr_carea' id='block_1_48' title="bbox 1922 1823 3527 1900">
    <p class='ocr_par' dir='ltr' id='par_1_48' title="bbox 1922 1823 3527 1900">
     <span class='ocr_line' id='line_1_48' title="bbox 1922 1823 3527 1900; baseline -0.01 -11"><span class='ocrx_word' id='word_1_354' title='bbox 1922 1838 2134 1890; x_wconf 84' lang='lat' dir='ltr'><strong>dentes.</strong></span> <span class='ocrx_word' id='word_1_355' title='bbox 2177 1836 2337 1891; x_wconf 79' lang='lat' dir='ltr'><strong>Jesus</strong></span> <span class='ocrx_word' id='word_1_356' title='bbox 2383 1844 2564 1886; x_wconf 86' lang='lat' dir='ltr'><strong>autem</strong></span> <span class='ocrx_word' id='word_1_357' title='bbox 2617 1847 2740 1884; x_wconf 88' lang='lat' dir='ltr'><strong>cum</strong></span> <span class='ocrx_word' id='word_1_358' title='bbox 2788 1829 3305 1900; x_wconf 66' lang='lat' dir='ltr'><strong>appropinquasset,</strong></span> <span class='ocrx_word' id='word_1_359' title='bbox 3357 1823 3527 1876; x_wconf 87' lang='lat' dir='ltr'><strong>simul</strong></span> 
     </span>
    </p>
   </div>
   <div class='ocr_carea' id='block_1_49' title="bbox 1925 1921 3529 1994">
    <p class='ocr_par' dir='ltr' id='par_1_49' title="bbox 1925 1921 3529 1994">
     <span class='ocr_line' id='line_1_49' title="bbox 1925 1921 3529 1994; baseline -0.011 -11"><span class='ocrx_word' id='word_1_360' title='bbox 1925 1931 2020 1984; x_wconf 78' lang='lat' dir='ltr'><strong>ivit</strong></span> <span class='ocrx_word' id='word_1_361' title='bbox 2061 1945 2182 1982; x_wconf 86' lang='lat' dir='ltr'><strong>cum</strong></span> <span class='ocrx_word' id='word_1_362' title='bbox 2235 1929 2334 1981; x_wconf 88' lang='lat' dir='ltr'><strong>eis.</strong></span> <span class='ocrx_word' id='word_1_363' title='bbox 2389 1924 2688 1994; x_wconf 81' lang='lat' dir='ltr'><strong>Spirituale</strong></span> <span class='ocrx_word' id='word_1_364' title='bbox 2739 1932 2794 1975; x_wconf 89' lang='lat' dir='ltr'><strong>et</strong></span> <span class='ocrx_word' id='word_1_365' title='bbox 2847 1921 3094 1973; x_wconf 89' lang='lat' dir='ltr'><strong>divinum</strong></span> <span class='ocrx_word' id='word_1_366' title='bbox 3146 1933 3351 1985; x_wconf 85' lang='lat' dir='ltr'><strong>corpus</strong></span> <span class='ocrx_word' id='word_1_367' title='bbox 3395 1927 3529 1966; x_wconf 83' lang='lat' dir='ltr'><strong>tunc</strong></span> 
     </span>
    </p>
   </div>
   <div class='ocr_carea' id='block_1_50' title="bbox 1924 2008 3530 2088">
    <p class='ocr_par' dir='ltr' id='par_1_50' title="bbox 1924 2008 3530 2088">
     <span class='ocr_line' id='line_1_50' title="bbox 1924 2008 3530 2088; baseline -0.016 -8"><span class='ocrx_word' id='word_1_368' title='bbox 1924 2027 2154 2088; x_wconf 85' lang='lat' dir='ltr'><strong>habens,</strong></span> <span class='ocrx_word' id='word_1_369' title='bbox 2192 2037 2296 2075; x_wconf 92' lang='lat' dir='ltr'><strong>non</strong></span> <span class='ocrx_word' id='word_1_370' title='bbox 2325 2019 2727 2087; x_wconf 78' lang='lat' dir='ltr'><strong>impediebatur</strong></span> <span class='ocrx_word' id='word_1_371' title='bbox 2769 2013 3016 2067; x_wconf 87' lang='lat' dir='ltr'><strong>locorum</strong></span> <span class='ocrx_word' id='word_1_372' title='bbox 3061 2008 3384 2067; x_wconf 82' lang='lat' dir='ltr'><strong>intervallis,</strong></span> <span class='ocrx_word' id='word_1_373' title='bbox 3422 2019 3530 2073; x_wconf 90' lang='lat' dir='ltr'><strong>quo</strong></span> 
     </span>
    </p>
   </div>
   <div class='ocr_carea' id='block_1_51' title="bbox 1923 2105 3531 2178">
    <p class='ocr_par' dir='ltr' id='par_1_51' title="bbox 1923 2105 3531 2178">
     <span class='ocr_line' id='line_1_51' title="bbox 1923 2105 3531 2178; baseline -0.011 -4"><span class='ocrx_word' id='word_1_374' title='bbox 1923 2123 2106 2174; x_wconf 88' lang='lat' dir='ltr'><strong>minus</strong></span> <span class='ocrx_word' id='word_1_375' title='bbox 2133 2117 2349 2169; x_wconf 89' lang='lat' dir='ltr'><strong>adesset</strong></span> <span class='ocrx_word' id='word_1_376' title='bbox 2381 2114 2464 2166; x_wconf 84' lang='lat' dir='ltr'><strong>Itis</strong></span> <span class='ocrx_word' id='word_1_377' title='bbox 2495 2112 2693 2178; x_wconf 91' lang='lat' dir='ltr'><strong>quibus</strong></span> <span class='ocrx_word' id='word_1_378' title='bbox 2726 2110 2964 2163; x_wconf 71' lang='lat' dir='ltr'><strong>volebat.</strong></span> <span class='ocrx_word' id='word_1_379' title='bbox 3014 2106 3225 2160; x_wconf 85' lang='lat' dir='ltr'><strong>Idcirco</strong></span> <span class='ocrx_word' id='word_1_380' title='bbox 3255 2120 3318 2157; x_wconf 76' lang='lat' dir='ltr'><strong>ex</strong></span> <span class='ocrx_word' id='word_1_381' title='bbox 3361 2105 3531 2157; x_wconf 84' lang='lat' dir='ltr'><strong>linea-</strong></span> 
     </span>
    </p>
   </div>
   <div class='ocr_carea' id='block_1_52' title="bbox 1924 2198 3528 2272">
    <p class='ocr_par' dir='ltr' id='par_1_52' title="bbox 1924 2198 3528 2272">
     <span class='ocr_line' id='line_1_52' title="bbox 1924 2198 3528 2272; baseline -0.011 -7"><span class='ocrx_word' id='word_1_382' title='bbox 1924 2210 2122 2265; x_wconf 88' lang='lat' dir='ltr'><strong>mentis</strong></span> <span class='ocrx_word' id='word_1_383' title='bbox 2180 2207 2446 2272; x_wconf 86' lang='lat' dir='ltr'><strong>corporis,</strong></span> <span class='ocrx_word' id='word_1_384' title='bbox 2499 2205 2549 2256; x_wconf 95' lang='lat' dir='ltr'><strong>in</strong></span> <span class='ocrx_word' id='word_1_385' title='bbox 2606 2204 2804 2271; x_wconf 81' lang='lat' dir='ltr'><strong>quibus</strong></span> <span class='ocrx_word' id='word_1_386' title='bbox 2868 2211 2992 2253; x_wconf 89' lang='lat' dir='ltr'><strong>tunc</strong></span> <span class='ocrx_word' id='word_1_387' title='bbox 3043 2198 3365 2266; x_wconf 79' lang='lat' dir='ltr'><strong>apparebat,</strong></span> <span class='ocrx_word' id='word_1_388' title='bbox 3422 2209 3528 2248; x_wconf 86' lang='lat' dir='ltr'><strong>non</strong></span> 
     </span>
    </p>
   </div>
   <div class='ocr_carea' id='block_1_53' title="bbox 1923 2284 3534 2369">
    <p class='ocr_par' dir='ltr' id='par_1_53' title="bbox 1923 2284 3534 2369">
     <span class='ocr_line' id='line_1_53' title="bbox 1923 2284 3534 2369; baseline -0.011 -15"><span class='ocrx_word' id='word_1_389' title='bbox 1923 2298 2379 2369; x_wconf 71' lang='lat' dir='ltr'><strong>permittebantur</strong></span> <span class='ocrx_word' id='word_1_390' title='bbox 2409 2306 2706 2363; x_wconf 71' lang='lat' dir='ltr'><strong>agnoscere</strong></span> <span class='ocrx_word' id='word_1_391' title='bbox 2735 2291 2908 2342; x_wconf 92' lang='lat' dir='ltr'><strong>illum.</strong></span> <span class='ocrx_word' id='word_1_392' title='bbox 2951 2285 3111 2346; x_wconf 85' lang='lat' dir='ltr'><strong>Nam,</strong></span> <span class='ocrx_word' id='word_1_393' title='bbox 3152 2288 3291 2340; x_wconf 88' lang='lat' dir='ltr'><strong>sicut</strong></span> <span class='ocrx_word' id='word_1_394' title='bbox 3321 2284 3534 2337; x_wconf 75' lang='lat' dir='ltr'><strong>Marcus</strong></span> 
     </span>
    </p>
   </div>
   <div class='ocr_carea' id='block_1_54' title="bbox 1925 2379 3538 2459">
    <p class='ocr_par' dir='ltr' id='par_1_54' title="bbox 1925 2379 3538 2459">
     <span class='ocr_line' id='line_1_54' title="bbox 1925 2379 3538 2459; baseline -0.009 -13"><span class='ocrx_word' id='word_1_395' title='bbox 1925 2390 2121 2459; x_wconf 82' lang='lat' dir='ltr'><strong>inquit,</strong></span> <span class='ocrx_word' id='word_1_396' title='bbox 2158 2390 2209 2442; x_wconf 87' lang='lat' dir='ltr'><strong>itt</strong></span> <span class='ocrx_word' id='word_1_397' title='bbox 2251 2388 2352 2440; x_wconf 85' lang='lat' dir='ltr'><strong>alia</strong></span> <span class='ocrx_word' id='word_1_398' title='bbox 2387 2386 2562 2438; x_wconf 79' lang='lat' dir='ltr'><strong>forma</strong></span> <span class='ocrx_word' id='word_1_399' title='bbox 2605 2383 2878 2452; x_wconf 79' lang='lat' dir='ltr'><strong>apparuit,</strong></span> <span class='ocrx_word' id='word_1_400' title='bbox 2905 2390 2959 2434; x_wconf 79' lang='lat' dir='ltr'><strong>et</strong></span> <span class='ocrx_word' id='word_1_401' title='bbox 3010 2381 3058 2432; x_wconf 88' lang='lat' dir='ltr'><strong>in</strong></span> <span class='ocrx_word' id='word_1_402' title='bbox 3089 2379 3538 2432; x_wconf 74' lang='lat' dir='ltr'><strong>aliisliueamen-</strong></span> 
     </span>
    </p>
   </div>
   <div class='ocr_carea' id='block_1_55' title="bbox 1925 2471 3536 2539">
    <p class='ocr_par' dir='ltr' id='par_1_55' title="bbox 1925 2471 3536 2539">
     <span class='ocr_line' id='line_1_55' title="bbox 1925 2471 3536 2539; baseline -0.007 -5"><span class='ocrx_word' id='word_1_403' title='bbox 1925 2483 2016 2534; x_wconf 87' lang='lat' dir='ltr'><strong>tis.</strong></span> <span class='ocrx_word' id='word_1_404' title='bbox 2067 2479 2182 2534; x_wconf 82' lang='lat' dir='ltr'><strong>Non</strong></span> <span class='ocrx_word' id='word_1_405' title='bbox 2240 2481 2383 2532; x_wconf 90' lang='lat' dir='ltr'><strong>ultra</strong></span> <span class='ocrx_word' id='word_1_406' title='bbox 2445 2475 2590 2529; x_wconf 84' lang='lat' dir='ltr'><strong>enim</strong></span> <span class='ocrx_word' id='word_1_407' title='bbox 2653 2474 2999 2526; x_wconf 87' lang='lat' dir='ltr'><strong>naturalibus</strong></span> <span class='ocrx_word' id='word_1_408' title='bbox 3047 2472 3259 2539; x_wconf 76' lang='lat' dir='ltr'><strong>legibus</strong></span> <span class='ocrx_word' id='word_1_409' title='bbox 3311 2471 3536 2539; x_wconf 80' lang='lat' dir='ltr'><strong>regebat</strong></span> 
     </span>
    </p>
   </div>
   <div class='ocr_carea' id='block_1_56' title="bbox 1924 2563 3536 2643">
    <p class='ocr_par' dir='ltr' id='par_1_56' title="bbox 1924 2563 3536 2643">
     <span class='ocr_line' id='line_1_56' title="bbox 1924 2563 3536 2643; baseline -0.006 -16"><span class='ocrx_word' id='word_1_410' title='bbox 1924 2590 2144 2643; x_wconf 83' lang='lat' dir='ltr'><strong>corpus,</strong></span> <span class='ocrx_word' id='word_1_411' title='bbox 2188 2573 2281 2627; x_wconf 87' lang='lat' dir='ltr'><strong>sed</strong></span> <span class='ocrx_word' id='word_1_412' title='bbox 2329 2569 2710 2638; x_wconf 77' lang='lat' dir='ltr'><strong>spirituaiiter,</strong></span> <span class='ocrx_word' id='word_1_413' title='bbox 2759 2574 2813 2618; x_wconf 87' lang='lat' dir='ltr'><strong>et</strong></span> <span class='ocrx_word' id='word_1_414' title='bbox 2861 2582 3026 2632; x_wconf 86' lang='lat' dir='ltr'><strong>super</strong></span> <span class='ocrx_word' id='word_1_415' title='bbox 3055 2575 3354 2619; x_wconf 76' lang='lat' dir='ltr'><strong>naturam;</strong></span> <span class='ocrx_word' id='word_1_416' title='bbox 3391 2563 3536 2617; x_wconf 83' lang='lat' dir='ltr'><strong>unde</strong></span> 
     </span>
    </p>
   </div>
   <div class='ocr_carea' id='block_1_57' title="bbox 1923 2655 3537 2728">
    <p class='ocr_par' dir='ltr' id='par_1_57' title="bbox 1923 2655 3537 2728">
     <span class='ocr_line' id='line_1_57' title="bbox 1923 2655 3537 2728; baseline -0.011 -5"><span class='ocrx_word' id='word_1_417' title='bbox 1923 2669 2064 2723; x_wconf 76' lang='lat' dir='ltr'><strong>oculi</strong></span> <span class='ocrx_word' id='word_1_418' title='bbox 2088 2667 2303 2720; x_wconf 89' lang='lat' dir='ltr'><strong>illorum</strong></span> <span class='ocrx_word' id='word_1_419' title='bbox 2336 2665 2667 2716; x_wconf 73' lang='lat' dir='ltr'><strong>tenebantur</strong></span> <span class='ocrx_word' id='word_1_420' title='bbox 2699 2676 2763 2712; x_wconf 89' lang='lat' dir='ltr'><strong>ne</strong></span> <span class='ocrx_word' id='word_1_421' title='bbox 2788 2667 3151 2728; x_wconf 74' lang='lat' dir='ltr'><strong>agnoscerent</strong></span> <span class='ocrx_word' id='word_1_422' title='bbox 3184 2672 3329 2709; x_wconf 83' lang='lat' dir='ltr'><strong>enin.</strong></span> <span class='ocrx_word' id='word_1_423' title='bbox 3352 2655 3537 2721; x_wconf 85' lang='lat' dir='ltr'><strong>Quare</strong></span> 
     </span>
    </p>
   </div>
   <div class='ocr_carea' id='block_1_58' title="bbox 1925 2745 3537 2820">
    <p class='ocr_par' dir='ltr' id='par_1_58' title="bbox 1925 2745 3537 2820">
     <span class='ocr_line' id='line_1_58' title="bbox 1925 2745 3537 2820; baseline -0.008 -7"><span class='ocrx_word' id='word_1_424' title='bbox 1925 2771 2106 2814; x_wconf 88' lang='lat' dir='ltr'><strong>autem</strong></span> <span class='ocrx_word' id='word_1_425' title='bbox 2139 2759 2191 2811; x_wconf 92' lang='lat' dir='ltr'><strong>in</strong></span> <span class='ocrx_word' id='word_1_426' title='bbox 2229 2758 2396 2810; x_wconf 88' lang='lat' dir='ltr'><strong>altera</strong></span> <span class='ocrx_word' id='word_1_427' title='bbox 2429 2753 2602 2808; x_wconf 77' lang='lat' dir='ltr'><strong>forma</strong></span> <span class='ocrx_word' id='word_1_428' title='bbox 2630 2754 2907 2820; x_wconf 86' lang='lat' dir='ltr'><strong>apparuit,</strong></span> <span class='ocrx_word' id='word_1_429' title='bbox 2941 2759 2998 2804; x_wconf 90' lang='lat' dir='ltr'><strong>et</strong></span> <span class='ocrx_word' id='word_1_430' title='bbox 3033 2751 3358 2802; x_wconf 89' lang='lat' dir='ltr'><strong>tenebantur</strong></span> <span class='ocrx_word' id='word_1_431' title='bbox 3388 2745 3537 2800; x_wconf 85' lang='lat' dir='ltr'><strong>oculi</strong></span> 
     </span>
    </p>
   </div>
   <div class='ocr_carea' id='block_1_59' title="bbox 1923 2839 3539 2915">
    <p class='ocr_par' dir='ltr' id='par_1_59' title="bbox 1923 2839 3539 2915">
     <span class='ocr_line' id='line_1_59' title="bbox 1923 2839 3539 2915; baseline -0.011 -7"><span class='ocrx_word' id='word_1_432' title='bbox 1923 2853 2153 2908; x_wconf 85' lang='lat' dir='ltr'><strong>eorum?</strong></span> <span class='ocrx_word' id='word_1_433' title='bbox 2200 2849 2408 2915; x_wconf 82' lang='lat' dir='ltr'><strong>Nempe</strong></span> <span class='ocrx_word' id='word_1_434' title='bbox 2461 2857 2519 2901; x_wconf 88' lang='grc' dir='ltr'><strong>ιιι</strong></span> <span class='ocrx_word' id='word_1_435' title='bbox 2569 2846 2880 2912; x_wconf 68' lang='lat' dir='ltr'><strong>ambiguam</strong></span> <span class='ocrx_word' id='word_1_436' title='bbox 2937 2842 3267 2898; x_wconf 87' lang='lat' dir='ltr'><strong>sententiam</strong></span> <span class='ocrx_word' id='word_1_437' title='bbox 3325 2839 3539 2894; x_wconf 81' lang='lat' dir='ltr'><strong>revela-</strong></span> 
     </span>
    </p>
   </div>
   <div class='ocr_carea' id='block_1_60' title="bbox 1926 2933 3540 3010">
    <p class='ocr_par' dir='ltr' id='par_1_60' title="bbox 1926 2933 3540 3010">
     <span class='ocr_line' id='line_1_60' title="bbox 1926 2933 3540 3010; baseline -0.008 -11"><span class='ocrx_word' id='word_1_438' title='bbox 1926 2956 2070 3009; x_wconf 88' lang='lat' dir='ltr'><strong>rent,</strong></span> <span class='ocrx_word' id='word_1_439' title='bbox 2125 2953 2180 2999; x_wconf 89' lang='lat' dir='ltr'><strong>ut</strong></span> <span class='ocrx_word' id='word_1_440' title='bbox 2231 2944 2387 2996; x_wconf 81' lang='lat' dir='ltr'><strong>ulcus</strong></span> <span class='ocrx_word' id='word_1_441' title='bbox 2451 2942 2793 3010; x_wconf 73' lang='lat' dir='ltr'><strong>detegerent,</strong></span> <span class='ocrx_word' id='word_1_442' title='bbox 2855 2954 2919 2992; x_wconf 89' lang='lat' dir='ltr'><strong>ac</strong></span> <span class='ocrx_word' id='word_1_443' title='bbox 2967 2940 3324 3006; x_wconf 82' lang='lat' dir='ltr'><strong>pbarmacum</strong></span> <span class='ocrx_word' id='word_1_444' title='bbox 3365 2933 3540 2986; x_wconf 83' lang='lat' dir='ltr'><strong>susci-</strong></span> 
     </span>
    </p>
   </div>
   <div class='ocr_carea' id='block_1_61' title="bbox 1926 3013 3537 3111">
    <p class='ocr_par' dir='ltr' id='par_1_61' title="bbox 1926 3013 3537 3111">
     <span class='ocr_line' id='line_1_61' title="bbox 1926 3013 3537 3111; baseline -0.011 -16"><span class='ocrx_word' id='word_1_445' title='bbox 1926 3049 2142 3111; x_wconf 86' lang='lat' dir='ltr'><strong>perent,</strong></span> <span class='ocrx_word' id='word_1_446' title='bbox 2177 3046 2236 3090; x_wconf 91' lang='lat' dir='ltr'><strong>ut</strong></span> <span class='ocrx_word' id='word_1_447' title='bbox 2271 3036 2486 3089; x_wconf 77' lang='lat' dir='ltr'><strong>dulcior</strong></span> <span class='ocrx_word' id='word_1_448' title='bbox 2527 3035 2607 3088; x_wconf 89' lang='lat' dir='ltr'><strong>eis</strong></span> <span class='ocrx_word' id='word_1_449' title='bbox 2644 3043 2762 3101; x_wconf 83' lang='lat' dir='ltr'><strong>post</strong></span> <span class='ocrx_word' id='word_1_450' title='bbox 2818 3013 3046 3086; x_wconf 78' lang='lat' dir='ltr'><strong>inultam</strong></span> <span class='ocrx_word' id='word_1_451' title='bbox 3103 3045 3309 3083; x_wconf 88' lang='lat' dir='ltr'><strong>moram</strong></span> <span class='ocrx_word' id='word_1_452' title='bbox 3347 3031 3537 3080; x_wconf 64' lang='lat' dir='ltr'><strong>esset:</strong></span> 
     </span>
    </p>
   </div>
   <div class='ocr_carea' id='block_1_62' title="bbox 215 3120 1822 3198">
    <p class='ocr_par' dir='ltr' id='par_1_62' title="bbox 215 3120 1818 3195">
     <span class='ocr_line' id='line_1_62' title="bbox 215 3120 1818 3195; baseline 0.002 -21"><span class='ocrx_word' id='word_1_453' title='bbox 215 3120 670 3192; x_wconf 67' lang='grc' dir='ltr'>ἀνακαλύψωσιν,</span> <span class='ocrx_word' id='word_1_454' title='bbox 716 3124 803 3175; x_wconf 69' lang='grc' dir='ltr'><strong>ἵνα</strong></span> <span class='ocrx_word' id='word_1_455' title='bbox 853 3126 910 3176; x_wconf 67' lang='grc' dir='ltr'>τὸ</span> <span class='ocrx_word' id='word_1_456' title='bbox 951 3125 1108 3189; x_wconf 66' lang='grc' dir='ltr'>ἕλκος</span> <span class='ocrx_word' id='word_1_457' title='bbox 1165 3129 1662 3195; x_wconf 65' lang='grc' dir='ltr'>ἀπογυμνιξισωσιν,</span> <span class='ocrx_word' id='word_1_458' title='bbox 1718 3125 1818 3180; x_wconf 78' lang='lat' dir='ltr'><strong>eiO&#39;</strong></span> 
     </span>
    </p>
   </div>
   <div class='ocr_carea' id='block_1_63' title="bbox 1931 3120 3542 3198">
    <p class='ocr_par' dir='ltr' id='par_1_63' title="bbox 1931 3125 3542 3194">
     <span class='ocr_line' id='line_1_63' title="bbox 1931 3125 3542 3194; baseline -0.007 -8"><span class='ocrx_word' id='word_1_459' title='bbox 1931 3140 1991 3187; x_wconf 86' lang='grc' dir='ltr'><strong>ιιι</strong></span> <span class='ocrx_word' id='word_1_460' title='bbox 2015 3133 2237 3186; x_wconf 80' lang='lat' dir='ltr'><strong>doceret</strong></span> <span class='ocrx_word' id='word_1_461' title='bbox 2279 3144 2346 3184; x_wconf 84' lang='lat' dir='ltr'><strong>ex</strong></span> <span class='ocrx_word' id='word_1_462' title='bbox 2380 3127 2528 3180; x_wconf 83' lang='lat' dir='ltr'><strong>Mose</strong></span> <span class='ocrx_word' id='word_1_463' title='bbox 2574 3137 2629 3177; x_wconf 86' lang='lat' dir='ltr'><strong>ct</strong></span> <span class='ocrx_word' id='word_1_464' title='bbox 2677 3125 2981 3194; x_wconf 80' lang='lat' dir='ltr'><strong>prophetis,</strong></span> <span class='ocrx_word' id='word_1_465' title='bbox 3015 3139 3077 3177; x_wconf 90' lang='lat' dir='ltr'><strong>ac</strong></span> <span class='ocrx_word' id='word_1_466' title='bbox 3116 3131 3245 3176; x_wconf 91' lang='lat' dir='ltr'><strong>tunc</strong></span> <span class='ocrx_word' id='word_1_467' title='bbox 3277 3138 3542 3192; x_wconf 77' lang='lat' dir='ltr'><strong>agnosce-</strong></span> 
     </span>
    </p>
   </div>
   <div class='ocr_carea' id='block_1_64' title="bbox 224 3212 1819 3288">
    <p class='ocr_par' dir='ltr' id='par_1_64' title="bbox 224 3212 1819 3288">
     <span class='ocr_line' id='line_1_64' title="bbox 224 3212 1819 3288; baseline 0.004 -22"><span class='ocrx_word' id='word_1_468' title='bbox 224 3212 404 3277; x_wconf 75' lang='grc' dir='ltr'>οὕτως</span> <span class='ocrx_word' id='word_1_469' title='bbox 439 3214 501 3267; x_wconf 83' lang='grc' dir='ltr'>τὺ</span> <span class='ocrx_word' id='word_1_470' title='bbox 538 3217 833 3286; x_wconf 65' lang='grc' dir='ltr'>φάρμακον</span> <span class='ocrx_word' id='word_1_471' title='bbox 887 3218 1245 3283; x_wconf 76' lang='grc' dir='ltr'>ἐπιδέξιονται</span> <span class='ocrx_word' id='word_1_472' title='bbox 1274 3235 1287 3250; x_wconf 78' lang='grc' dir='ltr'><strong><em>ο</em></strong></span> <span class='ocrx_word' id='word_1_473' title='bbox 1338 3222 1425 3273; x_wconf 76' lang='grc' dir='ltr'><strong>ἵνα</strong></span> <span class='ocrx_word' id='word_1_474' title='bbox 1477 3222 1685 3288; x_wconf 82' lang='grc' dir='ltr'>γλυκὺς</span> <span class='ocrx_word' id='word_1_475' title='bbox 1719 3222 1819 3275; x_wconf 80' lang='grc' dir='ltr'>αύ-</span> 
     </span>
    </p>
   </div>
   <div class='ocr_carea' id='block_1_65' title="bbox 221 3311 1824 3388">
    <p class='ocr_par' dir='ltr' id='par_1_65' title="bbox 221 3311 1824 3388">
     <span class='ocr_line' id='line_1_65' title="bbox 221 3311 1824 3388; baseline 0.005 -26"><span class='ocrx_word' id='word_1_476' title='bbox 221 3313 342 3373; x_wconf 83' lang='grc' dir='ltr'>τοῖς</span> <span class='ocrx_word' id='word_1_477' title='bbox 377 3312 517 3380; x_wconf 80' lang='grc' dir='ltr'>φανῇ</span> <span class='ocrx_word' id='word_1_478' title='bbox 555 3313 694 3378; x_wconf 84' lang='grc' dir='ltr'>μετὰ</span> <span class='ocrx_word' id='word_1_479' title='bbox 729 3311 828 3383; x_wconf 83' lang='grc' dir='ltr'>τὴν</span> <span class='ocrx_word' id='word_1_480' title='bbox 864 3313 1065 3384; x_wconf 78' lang='grc' dir='ltr'>πολλὴν</span> <span class='ocrx_word' id='word_1_481' title='bbox 1109 3315 1305 3385; x_wconf 80' lang='grc' dir='ltr'>τριϐήν</span> <span class='ocrx_word' id='word_1_482' title='bbox 1334 3333 1344 3345; x_wconf 89' lang='grc'><strong>·</strong></span> <span class='ocrx_word' id='word_1_483' title='bbox 1381 3317 1469 3370; x_wconf 82' lang='grc' dir='ltr'><strong>ἵνα</strong></span> <span class='ocrx_word' id='word_1_484' title='bbox 1495 3317 1683 3388; x_wconf 75' lang='grc' dir='ltr'>διδάξῃ</span> <span class='ocrx_word' id='word_1_485' title='bbox 1717 3317 1824 3370; x_wconf 70' lang='grc' dir='ltr'><strong>ἀπὸ</strong></span> 
     </span>
    </p>
   </div>
   <div class='ocr_carea' id='block_1_66' title="bbox 221 3400 1818 3481">
    <p class='ocr_par' dir='ltr' id='par_1_66' title="bbox 221 3400 1818 3481">
     <span class='ocr_line' id='line_1_66' title="bbox 221 3400 1818 3481; baseline 0.004 -25"><span class='ocrx_word' id='word_1_486' title='bbox 221 3400 470 3465; x_wconf 75' lang='grc' dir='ltr'>Μωσέως</span> <span class='ocrx_word' id='word_1_487' title='bbox 525 3406 618 3457; x_wconf 73' lang='grc' dir='ltr'>καὶ</span> <span class='ocrx_word' id='word_1_488' title='bbox 667 3405 776 3456; x_wconf 86' lang='grc' dir='ltr'><strong>τῶν</strong></span> <span class='ocrx_word' id='word_1_489' title='bbox 823 3407 1140 3477; x_wconf 68' lang='grc' dir='ltr'>προφητῶν,</span> <span class='ocrx_word' id='word_1_490' title='bbox 1194 3410 1289 3462; x_wconf 66' lang='grc' dir='ltr'><strong>καὶ⁵</strong></span> <span class='ocrx_word' id='word_1_491' title='bbox 1319 3409 1440 3463; x_wconf 84' lang='grc' dir='ltr'>τότε</span> <span class='ocrx_word' id='word_1_492' title='bbox 1475 3412 1818 3481; x_wconf 64' lang='grc' dir='ltr'>ἐπιγνωσθῇ,</span> 
     </span>
    </p>
   </div>
   <div class='ocr_carea' id='block_1_67' title="bbox 220 3495 1824 3572">
    <p class='ocr_par' dir='ltr' id='par_1_67' title="bbox 220 3495 1824 3572">
     <span class='ocr_line' id='line_1_67' title="bbox 220 3495 1824 3572; baseline 0.005 -25"><span class='ocrx_word' id='word_1_493' title='bbox 220 3496 324 3547; x_wconf 67' lang='grc' dir='ltr'>καὶ</span> <span class='ocrx_word' id='word_1_494' title='bbox 358 3495 558 3563; x_wconf 82' lang='grc' dir='ltr'>μᾶλλον</span> <span class='ocrx_word' id='word_1_495' title='bbox 589 3495 983 3564; x_wconf 75' lang='grc' dir='ltr'>πιστεύσωσιν,</span> <span class='ocrx_word' id='word_1_496' title='bbox 1018 3501 1100 3552; x_wconf 80' lang='grc' dir='ltr'><strong>ὅτι</strong></span> <span class='ocrx_word' id='word_1_497' title='bbox 1131 3501 1234 3554; x_wconf 78' lang='grc' dir='ltr'><strong>οὐκ</strong></span> <span class='ocrx_word' id='word_1_498' title='bbox 1263 3501 1342 3555; x_wconf 82' lang='grc' dir='ltr'>ἔτι</span> <span class='ocrx_word' id='word_1_499' title='bbox 1373 3504 1433 3554; x_wconf 76' lang='grc' dir='ltr'>τὸ</span> <span class='ocrx_word' id='word_1_500' title='bbox 1463 3501 1622 3572; x_wconf 90' lang='grc' dir='ltr'>σῶμα</span> <span class='ocrx_word' id='word_1_501' title='bbox 1655 3504 1824 3556; x_wconf 80' lang='grc' dir='ltr'>αὑτοῦ</span> 
     </span>
    </p>
   </div>
   <div class='ocr_carea' id='block_1_68' title="bbox 221 3585 1823 3666">
    <p class='ocr_par' dir='ltr' id='par_1_68' title="bbox 221 3585 1823 3666">
     <span class='ocr_line' id='line_1_68' title="bbox 221 3585 1823 3666; baseline 0.007 -28"><span class='ocrx_word' id='word_1_502' title='bbox 221 3587 470 3640; x_wconf 84' lang='grc' dir='ltr'>τοιοῦτόν</span> <span class='ocrx_word' id='word_1_503' title='bbox 521 3589 693 3654; x_wconf 80' lang='grc' dir='ltr'>ἐστιν,</span> <span class='ocrx_word' id='word_1_504' title='bbox 752 3585 864 3641; x_wconf 75' lang='grc' dir='ltr'>οἷον</span> <span class='ocrx_word' id='word_1_505' title='bbox 902 3593 1090 3655; x_wconf 79' lang='grc' dir='ltr'>ἁπλῶς</span> <span class='ocrx_word' id='word_1_506' title='bbox 1145 3597 1278 3647; x_wconf 84' lang='grc' dir='ltr'>πᾶσι</span> <span class='ocrx_word' id='word_1_507' title='bbox 1327 3595 1606 3666; x_wconf 74' lang='grc' dir='ltr'>Θεωρητδν</span> <span class='ocrx_word' id='word_1_508' title='bbox 1634 3591 1776 3649; x_wconf 79' lang='grc' dir='ltr'>εἶναι</span> <span class='ocrx_word' id='word_1_509' title='bbox 1809 3639 1823 3663; x_wconf 90' lang='grc'><strong>,</strong></span> 
     </span>
    </p>
   </div>
   <div class='ocr_carea' id='block_1_69' title="bbox 221 3678 1827 3759">
    <p class='ocr_par' dir='ltr' id='par_1_69' title="bbox 221 3678 1827 3759">
     <span class='ocr_line' id='line_1_69' title="bbox 221 3678 1827 3759; baseline 0.006 -26"><span class='ocrx_word' id='word_1_510' title='bbox 221 3678 346 3733; x_wconf 82' lang='grc' dir='ltr'>ἀλλ’</span> <span class='ocrx_word' id='word_1_511' title='bbox 389 3681 436 3732; x_wconf 87' lang='grc' dir='ltr'><strong>εί</strong></span> <span class='ocrx_word' id='word_1_512' title='bbox 469 3681 560 3732; x_wconf 76' lang='grc' dir='ltr'><strong>καὶ</strong></span> <span class='ocrx_word' id='word_1_513' title='bbox 589 3681 725 3734; x_wconf 80' lang='grc' dir='ltr'>αὐτὸ</span> <span class='ocrx_word' id='word_1_514' title='bbox 764 3683 824 3733; x_wconf 80' lang='grc' dir='ltr'>τὸ</span> <span class='ocrx_word' id='word_1_515' title='bbox 875 3684 1047 3736; x_wconf 72' lang='grc' dir='ltr'>παθὸν</span> <span class='ocrx_word' id='word_1_516' title='bbox 1078 3686 1303 3755; x_wconf 81' lang='grc' dir='ltr'>ἀνέστη,</span> <span class='ocrx_word' id='word_1_517' title='bbox 1335 3687 1484 3756; x_wconf 75' lang='grc' dir='ltr'>ὅμως</span> <span class='ocrx_word' id='word_1_518' title='bbox 1515 3685 1593 3751; x_wconf 77' lang='grc' dir='ltr'>οἷς</span> <span class='ocrx_word' id='word_1_519' title='bbox 1642 3689 1827 3759; x_wconf 78' lang='grc' dir='ltr'>βούλε-</span> 
     </span>
    </p>
   </div>
   <div class='ocr_carea' id='block_1_70' title="bbox 225 3773 1828 3849">
    <p class='ocr_par' dir='ltr' id='par_1_70' title="bbox 225 3773 1828 3849">
     <span class='ocr_line' id='line_1_70' title="bbox 225 3773 1828 3849; baseline 0.006 -23"><span class='ocrx_word' id='word_1_520' title='bbox 225 3789 322 3826; x_wconf 85' lang='grc' dir='ltr'><strong>ται</strong></span> <span class='ocrx_word' id='word_1_521' title='bbox 355 3773 608 3841; x_wconf 82' lang='grc' dir='ltr'>φαίνεται</span> <span class='ocrx_word' id='word_1_522' title='bbox 637 3793 650 3806; x_wconf 77' lang='grc' dir='ltr'><strong><em>ο</em></strong></span> <span class='ocrx_word' id='word_1_523' title='bbox 687 3775 992 3844; x_wconf 77' lang='grc' dir='ltr'>κερδάνωσί</span> <span class='ocrx_word' id='word_1_524' title='bbox 1026 3795 1085 3830; x_wconf 85' lang='grc' dir='ltr'><strong>τε</strong></span> <span class='ocrx_word' id='word_1_525' title='bbox 1122 3779 1184 3830; x_wconf 80' lang='grc' dir='ltr'>ἐκ</span> <span class='ocrx_word' id='word_1_526' title='bbox 1232 3779 1425 3832; x_wconf 84' lang='grc' dir='ltr'>τούτου</span> <span class='ocrx_word' id='word_1_527' title='bbox 1467 3781 1611 3849; x_wconf 81' lang='grc' dir='ltr'>μέγα</span> <span class='ocrx_word' id='word_1_528' title='bbox 1647 3801 1719 3848; x_wconf 86' lang='grc' dir='ltr'><strong>τι,</strong></span> <span class='ocrx_word' id='word_1_529' title='bbox 1765 3783 1828 3835; x_wconf 76' lang='grc' dir='ltr'><strong>τὸ</strong></span> 
     </span>
    </p>
   </div>
   <div class='ocr_carea' id='block_1_71' title="bbox 232 3866 1826 3944">
    <p class='ocr_par' dir='ltr' id='par_1_71' title="bbox 232 3866 1826 3944">
     <span class='ocr_line' id='line_1_71' title="bbox 232 3866 1826 3944; baseline 0.008 -28"><span class='ocrx_word' id='word_1_530' title='bbox 232 3868 439 3935; x_wconf 81' lang='grc' dir='ltr'>μηκέτι</span> <span class='ocrx_word' id='word_1_531' title='bbox 473 3866 876 3938; x_wconf 77' lang='grc' dir='ltr'>διαπορεῖσθαι,</span> <span class='ocrx_word' id='word_1_532' title='bbox 925 3873 1070 3932; x_wconf 85' lang='grc' dir='ltr'>τίνος</span> <span class='ocrx_word' id='word_1_533' title='bbox 1109 3872 1296 3924; x_wconf 78' lang='grc' dir='ltr'>ἕνεκεν</span> <span class='ocrx_word' id='word_1_534' title='bbox 1325 3874 1386 3926; x_wconf 75' lang='grc' dir='ltr'><strong>οὐ</strong></span> <span class='ocrx_word' id='word_1_535' title='bbox 1436 3875 1599 3927; x_wconf 82' lang='grc' dir='ltr'>πάλιν</span> <span class='ocrx_word' id='word_1_536' title='bbox 1634 3878 1693 3928; x_wconf 78' lang='grc' dir='ltr'><strong>ἐν</strong></span> <span class='ocrx_word' id='word_1_537' title='bbox 1728 3877 1826 3944; x_wconf 86' lang='grc' dir='ltr'>μέ-</span> 
     </span>
    </p>
   </div>
   <div class='ocr_carea' id='block_1_72' title="bbox 230 3958 1823 4038">
    <p class='ocr_par' dir='ltr' id='par_1_72' title="bbox 230 3958 1823 4038">
     <span class='ocr_line' id='line_1_72' title="bbox 230 3958 1823 4038; baseline 0.007 -28"><span class='ocrx_word' id='word_1_538' title='bbox 230 3972 350 4019; x_wconf 86' lang='grc' dir='ltr'>σοις</span> <span class='ocrx_word' id='word_1_539' title='bbox 380 3959 491 4020; x_wconf 81' lang='grc' dir='ltr'>τοῖς</span> <span class='ocrx_word' id='word_1_540' title='bbox 541 3958 737 4025; x_wconf 81' lang='grc' dir='ltr'>δήμοις</span> <span class='ocrx_word' id='word_1_541' title='bbox 789 3961 1220 4032; x_wconf 75' lang='grc' dir='ltr'>ἀναστρέφεται,</span> <span class='ocrx_word' id='word_1_542' title='bbox 1267 3964 1618 4036; x_wconf 75' lang='grc' dir='ltr'>λογιζόμενοι</span> <span class='ocrx_word' id='word_1_543' title='bbox 1662 3969 1742 4020; x_wconf 72' lang='grc' dir='ltr'>ὅτι</span> <span class='ocrx_word' id='word_1_544' title='bbox 1792 3970 1823 4038; x_wconf 84' lang='grc' dir='ltr'>ὴ</span> 
     </span>
    </p>
   </div>
   <div class='ocr_carea' id='block_1_73' title="bbox 230 4051 1826 4130">
    <p class='ocr_par' dir='ltr' id='par_1_73' title="bbox 230 4051 1826 4130">
     <span class='ocr_line' id='line_1_73' title="bbox 230 4051 1826 4130; baseline 0.006 -27"><span class='ocrx_word' id='word_1_545' title='bbox 230 4051 374 4121; x_wconf 78' lang='grc' dir='ltr'>μετὰ</span> <span class='ocrx_word' id='word_1_546' title='bbox 398 4051 496 4122; x_wconf 76' lang='grc' dir='ltr'>τὴν</span> <span class='ocrx_word' id='word_1_547' title='bbox 526 4053 826 4106; x_wconf 84' lang='grc' dir='ltr'>ἀνάστασιν</span> <span class='ocrx_word' id='word_1_548' title='bbox 859 4055 1025 4108; x_wconf 67' lang='grc' dir='ltr'>αὐτοῦ</span> <span class='ocrx_word' id='word_1_549' title='bbox 1051 4057 1299 4128; x_wconf 78' lang='grc' dir='ltr'>διαγωγὴ</span> <span class='ocrx_word' id='word_1_550' title='bbox 1332 4059 1651 4130; x_wconf 79' lang='grc' dir='ltr'>ἀλλοιοτέρα</span> <span class='ocrx_word' id='word_1_551' title='bbox 1687 4063 1826 4128; x_wconf 77' lang='grc' dir='ltr'>ἐστὶ,</span> 
     </span>
    </p>
   </div>
   <div class='ocr_carea' id='block_1_74' title="bbox 229 4144 1828 4224">
    <p class='ocr_par' dir='ltr' id='par_1_74' title="bbox 229 4144 1828 4224">
     <span class='ocr_line' id='line_1_74' title="bbox 229 4144 1828 4224; baseline 0.006 -27"><span class='ocrx_word' id='word_1_552' title='bbox 229 4145 331 4198; x_wconf 76' lang='grc' dir='ltr'><strong>καὶ</strong></span> <span class='ocrx_word' id='word_1_553' title='bbox 359 4145 421 4199; x_wconf 84' lang='grc' dir='ltr'><strong>ού</strong></span> <span class='ocrx_word' id='word_1_554' title='bbox 453 4144 630 4216; x_wconf 83' lang='grc' dir='ltr'>κοινὴ,</span> <span class='ocrx_word' id='word_1_555' title='bbox 668 4147 789 4198; x_wconf 68' lang='grc' dir='ltr'>οὐδὲ</span> <span class='ocrx_word' id='word_1_556' title='bbox 827 4147 1331 4219; x_wconf 72' lang='grc' dir='ltr'>ἁνθρωποττρεπὴς,</span> <span class='ocrx_word' id='word_1_557' title='bbox 1368 4153 1506 4205; x_wconf 68' lang='grc' dir='ltr'>ἀλλὰ</span> <span class='ocrx_word' id='word_1_558' title='bbox 1535 4153 1784 4224; x_wconf 80' lang='grc' dir='ltr'>θειοτέρα</span> <span class='ocrx_word' id='word_1_559' title='bbox 1813 4172 1828 4186; x_wconf 86' lang='grc'><strong>·</strong></span> 
     </span>
    </p>
   </div>
   <div class='ocr_carea' id='block_1_75' title="bbox 226 4237 1830 4319">
    <p class='ocr_par' dir='ltr' id='par_1_75' title="bbox 226 4237 1830 4319">
     <span class='ocr_line' id='line_1_75' title="bbox 226 4237 1830 4319; baseline 0.006 -29"><span class='ocrx_word' id='word_1_560' title='bbox 226 4237 258 4290; x_wconf 82' lang='grc' dir='ltr'>ὃ</span> <span class='ocrx_word' id='word_1_561' title='bbox 303 4239 397 4290; x_wconf 73' lang='grc' dir='ltr'><strong>καὶ</strong></span> <span class='ocrx_word' id='word_1_562' title='bbox 439 4238 543 4306; x_wconf 76' lang='grc' dir='ltr'>τῆς</span> <span class='ocrx_word' id='word_1_563' title='bbox 588 4239 894 4307; x_wconf 79' lang='grc' dir='ltr'>μελλούσης</span> <span class='ocrx_word' id='word_1_564' title='bbox 937 4243 1289 4306; x_wconf 68' lang='grc' dir='ltr'>ἀναστάσεως</span> <span class='ocrx_word' id='word_1_565' title='bbox 1324 4245 1513 4311; x_wconf 82' lang='grc' dir='ltr'>τύπος,</span> <span class='ocrx_word' id='word_1_566' title='bbox 1562 4249 1619 4300; x_wconf 83' lang='grc' dir='ltr'><strong>ἐν</strong></span> <span class='ocrx_word' id='word_1_567' title='bbox 1754 4248 1830 4312; x_wconf 72' lang='grc' dir='ltr'>ὡς</span> 
     </span>
    </p>
   </div>
   <div class='ocr_carea' id='block_1_76' title="bbox 229 4324 1830 4396">
    <p class='ocr_par' dir='ltr' id='par_1_76' title="bbox 229 4324 1830 4396">
     <span class='ocr_line' id='line_1_76' title="bbox 229 4324 1830 4396; baseline 0.007 -16"><span class='ocrx_word' id='word_1_568' title='bbox 229 4324 456 4393; x_wconf 71' lang='grc' dir='ltr'>ἄγγελοι</span> <span class='ocrx_word' id='word_1_569' title='bbox 490 4327 746 4396; x_wconf 71' lang='grc' dir='ltr'>διάξομεν</span> <span class='ocrx_word' id='word_1_570' title='bbox 800 4332 893 4382; x_wconf 70' lang='grc' dir='ltr'>καὶ</span> <span class='ocrx_word' id='word_1_571' title='bbox 921 4333 1027 4383; x_wconf 74' lang='grc' dir='ltr'>υἱοὶ</span> <span class='ocrx_word' id='word_1_572' title='bbox 1078 4333 1235 4386; x_wconf 77' lang='grc' dir='ltr'>Θεοῦ.</span> <span class='ocrx_word' id='word_1_573' title='bbox 1279 4337 1378 4389; x_wconf 70' lang='grc' dir='ltr'><strong>Διὰ</strong></span> <span class='ocrx_word' id='word_1_574' title='bbox 1423 4337 1599 4390; x_wconf 64' lang='grc' dir='ltr'>ταῦτα</span> <span class='ocrx_word' id='word_1_575' title='bbox 1647 4340 1830 4390; x_wconf 86' lang='grc' dir='ltr'>τοίνυν</span> 
     </span>
    </p>
   </div>
   <div class='ocr_carea' id='block_1_77' title="bbox 232 4416 1831 4497">
    <p class='ocr_par' dir='ltr' id='par_1_77' title="bbox 232 4416 1831 4497">
     <span class='ocr_line' id='line_1_77' title="bbox 232 4416 1831 4497; baseline 0.008 -27"><span class='ocrx_word' id='word_1_576' title='bbox 232 4416 571 4486; x_wconf 73' lang='grc' dir='ltr'>ἐκρατοῦντο</span> <span class='ocrx_word' id='word_1_577' title='bbox 606 4421 655 4471; x_wconf 89' lang='grc' dir='ltr'>οἱ</span> <span class='ocrx_word' id='word_1_578' title='bbox 700 4419 969 4490; x_wconf 75' lang='grc' dir='ltr'>ὀφθαλμοὶ</span> <span class='ocrx_word' id='word_1_579' title='bbox 1018 4425 1222 4489; x_wconf 78' lang='grc' dir='ltr'>αὐτῶν,</span> <span class='ocrx_word' id='word_1_580' title='bbox 1272 4427 1366 4478; x_wconf 90' lang='grc' dir='ltr'><strong>τοῦ</strong></span> <span class='ocrx_word' id='word_1_581' title='bbox 1419 4428 1492 4497; x_wconf 76' lang='grc' dir='ltr'>μὴ</span> <span class='ocrx_word' id='word_1_582' title='bbox 1530 4429 1831 4495; x_wconf 73' lang='grc' dir='ltr'>ἐπιγνῶναι</span> 
     </span>
    </p>
   </div>
   <div class='ocr_carea' id='block_1_78' title="bbox 1936 3215 3540 3293">
    <p class='ocr_par' dir='ltr' id='par_1_78' title="bbox 1936 3215 3540 3293">
     <span class='ocr_line' id='line_1_78' title="bbox 1936 3215 3540 3293; baseline -0.007 -12"><span class='ocrx_word' id='word_1_583' title='bbox 1936 3237 2106 3291; x_wconf 82' lang='lat' dir='ltr'><strong>retur,</strong></span> <span class='ocrx_word' id='word_1_584' title='bbox 2137 3235 2190 3279; x_wconf 92' lang='lat' dir='ltr'><strong>et</strong></span> <span class='ocrx_word' id='word_1_585' title='bbox 2223 3222 2394 3293; x_wconf 81' lang='lat' dir='ltr'><strong>magis</strong></span> <span class='ocrx_word' id='word_1_586' title='bbox 2421 3218 2653 3275; x_wconf 83' lang='lat' dir='ltr'><strong>credant</strong></span> <span class='ocrx_word' id='word_1_587' title='bbox 2687 3220 2826 3284; x_wconf 89' lang='lat' dir='ltr'><strong>quod</strong></span> <span class='ocrx_word' id='word_1_588' title='bbox 2859 3232 3060 3286; x_wconf 89' lang='lat' dir='ltr'><strong>corpus</strong></span> <span class='ocrx_word' id='word_1_589' title='bbox 3082 3231 3241 3269; x_wconf 84' lang='lat' dir='ltr'><strong>suum</strong></span> <span class='ocrx_word' id='word_1_590' title='bbox 3263 3215 3404 3269; x_wconf 89' lang='lat' dir='ltr'><strong>ultra</strong></span> <span class='ocrx_word' id='word_1_591' title='bbox 3437 3230 3540 3269; x_wconf 90' lang='lat' dir='ltr'><strong>non</strong></span> 
     </span>
    </p>
   </div>
   <div class='ocr_carea' id='block_1_79' title="bbox 1933 3307 3540 3384">
    <p class='ocr_par' dir='ltr' id='par_1_79' title="bbox 1933 3307 3540 3384">
     <span class='ocr_line' id='line_1_79' title="bbox 1933 3307 3540 3384; baseline -0.008 -11"><span class='ocrx_word' id='word_1_592' title='bbox 1933 3321 2007 3373; x_wconf 83' lang='lat' dir='ltr'><strong>sit</strong></span> <span class='ocrx_word' id='word_1_593' title='bbox 2064 3320 2168 3373; x_wconf 85' lang='lat' dir='ltr'><strong>tale</strong></span> <span class='ocrx_word' id='word_1_594' title='bbox 2228 3326 2286 3370; x_wconf 93' lang='lat' dir='ltr'><strong>ut</strong></span> <span class='ocrx_word' id='word_1_595' title='bbox 2329 3314 2658 3384; x_wconf 83' lang='lat' dir='ltr'><strong>simpliciter</strong></span> <span class='ocrx_word' id='word_1_596' title='bbox 2694 3312 2868 3379; x_wconf 73' lang='lat' dir='ltr'><strong>possit</strong></span> <span class='ocrx_word' id='word_1_597' title='bbox 2928 3312 2995 3364; x_wconf 89' lang='lat' dir='ltr'><strong>ab</strong></span> <span class='ocrx_word' id='word_1_598' title='bbox 3044 3309 3301 3364; x_wconf 69' lang='lat' dir='ltr'><strong>oirnilina</strong></span> <span class='ocrx_word' id='word_1_599' title='bbox 3344 3307 3540 3361; x_wconf 65' lang='lat' dir='ltr'><strong>videri.</strong></span> 
     </span>
    </p>
   </div>
   <div class='ocr_carea' id='block_1_80' title="bbox 1935 3402 3540 3480">
    <p class='ocr_par' dir='ltr' id='par_1_80' title="bbox 1935 3402 3540 3480">
     <span class='ocr_line' id='line_1_80' title="bbox 1935 3402 3540 3480; baseline -0.007 -13"><span class='ocrx_word' id='word_1_600' title='bbox 1935 3413 2199 3480; x_wconf 79' lang='lat' dir='ltr'><strong>Quamvis</strong></span> <span class='ocrx_word' id='word_1_601' title='bbox 2235 3412 2366 3466; x_wconf 91' lang='lat' dir='ltr'><strong>illud</strong></span> <span class='ocrx_word' id='word_1_602' title='bbox 2417 3411 2589 3479; x_wconf 89' lang='lat' dir='ltr'><strong>ipsum</strong></span> <span class='ocrx_word' id='word_1_603' title='bbox 2620 3409 2762 3477; x_wconf 89' lang='lat' dir='ltr'><strong>quod</strong></span> <span class='ocrx_word' id='word_1_604' title='bbox 2793 3422 3015 3478; x_wconf 76' lang='lat' dir='ltr'><strong>passum</strong></span> <span class='ocrx_word' id='word_1_605' title='bbox 3053 3414 3158 3468; x_wconf 89' lang='lat' dir='ltr'><strong>est,</strong></span> <span class='ocrx_word' id='word_1_606' title='bbox 3191 3402 3496 3459; x_wconf 72' lang='lat' dir='ltr'><strong>surrexerit</strong></span> <span class='ocrx_word' id='word_1_607' title='bbox 3525 3419 3540 3456; x_wconf 89' lang='lat'><strong>:</strong></span> 
     </span>
    </p>
   </div>
   <div class='ocr_carea' id='block_1_81' title="bbox 1937 3498 3543 3574">
    <p class='ocr_par' dir='ltr' id='par_1_81' title="bbox 1937 3498 3543 3574">
     <span class='ocr_line' id='line_1_81' title="bbox 1937 3498 3543 3574; baseline -0.01 -12"><span class='ocrx_word' id='word_1_608' title='bbox 1937 3519 2178 3562; x_wconf 84' lang='lat' dir='ltr'><strong>attamen</strong></span> <span class='ocrx_word' id='word_1_609' title='bbox 2241 3505 2439 3574; x_wconf 88' lang='lat' dir='ltr'><strong>quibus</strong></span> <span class='ocrx_word' id='word_1_610' title='bbox 2507 3503 2643 3564; x_wconf 85' lang='lat' dir='ltr'><strong>vult,</strong></span> <span class='ocrx_word' id='word_1_611' title='bbox 2711 3508 2958 3568; x_wconf 78' lang='lat' dir='ltr'><strong>apparet.</strong></span> <span class='ocrx_word' id='word_1_612' title='bbox 3029 3498 3282 3569; x_wconf 77' lang='lat' dir='ltr'><strong>Magnum</strong></span> <span class='ocrx_word' id='word_1_613' title='bbox 3361 3508 3543 3550; x_wconf 85' lang='lat' dir='ltr'><strong>autem</strong></span> 
     </span>
    </p>
   </div>
   <div class='ocr_carea' id='block_1_82' title="bbox 1938 3589 3548 3671">
    <p class='ocr_par' dir='ltr' id='par_1_82' title="bbox 1938 3589 3548 3671">
     <span class='ocr_line' id='line_1_82' title="bbox 1938 3589 3548 3671; baseline -0.008 -17"><span class='ocrx_word' id='word_1_614' title='bbox 1938 3600 2198 3671; x_wconf 84' lang='lat' dir='ltr'><strong>quiddam</strong></span> <span class='ocrx_word' id='word_1_615' title='bbox 2229 3614 2294 3653; x_wconf 86' lang='lat' dir='ltr'><strong>ex</strong></span> <span class='ocrx_word' id='word_1_616' title='bbox 2339 3597 2440 3651; x_wconf 90' lang='lat' dir='ltr'><strong>hoc</strong></span> <span class='ocrx_word' id='word_1_617' title='bbox 2473 3593 2846 3656; x_wconf 79' lang='lat' dir='ltr'><strong>lucrifaciant,</strong></span> <span class='ocrx_word' id='word_1_618' title='bbox 2880 3594 3022 3659; x_wconf 90' lang='lat' dir='ltr'><strong>quod</strong></span> <span class='ocrx_word' id='word_1_619' title='bbox 3060 3609 3166 3644; x_wconf 94' lang='lat' dir='ltr'><strong>non</strong></span> <span class='ocrx_word' id='word_1_620' title='bbox 3206 3590 3348 3643; x_wconf 90' lang='lat' dir='ltr'><strong>ultra</strong></span> <span class='ocrx_word' id='word_1_621' title='bbox 3386 3589 3548 3644; x_wconf 90' lang='lat' dir='ltr'><strong>dubi-</strong></span> 
     </span>
    </p>
   </div>
   <div class='ocr_carea' id='block_1_83' title="bbox 1940 3684 3544 3761">
    <p class='ocr_par' dir='ltr' id='par_1_83' title="bbox 1940 3684 3544 3761">
     <span class='ocr_line' id='line_1_83' title="bbox 1940 3684 3544 3761; baseline -0.009 -13"><span class='ocrx_word' id='word_1_622' title='bbox 1940 3704 2077 3758; x_wconf 89' lang='lat' dir='ltr'><strong>tant,</strong></span> <span class='ocrx_word' id='word_1_623' title='bbox 2111 3706 2283 3761; x_wconf 77' lang='lat' dir='ltr'><strong>quare</strong></span> <span class='ocrx_word' id='word_1_624' title='bbox 2315 3706 2421 3742; x_wconf 91' lang='lat' dir='ltr'><strong>non</strong></span> <span class='ocrx_word' id='word_1_625' title='bbox 2453 3689 2652 3741; x_wconf 89' lang='lat' dir='ltr'><strong>iterum</strong></span> <span class='ocrx_word' id='word_1_626' title='bbox 2691 3687 2744 3739; x_wconf 90' lang='lat' dir='ltr'><strong>in</strong></span> <span class='ocrx_word' id='word_1_627' title='bbox 2792 3686 2989 3740; x_wconf 87' lang='lat' dir='ltr'><strong>mediis</strong></span> <span class='ocrx_word' id='word_1_628' title='bbox 3019 3684 3236 3755; x_wconf 90' lang='lat' dir='ltr'><strong>populis</strong></span> <span class='ocrx_word' id='word_1_629' title='bbox 3269 3692 3544 3745; x_wconf 82' lang='lat' dir='ltr'><strong>versetur,</strong></span> 
     </span>
    </p>
   </div>
   <div class='ocr_carea' id='block_1_84' title="bbox 1938 3776 3542 3849">
    <p class='ocr_par' dir='ltr' id='par_1_84' title="bbox 1938 3776 3542 3849">
     <span class='ocr_line' id='line_1_84' title="bbox 1938 3776 3542 3849; baseline -0.008 -10"><span class='ocrx_word' id='word_1_630' title='bbox 1938 3785 2354 3839; x_wconf 74' lang='lat' dir='ltr'><strong>considerantes</strong></span> <span class='ocrx_word' id='word_1_631' title='bbox 2377 3782 2521 3849; x_wconf 87' lang='lat' dir='ltr'><strong>quod</strong></span> <span class='ocrx_word' id='word_1_632' title='bbox 2539 3778 2890 3833; x_wconf 88' lang='lat' dir='ltr'><strong>conversatio</strong></span> <span class='ocrx_word' id='word_1_633' title='bbox 2916 3786 3037 3846; x_wconf 82' lang='lat' dir='ltr'><strong>post</strong></span> <span class='ocrx_word' id='word_1_634' title='bbox 3067 3776 3542 3829; x_wconf 79' lang='lat' dir='ltr'><strong>resurrectionem</strong></span> 
     </span>
    </p>
   </div>
   <div class='ocr_carea' id='block_1_85' title="bbox 1939 3866 3546 3942">
    <p class='ocr_par' dir='ltr' id='par_1_85' title="bbox 1939 3866 3546 3942">
     <span class='ocr_line' id='line_1_85' title="bbox 1939 3866 3546 3942; baseline -0.007 -11"><span class='ocrx_word' id='word_1_635' title='bbox 1939 3892 2096 3931; x_wconf 80' lang='lat' dir='ltr'><strong>suam</strong></span> <span class='ocrx_word' id='word_1_636' title='bbox 2133 3875 2294 3942; x_wconf 74' lang='lat' dir='ltr'><strong>longe</strong></span> <span class='ocrx_word' id='word_1_637' title='bbox 2323 3873 2426 3926; x_wconf 85' lang='lat' dir='ltr'><strong>alia</strong></span> <span class='ocrx_word' id='word_1_638' title='bbox 2463 3873 2555 3934; x_wconf 86' lang='lat' dir='ltr'><strong>sit,</strong></span> <span class='ocrx_word' id='word_1_639' title='bbox 2600 3883 2652 3924; x_wconf 86' lang='lat' dir='ltr'><strong>et</strong></span> <span class='ocrx_word' id='word_1_640' title='bbox 2691 3887 2796 3922; x_wconf 91' lang='lat' dir='ltr'><strong>non</strong></span> <span class='ocrx_word' id='word_1_641' title='bbox 2834 3869 3182 3923; x_wconf 86' lang='lat' dir='ltr'><strong>communis:</strong></span> <span class='ocrx_word' id='word_1_642' title='bbox 3224 3882 3328 3920; x_wconf 89' lang='lat' dir='ltr'><strong>n0n</strong></span> <span class='ocrx_word' id='word_1_643' title='bbox 3362 3866 3546 3934; x_wconf 80' lang='lat' dir='ltr'><strong>qualis</strong></span> 
     </span>
    </p>
   </div>
   <div class='ocr_carea' id='block_1_86' title="bbox 1943 3961 3548 4032">
    <p class='ocr_par' dir='ltr' id='par_1_86' title="bbox 1943 3961 3548 4032">
     <span class='ocr_line' id='line_1_86' title="bbox 1943 3961 3548 4032; baseline -0.007 -11"><span class='ocrx_word' id='word_1_644' title='bbox 1943 3968 2252 4027; x_wconf 80' lang='lat' dir='ltr'><strong>hominum,</strong></span> <span class='ocrx_word' id='word_1_645' title='bbox 2299 3967 2392 4019; x_wconf 77' lang='lat' dir='ltr'><strong>sed</strong></span> <span class='ocrx_word' id='word_1_646' title='bbox 2429 3964 2686 4029; x_wconf 82' lang='lat' dir='ltr'><strong>divinior,</strong></span> <span class='ocrx_word' id='word_1_647' title='bbox 2726 3964 2779 4017; x_wconf 91' lang='lat' dir='ltr'><strong>in</strong></span> <span class='ocrx_word' id='word_1_648' title='bbox 2827 3972 3013 4032; x_wconf 87' lang='lat' dir='ltr'><strong>typum</strong></span> <span class='ocrx_word' id='word_1_649' title='bbox 3055 3961 3254 4015; x_wconf 60' lang='lat' dir='ltr'><strong>futurae</strong></span> <span class='ocrx_word' id='word_1_650' title='bbox 3295 3975 3548 4014; x_wconf 83' lang='lat' dir='ltr'><strong>reSurre-</strong></span> 
     </span>
    </p>
   </div>
   <div class='ocr_carea' id='block_1_87' title="bbox 1939 4051 3551 4126">
    <p class='ocr_par' dir='ltr' id='par_1_87' title="bbox 1939 4051 3551 4126">
     <span class='ocr_line' id='line_1_87' title="bbox 1939 4051 3551 4126; baseline -0.006 -11"><span class='ocrx_word' id='word_1_651' title='bbox 1939 4059 2160 4117; x_wconf 71' lang='lat' dir='ltr'><strong>ctionia.</strong></span> <span class='ocrx_word' id='word_1_652' title='bbox 2207 4061 2257 4112; x_wconf 88' lang='lat' dir='ltr'><strong>in</strong></span> <span class='ocrx_word' id='word_1_653' title='bbox 2305 4074 2411 4126; x_wconf 85' lang='lat' dir='ltr'><strong>qua</strong></span> <span class='ocrx_word' id='word_1_654' title='bbox 2467 4057 2611 4111; x_wconf 84' lang='lat' dir='ltr'><strong>sicut</strong></span> <span class='ocrx_word' id='word_1_655' title='bbox 2661 4057 2841 4125; x_wconf 71' lang='lat' dir='ltr'><strong>angeli</strong></span> <span class='ocrx_word' id='word_1_656' title='bbox 2892 4065 2950 4109; x_wconf 77' lang='lat' dir='ltr'><strong>et</strong></span> <span class='ocrx_word' id='word_1_657' title='bbox 3013 4055 3104 4107; x_wconf 83' lang='lat' dir='ltr'><strong>lilii</strong></span> <span class='ocrx_word' id='word_1_658' title='bbox 3150 4054 3245 4107; x_wconf 85' lang='lat' dir='ltr'><strong>Dei</strong></span> <span class='ocrx_word' id='word_1_659' title='bbox 3299 4051 3551 4107; x_wconf 73' lang='lat' dir='ltr'><strong>versabi-</strong></span> 
     </span>
    </p>
   </div>
   <div class='ocr_carea' id='block_1_88' title="bbox 1941 4148 3548 4222">
    <p class='ocr_par' dir='ltr' id='par_1_88' title="bbox 1941 4148 3548 4222">
     <span class='ocr_line' id='line_1_88' title="bbox 1941 4148 3548 4222; baseline -0.005 -14"><span class='ocrx_word' id='word_1_660' title='bbox 1941 4171 2083 4208; x_wconf 90' lang='lat' dir='ltr'><strong>mur.</strong></span> <span class='ocrx_word' id='word_1_661' title='bbox 2137 4152 2368 4222; x_wconf 86' lang='lat' dir='ltr'><strong>Propter</strong></span> <span class='ocrx_word' id='word_1_662' title='bbox 2411 4154 2513 4206; x_wconf 88' lang='lat' dir='ltr'><strong>boc</strong></span> <span class='ocrx_word' id='word_1_663' title='bbox 2575 4151 2742 4220; x_wconf 67' lang='lat' dir='ltr'><strong>igitur</strong></span> <span class='ocrx_word' id='word_1_664' title='bbox 2782 4151 3110 4203; x_wconf 81' lang='lat' dir='ltr'><strong>tenebantur</strong></span> <span class='ocrx_word' id='word_1_665' title='bbox 3166 4148 3308 4202; x_wconf 76' lang='lat' dir='ltr'><strong>oculi</strong></span> <span class='ocrx_word' id='word_1_666' title='bbox 3354 4163 3548 4202; x_wconf 90' lang='lat' dir='ltr'><strong>eorum</strong></span> 
     </span>
    </p>
   </div>
   <div class='ocr_carea' id='block_1_89' title="bbox 1947 4240 3550 4318">
    <p class='ocr_par' dir='ltr' id='par_1_89' title="bbox 1947 4240 3550 4318">
     <span class='ocr_line' id='line_1_89' title="bbox 1947 4240 3550 4318; baseline -0.005 -17"><span class='ocrx_word' id='word_1_667' title='bbox 1947 4263 2014 4302; x_wconf 88' lang='lat' dir='ltr'><strong>ne</strong></span> <span class='ocrx_word' id='word_1_668' title='bbox 2050 4255 2414 4318; x_wconf 80' lang='lat' dir='ltr'><strong>agnoscerent</strong></span> <span class='ocrx_word' id='word_1_669' title='bbox 2443 4261 2569 4300; x_wconf 92' lang='lat' dir='ltr'><strong>ettm</strong></span> <span class='ocrx_word' id='word_1_670' title='bbox 2605 4263 2616 4299; x_wconf 86' lang='lat'><strong>:</strong></span> <span class='ocrx_word' id='word_1_671' title='bbox 2656 4262 2682 4297; x_wconf 91' lang='lat' dir='ltr'><strong>a</strong></span> <span class='ocrx_word' id='word_1_672' title='bbox 2712 4244 2917 4314; x_wconf 86' lang='lat' dir='ltr'><strong>quibus</strong></span> <span class='ocrx_word' id='word_1_673' title='bbox 2937 4245 3085 4296; x_wconf 84' lang='lat' dir='ltr'><strong>cnim</strong></span> <span class='ocrx_word' id='word_1_674' title='bbox 3123 4242 3362 4306; x_wconf 77' lang='lat' dir='ltr'><strong>volebat,</strong></span> <span class='ocrx_word' id='word_1_675' title='bbox 3395 4240 3550 4294; x_wconf 85' lang='lat' dir='ltr'><strong>vide-</strong></span> 
     </span>
    </p>
   </div>
   <div class='ocr_carea' id='block_1_90' title="bbox 1941 4333 3548 4409">
    <p class='ocr_par' dir='ltr' id='par_1_90' title="bbox 1941 4333 3548 4409">
     <span class='ocr_line' id='line_1_90' title="bbox 1941 4333 3548 4409; baseline -0.009 -12"><span class='ocrx_word' id='word_1_676' title='bbox 1941 4344 2127 4397; x_wconf 84' lang='lat' dir='ltr'><strong>batur.</strong></span> <span class='ocrx_word' id='word_1_677' title='bbox 2162 4341 2436 4409; x_wconf 82' lang='lat' dir='ltr'><strong>Cleophas</strong></span> <span class='ocrx_word' id='word_1_678' title='bbox 2471 4355 2600 4394; x_wconf 84' lang='lat' dir='ltr'><strong>vero</strong></span> <span class='ocrx_word' id='word_1_679' title='bbox 2633 4338 2821 4392; x_wconf 90' lang='lat' dir='ltr'><strong>comiti</strong></span> <span class='ocrx_word' id='word_1_680' title='bbox 2858 4336 3090 4397; x_wconf 85' lang='lat' dir='ltr'><strong>itineris,</strong></span> <span class='ocrx_word' id='word_1_681' title='bbox 3125 4343 3182 4388; x_wconf 91' lang='grc' dir='ltr'><strong>ιιι</strong></span> <span class='ocrx_word' id='word_1_682' title='bbox 3227 4333 3548 4401; x_wconf 80' lang='lat' dir='ltr'><strong>apparebat,</strong></span> 
     </span>
    </p>
   </div>
   <div class='ocr_carea' id='block_1_91' title="bbox 1942 4428 3545 4504">
    <p class='ocr_par' dir='ltr' id='par_1_91' title="bbox 1942 4428 3545 4504">
     <span class='ocr_line' id='line_1_91' title="bbox 1942 4428 3545 4504; baseline -0.007 -15"><span class='ocrx_word' id='word_1_683' title='bbox 1942 4435 2164 4504; x_wconf 82' lang='lat' dir='ltr'><strong>objicit:</strong></span> <span class='ocrx_word' id='word_1_684' title='bbox 2203 4453 2220 4484; x_wconf 81' lang='grc' dir='ltr'><strong>ι</strong></span> <span class='ocrx_word' id='word_1_685' title='bbox 2259 4432 2339 4487; x_wconf 88' lang='lat' dir='ltr'><strong>Tu</strong></span> <span class='ocrx_word' id='word_1_686' title='bbox 2389 4433 2560 4494; x_wconf 88' lang='lat' dir='ltr'><strong>solus,</strong></span> <span class='ocrx_word' id='word_1_687' title='bbox 2590 4452 2606 4482; x_wconf 82' lang='grc' dir='ltr'><strong>ι</strong></span> <span class='ocrx_word' id='word_1_688' title='bbox 2657 4430 2938 4499; x_wconf 86' lang='lat' dir='ltr'><strong>inquiens,</strong></span> <span class='ocrx_word' id='word_1_689' title='bbox 2976 4447 2994 4478; x_wconf 81' lang='grc' dir='ltr'><strong>ι</strong></span> <span class='ocrx_word' id='word_1_690' title='bbox 3055 4428 3377 4498; x_wconf 78' lang='lat' dir='ltr'><strong>peregrinus</strong></span> <span class='ocrx_word' id='word_1_691' title='bbox 3407 4441 3488 4488; x_wconf 89' lang='lat' dir='ltr'><strong>es,</strong></span> <span class='ocrx_word' id='word_1_692' title='bbox 3528 4445 3545 4477; x_wconf 82' lang='grc' dir='ltr'><strong>ι</strong></span> 
     </span>
    </p>
   </div>
   <div class='ocr_carea' id='block_1_92' title="bbox 233 4507 1822 4591">
    <p class='ocr_par' dir='ltr' id='par_1_92' title="bbox 233 4507 1822 4587">
     <span class='ocr_line' id='line_1_92' title="bbox 233 4507 1822 4587; baseline 0.006 -23"><span class='ocrx_word' id='word_1_693' title='bbox 233 4509 400 4564; x_wconf 82' lang='grc' dir='ltr'>αὐτόν</span> <span class='ocrx_word' id='word_1_694' title='bbox 427 4527 439 4540; x_wconf 74' lang='grc' dir='ltr'><strong>ο</strong></span> <span class='ocrx_word' id='word_1_695' title='bbox 477 4507 558 4573; x_wconf 72' lang='grc' dir='ltr'>οἷς</span> <span class='ocrx_word' id='word_1_696' title='bbox 592 4512 700 4580; x_wconf 71' lang='grc' dir='ltr'><strong>γὰρ</strong></span> <span class='ocrx_word' id='word_1_697' title='bbox 725 4513 937 4582; x_wconf 68' lang='grc' dir='ltr'>ἤθελεν,</span> <span class='ocrx_word' id='word_1_698' title='bbox 971 4517 1206 4587; x_wconf 74' lang='grc' dir='ltr'>ἑωρᾶτο.</span> <span class='ocrx_word' id='word_1_699' title='bbox 1274 4522 1333 4572; x_wconf 83' lang='grc' dir='ltr'><em>Ὀ</em></span> <span class='ocrx_word' id='word_1_700' title='bbox 1366 4519 1422 4572; x_wconf 75' lang='grc' dir='ltr'>δὲ</span> <span class='ocrx_word' id='word_1_701' title='bbox 1452 4521 1709 4584; x_wconf 81' lang='grc' dir='ltr'>Κλεόπας</span> <span class='ocrx_word' id='word_1_702' title='bbox 1736 4525 1822 4575; x_wconf 58' lang='grc' dir='ltr'>καὶ</span> 
     </span>
    </p>
   </div>
   <div class='ocr_carea' id='block_1_93' title="bbox 1931 4507 3549 4591">
    <p class='ocr_par' dir='ltr' id='par_1_93' title="bbox 1945 4517 3549 4591">
     <span class='ocr_line' id='line_1_93' title="bbox 1945 4517 3549 4591; baseline -0.007 -10"><span class='ocrx_word' id='word_1_703' title='bbox 1945 4529 2046 4581; x_wconf 91' lang='lat' dir='ltr'><strong>hoc</strong></span> <span class='ocrx_word' id='word_1_704' title='bbox 2076 4535 2184 4590; x_wconf 89' lang='lat' dir='ltr'><strong>est,</strong></span> <span class='ocrx_word' id='word_1_705' title='bbox 2216 4536 2270 4578; x_wconf 92' lang='lat' dir='ltr'><strong>tu</strong></span> <span class='ocrx_word' id='word_1_706' title='bbox 2302 4525 2449 4579; x_wconf 77' lang='lat' dir='ltr'><strong>Solus</strong></span> <span class='ocrx_word' id='word_1_707' title='bbox 2481 4540 2547 4578; x_wconf 83' lang='lat' dir='ltr'><strong>ex</strong></span> <span class='ocrx_word' id='word_1_708' title='bbox 2581 4524 2665 4576; x_wconf 90' lang='lat' dir='ltr'><strong>his</strong></span> <span class='ocrx_word' id='word_1_709' title='bbox 2708 4525 2798 4591; x_wconf 90' lang='lat' dir='ltr'><strong>qui</strong></span> <span class='ocrx_word' id='word_1_710' title='bbox 2833 4521 3088 4576; x_wconf 89' lang='lat' dir='ltr'><strong>habitant</strong></span> <span class='ocrx_word' id='word_1_711' title='bbox 3132 4521 3184 4573; x_wconf 90' lang='lat' dir='ltr'><strong>in</strong></span> <span class='ocrx_word' id='word_1_712' title='bbox 3214 4517 3549 4581; x_wconf 76' lang='lat' dir='ltr'><strong>Jerusalem,</strong></span> 
     </span>
    </p>
   </div>
   <div class='ocr_carea' id='block_1_94' title="bbox 231 4604 1833 4682">
    <p class='ocr_par' dir='ltr' id='par_1_94' title="bbox 231 4604 1833 4682">
     <span class='ocr_line' id='line_1_94' title="bbox 231 4604 1833 4682; baseline 0.007 -25"><span class='ocrx_word' id='word_1_713' title='bbox 231 4604 488 4668; x_wconf 75' lang='grc' dir='ltr'>ὀνειδίζει</span> <span class='ocrx_word' id='word_1_714' title='bbox 544 4605 694 4676; x_wconf 84' lang='grc' dir='ltr'><strong>αύτῴ</strong></span> <span class='ocrx_word' id='word_1_715' title='bbox 743 4607 821 4674; x_wconf 81' lang='grc' dir='ltr'>τῷ</span> <span class='ocrx_word' id='word_1_716' title='bbox 870 4611 1185 4680; x_wconf 80' lang='grc' dir='ltr'>φαινομένῳ</span> <span class='ocrx_word' id='word_1_717' title='bbox 1239 4614 1629 4682; x_wconf 81' lang='grc' dir='ltr'>συνοδοιπόρῳ.</span> <span class='ocrx_word' id='word_1_718' title='bbox 1681 4633 1699 4665; x_wconf 80' lang='grc' dir='ltr'><strong>ι</strong></span> <span class='ocrx_word' id='word_1_719' title='bbox 1761 4616 1833 4668; x_wconf 76' lang='grc' dir='ltr'><strong>ΣΞ)</strong></span> 
     </span>
    </p>
   </div>
   <div class='ocr_carea' id='block_1_95' title="bbox 237 4701 1836 4775">
    <p class='ocr_par' dir='ltr' id='par_1_95' title="bbox 237 4701 1836 4775">
     <span class='ocr_line' id='line_1_95' title="bbox 237 4701 1836 4775; baseline 0.006 -23"><span class='ocrx_word' id='word_1_720' title='bbox 237 4701 422 4771; x_wconf 83' lang='grc' dir='ltr'>μόνος,</span> <span class='ocrx_word' id='word_1_721' title='bbox 475 4702 632 4770; x_wconf 77' lang='grc' dir='ltr'>φησὶ,</span> <span class='ocrx_word' id='word_1_722' title='bbox 681 4706 1008 4771; x_wconf 80' lang='grc' dir='ltr'>παροικεῖς;</span> <span class='ocrx_word' id='word_1_723' title='bbox 1055 4725 1072 4756; x_wconf 80' lang='grc' dir='ltr'><strong>ι</strong></span> <span class='ocrx_word' id='word_1_724' title='bbox 1124 4705 1245 4758; x_wconf 72' lang='grc' dir='ltr'>ἀντὶ</span> <span class='ocrx_word' id='word_1_725' title='bbox 1287 4706 1406 4768; x_wconf 85' lang='grc' dir='ltr'>τοῦ,</span> <span class='ocrx_word' id='word_1_726' title='bbox 1465 4709 1538 4761; x_wconf 74' lang='grc' dir='ltr'>Συ</span> <span class='ocrx_word' id='word_1_727' title='bbox 1580 4711 1742 4775; x_wconf 77' lang='grc' dir='ltr'>μόνος</span> <span class='ocrx_word' id='word_1_728' title='bbox 1772 4711 1836 4762; x_wconf 78' lang='grc' dir='ltr'>ὲκ</span> 
     </span>
    </p>
   </div>
   <div class='ocr_carea' id='block_1_96' title="bbox 233 4793 1836 4868">
    <p class='ocr_par' dir='ltr' id='par_1_96' title="bbox 233 4793 1836 4868">
     <span class='ocr_line' id='line_1_96' title="bbox 233 4793 1836 4868; baseline 0.005 -22"><span class='ocrx_word' id='word_1_729' title='bbox 233 4794 347 4846; x_wconf 83' lang='grc' dir='ltr'><strong>τῶν</strong></span> <span class='ocrx_word' id='word_1_730' title='bbox 392 4795 669 4848; x_wconf 85' lang='grc' dir='ltr'>κατοίκων</span> <span class='ocrx_word' id='word_1_731' title='bbox 703 4793 804 4861; x_wconf 81' lang='grc' dir='ltr'><strong>τῆς</strong></span> <span class='ocrx_word' id='word_1_732' title='bbox 846 4795 1209 4867; x_wconf 75' lang='grc' dir='ltr'>Ἰερουσαλὴμ</span> <span class='ocrx_word' id='word_1_733' title='bbox 1235 4799 1336 4852; x_wconf 79' lang='grc' dir='ltr'><strong>οὐκ</strong></span> <span class='ocrx_word' id='word_1_734' title='bbox 1383 4799 1553 4868; x_wconf 77' lang='grc' dir='ltr'>ἔγνως</span> <span class='ocrx_word' id='word_1_735' title='bbox 1586 4802 1652 4853; x_wconf 68' lang='grc' dir='ltr'>τὰ</span> <span class='ocrx_word' id='word_1_736' title='bbox 1684 4803 1836 4868; x_wconf 76' lang='grc' dir='ltr'>γενό-</span> 
     </span>
    </p>
   </div>
   <div class='ocr_carea' id='block_1_97' title="bbox 237 4887 1838 4962">
    <p class='ocr_par' dir='ltr' id='par_1_97' title="bbox 237 4887 1838 4962">
     <span class='ocr_line' id='line_1_97' title="bbox 237 4887 1838 4962; baseline 0.005 -24"><span class='ocrx_word' id='word_1_737' title='bbox 237 4903 410 4956; x_wconf 88' lang='grc' dir='ltr'>μενα;</span> <span class='ocrx_word' id='word_1_738' title='bbox 449 4887 634 4938; x_wconf 83' lang='grc' dir='ltr'>Ἀλλοι</span> <span class='ocrx_word' id='word_1_739' title='bbox 690 4887 745 4939; x_wconf 83' lang='grc' dir='ltr'>δὲ</span> <span class='ocrx_word' id='word_1_740' title='bbox 801 4889 884 4950; x_wconf 76' lang='grc' dir='ltr'><strong>τὸ,</strong></span> <span class='ocrx_word' id='word_1_741' title='bbox 941 4908 958 4939; x_wconf 82' lang='grc' dir='ltr'><strong>ι</strong></span> <span class='ocrx_word' id='word_1_742' title='bbox 1021 4894 1333 4960; x_wconf 84' lang='grc' dir='ltr'>παροικεῖς.</span> <span class='ocrx_word' id='word_1_743' title='bbox 1389 4911 1406 4943; x_wconf 79' lang='grc' dir='ltr'><strong>ι</strong></span> <span class='ocrx_word' id='word_1_744' title='bbox 1468 4892 1640 4956; x_wconf 81' lang='grc' dir='ltr'>οὓτως</span> <span class='ocrx_word' id='word_1_745' title='bbox 1682 4894 1838 4962; x_wconf 78' lang='grc' dir='ltr'>ἐνόη-</span> 
     </span>
    </p>
   </div>
   <div class='ocr_carea' id='block_1_98' title="bbox 235 4980 1836 5054">
    <p class='ocr_par' dir='ltr' id='par_1_98' title="bbox 235 4980 1836 5054">
     <span class='ocr_line' id='line_1_98' title="bbox 235 4980 1836 5054; baseline 0.004 -22"><span class='ocrx_word' id='word_1_746' title='bbox 235 4997 341 5032; x_wconf 81' lang='grc' dir='ltr'>σιιν</span> <span class='ocrx_word' id='word_1_747' title='bbox 373 4996 386 5009; x_wconf 76' lang='grc' dir='ltr'><strong>ο</strong></span> <span class='ocrx_word' id='word_1_748' title='bbox 442 4981 537 5044; x_wconf 72' lang='grc' dir='ltr'><strong>Σὺ,</strong></span> <span class='ocrx_word' id='word_1_749' title='bbox 593 4982 780 5049; x_wconf 67' lang='grc' dir='ltr'>φησιν,</span> <span class='ocrx_word' id='word_1_750' title='bbox 835 4980 979 5033; x_wconf 72' lang='grc' dir='ltr'>οὕτω</span> <span class='ocrx_word' id='word_1_751' title='bbox 1027 4984 1186 5050; x_wconf 75' lang='grc' dir='ltr'>μόνος</span> <span class='ocrx_word' id='word_1_752' title='bbox 1239 4987 1549 5054; x_wconf 83' lang='grc' dir='ltr'>παροικεῖς,</span> <span class='ocrx_word' id='word_1_753' title='bbox 1597 4986 1692 5037; x_wconf 72' lang='grc' dir='ltr'>καὶ</span> <span class='ocrx_word' id='word_1_754' title='bbox 1731 4987 1836 5050; x_wconf 77' lang='grc' dir='ltr'><strong>ἔξω</strong></span> 
     </span>
    </p>
   </div>
   <div class='ocr_carea' id='block_1_99' title="bbox 232 5071 1834 5146">
    <p class='ocr_par' dir='ltr' id='par_1_99' title="bbox 232 5071 1834 5146">
     <span class='ocr_line' id='line_1_99' title="bbox 232 5071 1834 5146; baseline 0.005 -23"><span class='ocrx_word' id='word_1_755' title='bbox 232 5071 344 5123; x_wconf 73' lang='grc' dir='ltr'><strong>τῶν</strong></span> <span class='ocrx_word' id='word_1_756' title='bbox 402 5073 566 5141; x_wconf 81' lang='grc' dir='ltr'>ὁρίων</span> <span class='ocrx_word' id='word_1_757' title='bbox 624 5075 726 5138; x_wconf 74' lang='grc' dir='ltr'>τῆς</span> <span class='ocrx_word' id='word_1_758' title='bbox 806 5072 1166 5144; x_wconf 77' lang='grc' dir='ltr'>Ἰερουσαλὴμ</span> <span class='ocrx_word' id='word_1_759' title='bbox 1228 5074 1536 5146; x_wconf 82' lang='grc' dir='ltr'>ᾠκισμένος</span> <span class='ocrx_word' id='word_1_760' title='bbox 1605 5073 1674 5140; x_wconf 75' lang='grc' dir='ltr'><strong>εἴ,</strong></span> <span class='ocrx_word' id='word_1_761' title='bbox 1737 5081 1834 5131; x_wconf 77' lang='grc' dir='ltr'>καὶ</span> 
     </span>
    </p>
   </div>
   <div class='ocr_carea' id='block_1_100' title="bbox 234 5164 1838 5238">
    <p class='ocr_par' dir='ltr' id='par_1_100' title="bbox 234 5164 1838 5238">
     <span class='ocr_line' id='line_1_100' title="bbox 234 5164 1838 5238; baseline 0.004 -23"><span class='ocrx_word' id='word_1_762' title='bbox 234 5164 507 5233; x_wconf 65' lang='grc' dir='ltr'>ἀμέτοχος</span> <span class='ocrx_word' id='word_1_763' title='bbox 539 5166 645 5214; x_wconf 81' lang='grc' dir='ltr'><strong>τῶν</strong></span> <span class='ocrx_word' id='word_1_764' title='bbox 695 5166 752 5215; x_wconf 80' lang='grc' dir='ltr'><strong>ἐν</strong></span> <span class='ocrx_word' id='word_1_765' title='bbox 799 5167 948 5233; x_wconf 82' lang='grc' dir='ltr'>μέσῳ</span> <span class='ocrx_word' id='word_1_766' title='bbox 992 5169 1409 5236; x_wconf 80' lang='grc' dir='ltr'>πραττομένων,</span> <span class='ocrx_word' id='word_1_767' title='bbox 1446 5169 1520 5230; x_wconf 81' lang='grc' dir='ltr'>ὡς</span> <span class='ocrx_word' id='word_1_768' title='bbox 1559 5170 1632 5238; x_wconf 84' lang='grc' dir='ltr'>μὴ</span> <span class='ocrx_word' id='word_1_769' title='bbox 1665 5169 1838 5222; x_wconf 71' lang='grc' dir='ltr'>ταῦτα.</span> 
     </span>
    </p>
   </div>
   <div class='ocr_carea' id='block_1_101' title="bbox 236 5254 1836 5333">
    <p class='ocr_par' dir='ltr' id='par_1_101' title="bbox 236 5254 1836 5333">
     <span class='ocr_line' id='line_1_101' title="bbox 236 5254 1836 5333; baseline 0.006 -27"><span class='ocrx_word' id='word_1_770' title='bbox 236 5254 566 5322; x_wconf 71' lang='grc' dir='ltr'>γινώσκεινς</span> <span class='ocrx_word' id='word_1_771' title='bbox 601 5257 745 5325; x_wconf 85' lang='grc' dir='ltr'>’Ὃρα</span> <span class='ocrx_word' id='word_1_772' title='bbox 781 5258 858 5314; x_wconf 76' lang='grc' dir='ltr'>δὲ.</span> <span class='ocrx_word' id='word_1_773' title='bbox 912 5259 1026 5321; x_wconf 85' lang='grc' dir='ltr'><strong>πῶς</strong></span> <span class='ocrx_word' id='word_1_774' title='bbox 1078 5262 1283 5328; x_wconf 69' lang='grc' dir='ltr'>μικρὰν</span> <span class='ocrx_word' id='word_1_775' title='bbox 1330 5263 1508 5330; x_wconf 73' lang='grc' dir='ltr'>πάντη</span> <span class='ocrx_word' id='word_1_776' title='bbox 1557 5264 1686 5333; x_wconf 71' lang='grc' dir='ltr'>περὶ</span> <span class='ocrx_word' id='word_1_777' title='bbox 1741 5263 1836 5315; x_wconf 91' lang='grc' dir='ltr'><strong>τοῦ</strong></span> 
     </span>
    </p>
   </div>
   <div class='ocr_carea' id='block_1_102' title="bbox 237 5348 1838 5425">
    <p class='ocr_par' dir='ltr' id='par_1_102' title="bbox 237 5348 1838 5425">
     <span class='ocr_line' id='line_1_102' title="bbox 237 5348 1838 5425; baseline 0.004 -22"><span class='ocrx_word' id='word_1_778' title='bbox 237 5349 450 5418; x_wconf 69' lang='grc' dir='ltr'>Κυρίου</span> <span class='ocrx_word' id='word_1_779' title='bbox 481 5351 752 5420; x_wconf 66' lang='grc' dir='ltr'>ὑπόληψιν</span> <span class='ocrx_word' id='word_1_780' title='bbox 782 5348 929 5421; x_wconf 83' lang='grc' dir='ltr'>εἶχον</span> <span class='ocrx_word' id='word_1_781' title='bbox 958 5369 968 5380; x_wconf 87' lang='grc'>·</span> <span class='ocrx_word' id='word_1_782' title='bbox 1005 5353 1173 5422; x_wconf 80' lang='grc' dir='ltr'>ἄνδρα</span> <span class='ocrx_word' id='word_1_783' title='bbox 1206 5359 1316 5425; x_wconf 78' lang='grc' dir='ltr'>γὰρ</span> <span class='ocrx_word' id='word_1_784' title='bbox 1351 5358 1640 5425; x_wconf 80' lang='grc' dir='ltr'>προφήτην</span> <span class='ocrx_word' id='word_1_785' title='bbox 1675 5357 1838 5410; x_wconf 72' lang='grc' dir='ltr'>αὑτὸν</span> 
     </span>
    </p>
   </div>
   <div class='ocr_carea' id='block_1_103' title="bbox 236 5435 1837 5516">
    <p class='ocr_par' dir='ltr' id='par_1_103' title="bbox 236 5435 1837 5516">
     <span class='ocr_line' id='line_1_103' title="bbox 236 5435 1837 5516; baseline 0.005 -25"><span class='ocrx_word' id='word_1_786' title='bbox 236 5438 548 5506; x_wconf 79' lang='grc' dir='ltr'>ὠνόμαζον,</span> <span class='ocrx_word' id='word_1_787' title='bbox 579 5435 691 5493; x_wconf 74' lang='grc' dir='ltr'>οἷον</span> <span class='ocrx_word' id='word_1_788' title='bbox 723 5441 935 5502; x_wconf 75' lang='grc' dir='ltr'>Ἠλίαν,</span> <span class='ocrx_word' id='word_1_789' title='bbox 967 5442 1180 5510; x_wconf 89' lang='grc' dir='ltr'>Ἰησοῦν</span> <span class='ocrx_word' id='word_1_790' title='bbox 1206 5445 1298 5496; x_wconf 83' lang='grc' dir='ltr'>τὸν</span> <span class='ocrx_word' id='word_1_791' title='bbox 1339 5444 1434 5497; x_wconf 84' lang='grc' dir='ltr'><strong>τοῦ</strong></span> <span class='ocrx_word' id='word_1_792' title='bbox 1464 5445 1641 5512; x_wconf 82' lang='grc' dir='ltr'>Ναυῆ.</span> <span class='ocrx_word' id='word_1_793' title='bbox 1681 5447 1711 5516; x_wconf 81' lang='grc' dir='ltr'>ἢ</span> <span class='ocrx_word' id='word_1_794' title='bbox 1743 5447 1837 5499; x_wconf 74' lang='grc' dir='ltr'><strong>καὶ</strong></span> 
     </span>
    </p>
   </div>
   <div class='ocr_carea' id='block_1_104' title="bbox 239 5531 1838 5608">
    <p class='ocr_par' dir='ltr' id='par_1_104' title="bbox 239 5531 1838 5608">
     <span class='ocr_line' id='line_1_104' title="bbox 239 5531 1838 5608; baseline 0.004 -24"><span class='ocrx_word' id='word_1_795' title='bbox 239 5531 448 5584; x_wconf 85' lang='grc' dir='ltr'>Μωσέα</span> <span class='ocrx_word' id='word_1_796' title='bbox 469 5534 641 5585; x_wconf 73' lang='grc' dir='ltr'>εἰπεῖν</span> <span class='ocrx_word' id='word_1_797' title='bbox 663 5549 675 5562; x_wconf 87' lang='lat'><strong><em>°</em></strong></span> <span class='ocrx_word' id='word_1_798' title='bbox 692 5535 919 5586; x_wconf 77' lang='grc' dir='ltr'>δυνατὸν</span> <span class='ocrx_word' id='word_1_799' title='bbox 945 5536 1001 5584; x_wconf 75' lang='grc' dir='ltr'><strong>ἐν</strong></span> <span class='ocrx_word' id='word_1_800' title='bbox 1024 5534 1172 5604; x_wconf 71' lang='grc' dir='ltr'>ἔργῳ</span> <span class='ocrx_word' id='word_1_801' title='bbox 1199 5539 1293 5589; x_wconf 73' lang='grc' dir='ltr'><strong>καὶ</strong></span> <span class='ocrx_word' id='word_1_802' title='bbox 1321 5536 1463 5605; x_wconf 78' lang='grc' dir='ltr'>λόγῳ</span> <span class='ocrx_word' id='word_1_803' title='bbox 1486 5555 1498 5568; x_wconf 77' lang='grc'><strong><em>⁸</em></strong></span> <span class='ocrx_word' id='word_1_804' title='bbox 1535 5537 1753 5608; x_wconf 85' lang='grc' dir='ltr'>πρῶτον</span> <span class='ocrx_word' id='word_1_805' title='bbox 1777 5539 1838 5591; x_wconf 83' lang='grc' dir='ltr'><strong>τὸ</strong></span> 
     </span>
    </p>
   </div>
   <div class='ocr_carea' id='block_1_105' title="bbox 235 5621 1836 5700">
    <p class='ocr_par' dir='ltr' id='par_1_105' title="bbox 235 5621 1836 5700">
     <span class='ocr_line' id='line_1_105' title="bbox 235 5621 1836 5700; baseline 0.003 -21"><span class='ocrx_word' id='word_1_806' title='bbox 235 5625 427 5696; x_wconf 70' lang='grc' dir='ltr'>Ιργον,</span> <span class='ocrx_word' id='word_1_807' title='bbox 449 5621 611 5680; x_wconf 78' lang='grc' dir='ltr'>εἶταὸ</span> <span class='ocrx_word' id='word_1_808' title='bbox 629 5625 806 5694; x_wconf 83' lang='grc' dir='ltr'>λόγος.</span> <span class='ocrx_word' id='word_1_809' title='bbox 827 5627 1014 5689; x_wconf 73' lang='grc' dir='ltr'>Οὐδεὶς</span> <span class='ocrx_word' id='word_1_810' title='bbox 1037 5628 1146 5698; x_wconf 81' lang='grc' dir='ltr'>γὰρ</span> <span class='ocrx_word' id='word_1_811' title='bbox 1160 5629 1316 5696; x_wconf 84' lang='grc' dir='ltr'>λόγος</span> <span class='ocrx_word' id='word_1_812' title='bbox 1338 5631 1554 5700; x_wconf 80' lang='grc' dir='ltr'>βέόαιος</span> <span class='ocrx_word' id='word_1_813' title='bbox 1575 5632 1836 5686; x_wconf 82' lang='grc' dir='ltr'>διδασκα-</span> 
     </span>
    </p>
   </div>
   <div class='ocr_carea' id='block_1_106' title="bbox 236 5717 1833 5794">
    <p class='ocr_par' dir='ltr' id='par_1_106' title="bbox 236 5717 1833 5794">
     <span class='ocr_line' id='line_1_106' title="bbox 236 5717 1833 5794; baseline 0.004 -23"><span class='ocrx_word' id='word_1_814' title='bbox 236 5717 415 5779; x_wconf 78' lang='grc' dir='ltr'>λικὸς.</span> <span class='ocrx_word' id='word_1_815' title='bbox 445 5717 494 5770; x_wconf 84' lang='grc' dir='ltr'><strong>εί</strong></span> <span class='ocrx_word' id='word_1_816' title='bbox 539 5717 616 5786; x_wconf 80' lang='grc' dir='ltr'>μὴ</span> <span class='ocrx_word' id='word_1_817' title='bbox 665 5718 934 5789; x_wconf 84' lang='grc' dir='ltr'>πρότερον</span> <span class='ocrx_word' id='word_1_818' title='bbox 982 5721 1009 5772; x_wconf 91' lang='lat'><strong>6</strong></span> <span class='ocrx_word' id='word_1_819' title='bbox 1057 5721 1329 5775; x_wconf 79' lang='grc' dir='ltr'>διδάσκων</span> <span class='ocrx_word' id='word_1_820' title='bbox 1360 5724 1603 5794; x_wconf 77' lang='grc' dir='ltr'>ἐργάτην</span> <span class='ocrx_word' id='word_1_821' title='bbox 1636 5725 1833 5778; x_wconf 78' lang='grc' dir='ltr'>ἑαυτὸν</span> 
     </span>
    </p>
   </div>
   <div class='ocr_carea' id='block_1_107' title="bbox 242 5808 1835 5886">
    <p class='ocr_par' dir='ltr' id='par_1_107' title="bbox 242 5808 1835 5886">
     <span class='ocr_line' id='line_1_107' title="bbox 242 5808 1835 5886; baseline 0.005 -24"><span class='ocrx_word' id='word_1_822' title='bbox 242 5809 514 5871; x_wconf 62' lang='grc' dir='ltr'>ὶκυαίνοι.</span> <span class='ocrx_word' id='word_1_823' title='bbox 565 5811 800 5874; x_wconf 65' lang='grc' dir='ltr'>Δυνατδς</span> <span class='ocrx_word' id='word_1_824' title='bbox 854 5808 949 5865; x_wconf 63' lang='grc' dir='ltr'>οἷν</span> <span class='ocrx_word' id='word_1_825' title='bbox 995 5813 1100 5865; x_wconf 65' lang='lat' dir='ltr'><strong>iter</strong></span> <span class='ocrx_word' id='word_1_826' title='bbox 1135 5816 1191 5866; x_wconf 80' lang='grc' dir='ltr'>ἐν</span> <span class='ocrx_word' id='word_1_827' title='bbox 1241 5815 1387 5886; x_wconf 69' lang='grc' dir='ltr'>ἔργῳ</span> <span class='ocrx_word' id='word_1_828' title='bbox 1439 5834 1513 5886; x_wconf 82' lang='grc' dir='ltr'><strong>πρ</strong></span> <span class='ocrx_word' id='word_1_829' title='bbox 1533 5820 1676 5874; x_wconf 69' lang='grc' dir='ltr'>ἰ’τον,</span> <span class='ocrx_word' id='word_1_830' title='bbox 1718 5815 1835 5870; x_wconf 79' lang='grc' dir='ltr'>εἶτα</span> 
     </span>
    </p>
   </div>
   <div class='ocr_carea' id='block_1_108' title="bbox 1945 4615 3554 4690">
    <p class='ocr_par' dir='ltr' id='par_1_108' title="bbox 1945 4615 3554 4690">
     <span class='ocr_line' id='line_1_108' title="bbox 1945 4615 3554 4690; baseline -0.004 -16"><span class='ocrx_word' id='word_1_831' title='bbox 1945 4621 2167 4690; x_wconf 81' lang='lat' dir='ltr'><strong>ignoras</strong></span> <span class='ocrx_word' id='word_1_832' title='bbox 2215 4634 2338 4688; x_wconf 78' lang='lat' dir='ltr'><strong>ane</strong></span> <span class='ocrx_word' id='word_1_833' title='bbox 2402 4617 2544 4672; x_wconf 83' lang='lat' dir='ltr'><strong>facta</strong></span> <span class='ocrx_word' id='word_1_834' title='bbox 2578 4615 2743 4670; x_wconf 82' lang='lat' dir='ltr'><strong>sunt?</strong></span> <span class='ocrx_word' id='word_1_835' title='bbox 2772 4615 3124 4678; x_wconf 63' lang='lat' dir='ltr'><strong>Aliiautem,</strong></span> <span class='ocrx_word' id='word_1_836' title='bbox 3167 4634 3186 4665; x_wconf 87' lang='grc'><em>‹</em></span> <span class='ocrx_word' id='word_1_837' title='bbox 3227 4618 3554 4683; x_wconf 74' lang='lat' dir='ltr'><strong>peregrinus</strong></span> 
     </span>
    </p>
   </div>
   <div class='ocr_carea' id='block_1_109' title="bbox 1944 4706 3551 4780">
    <p class='ocr_par' dir='ltr' id='par_1_109' title="bbox 1944 4706 3551 4780">
     <span class='ocr_line' id='line_1_109' title="bbox 1944 4706 3551 4780; baseline -0.006 -12"><span class='ocrx_word' id='word_1_838' title='bbox 1944 4728 2028 4774; x_wconf 84' lang='lat' dir='ltr'><strong>es,</strong></span> <span class='ocrx_word' id='word_1_839' title='bbox 2064 4731 2082 4763; x_wconf 80' lang='grc' dir='ltr'><strong>ι</strong></span> <span class='ocrx_word' id='word_1_840' title='bbox 2117 4711 2199 4768; x_wconf 82' lang='lat' dir='ltr'><strong>sic</strong></span> <span class='ocrx_word' id='word_1_841' title='bbox 2244 4711 2555 4780; x_wconf 79' lang='lat' dir='ltr'><strong>intelligunt</strong></span> <span class='ocrx_word' id='word_1_842' title='bbox 2584 4728 2596 4762; x_wconf 91' lang='lat'><strong>:</strong></span> <span class='ocrx_word' id='word_1_843' title='bbox 2651 4709 2755 4773; x_wconf 85' lang='lat' dir='ltr'><strong>Tn,</strong></span> <span class='ocrx_word' id='word_1_844' title='bbox 2787 4709 2988 4776; x_wconf 89' lang='lat' dir='ltr'><strong>inquit,</strong></span> <span class='ocrx_word' id='word_1_845' title='bbox 3021 4707 3172 4762; x_wconf 88' lang='lat' dir='ltr'><strong>solus</strong></span> <span class='ocrx_word' id='word_1_846' title='bbox 3201 4706 3551 4776; x_wconf 79' lang='lat' dir='ltr'><strong>peregrinus,</strong></span> 
     </span>
    </p>
   </div>
   <div class='ocr_carea' id='block_1_110' title="bbox 1944 4799 3552 4864">
    <p class='ocr_par' dir='ltr' id='par_1_110' title="bbox 1944 4799 3552 4864">
     <span class='ocr_line' id='line_1_110' title="bbox 1944 4799 3552 4864; baseline -0.003 -5"><span class='ocrx_word' id='word_1_847' title='bbox 1944 4817 1998 4860; x_wconf 92' lang='lat' dir='ltr'><strong>et</strong></span> <span class='ocrx_word' id='word_1_848' title='bbox 2029 4818 2182 4858; x_wconf 82' lang='lat' dir='ltr'><strong>extra</strong></span> <span class='ocrx_word' id='word_1_849' title='bbox 2233 4805 2368 4857; x_wconf 86' lang='lat' dir='ltr'><strong>tines</strong></span> <span class='ocrx_word' id='word_1_850' title='bbox 2417 4803 2721 4857; x_wconf 86' lang='lat' dir='ltr'><strong>Jerusalem</strong></span> <span class='ocrx_word' id='word_1_851' title='bbox 2772 4801 3115 4855; x_wconf 82' lang='lat' dir='ltr'><strong>domicilium</strong></span> <span class='ocrx_word' id='word_1_852' title='bbox 3164 4799 3392 4864; x_wconf 87' lang='lat' dir='ltr'><strong>habens,</strong></span> <span class='ocrx_word' id='word_1_853' title='bbox 3445 4814 3552 4854; x_wconf 91' lang='lat' dir='ltr'><strong>non</strong></span> 
     </span>
    </p>
   </div>
   <div class='ocr_carea' id='block_1_111' title="bbox 1947 4891 3556 4965">
    <p class='ocr_par' dir='ltr' id='par_1_111' title="bbox 1947 4891 3556 4965">
     <span class='ocr_line' id='line_1_111' title="bbox 1947 4891 3556 4965; baseline -0.002 -16"><span class='ocrx_word' id='word_1_854' title='bbox 1947 4913 2006 4952; x_wconf 84' lang='lat' dir='ltr'><strong>es</strong></span> <span class='ocrx_word' id='word_1_855' title='bbox 2040 4898 2315 4965; x_wconf 80' lang='lat' dir='ltr'><strong>particeps</strong></span> <span class='ocrx_word' id='word_1_856' title='bbox 2345 4911 2535 4950; x_wconf 89' lang='lat' dir='ltr'><strong>eorum</strong></span> <span class='ocrx_word' id='word_1_857' title='bbox 2579 4911 2702 4964; x_wconf 66' lang='lat' dir='ltr'><strong>qum</strong></span> <span class='ocrx_word' id='word_1_858' title='bbox 2735 4895 2786 4948; x_wconf 92' lang='lat' dir='ltr'><strong>in</strong></span> <span class='ocrx_word' id='word_1_859' title='bbox 2816 4894 2993 4948; x_wconf 83' lang='lat' dir='ltr'><strong>inedia</strong></span> <span class='ocrx_word' id='word_1_860' title='bbox 3031 4891 3331 4947; x_wconf 76' lang='lat' dir='ltr'><strong>Jerusalem</strong></span> <span class='ocrx_word' id='word_1_861' title='bbox 3373 4893 3556 4947; x_wconf 86' lang='lat' dir='ltr'><strong>couti-</strong></span> 
     </span>
    </p>
   </div>
   <div class='ocr_carea' id='block_1_112' title="bbox 1946 4985 3554 5059">
    <p class='ocr_par' dir='ltr' id='par_1_112' title="bbox 1946 4985 3554 5059">
     <span class='ocr_line' id='line_1_112' title="bbox 1946 4985 3554 5059; baseline -0.004 -16"><span class='ocrx_word' id='word_1_862' title='bbox 1946 4999 2166 5059; x_wconf 78' lang='lat' dir='ltr'><strong>gerunt,</strong></span> <span class='ocrx_word' id='word_1_863' title='bbox 2221 4998 2280 5041; x_wconf 94' lang='grc' dir='ltr'><strong>ιιι</strong></span> <span class='ocrx_word' id='word_1_864' title='bbox 2330 4989 2445 5042; x_wconf 65' lang='lat' dir='ltr'><strong>haec</strong></span> <span class='ocrx_word' id='word_1_865' title='bbox 2508 4987 2765 5057; x_wconf 77' lang='lat' dir='ltr'><strong>ignores?</strong></span> <span class='ocrx_word' id='word_1_866' title='bbox 2829 4985 2966 5039; x_wconf 83' lang='lat' dir='ltr'><strong>Vide</strong></span> <span class='ocrx_word' id='word_1_867' title='bbox 3030 4995 3213 5039; x_wconf 88' lang='lat' dir='ltr'><strong>autem</strong></span> <span class='ocrx_word' id='word_1_868' title='bbox 3279 4986 3554 5051; x_wconf 76' lang='lat' dir='ltr'><strong>quomoto</strong></span> 
     </span>
    </p>
   </div>
   <div class='ocr_carea' id='block_1_113' title="bbox 1947 5077 3551 5150">
    <p class='ocr_par' dir='ltr' id='par_1_113' title="bbox 1947 5077 3551 5150">
     <span class='ocr_line' id='line_1_113' title="bbox 1947 5077 3551 5150; baseline -0.004 -13"><span class='ocrx_word' id='word_1_869' title='bbox 1947 5098 2172 5150; x_wconf 88' lang='lat' dir='ltr'><strong>parvam</strong></span> <span class='ocrx_word' id='word_1_870' title='bbox 2221 5080 2446 5135; x_wconf 89' lang='lat' dir='ltr'><strong>omnino</strong></span> <span class='ocrx_word' id='word_1_871' title='bbox 2489 5081 2554 5135; x_wconf 89' lang='lat' dir='ltr'><strong>de</strong></span> <span class='ocrx_word' id='word_1_872' title='bbox 2604 5080 2836 5133; x_wconf 85' lang='lat' dir='ltr'><strong>ltomino</strong></span> <span class='ocrx_word' id='word_1_873' title='bbox 2889 5078 3203 5147; x_wconf 87' lang='lat' dir='ltr'><strong>opinionem</strong></span> <span class='ocrx_word' id='word_1_874' title='bbox 3255 5077 3551 5130; x_wconf 87' lang='lat' dir='ltr'><strong>habebant.</strong></span> 
     </span>
    </p>
   </div>
   <div class='ocr_carea' id='block_1_114' title="bbox 1951 5170 3556 5240">
    <p class='ocr_par' dir='ltr' id='par_1_114' title="bbox 1951 5170 3556 5240">
     <span class='ocr_line' id='line_1_114' title="bbox 1951 5170 3556 5240; baseline -0.004 -11"><span class='ocrx_word' id='word_1_875' title='bbox 1951 5177 2141 5231; x_wconf 70' lang='lat' dir='ltr'><strong>Virum</strong></span> <span class='ocrx_word' id='word_1_876' title='bbox 2197 5175 2344 5228; x_wconf 88' lang='lat' dir='ltr'><strong>enim</strong></span> <span class='ocrx_word' id='word_1_877' title='bbox 2403 5174 2722 5240; x_wconf 88' lang='lat' dir='ltr'><strong>prophetam</strong></span> <span class='ocrx_word' id='word_1_878' title='bbox 2771 5188 2894 5226; x_wconf 87' lang='lat' dir='ltr'><strong>eum</strong></span> <span class='ocrx_word' id='word_1_879' title='bbox 2937 5171 3323 5232; x_wconf 88' lang='lat' dir='ltr'><strong>nominabant,</strong></span> <span class='ocrx_word' id='word_1_880' title='bbox 3372 5170 3556 5237; x_wconf 89' lang='lat' dir='ltr'><strong>qualis</strong></span> 
     </span>
    </p>
   </div>
   <div class='ocr_carea' id='block_1_115' title="bbox 1952 5266 3554 5334">
    <p class='ocr_par' dir='ltr' id='par_1_115' title="bbox 1952 5266 3554 5334">
     <span class='ocr_line' id='line_1_115' title="bbox 1952 5266 3554 5334; baseline -0.004 -11"><span class='ocrx_word' id='word_1_881' title='bbox 1952 5271 2096 5323; x_wconf 86' lang='lat' dir='ltr'><strong>Elias</strong></span> <span class='ocrx_word' id='word_1_882' title='bbox 2139 5268 2340 5331; x_wconf 81' lang='lat' dir='ltr'><strong>fuerat,</strong></span> <span class='ocrx_word' id='word_1_883' title='bbox 2379 5267 2462 5320; x_wconf 88' lang='lat' dir='ltr'><strong>vel</strong></span> <span class='ocrx_word' id='word_1_884' title='bbox 2499 5267 2663 5321; x_wconf 80' lang='lat' dir='ltr'><strong>Jesus</strong></span> <span class='ocrx_word' id='word_1_885' title='bbox 2708 5266 2876 5334; x_wconf 84' lang='lat' dir='ltr'><strong>Nave,</strong></span> <span class='ocrx_word' id='word_1_886' title='bbox 2911 5268 2993 5321; x_wconf 81' lang='lat' dir='ltr'><strong>vel</strong></span> <span class='ocrx_word' id='word_1_887' title='bbox 3028 5267 3226 5321; x_wconf 77' lang='lat' dir='ltr'><strong>Moses.</strong></span> <span class='ocrx_word' id='word_1_888' title='bbox 3268 5266 3554 5320; x_wconf 82' lang='lat' dir='ltr'><strong>Potentem</strong></span> 
     </span>
    </p>
   </div>
   <div class='ocr_carea' id='block_1_116' title="bbox 1951 5359 3552 5429">
    <p class='ocr_par' dir='ltr' id='par_1_116' title="bbox 1951 5359 3552 5429">
     <span class='ocr_line' id='line_1_116' title="bbox 1951 5359 3552 5429; baseline -0.003 -15"><span class='ocrx_word' id='word_1_889' title='bbox 1951 5362 2002 5414; x_wconf 93' lang='lat' dir='ltr'><strong>in</strong></span> <span class='ocrx_word' id='word_1_890' title='bbox 2035 5376 2201 5429; x_wconf 89' lang='lat' dir='ltr'><strong>opere</strong></span> <span class='ocrx_word' id='word_1_891' title='bbox 2227 5369 2279 5413; x_wconf 91' lang='lat' dir='ltr'><strong>et</strong></span> <span class='ocrx_word' id='word_1_892' title='bbox 2301 5375 2577 5412; x_wconf 84' lang='lat' dir='ltr'><strong>sermone.</strong></span> <span class='ocrx_word' id='word_1_893' title='bbox 2607 5359 2846 5411; x_wconf 78' lang='lat' dir='ltr'><strong>I‘rimnm</strong></span> <span class='ocrx_word' id='word_1_894' title='bbox 2872 5374 3030 5426; x_wconf 81' lang='lat' dir='ltr'><strong>opus,</strong></span> <span class='ocrx_word' id='word_1_895' title='bbox 3059 5369 3113 5412; x_wconf 88' lang='lat' dir='ltr'><strong>et</strong></span> <span class='ocrx_word' id='word_1_896' title='bbox 3133 5359 3327 5411; x_wconf 87' lang='lat' dir='ltr'><strong>deinde</strong></span> <span class='ocrx_word' id='word_1_897' title='bbox 3350 5373 3552 5412; x_wconf 89' lang='lat' dir='ltr'><strong>sermo.</strong></span> 
     </span>
    </p>
   </div>
   <div class='ocr_carea' id='block_1_117' title="bbox 1949 5449 3556 5516">
    <p class='ocr_par' dir='ltr' id='par_1_117' title="bbox 1949 5449 3556 5516">
     <span class='ocr_line' id='line_1_117' title="bbox 1949 5449 3556 5516; baseline -0.002 -10"><span class='ocrx_word' id='word_1_898' title='bbox 1949 5452 2140 5506; x_wconf 89' lang='lat' dir='ltr'><strong>Nullus</strong></span> <span class='ocrx_word' id='word_1_899' title='bbox 2186 5452 2332 5505; x_wconf 88' lang='lat' dir='ltr'><strong>cnim</strong></span> <span class='ocrx_word' id='word_1_900' title='bbox 2367 5465 2549 5504; x_wconf 91' lang='lat' dir='ltr'><strong>sermo</strong></span> <span class='ocrx_word' id='word_1_901' title='bbox 2588 5450 2834 5502; x_wconf 63' lang='lat' dir='ltr'><strong>dortru-is</strong></span> <span class='ocrx_word' id='word_1_902' title='bbox 2890 5450 3079 5502; x_wconf 86' lang='lat' dir='ltr'><strong>tirmus</strong></span> <span class='ocrx_word' id='word_1_903' title='bbox 3113 5459 3218 5514; x_wconf 78' lang='lat' dir='ltr'><strong>est,</strong></span> <span class='ocrx_word' id='word_1_904' title='bbox 3264 5449 3368 5503; x_wconf 91' lang='lat' dir='ltr'><strong>nisi</strong></span> <span class='ocrx_word' id='word_1_905' title='bbox 3403 5449 3556 5516; x_wconf 85' lang='lat' dir='ltr'><strong>prius</strong></span> 
     </span>
    </p>
   </div>
   <div class='ocr_carea' id='block_1_118' title="bbox 1949 5539 3554 5610">
    <p class='ocr_par' dir='ltr' id='par_1_118' title="bbox 1949 5539 3554 5610">
     <span class='ocr_line' id='line_1_118' title="bbox 1949 5539 3554 5610; baseline -0.009 -11"><span class='ocrx_word' id='word_1_906' title='bbox 1949 5546 2153 5599; x_wconf 86' lang='lat' dir='ltr'><strong>dorens</strong></span> <span class='ocrx_word' id='word_1_907' title='bbox 2201 5557 2260 5596; x_wconf 85' lang='lat' dir='ltr'><strong>se</strong></span> <span class='ocrx_word' id='word_1_908' title='bbox 2319 5541 2584 5595; x_wconf 75' lang='lat' dir='ltr'><strong>faetorem</strong></span> <span class='ocrx_word' id='word_1_909' title='bbox 2645 5541 2908 5596; x_wconf 76' lang='lat' dir='ltr'><strong>declaret,</strong></span> <span class='ocrx_word' id='word_1_910' title='bbox 2965 5539 3168 5595; x_wconf 85' lang='lat' dir='ltr'><strong>Potens</strong></span> <span class='ocrx_word' id='word_1_911' title='bbox 3217 5539 3382 5610; x_wconf 65' lang='lat' dir='ltr'><strong>igitur</strong></span> <span class='ocrx_word' id='word_1_912' title='bbox 3434 5548 3554 5594; x_wconf 81' lang='lat' dir='ltr'><strong>esto</strong></span> 
     </span>
    </p>
   </div>
   <div class='ocr_carea' id='block_1_119' title="bbox 1950 5632 3552 5702">
    <p class='ocr_par' dir='ltr' id='par_1_119' title="bbox 1950 5632 3552 5702">
     <span class='ocr_line' id='line_1_119' title="bbox 1950 5632 3552 5702; baseline -0.001 -17"><span class='ocrx_word' id='word_1_913' title='bbox 1950 5637 2183 5702; x_wconf 76' lang='lat' dir='ltr'><strong>primum</strong></span> <span class='ocrx_word' id='word_1_914' title='bbox 2232 5635 2282 5686; x_wconf 89' lang='lat' dir='ltr'><strong>in</strong></span> <span class='ocrx_word' id='word_1_915' title='bbox 2335 5649 2521 5702; x_wconf 86' lang='lat' dir='ltr'><strong>opere,</strong></span> <span class='ocrx_word' id='word_1_916' title='bbox 2571 5633 2771 5688; x_wconf 88' lang='lat' dir='ltr'><strong>deinde</strong></span> <span class='ocrx_word' id='word_1_917' title='bbox 2821 5643 2876 5686; x_wconf 84' lang='lat' dir='ltr'><strong>et</strong></span> <span class='ocrx_word' id='word_1_918' title='bbox 2919 5633 3072 5687; x_wconf 74' lang='lat' dir='ltr'><strong>verbi</strong></span> <span class='ocrx_word' id='word_1_919' title='bbox 3127 5632 3552 5688; x_wconf 87' lang='lat' dir='ltr'><strong>sollicitudinem</strong></span> 
     </span>
    </p>
   </div>
   <div class='ocr_carea' id='block_1_120' title="bbox 1951 5723 3552 5790">
    <p class='ocr_par' dir='ltr' id='par_1_120' title="bbox 1951 5723 3552 5790">
     <span class='ocr_line' id='line_1_120' title="bbox 1951 5723 3552 5790; baseline -0.002 -10"><span class='ocrx_word' id='word_1_920' title='bbox 1951 5726 2168 5780; x_wconf 85' lang='lat' dir='ltr'><strong>habeto.</strong></span> <span class='ocrx_word' id='word_1_921' title='bbox 2203 5725 2293 5780; x_wconf 75' lang='lat' dir='ltr'><strong>Sic</strong></span> <span class='ocrx_word' id='word_1_922' title='bbox 2345 5737 2398 5777; x_wconf 73' lang='lat' dir='ltr'><strong>et</strong></span> <span class='ocrx_word' id='word_1_923' title='bbox 2428 5723 2570 5779; x_wconf 84' lang='lat' dir='ltr'><strong>Deus</strong></span> <span class='ocrx_word' id='word_1_924' title='bbox 2613 5726 2998 5790; x_wconf 87' lang='lat' dir='ltr'><strong>cooperabitur</strong></span> <span class='ocrx_word' id='word_1_925' title='bbox 3040 5725 3161 5778; x_wconf 90' lang='lat' dir='ltr'><strong>tibi.</strong></span> <span class='ocrx_word' id='word_1_926' title='bbox 3213 5724 3372 5778; x_wconf 87' lang='lat' dir='ltr'><strong>Prius</strong></span> <span class='ocrx_word' id='word_1_927' title='bbox 3406 5723 3552 5776; x_wconf 79' lang='lat' dir='ltr'><strong>enim</strong></span> 
     </span>
    </p>
   </div>
   <div class='ocr_carea' id='block_1_121' title="bbox 1951 5816 3546 5888">
    <p class='ocr_par' dir='ltr' id='par_1_121' title="bbox 1951 5816 3546 5888">
     <span class='ocr_line' id='line_1_121' title="bbox 1951 5816 3546 5888; baseline -0.001 -18"><span class='ocrx_word' id='word_1_928' title='bbox 1951 5834 2104 5888; x_wconf 88' lang='lat' dir='ltr'><strong>opus,</strong></span> <span class='ocrx_word' id='word_1_929' title='bbox 2148 5827 2202 5873; x_wconf 82' lang='lat' dir='ltr'><strong>ct</strong></span> <span class='ocrx_word' id='word_1_930' title='bbox 2261 5817 2456 5874; x_wconf 78' lang='lat' dir='ltr'><strong>deinde</strong></span> <span class='ocrx_word' id='word_1_931' title='bbox 2518 5818 2909 5884; x_wconf 83' lang='lat' dir='ltr'><strong>contemplatio</strong></span> <span class='ocrx_word' id='word_1_932' title='bbox 2961 5834 3025 5874; x_wconf 86' lang='lat' dir='ltr'><strong>ac</strong></span> <span class='ocrx_word' id='word_1_933' title='bbox 3074 5816 3394 5874; x_wconf 86' lang='lat' dir='ltr'><strong>illustratio.</strong></span> <span class='ocrx_word' id='word_1_934' title='bbox 3436 5816 3546 5869; x_wconf 60' lang='lat' dir='ltr'><strong>Nisi</strong></span> 
     </span>
    </p>
   </div>
  </div>
