4000 6424
487 261 627 332 1115

1377 259 1971 322 THEOPHYLACTI
2012 258 2431 322 BULGARUE
2470 258 2830 322 ARCHIEP.

3620 246 3761 315 ιιιε

486 373 769 444 speculum
802 368 1183 441 puriﬂcaveris
1232 369 1284 423 in
1325 370 1513 424 labore
1549 378 1603 424 et
1632 367 1855 432 sudore,
1899 368 2077 422 neuti-

2191 367 2274 421 καὶ
2308 367 2401 421 τὸν
2436 368 2594 437 λόγον
2638 364 2905 430 σπούδαζε
2948 363 3115 437 ιχειν.
3182 359 3343 416 οὕτω
3399 359 3499 413 καὶ
3566 360 3602 414 6
3636 360 3777 416 ωε

485 481 649 534 quam
690 464 1029 531 concupitam
1088 462 1547 531 pulchritudinem
1613 462 1665 515 in
1724 461 1946 530 speculo
1982 475 2075 515 sn.

488 559 703 627 spicies.
767 573 785 606 ι
846 554 991 609 Beati
1026 555 1172 608 enim
1230 555 1429 608 mundo
1469 555 1635 609 corde
1675 550 1741 617 “,
1786 571 1804 604 ι
1837 550 1966 624 [hoc
2021 553 2077 607 lit

384 688 385 695 η
491 664 586 717 per
618 644 804 718 Opera]
871 664 890 697 ι
964 647 1091 716 quia
1167 646 1267 714 ipsi
1332 645 1499 699 Deum
1555 643 1858 699 videbunt:
1915 663 1933 697 ι
1990 645 2078 699 hic

489 740 977 806 contemplationis
1037 748 1124 795 est
1201 740 1344 795 linis.
1411 739 1636 808 Oportet
1702 748 1885 793 autem
1956 751 2079 793 esse

493 843 772 903 potentem
829 832 883 886 in
952 847 1115 901 opere
1165 842 1219 885 et
1276 846 1531 886 sermone
1589 846 1775 887 coram
1827 831 1961 893 Deo,
2025 838 2081 883 et

493 936 625 977 tunc
684 939 867 979 coram
923 904 1085 977 omni
1134 922 1353 991 populo.
1419 921 1579 977 Prius
1649 922 1793 975 enim
1867 921 2081 991 placere

492 1014 657 1088 593
687 1015 944 1068 debemus
987 1016 1115 1077 Deo,
1154 1013 1343 1067 deinde
1379 1012 1552 1066 danda
1588 1026 1751 1081 opera
1803 1021 1862 1065 ut
1903 1011 2071 1063 etiam

492 1105 635 1157 inter
667 1117 766 1157 nos
800 1104 918 1156 sine
967 1102 1177 1156 macula
1217 1104 1461 1155 vivamus
1511 1110 1771 1169 quantum
1805 1096 1926 1153 ﬁeri
1982 1114 2079 1169 po-

496 1210 601 1255 test
633 1218 648 1254 :
676 1208 730 1254 et
762 1215 935 1269 neque
968 1201 1021 1255 in
1059 1202 1246 1269 primis
1294 1201 1566 1267 quomodo
1602 1200 1913 1255 hominibus
1965 1200 2080 1267 pla-

492 1307 642 1359 ceas,
673 1291 767 1347 sed
798 1293 1069 1360 quomodo
1100 1294 1303 1346 servias
1332 1293 1462 1356 Deo,
1499 1293 1822 1348 studendum
1858 1311 1871 1345 :
1906 1308 2081 1359 neque

494 1385 779 1441 vivendum
812 1396 871 1440 ut
904 1386 1087 1440 multis
1104 1385 1185 1441 sie
1222 1385 1512 1449 seandalo,
1564 1386 1658 1440 sed
1701 1396 1756 1439 et
1807 1387 1909 1439 hoc
1954 1396 2075 1453 post

492 1479 626 1533 illud
655 1477 1068 1547 providendum,
1090 1478 1231 1544 quod
1259 1487 1314 1530 et
1350 1474 1581 1548 Sapiens
1608 1476 1772 1531 dicit:
1802 1494 1823 1527 ι
1855 1474 2085 1530 Provide

497 1572 638 1626 bona
665 1586 847 1626 coram
874 1571 1004 1638 Deo,
1034 1570 1229 1625 deinde
1248 1582 1301 1625 et
1328 1586 1511 1625 coram
1540 1570 1851 1625 hominibus
1871 1570 1938 1623 “.
1974 1589 1992 1622 ι
2021 1569 2086 1623 Ει

494 1660 699 1726 Paulus
732 1662 876 1717 istuc
904 1662 1075 1732 ipsum
1106 1662 1255 1716 dicit.
1295 1680 1313 1714 t
1354 1661 1462 1717 Nos
1495 1673 1673 1716 autem
1708 1663 2080 1729 Sperabamus,

2184 464 2511 533 συνεργήσει
2572 477 2676 516 σοι.
2750 459 3025 532 Πρότερον
3099 456 3212 527 γὰρ
3270 454 3306 526 ἡ
3370 448 3601 523 πρᾶξις,
3659 448 3781 510 εἷτα

2183 552 2387 624 θεωρία
2450 553 2544 607 καὶ
2594 550 2884 623 ξλλαμψις.
2947 550 3009 604 Et
3058 548 3136 619 μὴ
3186 547 3249 600 εδ
3307 544 3629 613 κάτοπτρον
3676 561 3780 600 κσ-

2182 645 2428 716 θαρίσεις
2474 647 2532 698 ἐν
2564 646 2712 714 πόνῳ
2752 645 2847 699 καὶ
2896 642 3108 713 ἱδρῶτι,
3157 640 3259 694 οὐκ
3284 638 3351 694 ἂν
3394 636 3458 692 τὸ
3500 636 3779 711 ποθούμε-

2180 756 2271 791 νον
2326 724 2523 802 κάλλος
2579 738 2973 810 κατοπτρίσῃς.
3019 754 3034 787 ι
3086 733 3365 803 Μακάριοι
3412 732 3528 804 γάρ
3570 732 3627 785 οῖ
3680 748 3783 786 κα-

2183 833 2347 903 θαροὶ
2392 836 2459 905 τῇ
2510 833 2730 904 καρδίᾳ,
2770 852 2787 883 ι
2845 829 3006 884 τοῦτο
3053 828 3141 882 διὰ
3195 826 3307 879 τῶν
3348 826 3574 899 ἔργων·
3640 843 3661 878 t
3697 824 3784 879 δτι

2185 926 2343 980 αὐτοὶ
2372 925 2463 978 τὸν
2498 924 2632 977 Θεὸν
2662 924 2909 993 ὄψονται,
2941 941 2959 973 ›
3003 919 3162 973 τοῦτο
3194 919 3293 988 τῆς
3323 917 3567 989 θεωρίας
3594 915 3660 969 τὸ
3690 918 3785 971 τί·

2182 1018 2294 1081 λος.
2321 1020 2411 1070 Δεῖ
2436 1016 2492 1069 δὲ
2524 1012 2664 1069 εἶναι
2696 1015 2923 1070 δυνατὸν
2957 1014 3015 1065 ἐν
3044 1012 3190 1083 ἔργῳ
3226 1011 3317 1064 καὶ
3350 1010 3501 1080 λόγῳ
3533 1011 3784 1065 ἐναντίον

2182 1111 2277 1164 τοῦ
2313 1110 2472 1176 Θεοῦ,
2507 1110 2601 1163 καὶ
2630 1109 2753 1162 τότε
2787 1108 3032 1161 ἐναντίον
3063 1106 3265 1169 παντὸς
3295 1104 3394 1158 τοῦ
3423 1103 3587 1157 λαοῦ.
3625 1103 3784 1175 Πρῶο

2183 1221 2274 1258 τον
2306 1204 2414 1273 γὰρ
2450 1200 2707 1273 ἀρεστέον
2738 1200 2879 1273 Θεῷ,
2908 1195 3025 1253 εἶτα
3052 1200 3147 1253 καὶ
3173 1198 3233 1251 τὸ
3264 1196 3782 1267 ἀμώμητον’σπου-

2183 1294 2409 1349 δαστέον
2442 1295 2576 1365 πρὸς
2610 1293 2952 1364 ἀνθρώπους,
2988 1292 3065 1355 ὡς
3097 1291 3162 1346 ἂν
3200 1291 3423 1360 ἐγχωρῇ
3445 1305 3460 1319 ·
3504 1287 3608 1348 καὶ
3648 1286 3786 1357 μήτε

2185 1393 2283 1454 τὴν
2316 1386 2842 1457 ἀνθριιιπαρέσκειαν
2884 1382 3276 1455 προτιμητέον,
3316 1380 3456 1435 ἀλλά
3512 1378 3619 1451 τὴν
3667 1377 3787 1431 θεο-

2188 1481 2439 1534 σέϐειαν·
2481 1482 2617 1550 μήτε
2652 1482 2788 1549 πρὸς
2818 1480 2878 1533 τὸ
2906 1478 3203 1532 σκάνδαλον
3234 1477 3343 1531 τῶν
3397 1474 3621 1529 πολλῶν
3656 1472 3787 1544 βιω-

2185 1576 2329 1635 τέον,
2367 1574 2505 1627 ἀλλὰ
2558 1575 2649 1627 καὶ
2695 1574 2889 1626 τούτου
2943 1570 3061 1642 μετ’
3110 1570 3355 1631 ἐκείνους
3409 1564 3787 1638 προνοητέον

2186 1666 2215 1718 δ
2251 1668 2339 1718 καὶ
2372 1666 2539 1732 Σοφός
2575 1681 2728 1734 φησι·
2780 1684 2797 1716 ι
2840 1663 3076 1734 Προνοοῦ
3130 1662 3268 1715 καλά
3321 1658 3563 1712 ἐνώπιον
3611 1654 3791 1720 Θεοῦ,

496 1754 711 1822 inquit,
745 1744 1050 1825 quod'ipse
1082 1762 1227 1810 esset
1273 1756 1651 1824 redempturus
1682 1752 1871 1809 Israel.
1915 1756 2078 1821 Quasi

2191 1757 2307 1812 εἶτα
2357 1760 2450 1812 καὶ
2504 1757 2841 1827 ἀνθρώπων·
2905 1775 2923 1809 ι
2981 1757 3078 1808 καὶ
3134 1755 3345 1817 Παῦλος
3415 1751 3582 1805 τοῦτο
3634 1749 3791 1803 αὐτό.

493 1844 741 1899 frustrati
776 1859 871 1914 spe
899 1844 1082 1900 dicunt
1114 1860 1129 1898 :
1180 1844 1289 1900 Nos
1322 1846 1677 1914 sperabamus
1706 1846 1847 1915 quod
1887 1849 2000 1915 ipse
2028 1854 2085 1902 et

500 1936 637 1992 alios
671 1936 976 1993 salvaturus
1004 1949 1151 1993 esset
1182 1954 1196 1992 :
1242 1953 1368 1992 ecce
1403 1954 1582 2009 neque
1625 1943 1863 2010 seipsnm
1899 1955 2084 1994 scrva-

501 2031 603 2085 vit.
654 2030 806 2085 Adeo
836 2030 1171 2086 mollierant
1220 2033 1400 2085 animo
1433 2041 1487 2085 et
1524 2048 1711 2103 parum
1758 2032 1966 2088 ﬁdenti.
2016 2034 2085 2088 Et

494 2136 668 2193 prope
708 2125 895 2177 eadem
926 2123 1179 2179 dicebant
1213 2140 1332 2194 qua:
1383 2126 1455 2179 illi
1513 2126 1565 2179 in
1615 2142 1776 2182 cruce
1836 2146 1849 2182 :
1928 2128 2075 2183 Alios

500 2215 761 2280 servavit,
793 2216 1033 2284 seipsum
1072 2232 1176 2271 non
1214 2228 1389 2285 potest
1420 2227 1661 2273 seruare.
1698 2217 1825 2274 Ideo
1863 2229 1916 2276 et
1950 2222 2083 2275 insi-

452 2334 462 2348 κ
496 2304 713 2373 pientes
747 2319 841 2360 eos
874 2314 1063 2370 vocat,
1096 2316 1149 2361 et
1186 2308 1372 2360 tardos
1431 2308 1497 2362 ad
1537 2309 1891 2364 credendum.
1944 2310 2085 2377 Quid

494 2407 679 2452 autem
715 2406 797 2452 est
844 2397 1036 2452 redimi
1076 2396 1283 2454 Israel?
1315 2398 1567 2455 Diximus
1608 2404 1749 2470 quod
1800 2401 2083 2457 Christum

500 2490 889 2560 exspectabant
905 2490 1154 2560 vulgares
1172 2501 1225 2545 et
1253 2492 1429 2547 minus
1453 2494 1735 2548 exercitati
1761 2494 2085 2551 salvatorem

494 2589 555 2635 et
592 2582 987 2651 redemptorem
1026 2599 1052 2635 a
1088 2585 1243 2637 malis
1275 2599 1397 2653 quae
1436 2585 1516 2639 eis
1556 2585 1933 2651 imminebant,
1966 2596 2019 2641 et
2056 2605 2085 2640 ιι

497 2672 625 2742 ,ἰυεο
637 2673 911 2727 servitutis
931 2674 1318 2739 Romanorum,
1338 2674 1733 2744 sperabantque
1756 2691 1875 2729 eum
1899 2693 2091 2745 regna-

507 2778 688 2822 turum
740 2777 796 2822 ut
833 2783 1010 2838 regem
1041 2775 1314 2823 terrenum
1357 2786 1370 2823 :
1410 2769 1532 2823 ideo
1563 2778 1617 2824 et
1670 2769 1887 2833 dicunt,
1925 2788 1943 2820 ι
1982 2770 2090 2825 Nos

500 2861 855 2929 sperabamus
893 2859 1035 2928 quod
1074 2859 1190 2931 ipse
1233 2861 1610 2932 redempturus
1643 2871 1787 2915 esset
1822 2861 1989 2915 Israel
2012 2900 2027 2925 ,
2065 2882 2081 2913 ι

501 2949 752 3006 videlicet
780 2965 807 3004 a
843 2950 1134 3021 gentilibus
1164 2950 1447 3012 Romanis,
1475 2954 1543 3017 jet
1579 2953 1692 3020 ipse
1741 2968 1915 3020 neque
1946 2954 2090 3023 inju-

502 3051 643 3099 stam
679 3042 1006 3097 sententiam
1046 3052 1235 3097 contra
1261 3058 1319 3097 se
1356 3042 1515 3097 latam
1545 3042 1752 3114 eﬂ‘ugit.
1792 3064 1811 3097 ι
1842 3045 1905 3099 Ει
1933 3046 2091 3100 hodie

507 3135 703 3191 tertius
730 3136 846 3190 dies
876 3144 991 3201 est,
1023 3146 1079 3190 et
1131 3138 1383 3191 mulieres
1435 3146 1745 3193 terruerunt
1792 3154 1928 3203 nos,
1978 3157 1996 3191 ι
2036 3150 2090 3194 et

506 3235 731 3281 caetera.
775 3227 901 3282 Hac
929 3228 1082 3297 quasi
1128 3228 1435 3284 dubitantes
1482 3230 1717 3285 dicunt:
1759 3239 1812 3285 et
1844 3231 2093 3287 videntur

510 3319 641 3374 mihi
670 3320 768 3374 viti
804 3320 856 3375 in
886 3320 1041 3374 valde
1076 3322 1328 3391 ambigua
1362 3336 1482 3377 esse
1512 3323 1805 3389 sententia,
1831 3334 1883 3377 et
1920 3340 2093 3395 neque

505 3412 666 3468 valde
695 3413 1034 3477 discredere,
1071 3427 1247 3481 neque
1278 3423 1425 3469 recte
1465 3415 1711 3470 credere.
1765 3417 1973 3471 Etenim
2009 3420 2093 3472 di-

509 3505 687 3562 cendo
736 3522 751 3561 :
808 3523 827 3558 ι
888 3505 1254 3577 Sperabamns
1309 3506 1454 3575 quod
1516 3511 1895 3579 redempturus
1954 3520 2095 3567 esset

512 3598 711 3665 Israel,
749 3618 767 3652 ι
806 3600 1246 3656 incredulitatem
1290 3600 1533 3657 indicant
1568 3620 1583 3657 :
1620 3604 1764 3674 quod
1791 3615 1971 3661 autem
2012 3608 2093 3661 di-

506 3699 642 3748 cunt
674 3707 792 3748 esse
837 3693 977 3747 diem
1033 3695 1292 3758 tertium,
1329 3694 1606 3750 hominum
1642 3707 1727 3753 est
1782 3699 1874 3766 qui
1928 3714 2094 3770 prope

506 3783 866 3838 recordentur
899 3784 1043 3852 quod
1080 3784 1280 3839 dixerit
1310 3786 1391 3839 eis
1427 3801 1443 3839 :
1502 3803 1520 3837 ι
1569 3786 1665 3841 Die
1704 3789 1863 3843 tertia
1912 3805 2096 3846 resur—

508 3890 654 3947 gam.
677 3894 696 3928 ι
736 3877 800 3932 Ει
824 3878 965 3945 quod
1000 3877 1149 3942 dicit,
1179 3896 1197 3930 ι
1239 3876 1633 3935 Exterruerunt
1664 3896 1785 3947 nos,
1822 3901 1840 3934 ι
1876 3882 1979 3938 hoc
2021 3884 2095 3939 si-

504 3974 675 4036 gnat,
721 3967 862 4036 quod
923 3968 1273 4023 incredulitas
1345 3986 1532 4025 eorum
1608 3974 1971 4029 concutiatur.
2032 3976 2098 4030 Et

506 4060 735 4113 omnino
757 4060 800 4114 si
829 4059 1242 4116 considerentur
1273 4078 1572 4131 sermones,
1603 4064 1820 4120 humani
1845 4077 1969 4123 sunt
1992 4107 2006 4131 .
2041 4078 2096 4125 et

510 4162 761 4218 magnam
816 4150 1211 4205 dubitationem
1266 4153 1499 4219 habent,
1555 4163 1608 4207 et
1642 4155 1920 4211 hominum
1956 4174 2095 4228 per-

512 4237 796 4309 plexorum
827 4249 881 4293 et
916 4241 1281 4309 ignorantium
1313 4243 1440 4312 quid
1478 4256 1640 4316 agant
1671 4257 1891 4316 propter
1920 4265 2097 4304 rosur.

515 4330 773 4386 rectionis
800 4332 1140 4389 miraculum.
1188 4353 1206 4386 ι
1259 4336 1526 4392 Abierant
1557 4346 1776 4405 autem,
1826 4358 1845 4392 ι
1884 4340 2092 4410 inquit,

2191 1871 2209 1902 ι
2255 1849 2446 1921 Ἡμεῖς
2468 1849 2523 1903 δὲ
2548 1847 2869 1920 ἠλπίζομεν,
2901 1849 3088 1917 φησὶν,
3118 1848 3198 1900 ὅτι
3232 1846 3391 1908 αὐτός
3424 1846 3578 1897 ἐστιν
3609 1844 3642 1896 ὁ
3663 1842 3794 1913 μέλ·

2185 1945 2291 1998 λων
2328 1942 2657 2015 λυτροῦσθαι
2688 1942 2779 1995 τὸν
2819 1940 3058 2012 Ἰσραήλ.
3102 1958 3118 1990 ι
3171 1938 3396 2007 Ὡπερεὶ
3424 1932 3792 2015 διαψευσθάν·

2185 2054 2277 2100 τες
2316 2012 2440 2089 τῶν*
2466 2035 2728 2101 ἐλπίδων,
2772 2032 2916 2087 οὕτω
2966 2032 3164 2100 φασίν·
3229 2030 3425 2097 Ἡμεῖς
3475 2012 3795 2096 ἠλπίζομεν

2187 2132 2268 2184 ὅτι
2303 2129 2465 2192 αὐτὸς
2502 2130 2594 2182 καὶ
2644 2126 2838 2191 ἄλλους
2872 2125 3073 2186 σώσει,
3126 2121 3221 2175 καὶ
3256 2121 3367 2177 ίδοίι
3422 2119 3559 2172 οὐδε
3593 2116 3793 2171 ἑαυτὸν

2188 2225 2389 2277 ἔσωσεν
2411 2239 2424 2251 ·
2471 2222 2644 2283 οὕτως
2682 2220 2922 2288 ἀγεννῶς
2957 2220 3053 2272 καὶ
3083 2217 3327 2279 ἀπίστως
3363 2211 3537 2285 εἶχον.
3581 2214 3796 2268 Mom-

2188 2318 2309 2387 ουχὶ
2352 2315 2459 2387 γὰρ
2507 2315 2692 2368 ἐκεῖνα
2737 2314 2941 2381 ἔλεγον,
2986 2311 3022 2365 ὃ.
3054 2310 3149 2362 καὶ
3190 2310 3240 2361 oi
3274 2308 3363 2361 ἐπὶ
3395 2306 3493 2360 τοῦ
3530 2302 3794 2376 σταυροῦ.

2199 2430 2218 2462 ι
2262 2410 2495 2472 ’Δλλους
2531 2409 2736 2461 ἔσωσεν
2759 2448 2772 2469 ,
2810 2404 3004 2458 ἑαυτὸν
3053 2403 3113 2455 ού
3147 2401 3369 2455 δύναται
3409 2398 3611 2452 σῶσαι·
3655 2417 3675 2450 ε
3710 2397 3799 2450 Διδ

2192 2509 2286 2562 καὶ
2327 2508 2587 2577 ἀνοήτους
2616 2505 2817 2565 αὐτοὺς
2848 2500 3147 2561 ἀποκαλεῖ,
3176 2497 3268 2551 καί⁵
3294 2497 3516 2569 βραδεῖς
3581 2494 3679 2549 τοῦ
3698 2512 3801 2561 tu-

2192 2600 2436 2653 στεύειν·
2490 2598 2545 2650 τί
2590 2597 2647 2650 δέ
2700 2597 2815 2649 ἐστι
2869 2592 3027 2647 τοῦτο
3070 2592 3149 2654 τὸ,
3205 2609 3223 2642 ι
3290 2587 3650 2659 Δυτροῦσθαι
3709 2588 3803 2639 τὶν

2203 2691 2450 2761 Ἰσραήλς
2481 2710 2498 2743 ι
2533 2689 2812 2757 Διαφόρως
2832 2687 3080 2753 είπομεν,
3112 2685 3195 2736 ὃτι
3219 2682 3310 2735 τὸν
3341 2679 3586 2750 Χριστὸν
3614 2695 3792 2749 προσ-

2190 2784 2389 2836 εδόκων
2426 2782 2473 2834 οἱ
2506 2777 2603 2833 τοῦ
2644 2776 2802 2843 λαοῦ,
2870 2776 2964 2829 καὶ
3004 2773 3078 2844 μὴ
3106 2771 3521 2841 ἀκριϐέστεροι,
3561 2770 3801 2839 σωτῆρα

2194 2877 2287 2927 καὶ
2324 2871 2607 2942 λυτρωτὴν
2655 2871 2764 2923 τῶν
2812 2866 3184 2936 ἐπικειμένων
3214 2864 3398 2925 αὐτοῖς
3443 2864 3661 2925 κακῶν,
3702 2863 3801 2917 καὶ

2198 2969 2293 3021 τοῦ
2323 2963 2493 3033 ζυγοῦ
2525 2964 2624 3033 τῆς
2662 2961 2905 3021 δουλείας
2931 2959 3026 3028 τῆς
3058 2958 3164 3010 ὑπὸ
3205 2955 3526 3025 Ῥωμαίων·
3563 2954 3661 3009 καὶ
3697 2953 3803 3025 βα-

2201 3058 2471 3111 σιλεύσειν
2519 3055 2577 3107 δέ
2610 3052 2778 3107 αὑτὸν
2816 3050 3063 3118 ἐπίγειον
3101 3046 3384 3118 βασιλείαν
3412 3044 3654 3115 ἤλπιζον
3682 3062 3696 3075 ·
3721 3044 3805 3099 διὸ

2197 3150 2289 3205 καί
2315 3166 2501 3219 φασιν,
2525 3148 2608 3200 ὅτι
2639 3144 2831 3216 Ἡμεῖς
2861 3140 3186 3212 ἠλπίζομεν,
3211 3139 3293 3192 ὅτι
3318 3137 3413 3191 καὶ
3444 3137 3538 3190 τὸν
3574 3137 3803 3208 Ἰσραὴλ

2196 3241 2303 3295 ἀπὸ
2331 3239 2440 3292 τῶν
2473 3234 2702 3290 ἐθνικῶν
2746 3232 3038 3303 Ῥωμαίων
3080 3228 3242 3292 αὐτὸς
3288 3226 3672 3299 λυτρὼσεται,
3708 3228 3806 3281 καὶ

2195 3324 2350 3393 οὗτος
2391 3328 2511 3380 ούδέ
2562 3324 2660 3397 τὴν
2710 3324 2897 3379 ἄδικον
2948 3321 3035 3375 ἐπ’
3093 3320 3244 3391 αὒτῷ
3296 3319 3478 3389 ψῆφον
3532 3316 3803 3390 ἐξέφυγε.

2207 3442 2224 3474 ι
2268 3421 2380 3475 Καὶ
2426 3418 2533 3489 μὴν
2586 3418 2679 3470 καὶ
2720 3415 2911 3486 τρίτην
2942 3415 3159 3485 ἡμέραν
3206 3412 3333 3483 ἀγει
3374 3411 3645 3481 σήμερον,
3704 3411 3807 3466 καὶ

2196 3516 2453 3584 γυναῖκες
2495 3510 2794 3579 ἐξέστησαν
2846 3510 3028 3578 ἡμᾶς,
3061 3526 3078 3557 ι
3137 3508 3232 3559 καὶ
3280 3506 3349 3559 τά
3406 3505 3559 3575 ἑξῆς.
3605 3502 3805 3557 Ταῦτα

2196 3606 2436 3678 ὡσπερεὶ
2489 3603 2880 3672 διαποροῦντές
2934 3617 3119 3670 φασι·
3185 3600 3279 3653 καὶ
3330 3598 3545 3652 ἐοίκασί
3606 3615 3703 3668 μοι
3751 3598 3804 3653 oi

2197 3700 2391 3766 ἄνδρες
2437 3701 2495 3751 ἐν
2544 3696 2711 3767 πολλῇ
2748 3692 3222 3764 ἀμφιγνωμοσύνῃ
3271 3685 3443 3752 εἶναι,
3498 3690 3599 3743 καὶ
3654 3689 3802 3760 μήτε

2200 3790 2407 3861 σφόδρα
2456 3790 2727 3851 άπιστεῖν,
2772 3788 2912 3856 μήτε
2942 3782 3161 3853 ’σφόδρα
3202 3780 3503 3836 πιστεύειν.
3560 3780 3639 3835 Τὸ
3696 3780 3803 3848 μὲν

2198 3881 2308 3951 γὰρ
2343 3882 2539 3941 εἰπεῖν,
2595 3881 2676 3932 ὅτι
2724 3875 3059 3947 Ἡλπίζομεν
3102 3875 3185 3927 ὅτι
3229 3873 3392 3935 αὑτός
3436 3873 3588 3925 ἐστιν
3638 3872 3669 3925 ὀ
3701 3872 3802 3924 λυ-

2198 3975 2542 4047 τρωσόμενος
2576 3970 2667 4025 τὸν
2713 3968 2962 4039 Ἰσραὴλ,
3013 3966 3276 4020 ἀπιστίαν
3322 3965 3699 4019 ἐνδείκνυται·
3740 3964 3804 4018 τὸ

2198 4070 2256 4122 δὲ
2287 4068 2491 4135 λέγειν,
2525 4067 2609 4119 ὃτι
2648 4063 2853 4134 Τρίτην
2898 4059 3104 4129 ταύτην
3138 4059 3353 4130 ἡμέραν
3385 4059 3537 4127 ἄγει,
3579 4056 3804 4128 ἀνθρὼ-

2199 4177 2318 4213 πων
2354 4158 2500 4211 ἐστὶν
2535 4156 2705 4224 ἐγγὺς
2753 4153 2924 4207 ὅντων
2956 4152 3053 4204 τοῦ
3102 4148 3664 4221 ἀναμιμνήσκεσθαι.
3716 4150 3802 4204 ὅτι

2200 4250 2351 4306 εἶπεν
2392 4252 2605 4313 αὐτοῖς’
2635 4267 2653 4300 ι
2689 4248 2766 4317 Τῇ
2796 4245 2958 4317 τρίτῃ
2980 4243 3166 4316 ἡμέρᾳ.
3198 4244 3605 4311 ἀναστήσομαι.
3640 4262 3660 4294 ι
3688 4242 3802 4297 Καὶ

2198 4344 2279 4409 τὸ,
2306 4362 2322 4394 ι
2348 4343 2674 4408 Ἐξέστησαν
2692 4339 2861 4409 ἡμᾶς,
2888 4356 2905 4388 ι
2937 4335 3179 4392 τοιοῦτόν
3206 4350 3257 4387 τι
3277 4332 3555 4404 ἐμφαίνει,
3575 4332 3805 4404 φημὶδή

519 4440 539 4475 ι
577 4423 793 4493 quidam
812 4439 875 4479 ex
913 4425 997 4481 his
1026 4427 1115 4495 qui
1144 4435 1271 4483 sunt
1308 4428 1589 4485 nobiscum
1624 4448 1639 4485 :
1673 4449 1693 4484 ι
1740 4432 1820 4487 vel
1869 4432 2086 4502 Petrum

2198 4436 2257 4489 τὸ
2276 4435 2373 4505 τὴν
2396 4432 2653 4485 ἀπιστίαν
2675 4430 2852 4483 αὐτῶν
2875 4424 3331 4483 ὑποσαλεύεσθαι.
3374 4424 3558 4485 Ὄλως
3588 4422 3649 4477 δὲ
3676 4439 3805 4475 σκο-

511 4516 686 4572 εοιιιιιι
714 4517 862 4581 dicit,
896 4518 981 4573 vel
1014 4518 1233 4574 Petrum
1265 4532 1319 4575 et
1344 4520 1635 4579 Joannem.
1671 4524 1736 4579 Et
1764 4526 1891 4583 hinc
1923 4530 2086 4583 mani-

2206 4526 2468 4597 πούμενοι
2495 4526 2543 4577 cl
2579 4524 2750 4591 λόγοι,
2781 4519 3114 4590 ἀνθρώπινοι
3137 4517 3215 4587 τῷ
3276 4516 3388 4569 δντι
3415 4515 3553 4578 είσὶ,
3583 4513 3680 4567 καὶ
3712 4529 3805 4565 πι-

512 4607 707 4663 lestum
748 4610 891 4679 quod
938 4626 1059 4680 qua:
1099 4612 1187 4666 alii
1220 4612 1326 4668 late
1379 4615 1603 4682 dicunt,
1648 4618 1741 4689 alii
1775 4621 2086 4691 compendic

2198 4621 2295 4673 λὺν
2322 4619 2415 4673 τὸν
2454 4612 3027 4686 δισταγμδνέχοντες,
3055 4610 3151 4663 καὶ
3180 4603 3292 4663 οἷον
3325 4606 3803 4680 ἐπαπορουμένων

514 4698 757 4763 tradunt,
788 4709 843 4754 et
873 4708 1187 4757 transcursu
1220 4712 1521 4760 transeunt.
1556 4708 1923 4765 Ambitionem
1953 4715 2086 4767 enim

2200 4712 2297 4765 καὶ
2325 4708 2754 4781 ἀμηχανούντων
2786 4705 2874 4758 διὰ
2904 4703 2965 4757 τδ
3012 4704 3113 4773 τῆς
3144 4700 3497 4763 ἀναστάσεως
3534 4698 3801 4763 ἐξαίσιον.

515 4787 665 4844 Petri
715 4798 768 4844 et
799 4789 1027 4847 Joannis
1077 4793 1143 4847 ad
1196 4796 1505 4865 sepulcrum
1529 4838 1545 4865 ,
1580 4795 1818 4856 Joannes
1856 4801 2086 4868 pluribnt

2202 4824 2220 4856 ι
2274 4801 2541 4872 ’Δπῆλθον
2584 4798 2661 4861 δὶ,
2694 4797 2851 4867 φασὶ,
2880 4795 3025 4858 τινες
3054 4794 3163 4847 τῶν
3197 4794 3296 4848 σὺν
3341 4793 3497 4863 ἡμῖν.
3540 4810 3558 4843 ι
3600 4792 3675 4844 Ἦ
3712 4790 3804 4843 τὸν

516 4880 828 4949 complexus
852 4894 958 4948 est,
987 4883 1074 4938 hic
1092 4895 1270 4940 autem
1296 4888 1490 4958 paucis
1512 4892 1843 4946 mentionem
1872 4891 2086 4965 faciens,

2196 4895 2406 4964 Πέτρον
2442 4891 2603 4963 μόνον
2658 4889 2843 4959 φησὶν,
2895 4885 3056 4957 ἦτδν
3107 4886 3315 4955 Πέτρον
3354 4884 3451 4937 καὶ
3530 4883 3800 4953 ῐιυάννην.

512 4972 678 5028 etiam
713 4976 931 5031 nomina
958 4980 1243 5047 praeteriit.

2192 4984 2506 5040 Κάντεῦθεν
2551 4983 2732 5053 δῆλον,
2784 4982 2870 5035 ὅτι
2919 4978 2956 5034 ἃ
3010 4977 3259 5041 πλατέως
3298 4976 3477 5047 ιτεροι
3522 4976 3800 5045 λέγουσιν,

511 5063 663 5120 ἄλλοι
688 5067 963 5139 συντόμως
1012 5072 1106 5127 καὶ
1130 5074 1499 5147 ἐπιδρομάδην
1521 5077 2093 5151 διέρχονται.Ὧσπερ
2131 5074 2226 5133 οὖν
2280 5080 2376 5134 καὶ⁵
2426 5077 2528 5148 τὴν
2593 5075 2690 5129 ἐπὶ
2760 5072 2823 5127 τὸ
2877 5072 3145 5142 μνημεῖον
3199 5070 3384 5139 ἄφιξιν
3437 5068 3652 5138 Πέτρου
3706 5069 3805 5121 καὶ

442 5180 445 5183 ·
517 5155 791 5222 Ἰωάννου.
815 5161 844 5214 ὁ
883 5160 981 5228 μὲν
1020 5162 1271 5235 Ἰωάννης
1304 5166 1638 5240 πλατύτερον
1664 5168 1964 5239 διεξῆλθεν,
1995 5168 2149 5239 οὗτος
2185 5172 2265 5238 δὲ,
2298 5171 2498 5239 ὀλίγων
2533 5161 2919 5236 ἐπιμνησθιὶς.
2946 5158 3247 5231 ἀνωνύμως
3286 5156 3534 5227 παρῆλθε
3548 5176 3597 5211 νο

582 5248 750 5308 τω.
780 5251 971 5309 25-35.
1009 5272 1028 5307 ι
1070 5254 1137 5310 Ει
1177 5256 1295 5327 ipse
1322 5257 1458 5314 dixit
1489 5262 1556 5314 ad
1587 5277 1681 5317 eos
1713 5279 1726 5317 :
1777 5263 1821 5319 Ο
1850 5264 1999 5319 stulti
2039 5276 2086 5321 et

2283 5284 2301 5316 t
2348 5264 2456 5317 Καὶ
2490 5260 2655 5323 αὐτὸς
2692 5254 2815 5313 εἷπε
2885 5257 3023 5327 πρὸς
3075 5252 3302 5317 αὐτούς·
3341 5247 3413 5305 Ὦ
3452 5250 3678 5319 ἀνόητοι
3710 5250 3803 5304 καὶ

515 5341 655 5395 tardi
688 5342 853 5397 corde
902 5344 975 5398 ad
1017 5347 1350 5403 credendum
1382 5349 1435 5403 in
1476 5351 1730 5408 omnibus
1760 5369 1880 5423 quae
1930 5353 2086 5412 locuti

2206 5357 2420 5429 βραδεῖς
2452 5357 2519 5426 τῇ
2551 5351 2751 5425 “per;
2778 5348 2875 5404 τοῦ
2911 5346 3193 5401 πιστεύειν
3218 5344 3312 5399 ἐπὶ
3338 5345 3528 5406 πᾶσιν,
3562 5335 3644 5406 οἷς
3675 5343 3801 5396 ἐλά-

514 5441 639 5486 suut
668 5433 981 5505 prophetat!
1028 5435 1214 5494 Nonne
1242 5439 1357 5497 hac
1385 5443 1626 5513 oportuit
1652 5446 1760 5515 pati
1786 5448 2086 5514 Christum,

2202 5450 2373 5521 λησαν
2420 5448 2471 5501 οί
2512 5446 2829 5517 προφῆται,
2887 5441 3009 5512 οὐχὶ
3066 5438 3243 5494 ταῦτα
3302 5438 3411 5492 ιδει
3470 5436 3674 5491 παθεῖν
3712 5436 3801 5491 τὺν

516 5531 572 5580 et
598 5522 801 5582 intrare
832 5527 886 5583 in
914 5525 1142 5598 gloriam
1169 5532 1359 5588 suam?
1386 5532 1453 5588 Et
1507 5549 1734 5593 exorsus
1772 5554 1799 5594 a
1850 5540 1995 5599 Mose
2038 5554 2086 5597 et

2204 5540 2459 5612 Χριστὸν,
2504 5539 2599 5595 καὶ
2636 5535 2898 5591 είσελθεῖν
2949 5536 3027 5599 είς
3077 5532 3177 5605 τὴν
3220 5531 3382 5599 δόξαν
3428 5530 3639 5600 uinci;
3695 5530 3801 5585 Καὶ

596 5706 641 5742 δ’
667 5704 857 5765 Matth.
882 5721 936 5775 ν,
968 5706 1023 5765 8.
1101 5708 1146 5742 “
1192 5709 1233 5765 ll
1270 5710 1394 5768 Cor.
1427 5727 1546 5782 vni,
1580 5712 1671 5771 2|.
