4000 6398
192 252 333 321 1:27

889 257 1336 322 ENARRATIO
1377 258 1457 320 IN
1497 259 1786 322 EVANGE

1892 261 2007 324 ΗΜ
2047 264 2290 328 ιυϐιΕ.
2326 290 2396 303 -·
2425 266 2584 329 CAP.
2626 268 2837 331 XXIV.

3368 230 3504 331 ttts

190 365 502 439 ἀρξάμενος
535 366 644 422 άπδ
675 364 942 437 Μωσέως,
976 374 1072 425 καὶ
1104 371 1214 425 ἀπὸ
1263 371 1487 426 πάντων
1521 370 1632 424 τῶν
1659 388 1786 442 προ-

1902 376 2159 433 omnibns
2192 378 2497 450 prophetis,
2530 379 2999 450 interpretabatur
3031 378 3139 435 illis
3164 376 3218 433 in
3252 377 3505 437 omnibus

192 458 411 532 φητῶν,
444 460 811 532 διηρμήνευεν
840 463 1028 526 αὐτοῖς
1056 465 1115 516 ὲν
1145 464 1350 526 πάσαις
1390 465 1513 526 ταῖς
1545 461 1795 535 Γραφαῖς

191 554 263 608 τά
296 555 433 626 περὶ
482 554 701 609 ἑαυτοῦ.
758 556 870 610 Καὶ
927 558 1167 628 ήγγισαν
1205 558 1285 621 είς
1340 556 1441 627 τὴν
1481 556 1678 628 κώμην
1716 541 1794 611 ὀὗ

195 649 549 720 ἐπορεύοντο.
608 649 720 703 Καὶ
769 650 933 713 αὐτὸς
1007 651 1395 722 προσεποιεῖτο
1454 647 1796 721 πορρωτέρω

194 740 546 811 πορεύεσθαι.
600 743 714 796 Καὶ
787 742 1193 813 παρεὸιάσαντο
1253 744 1439 807 αὐτὸν,
1514 743 1792 812 λέγοντες·

191 834 393 886 Μεῖνον
431 833 553 904 μεθ’
587 834 770 906 ἡμῶν,
808 837 891 888 ὅτι
942 836 1077 903 πρὸς
1114 837 1359 906 ἑσπέραν
1396 837 1533 899 ἐστὶ,
1572 838 1668 890 καὶ
1700 835 1798 889 κέ-

190 924 380 976 κλικεν
411 925 444 994 ἡ
474 925 691 997 ἡμέρα·
723 926 820 981 καὶ
852 926 1075 994 εἰσῆλθε
1104 926 1202 979 τοῦ
1237 930 1417 997 μεῖναι
1452 928 1552 980 σὺν
1583 928 1792 991 αὐτοῖς.

190 1016 303 1069 Καὶ
332 1017 556 1085 ἐγένετο
590 1020 649 1073 ὲν
685 1018 763 1087 τῷ
793 1020 1195 1090 κατακλιθῆναι
1228 1021 1396 1073 αὐτὸν
1431 1023 1547 1091 μετ’
1584 1019 1791 1087 αὐτῶν,

188 1108 374 1164 λαϐὼν
404 1112 495 1166 τὸν
521 1113 688 1183 ἄρτον
723 1112 1013 1181 εύλόγησε,
1052 1114 1147 1168 καὶ
1171 1113 1383 1177 κλάσας
1413 1112 1662 1167 ἐπεδίδου
1691 1113 1794 1166 αύ-

193 1204 329 1265 τοῖς.
354 1203 545 1257 Αὐτῶν
566 1204 620 1257 δὲ
639 1204 1024 1277 διηνοίχθησαν
1046 1206 1097 1258 ol
1118 1205 1409 1275 ὀφθαλμοὶ,
1434 1207 1526 1258 καὶ
1552 1206 1796 1274 ἐπέγνω-

187 1310 291 1348 σαν
318 1296 504 1360 αὑτὸν,
528 1299 622 1350 καὶ
642 1296 805 1361 αὐτὸς
826 1298 1063 1366 ἄφαντος
1083 1300 1304 1367 ἐγένετο
1331 1300 1426 1353 ἀπ’
1449 1300 1655 1353 αὐτῶν.
1682 1300 1794 1353 Καὶ

186 1381 346 1441 εἷπον
375 1389 513 1460 πρὸς
538 1389 826 1459 ἀλλήλους·
870 1390 1005 1461 Οὐχὶ
1035 1392 1068 1462 ἡ
1099 1390 1298 1461 καρδία
1319 1390 1482 1461 ἡμῶν
1515 1391 1788 1461 καιομένη

186 1473 256 1549 ἦν
290 1480 348 1532 ἐν
397 1481 527 1552 ἡμῖν
560 1480 635 1545 ὡς
670 1482 849 1535 ἐλάλει
893 1484 1027 1552 ἡμῖν
1055 1485 1114 1538 ὲν
1158 1486 1224 1555 τῇ
1264 1484 1391 1554 ὀδῷ,
1429 1485 1525 1538 καὶ
1566 1485 1642 1548 ὡς
1674 1485 1795 1554 διή-

183 1590 371 1641 νοιγεν
408 1577 541 1645 ἡμῖν
588 1576 688 1639 τὰς
716 1576 972 1647 Γραφάς;
1008 1577 1119 1630 Καὶ
1160 1578 1501 1642 ἀναστάντες
1551 1579 1690 1650 αὐτῇ
1722 1582 1789 1649 τῇ

182 1666 329 1738 ὥρᾳ,
362 1668 713 1738 ὑπέστρεψαν
742 1671 823 1732 είς
878 1669 1267 1741 Ἰερουσαλὴμ,
1298 1672 1396 1725 καὶ
1431 1666 1593 1742 εὖρον
1626 1690 1792 1742 συνη-

184 1760 547 1830 θροισμένους
581 1762 709 1825 τοὺς
736 1760 931 1814 ἕνδεκα.
958 1763 1054 1816 καὶ
1080 1764 1208 1827 τοὺς
1250 1764 1349 1817 σὺν
1378 1765 1563 1827 αὐτοῖς
1598 1763 1784 1832 λέγον-

181 1868 308 1916 τας,
343 1853 424 1906 ὃτι
459 1852 704 1923 Ἠγέρθη
735 1855 763 1905 ὁ
796 1854 1000 1925 Κύριος
1019 1855 1210 1921 ὅντως,
1244 1858 1339 1911 καὶ
1363 1857 1519 1926 ὤφθη
1544 1857 1784 1926 Σίμωνι’

182 1945 283 1998 καὶ
320 1944 478 1998 αὐτοὶ⁵
511 1944 810 2015 ἐξηγοῦντο
845 1946 913 1999 τά
949 1947 1007 2013 ὲν
1036 1949 1103 2017 τῇ
1150 1947 1277 2018 ὁδῷ,
1312 1951 1404 2002 καὶ
1434 1949 1509 2011 ώς
1536 1949 1784 2018 ἐγνώσθη

182 2035 375 2102 αὐτοῖς
407 2039 465 2089 ἐν
485 2040 552 2108 τῇ
587 2037 780 2092 κλάσει
814 2039 908 2092 τοῦ
958 2039 1150 2112 ἄρτου.
1194 2060 1211 2093 ι
1263 2041 1483 2113 Ἐπειδὴ
1508 2041 1789 2113 ἀνθρωπί-

177 2147 292 2193 νως
320 2129 422 2194 τάς
449 2131 677 2200 γνώμας
707 2131 1006 2199 διέκειντο,
1039 2134 1135 2187 καὶ
1168 2132 1335 2188 πολὺν
1361 2136 1453 2186 τδν
1484 2136 1787 2204 δισταγμὸν

179 2220 429 2285 ἐνόσουν,
477 2222 746 2291 ἀνοήτους
798 2224 999 2287 αὐτοὺς
1051 2224 1321 2279 ἀποκαλεῖ
1374 2229 1472 2280 καὶ
1530 2226 1782 2297 βραδεῖς,

176 2310 327 2366 ὥστε
378 2312 664 2366 πιστεύειν
714 2316 806 2367 ἐπὶ
840 2316 1007 2370 πᾶσιν
1052 2312 1133 2380 οἷς
1176 2318 1448 2387 ἐλάλησαν
1482 2320 1531 2371 οἱ
1569 2320 1786 2389 προφῆ-

174 2421 289 2460 cur
324 2405 439 2459 ἐστι
482 2406 594 2477 γὰρ
649 2408 930 2462 πιστεύειν
983 2411 1077 2464 καὶ
1124 2412 1369 2483 μερικῶς
1403 2413 1494 2465 καὶ
1530 2413 1783 2467 καθόλου.

176 2494 329 2564 υἷον,
378 2501 476 2553 ἐάν
526 2518 615 2565 τις
661 2501 756 2554 τὸν
805 2504 1043 2573 Χριστὸν
1096 2506 1190 2557 ἐπὶ
1236 2506 1482 2577 σωτηρίᾳ
1512 2507 1606 2559 τοῦ
1652 2506 1785 2560 λαοῦ

179 2592 400 2656 ἐλπίζει
426 2592 670 2659 ἔσεσθαι,
708 2594 770 2647 οὐ
814 2594 1000 2664 μέντοι
1032 2613 1096 2663 γε
1130 2596 1322 2667 ψυχιῖν
1354 2598 1623 2668 σωτηρίᾳ,
1667 2599 1786 2654 ἀλλ’

173 2688 622 2741 ἁποκαταστάσει
662 2686 758 2741 τοῖ’)
797 2686 985 2751 ἔθνους
1028 2688 1124 2741 τοῦ
1168 2690 1469 2742 Ἰουδαῖκοῦ
1516 2691 1604 2743 καὶ
1653 2692 1787 2744 άπο-

171 2777 484 2847 λυτρώοει,
535 2780 565 2833 ὁ
621 2780 866 2842 τοιοῦτος
923 2781 1021 2851 οὐχ
1060 2784 1184 2836 ὅσον
1224 2784 1304 2836 δεῖ
1346 2782 1647 2845 πιστεύειν,
1691 2801 1784 2835 πι-

177 2870 385 2924 στεύει.
418 2858 732 2939 Καὶάὒθις,
761 2875 810 2926 εἱ
835 2875 1086 2928 πιστεύει
1121 2875 1222 2946 μὲν
1249 2874 1328 2947 τῷ
1359 2876 1521 2930 Δαυῒδ
1548 2875 1784 2943 λέγοντι,

181 2981 202 3014 ι
248 2962 486 3033 Ὠρυξαν
543 2966 737 3034 χεῖράς
790 2982 894 3036 μου
954 2967 1047 3020 καὶ
1106 2967 1271 3027 πόδας
1325 2984 1451 3036 μου,
1509 2987 1527 3019 ι
1580 2966 1787 3021 καὶτὰ

1818 1724 1867 1785 Β

1903 467 1954 522 S.
1979 470 2200 539 riptnris
2224 488 2347 543 qua:
2371 475 2438 528 de
2469 474 2588 545 ipso
2620 483 2798 528 erant.
2827 473 2891 529 Et
2924 471 3509 543 appropinquaverunt

1899 564 2123 619 castello
2150 579 2257 633 quo
2291 564 2464 619 ibant.
2496 565 2559 619 Et
2588 566 2706 635 ipse
2728 580 2841 634 prae
2867 581 2932 620 se
2964 564 3178 621 ferebat
3207 579 3269 620 se
3293 563 3509 636 longius

1900 654 2000 709 ire.
2031 656 2099 711 Et
2135 668 2436 728 coegerunt
2464 658 2644 724 illum,
2683 659 2933 715 dicentes
2964 677 2978 714 :
3010 658 3169 714 Mane
3196 658 3504 721 nobiscum,

1899 749 2155 816 quoniam
2181 752 2360 822 vergit
2391 752 2457 806 ad
2482 768 2797 823 vesperam,
2834 762 2888 809 et
2921 751 3225 808 inclinatus
3254 759 3338 805 est
3364 750 3503 805 dies.

1898 841 1967 896 Et
1992 843 2218 898 intravit
2244 854 2307 899 ut
2335 854 2583 901 maneret
2612 860 2736 899 cum
2768 844 2896 899 illis.
2930 843 2997 898 Et
3030 845 3235 899 factum
3265 851 3349 897 est
3378 843 3502 896 dum

1899 940 2247 993 accumberet
2279 937 2449 1012 494
2471 955 2597 994 cum
2632 940 2732 1005 eis,
2773 940 2987 1008 accepit
3019 952 3214 1008 panem
3244 945 3299 991 et
3338 934 3503 989 henc-

1898 1030 2034 1085 dixit
2068 1046 2134 1087 ac
2183 1030 2386 1103 fregit,
2425 1042 2479 1088 et
2510 1032 2827 1104 porrigebat
2871 1032 2998 1087 illis.
3050 1030 3118 1086 Et
3164 1027 3337 1100 aperti
3374 1035 3501 1083 sunt

1898 1124 2039 1179 oculi
2072 1139 2287 1192 eorum,
2325 1136 2381 1181 et
2414 1135 2758 1195 agnoverunt
2783 1136 2931 1191 eum,
2963 1136 3018 1180 et
3065 1125 3185 1196 ipse
3221 1122 3441 1178 evanuit
3472 1134 3501 1173 a

1898 1225 2198 1287 conspectu
2230 1233 2448 1274 eorum.
2483 1217 2552 1273 Et
2583 1218 2844 1274 dixerunt
2876 1218 3020 1273 inter
3044 1232 3103 1274 se
3140 1236 3154 1271 :
3188 1213 3381 1270 Nonne
3411 1229 3506 1270 cor

1899 1320 2152 1365 nostrum
2193 1312 2424 1368 ardebat
2468 1313 2523 1367 in
2579 1313 2737 1369 nobis
2794 1313 2920 1367 dum
2973 1311 3295 1382 loqueretur
3349 1311 3507 1363 nohis

1899 1408 1954 1459 in
1986 1404 2094 1467 via,
2131 1416 2184 1461 et
2218 1406 2462 1475 aperiret
2492 1406 2655 1461 nobis
2688 1404 3049 1475 Scripturas?
3098 1404 3165 1459 Et
3213 1403 3507 1474 surgentes

1898 1500 2085 1553 eadem
2114 1498 2271 1565 hora,
2310 1499 2547 1570 regressi
2600 1510 2729 1554 sunt
2765 1502 2817 1553 in
2854 1497 3233 1569 Hierosolyma
3263 1505 3317 1550 et
3343 1495 3502 1549 inve«

1901 1600 2103 1645 nerunt
2137 1599 2503 1661 congregatos
2535 1592 2817 1659 undecim,
2858 1600 2913 1645 et
2953 1605 3051 1645 eos
3089 1589 3185 1659 qui
3226 1602 3352 1644 cum
3400 1585 3507 1644 illis

1899 1692 2078 1749 erant,
2123 1684 2416 1740 dicentes:
2458 1683 2711 1740 Surrexit
2757 1683 3022 1740 Dominus
3048 1697 3201 1749 vere,
3250 1688 3305 1737 et
3336 1690 3505 1749 appa-

1896 1777 2005 1831 ruit
2039 1775 2273 1832 Simoni.
2319 1775 2385 1831 Et
2422 1775 2526 1845 ipsi
2562 1778 2863 1832 narrabant
2894 1791 3020 1847 quae
3060 1782 3215 1846 gesta
3248 1780 3405 1827 erant
3448 1769 3504 1824 in

1892 1870 1977 1924 via
2004 1909 2019 1934 ,
2050 1879 2106 1924 et
2138 1869 2414 1939 quomodo
2464 1866 2665 1925 fuisset
2705 1868 2925 1940 agnitus
2969 1866 3072 1923 sibi
3124 1880 3194 1922 ex
3235 1863 3508 1919 fractione

1891 1965 2066 2035 panis.
2107 1984 2127 2018 ι
2165 1965 2435 2033 Quoniam
2468 1973 2648 2019 mente
2671 1964 2910 2019 humano
2934 1977 3086 2018 more
3119 1959 3300 2018 affecti
3324 1966 3504 2022 erant,

1892 2058 2174 2127 multaque
2223 2058 2566 2114 dubitatione
2609 2058 2970 2122 laborabant,
3022 2056 3225 2115 stultos
3259 2064 3421 2110 vocat
3452 2062 3507 2107 et

1893 2151 2077 2205 tardos
2104 2152 2171 2205 ad
2201 2150 2537 2205 credendum
2565 2150 2619 2203 in
2647 2148 2907 2204 omnibus
2931 2163 3053 2219 qure
3080 2146 3253 2203 locuti
3283 2145 3504 2200 fuerant

1890 2242 2187 2311 prophetze.
2213 2240 2457 2297 Credere
2499 2242 2646 2296 enim
2684 2255 2985 2312 possumus
3016 2249 3069 2294 et
3111 2254 3178 2294 ex
3229 2247 3408 2309 parte,
3448 2248 3505 2292 et

1891 2334 1944 2389 in
1978 2344 2190 2389 totum:
2224 2342 2282 2388 ut
2326 2334 2369 2388 si
2416 2334 2540 2404 quis
2578 2342 2766 2404 speret
2830 2333 3112 2390 Christum
3159 2333 3212 2386 in
3268 2330 3502 2387 salutem

1889 2426 2073 2496 populi
2116 2435 2432 2492 venturum,
2492 2427 2687 2481 nonin
2740 2426 2975 2483 salutem
3021 2426 3362 2488 animarum,
3405 2424 3503 2479 sed

1888 2518 2293 2576 res1itutionem
2320 2527 2377 2574 et
2406 2518 2783 2575 liberationem
2813 2519 2992 2589 populi
3020 2515 3263 2582 Iudaici,
3324 2514 3369 2569 is
3397 2528 3503 2569 non

1890 2622 2154 2681 quantum
2184 2620 2401 2682 oportet
2431 2612 2691 2679 credere,
2723 2611 2924 2668 credit.
2961 2609 3027 2666 Et
3054 2624 3248 2666 rursus
3283 2607 3329 2663 si
3381 2608 3508 2677 quis

1890 2706 2080 2760 credat
2131 2705 2317 2759 Davidi
2345 2704 2592 2760 dicenti:
2632 2721 2652 2755 ι
2700 2703 2979 2759 Foderunt
3012 2718 3207 2757 manus
3254 2716 3406 2756 meas
3437 2709 3496 2755 et

1890 2799 2057 2865 pedes
2076 2812 2228 2855 meos
2252 2798 2351 2863 ",i
2375 2809 2434 2853 et
2485 2809 2685 2853 caetera
2721 2813 2842 2867 qua:
2872 2797 2939 2852 de
2964 2811 3129 2851 cruce
3157 2806 3212 2850 et
3238 2793 3359 2848 aliis
3386 2808 3508 2862 qnze

1891 2892 1945 2946 in
1975 2906 2144 2946 cruce
2188 2890 2329 2946 facta
2370 2899 2522 2957 sunt,
2568 2901 2829 2962 tanquam
2880 2904 2947 2945 ex
2999 2902 3235 2958 persona
3285 2884 3500 2940 Domini

1891 2984 2180 3054 praedicta,
2217 2992 2271 3040 et
2318 2984 2515 3053 recipit
2542 2997 2607 3037 ea
2646 2997 2770 3052 quae
2800 2983 2866 3036 de
2908 2982 3168 3054 passione
3215 2979 3501 3041 dicuntur,

174 3055 345 3109 λοιπά
380 3057 479 3110 ὅσα
510 3059 639 3129 περὶ
678 3057 774 3111 τοῦ
808 3058 1043 3130 σταυροῦ
1084 3058 1181 3112 καὶ⁵
1211 3059 1321 3112 τῶν
1362 3061 1420 3111 ἐν
1450 3057 1528 3129 τῷ
1564 3055 1786 3129 σταυρῷ

1892 3090 1956 3131 ea
1990 3085 2175 3131 autem
2211 3090 2333 3146 quae
2376 3076 2443 3131 de
2484 3076 2923 3137 resurrectione,
2956 3088 3062 3128 non
3097 3079 3278 3136 curat,
3311 3072 3387 3124 uti
3418 3078 3504 3123 est

172 3150 252 3213 ὼς
290 3150 354 3202 ἑκ
377 3149 674 3222 προσώπου
702 3150 798 3205 τοῦ
840 3152 1049 3224 Κυρίου
1086 3153 1446 3224 προφητεύει,
1500 3152 1595 3206 καὶ
1624 3152 1779 3224 δέχε-

171 3262 273 3300 ται
310 3244 380 3299 τὰ
406 3246 536 3317 περὶ
559 3244 659 3303 τοῦ
697 3244 929 3314 πάθους,
958 3245 1027 3299 τά
1049 3246 1106 3301 δὲ
1139 3245 1269 3315 περὶ
1297 3246 1398 3315 τῆς
1429 3244 1782 3309 ἀναστάσεως

172 3334 241 3386 οὐ
277 3331 591 3402 λογίζεται,
626 3332 741 3389 οἷον
771 3334 834 3389 τὸ
857 3376 869 3399 ,
919 3353 938 3388 ι
979 3337 1054 3391 Ού
1100 3335 1293 3399 δώσεις
1335 3336 1427 3389 τὸν
1452 3336 1641 3391 Ὄσιόν
1686 3354 1780 3390 σου

178 3428 317 3481 ἰδεῖν
364 3428 687 3500 διαφθορὰν,
730 3448 751 3480 ι
787 3427 883 3481 καὶ
908 3428 991 3491 τὸ,
1028 3447 1047 3481 ι
1087 3429 1203 3483 Ούκ
1231 3427 1666 3498 ἐγκαταλείψεις
1683 3429 1783 3499 τὴν

172 3521 364 3592 ψυχήν
416 3539 518 3593 μου
545 3523 626 3586 είς
657 3520 823 3594 ᾅδην,
861 3539 883 3576 ι
935 3522 1031 3576 καὶ
1072 3521 1156 3589 τὸ,
1201 3541 1221 3575 ι
1276 3523 1365 3576 Ἐν
1392 3525 1607 3595 νεκροῖς
1631 3521 1785 3576 ἐλεύ-

178 3611 345 3683 θερος
368 3651 383 3675 ,
416 3630 435 3664 ι
465 3612 563 3667 καὶ
592 3611 676 3679 τὸ,
713 3630 731 3664 ι
784 3611 1029 3680 Ἐξάγων
1058 3612 1498 3683 πεπεδημένους,
1532 3613 1627 3666 καί⁵
1653 3614 1783 3676 τοὺς

169 3702 567 3768 κατοικοῦντας
603 3705 661 3757 ὲν
690 3703 916 3772 τάφοις,
974 3722 992 3755 ι
1038 3704 1132 3758 καὶ
1177 3704 1246 3756 τὰ
1276 3705 1534 3758 τοιαῦτα·
1586 3704 1647 3757 ού
1694 3722 1783 3757 τε-

172 3797 333 3851 λείαν
366 3797 553 3851 πίστιν
604 3797 719 3868 ἔχει
741 3837 755 3860 ,
792 3796 908 3851 ἀλλ’
944 3799 1008 3851 ὲκ
1046 3798 1271 3867 μέρους.
1298 3800 1389 3851 Δεῖ
1415 3797 1472 3852 δὲ
1503 3798 1601 3851 ἐπὶ
1644 3799 1782 3852 πᾶσι

175 3890 295 3951 τοῖς
325 3886 391 3942 τε
435 3889 534 3959 τῆς
580 3887 845 3959 ἀτιμίας,
883 3891 998 3953 τοῖς
1034 3905 1092 3941 τε
1142 3889 1242 3959 τῆς
1296 3890 1455 3961 δόξης
1500 3890 1784 3945 πιστεύειν

176 3983 295 4045 τοῖς
356 3982 689 4052 προφήταις.
744 3982 894 4041 Ἔδει
945 3982 1058 4055 γάρ
1107 3982 1201 4036 τὸν
1251 3983 1491 4053 Χριστὸν
1542 3985 1779 4038 παθεῖν’

177 4071 345 4128 τοῦτο
378 4073 475 4143 τῆς
506 4073 735 4144 ἀτιμίας
756 4090 770 4105 ·
799 4072 935 4127 ἀλλὰ
962 4076 1059 4129 καὶ
1090 4074 1355 4128 εἰσελθεῖν
1384 4076 1467 4140 είς
1499 4074 1600 4133 τὴν
1622 4074 1783 4142 δόξαν

179 4163 351 4220 αὑτοῦ
380 4178 397 4195 ⁸
422 4166 583 4220 τοῦτο
609 4166 668 4219 τὸ
716 4163 951 4232 ἔνδοξον.
1000 4165 1192 4236 Ὑμεῖς
1244 4167 1301 4220 δὲ
1338 4166 1514 4232 οὕτως
1564 4168 1784 4241 ἀνόητοί

177 4262 329 4327 ἔστε,
367 4260 511 4314 ὥστε
556 4260 781 4314 Ἡσαΐου
808 4259 1101 4323 ἀκούοντες
1153 4259 1407 4328 λέγοντος
1452 4262 1778 4334 ἀμφότερα,

177 4356 267 4411 δτι
294 4372 355 4409 τε
392 4357 474 4419 είς
515 4356 732 4428 σφαγὴν
782 4355 924 4427 ἤχθη
949 4396 963 4422 ,
996 4357 1091 4409 καὶ
1137 4355 1221 4409 ὅτι
1268 4356 1474 4428 Κύριος
1528 4357 1782 4427 βούλεται

176 4445 355 4513 δεῖξαι
388 4447 541 4519 αύτῷ
576 4447 719 4515 φῶς,
756 4447 938 4499 ἐκεῖνο
972 4446 1071 4514 μὲν
1114 4444 1361 4515 δέχεσθε,
1412 4444 1571 4499 τοῦτο
1600 4445 1657 4499 δὲ
1701 4446 1777 4517 μὴ
1811 4432 1858 4493 D

178 4535 504 4606 λογίζεσθει
541 4540 637 4591 καὶ
684 4538 768 4592 ὅτι
817 4536 917 4607 μὲν
951 4536 1420 4608 μεμωλώπισται,
1456 4537 1774 4594 πιστεύειν·

179 4632 267 4685 ὅτι
320 4631 379 4685 δὲ
421 4631 629 4703 Κύριος
685 4630 941 4702 βούλεται
978 4631 1276 4703 καθαρίσαι
1325 4631 1489 4687 αὑτὸν
1538 4633 1647 4687 άπὸ
1676 4633 1777 4704 τῆς

182 4725 441 4796 πληγῆς,
479 4725 555 4798 μὴ
595 4728 961 4798 προσεννοεῖν.
1008 4725 1153 4781 Ἀλλ’
1185 4726 1342 4792 ἐπεὶ,
1394 4727 1582 4797 φησὶν,
1623 4727 1781 4797 ὑμεῖς

177 4817 423 4889 ἀνόητοι,
463 4819 584 4892 ἢτοι
611 4818 835 4891 βραδεῖς
856 4836 870 4851 ·
904 4821 953 4872 εί
985 4818 1096 4889 γάρ
1122 4819 1342 4891 ἀνόητοι
1374 4814 1538 4890 ἦσαν,
1575 4821 1683 4873 οὐδ’
1714 4820 1781 4874 ἂν

175 4911 293 4966 οὐδ’
327 4912 490 4977 αὐτὸς
540 4912 723 4967 ἐλάλει
778 4913 998 4977 αὐτοῖς⁹
1047 4914 1171 4967 ἐπεὶ
1218 4913 1312 4968 οὖν
1352 4915 1570 4987 βραδεῖς
1628 4916 1787 4987 ὑμεῖς

177 5005 342 5071 ἐντι,
402 5002 515 5074 ἐγὼ
567 5003 920 5059 διαδαστάσω
970 5005 1071 5075 τὴν
1137 5005 1295 5076 ὑμῶν
1354 5007 1617 5071 διάνοιαν,
1691 5008 1788 5061 καὶ⁵

182 5086 331 5152 νοεῖν
375 5098 546 5165 ὀξέως
584 5103 821 5171 ποιήσω.
854 5100 948 5153 Διὸ
982 5102 1078 5153 καὶ
1119 5101 1229 5155 ἀπὸ
1264 5100 1513 5165 Μωσέως
1552 5105 1648 5156 καὶ
1677 5101 1787 5156 ἀπὸ

178 5190 405 5247 πάντων
446 5192 559 5247 τῶν
600 5192 900 5265 προφητῶν
940 5194 1313 5267 διηρμήνευεν
1352 5196 1542 5258 αὐτοῖς
1568 5213 1580 5224 ·
1632 5195 1694 5249 τό
1724 5212 1785 5249 τε

179 5282 297 5353 γὲρ
341 5285 442 5354 τῆς
501 5284 763 5356 Ἀδραὰμ
825 5284 1019 5351 θυσίας
1073 5288 1399 5359 μυστήριον,
1452 5289 1534 5342 ὅτι
1596 5288 1787 5342 Ἰσαάκ

176 5373 502 5445 ἀφεθέντος,
532 5377 688 5449 κριὸς
737 5377 927 5450 ἐτύθη,
963 5378 1138 5433 ταῦτα
1175 5382 1243 5435 τά
1270 5380 1415 5435 κατὰ
1444 5380 1536 5436 τὸν
1582 5381 1792 5449 Κύριον

1889 3171 2013 3236 hoc,
2059 3188 2078 3222 ι
2120 3168 2239 3225 Non
2273 3167 2429 3224 dabis
2483 3164 2751 3224 Sanctum
2784 3174 2939 3221 tuum
2981 3165 3168 3219 videre
3197 3160 3507 3231 corruptio-

1889 3278 2011 3317 nem
2036 3261 2102 3316 *8.
2166 3280 2186 3313 ι
2229 3261 2294 3316 Et
2343 3259 2517 3325 illud,
2582 3278 2602 3312 ι
2679 3257 2799 3314 Non
2860 3256 3211 3325 derelinques
3262 3254 3505 3310 animam

1887 3370 2066 3409 meam
2102 3355 2153 3407 in
2190 3351 2407 3407 inferno
2430 3353 2496 3407 “.
2544 3370 2563 3405 ι
2604 3351 2670 3406 Ει
2723 3351 2924 3407 iterum
2948 3390 2965 3416 ,
3008 3368 3027 3403 ι
3066 3348 3218 3406 Inter
3255 3358 3506 3405 mortuos

1889 3446 2107 3502 liber”.
2124 3465 2203 3499 με
2231 3444 2463 3509 Etillud,
2486 3464 2505 3497 ι
2534 3445 2788 3500 Educens
2808 3443 3019 3501 vinctos
3040 3455 3095 3498 et
3113 3441 3424 3498 habitantes
3448 3442 3503 3497 in

1888 3541 2156 3612 sepulcris
2172 3540 2239 3601 ⁸¹.
2272 3558 2291 3592 ι
2322 3547 2373 3595 et
2405 3537 2639 3593 similia:
2670 3554 2776 3594 non
2799 3537 2964 3592 habet
2990 3536 3289 3606 perlectam
3318 3535 3503 3601 ﬁdem,

1889 3638 1985 3692 sed
2018 3652 2084 3690 ex
2130 3642 2309 3702 parte.
2350 3631 2579 3704 Oportet
2627 3640 2813 3686 autem
2871 3630 2925 3684 in
2967 3629 3227 3685 omnibus
3269 3637 3379 3684 tam
3418 3629 3506 3684 his

1889 3744 2009 3799 qtue
2055 3728 2243 3795 gloriae
2292 3736 2460 3792 sunt,
2492 3741 2657 3796 qnam
2710 3740 2834 3795 qua:
2882 3723 3239 3794 ignominiae,
3273 3722 3506 3778 credere

1892 3822 2199 3895 prophetis.
2238 3819 2541 3890 Oportebat
2572 3819 2719 3873 enim
2766 3827 2822 3874 et
2860 3816 3144 3873 Christum
3176 3815 3311 3884 pati,
3356 3818 3503 3886 quod

1890 3921 1977 3968 est
2007 3912 2365 3981 ignominiaa:
2409 3920 2460 3964 et
2500 3911 2709 3965 intrare
2759 3909 2813 3964 in
2868 3908 3099 3976 gloriam
3150 3922 3331 3971 suam,
3361 3909 3506 3978 quod

1888 4015 1973 4060 est
1998 4004 2205 4076 glorim.
2231 4002 2339 4059 Vos
2362 4012 2546 4057 autem
2570 4003 2647 4057 sic
2672 4000 2822 4057 stulti
2848 4001 3005 4067 estis,
3032 4010 3094 4054 ut
3144 4014 3271 4055 cum
3301 3998 3503 4054 Isaiam

1890 4087 2126 4171 utraque
2159 4097 2431 4153 dicentem
2464 4097 2728 4162 audiatis,
2764 4106 2822 4150 et
2866 4097 3013 4165 quod
3060 4095 3129 4150 ad
3165 4094 3503 4150 occisionem

1891 4192 2090 4245 ductus
2125 4188 2220 4252 sit,
2264 4198 2317 4242 et
2349 4186 2497 4257 quod
2535 4185 2805 4241 Dominus
2837 4185 2969 4241 velit
3002 4187 3053 4241 ei
3090 4186 3388 4242 ostendere
3416 4184 3499 4240 lu-

1892 4297 2015 4337 men
2038 4282 2113 4348 ",
2154 4281 2286 4336 illud
2321 4281 2543 4351 quidem
2571 4280 2837 4351 recipitis,
2862 4280 2966 4335 hoc
2996 4287 3183 4335 autem
3211 4278 3501 4350 respuitis.

1890 4374 1957 4430 Et
1982 4377 2128 4445 quod
2164 4373 2491 4429 vulneratus
2511 4373 2735 4444 quidem
2778 4374 2871 4436 sit,
2903 4372 3130 4428 creditis
3164 4389 3181 4427 :
3212 4373 3358 4443 quod
3400 4388 3506 4427 au-

1888 4479 1995 4523 tem
2030 4467 2291 4523 Dominus
2328 4465 2457 4521 velit
2497 4479 2623 4521 eum
2659 4465 2951 4536 puriﬂcare
2992 4480 3021 4520 a
3076 4466 3258 4537 plaga,
3320 4464 3506 4520 animo

1888 4572 1995 4613 non
2028 4555 2383 4627 perpenditis.
2430 4553 2537 4611 Sed
2561 4557 2705 4625 quod
2733 4557 2904 4612 dicit:
2962 4556 3070 4611 Vos
3101 4555 3259 4610 stulti
3319 4556 3457 4611 estis
3488 4594 3503 4610 .

1888 4650 2111 4719 signat,
2150 4646 2312 4702 Tardi
2355 4647 2536 4713 estis;
2575 4662 2701 4702 nam
2738 4648 2784 4702 si
2827 4648 2977 4703 stulti
3014 4645 3244 4702 fuissent
3269 4685 3285 4711 ,
3328 4660 3509 4717 neque

1891 4743 2008 4813 ipse
2036 4739 2116 4795 eis
2151 4740 2348 4795 fuisset
2383 4740 2619 4795 locutus.
2650 4737 2724 4793 At
2766 4738 2892 4807 quia
2921 4738 3060 4793 tardi
3091 4737 3226 4793 estis
3257 4746 3379 4803 vos,
3406 4750 3509 4811 ego

1894 4841 2134 4887 mentem
2169 4813 2410 4887 vestram
2445 4830 2667 4885 acutius
2699 4830 2891 4888 videre
2938 4830 3160 4887 faciam.
3208 4829 3360 4887 Unde
3388 4838 3443 4885 et
3476 4845 3505 4884 ιι

1894 4923 2044 4981 Mose
2084 4936 2140 4978 et
2198 4924 2267 4979 ab
2311 4925 2572 4979 omnibus
2618 4925 2904 4996 prophetis
2954 4925 3354 4995 interpretatur
3400 4927 3505 4988 eis,

1893 5033 2089 5088 nempe
2140 5019 2463 5093 mysterium
2518 5020 2778 5075 sacrilicii
2833 5018 3104 5083 Abrahae,
3149 5018 3374 5089 quando
3423 5018 3510 5074 di-

1892 5111 2068 5168 misso
2101 5109 2277 5179 Isaac,
2308 5112 2455 5168 aries
2488 5112 2808 5169 immolatus
2840 5122 2925 5169 cst
2955 5114 3025 5171 ".
3063 5111 3191 5169 Haec
3222 5112 3373 5169 enim
3419 5127 3508 5169 res

1892 5204 2202 5260 dominicas
2259 5205 2669 5279 praetigurahat.
2702 5206 2859 5261 Sicut
2898 5206 3065 5260 etiam
3098 5207 3215 5276 ipse
3245 5193 3509 5262 Dominus

1890 5297 2022 5351 dicit
2054 5297 2256 5354 vidisse
2274 5299 2552 5355 Abraham
2584 5299 2728 5355 diem
2768 5313 2956 5363 suum,
3005 5307 3063 5353 et
3097 5297 3409 5355 exsultasse
3430 5294 3501 5352 ".

1894 5387 1963 5443 Et
1987 5389 2155 5443 illud:
2189 5407 2207 5442 ι
2245 5387 2517 5446 Videbitis
2536 5389 2704 5446 vitam
2732 5401 2981 5446 nostram
3008 5392 3338 5460 pendentem
3352 5390 3401 5425 ⁸⁸
3430 5407 3447 5446 :
3480 5408 3503 5444 ι

179 5470 521 5542 προετύπου,
558 5471 634 5537 ὡς
662 5474 758 5527 καὶ
796 5474 963 5539 αὐτὸς
995 5476 1023 5529 ὀ
1054 5474 1260 5546 Κύριός
1307 5494 1496 5549 φησιν,
1537 5478 1665 5531 ίδεῖν
1703 5477 1786 5533 τὸν

1898 5480 1952 5535 in
1982 5496 2095 5552 quo
2126 5491 2181 5538 et
2209 5482 2628 5541 cruciﬁxionem
2680 5481 2979 5554 signiﬁcat.
3031 5481 3363 5553 pendentem
3416 5478 3507 5536 di-

267 5675 311 5756 ξτ
342 5672 485 5729 ιτεαι.
531 5690 650 5756 κῃ,
697 5675 818 5756 ιτ..
867 5675 913 5710 ιο
947 5676 1090 5733 run.
1129 5694 1218 5756 ν,
1268 5678 1359 5756 ιοζ
1396 5679 1477 5756 μιν
1533 5678 1668 5734 tum.
1746 5679 1786 5713 σε

1892 5682 2000 5756 ξειιι.
2059 5697 2305 5751 Lxuvu,
2352 5681 2406 5739 6.
2486 5683 2531 5718 "
2582 5680 2724 5743 Psal.
2778 5698 2953 5752 um,
2974 5683 3027 5741 7.
3106 5683 3502 5756 "lsa.utl,7.

178 5746 381 5803 “Gen.
408 5748 649 5813 sxtt,l3.
729 5746 948 5806 “10am.
988 5764 1102 5814 \lll,
1145 5749 1234 5805 θέλ.
1316 5751 1360 5783 ⁵⁵
1396 5751 1551 5806 Deut.
1588 5768 1781 5819 χιι-ιιι,
1835 5752 1927 5810 66.
