4000 6396
190 358 336 427 1125
406 368 407 371 “

864 351 1320 417 ENARBATIO
1362 351 1442 414 IN
1482 347 1996 416 EVANGELIUM
2036 348 2272 412 ωδε.
2306 374 2376 387 -
2399 348 2560 411 CAP.
2600 348 2823 411 XXIV.

3382 345 3525 415 1126

187 470 420 539 οὐδεμία
453 466 598 521 οὕτω
628 468 741 530 τοϊς
774 462 1203 537 βαπτιζομένοις
1252 463 1449 532 ἄφεσις
1473 503 1489 528 ,
1522 460 1662 515 ἀλλά
1701 458 1782 514 καί

1905 467 2183 523 naturam,
2212 472 2337 530 qua
2363 468 2475 512 tota
2508 457 2561 512 in
2583 455 2806 512 Christo
2838 452 2992 509 unita
3012 462 3174 509 estet
3205 467 3522 527 assumpta,

187 561 479 635 προσθήκη
520 558 810 632 ἀμαρτιῶν
844 557 1181 626 ιπιγίνεται.
1236 548 1401 635 Οὐτοι
1433 555 1534 625 μὶν
1566 549 1682 608 οὖνι
1697 570 1801 606 κα-

1910 565 2016 605 ιιοιι
2052 551 2194 607 ιιΙιη
2246 549 2303 605 in
2350 551 2487 606 duas
2537 551 2723 605 dirimi
2777 551 3077 613 scctiones,
3115 546 3429 607 .ludasorutn
3465 562 3525 608 et

187 631 302 719 .s,
337 631 644 709 ἀπώλοντο.
675 652 771 716 Είς
804 649 987 705 πάντα
1021 648 1083 703 δι
1110 648 1183 702 τὰ
1213 631 1343 719 ἔθνη
1384 649 1413 701 ι
1446 646 1609 715 λόγος
1643 643 1782 717 teip-

1906 643 2191 716 geutiliutn
2226 683 2245 710 ,
2277 643 2377 699 sed
2414 644 2657 714 incipere
2691 658 3005 700 sermonem
3040 659 3068 697 a
3106 642 3437 711 Jerusalem,
3466 655 3523 701 et

185 747 301 815 θεν,
353 745 667 817 ἀρξάμενος
710 741 821 797 ἀπὸ
878 738 1268 813 Ἰερουσαλήμ.
1329 737 1482 794 Ἔδει
1526 736 1642 808 γάρ
1695 736 1799 808 τὴν

187 840 353 911 φύσιν
393 839 583 893 πᾶσαν
611 838 672 890 εν
701 834 927 907 Χριστῷ
956 834 1259 888 ινωθεῐσαν
1293 831 1388 885 καὶ
1431 828 1801 902 προσληφθεῖ-

188 950 313 993 σαν.
392 930 469 1002 μὴ
541 930 624 994 είς
695 927 790 982 δύο
856 926 1050 981 λοιπὸν
1109 922 1443 995 διαιρεῖσθαι
1501 922 1796 993 τμήματα,

194 1022 489 1093 Ἐϐραίους
534 1021 630 1075 καὶ
661 1018 941 1083 ἑθνικούς,
970 1016 1089 1072 ἀλλ’
1116 1013 1393 1084 ἄρξασθαι
1433 1013 1545 1070 ἀπὸ
1589 1012 1795 1084 Ἰερου-

182 1114 371 1186 σαλὴμ
406 1113 501 1167 τὸν
535 1112 698 1183 λόγον
732 1110 830 1165 καὶ
861 1110 922 1163 ιν
947 1111 1064 1173 τοῖς
1096 1105 1312 1162 ἔθνεσιν
1338 1104 1791 1171 ἀναπαύσασθαι,

180 1205 535 1261 ἑνοποιοῦντα
579 1204 680 1278 τὴν
730 1202 921 1273 φύσιν.
975 1220 995 1255 ε
1060 1200 1253 1272 Ὑμεῖς
1292 1200 1373 1267 δὲ,
1428 1200 1619 1270 φησὶν,
1666 1197 1793 1253 ἐστὶ

181 1300 465 1372 μάρτυρες
485 1298 691 1353 τούτων
741 1296 851 1351 τῶν
873 1296 1088 1360 παθῶν,
1121 1294 1221 1366 τῆς
1248 1295 1622 1357 ἀναστάσεως.
1657 1288 1793 1346 Εἶτα

179 1393 270 1446 ἵνα
322 1376 399 1464 μὴ
442 1390 767 1461 ταραχθῶσι
817 1387 949 1460 παρ’
1003 1389 1239 1451 ἑαυτοῖς,
1288 1388 1387 1441 καὶ
1434 1386 1788 1455 λογίσωνται·

179 1486 307 1548 Πῶς
364 1483 799 1555 μαρτυρήσομεν
852 1480 1137 1552 ἄνθρωποι
1199 1478 1413 1533 ίδιῶτςιι
1470 1478 1611 1549 πρὸς
1659 1476 1791 1549 ιθνη

176 1575 659 1645 ἀποστελλόμενοι,
686 1574 824 1646 πρὸς
836 1574 961 1637 τοὺς
986 1560 1428 1643 ἰεροδολυμίτας
1456 1572 1795 1642 ἀντιπαρεκ-

173 1671 432 1741 δυόμενοι
507 1670 636 1734 τοὺς
710 1670 806 1725 καὶ
861 1668 923 1724 oh
973 1668 1441 1734 ἀποκτείναντας,
1496 1667 1788 1739 Θαρσεῖτε,

1904 736 1959 792 in
1993 738 2249 809 gentibus
2278 739 2651 809 requiescere,
2676 737 2869 793 inuitis
2918 737 3235 807 generibus.
3272 736 3382 793 Vos
3424 753 3523 794 au—

1906 840 2014 884 tem
2049 831 2185 884 estis
2226 836 2397 885 testes
2426 829 2650 894 horum,
2685 828 2967 899 passionis
2985 829 3199 885 scilicet
3226 844 3290 885 ac
3328 846 3521 887 resur-

1900 923 2185 979 rectionis.
2215 921 2415 978 Postea
2449 938 2517 978 ne
2560 921 2919 977 turbarentur
2966 922 3111 977 intra
3152 937 3232 985 se,
3266 934 3322 978 et
3362 926 3521 995 cogi-

1901 1006 2105 1085 tarem,
2144 1015 2431 1082 Quomodo
2452 1015 2895 1082 testificabimur,
2922 1016 3013 1085 qui
3048 1017 3243 1085 privati
3269 1016 3522 1075 homines

1900 1123 1967 1164 ac
2018 1108 2201 1163 idiota:
2276 1122 2470 1164 sumus
2529 1116 2837 1179 contraque
2878 1118 3072 1178 gentes
3123 1109 3417 1176 mittimur,
3463 1122 3519 1165 et

1910 1212 2103 1258 contra
2133 1201 2629 1273 Jerosolymitanos
2665 1216 2948 1257 armantur
2980 1203 3072 1272 qui
3134 1212 3189 1258 et
3220 1213 3270 1258 te
3304 1205 3523 1259 occide-

1896 1296 2068 1350 runt?
2128 1295 2268 1350 dixit
2311 1295 2418 1361 eis,
2471 1313 2491 1346 ι
2542 1294 2869 1351 Confidite:
2928 1314 2950 1348 ι
2990 1295 3153 1366 hujus
3197 1296 3277 1350 rei
3334 1297 3512 1366 gratia

1897 1387 2112 1442 mittam
2138 1387 2459 1458 propediem
2493 1387 2925 1456 promissionem
2970 1386 3173 1453 Patris,
3200 1388 3267 1443 de
3290 1402 3395 1456 qua
3428 1388 3517 1443 di-

1894 1488 2043 1535 ctum
2080 1493 2177 1549 per
2213 1476 2451 1542 Joelem,
2482 1496 2499 1529 ι
2536 1476 2833 1533 Effundam
2864 1480 2932 1532 de
2960 1477 3169 1548 Spiritu
3199 1493 3518 1548 meosupr'r

1892 1588 2111 1628 omnem
2145 1588 2370 1628 carnem
2416 1571 2465 1604 '°
2502 1591 2520 1623 ι
2559 1582 2667 1627 etc.
2700 1572 2901 1627 Sedete
2921 1574 3109 1644 igitur,
3148 1573 3238 1641 qui
3272 1588 3420 1628 nunc
3450 1573 3517 1626 ti-

1893 1664 2024 1718 midi
2050 1673 2106 1719 et
2137 1679 2328 1734 parum
2357 1663 2563 1726 viriles,
2594 1663 2773 1718 donec
2805 1662 3105 1717 induamini
3142 1664 3366 1730 vit-tute,
3401 1675 3510 1715 non

172 1765 334 1833 φησι,
366 1761 560 1817 τούτου
606 1763 793 1817 ἓνεκα.
844 1759 1163 1816 Ἀποστελῶ
1188 1761 1297 1829 γάρ
1324 1760 1450 1814 ὅσον
1489 1758 1645 1813 οὔπω
1686 1759 1782 1832 τὴν

1895 1754 2154 1819 humana,
2190 1755 2285 1809 sed
2326 1753 2556 1810 cmlesﬁ.
2599 1752 2721 1808 Non
2755 1754 2894 1807 dixit
2933 1764 3141 1817 autem,
3175 1751 3459 1819 accipiatis
3490 1791 3510 1818 ,

170 1825 517 1923 ιτέαγγιλιιν
544 1855 641 1908 τοῦ
684 1854 903 1926 Πατρός
933 1871 1062 1925 μου,
1098 1852 1167 1925 ἣν
1197 1825 1352 1906 at...
1382 1852 1451 1906 δι’
1496 1852 1673 1923 amp,
1704 1825 1782 1908 δὲι

1895 1848 2013 1912 sed,
2047 1865 2066 1898 ι
2101 1844 2406 1901 induamini
2435 1863 2449 1899 :
2488 1864 2508 1899 ι
2539 1846 2825 1901 declarans
2856 1846 3081 1899 omnino
3112 1845 3359 1899 custodia
3395 1844 3516 1915 spi-

174 1963 193 1995 ε
242 1944 457 2015 Ἐκχεῶ
484 1945 594 2000 ἀπὸ
618 1945 712 1999 τοῦ
735 1945 1057 2017 Πνεύματός
1082 1962 1185 2016 μου
1219 1945 1312 1997 ἐπὶ
1340 1945 1524 1998 πᾶσαν
1545 1945 1784 2017 capita,»

179 2036 269 2089 καὶ
302 2039 375 2090 τά
410 2036 560 2109 ιξῆς.
592 2035 877 2091 Καθίσατε
908 2032 1027 2103 οὖν,
1054 2038 1105 2091 oi
1136 2036 1231 2090 νῦν
1264 2034 1433 2089 δειλοὶ
1479 2038 1575 2089 καὶ
1620 2036 1790 2093 ἀναν-

170 2129 315 2201 δροι,
364 2132 472 2195 ἕως
518 2130 579 2185 οὐ
629 2131 929 2202 ὲνδύσησθε
972 2130 1207 2201 δύναμιν
1251 2130 1355 2184 οὐκ
1408 2130 1786 2203 ἀνθρωπίνην,

168 2222 288 2275 ἀλλ’
316 2223 593 2294 οὐράνιον.
626 2224 743 2278 υύκ
774 2220 899 2278 εἷπε
922 2225 1005 2289 δὲ,
1032 2223 1296 2294 Δέξησθε,
1324 2223 1466 2291 ἀλλ’,
1516 2242 1536 2275 ε
1600 2223 1787 2280 Ἐνδύ-

168 2312 364 2383 σησθε,
400 2333 418 2365 ι
460 2318 523 2368 τὸ
556 2312 827 2369 πάντοθεν
860 2313 1236 2386 φρουρητικδν
1261 2314 1362 2384 τῆς
1396 2315 1786 2387 πνευματικῆς

164 2406 439 2469 ὁπλίσεως
467 2407 814 2477 ὑποφαίνων.
855 2425 875 2461 ε
925 2406 1203 2478 Ἐξήγαγεν
1234 2406 1292 2460 δὲ
1327 2406 1530 2471 αὐτοὺς
1560 2407 1670 2473 ἓως
1706 2409 1788 2473 είς

166 2495 468 2565 Βηθανίαν.
508 2516 528 2550 ι
571 2495 745 2551 Τοῦτο
788 2497 1059 2567 νοήσομεν
1100 2496 1159 2549 ὲν
1207 2495 1347 2567 αὐτῇ
1390 2498 1458 2567 τῇ
1504 2511 1787 2566 τεσσαρα·

166 2589 340 2659 κοστῇ
385 2589 575 2660 ἡμέρᾳ
622 2587 933 2657 γεγονέναι.
981 2588 1050 2639 ’Δ
1096 2586 1205 2659 γὰρ
1248 2580 1399 2639 οὗτοι
1437 2587 1497 2638 εν
1544 2587 1783 2657 επιτομῇ

166 2676 413 2745 λέγουσι,
449 2678 625 2732 ταῦτα
656 2678 770 2731 νόει
806 2694 898 2749 μοι
958 2677 1023 2730 σύ
1059 2679 1117 2729 εν
1162 2676 1391 2740 πολλαῖς
1427 2676 1668 2748 ἡμέραις
1697 2676 1785 2745 γί-

164 2768 378 2823 νεσθαι·
415 2770 491 2833 ὡς
515 2771 682 2834 αὐτὸς
714 2766 869 2835 οὖτος
892 2771 921 2824 ὁ
947 2770 1167 2832 Λουκᾶς
1200 2786 1367 2839 φησιν
1394 2770 1454 2822 δν
1482 2770 1604 2833 ταῖς
1635 2770 1785 2842 Πράο

165 2864 341 2929 ξεσιν,
371 2864 455 2918 ὅτι
508 2884 526 2918 ι
560 2864 640 2917 Δι’
679 2862 910 2936 ἡμερῶν
949 2863 1371 2932 τεσσαράκοντα
1400 2862 1784 2933 ὀπτανόμενος

163 2958 377 3021 αὐτοῖς.
432 2975 451 3010 ι
504 2957 775 3029 Συχνάκις
825 2956 939 3028 γάρ
986 2956 1271 3027 ἐφίστατο,
1333 2958 1429 3010 καὶ
1484 2956 1777 3026 ἀφίστατο.

165 3049 449 3121 Εὐλόγησε
498 3050 557 3105 δὲ
600 3050 729 3115 τοὺς
760 3049 1031 3119 μαθητὰς,
1080 3049 1227 3119 τάχα
1278 3048 1378 3119 μὲν
1409 3048 1505 3102 καὶ
1543 3048 1782 3119 δύναμιν

163 3142 406 3213 φρουρὸν
459 3142 648 3207 αὐτοῖς
694 3141 936 3206 ἐντιθεὶς
988 3141 1120 3212 ἀχρι
1170 3142 1273 3211 τῆς
1315 3139 1411 3194 τοῦ
1457 3141 1781 3212 Πνεύματος

165 3237 495 3306 παρουσ²ας,
549 3235 691 3308 τάχα
744 3234 803 3288 δὲ
853 3236 949 3288 καὶ
1008 3236 1157 3306 ἡμᾶς
1203 3234 1498 3300 διδάσκων,
1553 3234 1777 3289 ιηιδάν

160 3327 566 3399 ἀποδημῶμεν,
609 3329 730 3391 ταῖς
780 3311 1060 3395 εὐλογίαις
1109 3330 1235 3390 τοὺς
1271 3326 1364 3397 ὐφ’
1415 3328 1565 3398 ἡμᾶς
1598 3344 1779 3400 παρα-

162 3420 581 3475 κατατίθεσθαι.
622 3438 641 3472 ε
674 3420 1005 3491 Ἀνεφέρετο
1064 3420 1120 3473 δὲ
1168 3422 1257 3483 είς
1293 3420 1386 3473 τὸν
1446 3418 1701 3492 οὐρανόν.
1751 3438 1772 3473 ι

172 3512 363 3577 Ἠλίας
395 3513 494 3584 μὶν
522 3516 651 3585 γὰρ,
710 3512 801 3576 Ὠς
833 3514 915 3576 είς
950 3513 1185 3582 οὐρανόν
1211 3530 1226 3544 ο
1280 3512 1487 3566 ὡσανεὶ
1514 3513 1626 3585 γάρ
1659 3513 1761 3566 ὲδό-

157 3617 257 3659 κει
288 3605 371 3667 είς
410 3604 645 3675 οὐρανὸν
694 3601 1104 3675 ἀναφέρεσθαιο
1147 3605 1177 3657 ό
1218 3603 1275 3656 δὶ
1320 3603 1515 3674 Σωτὴρ
1558 3605 1640 3668 είς
1683 3602 1776 3657 τὸν

154 3697 395 3768 οὐρανὸν
437 3697 605 3751 αὐτὸν
644 3696 957 3769 πρόδρομος
1001 3696 1225 3750 πάντων
1266 3695 1587 3767 ἀνελήλυθε,
1631 3696 1776 3769 μετά

154 3787 261 3860 τῆς
292 3786 454 3855 ἁγίας
476 3786 681 3858 σαρκὸς
728 3784 897 3841 αὐτοῦ
926 3786 1335 3858 εμφανισθῆναι
1375 3787 1452 3859 τῷ
1490 3787 1773 3860 προσώπῳ

152 3878 258 3934 τοῦ
290 3878 449 3944 Θεοῦ,
487 3886 584 3939 καὶ
626 3878 887 3951 σύνεδρον
914 3880 1089 3951 αὐτὴν
1134 3879 1413 3947 ἀποδείξαι
1458 3881 1539 3953 τῷ
1568 3882 1768 3954 Πατρί.

156 3970 277 4024 Καὶ
309 3970 405 4023 νῦν
432 3972 826 4039 προσκυνεῖται
860 3971 895 4041 ἡ
931 3970 1093 4041 φύσις
1125 3971 1286 4042 ἡμῶν
1317 3974 1375 4025 ὲν
1403 3972 1629 4045 Χριστῷ
1663 3974 1771 4027 ὐπὸ

158 4066 345 4135 πάσης
376 4064 683 4136 ἀγγελικῆς
718 4064 1025 4135 δυνάμεως.
1066 4082 1085 4116 ε
1125 4066 1293 4119 Αὐτοὶ
1327 4065 1384 4120 δὲ
1413 4066 1771 4138 ὑπέστρεψαν

156 4156 305 4229 μετά
350 4157 525 4229 χαρᾶς
575 4157 843 4228 μεγάλης,
894 4157 990 4211 καὶ
1038 4152 1183 4227 ἦσαν
1219 4157 1307 4213 διά
1355 4158 1558 4223 παντὸς
1592 4160 1652 4215 ὲν
1695 4160 1771 4232 τῷ

154 4249 313 4321 ἱερῷ.
349 4268 368 4302 ι
412 4250 580 4321 Ὁρᾷς
608 4249 848 4322 ἀρετήν;
885 4249 1057 4304 Οὐπω
1084 4250 1147 4304 τὸ
1178 4250 1431 4323 Πνεῦμα,
1478 4254 1574 4307 καὶ
1604 4271 1772 4307 πνευ-

156 4342 410 4413 ματικῶς
459 4343 733 4411 διάγουσι.
782 4343 847 4395 Οἱ
892 4343 1004 4415 γὰρ
1043 4342 1433 4415 κεκλεισμένοι
1471 4346 1765 4419 πρότερον,

152 4434 255 4489 νῦν
283 4437 342 4491 ἐν
374 4436 563 4508 μέσοις
587 4436 702 4499 τοῖς
724 4436 1044 4506 ἀρχιερεῦσι
1072 4436 1347 4505 διάγουσι,
1380 4439 1478 4491 καὶ
1512 4439 1671 4494 οὐδὲν
1707 4444 1768 4496 ὲν

1893 1939 2110 1995 ritualis
2136 1946 2435 1994 armatura:
2462 1939 2810 1993 muniendos.
2855 1956 2875 1990 ι
2914 1936 3120 1993 ΕιΙωιίι
3173 1950 3356 1992 autem
3416 1951 3520 1994 eos

1891 2036 2140 2103 utquein
2173 2032 2517 2087 Bethaniam.
2561 2050 2580 2084 ι
2616 2029 2732 2088 lloc
2763 2030 3127 2101 intelligamus
3158 2030 3214 2085 in
3248 2031 3336 2086 die
3374 2046 3517 2101 qua-

1890 2124 2202 2195 dragesimo
2234 2122 2440 2179 factum
2479 2139 2623 2180 esse.
2661 2123 2793 2189 Quae
2825 2125 2977 2177 enim
3015 2122 3090 2178 illi
3144 2121 3394 2178 breviter
3425 2125 3511 2180 di-

1888 2229 2041 2283 cunt,
2077 2229 2131 2273 tu
2163 2218 2219 2272 in
2268 2218 2457 2273 multis
2485 2219 2679 2271 diebus
2711 2216 2854 2270 facta
2888 2230 3009 2271 esse
3043 2215 3290 2287 intellige
3323 2234 3337 2272 :
3365 2216 3514 2273 sicut

1888 2322 1945 2368 et
1989 2312 2106 2383 ipse
2140 2310 2319 2366 Lucas
2363 2311 2415 2365 in
2449 2312 2601 2365 Actis
2642 2308 2777 2365 dicit
2822 2311 2970 2381 quod
3013 2325 3111 2380 per
3145 2310 3511 2382 quadraginta

1891 2406 2012 2461 dies
2041 2404 2189 2459 visus
2230 2404 2302 2459 sit
2330 2402 2411 2460 eis
2434 2404 2503 2457 σί.
2565 2401 2723 2471 Sazpe
2757 2402 2902 2457 enim
2935 2400 3002 2456 a-:l
3029 2416 3125 2457 eos
3155 2403 3412 2470 acces~it,
3453 2410 3512 2456 et

1888 2499 1957 2552 ab
1990 2499 2070 2552 eis
2094 2496 2291 2551 iterum
2319 2494 2610 2551 abscessit.
2649 2494 2937 2551 Benedicit
2965 2504 3152 2550 autem
3184 2492 3507 2565 discipulos.

1890 2587 2141 2643 fortassis
2181 2586 2476 2642 infundens
2523 2587 2605 2642 eis
2648 2588 2760 2641 vim
2801 2602 2927 2657 quae
2977 2586 3286 2642 custodiret
3334 2601 3510 2658 .tsque

1889 2682 1941 2734 in
1971 2683 2268 2735 adventum
2309 2678 2549 2749 Spiritus
2594 2699 2608 2735 :
2656 2679 2911 2735 fortassis
2954 2681 3119 2736 etiam
3157 2695 3257 2735 nos
3299 2679 3511 2736 docens

1886 2788 2012 2827 cum
2058 2786 2288 2842 peregre
2319 2773 2743 2843 proﬁciscimur.
2780 2782 2838 2827 ut
2865 2771 3316 2828 commendemus
3349 2772 3508 2827 nobis

1887 2866 2138 2920 subditos
2171 2865 2671 2921 benediuionibus.
2712 2864 3017 2920 Ferebatur
3060 2876 3245 2919 autem
3284 2881 3505 2921 sursum

1886 2960 1942 3012 in
1985 2958 2186 3011 ctelum
2226 2955 2410 3012 :Elias
2440 2959 2588 3014 enim
2622 2960 2778 3029 quasi
2822 2957 2875 3012 itt
2938 2957 3138 3013 malum
3176 2957 3509 3030 (videbatur

1882 3051 2029 3107 enim
2064 3050 2221 3120 quasi
2256 3050 2309 3104 in
2337 3050 2539 3106 caelum
2578 3050 2775 3121 ferri),
2812 3047 2867 3102 iit
2901 3048 3158 3105 Salvator
3193 3053 3247 3105 in
3298 3046 3505 3119 emittm

1887 3146 2086 3214 ipsum,
2115 3142 2431 3199 Pratcursor
2461 3144 2729 3207 omnium,
2761 3143 3037 3211 ascendit,
3069 3152 3128 3198 ttt
3153 3158 3279 3199 cum
3305 3155 3501 3199 sancta

1883 3253 2050 3292 carne
2083 3253 2181 3291 sua
2208 3246 2556 3306 compareret
2580 3248 2707 3291 ante
2739 3247 3102 3307 conspectum
3138 3235 3261 3303 Dei,
3296 3246 3352 3292 et
3377 3251 3501 3293 eam

1880 3340 2152 3385 statueret
2185 3345 2307 3383 ctnu
2338 3328 2504 3383 Patre
2535 3329 2936 3384 etmsidentem.
2972 3330 3033 3382 Et
3072 3344 3218 3384 nunc
3242 3330 3506 3385 adoratur

1883 3432 2079 3476 natura
2112 3432 2297 3477 nostra
2341 3423 2393 3475 itt
2424 3420 2649 3476 Christo
2679 3423 2746 3475 ab
2775 3422 2924 3475 omni
2978 3436 3097 3492 augt
3123 3423 3227 3477 lica
3265 3423 3492 3478 virtute.

1882 3513 1961 3568 Illi
2003 3524 2183 3567 autent
2211 3514 2412 3568 reversi
2448 3524 2574 3567 sunt
2605 3529 2728 3569 cum
2766 3514 2965 3583 gaudio
2996 3530 3214 3585 magno,
3244 3526 3300 3569 et
3342 3526 3504 3570 erant

1879 3620 2097 3675 semper
2128 3607 2181 3659 in
2214 3607 2438 3677 templo.
2477 3607 2640 3661 Vides
2691 3605 2996 3663 virtutem?
3036 3607 3291 3662 Nondum
3323 3608 3504 3676 Spiri-

1882 3708 1968 3755 tus
1990 3742 2004 3765 ,
2040 3709 2095 3754 et
2128 3699 2493 3767 spiritualiter
2542 3701 2755 3755 vivunt.
2792 3701 2896 3768 Qui
2928 3702 3077 3756 enim
3109 3706 3264 3773 prius
3300 3704 3499 3758 inclusi

1875 3802 2057 3858 erant,
2096 3807 2240 3847 nunc
2270 3792 2416 3848 inter
2445 3795 2657 3849 medios
2698 3793 2989 3863 pontifices
3015 3797 3229 3859 vivunt,
3270 3803 3325 3849 et
3354 3794 3494 3850 nihil

1880 3883 1935 3937 in
1970 3886 2052 3940 eis
2086 3886 2408 3957 temporale,
2436 3888 2530 3942 sed
2556 3889 2891 3957 contemptis
2919 3888 3178 3942 omnibus
3204 3888 3257 3941 in
3291 3888 3499 3959 templo

1879 3992 2102 4048 semper
2139 3980 2310 4033 Deum
2356 3978 2582 4034 laudant
2609 3990 2663 4035 et
2693 3980 3047 4037 benedicunt.
3090 3979 3336 4047 Quorum
3376 3982 3501 4035 imi-

1877 4079 2082 4126 tatores
2108 4073 2273 4127 etiam
2304 4087 2403 4127 nos
2432 4071 2585 4139 facti,
2614 4072 2667 4127 in
2695 4073 2805 4129 vita
2836 4083 3028 4128 sancta
3057 4089 3276 4144 semper
3298 4076 3495 4141 simus,

1875 4162 2166 4220 laudantes
2209 4180 2305 4235 per
2340 4164 2482 4221 hanc
2525 4168 2695 4220 vitam
2754 4176 2811 4222 et
2868 4166 3254 4221 beuetliceutes
3301 4165 3493 4221 Deum.

1875 4257 2063 4325 Gloria
2096 4260 2243 4313 enim
2273 4257 2365 4312 Dei
2391 4267 2445 4312 et
2495 4258 2805 4313 bent-dictio
2829 4269 2916 4313 est
2948 4269 3140 4313 sancta
3169 4269 3223 4314 et
3252 4260 3496 4314 virtuosa

1873 4351 1984 4407 vita
2021 4368 2035 4405 :
2088 4351 2347 4420 quoniam
2383 4366 2509 4407 eum
2555 4354 2713 4408 decet
2755 4353 2937 4408 omnis
2972 4351 3143 4425 gloria
3195 4353 3251 4407 in
3294 4353 3499 4408 saecula

1875 4446 2227 4502 saeculorum.
2260 4448 2462 4501 Amen.

153 4532 343 4595 αὐτοῖς
382 4530 658 4603 βιωτικόν·
705 4530 843 4584 ἀλλὰ
878 4531 1101 4584 πάντων
1133 4534 1665 4605 περιφρονήσαντες,
1710 4539 1769 4593 ἑν
1811 4540 1891 4612 τῷ
1956 4539 2093 4613 ἱερῷ
2122 4538 2338 4594 αίνοῦσι
2386 4539 2685 4606 διαπαντὸς
2709 4541 2801 4595 τὸν
2826 4540 2985 4605 Θεὸν,
3014 4540 3111 4595 καὶ
3146 4538 3494 4610 εὐλογοῦσιν,

152 4616 260 4679 ⁷ον
294 4626 533 4696 μιμηταὶ
563 4624 657 4679 καὶ
696 4625 863 4695 ἡμεῖς
900 4625 1205 4695 γενόμενοι.
1262 4628 1322 4681 ἐν
1362 4628 1494 4701 ἱερῷ
1533 4633 1636 4703 βίῳ
1696 4633 2002 4700 διαπαντὸς
2056 4636 2277 4707 εἴημεν,
2339 4634 2625 4702 αίνοῦντες
2676 4637 2765 4693 διὰ
2840 4636 3037 4691 τούτου
3084 4636 3182 4691 τοῦ
3232 4636 3350 4708 βίου
3397 4653 3494 4705 καὶ

152 4717 511 4784 εὐλογοῦντες
540 4716 634 4770 τὸν
676 4716 834 4772 Θεόν.
909 4716 1049 4783 Δόξα
1080 4722 1188 4793 γὰρ
1232 4719 1371 4775 Θεοῦ
1416 4724 1513 4778 καὶ
1552 4725 1778 4797 εὐλογία
1845 4732 1876 4785 ό
1937 4730 2085 4803 ἱερὸς
2128 4731 2225 4785 καὶ
2275 4716 2538 4803 ἐνάρετος
2590 4730 2741 4803 βίος⁶
2788 4732 2874 4787 ὅτι
2916 4730 3067 4803 αὐτῷ
3095 4735 3299 4801 πρέπει
3340 4733 3497 4785 nam.

151 4812 287 4877 δόξα
317 4813 397 4871 εἰς
428 4811 557 4873 τοὺς
590 4811 820 4875 αίῶνας,
860 4812 1059 4883 Ἀμήν.
1900 4806 1910 4817 ’

1954 4958 2335 5029 TltrOpftyfaclt
2363 4958 2417 5012 t'tt
2462 4957 2812 5027 Evangelium
2845 4955 3002 5013 Lura:
3031 4953 3414 5009 Commemarii

158 4950 343 5014 Τέλος
373 4945 481 5015 τῆς
520 4950 605 5010 είς
642 4948 709 5000 τὸ
750 4950 901 5026 κατὰ
936 4949 1183 5026 Δουκᾷν
1210 4954 1583 5023 Είιαηιέλιον
1632 4956 1763 5026 Ἑρ-

2605 5029 2750 5097 linis.

579 5020 836 5088 μηνειας
869 5023 1327 5090 Θεοφυλὼίτοιι.

225 5206 275 5238 ⁸⁸
302 5204 416 5259 Jttcl
446 5221 502 5262 tt.
536 5205 628 5259 23.
706 5205 750 5235 ⁸³
783 5209 905 5261 Act.
945 5223 984 5271 I,
1021 5207 1073 5261 5.
