4000 6394
566 306 708 374 1139

1456 301 2040 371 THEOPHYLACTI
2083 296 2499 361 BULGARI/E
2534 296 2896 360 ARCHIEP.

3728 286 3856 355 ιιιο

562 440 817 482 sermone
861 431 915 479 et
963 423 1228 492 sapientia
1260 432 1317 481 et
1370 423 1573 478 virtute
1600 436 1741 479 esse.
1784 421 1994 477 idcirco
2020 416 2147 488 quia

2252 411 2386 466 Θεὸν
2425 411 2622 479 ἄλογον
2661 410 2695 481 ἢ
2725 410 2929 478 ἄσοφον
2978 403 3120 463 εἶναι
3159 424 3325 475 ποτε,
3366 407 3400 477 ἢ
3431 405 3731 462 ἀδύνατον.
3765 408 3856 462 Διὰ

564 517 788 571 verbum
817 522 871 570 et
894 516 1161 586 sapientia
1201 524 1256 572 et
1283 516 1457 572 virtus
1492 514 1670 571 Patris
1704 516 1921 570 exsistit
1951 512 2144 580 Filius,

564 607 835 662 credimus
878 606 1054 676 ipsum
1105 623 1319 678 semper
1347 624 1469 666 esse
1517 609 1656 678 apud
1687 606 1878 672 Deum.
1912 607 2016 661 hoc
2042 617 2147 670 est.

564 712 685 750 cum
714 693 893 754 Patre.
926 694 992 754 Et
1020 702 1312 771 quomodo,
1345 702 1540 773 inquit.
1582 702 1700 757 ﬁeri
1737 711 1935 771 potest,
1969 711 2027 755 ut
2051 716 2150 771 pa-

567 798 649 841 tre
679 791 947 851 posterior
978 808 1083 848 non
1109 795 1180 849 sit
1207 794 1351 849 illius
1372 794 1695 863 ?Quomodo
1720 795 1744 849 ἲ
1790 794 1950 849 Disce
1974 810 2002 847 a
2033 809 2152 848 cor-

565 879 740 948 porali
781 884 1050 952 exemplo.
1085 883 1354 954 Splendor
1398 888 1531 944 solis
1557 904 1736 944 nonne
1766 888 1833 943 ab
1871 888 1990 958 ipso
2037 886 2151 942 sole

565 970 691 1025 est?
717 969 895 1027 Etiam
921 976 1162 1032 omnino.
1193 974 1447 1048 Nunquid
1472 994 1607 1051 ergo
1639 987 1693 1035 et
1710 979 1984 1055 posterior
2012 976 2148 1039 sole,

568 1063 637 1115 ita
664 1070 722 1117 ut
754 1065 872 1122 sine
901 1080 967 1122 eo
996 1068 1080 1123 sol
1126 1069 1492 1141 intelligatur?
1521 1074 1635 1127 Hoc
1669 1072 1773 1127 dici
1810 1086 1913 1126 non
1951 1080 2147 1141 potest.

564 1154 847 1223 Quomodo
889 1165 1035 1217 enim
1070 1165 1151 1217 sol
1199 1174 1365 1226 esset,
1396 1163 1740 1235 splendorem
1767 1177 1875 1219 non
1911 1162 2152 1219 habens?

564 1248 736 1316 Igitur
762 1252 931 1307 multo
951 1256 1123 1324 magis
1150 1257 1252 1311 hoc
1277 1260 1344 1312 de
1368 1256 1529 1311 Patre
1550 1264 1607 1311 et
1625 1255 1763 1311 Filio
1792 1254 2147 1325 intelligetur.

563 1338 733 1398 Filius
793 1344 963 1410 enim,
1022 1344 1197 1401 Patris
1248 1362 1373 1402 cum
1410 1347 1482 1402 sit
1508 1346 1764 1416 splendor
1803 1347 1869 1413 θ’,
1904 1347 2044 1401 sicut
2096 1357 2150 1401 et

563 1431 762 1491 Paulus
806 1436 960 1503 dicit,
989 1452 1203 1507 semper
1238 1454 1362 1494 cum
1389 1437 1549 1493 Patre
1587 1439 1890 1494 credendus
1924 1450 2012 1495 est
2046 1438 2149 1491 ful-

563 1540 712 1594 gere,
758 1543 858 1583 nec
896 1545 1018 1584 esse
1053 1529 1141 1584 illo
1163 1534 1449 1601 posterior.
1486 1532 1718 1587 Attende
1759 1532 1846 1587 hic
1875 1542 1929 1586 et
1958 1530 2146 1587 Subci-

568 1618 699 1673 lium
736 1619 921 1691 Lyben
977 1625 1078 1679 hoc
1122 1625 1267 1679 dic-to
1308 1625 1600 1680 eottfutari.
1642 1624 1737 1680 Ille
1783 1627 1927 1680 enim
1970 1628 2150 1681 docuit

565 1713 709 1780 quod
736 1710 918 1781 Pater,
943 1726 998 1771 et
1022 1716 1211 1783 Filius,
1239 1729 1291 1771 et
1317 1716 1572 1788 Spiritus,
1605 1735 1706 1773 una
1741 1734 1972 1789 persona
2018 1721 2144 1785 sint,

564 1818 623 1862 et
642 1810 787 1879 quod
841 1813 997 1867 unica
1032 1812 1117 1867 illa
1151 1829 1378 1881 persona
1425 1813 1740 1883 apparuerit
1768 1812 2060 1881 aliquando
2090 1823 2148 1865 ut

565 1900 747 1963 Pater,
774 1902 1044 1957 interdum
1084 1914 1137 1957 ut
1164 1903 1356 1967 Filius,
1391 1918 1771 1973 nonnunquam
1805 1914 1863 1957 ut
1916 1904 2149 1971 Spiritus

563 2002 804 2051 sanctus.
849 1994 971 2050 Haec
1025 2008 1256 2067 nugatur
1313 1998 1588 2053 mendacis
1628 1999 1795 2068 patris
1830 1996 1993 2060 Iilius,
2029 2012 2148 2051 ma-

564 2087 819 2157 lignoque
873 2090 1071 2158 spiritu
1112 2089 1324 2161 plenus.
1378 2100 1620 2159 arguitur
1644 2099 1822 2145 autem
1863 2088 2149 2143 manifeste

562 2190 631 2230 ex
677 2177 780 2233 hoc.
826 2178 971 2247 quod
1023 2178 1243 2245 dicitur,
1278 2199 1295 2230 ι
1340 2179 1409 2234 Ει
1440 2179 1568 2233 illud
1600 2178 1835 2233 Verbum
1866 2187 1982 2233 erat
2008 2179 2149 2246 apud

562 2269 754 2325 Deum.
789 2290 807 2324 ι
845 2270 1130 2327 Manifeste
1159 2273 1304 2326 enim
1335 2273 1664 2343 evangelista
1691 2271 1794 2327 hoc
1829 2272 1948 2326 loco
1982 2271 2149 2325 alium

562 2361 693 2418 dicit
725 2376 849 2419 esse
886 2363 1138 2431 Verbum,
1162 2374 1219 2419 et
1246 2366 1411 2420 alium
1442 2364 1632 2431 Deum,
1653 2366 1752 2420 hoc
1780 2371 1863 2418 est
1909 2363 2147 2418 Patrem.

559 2450 698 2509 Nam
753 2456 879 2525 quia
931 2454 1162 2511 Verbum
1214 2466 1334 2512 erat
1378 2458 1517 2524 apud
1564 2456 1751 2522 Deum,
1800 2454 2149 2510 manifestum

561 2546 706 2614 quod
734 2546 852 2603 dua:
898 2562 1143 2617 persona:
1206 2549 1858 2626 iutrodueanturhetiam
1936 2547 1982 2603 si
2044 2562 2151 2602 una

561 2649 758 2697 natura
824 2636 896 2697 sit
950 2640 1003 2696 in
1058 2642 1144 2698 bis
1222 2644 1450 2697 duobus.
1521 2642 1672 2708 Quod
1745 2656 1929 2696 autem
1990 2638 2151 2711 501

563 2748 668 2787 una
720 2722 913 2790 natura
959 2736 1052 2803 sit,
1103 2734 1252 2790 audi.
1312 2755 1330 2787 r
1377 2726 1442 2791 Ει
1477 2735 1617 2791 Deus
1667 2744 1785 2790 erat
1837 2734 1965 2789 illud
2018 2732 2154 2790 Ver-

560 2828 711 2884 bum.
745 2848 764 2881 ι
801 2828 963 2886 Vides
987 2830 1130 2900 quod
1162 2840 1214 2886 et
1246 2828 1480 2886 Verbum
1510 2840 1630 2885 erat
1670 2829 1844 2885 Deus?
1870 2839 1925 2884 et
1948 2829 2021 2884 ita
2045 2844 2148 2884 una

560 2927 679 2973 erat
739 2928 929 2974 natura
985 2921 1165 2978 Patris
1202 2929 1257 2977 et
1297 2918 1440 2985 Filii,
1493 2920 1618 2990 quia
1662 2929 1844 2975 etuna
1866 2919 2143 2976 divinitas.

561 3012 978 3100 contunduntur
1010 3017 1173 3085 igitur
1216 3025 1275 3071 et
1322 3015 1485 3100 Arius
1522 3024 1576 3070 et
1633 3014 1925 3071 Sabellitts.
1976 3016 2142 3071 Arius

2250 503 2409 558 τοῦτο
2442 501 2809 571 πιστεύομεν,
2854 501 2944 554 ὅτι.
2976 500 3096 553 ἐπεὶ
3128 499 3288 569 λόγος
3309 539 3325 566 ,
3379 499 3478 553 καὶ
3516 498 3691 569 σοφία
3711 539 3728 565 ,
3765 500 3856 553 καὶ

2250 598 2480 667 δύναμις
2515 594 2611 648 τοῦ
2654 594 2870 667 Πατρός
2903 594 3054 647 ἐστιν
3094 594 3123 646 ό
3154 592 3285 656 Υἱὸς
3310 632 3326 659 ,
3358 592 3450 646 ἀεὶ
3478 586 3551 664 ἦν
3597 590 3737 663 πρὸς
3770 593 3857 643 τὸν

2250 689 2405 754 Θεὸν,
2437 689 2559 743 ἀντὶ
2586 686 2704 751 τοῦ,
2731 688 2829 739 σὺν
2858 682 2935 754 τῷ
2958 684 3155 755 Πατρὶ,
3183 684 3279 739 καὶ
3314 681 3459 755 μετά
3482 681 3582 738 τοῦ
3615 680 3850 750 Πατρός.

2253 783 2363 838 Καὶ
2384 782 2526 848 πῶς,
2553 782 2742 852 φησὶν,
2772 780 2888 835 υἱὸν
2916 779 3049 834 ὂντα
3088 778 3166 849 μὴ
3191 772 3333 832 εἶναι
3362 776 3601 848 ὓστερον
3627 773 3725 829 τοῦ
3758 792 3856 828 πα-

2252 877 2416 949 τρός;
2453 874 2609 943 Πῶς;
2634 872 2890 929 Μάνθανε
2918 874 3029 926 ἀπὸ
3060 870 3157 925 τοῦ
3186 868 3375 923 ὑλικοῦ
3409 867 3842 937 ύποδείγματος.

2253 972 2328 1025 Τὸ
2356 967 2700 1039 ἀπαύγασμα
2724 963 2822 1021 τοῦ
2854 964 3005 1036 ἡλίου
3040 964 3152 1035 ἄρα
3186 963 3287 1016 οὐκ
3320 959 3382 1026 ἐξ
3410 958 3586 1014 αὐτοῦ
3623 961 3742 1012 ἐστι
3764 956 3853 1011 τοῦ

2251 1062 2439 1133 ἡλίους
2474 1061 2582 1115 Nai.
2609 1060 2855 1122 πάντως.
2886 1053 3038 1128 *Λρα
3070 1055 3165 1109 οὖν
3205 1054 3303 1107 καὶ
3350 1050 3586 1121 ὕστερόν
3612 1053 3734 1104 ἔστι
3764 1048 3853 1103 τοῦ

2251 1156 2442 1227 ἡλίου,
2473 1154 2617 1209 ὥστε
2656 1149 2977 1223 ἑννοηθῆναί
3020 1165 3153 1203 ποτε
3199 1146 3354 1217 ἥλιον
3376 1145 3567 1216 ’χωρὶς
3620 1143 3853 1207 τούτους

2253 1250 2367 1301 Ούκ
2389 1245 2537 1301 ἐστιν
2557 1247 2756 1300 εἰπεῖν.
2784 1242 2907 1306 Πῶς
2932 1242 3042 1311 γὰρ
3071 1240 3139 1296 ἂν
3170 1239 3263 1292 καί
3289 1238 3373 1309 εἴη
3396 1236 3555 1307 ἥλιος
3582 1233 3664 1306 μὴ
3682 1234 3855 1289 ἁπαύ⁴

2250 1355 2442 1409 γασμα
2469 1338 2642 1409 Exora;
2681 1337 2865 1405 Ὅπερ
2908 1332 3004 1387 οῦν
3040 1334 3132 1386 ἐπὶ
3160 1332 3387 1395 τούτου,
3420 1326 3613 1398 πολλῷ
3657 1325 3856 1395 μᾶλλον

2250 1438 2345 1489 ἐπὶ
2391 1434 2488 1488 τοῦ
2527 1433 2743 1502 Πατρὸς
2791 1428 3015 1483 καὶτοῦ
3052 1427 3185 1482 Υῑοῦ
3235 1425 3593 1495 νοηθήσεται.
3653 1419 3858 1473 ’Δπαύο

2250 1546 2443 1600 γασμα
2481 1527 2591 1597 γὰρ
2624 1524 2703 1579 ῶν
2732 1528 2760 1579 0
2791 1523 2919 1586 Υἱὸς
2958 1519 3054 1575 τοῦ
3091 1519 3326 1589 Πατρὸς,
3360 1513 3547 1577 καθὼς
3577 1514 3611 1566 0
3646 1509 3855 1574 Παῦλος

2252 1624 2422 1690 λέγει,
2451 1622 2539 1674 ἀεὶ
2578 1619 2655 1689 τῷ
2689 1616 2867 1687 Πατρὶ
2902 1608 3365 1681 συνεκφαίνεσθαι
3396 1605 3855 1675 πιστευθήσεται,

2251 1718 2343 1769 καὶ
2376 1714 2475 1783 οὐχ
2512 1711 2739 1781 ὕστερος
2765 1709 2917 1761 ἔσται
2947 1703 3137 1759 αὐτοῦ.
3170 1702 3301 1756 Νόει
3324 1698 3379 1753 δέ
3410 1715 3504 1769 μοι
3535 1699 3638 1751 xai.
3654 1694 3859 1749 Σαϐἐλ-

2252 1809 2366 1861 λιον
2389 1807 2483 1872 τὸν
2523 1803 2695 1858 Λίϐυν
2725 1804 2789 1855 ὲκ
2820 1799 3009 1854 τούτου
3042 1796 3138 1851 τοῦ
3180 1792 3345 1867 ῥητοῦ
3378 1788 3857 1861 ἀνατρεπόμενον.

2268 1901 2504 1962 Ἐκεῖνος
2544 1884 2655 1969 γὰρ
2701 1890 3093 1963 ἐδογμάτιζεν,
3121 1891 3205 1943 ὅτι
3238 1889 3267 1941 0
3298 1884 3491 1956 Πατὴρ
3536 1883 3639 1937 καὶ
3678 1882 3708 1935 0
3737 1880 3861 1942 Υἱὸς

2254 1992 2435 2048 καὶτὸ
2468 1989 2691 2060 Πνεῦμα
2752 1987 2809 2040 ἓν
2854 1982 3151 2055 πρόσωπόν
3181 1981 3316 2045 alat,
3360 1978 3457 2031 καὶ
3499 1976 3673 2030 τοῦτο
3712 1975 3776 2028 τὸ
3806 1971 3861 2026 ἐν

2253 2087 2549 2156 πρόσωπον
2584 2082 2717 2135 ποτὲ
2762 2080 2863 2151 μὲν
2921 2075 3097 2147 ἐφάνη
3122 2074 3198 2137 ὼς
3233 2073 3459 2142 Πατὴρ,
3516 2068 3660 2122 ποτὲ
3696 2066 3754 2121 δὲ
3790 2066 3863 2129 ὡς

2254 2180 2416 2245 Υἱὸς,
2465 2176 2596 2231 ποτε
2644 2174 2701 2227 δὲ
2738 2173 2813 2237 ὡς
2854 2170 3101 2241 Πνεῦμα,
3142 2165 3329 2221 Ταῦτα
3362 2163 3645 2234 ἐφλυάρει
3692 2160 3722 2213 0
3770 2156 3863 2211 τοῦ

2252 2275 2459 2343 πατρὸς
2483 2270 2579 2325 τοῦ
2612 2267 2842 2339 ψεύδους
2876 2266 2991 2329 υἱὸς
3012 2304 3027 2327 ,
3062 2263 3158 2318 καὶ
3188 2260 3285 2314 τοῦ
3334 2252 3587 2328 πονηροῦ
3644 2252 3863 2321 πλήρης

2253 2366 2587 2438 πνεύματος.
2629 2363 2943 2433 Ἑλέγχεται
2970 2358 3027 2413 δὲ
3054 2351 3349 2429 προφανῶς
3372 2352 3437 2405 ὲκ
3465 2347 3701 2408 τούτου,
3720 2344 3867 2411 λέγω

2252 2466 2316 2536 δὴ
2344 2463 2461 2519 τοῦ·
2486 2482 2506 2517 ι
2538 2463 2647 2517 Καὶ
2673 2463 2701 2515 0
2723 2461 2897 2528 Λόγος
2927 2452 2996 2529 ἦν
3015 2455 3152 2526 πρὸς
3167 2453 3259 2507 τὸν
3283 2450 3437 2505 Θεόν.
3469 2467 3488 2500 ι
3528 2445 3867 2536 Σαιρὲστατα

2254 2534 2362 2628 γάρ
2390 2558 2419 2611 0
2450 2554 2849 2624 εὐαγγελιστὴς
2882 2548 3119 2603 ἐνταῦθα
3161 2546 3351 2613 λέγει,
3390 2542 3561 2598 ἄλλον
3593 2534 3747 2596 εῖναι
3779 2536 3864 2591 τὸν

2253 2650 2449 2718 Λόγον,
2483 2649 2579 2702 καὶ
2610 2646 2772 2702 ἄλλον
2826 2644 2919 2697 τὸν
2950 2642 3084 2697 Θεὸν
3131 2641 3251 2711 ἦτοι
3286 2637 3378 2691 τὸν
3413 2632 3673 2701 Πατέρα.
3711 2630 3866 2685 Ἐπεὶ

2253 2743 2364 2810 γὰρ
2392 2745 2421 2795 0
2449 2742 2621 2810 Λόγος
2648 2736 2719 2811 ἦν
2751 2740 2851 2792 σὺν
2880 2733 3118 2806 τῷΘεῷ,
3155 2729 3423 2805 πρόδηλον
3449 2728 3537 2782 ὅτι
3565 2724 3667 2779 δύο
3693 2724 3865 2796 πρός·

2252 2853 2378 2888 ωπα
2421 2833 2753 2901 εἰσάγονται,
2781 2833 2830 2884 εί
2866 2830 2960 2884 καὶ
2984 2827 3084 2897 μία
3111 2826 3274 2895 φύσις
3293 2822 3511 2884 τούτοις
3541 2822 3664 2883 τοῖς
3690 2816 3864 2872 δυσίν.

2253 2925 2445 2981 ὀτιδὲ
2467 2925 2564 2995 μία
2582 2924 2763 2994 φύσις,
2777 2923 2994 2975 ἄκοπα
3021 2919 3133 2973 Καὶ
3150 2916 3280 2979 Θεὸς
3294 2910 3362 2987 ἦν
3380 2914 3410 2967 0
3428 2912 3632 2979 Λόγος.
3662 2927 3684 2961 ι
3706 2908 3867 2979 ὐρᾷς

2251 3019 2337 3073 ὅτι
2364 3016 2680 3084 καὶόΛόγος
2695 3014 2854 3076 Θεός;
2878 3014 3041 3068 Ὥστε
3063 3011 3162 3080 μία
3189 3006 3348 3078 φύσις
3364 3006 3444 3073 τῷ
3459 3005 3645 3076 [lath
3673 3003 3773 3056 καὶ
3792 3000 3869 3072 τῷ

564 3090 800 3173 quidem,
828 3104 920 3174 qui
945 3114 1257 3162 creaturam
1273 3108 1405 3162 dicit
1436 3090 1634 3162 Filium
1650 3107 1744 3162 Dei
1775 3119 1829 3163 et
1861 3110 2145 3163 facturam.

2256 3110 2392 3181 Υίῷ,
2413 3110 2537 3163 ἐπεὶ
2563 3110 2660 3163 καὶ
2688 3107 2787 3177 μία
2815 3106 3029 3177 Θεότης.
3049 3101 3515 3174 Αἰσχυνέσθωσαν
3551 3104 3747 3154 τοίνυν
3777 3102 3867 3153 καὶ

560 3194 874 3253 Confutetut
904 3207 1082 3252 autem
1112 3214 1205 3268 per
1224 3199 1327 3255 hoc
1358 3202 1507 3271 quod
1536 3199 1690 3263 dicit,
1728 3218 1746 3252 ι
1783 3199 1842 3253 In
1886 3200 2149 3269 principio

560 3300 699 3358 erat,
719 3299 773 3346 et
801 3284 1076 3347 Deuserat
1104 3292 1233 3347 illud
1270 3290 1521 3348 Verbum.
1551 3312 1570 3345 ι
1604 3292 1872 3349 Sabellius
1903 3310 2032 3349 vero
2058 3306 2151 3346 ue-

563 3396 699 3454 gans
732 3396 1087 3452 personarum
1118 3386 1439 3452 trinitatem,
1470 3387 1564 3441 sed
1588 3402 1841 3443 asserens
1862 3390 2146 3455 unitatem,

567 3473 846 3544 rejicialur
888 3491 983 3537 per
1013 3477 1113 3532 hoc
1156 3478 1299 3545 quod
1334 3477 1551 3543 dicitur,
1585 3500 1603 3531 ι
1638 3478 1701 3533 Et
1744 3479 1875 3533 illud
1913 3477 2148 3534 Verbum

564 3577 684 3621 erat
711 3568 852 3637 apud
891 3564 1081 3623 Deum.
1129 3588 1148 3621 ι
1181 3568 1464 3626 Manifeste
1500 3575 1643 3625 enim
1680 3577 1783 3625 hoc
1828 3573 1947 3627 loco
1978 3572 2146 3626 alium

566 3675 688 3713 Coae
722 3654 978 3723 Verbum,
1000 3670 1055 3714 et
1083 3660 1246 3714 alium
1275 3675 1398 3715 esse
1420 3663 1635 3716 Patrem
1669 3662 1905 3717 declarat
1925 3676 2147 3732 magnus

566 3745 824 3821 Joannes,
863 3752 1078 3805 etiamsi
1115 3766 1222 3805 non
1255 3746 1327 3807 sit
1358 3753 1504 3806 aliud
1538 3764 1593 3807 et
1631 3754 1797 3807 aliud.
1832 3756 1983 3807 Alius
2002 3756 2147 3807 enim

566 3849 625 3892 et
646 3838 787 3893 alius
804 3839 873 3895 de
895 3842 1144 3911 personis
1166 3832 1393 3909 dicitur,
1407 3841 1550 3896 aliud
1581 3852 1635 3898 et
1660 3843 1804 3898 aliud
1823 3846 1888 3899 de
1914 3847 2146 3901 naturis.

565 3928 637 3985 Et
689 3941 748 3986 ut
791 3933 1044 4003 exemplo
1101 3932 1442 3991 manifestius
1498 3937 1786 4000 faciamus,
1848 3931 2043 3992 Petrus
2095 3949 2149 3991 et

564 4021 767 4079 Paulus
788 4034 913 4079 sunt
945 4025 1084 4080 alius
1106 4035 1161 4079 et
1183 4025 1355 4081 alius:
1390 4037 1520 4081 sunt
1548 4027 1691 4083 enim
1725 4041 1969 4097 persona:
1985 4030 2103 4085 dum
2129 4045 2144 4084 τ

564 4118 661 4172 sed
692 4116 797 4172 nan
848 4117 993 4171 aliud
1042 4128 1095 4173 et
1125 4118 1294 4175 aliud.
1352 4122 1468 4175 lina
1517 4123 1662 4176 enim
1717 4136 1907 4179 eorum
1949 4134 2145 4177 natura

565 4213 670 4268 est,
692 4198 1025 4261 humanitas.
1040 4205 1133 4261 Sic
1150 4206 1313 4279 igitur
1327 4204 1393 4265 de
1407 4202 1570 4266 Patre
1590 4227 1653 4267 ac
1673 4210 1813 4267 Filio
1834 4212 2142 4269 dicendum.

571 4288 728 4350 Alius
765 4295 909 4350 enim
944 4306 1071 4352 sunt
1108 4305 1163 4352 et
1195 4297 1353 4364 alius,
1392 4300 1511 4354 dum
1555 4316 1843 4369 personae;
1910 4319 2013 4357 non
2047 4320 2147 4356 auo

564 4395 674 4441 tem
708 4384 855 4442 aliuu
884 4398 939 4443 et
965 4388 1111 4445 aliud
1146 4409 1162 4447 :
1193 4406 1295 4445 una
1324 4392 1468 4447 enim
1500 4404 1691 4448 natura
1716 4407 1927 4458 eorum,
1951 4396 2144 4453 deitas.

2255 3206 2474 3271 ’Ἄρειος
2511 3200 2607 3255 καὶ
2632 3197 2951 3261 Σαϐἐλλιοςο
3001 3197 3222 3268 ’Ἄρειος
3273 3195 3407 3263 μὲν,
3440 3193 3661 3262 κτίσμα
3695 3191 3868 3259 λέγων

2249 3296 2342 3348 τὸν
2371 3292 2501 3347 Υῐὸν
2528 3291 2624 3347 τοῦ
2653 3289 2788 3344 Θεοῦ
2826 3290 2920 3343 καὶ
2952 3287 3190 3358 ποίημα,
3230 3284 3592 3356 emensae.»
3622 3283 3723 3337 διὰ
3751 3281 3865 3342 τοῦ.

2260 3404 2277 3436 ι
2327 3383 2417 3437 Ἐν
2447 3385 2591 3454 ἀρχῇ
2622 3376 2714 3453 ἦν,
2772 3380 2868 3435 καὶ
2930 3378 3063 3443 Θεὸς
3094 3372 3163 3449 ἦν
3195 3378 3222 3430 0
3254 3376 3452 3442 Λόγος.
3499 3391 3520 3425 ι
3566 3372 3868 3434 Σαῦέλλιος

2249 3476 2327 3540 δὲ,
2358 3477 2387 3528 ό
2412 3474 2488 3546 μὴ
2526 3474 2702 3542 λέγων
2730 3456 2925 3544 τριάδα
2955 3468 3289 3541 προσώπων,
3321 3466 3460 3521 ἀλλὰ
3492 3466 3741 3535 μονάδα,
3787 3464 3868 3517 διὰ

2248 3568 2369 3633 τοῦ,
2406 3586 2425 3618 ι
2460 3567 2570 3620 Καὶ
2595 3565 2816 3633 όΛόγος
2850 3558 2921 3635 ἦν
2953 3561 3093 3633 πρὸς
3121 3561 3214 3614 τὸν
3234 3559 3389 3613 Θεόν.
3428 3577 3447 3611 ›
3483 3558 3735 3631 Τρανῶς
3764 3558 3867 3627 γὰρ

2249 3658 2481 3714 ἐνταῦθα
2520 3658 2680 3712 ἀλλον
2728 3653 2867 3710 εἶναι
2900 3655 2992 3709 τὸν
3022 3655 3221 3722 Λόγον,
3270 3652 3361 3706 καὶ
3401 3651 3574 3705 ἄλλον
3624 3651 3727 3704 τὸν
3758 3653 3865 3705 Πα-

2248 3754 2405 3821 τέρα,
2448 3748 2712 3821 κηρύττει
2759 3751 2787 3803 0
2838 3748 3013 3820 μέγας
3056 3747 3331 3817 Ἰωάννης,
3364 3746 3413 3798 ει
3464 3746 3568 3798 καὶ
3625 3745 3709 3815 μὴ
3743 3743 3870 3799 ἀλλο

2252 3846 2346 3897 καὶ
2373 3842 2518 3897 ἄλλο.
2550 3842 2623 3896 Τὸ
2648 3844 2748 3911 μὲν
2774 3842 2881 3910 γὰρ
2906 3840 3063 3903 ἄλλος
3096 3840 3190 3892 καὶ
3209 3838 3364 3900 ἄλλος
3394 3838 3625 3890 ἐπὶτῶν
3644 3837 3866 3909 προτιῦ-

2252 3953 2371 3990 πων
2430 3935 2669 4004 λέγεται,
2733 3934 2794 3988 τὸ
2837 3934 2894 3987 δὲ
2947 3932 3077 3986 ἄλλο
3131 3931 3223 3986 καὶ
3260 3929 3411 3996 ἄλλο,
3444 3931 3542 3983 ἐπὶ
3606 3931 3729 3983 τῶν
3771 3931 3866 3999 φύο

2252 4048 2410 4084 σεων.
2438 4022 2587 4094 Οῖον,
2632 4029 2718 4081 ἵνα
2779 4026 3117 4096 σαφέστερον
3162 4026 3225 4077 τὸ
3274 4023 3457 4094 νόημα
3502 4023 3864 4095 ὲκθήσωμαι,

2250 4126 2473 4194 Πέτρος,
2504 4123 2596 4176 καὶ
2632 4121 2865 4186 Παῦλος,
2897 4120 3056 4183 ἄλλος
3096 4120 3193 4188 μὲν
3236 4119 3331 4171 καὶ
3370 4115 3561 4182 ἄλλος·
3613 4117 3719 4172 δύο
3760 4118 3867 4189 γὰρ

2250 4219 2549 4287 πρόσωπα·
2580 4215 2682 4268 οὐκ
2709 4212 2838 4268 ἄλλο
2880 4210 2937 4264 δὲ
2968 4210 3063 4263 καὶ
3088 4208 3237 4263 ἄλλο·
3272 4219 3373 4279 pta
3403 4208 3517 4279 γὰρ
3564 4208 3740 4277 φύσις
3766 4209 3863 4262 αὖ·

2250 4311 2360 4367 τοῖς
2386 4309 2420 4377 ἡ
2444 4305 2821 4376 ἁνθρωπότης.
2870 4298 3060 4363 Οὕτως
3099 4296 3195 4353 οὖν
3239 4301 3333 4351 καὶ
3367 4297 3463 4350 ἐπὶ
3504 4298 3739 4367 Πατρὸς
3773 4300 3863 4351 καὶ

2252 4396 2384 4452 Υίοῦ
2409 4397 2802 4467 δογματιστέον
2822 4411 2833 4424 ·
2856 4393 3014 4456 ἄλλος
3041 4380 3140 4463 μὲν
3160 4390 3271 4461 γὰρ
3300 4389 3394 4443 καὶ
3415 4388 3603 4453 ἄλλος’
3630 4388 3734 4444 δύο
3758 4393 3862 4460 γὰρ

568 4499 588 4530 ι
628 4476 761 4533 Illud
790 4479 978 4535 eratin
1006 4481 1279 4551 principio
1300 4483 1440 4552 apud
1460 4483 1648 4539 Deum.
1684 4503 1703 4537 ι
1728 4484 1819 4538 ille
1845 4456 1987 4541 Deus
2014 4486 2140 4542 Ver-

2252 4456 2559 4561 πρόσωπα⁸
2602 4490 2702 4541 οὐκ
2731 4487 2860 4542 ἀλλο
2891 4486 2948 4538 δὲ
2989 4456 3086 4539 καὶ
3119 4456 3270 4539 ἄλλο’
3330 4484 3430 4553 μία
3464 4482 3580 4554 γὰρ
3628 4456 3804 4554 φύσις

563 4568 690 4626 lium
746 4588 1023 4643 nunquam
1064 4585 1349 4645 separatus
1388 4584 1475 4631 est
1530 4592 1558 4631 a
1630 4576 1739 4634 Deo
1787 4577 1967 4635 Patre.
2013 4581 2153 4646 Quia

569 4663 717 4717 enim
747 4662 983 4729 dixerat,
1009 4684 1026 4717 ι
1066 4665 1208 4720 Deus
1224 4677 1343 4721 erat
1366 4664 1602 4723 Verbum
1634 4687 1646 4722 :
1679 4686 1698 4719 ι
1730 4684 1795 4725 ne
1811 4670 1931 4740 quis
1956 4671 2148 4725 diabo-

566 4754 669 4808 lica
714 4754 966 4810 illusioue
1013 4758 1196 4812 turbet
1235 4760 1524 4827 quosdam,
1562 4761 1748 4816 dicens
1786 4780 1799 4816 :
1836 4762 1977 4833 Ergo
2021 4766 2147 4831 quia

562 4857 618 4901 et
653 4841 885 4903 Verbum
916 4844 1058 4904 Deus
1087 4860 1194 4915 est,
1229 4848 1520 4920 aliquando
1548 4853 1795 4925 insurget
1820 4867 2009 4912 contra
2044 4857 2144 4912 Pa-

562 4934 723 5004 trem,
754 4938 812 4994 ut
860 4942 1090 5007 gentiles
1139 4941 1499 4999 fabulantur?
1533 4956 1588 5003 et
1637 4960 1933 5018 segregans
1970 4964 2029 5004 se
2080 4951 2147 5004 ab

563 5048 653 5098 eo,
711 5034 1054 5091 adversarius
1104 5035 1255 5091 erit?
1296 5047 1579 5108 propterea
1634 5040 1769 5095 dicit
1820 5043 1963 5111 quod
2024 5042 2148 5097 licet

568 5128 712 5179 linus
746 5126 817 5180 sit
849 5121 1115 5194 Verbum,
1159 5128 1514 5189 nihilominus
1546 5147 1669 5189 cum
1700 5132 1812 5190 Deo
1838 5133 2000 5191 Patre
2040 5148 2145 5201 est,

564 5228 618 5271 et
657 5214 727 5272 ab
772 5232 839 5273 eo
888 5230 1166 5288 nunquam
1216 5233 1522 5294 separatus}
1568 5225 1688 5282 Non
1748 5229 1929 5285 minus
1989 5229 2145 5285 facile

565 5308 730 5365 fuerit
778 5322 831 5367 et
887 5311 1105 5369 Arianis
1153 5322 1484 5386 respondere
1520 5335 1541 5374 ι
1570 5310 1759 5383 Sardi,
1794 5323 1999 5384 audite,
2049 5324 2143 5392 qui

566 5400 745 5456 dicitis
772 5417 909 5472 opus
934 5414 987 5457 et
1025 5405 1285 5462 facturam
1318 5424 1443 5466 esse
1472 5409 1564 5465 Dei
1604 5408 1821 5467 Filium.
1848 5413 2143 5485 intelligite

565 5494 724 5563 quale
747 5511 943 5549 nomen
983 5498 1303 5567 imposuerit
1331 5504 1662 5573 evangelista
1692 5504 1839 5561 Filio.
1863 5507 1975 5562 Dei.
2011 5509 2145 5563 Ver-

565 5587 691 5642 bum
733 5576 875 5643 enini
934 5591 1106 5661 ipsum
1153 5583 1368 5651 vocarit
1422 5617 1435 5649 :
1488 5614 1579 5650 vos
1630 5611 1831 5667 autem,
1911 5618 2042 5672 opus
2094 5613 2151 5659 cl

642 5772 682 5799 ⁶²
742 5769 903 5826 “dir.
942 5789 983 5838 Ι,
1018 5776 1071 5830 5.

2250 4582 2463 4652 θεότης.
2502 4600 2519 4633 t
2552 4574 2720 4643 Οὗτος
2756 4575 2826 4651 ἦν
2854 4583 2910 4631 ὲν
2946 4578 3092 4648 ἀρχῇ
3126 4577 3264 4647 πρὸς
3311 4579 3402 4629 τὸν
3428 4576 3587 4629 Θεόνμ
3632 4596 3651 4627 ι
3692 4572 3860 4639 Οὗτος

2246 4675 2277 4727 0
2307 4673 2439 4736 Θεὸς
2488 4672 2657 4739 Λόγος
2708 4670 2968 4724 οὐδέποτε
3000 4667 3279 4740 ἐχωρίσθη
3307 4667 3403 4720 τοῦ
3446 4666 3589 4721 Θεοῦ
3617 4670 3717 4721 καὶ
3754 4670 3859 4723 Πα-

2246 4768 2394 4835 τρός.
2436 4766 2591 4818 Ἐπεὶ
2624 4764 2734 4833 γὰρ
2769 4757 2944 4826 εἶπεν,
2977 4761 3061 4814 ὃτι
3096 4778 3115 4813 ι
3154 4760 3263 4814 Kal
3289 4760 3420 4824 Θεὸς
3445 4754 3515 4830 ἦν
3536 4762 3566 4812 0
3600 4761 3805 4828 Λόγος,
3837 4778 3853 4809 ι

2246 4862 2333 4913 ἵνα
2364 4860 2439 4930 μή
2474 4876 2558 4921 τις
2593 4856 2859 4927 σατανικὴ
2907 4854 3137 4908 ὑπόνοια
3165 4852 3445 4923 ἐπιταράξῃ
3493 4854 3679 4917 τινὰς,
3709 4850 3857 4926 τΑρι

2246 4954 2460 5025 μήποτε
2491 4951 2614 5003 ἐπεὶ
2654 4951 2747 5002 καὶ
2786 4951 2815 5003 0
2846 4948 3021 5015 Λόγος
3052 4946 3187 5009 Θεός
3223 4949 3395 5011 ἐστιν,
3451 4948 3741 5018 ἐπανέστη
3783 4948 3856 5019 τῷ

2246 5046 2443 5117 Πατρὶ,
2491 5044 2566 5106 ὼς
2609 5044 2653 5095 οἱ
2702 5041 2833 5111 παρ’
2869 5040 3105 5111 Ἕλλησι
3160 5039 3548 5110 μυθευόμενοι,
3598 5042 3696 5094 καὶ
3747 5037 3857 5095 οἷον

2242 5134 2583 5207 ἀποχωρισθ-
2624 5151 2649 5198 ς
2674 5133 2863 5199 αὐτοῦ,
2896 5132 3144 5195 ἀντίθεος
3172 5133 3399 5200 γέγονε;
3427 5132 3516 5185 διὰ
3545 5133 3715 5187 τοῦτο
3750 5136 3855 5188 τοί-

2248 5246 2340 5281 νυν
2372 5227 2559 5299 φησὶν,
2601 5227 2683 5280 ὅτι
2714 5230 2761 5279 εἰ
2796 5228 2893 5281 καὶ
2934 5224 3069 5292 Θεός
3103 5227 3253 5280 ἐστιν
3299 5229 3327 5279 0
3375 5229 3577 5295 Λόγος,
3610 5228 3733 5281 ἀλλ’
3765 5228 3855 5281 οὖι

2253 5321 2415 5378 πάλιν
2449 5322 2585 5391 πρὸς
2639 5320 2731 5373 τὸν
2774 5319 2908 5373 Θεὸν
2953 5320 3047 5373 καὶ
3084 5320 3306 5389 Πατέρα
3359 5320 3503 5385 ἐστὶ,
3550 5322 3653 5373 σὺν
3701 5322 3851 5387 αύτῴ

2253 5411 2348 5478 ὢν,
2378 5414 2472 5466 καὶ
2492 5412 2748 5467 οὐδέποτε
2776 5412 3167 5483 χωριζόμενος.
3202 5411 3278 5465 Οὐ
3306 5415 3489 5482 χεῖρον
3512 5412 3569 5466 δὲ
3602 5415 3698 5467 καὶ
3720 5414 3851 5483 πρὸς

2252 5510 2379 5572 τοὺς
2428 5506 2863 5579 Ἀρειανίζοντας
2927 5505 3023 5559 καὶ
3071 5504 3231 5559 τοῦτο
3272 5507 3477 5560 εἰπεῖν·
3543 5508 3607 5561 Ol
3659 5509 3849 5577 κωφοὶ,

2256 5602 2550 5668 ἀκούσατε,
2588 5604 2632 5654 0i
2682 5601 2933 5668 λέγοντες
2977 5598 3140 5670 ἔργον
3190 5592 3329 5652 εἶναι
3379 5600 3476 5654 καὶ
3513 5602 3728 5673 ποίημα
3761 5600 3848 5655 τοῦ
