4000 6400
200 322 335 386 1141

940 329 1392 393 ΕΝΑΗΠΑΤΙΟ
1439 333 1519 394 ΙΝ
1562 334 1802 395 ΕΥΛΜ

1913 337 2075 398 .lUM
2117 342 2465 407 JOANNIS.
2507 372 2575 381 -
2609 346 2771 410 CAP.
2816 346 2866 409 Ι.

3402 349 3543 419 1112

196 430 335 484 Θεοῦ
378 432 473 484 τὸν
502 432 632 486 Υἱὺν
664 430 853 499 αὐτοῦ,
887 435 1077 489 σύνετε
1119 442 1272 492 ποῖον
1297 441 1469 511 ὄνομα
1505 442 1753 496 τέθεικεν
1785 442 1802 495 ἐ

1923 451 2193 512 incurram
2224 458 2436 513 vocatis
2484 474 2634 523 eum,
2673 462 2768 531 qui
2819 474 2999 531 neque
3045 475 3186 532 opus
3223 472 3327 530 est,
3364 481 3542 540 neque

198 525 596 598 εἰαγγελιστὴς
636 527 717 597 τῷ
765 527 881 599 Υιῴ
931 530 1026 583 τοῦ
1064 530 1225 586 Θεοῦ.
1274 534 1449 602 Λόγον
1504 534 1614 607 γὰρ
1647 535 1812 590 αὑτὸν

196 618 462 672 ἐκάλεσεν
483 638 495 652 ·
531 621 688 691 ὑμεῖς
723 621 781 676 δὲ
836 622 1000 694 ἔργον
1034 625 1200 699 αιξτὺν
1232 627 1328 680 καὶ
1358 629 1576 701 ποίημα
1603 631 1811 703 ὀνομά-

196 712 344 774 ζετε.
374 714 546 782 Λόγος
580 715 750 780 ἐστὶν,
776 716 876 771 οὐκ
904 716 1087 787 ἔργον,
1116 719 1238 773 οὐδὲ
1270 721 1497 793 κτίσμα.
1530 723 1720 777 Διττοῦ
1753 724 1811 779 δὲ

195 804 353 868 ὄντος
376 804 472 858 τοῦ
507 805 667 875 λόγου
701 807 751 876 (6
784 809 883 879 μὲν
908 810 1017 881 γάρ
1072 813 1222 865 ἐστιν
1253 812 1587 881 ἐνδιάθετος,
1622 817 1682 869 ὃν
1717 818 1811 871 καὶ

202 896 279 967 μὴ
317 897 569 965 λέγοντες
594 898 814 971 ἔχομεν,
842 903 985 973 φημὶ
1008 902 1071 974 δὴ
1093 904 1196 974 τὴν
1222 903 1316 958 τοῦ
1346 906 1528 975 λέγειν
1551 907 1804 979 δύναμινο

199 990 293 1039 καὶ
323 988 674 1060 κοιμώμενος
717 992 824 1065 γάρ
866 1011 972 1057 τις,
1008 995 1104 1049 καὶ
1148 998 1225 1068 μὴ
1255 996 1453 1067 λέγων.
1492 1000 1643 1071 ὅμως
1692 1000 1811 1072 εχει

196 1082 292 1131 τὸν
322 1080 482 1149 λόγον
533 1084 592 1135 ὲν
632 1085 787 1157 αὐτῷ
836 1085 1113 1158 κείμενον,
1153 1089 1396 1163 καὶ-τὴν
1429 1092 1663 1165 δύναμιν
1708 1094 1811 1148 οὐκ

196 1171 480 1228 ἀτέὀαλεν
504 1191 516 1205 ·
554 1176 581 1227 6
612 1178 711 1247 μὲν
741 1177 837 1232 οὖν
884 1182 1036 1234 ἐστιν
1081 1183 1411 1254 ἐνδιάθετος,
1458 1187 1486 1239 6
1516 1186 1573 1240 δὲ
1602 1205 1811 1260 προφο-

201 1266 377 1335 ρικὸς,
420 1268 480 1321 ὃν
514 1268 608 1322 καὶ
642 1271 734 1325 διὰ
767 1270 876 1325 τῶν
916 1274 1146 1343 χειλέων
1178 1279 1533 1351 προφέρομεν
1562 1282 1664 1352 τὴν
1713 1283 1809 1335 τοῦ

195 1360 380 1425 λέγειν
411 1361 643 1433 δύναμιν
672 1366 769 1418 τοῦ
801 1367 1135 1437 ἐνδιαθέτου,
1172 1374 1266 1426 καὶ
1318 1373 1472 1439 ἐντὸς
1522 1375 1807 1446 κειμένου,

198 1456 279 1514 εἰς
329 1454 614 1524 ἐνέργειαν
657 1458 1017 1532 προάγοντες)
1044 1479 1055 1493 ·
1083 1463 1266 1518 διττοῦ
1314 1467 1497 1521 τοίνυν
1525 1469 1678 1534 ὄντος
1714 1472 1810 1525 τοῦ

196 1547 384 1613 λόγου,
421 1549 703 1622 οὐδέτερος
734 1555 941 1607 τοέτων
996 1556 1230 1628 ἁρμόζει
1276 1559 1371 1613 ἐπὶ
1419 1561 1515 1616 τοῦ
1552 1562 1683 1615 Υῑοῦ
1715 1566 1808 1617 τοῦ

193 1641 359 1696 Θ;οῦ.
393 1641 528 1696 Οὔτε
560 1645 665 1714 γὰρ
703 1648 1062 1717 προφορικὸς,
1097 1649 1222 1704 οὔτε
1254 1652 1565 1719 ὲνδιάθετός
1598 1656 1749 1710 ἐστιν
1782 1659 1811 1710 6

194 1734 374 1801 Λόγος
400 1734 495 1787 τοῦ
522 1736 682 1791 θεοῦ.
730 1739 959 1793 Ἐκεῖνοι
1002 1743 1103 1812 μὲν
1133 1743 1241 1814 γὰρ
1276 1745 1384 1799 τῶν
1432 1750 1687 1817 φυσικῶν
1715 1755 1809 1805 καὶ

194 1828 322 1879 καθ’
352 1830 534 1899 ἡμᾶς·
567 1830 596 1881 6
625 1832 678 1884 δὲ
723 1833 815 1887 τοῦ
845 1835 1056 1907 Πατρδς
1091 1838 1266 1907 Λόγος
1311 1841 1454 1912 ὑπὲρ
1492 1846 1655 1911 φύσιν
1708 1845 1805 1909 ὢν,
1840 1822 1887 1880 Β

192 1918 293 1988 οὐχ
328 1920 693 1976 ὑποεάλλεται
739 1927 851 1990 τοῖς
909 1930 1059 1982 κάτω
1105 1932 1598 2007 τεχνολογήμασιν.
1640 1939 1805 1992 Ὥστε

191 2013 549 2069 διαπέπτωκε
604 2017 693 2069 τοῦ
739 2019 998 2090 Ἕλληνος
1054 2024 1372 2096 Πορφυρεου
1428 2031 1491 2082 16
1535 2033 1800 2102 σόρισμα.

207 2105 449 2171 Ἐκεῖνος
469 2108 578 2181 γὰρ
608 2114 943 2184 ἀνατρέπειν
971 2116 1316 2189 πειρώμενος
1346 2124 1408 2175 τὸ
1440 2124 1802 2193 Εὑαγγέλιον,

189 2199 474 2259 τοιαύταις
504 2206 704 2275 ἐχρῆτο
742 2206 1094 2278 διαιρέσεσιν.
1134 2214 1193 2267 Εἰ
1224 2215 1331 2288 γὰρ
1381 2218 1580 2287 Λόγος,
1614 2224 1802 2289 φησιν,

188 2295 223 2344 ὁ
258 2291 380 2358 Υἱὸς
400 2296 491 2348 τοῦ
515 2296 674 2362 Θεοῦ,
700 2300 816 2369 ἦτοι
854 2306 1188 2375 προφορικός
1217 2309 1368 2361 ἐστιν
1402 2311 1432 2380 ἢ
1464 2311 1770 2378 ἐνδιάθετος
1789 2334 1802 2344 ·

193 2387 332 2440 ἀλλὰ
360 2389 467 2458 μὴν
490 2388 613 2443 οὔτε
638 2392 814 2457 τοῦτο,
839 2396 963 2448 οὔτε
990 2398 1190 2451 ἐκεῖνοι
1221 2400 1323 2453 οὐκ
1346 2402 1454 2472 ἄρα
1481 2404 1604 2457 οὐδὲ
1634 2407 1804 2474 Λόγος

192 2481 366 2535 ἐστίν.
403 2483 647 2549 Ἔςθασε
681 2487 782 2555 μὲν
812 2483 905 2543 οὖν
936 2490 1105 2554 λύσας
1137 2495 1165 2545 6
1198 2494 1596 2567 εὐαγγελιστὴς
1624 2500 1681 2551 16
1717 2502 1805 2554 σό-

195 2592 377 2643 φισμα
430 2577 590 2631 τοῦτο
621 2580 711 2633 διὰ
763 2582 857 2634 τοῦ
892 2587 1090 2649 εἰπεῖν,
1129 2586 1211 2639 ὅτι
1258 2589 1319 2641 16
1356 2590 1666 2646 ἐνδιάθετον
1713 2600 1806 2649 καὶ

192 2667 257 2717 16
294 2674 627 2739 προφορικδν
654 2675 743 2727 ἐπὶ
777 2676 885 2730 τῶν
922 2678 1045 2729 καθ’
1083 2680 1232 2748 ἡμᾶς
1268 2684 1363 2735 καὶ
1402 2684 1512 2737 τῶν
1553 2690 1806 2756 φυσικῶν

192 2756 452 2826 λέγεται·
508 2763 602 2815 ἐπὶ
658 2764 715 2818 δὲ
777 2768 872 2821 τοῦ
907 2768 1049 2842 ὑπὲρ
1100 2773 1287 2842 φύσιν,
1345 2776 1503 2830 οὐδὲν
1534 2780 1799 2837 τοιοῦτον.

195 2851 347 2922 Πλὴν
382 2855 476 2907 καὶ
508 2855 669 2910 τοῦτο
700 2860 917 2928 ῥητέον,
949 2862 1024 2925 ὠς
1058 2867 1107 2917 ει
1143 2868 1242 2936 μὲν
1266 2863 1334 2939 ἦν
1355 2868 1417 2922 16
1438 2869 1614 2942 ὄνομα
1645 2875 1806 2929 τοῦτο

191 2945 259 2996 τὸ
308 2945 481 3015 Λόγος
528 2948 682 3015 ἄξιον
718 2952 815 3006 τοῦ
855 2954 1016 3021 Θεοῦ,
1072 2959 1166 3011 καὶ
1223 2962 1429 3032 κυρίως
1484 2965 1572 3017 ἐπ’
1634 2968 1803 3021 αὑτοῦ

192 3039 292 3090 κιὶ
328 3040 603 3106 οὐσιωδῶς
638 3045 954 3116 λεγόμενον,
1004 3046 1152 3121 εἶχεν
1208 3054 1275 3108 ἂν
1320 3057 1547 3131 λόγονὴ
1596 3063 1804 3135 ἀπορία

188 3130 289 3183 τοῦ
335 3132 633 3205 Ἕλληνος·
683 3136 779 3191 νῦν
810 3139 867 3193 δὲ

188 3225 386 3293 κύριον
409 3226 502 3278 ἐπὶ
534 3227 696 3291 Θεοῦ,
720 3230 844 3286 οὔτε
872 3234 953 3299 16,
986 3237 1181 3307 Λόγος,
1213 3242 1347 3296 αὐτὸ
1376 3247 1653 3313 οὑαιωδ;ῦς
1680 3253 1802 3307 ἐστι

191 3318 291 3367 καὶ
330 3322 557 3387 κυρὶως,
600 3322 902 3393 δηλωτικὸν
935 3329 993 3382 δὲ
1048 3333 1211 3402 μόνον
1261 3337 1379 3389 ἐστὶ
1425 3340 1520 3393 τοῦ
1575 3344 1808 3411 ἀπαθῶς

187 3412 525 3481 γεννηθῆναι
559 3418 651 3470 τὸν
685 3420 813 3472 Υιὸν
844 3424 909 3475 ὲκ
942 3423 1039 3477 τοῦ
1079 3427 1314 3497 Πατρδς,
1358 3432 1552 3506 ὥσπερ
1586 3442 1612 3491 ό
1647 3441 1803 3508 λόγος

184 3509 256 3556 ἐκ
290 3506 383 3560 τοῦ
413 3509 527 3572 νοῦ,
568 3514 663 3565 καὶ
706 3515 801 3567 τοῦ
834 3518 997 3571 αὐτὸν
1052 3524 1339 3589 γεγονέναι
1396 3528 1491 3581 τοῦ
1530 3537 1803 3604 πατρικοῦ

186 3595 501 3696 Θελῇμριτος
548 3603 804 3672 ἄγγελον.
852 3610 1016 3663 Ὥστε
1048 3615 1100 3665 τί
1135 3616 1436 3693 ὲπιδράττῃ
1476 3623 1570 3676 τοῦ
1602 3595 1803 3696 ὀνόμα-

188 3706 310 3750 τος,
350 3686 395 3744 ὧ
432 3694 780 3770 uicinum;
817 3702 892 3754 Ἤ
918 3721 1016 3757 που
1043 3705 1132 3758 καὶ
1161 3708 1382 3781 Πατέρα
1424 3713 1666 3783 ἀκούων,
1704 3726 1798 3775 καὶ

190 3780 348 3843 Υιὸν,
380 3782 476 3836 καὶ
506 3784 732 3856 Πνεῦμα
764 3790 858 3843 ἐπὶ
878 3790 947 3844 τὰ
973 3792 1134 3847 ὑλικὰ
1184 3780 1500 3874 καταπεσῇ,
1550 3780 1802 3880 καὶγσαρ-

188 3878 385 3941 κικοὺς
412 3879 795 3948 ἀνατυπῲσεις
824 3888 901 3957 τῷ
929 3888 1004 3959 νῷ
1042 3892 1312 3963 πατέρας,
1348 3900 1442 3951 καὶ
1495 3903 1665 3967 υἱοὺς,
1703 3910 1799 3961 καὶ

188 3970 414 4039 ’πνεῦμα
454 3975 662 4046 ἀέριον,
704 3979 880 4033 νότιον
920 3984 1082 4052 τυχὸν
1130 3985 1162 4055 ἦ
1217 3986 1451 4059 βόρειον,
1495 3996 1527 4065 ἦ
1568 4014 1619 4049 τι
1668 4000 1800 4056 ἄλλο

186 4063 303 4114 τῶν
360 4066 747 4140 ἐργαζομένων
803 4078 930 4139 τοὺς
992 4079 1300 4147 κλύδωνας

182 4158 299 4210 τῶν
328 4162 545 4231 ἐφεξῆς.

266 4280 283 4305 ο
330 4258 512 4312 Παντα
542 4261 610 4312 δι’
649 4264 817 4317 αὐτοῦ
865 4268 1104 4335 ἐγένετο.
1154 4292 1169 4323 ι
1218 4276 1309 4346 Μὴ
1343 4280 1592 4352 νομίσῃς,
1636 4290 1792 4353 φησὶ,

184 4356 350 4420 λόγον
373 4359 451 4418 εἰς
476 4360 617 4429 ἀέρα
649 4363 910 4431 χεόμενον
946 4370 1040 4420 καὶ
1075 4370 1358 4441 λυόμενον,
1392 4378 1528 4432 ἀλλὰ
1562 4398 1799 4451 ποιητην

189 4450 412 4502 πάντων
443 4454 652 4521 νοητῶν
685 4457 777 4509 καὶ
814 4461 1112 4530 αἰσθητῶν.
1160 4466 1323 4520 Ἀλλὰ
1372 4471 1539 4526 πάλιν
1588 4477 1801 4547 οἱπερὶ

1915 548 2151 606 factura.
2189 549 2325 606 Nam
2356 566 2478 607 cum
2509 552 2712 624 duplex
2745 555 2817 610 sit
2848 555 3075 611 verbum
3107 555 3281 628 (aliud
3310 560 3539 631 quidem

1917 644 2179 712 menlale,
2211 645 2357 715 quod
2396 647 2662 703 habemus
2691 648 2856 704 etiam
2893 648 3037 704 nihil
3085 650 3401 720 loquentes,
3449 654 3539 709 in~

1917 740 2098 811 tellige
2114 748 2295 795 autem
2316 740 2573 796 virtutem
2595 740 2854 812 loquendi
2878 760 2892 797 :
2913 745 2988 798 ita
3006 744 3153 799 enim
3177 753 3232 800 et
3258 746 3542 806 dormiens

1915 845 1971 890 et
2007 834 2144 890 nihil
2176 836 2411 906 loquens
2438 836 2608 891 habet
2636 836 2744 891 vim
2772 836 3030 909 loquendi
3060 840 3113 894 in
3142 839 3328 912 seipso
3353 842 3539 910 sitam,

1915 938 1968 985 et
1996 929 2254 986 virtutem
2287 944 2394 985 non
2436 929 2636 1000 abjecit
2664 941 2784 988 :est
2825 932 2992 1002 igitur
3031 932 3183 988 aliud
3232 935 3538 998 internum.

1915 1022 2061 1078 aliud
2087 1037 2221 1079 vero
2238 1023 2667 1090 enuntiativum,
2703 1025 2848 1096 quod
2879 1040 2977 1096 per
3004 1026 3150 1081 labia
3175 1028 3538 1096 proferimus,

1916 1116 2022 1172 hoc
2052 1127 2139 1172 est
2174 1118 2256 1173 vis
2285 1116 2605 1188 eloquendi,
2637 1132 2763 1174 cum
2800 1120 2853 1175 id
2886 1122 3034 1189 quod
3069 1119 3218 1175 intus
3250 1121 3420 1177 situm
3455 1132 3541 1177 est

1915 1212 1971 1267 in
1996 1219 2200 1277 mente,
2230 1213 2286 1268 in
2336 1227 2474 1284 opus
2510 1213 2915 1285 producimus),
2956 1230 3081 1270 cum
3121 1215 3287 1284 igitur
3330 1217 3537 1285 dup'ex

1915 1306 1987 1361 sit
2018 1306 2269 1375 verbum,
2299 1316 2552 1363 neutrum
2586 1309 2781 1363 horum
2812 1308 3069 1374 congruit
3099 1308 3154 1363 in
3183 1307 3382 1364 Filium
3420 1312 3535 1368 Del.

1918 1395 2103 1468 Neque
2132 1398 2280 1453 enim
2316 1398 2399 1454 vel
2440 1398 2850 1455 enuntiativum
2890 1399 2973 1453 vel
3016 1400 3260 1455 meutale
3292 1398 3537 1457 Verbum

1914 1499 1998 1544 est
2031 1488 2205 1545 Filius
2235 1489 2352 1546 Dei.
2394 1490 2569 1547 Verba
2618 1492 2765 1545 enim
2814 1492 2905 1547 illa
2968 1493 3246 1549 naturalia
3288 1505 3442 1559 sunt,
3485 1505 3543 1551 et

1914 1579 2095 1649 qualia
2131 1580 2273 1650 apud
2308 1595 2429 1635 nos.
2470 1578 2709 1637 Verbum
2739 1593 2924 1637 autem
2966 1580 3149 1639 Patris
3180 1598 3347 1661 super
3378 1598 3539 1639 uatu-

1916 1688 2032 1726 ram
2066 1681 2172 1738 est,
2226 1686 2329 1727 nec
2370 1672 2680 1745 subjectum
2713 1675 2966 1730 artiliciis
3005 1675 3114 1732 illis
3145 1676 3409 1747 loquendi
3447 1680 3533 1733 in—

1919 1767 2227 1822 ferioribus.
2302 1768 2484 1838 Atque
2555 1769 2629 1823 ita
2706 1770 2859 1825 cadit
2928 1770 3226 1841 Porphyrii
3309 1771 3535 1842 gentilis

1915 1861 2216 1930 sophisma.
2236 1860 2331 1915 llle
2358 1861 2504 1916 enim
2542 1869 2767 1918 tentans
2799 1864 3121 1918 subvertere
3152 1863 3533 1935 Evangelium,

1913 1951 2111 2006 talibus
2141 1952 2396 2007 utebatur
2425 1953 2812 2010 divisionibus.
2840 1955 2896 2010 Si
2922 1957 3093 2023 enim,
3131 1956 3332 2027 inquit,
3366 1955 3538 2011 Filius

1916 2044 2008 2100 Dei
2045 2043 2281 2100 Verbum
2316 2057 2432 2111 est,
2477 2046 2561 2101 vel
2598 2056 2681 2102 est
2727 2048 3226 2117 prouuntiativum,
3261 2050 3344 2104 vel
3379 2067 3536 2105 meu-

1915 2140 2021 2194 tale
2050 2158 2062 2191 :
2094 2153 2279 2193 verum
2311 2155 2490 2209 neque
2540 2140 2645 2195 hoc
2666 2153 2773 2208 est,
2805 2142 3141 2210 nequeillud
3165 2161 3177 2194 ι
3198 2160 3332 2213 ergo
3357 2160 3534 2212 neque

1918 2231 2154 2287 Verbum
2185 2240 2292 2287 est.
2327 2232 2495 2303 508
2526 2232 2781 2288 Solutum
2823 2235 3008 2304 itaque
3047 2236 3200 2305 prius
3224 2249 3308 2292 est
3341 2239 3536 2307 ευριπ-

1910 2341 2028 2378 sma
2057 2326 2179 2390 hoc,
2210 2324 2339 2395 quia
2365 2326 2600 2380 dicimus
2628 2330 2774 2396 quod
2806 2328 3045 2383 mentale
3076 2340 3131 2383 et
3160 2332 3533 2398 pronuntiati-

1909 2432 2037 2471 vum
2062 2420 2287 2474 verbum
2306 2428 2388 2473 est
2414 2419 2479 2475 de
2506 2420 2590 2475 his
2622 2436 2745 2489 qua:
2774 2422 2916 2486 apud
2949 2436 3049 2476 nos
3074 2423 3141 2476 de
3179 2424 3528 2479 naturalibus

1913 2512 2168 2577 dicuntur
2208 2534 2222 2567 :
2262 2513 2330 2567 de
2374 2529 2442 2569 eo
2491 2524 2672 2569 autem
2733 2515 2880 2583 quod
2920 2514 3091 2586 supra
3135 2526 3390 2571 naturam
3426 2530 3532 2581 est.

1921 2606 2056 2660 nihil
2081 2608 2204 2662 tale.
2238 2606 2626 2661 Verumtamen
2652 2608 2831 2662 ethoc
2863 2608 3157 2663 dicendum
3188 2611 3278 2665 :Si
3309 2612 3533 2681 quidem

1912 2714 2109 2753 nomen
2132 2697 2295 2754 Verbi
2316 2698 2539 2771 dignum
2572 2710 2721 2756 esset
2751 2700 2884 2766 Deo,
2916 2711 2971 2755 et
3003 2701 3230 2773 proprie
3256 2706 3323 2759 de
3350 2704 3444 2759 illo
3469 2722 3534 2759 ac

1910 2792 2349 2849 substantialiter
2419 2795 2718 2861 diceretur,
2784 2796 3014 2850 haberet
3086 2796 3279 2866 utique
3348 2796 3530 2854 locum

1910 2884 2129 2955 gentilis
2160 2884 2465 2952 dubitatio;
2501 2895 2559 2941 at
2604 2902 2782 2956 neque
2840 2887 3010 2943 ullum
3047 2888 3195 2945 aliud
3248 2892 3535 2961 proprium

1912 2993 2107 3032 nomen
2135 2978 2259 3049 quis
2288 2976 2561 3033 invenerit
2596 2978 2821 3049 dignum
2862 2982 2972 3037 Deo
3015 2998 3029 3036 :
3065 2996 3245 3053 neque
3292 2982 3535 3040 Verbum

1912 3069 2089 3141 ipsum
2133 3072 2576 3127 subslantialiter
2626 3081 2681 3129 et
2724 3076 2946 3144 preprie
2975 3084 3062 3130 est
3094 3090 3294 3133 nomen
3333 3075 3539 3149 Uuige-

902 3140 1026 3195 οὕτε
1069 3144 1201 3198 ἄλλο
1228 3146 1402 3219 ὄνομα
1433 3151 1583 3223 εὕροι
1614 3156 1679 3210 ἄν
1720 3177 1802 3223 τις

1915 3140 2036 3228 niti,
2066 3164 2162 3220 sed
2191 3172 2407 3220 tantum
2436 3140 2759 3222 manifestat
2788 3140 2998 3238 absque
3022 3168 3318 3227 alfectionc
3339 3180 3535 3229 natum

1912 3260 1979 3313 de
2010 3257 2177 3314 Patre
2207 3259 2434 3325 Filium,
2458 3260 2931 3331 quemadmodum
2963 3262 3193 3318 verbum
3227 3263 3296 3320 de
3324 3274 3534 3330 tuente,

1908 3354 2135 3421 etquod
2177 3353 2349 3409 Filius
2402 3355 2476 3410 sit
2528 3364 2774 3425 paterna
2820 3356 3125 3413 voluntatis
3173 3360 3420 3416 nuntius.
3469 3359 3539 3415 Et

1909 3446 2164 3514 proinde,
2194 3463 2227 3501 ο
2256 3447 2447 3509 miser,
2479 3448 2609 3517 quid
2644 3449 2869 3506 vellicas
2900 3465 3126 3517 nomen,
3163 3462 3259 3505 aut
3285 3452 3536 3524 profecto

1906 3549 2033 3588 cum
2057 3534 2258 3589 dicitur
2278 3533 2461 3600 l’atcr,
2482 3546 2537 3590 et
2555 3534 2749 3600 Filius,
2771 3550 2826 3593 et
2845 3538 3106 3608 Spiritus,
3126 3542 3196 3595 ad
3219 3542 3532 3604 mater-iulia

1910 3628 2135 3693 laberis,
2187 3639 2237 3682 et
2273 3630 2524 3685 carnales
2565 3642 2748 3686 mente
2783 3630 2945 3703 ﬁngis
2972 3642 3161 3704 patres
3183 3675 3197 3698 ,
3230 3643 3287 3689 et
3317 3644 3529 3706 septem

1909 3725 2073 3791 lilios,
2108 3735 2164 3779 ct
2205 3726 2462 3795 spiritum
2492 3725 2723 3791 aerium,
2776 3727 3195 3785 meridionalem
3243 3727 3411 3795 forte,
3447 3732 3531 3786 vel

1911 3818 2197 3874 lrionaletu
2223 3820 2305 3873 vel
2346 3821 2514 3873 alium
2556 3820 2891 3876 excitantein
2948 3826 3373 3891 tempestatem?
3404 3823 3532 3880 Ca:-

1909 3926 2085 3967 terutn
2118 3914 2166 3969 si
2200 3915 2341 3971 scire
2372 3915 2453 3971 vis
2488 3918 2651 3985 quale
2688 3916 2760 3973 sit
2795 3916 3036 3974 Verbum
3074 3917 3195 3987 Dei,
3248 3922 3375 3976 audi
3410 3924 3537 3977 reli-

1906 4025 2011 4077 qua
2043 4025 2166 4077 qua:
2196 4018 2529 4079 sequuntur.

1372 4086 1532 4142 Ἀλλὰ
1590 4096 1699 4164 γὰρ
1756 4102 1801 4151 εὶ
1841 4101 2012 4175 βούλῃ
2078 4104 2279 4174 μαθεῖν
2347 4106 2504 4167 ποῖος
2535 4106 2712 4173 Λόγος
2749 4110 2899 4161 ἐστὶν
2924 4109 2953 4161 6
2976 4108 3071 4163 τοῦ
3101 4109 3264 4174 Θεοῦ,
3296 4112 3532 4169 ἄκουσον

1984 4288 2147 4340 Vens.
2184 4286 2237 4340 5.
2280 4304 2296 4335 ι
2326 4285 2523 4339 Omnia
2557 4303 2654 4357 per
2684 4289 2860 4358 ipsum
2894 4288 3037 4345 facta
3062 4302 3207 4347 sunt.
3253 4315 3269 4344 ι
3304 4294 3384 4350 Ne
3410 4301 3531 4352 exi-

1912 4382 2124 4443 s:ime8,
2160 4380 2363 4446 inquit,
2409 4380 2637 4432 verbum
2668 4381 2814 4449 quod
2871 4382 2923 4435 in
2957 4397 3083 4437 aera
3118 4381 3442 4442 diﬂuntlitur
3474 4402 3532 4444 et

1910 4472 2251 4537 dissolvitur,
2298 4476 2391 4525 sed
2433 4472 2701 4527 factorem
2747 4476 2994 4528 omnium
3040 4486 3152 4531 tam
3202 4484 3527 4538 tut-utalium

187 4546 284 4596 τὸν
320 4547 538 4615 Ἀρειον
568 4552 912 4621 ἐπιφύονται,
944 4560 1196 4627 λέγοντες
1214 4566 1295 4618 ὃτι
1324 4564 1517 4638 ὥσπερ
1556 4570 1794 4640 λέγομεν

1913 4578 2073 4633 quant
2116 4562 2482 4618 sensibilium.
2520 4561 2621 4619 llic
2659 4567 2860 4619 iterum
2896 4568 3087 4623 Ariani
3132 4572 3447 4643 insurgunt,
3474 4590 3531 4631 et

187 4641 281 4693 διὰ
308 4641 403 4694 τοῦ
440 4647 658 4713 πρίονος
688 4649 947 4714 γενέσθαι
972 4654 1070 4724 τὴν
1106 4657 1283 4727 θύραν
1319 4660 1396 4723 ὼς
1434 4662 1501 4714 δι’
1531 4664 1794 4731 ὀργάνου,

188 4734 381 4803 ἕτερον
424 4737 609 4805 μέντοι
642 4745 735 4793 τὸν
756 4747 1008 4817 τεχνίτην
1039 4751 1128 4801 τὸν
1167 4752 1423 4807 κινοῦντα
1455 4759 1512 4809 16
1543 4757 1797 4827 ὄργανον

188 4830 337 4883 οὕτω
370 4835 465 4884 καὶ
503 4834 592 4885 διὰ
629 4836 723 4888 τοῦ
767 4838 896 4892 Υιοῦ
942 4845 1197 4909 γενέσθαι
1243 4850 1312 4901 τα
1363 4850 1569 4915 πάντα,
1598 4853 1695 4923 οὐχ
1725 4853 1800 4917 ὡς

192 4925 361 4976 αὑτοῦ
415 4930 641 4997 ποιητοῦ
692 4931 865 4994 6.10;,
923 4934 1042 4986 ἀλλ’
1081 4938 1342 5007 ὀργάνου,
1391 4940 1585 5013 ὥσπερ
1629 4946 1803 4999 ἐκεῑό

186 5020 390 5090 πρῖων,
421 5022 515 5074 τοῦ
550 5025 736 5088 μέντοι
776 5026 915 5077 θεοῦ
972 5028 1066 5080 καὶ
1106 5032 1323 5101 Πατρὸς
1372 5034 1603 5104 ποιητοῦ
1642 5038 1797 5101 ὄντος

185 5115 283 5167 καὶ
321 5116 610 5183 χρωμένου
659 5118 736 5186 τῷ
783 5120 895 5189 Υἱῷ
942 5121 1017 5184 ὡς
1065 5125 1301 5197 ὀργάνῳ.
1350 5129 1515 5182 ’Ὥστε
1553 5132 1793 5202 ποίημα,

186 5213 377 5275 φασιν,
418 5215 444 5262 6
478 5210 625 5275 Υἱὸς,
664 5212 757 5265 ἐπὶ
794 5215 970 5285 τούτῳ
1001 5220 1266 5283 κτιςθεὶς,
1299 5223 1392 5274 ἐπὶ
1424 5225 1499 5291 τῷ
1525 5222 1593 5277 δι’
1625 5228 1692 5279 αὖ
1716 5226 1795 5280 κοῦ

186 5303 444 5369 γενέσθαι
468 5303 537 5355 τὰ
564 5306 742 5357 πάντα
766 5320 777 5331 ’
813 5306 1004 5375 ὥσπερ
1030 5311 1056 5361 6
1097 5313 1274 5381 πρίων
1304 5316 1397 5367 ἐπὶ
1438 5320 1615 5388 τούτῳ
1650 5320 1794 5386 γίνεο

188 5411 303 5455 ται,
361 5396 452 5446 ἐπὶ
498 5400 577 5468 τῷ
629 5399 696 5450 δι’
750 5400 918 5451 αὐτοῦ
972 5404 1338 5476 ἐνεργηθῆναι
1386 5411 1453 5462 τίι
1502 5416 1799 5466 τεκτονικὰ

186 5488 352 5556 ἔργα.
400 5486 584 5543 Ταῦτα
637 5491 737 5559 μὲν
790 5496 821 5563 ἡ
864 5497 1079 5564 πονηρὲ
1139 5499 1233 5551 τοῦ
1304 5503 1517 5571 Ἀρείου
1564 5507 1793 5575 φατρία·

193 5582 390 5649 ’έιλιείς
414 5582 468 5635 δέ
492 5602 542 5636 τι
572 5587 709 5655 πρὶς
740 5590 963 5651 τούτους
993 5594 1229 5662 ἐροῦμεν
1260 5596 1464 5649 ἁπλοῦν
1498 5601 1590 5650 καὶ
1620 5599 1795 5665 εῦθές,

177 5681 255 5738 ὡς
292 5681 340 5730 εἰ
388 5680 480 5731 ἐπὶ
527 5683 703 5751 τούτῳ
758 5683 993 5749 ἔκτισεν,
1040 5688 1114 5751 ὡς
1160 5706 1332 5755 φατε,
1383 5694 1410 5741 6
1459 5690 1648 5762 Πατὴρ
1704 5695 1794 5746 τὸν

186 5769 286 5821 TE".-
306 5789 341 5829 ι,
380 5771 466 5821 ibat
491 5774 723 5841 ἕργανον
748 5774 844 5845 ἔχη
872 5778 1061 5829 τοῦτον
1094 5780 1231 5849 πρὸς
1265 5782 1670 5852 συμπλήρωσιν
1696 5787 1794 5854 τῆς

188 5880 444 5927 :;::.zt-.;,
510 5872 830 5937 α-ιροτενος
905 5875 1119 5924 scuti
1174 5874 1292 5925 Ὶὲοξ
1373 5893 1470 5944 της
1537 5880 1791 5943 τιτῖῖεοέις.

1910 4658 2099 4710 dicunt
2134 4659 2281 4727 quod
2326 4658 2469 4711 sicut
2503 4658 2738 4713 dicimus
2772 4661 2955 4714 securi
3006 4660 3267 4719 fabricari
3298 4664 3525 4732 januam

1909 4751 2065 4818 quasi
2095 4749 2481 4816 instrumento,
2520 4760 2574 4806 et
2599 4752 2765 4805 alimn
2800 4767 2924 4809 esse
2961 4753 3177 4810 fabrum
3209 4761 3300 4829 qui
3340 4774 3525 4817 ιιιονιει

1910 4838 2013 4893 hoc
2049 4855 2339 4910 organum,
2393 4842 2466 4896 ila
2511 4850 2567 4897 et
2601 4858 2701 4914 per
2755 4844 2955 4899 Filium
3006 4847 3121 4903 ﬁeri
3158 4851 3367 4919 omnia,
3418 4870 3527 4909 non

1908 4935 2055 5002 quod
2086 4938 2200 5005 ipse
2234 4937 2302 4991 sit
2345 4936 2540 5004 factor,
2581 4940 2675 4993 sed
2723 4940 3181 5011 instrumentum,
3218 4947 3364 5002 sicut
3415 4950 3527 5005 illic

1907 5029 2138 5095 seem-is,
2172 5037 2226 5081 et
2269 5029 2406 5084 Filio
2451 5041 2507 5085 ut
2544 5032 2914 5089 instrumento
2943 5044 3149 5102 utatur,
3176 5053 3300 5092 cum
3341 5050 3524 5099 tamen

1910 5122 2053 5178 Deus
2080 5136 2133 5178 et
2169 5123 2331 5180 Pater
2372 5124 2559 5181 faciat.
2596 5126 2661 5181 Et
2699 5130 2770 5181 ita
2808 5129 3044 5197 factura,
3100 5134 3275 5200 aiunt,
3310 5146 3392 5191 est
3428 5135 3523 5193 Fi-

1907 5217 2037 5281 lius,
2071 5220 2140 5273 ad
2183 5220 2287 5276 hoc
2321 5221 2461 5276 facta
2506 5230 2564 5276 ut
2593 5236 2689 5292 per
2715 5222 2891 5292 ipsqu
2939 5225 3077 5280 (iant
3123 5230 3337 5295 omnia,
3383 5233 3529 5288 sicut

1909 5317 2201 5368 etsecuris
2230 5315 2297 5368 ad
2334 5314 2441 5369 hoc
2484 5316 2541 5367 lit
2571 5326 2629 5368 ut
2679 5333 2778 5387 per
2822 5334 2944 5372 eam
2978 5322 3167 5376 omnia
3215 5326 3528 5381 artilicialia

1907 5406 2279 5461 elaborentur.
2315 5408 2378 5460 Et
2408 5407 2526 5463 huic
2568 5422 2692 5462 sunt
2724 5411 2962 5481 maligna
3010 5414 3522 5487 AriPuugamenta.

1908 5506 2019 5561 Nos
2048 5518 2233 5560 autem
2285 5509 2419 5577 quid
2450 5507 2559 5563 illis
2588 5508 2839 5567 dicemus
2872 5510 3201 5580 simpliciter
3235 5530 3299 5571 ac
3336 5520 3525 5575 recte?

1907 5598 2062 5665 Quod
2095 5600 2141 5653 si
2200 5603 2253 5653 iu
2288 5600 2389 5656 hoc
2420 5603 2650 5668 creavit,
2682 5614 2741 5657 ut
2789 5605 2943 5671 dicit,
2988 5603 3151 5661 Pater
3187 5605 3413 5675 Filium,
3462 5623 3519 5666 ut

1909 5694 2337 5747 instrumentum
2382 5694 2608 5751 haberet
2640 5698 2707 5751 ad
2753 5700 3178 5769 completionent
3225 5716 3515 5761 creatum.

1912 5786 2186 5858 indignior
2226 5790 2387 5845 fuerit
2430 5789 2601 5847 Filius
2633 5802 2913 5847 creatura.
2962 5792 3099 5847 Nam
3138 5795 3278 5849 sicut
3312 5796 3516 5858 securi,

1910 5897 2028 5949 quo:
2081 5894 2161 5935 est
2221 5884 2671 5952 instrumentum,
2730 5886 2834 5941 alia
2884 5902 3005 5959 qur
3047 5902 3139 5958 per
3185 5904 3308 5942 tf'lltl
3360 5888 3513 5951 iiuut,
