4000 6398
233 332 376 399 1119

926 333 1379 397 ENARRATIO
1421 331 1504 395 IN
1548 329 2061 394 EVANGELIUM
2094 330 2451 392 IOANNlS.
2494 355 2560 364 -
2590 329 2758 393 CAP.
2802 329 2851 391 Ῑ.

3448 329 3591 403 1150

230 440 644 499 πιστεύσωσιν·
704 443 753 498 εί
806 441 865 498 δὲ
902 444 979 517 μὴ
1010 442 1173 501 τοῦτο
1224 443 1433 514 ἀπέϐη,
1482 443 1585 498 οὒκ
1636 443 1849 505 ικείνος

1974 442 2058 497 'uit
2094 439 2363 509 Joannes,
2423 452 2482 496 ut
2527 456 2725 499 omnes
2786 443 3018 497 credant
3050 460 3063 497 ε
3096 442 3350 513 quamvis
3398 456 3585 504 autem

228 536 431 601 αἴτιος.

312 649 331 684 ι
371 631 487 685 Οὐκ
518 625 588 703 ἦν
631 631 841 696 ικεῐνος
892 629 954 685 τὺ
1004 631 1142 701 φῶς,
1196 631 1314 686 ἀλλ’
1364 630 1453 685 ἵνα
1511 629 1850 703 μαρτυρήσῃ

228 725 369 796 περὶ
401 723 497 779 τοῦ
534 724 733 796 φωτός.
776 743 796 777 ι
841 723 1067 798 Ἐπειδὴ
1098 724 1176 790 ὡς
1214 724 1312 779 ἐπὶ
1366 724 1503 780 πολὺ
1552 723 1848 795 συμδαίνει

228 820 326 875 τὶν
350 820 738 894 μαρτυροῦντα
760 822 1049 895 κρείττονα
1075 820 1217 877 εἶναι
1238 823 1335 878 τοῦ
1362 821 1847 896 μαρτυρουμένου,

233 913 326 969 ἵνα
358 916 434 987 μὴ
465 910 718 991 νομίσῃς,
757 916 841 971 ὅτι
892 917 987 971 καὶ⁵
1032 915 1291 987 Ἰωάννης
1327 915 1626 988 μαρτυρῶν
1669 912 1849 988 [περὶ]

230 1005 476 1076 Χριστοῦ
526 1009 797 1080 κρείττων
844 1008 1015 1063 αὐτοῦ
1064 1004 1160 1081 ἦν·
1200 1008 1301 1080 τὴν
1341 1010 1595 1081 πονηρὰν
1638 1008 1851 1081 ταύτην

232 1096 477 1170 ὑποψίαν
509 1100 838 1173 περιαιρῶν,
862 1102 1030 1175 φησίν
1051 1118 1066 1135 ·
1104 1104 1219 1157 Οὐκ
1251 1099 1323 1176 ἦν
1359 1104 1569 1167 ²ειιείνος
1608 1102 1671 1159 τὸ
1705 1102 1847 1174 φῶς.

243 1193 388 1249 Ἀλλ’
421 1196 568 1249 εἴποι
615 1195 685 1250 ἄν
716 1211 827 1260 τις’
872 1190 1023 1268 ’Λρα
1068 1196 1191 1252 οὐδὲ
1241 1198 1335 1252 τδν
1402 1199 1687 1269 Ἰωάννην,
1723 1196 1851 1253 οὔτε

228 1286 359 1341 τινὰ
386 1286 548 1342 ἄλλον
572 1287 683 1341 τῶν
719 1288 892 1358 ἁγίων
920 1290 1176 1363 εἵποιμεν
1205 1290 1361 1361 φῶς;
1392 1289 1514 1355 Φῶς
1549 1292 1652 1363 μὲν
1677 1293 1854 1346 εῐποι-

233 1394 339 1448 μεν
365 1378 599 1435 ἕκαστον
629 1381 740 1435 τῶν
768 1381 976 1450 άγίωνο
1005 1382 1066 1437 τδ
1112 1383 1231 1455 φῶς
1274 1384 1331 1440 δὲ
1366 1386 1469 1440 οὐκ
1498 1384 1564 1441 ἂν
1596 1385 1852 1458 εἴποιμεν

233 1471 381 1543 μετὰ
432 1470 526 1525 τοῦ
574 1472 803 1544 ἄρθρου.
838 1466 986 1538 Οἷον,
1021 1475 1119 1529 δάν
1156 1492 1216 1530 σε
1269 1475 1450 1549 ἔροιτό
1483 1495 1606 1542 τιςο
1636 1473 1784 1550 ’Δρα
1824 1478 1854 1532 6

242 1566 505 1639 Ἰωάννης
548 1568 665 1641 φῶς
698 1570 849 1639 tam;
886 1571 1256 1627 κατάνευσον
1309 1573 1360 1626 εί
1408 1572 1465 1626 δὲ
1504 1570 1682 1636 οὕτως
1711 1575 1854 1644 ἔρω-

232 1661 417 1730 τήσειο
448 1659 597 1733 Ἀρα
640 1665 669 1718 6
717 1665 975 1736 Ἰωάννης
1003 1666 1065 1720 τὸ
1106 1667 1225 1737 φῶς
1254 1667 1437 1733 ἐστιν;
1461 1666 1607 1731 εἰπὲ,
1642 1665 1741 1722 Οὔ.
1775 1665 1853 1721 Οὐ

1958 537 2213 592 evenerit
2249 535 2618 599 contrarium.
2654 526 2746 592 ilie
2797 536 2851 591 in
2882 551 3053 593 causa
3085 552 3194 593 non
3223 546 3332 594 est.

2029 625 2199 685 Vens.
2240 630 2294 687 8.
2330 637 2349 682 ἀ
2380 632 2499 686 Non
2525 640 2648 686 erat
2681 623 2771 687 ille
2793 632 2890 686 lux
2926 629 3040 699 illa,
3066 626 3165 687 sed
3194 641 3256 688 ut
3284 641 3590 691 testaretur
3620 692 3623 695 λ

1954 725 2022 780 de
2053 725 2195 781 luce.
2231 745 2248 777 ι
2288 724 2771 796 Quandoquidem,
2824 735 2883 781 ttt
2934 740 3079 797 saepe
3126 724 3244 781 fieri
3294 725 3455 796 solet,
3493 726 3587 798 qni

1954 828 2191 875 testatur
2247 818 2426 889 major
2449 830 2533 877 est
2560 837 2625 876 co
2657 821 2743 876 cui
2771 821 3148 877 testimonium
3182 809 3454 891 perhibet,
3516 837 3589 878 ne

1954 914 2243 969 existimes
2286 914 2432 984 quod
2487 913 2731 971 Joannes
2786 914 3093 971 testillcans
3133 914 3357 970 Citrile
3400 915 3591 987 major

1956 994 2049 1062 illo
2068 1007 2253 1076 fuerit;
2274 1008 2472 1063 malam
2487 1008 2857 1078 suspicionem
2883 1009 3031 1063 illam
3052 1008 3217 1081 512
3238 1012 3587 1079 interimens,

1959 1097 2153 1167 inquit,
2181 1098 2301 1154 Non
2337 1110 2457 1154 erat
2482 1099 2572 1155 ille
2602 1100 2697 1154 lux
2729 1098 2841 1154 illa.
2876 1099 2983 1156 Sed
3006 1102 3210 1157 dixerit
3250 1102 3528 1174 quispiam
3568 1121 3581 1158 :

1956 1192 2129 1263 igitur
2157 1210 2266 1249 non
2296 1196 2399 1250 erit
2435 1194 2517 1249 vel
2545 1194 2808 1259 Joannes,
2833 1196 2915 1250 vel
2954 1197 3229 1266 quispiam
3256 1209 3582 1252 sanctorum

1956 1286 2241 1342 vocandus
2275 1288 2406 1343 lux?
2430 1287 2632 1343 Lucem
2664 1288 2854 1357 utique
2882 1299 3029 1345 recte
3051 1290 3355 1345 dixerimus
3382 1306 3587 1344 unum-

1956 1396 2232 1452 quemque
2278 1392 2618 1446 sanctorum,
2668 1383 2763 1437 sed
2795 1382 2971 1437 lucem
3007 1380 3151 1436 illam
3186 1397 3312 1437 cum
3351 1381 3589 1438 articulo

1959 1474 2281 1545 neutiquam
2340 1475 2612 1529 dicemus.
2673 1473 2839 1530 Unde
2907 1475 2952 1529 si
3011 1475 3138 1545 quis
3206 1474 3301 1530 tibi
3360 1475 3589 1539 dixerit,

1955 1566 2199 1623 Joannes
2234 1567 2323 1622 lux
2354 1560 2704 1623 estiannue.
2734 1562 2791 1623 Si
2827 1578 3009 1622 autem
3034 1569 3406 1637 interrogarit.
3440 1562 3593 1623 Nm.-

1960 1661 2092 1731 qnid
2123 1660 2365 1717 Joannes
2397 1661 2488 1716 lux
2524 1661 2611 1715 illa
2647 1661 2918 1726 est?dic,
2955 1652 3096 1716 Non.
3135 1659 3257 1716 Non
3290 1661 3438 1716 enim
3474 1663 3594 1731 ipse

230 1750 344 1823 γάρ
383 1752 532 1807 iactv
578 1754 744 1819 αύτδς
788 1755 851 1810 τὸ
901 1755 1016 1827 φῶς
1066 1758 1298 1827 κυρίως,
1343 1757 1484 1811 ἀλλὰ
1530 1756 1650 1827 φῶς
1704 1756 1850 1812 κατὰ

1974 1756 2182 1827 )roprie
2206 1754 2296 1809 lux
2318 1764 2426 1822 est,
2457 1759 2555 1811 sed
2588 1756 2678 1810 lux
2713 1769 2814 1825 per
2845 1755 3353 1827 panticipatiouem,
3383 1754 3595 1811 habens

234 1849 497 1919 μετοχὴν,
533 1848 656 1921 ἕχον
691 1849 793 1922 τὴν
842 1822 1053 1922 λάμψιν
1104 1822 1169 1906 ἐκ
1218 1852 1319 1907 τοῦ
1348 1822 1609 1927 ἀληθινοῦ
1647 1850 1852 1924 φωτός.

1974 1851 2229 1917 fulgorem
2255 1866 2285 1904 a
2318 1865 2449 1904 vera
2477 1849 2618 1905 luce.

313 1960 333 1996 ε
368 1935 477 1997 Ἦν
500 1944 559 1998 τὸ
587 1944 704 2013 φῶς
725 1945 786 2000 τὸ
809 1944 1091 2020 ἀληθινὸν,
1120 1946 1149 2000 ὃ
1175 1948 1405 2016 φωτίζει
1434 1949 1617 2004 πάντα
1643 1946 1859 2019 ἄνθρω-

233 2053 341 2093 πον
373 2037 673 2109 ὶρχόμενον
702 2039 785 2103 είς
828 2038 921 2095 τὸν
958 2040 1191 2112 κόσμον.
1227 2060 1245 2093 ι
1275 2041 1482 2096 Μέλλει
1520 2043 1698 2097 εἰπεῖν
1728 2043 1858 2113 περὶ

232 2128 339 2201 τῆς
374 2132 645 2200 ινσάρκου
688 2132 1006 2204 οἰκονομίας
1038 2133 1136 2189 τοῦ
1168 2132 1540 2205 Μονογενοῦς,
1571 2124 1657 2189 ὅτι
1693 2131 1859 2207 ἦλθεν

236 2222 323 2289 εις
354 2226 422 2279 τὰ
454 2226 584 2294 ῐδια,
615 2226 697 2281 ὅτι
728 2227 871 2300 σὰρξ
895 2228 1141 2295 ἐγένετο.
1174 2229 1296 2283 Ἵνα
1322 2229 1505 2283 τοίνυν
1539 2230 1615 2302 μὴ
1657 2229 1858 2303 νομίσῃ

232 2335 346 2387 τις,
370 2319 454 2373 δτι
500 2319 610 2390 πρὸ
652 2320 750 2375 τοῦ
796 2321 1156 2392 σαρκωθῆναι
1189 2324 1293 2376 οὐκ
1340 2318 1431 2395 ἦν,
1464 2322 1658 2378 τούτου
1689 2322 1856 2377 ἕνεκα

236 2412 436 2481 ἀνάγει
471 2413 576 2483 τὴν
607 2412 851 2467 διάνοιαν
882 2414 977 2468 ἐπὶ
1022 2414 1125 2487 τὴν
1176 2414 1440 2470 ἐπέκεινα
1473 2416 1656 2485 πάσης
1684 2415 1862 2486 ἀρχῆς

237 2503 500 2577 ὕπαρξιν,
536 2504 632 2560 καί
663 2523 832 2577 φησιν
860 2523 874 2537 ⁸
906 2502 1020 2562 Ἦν
1065 2509 1161 2563 καὶ
1215 2507 1326 2579 πρὸ
1365 2506 1463 2563 τοῦ
1502 2508 1861 2581 σαρκωθῆναι

238 2596 302 2653 τὺ
336 2598 455 2668 φῶς
518 2599 580 2653 τὸ
630 2599 914 2670 ἀληθινόν.
962 2602 1063 2655 Διὰ
1098 2600 1295 2656 τούτου
1337 2602 1391 2656 δὲ
1440 2601 1542 2672 τὴν
1587 2600 1862 2656 Φωτεινοῦ

239 2691 334 2746 καὶ
364 2690 581 2745 Παύλου
612 2689 706 2745 τοῦ
738 2692 1109 2763 Σαμοσατέως
1134 2693 1351 2764 αἰρεσιν
1388 2692 1719 2765 ἀνατρέπει,
1749 2692 1859 2746 τῶν

237 2784 695 2854 ζογματισάντων
726 2785 848 2839 τότε
886 2784 1133 2858 ὑπάρξαι
1160 2786 1254 2839 τὸν
1281 2787 1591 2858 Μονογενῆ,
1619 2785 1710 2840 ὅτε
1742 2784 1856 2839 ἀπὸ

238 2878 463 2949 Μαρίας
513 2876 784 2948 ἐγεννήθη
807 2895 820 2909 ·
858 2876 967 2950 πρὸ
998 2878 1195 2933 τούτου
1229 2878 1286 2933 δὲ
1314 2878 1393 2951 μὴ
1447 2873 1617 2934 εἶναι.
1654 2879 1863 2933 ’Δκουε

240 2971 341 3026 καὶ
373 2971 463 3036 σὺ,
517 2972 547 3024 6
583 2970 891 3041 ’Δρειανδς,
916 2973 945 3026 6
979 2972 1055 3045 μὴ
1094 2971 1273 3042 λέγων
1322 2974 1579 3045 ἀληθινὸν
1609 2972 1745 3027 Θεὸν
1770 2973 1866 3028 τὸν

2038 1943 2212 2001 Vens.
2248 1945 2303 2003 9.
2340 1964 2359 1998 ι
2409 1943 2545 1999 Erat
2578 1944 2665 1998 lux
2705 1946 2797 1999 illa
2838 1948 2927 1998 lux
2960 1950 3118 2008 vera,
3160 1956 3287 2012 qua;
3318 1939 3596 1997 illuminat

1964 2055 2183 2095 omnem
2214 2038 2494 2095 hominem
2529 2038 2842 2093 venientem
2871 2036 2925 2091 iu
2956 2038 3249 2091 mundum.
3286 2054 3306 2088 ι
3332 2025 3596 2090 Dicturus

1966 2143 2052 2191 est
2082 2132 2153 2189 de
2198 2133 2583 2187 incarnatione
2614 2128 2921 2201 Unigeniti,
2952 2134 3100 2199 quod
3129 2134 3345 2183 venerit
3380 2126 3437 2182 in
3471 2142 3598 2197 pro-

1967 2230 2107 2296 pria,
2134 2227 2279 2297 quod
2308 2240 2439 2280 caro
2468 2222 2649 2281 factus
2684 2224 2781 2280 sit.
2814 2222 2893 2279 Ne
2922 2222 3091 2294 igitur
3118 2222 3244 2294 quis
3281 2220 3599 2293 suspicetur

1966 2322 2112 2393 quod
2145 2335 2252 2376 non
2286 2318 2459 2375 fuerit
2490 2326 2790 2388 antequam
2830 2317 3240 2380 incarnaretur,
3270 2315 3391 2387 ejus
3416 2313 3598 2387 gratia

1969 2410 2229 2465 subvehit
2269 2418 2513 2464 mentem
2547 2419 2793 2463 nostram
2838 2405 2892 2461 itt
2922 2404 3317 2470 substantiam,
3358 2419 3483 2477 quae
3512 2400 3600 2458 ul-

1968 2514 2051 2558 tra
2099 2518 2265 2559 onme
2316 2501 2651 2574 principium
2704 2508 2814 2567 est,
2856 2508 2912 2554 et
2962 2497 3197 2570 inquit:
3235 2490 3371 2553 Erat
3428 2494 3597 2552 etiam

1966 2608 2262 2669 antequam
2320 2598 2710 2653 incarnaretur
2762 2596 2853 2653 lux
2898 2595 2989 2650 illa
3033 2611 3186 2652 vera.
3218 2591 3287 2648 Et
3343 2608 3441 2665 per
3488 2592 3597 2649 hoc

1966 2693 2189 2750 Photini
2220 2703 2278 2748 et
2309 2690 2465 2748 Pauli
2498 2690 2852 2748 Satnosateni
2888 2690 3165 2747 subvertit
3196 2688 3476 2754 haeresim,
3502 2687 3599 2758 qui

1966 2786 2167 2842 docent
2192 2786 2244 2840 in
2277 2784 2391 2840 suis
2416 2771 2771 2857 dogmatibus
2793 2783 3152 2853 Unigenitutn
3178 2796 3309 2839 tunc
3333 2782 3595 2853 coepisse,

1966 2870 2191 2955 quando
2217 2881 2287 2937 de
2316 2880 2488 2935 Maria
2520 2888 2685 2936 natus
2717 2889 2826 2943 est,
2860 2895 2890 2935 e
2948 2892 3076 2936 ante
3114 2880 3216 2935 bne
3248 2898 3356 2936 non
3391 2881 3590 2939 fuisse.

1968 2978 2110 3033 Audi
2158 2987 2213 3031 et
2242 2988 2322 3040 tu,
2355 2975 2581 3042 Ariane,
2629 2974 2724 3045 qui
2758 2988 2929 3046 negas
2960 2989 3151 3029 verum
3183 2973 3357 3030 Deum
3395 2973 3599 3032 Filium

243 3058 375 3115 Υἱδν
430 3058 527 3114 τοῦ
559 3060 720 3127 Θεοῦ,
745 3061 808 3116 ,τί
855 3078 1024 3132 φησιν
1055 3065 1083 3115 ὁ
1112 3061 1513 3134 εὐαγγελιστής
1537 3078 1552 3093 ο
1591 3080 1611 3115 ι
1649 3061 1712 3116 τὺ
1744 3061 1864 3132 φῶς

1974 3071 2091 3137 Dci,
2123 3070 2253 3142 quid
2274 3068 2813 3141 dicatevangelista:
2846 3087 2865 3121 ι
2902 3068 3031 3123 Erat
3065 3068 3153 3123 lux
3186 3069 3274 3123 illa
3301 3084 3452 3125 vera.
3490 3088 3510 3123 ο
3535 3068 3603 3125 Ει.

241 3154 306 3207 τὸ
336 3151 623 3223 ἀληθινόν·
674 3173 693 3206 ι
740 3154 839 3208 καὶ⁵
874 3155 939 3210 σὺ
974 3154 1055 3223 δὲ,
1079 3148 1126 3210 ὧ
1151 3157 1450 3226 Μανιχαῖε,
1486 3158 1515 3211 6
1556 3156 1759 3227 λέγων,
1781 3157 1864 3211 ὅτι

1974 3176 2028 3222 ιιι
2058 3181 2299 3237 quoque,
2330 3163 2653 3230 Manicha-e,
2680 3165 2772 3235 qui
2802 3164 2939 3219 dicis
2960 3163 3107 3234 quod
3130 3164 3304 3221 simus
3330 3174 3603 3221 creatura:

241 3247 339 3303 τοῦ
369 3247 611 3321 πονηροῦ
642 3244 987 3322 δημιουργοῦ
1018 3246 1191 3320 ἔσμεν
1224 3251 1527 3323 κτίσματα,
1560 3252 1754 3319 ἄκουε,
1782 3255 1864 3306 ὅτι

1974 3260 2189 3328 epillcis
2229 3256 2453 3324 diaboli,
2502 3256 2653 3322 audi,
2684 3258 2814 3327 quia
2862 3256 2954 3311 lux
2996 3256 3090 3313 illa
3150 3272 3276 3313 vera
3321 3258 3601 3315 illuminat

244 3343 309 3397 τὸ
338 3342 455 3413 φῶς
476 3342 537 3396 τὸ
568 3343 830 3415 ἀληθινὸν
861 3343 1091 3412 φωτίζει
1118 3344 1302 3399 πάντα
1332 3344 1643 3418 ἄνθρωπον.
1678 3346 1739 3400 El
1770 3341 1864 3401 οὖν

1974 3363 2194 3405 Omnem
2226 3346 2528 3403 hominem.
2559 3344 2616 3401 Si
2653 3346 2819 3417 igitur
2855 3344 3133 3417 malignus
3169 3345 3260 3402 ille
3289 3345 3474 3416 opifex
3510 3357 3598 3403 te-

242 3439 275 3493 6
300 3437 541 3510 πονηρὸς
582 3432 920 3509 δημιουργὸς
966 3438 1162 3500 σκότος
1221 3438 1394 3507 ἐστὶν,
1428 3440 1531 3493 οὐκ
1560 3438 1629 3494 ἂν
1650 3439 1864 3511 φωτίσῃ

1976 3444 2165 3497 tnebrae
2188 3450 2295 3507 est,
2319 3440 2531 3496 nullum
2563 3439 2756 3510 utique
2787 3430 3066 3497 illuminat
3099 3457 3113 3495 :
3145 3448 3311 3512 atque
3347 3440 3421 3496 ita
3457 3456 3605 3498 vera:

242 3532 405 3588 τινά·
458 3531 605 3587 ὥστε
658 3531 755 3586 τοῦ
817 3533 999 3603 φωτὸς
1057 3532 1154 3587 τοῦ
1203 3534 1466 3605 ἀληθινοῦ
1514 3536 1684 3606 ἐσμεν
1734 3535 1869 3589 κτί-

245 3644 451 3699 σματα.
498 3628 612 3682 Καὶ
647 3626 790 3693 πῶς,
835 3628 994 3698 φησὶ,
1042 3626 1270 3698 φωτίζει
1322 3629 1501 3683 πάντα
1551 3630 1864 3700 ἄνθρωπον,

244 3725 381 3781 ὅπου
414 3741 480 3794 γε
535 3724 812 3795 βλέπομεν
860 3740 1019 3787 τινας
1065 3725 1531 3796 ἐσκοτισμινουςς
1584 3725 1754 3779 Ὀσον
1807 3727 1873 3781 τὸ

245 3817 334 3887 ἐφ’
362 3816 566 3885 ἑαυτῷ,
612 3816 823 3881 πάντας
858 3816 1112 3886 φωτίζει.
1152 3815 1290 3870 Εἰπὲ
1323 3818 1435 3889 γάρ
1466 3834 1582 3888 μοι,
1628 3817 1691 3872 οὐ
1726 3817 1868 3871 πάν-

246 3930 341 3977 τες
374 3909 585 3981 λογικοί
610 3927 626 3978 ;
682 3911 744 3966 ού
790 3912 993 3976 πάντες
1024 3910 1188 3981 φύσει
1217 3910 1587 3981 γινώσκοντες
1615 3911 1678 3966 τὸ
1700 3912 1870 3967 καλὴν

246 4008 345 4063 καὶ
370 4005 726 4075 τούναντίον;
776 4003 880 4061 ούκ
928 4008 1146 4077 ἔχοντες
1175 4005 1409 4079 δύναμιν
1445 4006 1705 4079 ἐννοῆσαι
1758 4006 1871 4061 ἀπὸ

246 4100 359 4158 τῶν
392 4102 715 4170 κτισμάτων
737 4102 829 4155 τὸν
854 4099 1105 4172 Κτίστην
1129 4116 1143 4167 ;
1177 4086 1344 4154 Ὥστε
1377 4102 1406 4154 6
1435 4100 1600 4171 λόγος
1627 4101 1656 4153 6
1690 4099 1870 4164 δοθεὶς

249 4198 407 4267 ἡμῖν,
437 4195 534 4251 καὶ
564 4194 936 4264 παιδαγωγῶν
968 4196 1117 4266 ἡμᾶς
1166 4195 1354 4265 φύσει,
1379 4194 1440 4261 ὃς
1490 4194 1588 4250 καὶ
1635 4196 1870 4265 φυσικὸς

248 4289 415 4361 νόμος
474 4286 747 4351 καλεῖται,
796 4280 953 4349 οὗτος
1007 4286 1031 4340 Ξ
1117 4284 1348 4358 κληθείη
1410 4284 1555 4357 φῶς,
1604 4285 1669 4339 τὸ
1716 4285 1870 4341 δοθὲν

249 4383 385 4455 ἡμῖν
415 4381 564 4454 παρὰ
594 4376 732 4435 Θεοῦ
758 4396 771 4410 ’
798 4382 847 4433 εί
894 4380 952 4433 δέ
983 4398 1033 4433 τι
1082 4399 1131 4444 ες
1179 4380 1369 4445 κακῶς
1398 4380 1475 4451 τῷ
1510 4380 1657 4451 λόγῳ
1699 4380 1870 4453 ἐχρή-

248 4492 438 4542 σαντο,
472 4474 703 4537 ἑαυτοὺς
733 4474 1015 4529 ὲσκότισαι.
1092 4475 1252 4540 Τινὲς
1278 4475 1338 4530 δὲ
1369 4473 1515 4529 οὕτω
1541 4474 1734 4527 λύουσι
1765 4473 1872 4545 τὴν

1974 3535 2113 3592 locis
2147 3542 2421 3590 creaturae
2453 3546 2666 3588 sumus.
2708 3528 2776 3586 Et
2823 3532 3125 3603 Quomodo,
3162 3530 3364 3602 inquit,
3400 3532 3605 3587 illumi-

1974 3639 2067 3683 nat
2100 3642 2321 3682 omnem
2373 3620 2673 3688 hommetn,
2707 3639 2833 3679 cum
2892 3620 3181 3680 videamus
3234 3633 3347 3680 tam
3401 3625 3604 3683 multos

1971 3716 2405 3777 obtenebratos?
2428 3723 2705 3789 Quantum
2731 3718 2798 3774 ad
2825 3718 3003 3789 ipsum
3036 3719 3259 3784 attinet,
3328 3720 3606 3774 illuminat

1973 3831 2186 3870 omnes.
2230 3804 2325 3868 Die
2357 3814 2529 3882 enim,
2552 3814 2807 3875 obsecro,
2844 3828 3030 3868 nonne
3065 3828 3262 3869 Omnes
3302 3810 3605 3870 rationales

1973 3908 2138 3964 sunt?
2188 3915 2369 3963 nonne
2402 3918 2596 3963 omnes
2630 3916 2828 3961 natura
2884 3908 3127 3963 scientes
3158 3906 3361 3961 bonum
3394 3917 3445 3960 et
3486 3923 3604 3961 ma-

1977 4001 2134 4056 lum?
2166 4017 2348 4057 nonne
2393 4016 2589 4056 omnes
2639 3998 2847 4057 habent
2902 4000 3163 4056 virtutem
3210 4016 3280 4058 ex
3332 3998 3610 4060 creaturis

1974 4095 2346 4167 cognoscendi
2379 4084 2752 4151 Creatorem?
2788 4092 2853 4149 Et
2886 4095 2963 4150 ita
3002 4094 3144 4151 ratio
3174 4096 3302 4152 data
3334 4094 3517 4164 nobis,
3553 4106 3610 4152 et

1977 4203 2171 4249 natura
2209 4208 2311 4247 nos
2342 4191 2650 4257 instruens,
2686 4206 2809 4259 qua:
2841 4200 2897 4247 et
2931 4191 3203 4248 naturalis
3232 4194 3315 4247 lex
3352 4206 3610 4264 vocatur,

1976 4287 2094 4341 haec
2126 4294 2322 4340 vocata
2355 4295 2441 4340 est
2483 4282 2574 4339 lux
2623 4283 2787 4340 nobis
2816 4301 2844 4339 a
2883 4282 2997 4340 Deo
3026 4285 3177 4341 data.
3212 4285 3369 4354 Quod
3398 4288 3441 4342 si
3479 4288 3611 4358 qni-

1976 4382 2103 4433 dam
2130 4380 2346 4433 ratione
2377 4376 2461 4433 usi
2494 4392 2601 4432 non
2643 4389 2797 4444 sunt,
2834 4377 2887 4432 Ιιὶ
2913 4378 3128 4449 scipsos
3147 4378 3617 4443 obtenebrarunt.

1976 4468 2235 4526 Nonnulli
2271 4472 2414 4527 hanc
2446 4470 2856 4527 dubitationem
2893 4474 2965 4527 ita
3003 4473 3225 4529 solvunt
3254 4491 3273 4530 ι
3308 4472 3614 4540 lllumiuat,

248 4566 507 4620 ἔνστασιν
559 4563 789 4636 ταύτην·
824 4565 1078 4630 Φωτίζει,
1132 4565 1324 4637 φησιν,
1356 4568 1386 4620 6
1436 4564 1646 4639 Κύριος
1686 4565 1864 4621 πάντα

1981 4562 2258 4632 inquiunt,
2293 4562 2559 4618 Dominus
2608 4578 2831 4619 omnem
2883 4565 3161 4621 hominem
3196 4566 3510 4623 venientem
3555 4567 3615 4623 in

252 4658 549 4731 ἄνθρωπον
588 4659 683 4713 τὸν
736 4660 1038 4731 ἐρχόμενον
1092 4660 1174 4725 είς
1208 4660 1304 4714 τὸν
1351 4658 1585 4731 κόσμον,
1634 4660 1757 4733 ἦτοι
1794 4660 1877 4725 είς

250 4752 409 4823 τάξιν
476 4753 753 4825 βελτίονα,
818 4754 915 4807 καὶ
986 4752 1369 4820 σπουδάζοντα
1435 4754 1721 4827 κοσμῆσαι
1775 4755 1877 4827 τὴν

251 4846 468 4902 οἰκείαν
491 4847 696 4920 ψυχὴν,
724 4849 819 4902 καὶ
848 4848 924 4919 μὴ
948 4848 1111 4902 ἐᾶσαι
1136 4848 1386 4921 άκοσμόν
1413 4866 1473 4904 τε
1502 4849 1600 4904 καὶ
1625 4850 1869 4922 ἀκαλλῆ.

331 4959 353 4996 ι
402 4940 493 4996 Ἐν
518 4941 599 5013 τῷ
629 4943 823 5015 κόσμῳ
862 4937 952 5015 ἦν,
988 4944 1086 4997 καὶ
1120 4944 1149 4998 6
1180 4944 1389 5015 κόσμος
1433 4944 1503 4999 δι’
1539 4944 1710 5000 αὐτοῦ
1745 4946 1874 5016 ἐγέ-

252 5049 400 5111 νετο,
432 5034 532 5090 καὶ
565 5035 594 5086 6
626 5035 837 5107 κόσμος
861 5036 1027 5092 αὐτὸν
1048 5038 1150 5091 οὐκ
1172 5038 1337 5108 ἔγνω.
1370 5057 1391 5091 ι
1440 5039 1532 5094 Ἐν
1564 5038 1646 5111 τῷ
1680 5039 1876 5113 κόσμῳ

250 5120 343 5197 ἦν,
379 5123 455 5189 ὡς
497 5122 633 5192 Θεὸς
680 5128 961 5200 πανταχοῦ
1003 5129 1200 5201 παρών
1225 5145 1239 5161 ·
1293 5130 1434 5185 ἀλλὰ
1477 5130 1543 5204 δὴ
1588 5133 1683 5186 καὶ
1731 5134 1874 5189 κατὰ

249 5220 618 5293 προνοητικὸν
636 5222 733 5275 καὶ
749 5218 1133 5294 συνε[κ]τικδν
1155 5221 1381 5295 λεχθείη
1406 5223 1475 5277 ἂν
1500 5227 1559 5277 ὲν
1576 5223 1656 5295 τῷ
1679 5226 1877 5297 κόσμῳ

250 5309 413 5369 εἶναι.
450 5316 645 5370 Καίτοι
673 5317 728 5369 τί
758 5315 943 5381 τοῦτο,
972 5318 1130 5389 φησι,
1159 5316 1327 5385 λέγω,
1364 5318 1448 5372 ὅτι
1480 5320 1542 5371 ἐν
1572 5317 1651 5389 τῷ
1682 5319 1877 5390 κόσμῳ

250 5402 345 5481 ἦν,
374 5409 513 5463 ὅπου
558 5426 623 5479 γε
655 5408 777 5464 οὐδὲ
810 5410 840 5462 6
868 5408 1077 5479 κόσμος
1105 5408 1173 5464 ἂν
1204 5404 1295 5482 ἦν,
1323 5412 1372 5464 εί
1407 5410 1484 5482 μὴ
1517 5410 1684 5475 αὐτὸς
1711 5412 1879 5467 αὐτὸν

251 5498 519 5569 emines;
549 5500 898 5571 Πανταχόθεν
929 5501 989 5557 δὲ
1015 5502 1367 5575 Δημιουργὺν
1385 5502 1554 5556 αὐτὸν
1574 5502 1875 5558 δείκνυσιψ

253 5591 376 5665 ἅμα
425 5596 526 5665 μὲν
554 5595 652 5649 καὶ
676 5595 778 5667 τὴν
820 5594 920 5651 τοῦ
952 5596 1235 5662 Μάνεντος
1264 5596 1474 5652 λύσσαν
1505 5597 1873 5665 ἀναστέλλων,

252 5684 353 5740 τοῦ
410 5687 693 5757 λέγοντος,
744 5689 989 5761 πονηρὸν
1038 5691 1380 5763 δημιουργὸν
1418 5694 1772 5764 παραγαγεῖν
1801 5692 1873 5747 τὰ

255 5784 586 5853 σὶμπανταο
620 5784 759 5841 ἀλλὰ
784 5784 850 5857 δὴ
877 5785 971 5841 ιιια)⁵
1000 5784 1101 5859 τὴν
1130 5784 1226 5840 τοῦ
1272 5786 1514 5857 Ἀρείου,
1546 5784 1641 5841 τοῦ
1666 5786 1883 5858 φήσανε

239 5893 345 5941 -τυς
374 5878 581 5951 κτίσμα
631 5872 778 5935 ἐἶναι
822 5879 913 5938 τὸν
955 5880 1087 5936 Υἱὺν
1141 5879 1234 5936 τοῦ
1284 5880 1457 5936 Θεοῦ·
1506 5881 1623 5953 ἃμα
1680 5880 1738 5937 δὲ
1778 5884 1872 5939 καὶ

1984 4657 2247 4711 tunudum
2288 4673 2304 4712 :
2336 4656 2439 4711 hoc
2461 4666 2567 4723 est,
2602 4673 2697 4714 eos
2730 4658 2822 4729 qui
2862 4670 2989 4714 sunt
3021 4660 3074 4714 itt
3107 4668 3255 4717 statu
3290 4661 3529 4725 meliori.
3558 4671 3617 4718 et

1980 4751 2178 4806 dantes
2224 4765 2451 4819 Operam
2494 4762 2552 4805 ut
2585 4761 2819 4807 ornetur
2851 4754 3033 4807 anima
3082 4769 3204 4821 sua,
3240 4770 3421 4827 neque
3464 4756 3616 4811 illam

1982 4845 2297 4899 inornatam
2325 4856 2382 4900 et
2416 4855 2633 4916 turpem
2669 4862 2795 4902 esse
2829 4848 3098 4904 sitientes.

2055 4936 2227 4995 Vens.
2271 4938 2359 4994 10.
2392 4958 2409 4992 ι
2456 4938 2513 4994 In
2546 4941 2750 4994 mundo
2779 4951 2918 5006 erat,
2953 4951 3007 4996 et
3039 4946 3279 4997 mundus
3312 4956 3407 5011 per
3436 4941 3616 5013 ip~utn

1983 5031 2165 5088 factus
2190 5042 2296 5098 est,
2318 5044 2375 5090 et
2403 5036 2637 5089 mundus
2668 5051 2792 5091 ctnn
2816 5051 2924 5091 non
2955 5038 3234 5109 cognovit.
3274 5057 3294 5090 ι
3325 5036 3379 5093 Ιιι
3410 5041 3621 5097 mundo

1980 5135 2125 5190 erat,
2163 5125 2308 5181 sicut
2349 5124 2495 5181 Deus
2527 5126 2735 5198 ubique
2773 5144 3039 5198 prmsens.
3090 5129 3235 5198 Quin
3274 5140 3331 5185 et
3385 5142 3617 5201 propter

1982 5216 2408 5285 providentiam,
2440 5228 2491 5273 et
2529 5223 2971 5277 conservativam
2999 5222 3106 5277 vim
3134 5238 3240 5294 qua
3264 5226 3454 5280 omnia
3482 5241 3616 5282 con-

1982 5319 2190 5376 servat,
2222 5308 2493 5367 dicendus
2518 5324 2605 5369 est
2634 5314 2689 5369 in
2722 5316 2928 5369 mundo
2951 5330 3075 5372 esse
3106 5334 3120 5371 :
3160 5319 3313 5388 atqui
3348 5334 3451 5373 cur
3483 5320 3614 5386 hoc,

1983 5404 2181 5473 inquit,
2217 5404 2347 5461 dico
2377 5406 2525 5475 quod
2561 5408 2615 5462 in
2650 5409 2859 5466 mundo
2906 5408 3097 5477 fuerit,
3134 5414 3399 5483 quoniam
3434 5430 3616 5485 neque

1984 5499 2223 5557 mundus
2276 5500 2393 5572 ipse
2432 5502 2651 5566 fuisset.
2708 5504 2815 5561 nisi
2876 5504 2969 5561 ille
3016 5506 3197 5577 ipsum
3237 5508 3619 5564 condidisset?

1985 5590 2203 5665 Ubique
2244 5597 2425 5667 ipsum
2469 5600 2713 5655 ostendit
2758 5600 3039 5671 opificem,
3077 5602 3280 5672 partim
3332 5614 3391 5660 nt
3438 5603 3616 5659 Mani-

1984 5690 2122 5746 tltaai
2157 5690 2433 5749 insaniam
2469 5696 2824 5767 reprimeret,
2864 5697 2958 5768 qui
2991 5698 3128 5755 dicit
3168 5699 3468 5771 malignum
3497 5700 3617 5771 cpi-

1986 5787 2145 5843 licem
2172 5790 2499 5857 produxisse
2542 5790 2734 5847 omnia
2813 5804 2869 5849 et
2899 5794 3091 5849 Arium
3139 5795 3475 5863 confutaret,
3514 5796 3609 5866 qui

1983 5884 2119 5940 dixit
2160 5883 2358 5943 Filium
2394 5886 2490 5944 Dei
2520 5904 2644 5949 esse
2670 5899 2985 5947 creaturam
3018 5906 3029 5944 :
3077 5889 3278 5960 partim
3307 5904 3368 5948 ut
3393 5906 3617 5951 onmem
