4000 6394
501 421 639 491 1155

1357 425 1934 490 THEOPIIYLACTI
1986 424 2395 487 BULGARLE
2434 423 2799 486 ARCHIEP.

3643 424 3776 489 1153

500 553 750 608 gressum
790 553 850 594 ac
878 535 1132 609 cepnla‘m
1162 534 1622 607 concupiscentis,
1656 533 1749 603 qui
1783 534 1969 603 operis
2005 545 2074 588 εει

2195 550 2294 587 σαν
2331 532 2467 605 πρὸς
2516 532 2666 603 μίξιν
2835 532 3047 602 σάρκα·
3084 532 3299 604 θέλημα
3338 533 3396 588 δέ
3441 532 3666 602 ἀνδρὸς,
3701 540 3795 607 τὴν

497 630 844 699 principium.
880 627 1071 682 Posuit
1108 636 1293 681 autem
1324 625 1504 692 ambo,
1534 623 1657 694 quia
1699 623 1855 679 multi
1888 639 2094 680 concu—

498 723 710 794 piscunt
765 720 1004 788 quidem,
1053 729 1110 773 at
1168 733 1272 773 non
1324 718 1508 772 statim
1565 731 1596 771 a
1648 714 2090 785 concupiscentia

498 812 911 877 abstrahuntur,
957 810 1051 865 sed
1095 810 1365 881 imperant
1393 807 1498 875 illi,
1542 815 1597 863 et
1630 808 1683 862 in
1708 822 1847 877 opus
1874 822 1982 863 non
2010 806 2090 862 la-

2199 624 2335 695 πρὸς
2369 626 2458 680 τὸν
2494 624 2963 695 συνδυασμὸν¹τοῦ
3017 625 3421 697 ἐπιθυμοῦντος
3454 629 3797 695 συγκατάθε-

2199 734 2307 782 σιν,
2324 716 2446 787 ἥτις
2468 714 2725 788 ἀρχὴτῆς
2745 716 3020 787 πράξεως.
3050 716 3260 789 Ἔθηκε
3281 719 3338 773 δὲ
3361 721 3455 775 καὶ
3477 721 3794 792 ἀμφότερα,

2195 810 2278 863 ὅτι
2310 809 2493 864 πολλοὶ
2521 810 2853 882 ἐπιθυμοῦσι
2905 811 3028 882 μὲν,
3071 812 3132 865 ού
3161 814 3271 883 μὴν
3318 814 3485 878 εὐθὺς
3526 816 3626 868 καὶ
3670 833 3794 868 συν-

497 905 717 971 buntpr.
743 903 1010 960 Caeterum
1036 904 1127 974 qui
1154 903 1463 968 vincuntur,
1488 900 1566 956 illi
1592 900 1828 971 primum
1866 915 1896 955 a
1925 914 2074 956 carnt

2194 900 2502 969 απάγονται
2527 904 2594 973 τῇ
2622 902 2918 974 ἐπιθυμίᾳ’
2953 904 3093 958 ἀλλὰ
3120 905 3537 978 κατακρατοῦσι
3566 908 3795 976 ταύτης,

494 1006 546 1051 et
591 996 844 1050 titillante
886 994 1327 1065 concupiscentia
1358 993 1612 1050 succensi
1646 994 1997 1051 concitantur
2032 1002 2091 1048 ut

494 1086 696 1140 coitum
722 1085 914 1141 velint.
959 1086 1127 1155 Igitur
1168 1092 1315 1141 recte
1351 1082 1600 1153 adjunxit
1633 1078 1965 1156 evangelista
1995 1098 2090 1141 vo-

493 1176 755 1234 lnntatem
800 1178 990 1233 carnis
1028 1178 1295 1233 voluntati
1340 1179 1466 1245 viri,
1500 1178 1625 1249 quia
1654 1177 1855 1234 coitum
1894 1187 2087 1233 natura

496 1269 751 1335 prmccdit
808 1270 1272 1339 concupiscentia,
1324 1279 1378 1325 et
1434 1271 1485 1325 in
1536 1270 1727 1339 copula
1776 1270 2088 1326 necessario

495 1364 807 1432 praecedunt
850 1371 1101 1432 utraque.
1140 1364 1268 1419 Haec
1307 1364 1487 1419 omnia
1514 1363 1657 1420 dicta
1691 1373 1819 1419 sunt
1865 1375 2088 1434 propter

492 1466 590 1506 eos
622 1452 712 1520 qui
765 1450 933 1506 multa
990 1464 1135 1520 saepe
1191 1452 1529 1524 interrogant
1578 1452 1770 1518 stulte,
1822 1454 2085 1523 quoniam

490 1539 710 1611 proprie
742 1540 972 1596 dicendo
1005 1558 1109 1597 una
1143 1556 1207 1598 ex
1240 1543 1494 1600 omnibus
1524 1542 1687 1615 515
1725 1543 1834 1600 illis
1864 1555 2087 1599 senten-

494 1635 567 1686 tia
598 1630 926 1697 declaratur,
973 1634 1141 1701 ipsius
1180 1634 1323 1700 dico,
1358 1649 1476 1704 qua:
1509 1637 1563 1691 in
1615 1636 1823 1691 carnali
1869 1647 1952 1693 est
1992 1653 2086 1709 ge-

494 1722 800 1789 neratione,
835 1724 1064 1780 vilitatis
1092 1726 1292 1781 clarior
1325 1726 1718 1783 manifestatio.
1745 1729 1886 1795 Quid
1914 1730 2083 1799 igitur

490 1814 613 1883 plus
637 1813 901 1870 habemus
926 1829 1043 1882 nos,
1074 1817 1241 1884 quiin
1272 1815 1550 1871 Christum
1582 1818 1880 1885 credimus,
1916 1834 2079 1889 quam

492 1878 750 1961 lsraelitae
783 1906 835 1960 in
865 1878 1253 1976 legeY-Etenim
1283 1916 1337 1962 et
1368 1907 1439 1964 illi
1468 1909 1789 1964 dicebantur
1831 1878 2078 1965 ﬁlii'Dei.
2110 1878 2158 1939 Β

490 1994 743 2065 Magnum
770 2013 905 2053 sane
938 1998 1082 2054 inter
1109 2015 1205 2054 nos
1228 2009 1282 2054 et
1308 2001 1430 2055 illos
1465 2002 1758 2056 discrimen
1785 2016 1799 2055 :
1825 2004 2081 2072 quoniam

490 2086 577 2144 lex
622 2087 674 2143 in
706 2088 962 2144 omnibus
994 2088 1229 2144 habebat
1254 2091 1501 2145 umbram
1539 2090 1871 2159 futurorum,
1907 2106 2083 2163 neque

488 2180 828 2250 adoptionem
865 2181 1101 2235 filiorum
1130 2181 1223 2237 Dei
1266 2182 1428 2238 dabat
1471 2181 1756 2251 lsraelitis,
1792 2185 1886 2241 sed
1924 2186 2081 2255 quasi

486 2269 543 2326 in
575 2269 746 2341 ﬁgura
787 2280 841 2325 et
894 2280 1042 2342 typo,
1082 2286 1183 2327 nos
1212 2282 1391 2329 autem
1431 2275 1730 2329 secundum
1777 2276 2080 2343 veritatem,

485 2368 711 2431 accepto
735 2359 942 2429 Spiritu
965 2361 1056 2416 Dei
1078 2377 1175 2431 per
1196 2362 1486 2432 baptisma,
1508 2364 1847 2420 clamamus:
1877 2382 1896 2417 ι
1926 2364 2079 2420 Abba

483 2449 647 2508 Pater
668 2452 737 2507 ⁸⁸.
765 2470 784 2504 ι
812 2450 967 2507 Sicut
986 2461 1162 2508 autem
1182 2454 1394 2509 illorum
1421 2454 1693 2524 baptisma
1727 2455 1783 2511 in
1805 2456 1997 2511 umbra
2026 2466 2083 2511 et

485 2542 540 2596 in
576 2542 745 2611 ﬁgura
782 2551 922 2608 erat,
973 2543 1045 2597 ita
1077 2552 1132 2598 et
1167 2546 1389 2614 adoptio
1416 2555 1658 2602 nostram
1695 2562 1911 2618 quoque
1942 2562 2079 2619 prae-

487 2632 776 2701 ﬁgurahat.
796 2632 1091 2704 Propterea
1119 2638 1367 2707 quamvis
1389 2640 1569 2694 vocati
1598 2638 1803 2694 fuerint
1826 2638 1945 2705 ﬁlii,
1973 2640 2077 2695 hoc

491 2734 671 2778 tamen
698 2725 927 2795 contigit
950 2726 1029 2782 eis
1058 2727 1110 2782 in
1141 2729 1356 2797 umbra,
1381 2745 1557 2800 neque
1583 2731 1635 2785 in
1669 2732 1898 2787 veritate
1927 2746 2078 2785 eam-

485 2815 607 2869 dem
634 2814 865 2869 ﬁliorum
888 2817 1234 2887 adoptionem
1263 2818 1596 2890 habuerunt,
1614 2836 1777 2892 quam
1803 2836 1906 2879 nos
1932 2830 2076 2878 nunc

484 2917 582 2974 per
614 2903 907 2975 baptisma.

555 3183 720 3237 Vsus.
753 3183 841 3237 14.
879 3199 899 3236 ι
937 3181 1007 3239 Ει
1031 3182 1267 3241 Verbum
1315 3200 1445 3243 caro
1471 3188 1670 3246 factum
1719 3197 1826 3248 est.
1860 3209 1881 3246 ι
1920 3191 2073 3249 Post-

2258 3221 2279 3258 ι
2302 3181 2436 3262 "Ka‘t
2467 3209 2495 3259 6
2528 3210 2702 3278 Λόγος
2728 3181 2872 3285 σὰρέ
2911 3181 3147 3285 ἐγένετο.

484 3288 649 3345 quam
681 3273 816 3328 dixit
867 3276 1009 3343 quod
1054 3291 1152 3332 nos
1186 3277 1471 3336 credentes
1510 3280 1567 3337 in
1591 3281 1866 3340 Christum
1894 3286 1941 3341 si
1976 3302 2076 3341 vo-

488 3364 775 3431 luerimus,
847 3363 1149 3421 elﬁciamur
1200 3368 1293 3423 lilii
1344 3368 1462 3437 Dei,
1516 3371 1788 3429 subiulert
1830 3389 1977 3430 nunc
2026 3386 2081 3432 ct

483 3472 705 3514 causam
755 3460 888 3514 tanti
935 3460 1079 3517 boni.
1132 3461 1271 3517 Dicit
1305 3465 1449 3519 enim
1489 3480 1506 3524 ς
1547 3464 1642 3522 Vis
1681 3466 1891 3523 discere
1949 3472 2077 3541 quid

491 3551 796 3606 conciliarit
852 3553 1012 3607 nobis
1059 3554 1199 3610 hanc
1249 3556 1591 3626 adoptionem
1631 3559 1687 3614 in
1713 3559 1896 3617 ﬁlios?
1939 3562 2077 3630 Quia

500 3657 521 3691 ι
557 3637 791 3695 Verbum
827 3655 955 3697 caro
999 3641 1200 3699 factum
1238 3655 1341 3701 est.
1377 3663 1394 3698 ι
1429 3646 1653 3715 Quando
1671 3660 1850 3707 autem
1886 3655 2075 3709 audie-

482 3730 561 3787 ris
610 3733 750 3801 quod
818 3730 1047 3789 Verbum
1105 3750 1235 3792 caro
1286 3737 1487 3794 factum
1536 3752 1657 3807 est,
1726 3761 1793 3801 ne
1834 3747 2076 3816 opineris

482 3824 627 3893 quod
661 3838 691 3878 a
728 3838 825 3879 sua
877 3836 1071 3882 natura
1111 3829 1402 3897 deatiterit,
1438 3834 1567 3888 etin
1605 3851 1823 3893 carnem
1856 3855 2075 3897 versum

482 3915 575 3970 sit.
632 3914 816 3985 Neque
847 3920 993 3973 enim
1044 3919 1193 3975 Deus
1234 3921 1447 3989 fuisset,
1478 3925 1524 3979 si
1556 3941 1771 3982 versum
1792 3938 1852 3984 et
1871 3931 2073 3988 altera-

484 4015 597 4062 tum
626 4006 855 4071 fuisset;
884 4013 977 4065 θεά
1012 4027 1235 4070 manens
1262 4018 1402 4084 quod
1422 4028 1564 4084 erat,
1588 4018 1790 4076 factum
1822 4033 1906 4079 est
1931 4026 2071 4094 quod

482 4384 751 4443 naturam,
794 4377 1046 4435 videlicet
1118 4396 1317 4452 corpus
1382 4400 1507 4440 cum
1556 4388 1736 4445 anima
1794 4392 2068 4462 rationali,

478 4470 575 4525 sed
632 4483 853 4527 carnem
909 4473 1079 4527 solam
1142 4476 1397 4534 mentalis
1446 4487 1503 4535 et
1553 4482 1837 4541 rationalis
1867 4486 2066 4543 animae

481 4570 783 4631 expertem.
836 4561 976 4631 Quid
1029 4566 1174 4621 enim
1230 4582 1366 4639 opus
1421 4569 1653 4628 habebat
1681 4577 1863 4633 anima
1901 4577 2068 4647 Deus,

479 4653 678 4724 inquit,
710 4658 800 4727 qui
835 4658 1072 4716 habebat
1100 4661 1386 4731 deitatem,
1414 4681 1535 4736 qum
1572 4668 1907 4738 gubernabat
1955 4689 2071 4730 cor-

480 4757 603 4811 pus,
662 4745 804 4799 sicut
855 4761 955 4800 nos
1014 4748 1274 4804 habemus
1328 4752 1564 4808 animam
1598 4772 1795 4826 corpus
1820 4770 2064 4817 nostrum

479 4835 801 4905 dirigentem
833 4836 856 4891 ?
903 4836 1145 4894 Habebat
1177 4852 1357 4897 autem
1383 4858 1595 4911 ansam,
1628 4858 1683 4901 ut
1711 4852 2067 4908 existimaba«

474 4934 583 4993 tur,
616 4944 679 4983 ex
712 4933 966 4999 praesenti
994 4933 1160 5000 dicto,
1203 4953 1221 4987 ι
1278 4936 1345 4992 Ει
1401 4936 1638 4993 Verbum
1688 4956 1815 4998 caro
1860 4943 2061 5003 factum

476 5029 581 5075 est.
633 5039 651 5073 ι
702 5023 816 5078 Non
857 5026 1021 5092 enim,
1046 5028 1242 5100 inquit,
1284 5030 1421 5087 dixit
1454 5050 1467 5086 :
1513 5051 1531 5085 ι
1566 5033 1633 5089 Ει
1680 5034 1882 5092 factum
1917 5051 1999 5095 est
2040 5059 2061 5094 ι

479 5112 663 5179 homo,
714 5118 830 5183 sed,
873 5136 891 5169 ι
930 5134 1057 5176 caro
1113 5140 1135 5175 ι
1175 5131 1274 5179 :et
1306 5123 1376 5179 ita
1404 5140 1514 5181 non
1552 5130 1796 5200 suscepit
1819 5132 2057 5189 animam

474 5221 595 5273 quae
614 5206 775 5263 habet
808 5222 1042 5268 mentem
1074 5230 1136 5270 ac
1169 5216 1455 5286 rationem,
1488 5220 1582 5275 scd
1613 5236 1829 5277 carnem
1859 5225 2064 5295 absque

468 5309 657 5355 umente
673 5310 724 5355 et
739 5303 964 5359 ratione.
986 5305 1273 5376 lgnorahat
1285 5319 1463 5364 autem
1480 5312 1801 5370 miserabilis
1816 5314 1903 5373 ille
1919 5322 2063 5387 quod

478 5388 755 5459 Scriptura
785 5395 1095 5468 plerumque
1125 5416 1154 5454 a
1183 5411 1337 5471 parte
1375 5411 1546 5458 totum
1578 5407 1844 5475 nominet,
1877 5422 2063 5481 utpote

475 5495 961 5541 commemoratum
1015 5498 1181 5544 totum
1244 5493 1537 5557 hominem,
1590 5511 1621 5550 a
1670 5510 1844 5565 parte,
1872 5503 2053 5557 anima

475 5573 699 5639 scilicet,
731 5577 903 5645 ipsum
935 5582 1176 5637 nominat
1201 5600 1216 5637 :
1241 5594 1319 5651 ut,
1346 5603 1365 5637 ι
1397 5584 1585 5642 Omnis
1604 5592 1782 5644 anima
1801 5607 1921 5661 quae
1943 5609 2050 5649 non

474 5665 896 5735 circumciditur,
918 5673 1198 5729 occidatur
1221 5676 1287 5730 δ’.
1314 5695 1332 5727 ι
1363 5678 1500 5733 Ecce
1529 5678 1673 5735 enim
1709 5696 1806 5751 pro
1824 5698 1887 5738 eo
1910 5688 2051 5755 quod

544 5841 590 5873 “
624 5842 776 5899 Itoni.
810 5862 920 5912 νιιι,
952 5850 1015 5903 15
1048 5861 1099 5903 nt
1131 5852 1306 5907 (iulat.
1342 5870 1411 5920 μ’,
1436 5857 1487 5911 6.
1569 5862 1611 5891 ³⁹
1637 5862 1769 5918 Gen.
1801 5881 1931 5934 xvn,
1960 5869 2047 5924 M,

2194 994 2289 1047 καὶ
2314 992 2449 1065 πρὺς
2471 994 2571 1065 τὴν
2601 995 2801 1066 πρᾶξιν
2831 997 2934 1051 οὐκ
2964 998 3386 1055 ὀλισθαίνουσιν.
3418 1000 3578 1054 Ὅσοι
3613 1001 3673 1054 δὲ
3708 1004 3796 1071 ητ-

2189 1085 2415 1153 τῶνται,
2448 1087 2648 1142 ἐκεῖνοι
2679 1089 2896 1158 πρῶτον
2928 1089 3035 1143 ὑπὸ
3068 1090 3167 1162 τῆς
3211 1092 3415 1166 σαρκὸς
3464 1096 3564 1147 καὶ
3598 1096 3703 1167 τῆς
3742 1098 3795 1151 ἐν

2189 1177 2365 1252 ταύτῃ
2400 1179 2829 1254 ὕποσμοχούσης
2882 1183 3184 1255 ἐπιθυμίας
3214 1185 3625 1257 διακαιόμενοι,
3664 1191 3797 1262 πρὸς

2189 1270 2250 1324 τὸ
2300 1270 2478 1325 θέλειν
2551 1272 2784 1345 μιγῆναι
2834 1276 3221 1346 ἐκτρέπονται.
3284 1279 3589 1345 Εὑτάκτως
3648 1281 3796 1337 οῦνὸ

2188 1360 2586 1436 εύαγγελιστὴς
2634 1366 2695 1419 τὸ
2737 1365 2952 1437 θέλημα
2989 1368 3090 1439 τῆς
3135 1367 3339 1440 σαρκὸς
3383 1371 3662 1443 προέταξε
3701 1372 3794 1427 τοῦ

2189 1448 2498 1523 θελήματος
2528 1453 2623 1509 τοῦ
2666 1455 2899 1528 ἀνδρὸς,
2928 1457 3005 1521 ὡς
3042 1458 3142 1528 τῆς
3187 1460 3494 1532 ἐπιθυμίας
3538 1464 3793 1533 φυσικῶς

2189 1545 2617 1619 προηγουμένης
2667 1551 2769 1619 τῆς
2798 1548 3020 1620 μίξεως,
3067 1553 3161 1607 καὶ
3193 1552 3528 1624 ἀμφοτέρων
3563 1557 3664 1609 ἐπὶ
3699 1558 3794 1610 τοῦ

2190 1637 2532 1710 συνδυασμοῦ
2586 1643 2996 1715 συντρεχόντων
3039 1644 3099 1714 ἐξ
3155 1646 3428 1719 ἀνάγκης.
3492 1649 3687 1704 Ταῦτα
3737 1650 3796 1705 δέ

2188 1730 2367 1785 πάντα
2396 1732 2617 1805 εἴρηται
2648 1734 2737 1790 διὰ
2762 1738 2889 1801 τοὺς
2915 1738 2983 1793 τὰ
3014 1739 3218 1810 ἀνόητα
3249 1740 3519 1807 πολλάκις
3544 1745 3796 1815 ἐρωτῶν-

2186 1842 2283 1889 τας
2303 1839 2317 1853 ·
2343 1826 2488 1891 ἐπεὶ,
2521 1828 2582 1882 τό
2617 1846 2681 1898 γε
2709 1831 3046 1902 κυριώτερον
3080 1834 3281 1901 είπεϊν,
3320 1834 3419 1906 μία
3444 1835 3540 1891 διὰ
3565 1838 3793 1892 πάντων

2186 1916 2391 1970 τούτων
2421 1916 2601 1973 ἐννοια
2647 1919 2929 1991 δηλοῦται,
2976 1924 3122 1993 φημὶ
3169 1923 3254 1995 δὴ,
3293 1926 3326 1997 ἠ
3379 1927 3481 1997 τῆς
3517 1927 3613 1982 τοῦ
3654 1945 3793 1999 σαρ-

2188 2007 2346 2061 κικοῦ
2375 2010 2541 2064 τόπου
2574 2010 2854 2078 εὐτελείας
2882 2013 3144 2085 ἔμφασις.
3172 2016 3237 2071 Τί
3265 2012 3358 2072 οῦν
3387 2018 3555 2073 πλέον
3586 2021 3793 2092 ἔχομεν

2185 2101 2232 2153 οἱ
2263 2101 2343 2163 είς
2375 2101 2616 2172 Χριστὸν
2638 2103 2991 2171 πιστεύοντες
3012 2108 3120 2161 τῶν
3144 2110 3202 2162 ἐν
3224 2107 3303 2180 τῷ
3330 2109 3483 2181 νόμῳ
3515 2111 3791 2182 Ἰσραηλι-

2184 2190 2332 2257 τῶν;
2369 2192 2481 2245 Καὶ
2509 2192 2890 2265 γὰρζκάκεϊνοι
2920 2198 3028 2251 υίο¹ι
3060 2196 3199 2253 Θεοῦ
3226 2198 3500 2270 ἐλέγοντο.
3543 2203 3691 2257 Πολὺ
3726 2205 3791 2258 τὸ

2183 2284 2445 2358 διάφορον
2472 2289 2631 2361 ἡμῶν
2657 2292 2953 2347 κάκείνων.
2990 2293 3146 2349 Ἐπεὶ
3174 2293 3286 2367 γὰρ
3317 2297 3347 2350 6
3372 2296 3540 2367 νόμος
3566 2301 3629 2353 ἐν
3654 2300 3790 2354 πᾶσι

2185 2378 2347 2433 σκιὰν
2380 2374 2497 2451 εἶχε
2530 2382 2641 2437 τῶν
2674 2382 3009 2454 μελλόντων,
3037 2387 3159 2441 οὐδὲ
3190 2387 3291 2460 τὴν
3324 2388 3605 2444 υίοθεσίαν
3637 2390 3789 2463 ἔχειν

2182 2470 2355 2526 ἐδίδου
2381 2475 2496 2538 τοῖς
2532 2475 2927 2547 Ἰσραηλίταις,
2962 2477 3082 2534 ἀλλ’
3103 2480 3180 2546 ὡς
3214 2480 3273 2535 ἐν
3306 2480 3463 2552 τύπῳ
3504 2484 3604 2537 καὶ
3651 2487 3790 2556 σχή-

2185 2580 2347 2651 ματι·
2394 2568 2559 2639 ἡμεῖς
2597 2568 2653 2623 δὲ
2686 2570 2832 2625 κατὰ
2859 2571 3123 2644 ἀλήθειαν
3152 2574 3409 2641 λαϐόντες
3451 2578 3513 2631 τὸ
3549 2578 3787 2651 Πνεῦμα

2178 2649 2275 2703 τοῦ
2306 2650 2443 2706 Θεοῦ
2468 2655 2559 2709 διὰ
2592 2657 2686 2711 τοῦ
2720 2656 3118 2733 βαπτίσματος,
3155 2664 3461 2737 κράζομεν
3489 2686 3509 2720 ι
3552 2649 3729 2723 Ἀὗϐά
3758 2671 3788 2724 6

2182 2743 2393 2816 Πατήρ.
2441 2764 2460 2799 ›
2514 2747 2779 2815 Ἐκείνοις
2813 2752 2872 2807 δέ
2905 2753 3098 2828 ὥσπερ
3133 2756 3195 2810 τὸ
3235 2757 3522 2829 βάπτισμα
3548 2764 3786 2816 τυπικδν

2178 2829 2248 2907 ἦν
2284 2839 2380 2891 καὶ
2409 2841 2661 2910 σκιῶδες,
2696 2844 2840 2901 οῦτω
2868 2848 2965 2901 καὶ
2998 2851 3030 2919 ή
3076 2850 3326 2906 υἱοθεσία
3362 2856 3462 2924 τὴν
3490 2858 3782 2927 ἡμετέραν

2180 2932 2562 2999 προτυποῦσα.
2592 2934 2712 2991 Κᾶν
2735 2936 2828 2993 οῦν
2848 2940 2957 2995 υίοὶ
2988 2943 3304 3010 ἐκαλοῦντο,
3337 2947 3471 3002 ἀλλὰ
3505 2950 3781 3015 σκιιυδῶς,

2177 3022 2275 3075 καὶ
2324 3025 2425 3077 οὐκ
2463 3026 2638 3098 αὐτὴν
2680 3030 2781 3103 τὴν
2828 3033 3093 3105 ἀλήθειαν
3134 3039 3233 3108 τῆς
3277 3039 3559 3105 υἱοθεσίας
3602 3038 3779 3113 εἶχον,

2176 3114 2252 3179 ὡς
2282 3117 2445 3186 ἡμεῖς
2480 3117 2577 3172 νῦν
2605 3119 2695 3175 διὰ
2729 3122 2825 3176 τοῦ
2861 3125 3257 3199 βαπτίσματος.

3189 3239 3207 3272 ι
3242 3221 3426 3276 Εἰπὼν
3467 3226 3552 3280 ὅτι
3602 3229 3776 3284 τέκνα

2180 3298 2446 3369 γινόμεθα
2474 3303 2634 3370 Θεοῦ,
2666 3306 2716 3357 εί
2742 3306 2994 3378 θέλομεν,
3021 3311 3071 3364 οξ
3099 3312 3497 3381 πιστεύσαντες
3527 3320 3611 3384 είς
3630 3321 3778 3393 Χρι-

2183 3391 2333 3457 στὸν,
2368 3394 2624 3467 ἐπιφέρει
2656 3398 2753 3452 καὶ
2778 3399 2878 3473 τὴν
2917 3402 3099 3457 αἰτίαν
3128 3405 3223 3459 τοῦ
3270 3408 3597 3478 τηλικούτου
3630 3391 3775 3484 ἁγαο

2181 3481 2299 3538 θοῦ.
2331 3485 2395 3539 Τί
2427 3488 2556 3559 γὰρ,
2583 3491 2741 3560 φησὶ,
2768 3493 3137 3564 προεξένησεν
3168 3499 3301 3571 ἡμῖν
3330 3501 3430 3573 τὴν
3483 3481 3777 3562 υίοθεσίαν

2179 3578 2405 3669 ταύτην,
2436 3581 2617 3651 βούλει
2637 3585 2862 3657 μαθείν;
2885 3588 2958 3643 Τὸ
2979 3589 3071 3645 τὸν
3089 3591 3262 3662 Λόγον
3286 3596 3464 3669 σάρκα
3483 3601 3774 3666 γενέσθαι.

2180 3667 2350 3723 Ὅταν
2371 3671 2427 3725 δὲ
2456 3672 2717 3748 ἀκούσῃς,
2751 3678 2832 3732 ὅτι
2871 3697 2891 3733 r
2923 3680 3070 3752 Σὰρξ
3089 3684 3328 3753 ἐγένετο,
3359 3667 3395 3740 Vr
3432 3689 3511 3761 μὴ
3535 3694 3775 3768 νομίσῃς

2176 3760 2259 3815 ὅτι
2286 3762 2477 3837 ἐξέστη
2500 3767 2599 3839 τῆς
2621 3769 2829 3836 οίκείας
2851 3771 3094 3844 φύσεως,
3116 3776 3211 3832 καὶ
3231 3779 3444 3852 ἐτράπη
3462 3760 3544 3846 είς
3566 3760 3772 3858 σάρκα·

2178 3855 2241 3908 ού
2270 3857 2379 3928 γὰρ
2412 3858 2479 3914 ἂν
2513 3861 2645 3927 Θεὸς
2694 3859 2786 3937 ἦν,
2841 3868 3002 3940 είπερ
3033 3872 3298 3944 ἐτρέπετο
3332 3876 3427 3929 καὶ
3459 3855 3771 3945 ἠλλοιοῦτο·

2177 3947 2291 4001 ἀλλ’
2324 3950 2405 4004 ὅτι
2441 3954 2619 4023 μένων
2651 3956 2679 4009 ὃ
2707 3954 2795 4029 ἦν,
2827 3961 3048 4030 ἐγένετο
3102 3963 3131 4017 ὅ
3180 3969 3281 4021 οὐκ
3310 3962 3398 4039 ἦν.
3448 3969 3775 4029 ’Δπολλινά-

2177 4056 2294 4138 pio;
2319 4041 2425 4097 δὲό
2468 4045 2771 4115 Λαοδικεὺς
2808 4052 3062 4110 ἐντεῦθεν
3100 4058 3315 4132 αἵρεσιν
3362 4067 3769 4138 συνεστήσατο.

2190 4131 2550 4231 ῗΕδογμάτισε
2580 4139 2689 4213 γὰρ
2721 4143 2803 4200 ὅτι
2842 4146 2871 4199 6
2909 4147 3115 4221 Κύριος
3144 4131 3241 4207 καὶ
3287 4154 3423 4222 Θεὸς
3480 4131 3648 4231 mnino
3671 4164 3772 4215 οὐκ

2026 4226 2069 4325 tu
2140 4223 2407 4325 πὰνέλαὸε
2458 4228 2569 4325 τὴνΔ
2617 4232 2713 4288 τοῦ
2767 4234 3056 4309 ἀνθρώπου
3096 4244 3260 4313 φύσιν
3311 4223 3552 4317 τελείαν..
3598 4254 3773 4325 ἤγουν

2175 4315 2335 4413 σι’ὖμα
2369 4321 2508 4413 μετά
2541 4319 2719 4395 ψυχῆς
2753 4325 3000 4401 λογικῆς,
3028 4332 3167 4389 ἀλλὰ
3202 4336 3381 4409 σάρκα
3416 4315 3774 4413 μόνηνί-ψυ-

2172 4405 2275 4508 γῆς
2310 4406 2539 4508 λογικῇς
2570 4415 2665 4467 καὶ
2704 4422 2900 4490 νοερᾶς
2945 4422 3193 4495 ἄμοιρον,
3226 4405 3292 4481 Ti
3336 4405 3446 4501 γάῤ
3474 4405 3705 4508 εχρῄξεζ
3745 4440 3769 4470 ι

2170 4497 2303 4597 Θεὸς
2333 4501 2433 4597 τῆς
2456 4502 2657 4577 ψυχῆς,
2708 4509 2848 4580 ἔχων
2886 4513 2987 4586 τὴν
3018 4515 3251 4589 θεότητα
3300 4497 3673 4597 κὺσὲρνὲἓέᾶν
3705 4535 3765 4586 τὸ

2101 4584 2146 4641 D
2177 4592 2367 4690 σῶμα,
2394 4594 2452 4690 δν
2484 4598 2683 4669 τρόπον
2708 4602 2905 4675 ἔχομεν
2930 4584 3095 4678 ἡμεῖς
3140 4584 3240 4683 τὴν
3268 4584 3768 4690 ψυχὴ-ι’διεξάγου-

2174 4700 2272 4781 σαν
2322 4688 2576 4781 τὸ.
2623 4693 2823 4764 σῶμα;
2874 4692 3002 4771 Εἶχε
3049 4700 3111 4755 δέ
3166 4704 3250 4769 είς
3292 4688 3655 4781 ἐπικουρίαν,
3692 4716 3766 4780 ὡς

2168 4773 2324 4873 (ἕπετο,
2344 4776 2407 4873 τὸ
2442 4780 2617 4873 παρὸν
2644 4785 2830 4854 ρητόψ
2868 4806 2887 4841 ι
2926 4790 3036 4845 Καὶ
3060 4793 3090 4845 6
3119 4795 3294 4864 Λόγος
3317 4798 3454 4873 σὰρξ
3478 4773 3757 4873 ἐγένετολ

2282 4867 2425 4964 γάρ,
2471 4872 2668 4964 νφησὶν,
2737 4875 2911 4944 εἶπεν,
2979 4882 3065 4936 δτι
3125 4866 3450 4960 Ἀνθρωπος
3508 4866 3761 4964 ἐγένετο,

2170 4957 2327 5023 ἀλλὰ,
2369 4962 2574 5060 ισάρξ.
2602 4984 2621 5018 ι
2659 4966 2822 5023 Ὥστε
2850 4971 2950 5025 οὐκ
2976 4973 3207 5031 ἀνέλαϐε
3232 4957 3411 5052 ψὐχὴν
3444 4957 3570 5038 νοῦν
3600 4957 3761 5060 έχουξ

2167 5063 2283 5149 grav.
2297 5050 2391 5104 καί
2413 5051 2591 5123 λόγον,
2622 5056 2757 5113 ἀλλὰ
2782 5062 2962 5133 σάρκα
2987 5066 3150 5123 ἄνουν
3172 5072 3265 5125 καὶ
3288 5050 3503 5144 ἄλογον.
3543 5050 3761 5149 Ἠγνόει

2252 5140 2362 5216 ἄρα
2391 5146 2419 5198 ό
2453 5146 2705 5240 ἐλεεινὸς,
2733 5153 2873 5227 ὅτιὴ
2904 5156 3095 5240 Γραφὴ
3125 5162 3235 5217 άπὸ
3263 5165 3356 5219 τοῦ
3392 5138 3598 5240 μέρους
3619 5138 3763 5229 πολ-

2161 5231 2318 5337 λὰκις
2344 5237 2601 5337 όνομάζει
2632 5243 2693 5297 τὸ
2742 5245 2865 5299 ὅλον
2922 5234 3056 5317 οἷον,
3085 5231 3368 5324 μέλλουσα
3393 5231 3757 5337 ἐπἰμνησθῆο

2162 5339 2248 5429 ναι
2276 5326 2563 5398 ἀνθρώπου
2616 5333 2760 5399 ὅλου,
2814 5338 2922 5392 άπὸ
2971 5342 3196 5411 μέρους.
3256 5348 3353 5419 τῆς
3386 5326 3567 5423 ψυχῆς
3599 5326 3761 5429 ’λὸτῷ

2160 5414 2417 5521 ὀνομάζει
2450 5422 2611 5477 αὐτόν
2638 5443 2651 5456 ·
2704 5423 2836 5494 οἷον,
2880 5449 2899 5481 ι
2941 5434 3096 5489 Πᾶσα
3121 5414 3561 5513 ψυχὴξῆτιςηού
3594 5414 3758 5521 περιἰ

2162 5507 2366 5609 τμηθῇ,
2395 5512 2762 5609 θανατούσθω.
2801 5541 2819 5573 ν
2841 5522 2971 5578 Ἰδοὺ
2998 5528 3105 5600 γὰρ
3133 5507 3267 5585 ἀντὶ-
3279 5507 3375 5589 τοῦ
3403 5541 3606 5605 εἰπεῖν,
3642 5507 3756 5609 πᾶς

2160 5596 2468 5696 ανθρωπος,
2498 5601 2622 5661 εἷπε
2648 5609 2711 5663 τὸ
2741 5611 2925 5681 μέρος,
2966 5596 3083 5688 τὴν⁷
3111 5619 3292 5695 ψυχὴν
3314 5624 3477 5696 λέγω,
3498 5596 3610 5685 Καί

2162 5691 2243 5748 λιν
2279 5694 2383 5748 ἀπὸ
2409 5696 2509 5768 τῆς
2537 5702 2734 5771 σαρκὸς
2754 5705 3010 5777 ὀνομάζει
3036 5710 3094 5764 τὸ
3122 5691 3264 5783 ὅλον,
3310 5691 3398 5783 ὡς-
3419 5722 3548 5779 ὅταν
3576 5727 3709 5796 λέγῃ
3739 5745 3752 5759 '
