4000 6398
510 366 650 437 1159

1395 360 1988 425 THEOPHYLACTl
2032 310 2448 422 summm:
2490 358 2855 421 aacmap.

3676 356 3808 422 1160

504 484 727 537 tionem.
763 476 821 536 In
846 478 990 533 hunc
1017 488 1081 532 se
1114 472 1333 529 modum
1371 476 1609 546 mendax.
1633 474 1920 545 phantasia
1951 489 2082 541 sem

2205 476 2395 547 τασίᾳ.
2444 478 2684 530 Ἀτοπον
2714 476 2824 544 γὰρ
2886 475 2981 528 καὶ
3034 472 3267 543 ἀνόητον
3320 468 3641 537 πιστεύειν,
3676 473 3751 535 ὼς
3791 476 3818 528 6

504 589 603 645 per
632 578 895 628 ostentat.
961 585 980 620 ι
1043 565 1111 621 Ει
1141 565 1407 621 habitavit
1440 566 1493 620 in
1532 566 1711 621 nobis.
1762 583 1780 618 )
1830 564 2095 633 Quoniam

503 680 667 735 supra
728 664 958 726 dixerat,
996 657 1286 715 (Verbum
1329 673 1458 713 caro
1526 657 1729 714 factum
1779 670 1897 725 εει,
1954 679 1971 711 ι
2041 670 2096 712 ιιι

501 770 569 811 ne
625 756 747 823 quis
829 754 1142 823 suspicetur
1201 751 1345 820 quod
1400 766 1503 803 una
1567 758 1760 807 natura
1822 748 1965 805 facta
2025 752 2098 805 sit

500 846 768 909 Christus,
806 845 930 901 ideo
968 845 1173 908 subdit,
1218 862 1235 895 t
1269 840 1335 896 Et
1367 843 1630 899 habitavit
1654 843 1707 896 in
1742 842 1921 908 nobis,
1985 861 2002 893 ι
2037 852 2096 896 ut

496 940 749 994 ostendat
796 940 931 993 dna‘s
989 946 1236 1001 naturas,
1278 947 1522 989 rmstrani
1560 936 1789 1000 scilicet,
1824 952 1887 990 ac
1911 934 2092 990 Verbi.

496 1030 633 1086 Nam
666 1030 808 1086 sicut
839 1031 1063 1083 alterius
1111 1038 1318 1082 natura:
1343 1036 1432 1081 est
1473 1028 1901 1099 tabernaculum,
1934 1038 1988 1082 ct
2017 1029 2095 1081 al-

497 1123 666 1176 terius
698 1123 743 1175 is
786 1120 876 1190 qui
926 1118 1192 1171 inhabitat
1239 1117 1291 1170 in
1326 1132 1429 1171 eo:
1461 1117 1533 1169 ita
1561 1126 1616 1169 et
1652 1116 1886 1170 Verbum
1926 1116 1975 1168 in
2001 1130 2095 1169 no-

497 1214 582 1270 bis
633 1215 879 1269 habitare
933 1214 1154 1279 dicitur,
1201 1211 1303 1266 hoc
1338 1220 1442 1275 est,
1501 1210 1555 1264 in
1592 1220 1774 1264 nostra
1801 1218 2014 1276 natura,
2039 1220 2093 1263 et

496 1307 723 1362 alterius
755 1306 925 1377 517,
958 1316 1041 1359 est
1071 1317 1279 1358 natura:
1310 1319 1469 1373 quam
1496 1304 1566 1357 sit
1615 1314 1824 1358 nostra.
1848 1301 2092 1357 Confun-

494 1397 694 1452 dantur
742 1398 1004 1461 Armenii,
1033 1399 1123 1465 qui
1151 1411 1313 1449 unam
1362 1396 1548 1449 colunt
1596 1407 1866 1450 naturam.
1904 1395 2093 1451 Disci-

494 1507 617 1545 mus
644 1490 828 1559 igitur
868 1504 987 1559 per,
1031 1507 1049 1540 ι
1092 1488 1330 1543 Verbum
1365 1504 1493 1545 caro
1518 1488 1721 1545 factum
1750 1502 1854 1555 est,
1890 1508 1908 1542 ι
1947 1491 2089 1559 quod

493 1579 681 1649 ipsum
700 1576 937 1632 Verbum
989 1578 1153 1633 homo
1182 1578 1393 1655 factum.
1422 1591 1505 1635 est
1538 1597 1551 1634 :
1583 1590 1637 1635 et
1672 1597 1794 1635 cum
1832 1582 1901 1636 sit
1925 1581 2092 1636 Filius

492 1672 611 1738 Dei,
666 1672 871 1727 factum
919 1684 1003 1728 est
1066 1673 1211 1728 lilius
1263 1675 1526 1738 mulieris,
1567 1691 1687 1744 quae
1719 1678 1938 1747 proprie
1966 1676 2089 1731 Dei-

2205 570 2330 632 Υἱὸς
2360 568 2457 623 τοῦ
2498 569 2659 632 Θεοῦ,
2694 568 2927 640 ἀλήθεια
2959 565 3034 621 ὢν
3061 569 3155 620 καὶ
3170 564 3504 636 λεγόμενος,
3540 565 3817 635 ἐψεύσατο

2199 666 2299 736 τὴν
2327 664 2743 735 ἐνανθρώπτισιν
2770 680 2781 691 ·
2819 661 3063 716 τοιοῦτον
3096 661 3205 731 γὰρ
3242 662 3274 731 ὴ
3337 663 3642 729 φαντασία,
3686 660 3816 730 also-

2202 759 2298 830 δὴς
2342 760 2562 822 πάντως
2590 757 2839 823 ἔνδειξις.
2880 777 2897 809 ι
2953 756 3065 812 Καὶ
3127 757 3445 825 ἐσκήνωσεν
3505 755 3566 806 ἐν
3600 756 3756 822 ἡμῖν.
3794 773 3809 804 ι

2212 852 2434 918 Ἐπειδὴ
2468 852 2583 906 ἄνω
2606 847 2788 913 εἶπεν,
2822 844 2903 904 ὅτι
2943 869 2961 902 ι
3014 850 3073 902 Ὀ
3108 850 3283 915 Λόγος
3308 848 3450 917 σὰρξ
3482 849 3736 913 ἐγένετο,
3792 867 3809 899 ι

2201 947 2289 999 ἵνα
2322 948 2396 1016 μή
2423 963 2507 1009 τις
2533 944 2812 1017 ὑπολάϐῃ,
2841 946 2925 999 ὅτι
2961 945 3059 1014 μία
3092 943 3255 1011 φύσις
3290 943 3485 995 λοιπὸν
3517 944 3751 1009 ἐγένετο
3792 943 3816 995 6

2198 1038 2458 1109 Χριστὸς,
2515 1037 2604 1091 διά
2651 1038 2811 1091 τοῦτο
2858 1036 3058 1104 ἐπάγει
3104 1037 3184 1100 τὸ,
3244 1053 3262 1086 ι
3326 1033 3691 1105 Ἐσκήνωσεν
3760 1036 3813 1086 ἐν

2198 1134 2354 1203 ἡμῖν,
2394 1151 2412 1184 ι
2454 1132 2542 1184 ἵνα
2569 1130 2720 1202 δείξῃ
2758 1130 2857 1195 τὰς
2892 1129 2987 1184 δύο
3023 1128 3239 1197 φύσεις,
3271 1131 3371 1199 τήν
3400 1145 3462 1179 τε
3498 1130 3813 1197 ἡμετέραν,

2198 1228 2295 1279 καὶ
2320 1226 2420 1296 τὴν
2446 1224 2541 1279 τοῦ
2576 1224 2774 1292 Λόγου.
2820 1224 3035 1293 Ὥσπερ
3062 1224 3169 1293 γὰρ
3206 1222 3376 1293 ἄλλης
3409 1220 3642 1288 φύσεώς
3667 1223 3817 1273 ἐστιν

2197 1319 2231 1387 ἡ
2262 1317 2456 1388 σκηνὴ,
2498 1318 2593 1369 καὶ
2642 1315 2810 1386 ἄλλης
2857 1318 2885 1370 ό
2939 1314 3305 1384 κατασκηνῶν
3343 1315 3400 1365 ἐν
3441 1315 3587 1382 αὐτῇ
3618 1328 3631 1342 ⁶
3673 1312 3818 1364 οὔτω

2198 1411 2292 1464 καὶ
2326 1413 2353 1465 6
2378 1410 2552 1479 Λόγος
2586 1409 2865 1480 σκηνῶσαι
2893 1409 2952 1461 ἐν
2984 1410 3116 1479 ἡμῖν
3147 1407 3472 1477 λεγόμενος,
3497 1406 3813 1467 τουτέστιν,

2200 1506 2259 1558 ἐν
2300 1506 2365 1575 τῇ
2429 1504 2679 1576 ἡμετέρᾳ
2724 1503 2906 1572 φύσει,
2962 1503 3128 1573 ἄλλης
3160 1503 3226 1556 ἂν
3267 1504 3353 1573 εἴη
3402 1501 3634 1571 φύσεως
3662 1500 3817 1572 παρὰ

2196 1597 2295 1667 τὴν
2322 1597 2621 1668 ἡμετέραν.
2655 1594 3119 1667 Αἰσχυνὲσθωσαν
3142 1597 3190 1648 ol
3246 1597 3558 1665 Ἀρμένιοι,
3594 1596 3647 1646 οἱ
3678 1594 3813 1664 μίαν

2197 1689 2360 1759 φύσιν
2408 1689 2828 1761 πρεσϐεύοντες.
2858 1688 3224 1757 Μανθάνομεν
3269 1688 3386 1752 οῦν,
3433 1687 3525 1741 διὰ
3563 1688 3667 1758 μὲν
3694 1686 3810 1751 τοῦ,

491 1782 622 1837 para
649 1768 869 1832 dicitur,
924 1783 989 1821 eo
1012 1771 1155 1837 quod
1196 1770 1450 1837 genuerit
1476 1768 1643 1822 Deum
1681 1770 1733 1823 in
1768 1786 1949 1824 carne.
1989 1769 2082 1824 Pet

2206 1802 2222 1834 ι
2269 1782 2327 1835 ’0
2360 1783 2533 1851 Λόγος
2575 1781 2714 1853 σὰρξ
2744 1782 2986 1849 ἐγένετο,
3043 1801 3062 1832 ι
3104 1783 3184 1835 ὅτι
3235 1782 3400 1845 αὐτὸς
3427 1785 3454 1835 ὁ
3487 1782 3668 1850 Λόγος
3718 1784 3813 1837 ἇν-

491 1859 593 1913 boc
614 1871 794 1914 autem
817 1861 959 1929 quod
980 1863 1131 1924 dicit,
1169 1880 1186 1912 ι
1215 1860 1493 1941 Habitavit
1515 1863 1569 1915 in
1588 1862 1801 1928 nobis,»
1828 1863 2082 1919 discimus

2196 1876 2415 1947 Opunte;
2447 1844 2816 1942 ἐγένετὸίκαὶ
2854 1844 3078 1937 υἱὸς-ὣν
3123 1873 3214 1927 τοῦ
3259 1844 3420 1939 Θεοῦ,
3476 1844 3679 1944 γέγονε
3709 1878 3806 1928 καὶ

491 1952 630 2005 duas
683 1961 905 2005 naturas
953 1955 1255 2008 credendas
1284 1954 1337 2006 in
1370 1950 1609 2009 Christo.
1643 1952 1778 2008 Nam
1811 1956 1911 2009 etsi
1947 1970 2089 2010 unus

491 2044 565 2100 sit
624 2044 923 2098 secundum
986 2045 1324 2115 hypostasin,
1368 2048 1470 2101 hoc
1509 2057 1612 2113 est,
1642 2047 1939 2101 secundum
1968 2065 2089 2118 per—

488 2152 679 2193 sonam
725 2156 737 2191 :
773 2140 1072 2192 secundum
1103 2154 1326 2193 naturas
1356 2149 1534 2195 tamen
1565 2131 1693 2204 duo,
1734 2142 1873 2195 Deus
1899 2142 2089 2197 videli-

488 2237 578 2283 cet
634 2239 687 2282 et
743 2231 925 2283 nemo.
964 2228 1155 2283 Divina
1187 2244 1368 2286 autem
1394 2241 1589 2286 natura
1614 2242 1668 2287 et
1704 2234 1940 2288 humana
1978 2250 2087 2289 non

490 2322 689 2393 fuerint
723 2337 852 2386 una,
900 2323 1115 2378 etiamsi
1175 2328 1316 2395 apud
1361 2340 1529 2380 unum
1580 2328 1888 2394 videantur,
1930 2328 2089 2385 Chri-

487 2419 629 2469 stum
656 2416 799 2469 dico.

550 2682 701 2741 Ibid.
748 2705 767 2738 ι
803 2686 869 2740 Ει
892 2688 1257 2754 spectavimus
1284 2688 1511 2761 gloriam
1543 2691 1682 2761 ejus,
1710 2691 1940 2762 gloriam
1976 2692 2087 2747 vel-

484 2787 549 2833 ut
605 2779 1137 2850 UnigenitiaPatre,
1194 2782 1409 2851 plenum
1452 2790 1623 2853 gratia
1673 2796 1728 2839 et
1780 2789 2025 2839 veritate.
2062 2806 2080 2838 ›

481 2868 779 2939 Postquam
812 2872 953 2925 dixit
987 2875 1128 2941 quod
1168 2890 1296 2927 caro
1343 2876 1541 2931 factum
1576 2883 1667 2940 sit,
1709 2879 1894 2932 subdit
1923 2894 2085 2943 nunc,

490 2961 609 3016 oEt
659 2964 1026 3032 spectavimus
1100 2964 1326 3033 gloriam
1371 2968 1510 3037 ejus,
1573 2986 1591 3021 ι
1647 2984 1769 3023 cum
1838 2971 2089 3025 videlicet

482 3069 631 3115 esset
691 3061 742 3112 in
771 3073 956 3114 carne.
987 3058 1202 3114 Etenim
1248 3077 1373 3115 cum
1431 3062 1622 3116 laciem
1679 3063 1813 3119 Mosi
1864 3081 1931 3121 ex
1974 3066 2088 3121 col-

483 3152 669 3214 loquio
699 3152 792 3208 Dei
818 3153 1020 3209 factam
1054 3156 1344 3211 clariorem
1376 3157 1632 3212 Israelita:
1668 3159 1850 3214 videre
1884 3162 2079 3231 nequi-

2192 1969 2454 2037 γυναικὸς
2485 1970 2611 2032 Υἱός
2638 1985 2652 1998 ·
2685 1969 2808 2039 ἥτις
2844 1969 2938 2021 καὶ
2966 1970 3174 2037 κυρίως
3216 1968 3489 2031 Θεοτόκος
3520 1968 3804 2037 καλεῖται,

2191 2063 2265 2126 ὡς
2288 2064 2381 2115 τὸν
2398 2062 2531 2115 Θεὸν
2555 2062 2876 2135 γεννήσασα
2907 2063 2965 2114 ἐν
2995 2064 3179 2133 σαρκί.
3199 2062 3298 2115 Διὰ
3320 2062 3375 2115 δὲ
3398 2062 3519 2125 τοῦ,
3554 2081 3574 2114 t
3604 2064 3809 2133 Ἑσκή·

2192 2173 2365 2210 νωσεν
2397 2157 2455 2209 ἐν
2502 2157 2661 2226 ἡμῖν,
2694 2174 2713 2209 ι
2744 2155 2905 2209 τοῦτο
2944 2155 3338 2223 διδασκόμεθα,
3368 2156 3428 2207 τὸ
3479 2155 3578 2209 δύο
3607 2155 3807 2225 φύσεις

2192 2248 2471 2302 πιστεύειν
2498 2250 2578 2311 είς
2608 2247 2700 2301 τὸν
2726 2247 2822 2300 ἕνα
2848 2247 3108 2318 Χριστόν.
3151 2249 3213 2301 Ei
3253 2249 3361 2318 γὰρ
3395 2250 3495 2301 καὶ
3538 2243 3625 2311 εἷς
3664 2250 3808 2303 κατὰ

2192 2344 2493 2397 ὑπόστασιν
2544 2344 2716 2413 ἡγουν
2755 2342 2815 2395 τὸ
2851 2343 3167 2413 πρόσωπον,
3194 2343 3331 2396 ἀλλὰ
3377 2343 3472 2396 δύο
3532 2348 3681 2399 κατὰ
3706 2346 3807 2407 τὰς

2191 2435 2417 2504 φύσεις·
2450 2434 2584 2497 Θεὸς
2624 2436 2737 2507 γάρ
2771 2437 2868 2489 καὶ
2888 2434 3177 2507 ἄνθρωπος
3199 2454 3210 2467 ·
3251 2435 3371 2489 θεία
3404 2436 3462 2490 δὲ
3497 2436 3673 2506 φύσις
3706 2440 3803 2492 καὶ

2190 2530 2514 2602 ἀνθρωπίνη
2538 2530 2640 2583 οὐκ
2662 2530 2727 2584 ἂν
2752 2526 2862 2584 εἷεν
2891 2529 2969 2599 ἐν,
3004 2531 3055 2583 εἰ
3081 2532 3176 2585 καὶ
3202 2548 3267 2584 πε
3280 2532 3334 2601 9l
3355 2532 3454 2585 ἕνα
3475 2532 3802 2604 θεωροῖντο,

2189 2625 2281 2678 τὸν
2319 2625 2561 2695 Χριστόν
2603 2640 2774 2696 φημι.

2267 2736 2285 2770 ι
2341 2718 2454 2772 Καὶ
2517 2717 2872 2788 ἐθεασάμεθα
2926 2718 3024 2790 τὴν
3062 2718 3223 2786 δόξαν
3267 2719 3459 2788 αὐτοῦ,
3507 2721 3677 2788 δόξαν
3727 2723 3803 2788 ὡς

2190 2810 2536 2879 Μονογενοῦς
2566 2812 2720 2883 παρὰ
2748 2813 2989 2884 Πατρὸς,
3024 2812 3241 2885 πλήρης
3287 2815 3518 2887 χάριτος
3540 2820 3642 2870 καὶ
3668 2817 3803 2889 άλη-

2193 2903 2367 2965 θείας.
2404 2923 2424 2957 ι
2477 2904 2705 2977 Ἐπειδὴ
2742 2901 2921 2973 εἶπεν,
2952 2906 3034 2959 ὅτι
3094 2925 3111 2958 ι
3151 2907 3298 2976 Σὰρξ
3322 2908 3567 2977 ἐγένετο,
3609 2930 3629 2962 s
3688 2914 3803 2965 ἐπι-

2191 2996 2349 3067 φέρει
2379 2997 2590 3065 λοιπὸν,
2622 3000 2706 3053 ὅτι
2742 3016 2762 3051 ι
2808 2999 3192 3071 Ἐθεασάμεθα
3222 3002 3320 3073 τὴν
3354 3002 3514 3070 δόξαν
3543 3006 3743 3071 αὑτοῦ,
3774 3024 3794 3058 ι

2189 3091 2248 3143 ἐν
2279 3090 2445 3161 σαρκὶ
2468 3090 2716 3160 δηλονότι
2754 3092 2933 3156 ὄντος.
2969 3092 3035 3146 El
3074 3093 3186 3166 γὰρ
3215 3094 3280 3148 τὸ
3322 3096 3631 3169 πρόσωπον
3665 3099 3800 3153 Μω-

2107 3200 2151 3260 c
2188 3183 2699 3257 σέως⁹λαμπρυνθέν
2718 3186 2783 3238 ἐκ
2803 3186 2903 3256 τῆς
2924 3185 3063 3258 πρὸς
3084 3188 3223 3242 Θεὸν
3243 3189 3460 3260 ὁμιλίας
3482 3192 3535 3244 οἱ
3573 3192 3801 3266 Ἰσραη-

482 3246 686 3310 verint,
718 3246 889 3300 multo
913 3248 1088 3319 magis
1108 3249 1337 3315 apostoli
1372 3251 1529 3304 nuda:
1562 3252 1779 3307 deitatis
1808 3251 2078 3325 Unigeniti

2189 3246 2335 3329 λῖται
2372 3246 2625 3331 ἰδεῖνρὺκ
2655 3246 2941 3347 ἠδύναντο,
2968 3246 3155 3351 πολλῷ
3190 3246 3394 3351 μᾶλλον
3420 3246 3523 3356 τὴν
3551 3246 3796 3356 Occisus;

488 3351 722 3407 capaces
748 3354 855 3393 non
897 3340 1151 3408 luissem,
1193 3343 1300 3396 nisi
1339 3358 1434 3413 per
1460 3359 1681 3398 carnem
1718 3350 2077 3415 apparuisset.

485 3426 869 3496 Spectavimus
927 3439 1107 3484 autem
1160 3432 1413 3501 gloriam,
1487 3450 1596 3489 non
1654 3436 1812 3490 talem
1861 3439 2079 3507 qualem

484 3519 719 3575 habebat
766 3521 968 3587 Moses,
1020 3522 1103 3577 vel
1140 3539 1264 3578 cum
1315 3540 1423 3594 qua
1477 3528 1645 3596 gloria
1704 3528 1996 3585 Cherubi‘m
2026 3540 2081 3586 et

483 3609 771 3682 Serapbitu
836 3617 1117 3685 propheta:
1164 3628 1575 3686 apparuerunt:
1608 3622 1703 3675 sed
1762 3621 1920 3678 talem
1965 3623 2080 3695 glo-

482 3705 643 3770 riam,
678 3706 895 3774 qualem
933 3709 1117 3762 decuit
1172 3723 1294 3764 esse
1341 3708 1618 3781 Unigeniti
1651 3728 1680 3765 a
1734 3713 1915 3782 Patre,
1959 3733 2079 3787 qua:

481 3794 556 3849 illi
581 3796 907 3851 naturaliter
937 3799 1101 3853 inest.
1132 3798 1267 3855 Nam
1302 3819 1320 3853 ι
1349 3803 1494 3856 velut
1518 3821 1537 3855 ι
1578 3804 1669 3858 hic
1686 3822 1795 3860 non
1823 3809 2078 3863 similitu-

482 3886 643 3953 dinis,
660 3889 755 3943 sed
770 3891 1201 3949 conﬁrmationis
1214 3905 1268 3948 et
1282 3895 1751 3958 determinationis
1763 3899 2079 3957 indubitatae

479 3980 703 4034 verbum
745 3993 826 4036 est
868 4024 880 4036 .
914 3985 1057 4038 sicut
1098 4000 1223 4040 cum
1256 3988 1500 4044 videmus
1529 4006 1710 4061 regem
1748 4009 1869 4048 eum
1904 3995 2076 4065 gloria

477 4082 675 4139 magna
706 4075 1036 4143 Venientem,
1082 4078 1310 4134 dicimus
1344 4082 1486 4150 quod
1524 4082 1667 4138 velut
1702 4100 1795 4139 rex
1827 4086 2075 4154 prodeat,

480 4163 585 4217 hoc
613 4175 722 4230 est,
755 4168 900 4236 quod
940 4183 1066 4221 vere
1099 4170 1169 4224 sit
1198 4186 1287 4224 rex
1315 4189 1330 4226 :
1377 4176 1449 4227 ita
1480 4176 1641 4229 etiam
1696 4178 1800 4233 boc
1826 4180 1945 4234 loco
1993 4184 2078 4235 in-

481 4255 735 4325 telligere
754 4260 941 4324 debes,
965 4277 985 4313 ι
1008 4262 1150 4315 velut
1175 4261 1472 4336 Unigeniti,
1500 4285 1519 4319 ι
1556 4273 1699 4339 quod
1718 4272 1887 4340 gloria
1910 4290 2074 4344 quam

480 4352 871 4418 spectavimus.
918 4368 1104 4409 revera
1142 4353 1310 4411 fuerit
1341 4360 1513 4431 gloria
1554 4360 1684 4415 Filii
1709 4366 1864 4433 plena
1901 4370 2073 4437 gratia

479 4452 535 4494 et
571 4443 815 4496 veritate.
868 4442 1057 4501 Gratia
1112 4450 1331 4517 quidem
1380 4453 1558 4519 plena,
1603 4458 1898 4512 secandum
1929 4463 2072 4530 quod

478 4546 662 4589 sermo
686 4537 803 4604 ejus
818 4541 1090 4606 gratiosus
1121 4552 1261 4606 erat,
1291 4552 1346 4597 ut
1370 4544 1448 4599 sic
1480 4546 1678 4614 dicam,
1699 4550 1853 4620 juxta
1880 4553 2067 4621 David,
2104 4543 2149 4599 υ

486 4642 509 4680 s
554 4626 755 4683 Diﬂ'nsa
801 4642 883 4684 est
930 4636 1102 4702 gratia
1153 4635 1206 4689 in
1240 4636 1396 4692 labiis
1434 4642 1627 4697 tuis“.
1668 4660 1688 4694 ι
1720 4645 1789 4699 Et
1824 4645 2070 4719 Evange-

485 4719 636 4785 lista,
699 4740 719 4774 ι
784 4723 1211 4783 Admirabantur
1260 4747 1453 4788 omnes
1497 4750 1660 4805 super
1719 4745 2071 4802 sermonibus

477 4815 666 4885 gratim
691 4818 782 4885 qui
820 4819 1186 4885 procedebant
1215 4840 1281 4877 ex
1313 4837 1410 4881 ore
1425 4830 1633 4898 ejus".
1671 4850 1690 4885 ι
1728 4833 1793 4888 Et
1819 4840 2073 4896 omnibus

480 4909 751 4963 sanitates
785 4910 1124 4982 conferehat,
1154 4928 1315 4985 prout
1342 4925 1677 4993 congruebat
1704 4928 1808 4985 eis.
1834 4913 2073 4992 ‘Veritate

480 5008 659 5053 autem
705 5001 857 5068 plena
889 5012 1324 5064 eratsecundum
1357 5016 1501 5080 quod
1527 5030 1592 5070 ea
1628 5032 1749 5087 qum
1796 5023 2073 5095 prophetae

479 5098 536 5146 et
578 5091 753 5147 Moses
786 5095 900 5162 ipse
958 5101 1039 5153 vel
1089 5101 1347 5159 dicebant
1402 5109 1483 5163 vel
1542 5110 1836 5183 faciebant,
1888 5091 2072 5189 liguraa

478 5193 637 5238 erant
683 5200 781 5255 per
809 5192 1029 5258 omnia;
1080 5204 1156 5261 at,
1189 5212 1309 5266 qua:
1363 5200 1626 5260 Christus
1656 5206 1891 5266 faciebat
1919 5213 2073 5271 dice-

480 5278 702 5347 batque,
758 5282 911 5351 plena
962 5297 1120 5341 erant
1167 5294 1411 5359 veritate,
1471 5314 1593 5353 cum
1648 5315 1795 5359 esset
1836 5307 2069 5377 ipsamet

484 5373 748 5438 gratia,et
777 5374 1003 5441 ipsamet
1023 5382 1243 5448 veritas,
1269 5385 1498 5457 aliisque
1528 5373 1901 5463 suppeditaret
1931 5416 2075 5457 eam.

484 5460 587 5519 Ubi
622 5474 801 5519 autem
843 5480 1154 5538 spectarunt
1202 5477 1429 5546 gloriam
1494 5460 1686 5541 suam
1719 5487 1950 5555 Quidam
1984 5510 2077 5550 su-

484 5557 765 5639 spitautur
808 5564 951 5630 quod
998 5566 1244 5624 fortassis
1299 5572 1351 5625 in
1401 5587 1587 5633 monte
1655 5579 1894 5641 Thabor.
1938 5585 2080 5643 For»

485 5650 644 5707 tussis
671 5662 851 5709 autem
884 5666 941 5711 et
974 5658 1075 5715 hoc
1114 5677 1298 5720 verum
1343 5679 1447 5733 est,
1473 5675 1615 5741 quod
1662 5693 1767 5735 non
1790 5660 1978 5741 solum
2022 5686 2077 5741 in

555 5831 599 5863 "
636 5832 780 5890 Psal.
814 5852 957 5910 mv,
991 5841 1045 5899 3.
1126 5847 1173 5878 "
1203 5846 1335 5906 Luc.
1364 5868 1438 5922 iv,
1470 5856 1559 5912 2:2.

2186 3368 2284 3423 τοῦ
2308 3368 2655 3439 Μονοτενοῦς
2704 3370 2921 3443 γυμνὴν
2972 3373 3074 3427 οὒκ
3110 3373 3177 3428 ἂν
3207 3374 3502 3448 ἐχώρησαν
3564 3380 3617 3432 οι
3648 3379 3795 3433 άπόο

2187 3462 2389 3531 στολοι,
2424 3464 2474 3516 εἰ
2507 3463 2583 3535 μὴ
2611 3460 2700 3517 διὰ
2725 3466 2829 3535 τῆς
2855 3463 3059 3535 σαρκὸς
3087 3466 3357 3540 ἐπεφάνη.
3405 3468 3798 3542 Ἐθεασάμιθα

2183 3555 2241 3609 δὲ
2282 3556 2383 3628 τὴν
2409 3556 2569 3623 δόξαν
2599 3559 2662 3612 οὐ
2711 3560 2997 3634 τοιαύτην,
3032 3564 3157 3617 οἷαν
3204 3564 3365 3637 ἔσχεν
3417 3567 3447 3621 6
3478 3568 3719 3641 Μωσῆς,
3756 3570 3792 3640 ῆ

2186 3649 2308 3719 μεθ’
2347 3650 2467 3715 cla;
2496 3650 2661 3723 δόξης
2696 3651 2962 3724 ὤφθησαν
2989 3657 3060 3711 τὰ
3105 3658 3399 3730 Χερουὸὶμ
3440 3662 3541 3714 καὶ
3582 3663 3657 3717 τὰ
3690 3662 3795 3717 Σι-

2186 3742 2363 3814 ραφὶμ
2392 3742 2471 3813 τῷ
2502 3745 2787 3820 προφήτῃ,
2811 3749 2949 3802 ἀλλὰ
2976 3750 3238 3823 τοιαύτην
3257 3753 3439 3820 δόξαν,
3471 3755 3595 3811 οἵαν
3626 3757 3795 3830 ἔπρεά

2181 3852 2284 3890 πεν
2309 3832 2449 3890 εἶναι
2501 3842 2784 3911 μονογενεῐ
2838 3841 2977 3913 Υἱῷ,
3027 3846 3094 3899 ἐκ
3132 3844 3232 3899 τοῦ
3270 3845 3485 3920 Πατρὸς
3536 3853 3793 3919 φυσικῶς

2182 3924 2332 3996 αὐτῷ
2362 3927 2702 3997 προσοῦσαν.
2757 3931 2832 3985 Τὸ
2858 3934 2969 4004 γὰρ
3003 3952 3020 3986 ι
3056 3936 3132 4000 ὡς
3170 3955 3188 3989 ι
3228 3938 3464 3994 ενταῦθα
3500 3941 3601 4014 οὐχ
3628 3944 3792 4014 ὁμοι-

2180 4016 2369 4083 ώσεώς
2404 4022 2577 4088 ἐστιν,
2636 4023 2773 4079 ἀλλὰ
2823 4024 3173 4097 βεϐαιώσεως
3228 4033 3325 4086 καὶ
3356 4033 3793 4110 ἀναμφισϐητή-

2179 4127 2276 4165 του
2297 4112 2607 4186 διορισμοῦ.
2645 4117 2861 4191 Ὠσπερ
2895 4119 3122 4191 βασιλέα
3171 4124 3472 4196 βλέποντες
3506 4132 3654 4201 μετὰ
3702 4134 3789 4187 δό-

2180 4204 2279 4274 ξης
2307 4207 2514 4277 πολλῆς
2545 4213 2979 4284 προερχόμενον,
3023 4215 3256 4288 λέγομεν
3285 4220 3369 4274 ὅτι
3393 4221 3470 4286 ὡς
3527 4222 3791 4294 βασιλεὺς

2179 4299 2475 4370 προῆλθεν,
2524 4303 2647 4358 ἀντὶ
2690 4304 2809 4373 τοῦ,
2841 4306 2917 4371 ὡς
2968 4308 3142 4375 δντως
3172 4313 3268 4367 καὶ
3327 4315 3472 4369 κατά
3519 4318 3788 4390 ἀλήθειαν

2180 4390 2475 4463 βασιλεύςο
2530 4397 2705 4463 οὕτως
2740 4399 2835 4454 οῦν
2895 4402 3176 4458 κάνταῦθα
3208 4406 3299 4472 τὸ,
3344 4426 3363 4460 ι
3428 4409 3506 4474 ὡς
3537 4412 3786 4484 Movet:-

2178 4485 2324 4552 νοῦς,
2442 4488 2738 4561 ὀφείλομεν
2795 4494 3013 4566 νοῆσαι,
3068 4498 3193 4552 ἀντὶ
3239 4500 3357 4566 τοῦ,
3416 4502 3481 4557 Ἦ
3512 4504 3671 4573 δόξα,
3721 4510 3787 4580 ἣν

2178 4578 2547 4668 ἐθεασάμεθα,
2583 4584 2658 4649 ὡς
2689 4584 2773 4658 τῷ
2814 4586 2929 4642 ὄντι
2976 4591 3118 4645 κατὰ
3154 4593 3422 4665 ἀλήθειαν
3475 4598 3613 4655 Υῑοῦ
3656 4578 3784 4668 δόξα

2305 4690 2323 4725 ι
2356 4673 2583 4747 Πλήρης
2613 4680 2837 4750 χάριτος
2863 4684 2959 4737 καὶ
2990 4684 3274 4756 ἀληθείας.
3314 4706 3333 4740 ι
3395 4690 3645 4763 Χάριτος
3679 4665 3780 4767 μέν

2181 4765 2419 4837 πλήρης,
2446 4770 2585 4823 καθὸ
2607 4772 2702 4825 καὶ
2735 4775 2763 4827 6
2794 4775 2973 4843 Λόγος
3002 4778 3170 4832 αὐτοῦ
3196 4787 3655 4856 κεκαρπωμένος
3683 4765 3777 4865 ἦν,

2182 4857 2270 4913 ἵνα
2303 4859 2477 4938 οὕτως
2512 4862 2675 4932 εῐπω,
2722 4866 2866 4923 καθά
2895 4870 2993 4925 καὶ
3025 4871 3191 4935 Δαυῖδ
3224 4873 3403 4943 λέγει’
3445 4902 3462 4929 ι
3515 4857 3786 4954 Ἐξεχύθη

2182 4951 2217 5020 ἠ
2244 4951 2406 5046 χάρις
2437 4956 2495 5008 ἐν
2516 4956 2725 5027 χείλεσι
2775 4977 2893 5017 σου.
2949 4981 2969 5015 ι
3009 4964 3122 5019 Καὶ
3159 4967 3189 5020 6
3237 4951 3676 5046 εὐαγγελιστὴς,
3703 4951 3784 5031 ὅτι

2188 5060 2207 5095 t
2242 5043 2605 5141 _’E6a6pa€ov
2637 5052 2842 5119 πάντες
2864 5055 2961 5110 ἐπὶ
2998 5060 3124 5123 τοῖς
3174 5059 3357 5130 λόγοις
3393 5068 3496 5136 τῆς
3558 5043 3785 5141 χάριτος

2178 5138 2291 5199 τοίς
2313 5138 2774 5213 ἐκπορευομένοις
2807 5148 2873 5201 ἐκ
2916 5148 3025 5203 τοῦ
3073 5152 3343 5224 στόματος
3374 5158 3569 5213 αὑτοῦ.
3619 5138 3649 5217 ι⁷
3675 5164 3784 5217 Καὶ

2180 5228 2312 5281 πᾶσι
2340 5230 2397 5284 δὲ
2426 5234 2526 5296 τὰς
2558 5233 2729 5299 ἰάσεις
2759 5238 3051 5312 ἐχαρίζετο
3100 5247 3211 5309 τοῖς
3242 5248 3539 5319 χρῄζουσιν
3574 5253 3777 5310 αὐτῶν.

2190 5320 2474 5415 ξΛληθεῐας
2510 5325 2567 5379 δὲ
2600 5328 2816 5401 πλήρης
2856 5328 2946 5403 ἦν,
2975 5336 3113 5391 καθὸ
3140 5340 3234 5391 καὶ
3261 5343 3309 5394 οἱ
3344 5345 3646 5415 προφῆται,
3688 5352 3779 5403 καὶ

2177 5412 2385 5484 Μωσῆς
2412 5417 2595 5485 αὐτὸς,
2635 5421 2738 5475 ὅσα
2768 5424 2955 5495 ἔλεγον
2986 5428 3017 5499 ἢ
3053 5429 3349 5502 ἔπραττον,
3381 5412 3563 5491 πάντα
3614 5442 3776 5495 τύποι

2176 5502 2319 5577 ἦσαν
2344 5526 2357 5538 ·
2385 5509 2413 5561 6
2448 5510 2505 5563 δὲ
2545 5512 2785 5584 Χριστὸς
2812 5516 2848 5572 ἃ
2884 5519 3040 5590 ἔλεγε
3075 5526 3173 5578 καὶ
3205 5526 3497 5600 ἔπραττεν,
3555 5534 3774 5589 ἅπαντα

2177 5600 2437 5697 ἀληθείας
2488 5605 2695 5679 πλήρη,
2763 5614 3062 5687 αὐτόχαρις
3122 5618 3201 5673 ὢν
3246 5624 3341 5676 καὶ
3380 5626 3768 5697 αὺτοαλήθεια,

2178 5697 2271 5747 καὶ
2309 5695 2491 5763 ἄλλοις
2535 5701 2715 5759 ταῦτα
2755 5709 3032 5780 χορηγῶν.
3081 5713 3194 5769 Ποῦ
3225 5716 3281 5771 δέ
3340 5695 3642 5776 ἐθεάσαντο
3672 5722 3769 5789 τὴν
