4000 6394
558 350 701 421 1163

1383 348 1961 441 ΤΗΕΟΡΗῩΕΑΟῚἸ
1996 347 2408 409 ΒΠΙΩΑΒῘᾸΞ
2448 346 2801 409 ARCHIEP.

3727 339 3849 404 1164

551 454 712 527 nibus
746 467 946 538 dignis,
966 475 1019 521 ct
1041 464 1265 519 clllueus
1316 463 1510 533 plenus
1545 470 1748 527 manet,
1776 474 1839 513 ac
1864 472 2136 527 nunquam

2250 458 2613 528 προφητείας,
2651 454 2986 527 ὑπερδλύζει
3021 453 3192 526 αὐτὴν
3218 455 3355 508 πᾶσι
3378 455 3496 519 τοῖς
3530 451 3735 520 ἀξίοις,
3760 456 3853 507 καὶ

546 560 1166 619 exhaurituruCratiam
1200 566 1383 612 autem
1407 558 1739 625 accepinms,
1777 553 1911 607 Novi
1938 552 2149 607 scilicet

549 656 909 721 Testamenti,
940 668 1039 724 pro
1092 652 1264 724 gratia
1334 650 1533 705 veteris
1574 649 1725 718 legis.
1762 647 1832 702 Et
1889 646 2146 715 quoniam

551 750 955 805 Testamentum
990 745 1119 801 illud
1175 745 1515 814 antiquatum
1570 750 1676 803 est,
1709 754 1809 809 pro
1839 754 1908 795 eo
1937 737 2145 792 Novum

548 841 878 911 accepimus.
925 839 992 893 Et
1030 836 1321 910 quomodo,
1354 834 1548 904 inquit,
1588 832 1892 888 nominavit
1917 831 2146 902 gratiam

546 929 715 988 Vetus
738 930 1190 989 Testamentum?
1220 930 1297 985 Eo
1330 926 1473 998 quod
1496 924 1669 980 Judaei
1731 926 1906 995 gratia
1940 924 1992 978 in
2015 923 2152 977 ﬁlios

545 1024 785 1094 adoptati
810 1032 866 1080 et
896 1024 1093 1094 recepti
1144 1021 1382 1078 fuerunt.
1426 1019 1569 1074 Dicit
1589 1018 1735 1073 enim
1768 1030 1783 1076 :
1819 1035 1839 1069 ι
1869 1016 1984 1075 Non
2015 1016 2141 1086 quia

544 1132 641 1172 vos
664 1116 810 1171 multi
824 1115 977 1183 estis,
1004 1116 1097 1169 sed
1128 1124 1348 1183 pr0pter
1376 1120 1559 1182 patres
1582 1118 1792 1165 vestros
1820 1124 1916 1164 vos
1938 1108 2097 1179 elegi.
2116 1126 2134 1158 ι

543 1202 734 1262 Patres
789 1220 1008 1277 quoque
1060 1206 1233 1277 gratia
1286 1201 1524 1273 suscepti
1575 1200 1817 1265 fuerunt,
1848 1209 1903 1256 et
1935 1214 2034 1255 nos
2070 1213 2137 1253 ex

545 1297 795 1353 confesso
824 1299 995 1367 gratia
1027 1312 1216 1374 sumus
1246 1293 1467 1353 salvati.
1492 1298 1495 1305 '

2254 554 2311 603 ἐν
2344 551 2422 621 τῷ
2446 550 2815 622 ὑπερδλύζειν
2866 550 3085 621 πλήρης
3127 550 3425 619 διαμένων,
3465 549 3568 601 καὶ
3599 547 3851 600 οὐδέποτε

2253 643 2603 713 κενούμενος.
2628 643 2739 697 Kal
2770 641 2931 713 χάριν
2972 642 3027 695 δὲ
3064 641 3359 710 ἐλάϐομεν,
3417 638 3521 710 τὴν
3583 640 3687 707 τῆς
3722 638 3854 691 Καί·

2252 737 2349 806 νῆς
2380 734 2582 807 δηλαδὴ
2606 734 2903 805 Διαθήκης,
2922 734 3044 789 ἀντὶ
3072 733 3173 803 τῆς
3204 734 3457 804 χάριτος,
3481 733 3589 802 τῆς
3615 730 3853 792 παλαιᾶς

2254 827 2600 897 νομοθεσίας.
2647 828 2800 880 Ἐπεὶ
2830 826 2939 896 γὰρ
2995 826 3178 896 ἐκείνη
3212 827 3246 896 ή
3307 824 3570 894 Διαθήκη
3618 826 3853 893 ἐγήρασε

2252 914 2353 966 καὶ
2402 912 2715 984 ὲσαθρὼθη,
2778 913 2896 966 ἀντ’
2949 914 3167 983 ἐκείνης
3214 913 3317 985 τὴν
3360 912 3511 966 Νέαν
3561 913 3851 982 ἑλὰδομιν.

2252 1007 2366 1058 Καὶ
2392 1006 2532 1071 πῶς,
2568 1008 2754 1075 φησὶν,
2801 1005 3055 1076 ὠνόμασε
3094 1007 3256 1077 χάριν
3289 1006 3388 1077 τὴν
3445 1006 3705 1059 Παλαιὰν
3737 1010 3855 1059 Δια-

2250 1099 2463 1171 θήκην;
2494 1099 2643 1152 Διότι
2672 1099 2768 1152 καὶ
2800 1099 2849 1152 οί
2893 1100 3138 1153 Ἰουδαῖοι
3206 1100 3396 1171 χάριτι
3451 1099 3859 1169 υἱοθετήθησαν

2250 1193 2348 1247 καὶ
2384 1191 2857 1264 προσεδέχθησαν.
2914 1194 3058 1263 Φησὶ
3087 1194 3218 1265 γὰρ,
3251 1194 3334 1247 ὅτι
3368 1213 3388 1244 ι
3434 1194 3511 1245 Οὐ
3538 1193 3635 1246 διὰ
3669 1194 3735 1245 τὸ
3769 1210 3860 1244 πο-

2249 1284 2548 1357 ).υπληθεῖν
2572 1287 2741 1358 ὑμᾶς.
2787 1287 2925 1341 ἀλλὰ
2950 1288 3041 1342 διὰ
3103 1289 3232 1352 τοὺς
3283 1288 3538 1360 πατέρας
3582 1288 3751 1360 ὑμῶν
3779 1290 3860 1352 {E-

543 1390 823 1463 ελεξάμην
871 1390 1038 1461 ὑμᾶς.
1073 1406 1093 1440 ›
1128 1387 1240 1442 Kal.
1289 1386 1339 1439 οί
1379 1383 1618 1441 παλαιοὶ.
1669 1383 1850 1439 τοίνυν
1914 1381 2103 1453 χάριτι
2140 1379 2615 1450 προσεδέχθησαν,
2676 1379 2773 1435 καὶ
2826 1382 2991 1452 ἡμεῖς
3042 1380 3101 1435 δὲ
3153 1380 3626 1453 ὁμολογουμένως
3682 1383 3861 1453 χάριτὶ

542 1488 711 1554 ἐσμεν
739 1483 1094 1554 σεσωσμένοι.

623 1571 790 1651 519
818 1578 985 1645 Vens.
1021 1579 1111 1633 Π.
1148 1594 1171 1632 ι
1208 1577 1345 1644 Quia
1394 1576 1482 1635 lex
1512 1594 1608 1649 per
1630 1577 1814 1633 Mosen
1854 1579 1977 1630 data
2024 1584 2131 1635 est,

2320 1588 2338 1621 ι
2378 1569 2503 1622 Ὅτι
2536 1570 2565 1621 6
2598 1568 2765 1638 νόμος
2797 1567 2887 1621 διὰ
2918 1567 3170 1631 Μωσέως
3188 1567 3366 1639 ἐδόθη,
3395 1569 3431 1640 ἡ
3482 1569 3658 1638 χάρις
3691 1570 3791 1623 καὶ
3837 1572 3865 1638 η

545 1671 718 1741 gratia
748 1682 801 1726 et
829 1671 1030 1725 veritas
1069 1684 1167 1740 per
1206 1667 1393 1725 Iesum
1440 1668 1721 1725 Christum
1765 1667 1908 1723 facta
1955 1676 2057 1723 est.
2110 1684 2128 1715 ι

2247 1661 2463 1733 ἰλήθεια
2491 1661 2581 1715 διὰ
2623 1660 2801 1730 Ἰησοῦ
2825 1660 3069 1733 Χριστοῦ
3097 1660 3336 1729 ἐγένετο.
3378 1679 3397 1714 ι
3445 1661 3864 1733 Ἑφερμηνεῦιι

546 1771 937 1833 tnterpretatur
979 1762 1135 1817 nobis
1172 1760 1452 1834 quomodo
1487 1761 1865 1834 acceperimus
1903 1758 2133 1831 gratiam

548 1870 796 1925 magnam
823 1862 918 1923 pro
952 1868 1115 1923 parva
1148 1854 1359 1925 gratia;
1388 1863 1443 1910 et
1466 1854 1597 1909 dicit
1627 1856 1770 1926 quod
1803 1854 1884 1907 lex
1917 1851 2133 1922 quidem

544 1961 640 2013 per
670 1944 855 2001 Mosen
898 1944 1023 1999 data
1074 1945 1167 2009 sit,
1203 1961 1324 2001 cum
1377 1955 1621 2002 uteretur
1663 1945 1804 2001 Deus
1838 1943 2135 2000 mediatore

547 2037 765 2092 homine
796 2036 965 2102 'llose,
997 2035 1204 2091 Novum
1247 2047 1428 2091 autem
1467 2036 1877 2113 Testamentum
1919 2050 2015 2105 per
2047 2034 2135 2088 Je-

545 2145 663 2183 sum
689 2128 988 2194 Christum,
1022 2129 1166 2198 quod
1215 2128 1435 2198 quidem
1477 2137 1534 2183 et
1583 2130 1759 2197 gratia
1796 2128 2130 2190 nominatur,

542 2239 607 2275 eo
646 2221 790 2292 quod
832 2220 1058 2293 largitus
1088 2221 1159 2275 sit
1211 2221 1368 2278 nobis
1403 2219 1549 2276 Deus
1590 2237 1697 2276 non
1730 2223 1905 2275 solum
1938 2234 2135 2287 pecca-

544 2325 721 2367 torum
770 2312 1187 2376 remissionem,
1237 2312 1332 2366 sed
1372 2321 1427 2365 et
1476 2311 1710 2366 ﬁliorum
1765 2311 2131 2378 adoptionem.

545 2404 763 2463 Veritas
799 2415 983 2461 autem
1016 2414 1265 2469 vocatur,
1307 2417 1373 2458 eo
1404 2406 1545 2472 quod
1583 2415 1925 2472 quaecunque
1953 2411 2136 2470 patres

541 2497 670 2553 olim
706 2499 757 2550 in
793 2496 965 2565 ﬁgura
998 2494 1080 2550 vel
1117 2488 1368 2549 viderunt
1398 2493 1483 2548 vel
1525 2493 1689 2548 locuti
1722 2504 1871 2558 sunt,
1899 2506 1963 2547 ea
1989 2491 2138 2547 clare

541 2590 645 2644 hoc
664 2588 990 2659 praedicarit.
1017 2582 1227 2641 Novum
1249 2582 2131 2656 igitur,inquam,Testamentum,

541 2683 684 2750 quod
713 2677 983 2751 et‘gratla
1037 2678 1349 2734 nominatur
1384 2687 1439 2731 et
1491 2677 1717 2743 veritas,
1774 2678 2132 2730 mediatorem

543 2789 651 2828 non
710 2773 873 2828 habet
930 2771 1233 2841 simplicem
1297 2777 1351 2825 et
1392 2785 1588 2840 purum
1658 2769 1956 2833 hominem,
2038 2766 2134 2822 sed

542 2865 738 2921 Filium
769 2864 886 2919 Dei.
913 2862 978 2917 Et
1012 2861 1135 2919 vide
1179 2863 1455 2932 quomodo
1478 2861 1545 2917 de
1576 2871 1761 2916 vetere
1787 2859 1953 2915 dicit:
1986 2877 2005 2911 ι
2039 2858 2140 2913 Da-

543 2972 656 3013 tum
696 2962 901 3026 est'per
928 2954 1177 3011 Mosen.»
1224 2954 1472 3010 Minister
1508 2954 1654 3009 enim
1685 2961 1741 3007 et
1767 2952 2015 3007 subditus
2046 2951 2135 3007 ille

540 3061 678 3107 erat.
726 3051 801 3104 De
830 3047 979 3103 Novo
1006 3056 1186 3103 autem
1218 3046 1572 3103 Testamento
1605 3060 1709 3100 non
1739 3044 1898 3111 dixit,
1932 3042 2129 3097 Datum

540 3154 645 3209 est,
695 3142 813 3209 sed,
854 3159 875 3193 ι
914 3138 1138 3196 Factum
1161 3140 1278 3212 ﬂeat
1317 3157 1331 3196 :
1380 3156 1400 3192 ι
1441 3149 1500 3194 ut
1543 3138 1795 3195 ostendat
1847 3153 1878 3191 a
1911 3136 2140 3213 Domino

544 3245 731 3291 nostro
762 3234 889 3290 Jesu
945 3233 1182 3298 Christo,
1222 3232 1369 3289 velut
1407 3233 1653 3299 domino,
1684 3248 1795 3289 non
1845 3245 2028 3296 servo,
2059 3231 2139 3285 fa-

542 3338 687 3384 ctam
732 3336 786 3383 et
810 3329 876 3382 ad
922 3328 1085 3381 linem
1117 3327 1433 3396 perductam
1460 3326 1691 3397 gratiam
1738 3340 1802 3381 ac
1830 3324 2136 3380 veritatem.

540 3419 674 3473 Nam
726 3420 810 3473 lex
853 3416 1071 3487 quidem
1104 3419 1227 3472 data
1271 3427 1354 3473 est
1387 3433 1417 3473 a
1450 3416 1600 3485 Deo,
1634 3418 1936 3473 mediatore
1966 3415 2136 3482 Mose,

541 3511 712 3581 gratia
753 3519 935 3565 autem
970 3509 1113 3563 facta
1140 3517 1245 3573 est,
1280 3524 1385 3564 non
1426 3508 1576 3573 data,
1613 3524 1711 3576 per
1744 3507 1931 3563 Jesutn
1963 3506 2138 3562 Chri-

500 3642 505 3643 κ
540 3614 706 3658 stum.
744 3601 966 3657 Factum
1002 3616 1154 3669 esse,
1186 3602 1563 3656 auctoritatem
1596 3601 1891 3672 quamdam
1918 3606 2081 3655 sonat
2118 3614 2133 3653 :

542 3698 725 3750 datum
763 3708 911 3759 vero,
948 3694 1313 3748 ministerium
1351 3692 1575 3747 indicat.

610 3779 783 3842 γωδ.
818 3788 908 3849 18.
948 3805 965 3837 ι
1007 3786 1183 3853 Deum.
1202 3799 1365 3840 nemo
1394 3785 1530 3839 vidit
1577 3801 1841 3855 unquam,
1885 3783 2135 3852 unigeni-

547 3890 635 3933 tus
665 3877 858 3943 Filius,
908 3877 1001 3947 qui
1036 3886 1118 3931 est
1152 3859 1205 3930 in
1243 3877 1363 3930 sinu
1406 3874 1609 3938 Patris,
1654 3876 1745 3930 ille
1774 3876 2077 3949 enarravit.
2114 3892 2132 3925 ι

541 3970 809 4038 Quoniam
858 3970 1072 4024 dixerat
1113 3969 1255 4038 quod
1294 3985 1313 4019 ι
1382 3968 1557 4039 gratia
1592 3976 1646 4022 et
1680 3968 1880 4021 veritas
1921 3981 2016 4037 per
2047 3965 2138 4021 Je-

542 4079 664 4117 sum
714 4062 991 4117 Christum
1029 4060 1168 4114 facta
1201 4060 1293 4123 sit,
1331 4077 1350 4112 ι
1406 4060 1551 4115 istud
1585 4060 1760 4129 ipsum
1809 4060 1998 4113 volens
2042 4062 2139 4113 ad-

544 4165 781 4221 struere,
817 4153 995 4208 dicit:
1045 4153 1187 4207 Nihil
1237 4151 1553 4207 incredibile
1594 4152 1732 4207 dixi.
1782 4151 1917 4205 Nam
1958 4150 2135 4207 Moses

544 4244 763 4310 quidem
793 4259 967 4313 neque
998 4244 1170 4297 Deum
1204 4244 1358 4309 vidit,
1407 4245 1548 4299 sicut
1596 4258 1772 4312 neque
1803 4243 1944 4297 alius
1977 4245 2135 4314 quis-

2238 1754 2395 1823 ἠμῖν,
2439 1753 2559 1816 πῶς
2607 1752 2879 1824 ἐλάϐομεν
2938 1754 3103 1825 χάριν
3143 1754 3409 1824 μεγίστην
3468 1754 3604 1808 ἀντὶ
3659 1757 3867 1826 μικρᾶς

2239 1832 2495 1918 χάριτος
2532 1846 2626 1901 καί
2676 1863 2867 1918 φησιν,
2918 1846 3003 1899 ὅτι
3045 1849 3073 1900 6
3128 1846 3230 1914 μὲν
3259 1845 3425 1917 νόμος
3456 1845 3553 1899 διὰ
3613 1848 3865 1910 Μωσέως

2239 1939 2422 2010 ἐδόθη,
2460 1938 2655 2011 μεσίτῃ
2690 1939 3045 2022 χρησαμένου
3077 1939 3172 1993 τοῦ
3226 1938 3364 1994 Θεοῦ
3417 1940 3736 2013 ἀνθρώπῳ,
3791 1944 3866 2011 τῷ

2240 2032 2433 2085 Μωσεῖ
2459 2049 2641 2103 φημι·
2699 2034 2731 2103 ἡ
2762 2032 2821 2085 δὲ
2874 2032 3051 2104 Καινὴ
3086 2032 3331 2105 Διαθήκη
3362 2034 3455 2088 διὰ
3491 2035 3679 2105 Ἰησοῦ
3730 2037 3863 2105 Χρι-

2242 2123 2393 2188 στοῦ,
2450 2125 2573 2195 ἥτις
2621 2124 2719 2177 καὶ
2768 2124 2928 2195 χάρις
2970 2125 3334 2195 ὀνομάζεται,
3364 2126 3505 2180 διότι
3557 2126 3868 2200 ἐχαρίσατο

2240 2218 2375 2287 ἡμῖν
2406 2217 2435 2269 6
2467 2217 2601 2281 Θεὸς
2657 2217 2718 2270 οὐ
2754 2217 2918 2287 μόνον
2969 2216 3069 2288 τὴν
3102 2219 3298 2288 ἄφεσιν
3346 2219 3463 2273 τῶν
3520 2220 3864 2291 ἁμαρτιῶν,

2240 2309 2377 2364 ἀλλὰ
2406 2310 2502 2364 καὶ
2529 2309 2629 2380 τὴν
2659 2310 2955 2366 υἱοθεσίαν.
2992 2311 3251 2383 Ἀλήθεια
3280 2312 3340 2366 δὲ
3390 2314 3684 2380 καλεῖται,
3741 2314 3865 2369 καθ’

2237 2404 2361 2457 ὅσον
2382 2404 2482 2457 ὅσα
2505 2406 2553 2457 οί
2584 2403 2754 2457 πάλαι
2789 2403 3041 2467 τυπικῶς
3073 2404 3107 2475 ἢ
3151 2400 3313 2469 εἶδον,
3370 2405 3403 2475 ἦ
3442 2401 3636 2471 εἷπον,
3686 2406 3861 2459 ταῦτα

2238 2495 2513 2566 λαμπρῶς
2541 2494 2679 2567 αὕτη
2713 2496 3071 2567 ἀνεκήρυξεν.
3113 2496 3181 2551 Ἦ
3229 2496 3409 2551 τοίνυν
3438 2498 3631 2569 Καινὴ
3659 2498 3861 2562 Διαδή-

2238 2607 2333 2661 κη,
2364 2590 2397 2658 ἠ
2425 2589 2520 2643 καὶ
2580 2589 2743 2661 χάρις
2777 2588 3156 2660 ὀνομαζομένη
3193 2590 3289 2642 καὶ
3324 2590 3584 2659 ἀλήθεια.
3620 2594 3729 2644 οὐκ
3768 2595 3857 2645 ἁν-

2240 2678 2447 2751 θρώπῳ
2493 2677 2643 2750 ψιλῷ
2694 2678 2893 2751 μεσίτῃ
2933 2679 3243 2750 ἐχρήσατο,
3299 2678 3436 2731 ἀλλὰ
3472 2680 3553 2750 τῷ
3589 2680 3712 2750 Υίῷ
3769 2680 3858 2732 τοῦ

2239 2770 2399 2825 Θεοῦ.
2452 2771 2563 2825 Kal.
2605 2771 2707 2842 ὅρα
2756 2770 2875 2833 πῶς
2922 2772 3018 2823 ἐπὶ
3050 2771 3149 2841 μὲν
3184 2769 3285 2839 τῆς
3332 2771 3590 2835 Παλαιᾶς
3613 2769 3743 2825 εἷπε
3779 2773 3853 2833 τὸ,

2247 2881 2266 2913 ι
2301 2862 2491 2931 Ἐδόθη
2513 2862 2602 2917 διὰ
2634 2862 2913 2925 Μωσέως’
2946 2882 2965 2914 ι
2997 2863 3273 2933 ὑπουργὸς
3298 2864 3409 2937 γὰρ
3441 2866 3542 2917 καὶ
3570 2867 3858 2937 ὑπηρέτης

2240 2948 2395 3018 οὗτος
2425 2950 2513 3024 ἦν.
2539 2953 2663 3008 Ἐπὶ
2679 2955 2735 3008 δὲ
2762 2953 2865 3023 τῆς
2886 2955 3118 3024 Καινῆς,
3143 2956 3243 3009 οὐκ
3272 2952 3396 3009 εἷπε
3424 2956 3509 3019 τὸ,
3552 2975 3573 3008 ‹
3623 2977 3643 3008 ι
3681 2958 3856 3025 ἐδόθη,

2241 3045 2378 3099 ἀλλὰ
2411 3046 2491 3110 τὸ,
2520 3064 2541 3098 t
2587 3046 2831 3116 ἐγένετο,
2853 3064 2872 3098 ι
2911 3046 2999 3101 ἕνα
3026 3046 3176 3119 δείξῃ
3206 3048 3312 3124 ὑπὸ
3336 3050 3431 3102 τοῦ
3449 3051 3672 3121 Κυρίου
3699 3052 3851 3121 ἡμῶν

2256 3137 2432 3210 Ἰησοῦ
2463 3138 2726 3209 Χριστοῦ,
2761 3138 2839 3202 ὡς
2889 3138 3176 3203 δεσπότου,
3209 3141 3331 3212 οὐχὶ
3360 3141 3578 3208 δούλου,
3630 3144 3858 3215 γενομέ-

2240 3249 2359 3302 νην,
2395 3230 2489 3284 καὶ
2515 3232 2596 3293 είς
2622 3230 2778 3295 τέλος
2806 3230 3091 3301 προσᾶσαν
3136 3232 3237 3304 τὴν
3258 3232 3420 3305 χάριν
3450 3234 3553 3288 καὶ
3588 3236 3695 3303 τὴν
3723 3236 3853 3305 ἁλὴ-

2240 3324 2411 3377 θειαν.
2468 3323 2651 3394 Νόμος
2689 3324 2788 3394 μὲν
2845 3325 2955 3394 γὰρ
2994 3324 3152 3395 ἐδόθη
3184 3326 3337 3396 παρὰ
3367 3326 3506 3379 Θεοῦ
3539 3326 3635 3379 διὰ
3688 3328 3857 3397 μέσον

2241 3416 2337 3471 τοῦ
2368 3416 2644 3480 Μωσέωςο
2677 3418 2710 3487 ὴ
2741 3415 2903 3487 χάρις
2930 3417 3168 3488 ἐγένετο,
3197 3420 3321 3489 οὐχὶ
3344 3419 3527 3490 ἐδόθη.
3554 3422 3648 3475 διὰ
3682 3421 3855 3493 Ἰησοῦ

2243 3508 2502 3581 Χριστοῦ.
2531 3509 2861 3564 Αὐθεντικὸν
2909 3511 3013 3582 μὲν
3042 3512 3124 3579 τὸ,
3184 3532 3203 3564 ι
3242 3513 3518 3581 Ἰεῖγένετο,
3553 3537 3571 3567 ι
3605 3518 3855 3571 δουλικὸν

2241 3602 2297 3655 δὲ
2332 3604 2411 3668 τὸ,
2458 3622 2475 3655 ι
2517 3603 2718 3674 ,.ὲδόθη.
2764 3623 2782 3655 ι

2320 3804 2335 3834 ε
2373 3783 2506 3835 Θ-ὸν
2534 3784 2706 3846 οὐδεὶς
2733 3782 2946 3853 ἑώρακε
2981 3783 3203 3838 πώποτε
3229 3802 3241 3814 ·
3297 3788 3325 3838 6
3358 3788 3671 3858 μονογενὴς
3704 3788 3849 3851 Υἱὸς.

2241 3878 2269 3929 6
2290 3875 2365 3929 ὢν
2400 3878 2455 3927 ὲν
2472 3879 2584 3938 τοῖς
2614 3875 2835 3938 κόλποις
2862 3874 2955 3927 τοῦ
2980 3876 3214 3944 Πατρὸς,
3240 3878 3447 3940 ἐκεῖνος
3471 3881 3850 3951 ἐξηγήσατο.»

2256 3968 2477 4037 Ἐπειδὴ
2512 3964 2685 4033 εἶπεν,
2723 3968 2805 4019 ὃτι
2857 3987 2873 4017 ι
2925 3968 2991 4020 Ἠ
3047 3970 3206 4038 χάρις
3256 3971 3350 4023 καὶ
3398 3973 3432 4040 ἡ
3483 3972 3728 4042 ἀλήθεια
3769 3974 3851 4025 δια

2257 4060 2430 4131 Ἰησοῦ
2486 4059 2725 4130 Χριστοῦ
2755 4060 2993 4126 ἐγένετο,
3025 4080 3043 4113 ι
3086 4060 3245 4114 τοῦτο
3276 4062 3449 4116 θέλων
3493 4069 3849 4119 κατασκευάρ

2242 4170 2351 4218 σαι,
2384 4152 2572 4221 φησὶν,
2608 4152 2692 4204 ὅτι
2739 4152 2905 4205 Οὐδὲν
2936 4153 3166 4207 ἄπιστον
3199 4155 3421 4226 εἴρηκα.
3485 4156 3548 4210 '0
3587 4161 3695 4227 μὲν
3736 4163 3847 4229 τγὰρ

2239 4244 2447 4313 Μωσῆς
2498 4242 2622 4296 οὕτε
2651 4243 2784 4297 Θεὸν
2819 4244 3089 4315 ἑώρακεν,
3146 4245 3338 4317 ῶσπερ
3379 4250 3492 4302 οὐδ’
3527 4252 3695 4317 ἄλλος
3747 4272 3843 4317 τις,

544 4336 685 4402 piam
718 4351 732 4387 :
772 4350 870 4389 nec
898 4336 1073 4403 potuit
1105 4336 1259 4390 nobis
1295 4334 1641 4390 manifestam
1674 4345 1727 4387 et
1762 4337 2027 4406 liquidam
2066 4338 2133 4390 de

2247 4335 2366 4389 οὔτε
2394 4332 2536 4403 εἶχεν
2563 4336 2693 4403 ἡμῖν
2717 4332 2979 4404 ἐξήγησιν
3002 4338 3377 4407 τρανεστάτην
3412 4340 3507 4391 καὶ
3544 4346 3697 4412 σαφῆ
3729 4347 3851 4414 περὶ

546 4430 639 4482 illo
694 4430 1063 4483 narrationem
1112 4429 1298 4484 dicere
1353 4446 1365 4483 :
1416 4430 1511 4483 sed
1544 4444 1668 4483 cum
1716 4441 1867 4485 esset
1921 4445 2131 4495 servus,

547 4521 801 4575 minister
838 4519 937 4575 fuit
977 4522 1150 4577 solum
1194 4521 1383 4592 legalis
1406 4520 1617 4576 litteraa.
1663 4521 1913 4578 Christus
1954 4533 2133 4578 autem

546 4614 638 4682 qui
675 4622 758 4667 est
806 4612 1013 4679 Filius,
1050 4624 1102 4667 el
1150 4612 1494 4685 Unigenitus,
1545 4623 1599 4669 et
1640 4615 1692 4669 in
1742 4616 1864 4669 sinu
1908 4610 2136 4685 paterno

549 4716 652 4769 est,
685 4720 789 4759 non
824 4706 999 4761 solum
1038 4705 1186 4758 illum
1220 4706 1384 4769 videt,
1428 4708 1520 4760 sed
1552 4707 1718 4762 etiam
1755 4708 2010 4762 omnibus
2049 4710 2139 4763 ho-

547 4796 785 4851 minibus
810 4798 875 4851 de
903 4797 993 4852 illo
1024 4798 1344 4854 annuntiat:
1369 4809 1530 4866 atque
1557 4800 1651 4863 ita,
1681 4801 1807 4869 quia
1834 4799 2002 4855 Filius
2030 4812 2137 4867 est,

547 4899 602 4941 et
631 4886 847 4942 Patrem
878 4889 1047 4954 videt,
1078 4898 1132 4944 et
1162 4891 1212 4942 in
1241 4891 1363 4944 sinu
1387 4890 1508 4958 ejus
1539 4900 1644 4957 est,
1677 4893 1875 4947 merito
1903 4895 2134 4962 gratiam

548 4991 604 5036 et
638 4980 919 5035 veritatem
954 4982 1114 5037 nobis
1163 4982 1331 5037 dedit.
1368 4984 1638 5039 Caeterum
1670 4983 1874 5039 dixerit
1907 4987 1995 5041 hic
2026 4986 2136 5041 for-

545 5084 693 5127 tasse
723 5073 991 5143 quispiam
1028 5091 1043 5127 :
1083 5074 1367 5140 Quomodo
1405 5076 1505 5130 hoc
1545 5076 1663 5131 loco
1696 5077 1958 5132 discimus
1986 5080 2133 5147 quod

548 5163 725 5217 nullus
773 5164 970 5218 viderit
1004 5165 1191 5230 Deum,
1230 5182 1359 5221 cum
1410 5167 1670 5236 propheta
1707 5168 1858 5223 dicat
1894 5184 1907 5221 :
1949 5187 1967 5218 ι
2008 5170 2130 5223 Vidi

546 5255 839 5310 Dominum
858 5255 946 5309 "2'
984 5274 1001 5307 ι
1034 5255 1179 5310 Vidit
1199 5258 1415 5326 quidem
1443 5260 1702 5327 propheta
1728 5260 1921 5325 Deum,
1945 5272 1999 5314 at
2024 5277 2133 5315 non

548 5348 718 5414 ipsam
763 5346 1148 5413 substantiam,
1184 5349 1279 5403 sed
1322 5349 1735 5405 similitudinem
1781 5361 1836 5407 et
1869 5366 2135 5419 apparen-

550 5442 677 5491 tiam
713 5440 1031 5507 quam-lam,
1074 5441 1211 5494 sicut
1244 5456 1438 5510 capere
1485 5452 1714 5511 poterat.
1756 5443 1821 5496 Et
1861 5445 1999 5497 alius
2035 5446 2134 5498 ite-

550 5545 666 5581 rum
718 5532 769 5581 in
823 5530 926 5582 alia
984 5530 1152 5599 ﬁgura
1201 5532 1355 5596 vidit,
1400 5543 1453 5589 ct
1505 5534 1646 5587 alius
1701 5540 1753 5586 iu
1813 5535 1937 5587 alia.
1983 5533 2135 5589 Unde

551 5621 755 5672 a‘lllCCl
788 5638 892 5675 non
943 5622 1114 5689 ipsgum
1149 5626 1429 5678 veritatem
1478 5627 1731 5679 viderunt
1774 5644 1786 5676 :
1843 5644 1947 5680 non
1986 5629 2130 5681 enim

620 5796 663 5824 ⁸³
695 5796 793 5847 liii.
818 5810 893 5862 η,
930 5797 977 5848 1.

2242 4428 2411 4485 αὑτοῦ
2446 4430 2657 4480 είπεῖν·
2708 4427 2847 4480 ἀλλὰ
2910 4427 3098 4491 δοῦλος
3158 4428 3255 4492 ὢν,
3311 4431 3641 4504 ὑπηρέτησε
3694 4440 3847 4506 μόνον

2244 4522 2379 4590 πρὸς
2434 4519 2534 4589 τὴν
2568 4519 2663 4571 τοῦ
2714 4519 2943 4589 νομικοῦ
2977 4522 3309 4592 γράμματος
3342 4522 3662 4582 διακονίαν.
3711 4532 3769 4584 '0
3796 4533 3848 4584 δὲ

2244 4612 2499 4684 Χριστὸς,
2532 4612 2656 4675 Υίὸς
2680 4610 2754 4665 ὢν
2785 4613 2879 4665 καὶ
2909 4614 3244 4684 Μονογενὴς,
3276 4618 3371 4670 καὶ
3396 4619 3456 4671 ἐν
3480 4623 3601 4685 τοῖς
3629 4624 3845 4688 κάλπις

2241 4709 2315 4761 ὢν
2345 4712 2453 4771 τοῖς
2478 4707 2864 4777 πατρικοῖς,οὺ
2901 4709 3063 4777 μόνον
3092 4708 3253 4762 αὐτὸν
3284 4711 3412 4782 ὁρᾷ,
3446 4713 3593 4769 ἀλλὰ
3622 4720 3720 4770 καὶ
3752 4722 3848 4772 πᾶ-

2245 4820 2328 4854 σιν
2382 4800 2692 4871 ἀνθρώποις
2738 4800 3015 4871 ἐξηγεῖται
3048 4802 3179 4871 περὶ
3228 4803 3418 4857 αὑτοῦ.
3450 4806 3628 4861 ῗαστε
3666 4811 3845 4878 ἐπειδὴ

2243 4894 2369 4956 Υίός
2400 4894 2540 4957 ἐστι,
2596 4891 2809 4945 καὶτὸν
2845 4891 3067 4961 Πατέρα
3097 4893 3227 4963 ὁρᾷ.
3259 4888 3348 4948 οἷα
3371 4896 3436 4966 δὴ
3489 4900 3554 4952 ἐν
3582 4905 3702 4963 τοίς
3733 4905 3841 4956 κάλ-

2243 5002 2363 5045 ποις
2397 4982 2560 5035 αὐτοῦ
2591 4982 2687 5045 ὢν,
2723 4982 2951 5045 εἰκότως
2985 4984 3084 5053 τὴν
3123 4986 3286 5056 χάριν
3311 4989 3404 5040 καὶ
3446 4991 3552 5059 τὴν
3587 4992 3846 5065 ἀλήθειαν

2244 5079 2373 5148 ἡμῖν
2410 5076 2636 5128 ἔδωκεν.
2663 5074 2805 5126 Ἀλλ’
2831 5076 2949 5144 ἐρεῖ
2976 5092 3057 5137 τις
3091 5077 3218 5140 ἴσως
3242 5094 3255 5107 ο
3291 5080 3417 5141 Πῶς
3462 5083 3711 5139 ἐνταῦθα
3753 5088 3845 5157 μὲν

2243 5166 2613 5238 μανθάνομεν,
2647 5166 2730 5217 ὃτι
2765 5165 2937 5229 οὐδεὶς
2983 5166 3197 5237 ἑώρακε
3225 5169 3316 5221 τὸν
3350 5170 3510 5237 Θεὸν,
3559 5178 3589 5227 6
3621 5179 3677 5229 δὲ
3716 5196 3843 5246 πρ).

2241 5262 2417 5330 φήτης
2447 5258 2592 5326 λέγει
2621 5275 2634 5287 ·
2670 5277 2689 5308 ι
2722 5254 2872 5309 Εἶδον
2901 5260 2993 5310 τὸν
3024 5260 3228 5329 Κύριον
3254 5278 3267 5326 ;
3311 5281 3328 5314 ι
3374 5262 3499 5317 Εἷδε
3538 5268 3643 5337 μὲν
3673 5275 3700 5323 6
3725 5290 3844 5343 προ-

2242 5354 2442 5421 φήτης,
2470 5350 2586 5403 ἀλλ’
2618 5350 2716 5404 οὐκ
2748 5352 2917 5421 αὐτὴν
2946 5353 3045 5419 τὴν
3075 5354 3265 5406 οὐσίαν
3291 5396 3303 5417 ,
3353 5358 3473 5410 ἀλλ’
3508 5365 3771 5433 ὁμοίωμὰ
3800 5386 3842 5419 τι

2242 5446 2334 5496 καὶ
2362 5446 2659 5513 φαντασίαν
2686 5446 2826 5507 τινὰ,
2852 5446 2925 5507 ὠς
2952 5447 3149 5517 ἐχώρει
3174 5448 3323 5502 ίδείν.
3346 5452 3458 5505 Καὶ
3490 5456 3654 5521 ἄλλος
3694 5464 3841 5513 παλιν

2240 5540 2297 5589 ἐν
2325 5538 2467 5609 ἄλλῳ
2498 5537 2654 5606 τύπῳ
2679 5532 2809 5600 εἶδε,
2861 5538 2954 5590 καὶ
2982 5539 3139 5602 ἄλλος
3171 5542 3228 5591 ὲν
3256 5542 3427 5612 ἄλλῳ.
3468 5548 3637 5602 "005v
3671 5554 3838 5621 δῆλον,

2240 5632 2319 5680 ὅτι
2354 5631 2453 5679 οὒκ
2487 5629 2658 5697 αὐτὴν
2694 5628 2789 5695 τὴν
2836 5630 3092 5697 «ἀληθειαν
3134 5632 3397 5685 ἔϐλεπον*
3448 5640 3513 5690 οξ,
3550 5644 3657 5711 γάρ
3699 5646 3760 5696 ἂν
3790 5652 3838 5695 εν
