4000 6400
159 411 302 482 H66
907 411 1360 489 ENARRATIO
1402 411 1481 471 1N
1516 401 2025 470 EVANGELlUM
2064 398 2419 469 JOANNIS.
2458 425 2527 437 —
2566 398 2726 463 ίΣΑΡ.
2773 395 2820 459 Ι.
3347 387 3482 458 ὶὶίνῦ

144 531 433 603 διαφόροις
490 532 769 603 σχήμασιν
818 531 991 603 αὐτὴν
1022 530 1299 603 ἐθεώρουν
1356 528 1540 598 ἁπλῆν
1588 526 1724 580 οὖσα

1909 523 2105 579 ivenis
2136 520 2329 591 llguris
2362 517 2507 573 illam
2542 516 2833 577 vidissent,
2863 528 2985 585 qua:
3024 510 3257 581 simplex
3305 523 3393 567 est
3430 524 3483 567 et

150 625 249 678 ut
306 622 738 697 ἀσχημάτιστον.
786 622 931 677 Ἀλλ’
978 621 1099 675 οὐδὲ
1144 624 1196 674 οί
1229 620 1453 689 ἄγγελοι
1500 617 1730 689 βλέπουσ

1905 616 2258 690 aligurabilis.
2290 614 2433 684 Quin
2458 626 2638 683 neque
2668 610 2849 679 angeli
2884 607 3069 663 vident
3096 607 3190 663 Dei
3227 606 3485 661 substitit.

148 714 290 770 Θεοῦ
325 716 535 781 οὐσίαν,
560 718 609 770 εί
642 718 737 771 καὶ
764 716 1018 786 λέγονται
1050 718 1110 770 τὸ
1137 715 1438 788 πρόσωπον
1478 711 1576 766 τοῦ
1625 712 1728 767 Θεο

1917 728 2028 777 am,
2082 710 2336 780 quamvis
2397 708 2656 763 dicantur
2702 704 2894 759 videre
2936 701 3132 757 faciem
3183 701 3325 771 ejus.
3376 700 3489 754 Hoc

147 810 289 879 ὁρᾷν
314 824 328 837 ο
364 806 521 861 τοῦτο
552 808 661 880 γὰρ
696 809 1031 863 ἐνδεικτικόν
1060 810 1178 863 ἐστι
1213 808 1380 878 μόνου
1432 805 1527 860 τοῦ
1559 806 1727 875 φαντό

1908 805 2019 857 nim
2071 801 2250 858 solum
2301 800 2529 864 iudicat,
2581 812 2801 866 semper
2850 796 3019 850 Deum
3067 796 3150 849 eis
3197 808 3487 864 apparere.

152 900 349 965 ζεσθαι
376 899 463 952 ἀεὶ
486 900 641 954 Θεόν.
680 901 738 955 '0
763 901 895 964 Υἱὸς
939 898 1034 953 οῦν
1068 899 1229 970 μόνος
1255 899 1360 969 ὁρᾷ
1388 898 1482 951 τὸν
1520 896 1732 967 Πατέρα

1910 898 2048 954 'ilins
2081 897 2252 968 igitur
2292 896 2444 951 solus
2488 894 2638 949 videt
2664 884 2912 956 Patrem,
2961 898 3019 946 et
3059 900 3289 945 enarrat
3336 891 3490 945 illum

153 995 253 1048 καὶ
279 992 562 1063 ἐξηγεῖται
608 994 775 1047 αὑτὸν
809 994 981 1047 πᾶσιν
1034 990 1375 1064 ἀνθρώποις.
1410 991 1665 1055 Κόλπους
1710 991 1733 1043 6

1914 991 2132 1046 mnibus
2172 989 2514 1045 hominibus.
2563 981 2755 1042 Sinum
2790 992 2974 1039 autem
3027 983 3261 1038 audiens
3303 991 3493 1051 pater-

152 1085 379 1141 ἀκούων
434 1086 762 1157 πατρικοὺς,
825 1084 995 1156 μηδὲν
1046 1084 1403 1156 ὑποπτεύσῃς
1450 1082 1732 1154 σωματικδ

1916 1098 2028 1150 nm,
2060 1101 2164 1138 non
2197 1082 2498 1157 suspiceris
2524 1080 2729 1149 aliquid
2760 1076 3046 1147 corporale
3066 1077 3134 1132 de
3154 1074 3283 1130 Deo.
3316 1077 3493 1131 Evan-

152 1178 254 1233 ἰπὶ
284 1177 441 1232 Θεοῦ.
477 1156 592 1249 Τήν
625 1178 736 1249 γὰρ
783 1176 1123 1247 γνησιότητα
1150 1214 1166 1243 ,
1201 1176 1298 1231 καὶ
1340 1176 1402 1229 τὸ
1434 1176 1732 1247 ἀχώριστοι

1919 1178 2065 1233 elista
2095 1178 2242 1232 enim
2275 1176 2459 1232 solens
2486 1156 2654 1229 nobis
2691 1173 2937 1227 indicare
2958 1164 3159 1225 Filium
3195 1169 3342 1241 Patri
3376 1185 3499 1227 esse

150 1272 255 1324 καὶ
286 1271 558 1324 συναῖδιον
600 1269 773 1335 δεῖξαι
808 1268 1139 1341 βουλόμενος
1195 1268 1291 1323 τοῦ
1340 1269 1474 1322 Υίοῦ
1506 1270 1645 1341 πρὸς
1676 1270 1730 1323 τὸ

1919 1283 2236 1335 oreternum,
2285 1285 2348 1325 ac
2382 1284 2572 1324 verum
2605 1276 2662 1323 et
2693 1263 3147 1338 inseparabilem,
3197 1265 3362 1337 hujus
3394 1283 3499 1321 nu-

154 1361 381 1433 Πατέρα
414 1364 443 1415 6
471 1360 894 1433 εὐαγγελιστὴς,
943 1360 1139 1415 τούτου
1170 1358 1266 1414 τοῦ
1299 1360 1570 1432 ὀνόματος
1605 1355 1734 1432 ἐμνή

1017 1360 1139 1413 ita»
1170 1358 1266 1414 τοῦ
1299 1360 1570 1432 ὀνόματος
1605 1355 1773 1432 ἐμνή·
1877 1367 2044 1421 minis
2076 1364 2413 1420 mentionem
2448 1362 2597 1419 fel-it.

155 1452 289 1525 σθη.

239 1566 259 1599 ι
296 1547 405 1601 Καὶ
436 1540 578 1616 αῦτη
624 1545 775 1599 ἐστὶν
811 1546 843 1615 ή
901 1546 1182 1617 μαρτυρία
1206 1545 1302 1598 τοῦ
1366 1545 1642 1608 Ἰωάννου,
1682 1544 1773 1599 ὅτε

1957 1544 2120 1603 Vens.
2167 1546 2257 1612 l9,
2306 1544 2400 1600 ΞΟ.
2447 1564 2465 1597 ι
2516 1544 2586 1600 Et
2634 1536 2741 1600 hac
2790 1553 2881 1599 est
2915 1541 3291 1599 testimonium
3338 1541 3507 1614 520

156 1638 497 1695 ἀπέστειλαν
528 1639 577 1692 οί
618 1638 862 1693 Ἰουδαῖοι
894 1637 954 1705 ἐξ
1001 1637 1401 1709 Ἰεροσολύμων
1454 1639 1625 1710 ίερεῖς
1677 1656 1736 1693 κο

1925 1641 2126 1703 )annis,
2172 1640 2393 1709 quando
2443 1638 2719 1692 miserunt
2753 1635 2928 1691 Judaei
2980 1650 3047 1693 ex
3100 1637 3505 1708 ilierOSolymis

158 1733 431 1796 Λευῖτας,
477 1732 567 1787 ἵνα
620 1734 975 1805 ἐρωτήσωσιν
1038 1733 1205 1787 αὐτόν
1232 1750 1246 1764 ·
1311 1733 1386 1786 Σὺ
1426 1732 1512 1796 τίς
1540 1728 1627 1799 εἷς
1662 1734 1738 1787 Ka

1927 1736 2200 1792 tcerdotes
2231 1744 2287 1789 et
2319 1732 2516 1788 levitas
2544 1740 2604 1787 ut
2627 1732 3040 1801 interrogarent
3073 1746 3227 1798 euri),
3261 1728 3343 1785 Tu
3377 1733 3507 1803 quis

155 1823 509 1894 ὡμολόγησε,
541 1825 637 1878 καὶ
665 1825 766 1878 οὐκ
797 1826 1079 1896 ἠρνήσατο
1102 1842 1115 1854 ·
1148 1826 1243 1878 καὶ
1274 1824 1661 1895 ὡμολόγησεν,
1690 1826 1735 1878 ὄπ

1925 1829 1991 1885 5?
2020 1830 2089 1883 Et
2118 1825 2406 1883 confessus
2453 1833 2562 1890 est,
2600 1835 2655 1878 et
2685 1823 3064 1893 nonnegavit.
3100 1820 3169 1876 Et
3208 1823 3505 1879 confessus

157 1917 281 1970 Οὐκ
309 1918 425 1987 εἰμὶ
444 1917 557 1985 ἐγὼ
583 1920 610 1971 6
639 1918 934 1987 Χριστός.»
960 1915 1129 1972 Εἶπεν
1160 1919 1442 1989 ἀνωτέρω,
1471 1920 1557 1973 ὅτι
1594 1919 1737 1973 Ἰωάπ

1925 1934 1997 1985 st,
2025 1922 2148 1976 Non
2182 1935 2304 1974 sum
2363 1934 2465 1991 ego
2503 1917 2779 1974 Christus.
2818 1936 2835 1968 ι
2875 1916 3023 1972 Dixit
3060 1918 3318 1989 superius
3356 1920 3505 1988 quod

160 2022 267 2082 νης
299 2014 576 2083 μαρτυρεῖ
625 2014 759 2084 περὶ
790 2012 960 2067 αὐτοῦ
991 2030 1006 2044 υ
1043 2008 1166 2066 εἶτα
1192 2012 1368 2067 είπὼν
1410 2012 1502 2066 διὰ
1536 2013 1705 2083 μέσου
1731 2030 1740 2047 ·

1928 2032 2130 2073 oannes
2178 2026 2413 2071 testetnr
2459 2015 2525 2070 de
2560 2014 2652 2067 illo
2695 2032 2707 2067 :
2744 2024 2799 2068 et
2852 2025 2966 2067 tmn
3003 2013 3328 2068 intersernit
3369 2015 3508 2085 quid

158 2105 555 2176 ἐμαρτύρησεν
581 2107 610 2159 6
654 2106 911 2177 Ἰωάννης
947 2108 1078 2177 περὶ
1105 2105 1202 2160 τοῦ
1239 2105 1505 2178 Χριστοῦ,
1536 2106 1618 2159 ὃτι
1647 2100 1738 2159 «Oi

1933 2122 2127 2168 :status
2161 2111 2234 2166 sit
2265 2108 2509 2165 Joannes
2534 2108 2602 2163 de
2643 2105 2887 2166 Christo.
2926 2124 3120 2178 nempe
3166 2110 3313 2177 quod
3351 2127 3369 2161 ι
3408 2110 3513 2164 llic

158 2214 261 2261 τος
291 2196 605 2271 ἔμπροσθέν
641 2216 744 2270 μου
793 2200 1009 2269 γέγονε,
1045 2220 1062 2252 r
1099 2201 1197 2253 καὶ
1225 2201 1309 2253 ὅτι
1348 2219 1366 2251 ι
1414 2201 1612 2271 Ἡμεῖς
1642 2201 1738 2254 πάι

1929 2218 2020 2262 nte
2057 2221 2143 2259 tne
2179 2203 2356 2259 Tactus
2402 2213 2489 2259 est
2538 2223 2555 2255 ι
2610 2212 2664 2257 ct
2709 2203 2856 2273 quod
2905 2222 2923 2255 ι
2964 2197 3076 2258 Nos
3122 2218 3319 2257 omnes
3369 2220 3509 2273 pro-

160 2308 259 2355 τες
286 2293 336 2347 οί
375 2293 659 2365 προφῆται
709 2297 773 2347 ὲκ
813 2293 910 2349 τοῦ
965 2294 1345 2367 πληρώματος
1382 2295 1553 2349 αὑτοῦ
1587 2294 1740 2349 ὲλάὸι

1933 2303 2071 2356 bene
2124 2300 2193 2354 de
2249 2298 2592 2367 plenitudine
2644 2298 2767 2366 ejus
2811 2296 3164 2366 accepimus,
3210 2315 3227 2347 ι
3284 2296 3513 2363 subdit,

165 2401 294 2455 μεν,
334 2405 352 2437 ι
391 2386 676 2457 ἐπιφέρει·
727 2406 747 2439 ι
782 2388 897 2441 Καὶ
918 2386 1061 2457 αῦτη
1092 2390 1244 2443 ἐστὶν
1296 2392 1329 2460 ή
1376 2389 1661 2462 μαρτυρία
1684 2406 1745 2444 το

1964 2392 2029 2449 Ει
2066 2396 2171 2449 hoc
2200 2401 2286 2446 est
2315 2388 2547 2447 Joannis
2587 2388 2991 2444 testimonium.
3042 2407 3060 2439 ι
3100 2386 3321 2456 Quale?
3356 2387 3514 2454 Quod

176 2479 454 2533 Ἰωάννου.
496 2500 513 2532 r
554 2480 722 2548 Ποίας
784 2482 887 2536 Ἦν
918 2482 1184 2554 ἀνωτέρω
1217 2476 1396 2549 εἶπεν,
1423 2484 1506 2537 ὅτι
1537 2485 1756 2555 Ἐμπρο

1938 2488 2150 2558 tperius
2182 2488 2345 2553 dixit,
2380 2505 2398 2537 ι
2436 2486 2582 2539 Ante
2629 2499 2717 2537 me
2749 2480 2929 2538 factus
2963 2491 3068 2547 est,
3112 2501 3131 2533 ι
3180 2492 3288 2537 etc.
3326 2482 3518 2536 Sedet

166 2570 298 2627 σθέν
324 2590 425 2643 μου
462 2573 679 2642 γέγονε,
714 2592 732 2625 r
771 2574 955 2628 καὶτὰ
979 2573 1179 2628 λοιπά’
1209 2575 1345 2629 ἀλλὰ
1381 2578 1477 2630 καὶ
1509 2575 1545 2631 ἃ
1582 2577 1746 2647 ὲφεξῆ

1939 2598 2015 2636 ira:
2049 2581 2310 2651 deinceps
2341 2579 2517 2634 dicit:
2557 2596 2576 2629 ι
2620 2573 2740 2631 Non
2775 2592 2897 2631 sum
2926 2575 3205 2642 Christus,
3256 2594 3275 2627 ι
3314 2586 3368 2629 et
3400 2577 3519 2631 lucc

162 2665 339 2733 λέγει,
369 2666 454 2719 ὅτι
489 2686 509 2719 ι
540 2666 656 2720 Οὐκ
706 2667 826 2737 είμί
859 2668 888 2719 6
920 2667 1183 2736 Χριστὸς,
1229 2688 1247 2721 r
1283 2668 1377 2723 καὶ
1407 2667 1583 2721 ταῦτα
1643 2686 1742 2738 μαε

1933 2673 2210 2729 estimonia
2249 2680 2379 2727 sunt
2412 2664 2667 2725 Joannis.
2715 2661 2887 2724 Porro
2929 2667 3104 2724 Judaei
3141 2670 3208 2722 ad
3243 2667 3513 2725 Joannem

161 2758 333 2828 τυρία
405 2756 653 2813 Ἰωάννου
706 2760 869 2813 είσίν.
945 2778 963 2811 ι
995 2761 1353 2815 ’Λπὲστειλαν
1416 2756 1511 2816 οὖν
1552 2763 1601 2815 oi
1654 2761 1741 2816 Ἰοι

1938 2768 2165 2823 iiserant
2210 2764 2628 2839 przrstantiores
2670 2780 2811 2834 quos
2849 2764 3145 2830 habebant,
3196 2766 3518 2820 sacerdotes

164 2853 311 2907 δαϊοι
335 2854 746 2926 πρὸςΊωάννην
775 2852 870 2919 οὓς
911 2850 1060 2925 εἶχον
1092 2856 1416 2927 κρείττονας
1440 2874 1453 2887 ·
1487 2856 1658 2928 ίερείς
1679 2858 1744 2927 γὰ

1940 2859 2151 2917 idelieet
2196 2870 2251 2916 et
2284 2852 2505 2925 levitas,
2555 2874 2761 2929 eosque
2800 2857 3376 2927 llierosolymitanos,
3425 2860 3520 2929 qui

166 2948 269 3001 καὶ
292 2948 553 3012 Λευῖτας,
586 2948 683 3001 καὶ
712 2948 939 3011 τούτους
987 2949 1435 3021 Ἱεροσολυμίτας
1457 2968 1470 2981 ·
1506 2951 1582 3015 ὡς
1612 2947 1746 3014 amo?

1938 2967 2088 3027 tpote
2132 2955 2522 3026 sapientiores,
2568 2951 2971 3022 persuaderent
3013 2949 3211 3005 Joanni
3245 2967 3343 3020 per
3379 2956 3518 3005 adu-

166 3059 279 3104 τοι,
324 3036 412 3095 οἷα
454 3041 519 3113 δὴ
575 3042 956 3114 συνετώτεροι,
992 3043 1228 3097 πείσωσι
1278 3044 1370 3099 τὸν
1408 3045 1671 3116 Ἰωάννην
1700 3040 1746 3100 δι

1942 3056 2158 3109 itionem
2217 3061 2278 3104 ut
2335 3048 2693 3105 conﬁteretur
2740 3062 2799 3101 se
2844 3061 2973 3101 esse
3023 3046 3326 3100 Christum.
3387 3046 3522 3099 Vni.-

169 3132 494 3201 κολακείας,
520 3134 865 3206 ὁμολογῆσαι
918 3138 1115 3191 ἑαυτὸν
1140 3137 1400 3209 Χριστόν.
1436 3138 1579 3209 Ὅρα
1612 3138 1669 3191 δὲ
1694 3138 1749 3191 τί

1942 3155 2083 3200 ntem
2115 3159 2280 3214 quam
2331 3142 2559 3198 sinistra
2594 3140 2670 3195 sit
2703 3140 2921 3193 illormn
2970 3153 3148 3192 tuens.
3182 3133 3301 3191 Non
3345 3138 3522 3192 inter.

172 3226 519 3298 σκαιότητα·
568 3229 671 3281 οὐκ
722 3228 1006 3299 ἐρωτῶσιν
1060 3230 1224 3284 αὑτὸν
1280 3230 1519 3293 εὐθέως·
1559 3232 1633 3285 Σὺ
1684 3228 1736 3285 si

1939 3249 2101 3309 agant
2135 3252 2258 3289 eum
2290 3237 2502 3297 statim,
2574 3234 2732 3288 Tune
2779 3251 2839 3287 es
2884 3231 3318 3293 ChriStus?sed,
3380 3251 3399 3283 ι
3438 3232 3519 3286 Tu

170 3319 445 3388 Χριστόςς
488 3320 647 3384 ἀλλὰ,
690 3341 709 3373 ι
739 3321 811 3375 Σὺ
847 3322 932 3387 τίς
966 3319 1051 3388 εἷς
1101 3343 1119 3375 ι
1170 3324 1415 3388 Ἐκεῖνος
1446 3324 1526 3388 δὲ,
1562 3326 1663 3396 τὴν
1694 3343 1750 3379 κε

1946 3332 2028 3385 nis
2054 3330 2151 3385 es?
2172 3350 2190 3380 ι
2223 3327 2425 3383 Verum
2445 3328 2533 3382 ille
2551 3326 2770 3397 cognita
2790 3342 2983 3381 eorum
3020 3324 3382 3395 malignitate,
3412 3340 3521 3379 non

174 3415 445 3483 κουργίαν
476 3414 633 3477 εἰδὼς
669 3416 874 3479 αὐτῶν,
909 3418 973 3471 οὺ
1007 3418 1159 3487 λέγει
1199 3418 1282 3482 τίς
1314 3415 1404 3491 ἦν,
1454 3419 1572 3473 ἀλλ’
1599 3418 1754 3489 ὀμολι

1946 3426 2037 3478 ιρίι
2070 3422 2195 3492 quis
2224 3425 2318 3487 sit,
2344 3422 2437 3475 sed
2465 3421 2786 3484 conﬁtetur,
2818 3436 2836 3470 ι
2864 3418 2984 3471 Non
3016 3434 3137 3471 sum
3159 3417 3414 3470 Chrisms
3449 3430 3463 3466 :
3499 3437 3518 3466 ι

174 3508 289 3574 γεί,
319 3509 401 3561 ὅτι
455 3527 473 3558 ι
506 3509 767 3579 Οὐκ-εἰμὶ
794 3510 822 3562 6
870 3511 1132 3582 Χριστὸς,
1172 3531 1192 3564 ι
1258 3514 1397 3585 πρὸς
1436 3514 1536 3567 τὸν
1590 3514 1754 3567 σκοπὲ

1952 3521 1981 3571 d
2012 3533 2239 3584 scopum
2293 3518 2483 3583 utique
2519 3515 2735 3568 illorum
2784 3514 3110 3583 respiciens,
3154 3524 3209 3567 cl
3242 3514 3526 3579 undequa-

174 3599 365 3653 αὐτῶν
394 3601 746 3668 ἀποϐλέπων,
767 3603 863 3657 καὶ
889 3606 1233 3676 πανταχόθεν
1255 3608 1458 3670 αὐτοὺς
1479 3607 1754 3677 ἐπισπώμι

1948 3626 2014 3662 ne
2047 3610 2167 3662 illos
2217 3608 2285 3661 ad
2349 3607 2685 3661 credendum
2745 3606 3018 3666 alliciens,
3065 3608 3211 3676 quod
3268 3608 3409 3660 alius
3452 3608 3528 3660 sit

177 3711 270 3757 νος
295 3694 431 3766 πρὸς
462 3696 523 3749 τὸ
552 3696 862 3761 πιστεῦσαι,
903 3699 987 3751 ὃτι
1036 3699 1195 3761 ἄλλος
1244 3702 1394 3753 ἐστὶν
1440 3702 1468 3753 6
1502 3702 1741 3771 Χριστὸς

1946 3703 2191 3765 LIII'iSlUS,
2221 3716 2384 3768 quem
2415 3699 2517 3767 ipsi
2555 3706 2753 3768 putant
2802 3699 2983 3763 vilem,
3026 3708 3083 3751 et
3122 3714 3187 3753 ex
3226 3698 3316 3751 vili
3345 3708 3526 3767 patre,

180 3790 318 3860 παρ’
351 3789 532 3843 αὐτῶν
561 3790 921 3861 νομιζόμενος
952 3790 1200 3863 εὐτελὴς,
1259 3794 1355 3847 καὶ
1407 3794 1665 3858 εὐτελοῦς
1695 3813 1760 3848 πα

1949 3798 2069 3847 thro
2101 3792 2381 3857 videlicet,
2420 3803 2475 3845 et
2505 3800 2823 3861 contempta
2872 3790 3069 3860 patria,
3109 3804 3307 3859 nempe
3353 3789 3529 3844 Νειῑιι-

176 3885 335 3955 τρὸς,
356 3878 607 3947 τέκτονος
638 3886 777 3955 γάρ·
815 3887 910 3938 καὶ
944 3887 1201 3950 εὐτελοῦς
1254 3887 1517 3958 πατρίδος
1541 3929 1555 3952 ,
1610 3886 1756 3951 Ναζο

1951 3890 2060 3955 eth,
2096 3904 2162 3942 ex
2211 3903 2318 3957 qua
2374 3886 2509 3941 nihil
2553 3888 2679 3940 boni
2712 3901 2835 3939 esse
2873 3884 3197 3939 credebant.
3247 3886 3411 3955 Atqui
3461 3888 3531 3941 de

184 3978 282 4045 ρὶτ
316 3976 426 4047 γάρ
453 3993 464 4005 ·
498 3976 561 4041 ἐξ
592 3972 659 4049 ἦς
690 3978 843 4031 οὐδὲν
874 3977 1085 4047 ἀγαθὸν
1131 3974 1276 4033 εἶναι
1312 3979 1629 4033 ἐπίστευον.
1665 3982 1764 4051 lle;

1950 3993 2266 4037 ’rzrcursore
2312 3982 2431 4049 ipso
2466 3993 2721 4049 magnam
2765 3977 3043 4049 habebant
3084 3978 3431 4047 opiniOnem,
3462 3996 3530 4033 eo

184 4068 373 4138 μέντοι
406 4068 573 4121 αὑτοῦ
602 4068 698 4121 τοῦ
742 4070 1063 4141 Προδρόμου
1108 4069 1356 4141 μεγάλην
1416 4070 1577 4135 δόξαν
1611 4066 1761 4142 εἶχον

1955 4076 2059 4131 uod
2110 4084 2273 4129 natus
2304 4082 2425 4128 erat
2476 4088 2543 4129 ex
2594 4081 2749 4141 patre
2791 4072 3140 4127 sacerdotqu
3177 4074 3447 4143 principe,
3479 4087 3535 4127 et

182 4164 398 4243 πατρός
428 4181 487 4218 τε
511 4166 621 4237 γὰρ
643 4164 948 4236 ἀρχιερέως
970 4162 1061 4237 ἦν,
1097 4166 1192 4218 καὶ
1224 4166 1342 4235 βίου
1375 4167 1675 4233 ἀγγελικοῦ
1708 4185 1762 4219 κο

1956 4172 2083 4223 itam
2117 4166 2421 4238 angelicam
2452 4176 2509 4219 et
2538 4164 2696 4234 quasi
2731 4167 2979 4218 materia:
3006 4175 3291 4233 expertem
3321 4177 3531 4236 ageret.

182 4245 357 4308 ἁῦλον
391 4256 600 4325 σχεδόν.
652 4256 817 4309 Ὅθεν
868 4257 1151 4327 θαυμάσαι
1202 4257 1437 4321 δίκαιον,
1475 4256 1591 4319 πῶς
1636 4256 1696 4323 ἐξ
1727 4250 1762 4310 ἆ

1957 4263 2079 4318 Inde
2107 4262 2253 4330 juste
2284 4260 2651 4323 admiramur,
2683 4261 2959 4328 quomodo
3001 4273 3100 4327 per
3146 4259 3234 4311 illa
3288 4260 3402 4329 ipsa
3437 4273 3537 4329 per

184 4346 363 4421 ᾤοντο
395 4351 596 4403 ἐκείνοι
627 4348 831 4420 βλάψαι
860 4351 960 4422 τὴν
986 4350 1083 4404 τοῦ
1110 4351 1352 4422 Χριστοῦ
1378 4351 1562 4417 δόξαν,
1592 4352 1658 4404 ὲκ
1680 4353 1764 4404 τοι

1961 4371 2042 4409 me
2086 4354 2160 4407 illi
2204 4352 2395 4424 gloria:
2442 4350 2650 4405 Christi
2687 4349 2970 4403 nocituros
3014 4366 3073 4403 se
3105 4353 3391 4419 putabant,
3426 4351 3532 4406 im-

182 4460 302 4497 των
338 4444 784 4514 συμποδίζονται.
838 4445 1121 4517 Ἐρωτῶσι
1171 4446 1270 4514 μὲν
1316 4448 1427 4517 γὰρ
1458 4447 1533 4509 ὡς
1590 4446 1762 4510 ἁξιόπ

1953 4448 2241 4501 ηούίυηιυι.
2277 4444 2413 4498 Nam
2451 4442 2871 4512 interrogabant
2897 4444 3117 4511 quidem
3146 4440 3441 4507 Joannem,
3479 4458 3533 4493 tu

188 4551 321 4590 στον
353 4538 448 4590 τὸν
486 4538 767 4611 Ἰωάννην,
797 4539 885 4592 ἴνα
915 4541 1014 4609 τῆς
1046 4544 1124 4603 εἰς
1162 4540 1401 4611 Χριστὸν
1428 4540 1688 4602 ἀπιστίας
1707 4540 1768 4608 τὴ

1930 4541 2029 4595 lide
2064 4540 2312 4609 dignum,
2350 4552 2463 4609 quo
2498 4537 2877 4592 testimonium
2913 4537 3064 4589 illius
3129 4553 3241 4591 suse
3296 4537 3346 4589 in
3380 4537 3510 4591 Chri

187 4633 404 4687 ἐκείνου
433 4636 744 4705 μαρτυρίαν
768 4632 1027 4689 ὑπόθεσιν
1053 4635 1275 4706 ἔχωσιν,
1305 4635 1465 4704 εἴπερ
1500 4635 1575 4706 μὴ
1609 4637 1767 4705 ὁμολε

1961 4654 2061 4690 .um
2092 4634 2466 4689 incredulitati
2494 4640 2824 4701 prmtexant,
2855 4633 2899 4685 si
2932 4631 3155 4699 quidem
3182 4647 3290 4685 non
3321 4632 3541 4686 confes—

188 4730 339 4799 γήσῃ
390 4731 555 4783 αὐτὸν
606 4729 882 4801 Χριστόν·
933 4731 996 4783 τὸ
1026 4731 1083 4784 δὲ
1120 4735 1202 4795 εἰς
1267 4733 1582 4784 τούναντίον
1610 4748 1768 4800 περιε

1959 4744 2012 4781 is
2058 4725 2253 4781 fuisset
2289 4725 2443 4778 illum
2490 4723 2802 4779 Christum.
2869 4722 3065 4777 Verum
3117 4740 3280 4778 secus
3328 4725 3539 4789 evenit,

188 4823 380 4894 τράπη
428 4823 636 4887 αὐτοῖς.
672 4824 875 4879 Τοῦτον
904 4828 1033 4895 γὰρ,
1069 4826 1129 4879 ὃν
1156 4823 1303 4897 εἶχον
1334 4825 1679 4893 ἀξιόπιστον,
1723 4825 1768 4878 εἰ

1956 4828 1966 4869 ι
1998 4827 2190 4873 contra
2224 4831 2319 4869 eos
2346 4815 2726 4869 testimonium
2758 4830 2978 4868 versum
3008 4826 3114 4869 est.
3144 4815 3360 4868 Etenim
3387 4829 3536 4879 eum,

196 4918 450 4987 ρίσκουσι
478 4919 868 4991 μαρτυροῦντα
899 4922 1029 4991 περὶ
1056 4918 1321 4991 Χριστοῦ,
1354 4920 1451 4974 καὶ
1475 4919 1550 4992 μὴ
1575 4922 1654 4983 είς
1684 4920 1776 4972 tau

1961 4926 2079 4963 uetn
2109 4925 2207 4977 pro
2234 4906 2381 4961 fideli
2435 4905 2735 4969 habebant,
2803 4906 3092 4960 inveniunt
3144 4905 3410 4977 praeclara
3459 4919 3541 4961 tc-

194 5012 289 5064 τὸν
327 5013 560 5067 ἕλκοντα
579 5013 679 5084 τὴν
701 5016 895 5085 τιμήν.

1993 5005 2053 5057 tri
2096 5003 2161 5056 de
2216 5001 2460 5065 Christo,
2527 5010 2581 5054 et
2620 5016 2727 5055 non
2779 5000 2881 5054 sibi
2916 5001 3021 5070 ipsi
3085 5003 3350 5054 [tenorem
3383 5002 3573 5066 arro;

1919 5112 2073 5168 gare.

212 5230 215 5231 ν
273 5217 293 5251 ι
336 5198 443 5251 Καὶ
457 5199 755 5270 ἠρώτησαν
781 5198 947 5251 αὐτόν
968 5214 981 5228 ·
1012 5197 1079 5251 Τί
1112 5190 1245 5263 οῦν;
1281 5195 1473 5259 Ἠλίας
1500 5190 1551 5249 εἴ
1578 5195 1676 5262 σῦς
1704 5197 1792 5249 Κα

1998 5191 2162 5245 Vens.
2214 5191 2413 5245 2l-25.
2470 5208 2488 5240 ι
2552 5190 2618 5243 Et
2656 5190 3139 5259 interrogaverunt
3192 5206 3317 5245 eum
3357 5190 3542 5257 :Quitl

191 5292 347 5362 λέγει
371 5310 385 5323 ·
420 5293 535 5345 Οὐκ
566 5291 706 5361 είμί.
768 5290 828 5345 '0
860 5292 1157 5361 προφήτης
1190 5284 1243 5341 εἴ
1274 5290 1339 5341 σύ
1365 5307 1379 5353 ;
1439 5290 1549 5342 Καὶ
1577 5290 1764 5356 ἁπεκρ

1964 5287 2099 5358 rgo?
2132 5286 2277 5339 Elias
2309 5300 2369 5339 es
2416 5284 2510 5337 tu?
2540 5283 2604 5337 Et
2637 5285 2772 5337 dicit
2804 5302 2817 5338 :
2859 5286 2976 5337 Non
3021 5300 3164 5339 sum.
3212 5284 3283 5338 Es
3326 5298 3378 5338 ιιι
3415 5301 3544 5356 pro-

198 5390 271 5459 οη
294 5406 307 5419 ·
342 5386 440 5443 Ob.
478 5383 644 5440 Εἶπον
677 5385 773 5439 οὖν
805 5384 989 5455 αὐτῷ’
1024 5385 1121 5448 Τίς
1146 5381 1217 5447 εἷ,
1272 5385 1360 5436 ἵνα
1391 5384 1689 5452 ἀπόκρισιν
1708 5381 1778 5434 δῶ

1962 5384 2086 5433 heta
2115 5378 2255 5434 ille?
2298 5377 2363 5432 Et
2399 5378 2681 5447 respondit
2717 5397 2730 5433 :
2770 5376 2913 5431 Non.
2963 5377 3234 5431 Dixerunt
3278 5394 3409 5447 ergo
3448 5380 3495 5433 ei
3526 5396 3540 5432 :

202 5501 307 5553 μεν
337 5484 453 5546 τοῖς
488 5480 775 5551 πέμψασιν
810 5482 1001 5552 ﬁnde;
1035 5481 1101 5533 Τί
1132 5480 1313 5548 λέγεις
1365 5479 1497 5549 περὶ
1532 5478 1767 5531 σεαυτοῦ

1965 5475 2059 5536 ηιῑίε
2098 5490 2179 5534 es.
2225 5484 2285 5528 nt
2322 5488 2649 5541 responsum
2704 5472 2899 5527 demus
2948 5474 3054 5534 his,
3101 5473 3194 5542 qui
3242 5490 3342 5527 nos
3376 5476 3545 5530 misc-

200 5576 352 5645 Ἔφη
372 5590 385 5604 ·
438 5573 579 5643 Ἐγὼ
606 5575 762 5645 φωνὴ
790 5573 1024 5643 βοῶντος
1058 5578 1115 5625 ὲν
1145 5576 1213 5644 τῇ
1266 5573 1465 5642 ἐρήμῳ
1485 5588 1497 5601 ·
1533 5571 1780 5625 Εὑθύνατ

1962 5568 2093 5620 unt?
2117 5568 2255 5634 Quid
2284 5567 2425 5621 dicis
2447 5570 2511 5619 de
2534 5574 2585 5619 te
2625 5566 2741 5636 ipso
2764 5565 2787 5617 ?
2814 5568 2903 5620 Ait
2931 5586 2943 5621 :
2981 5566 3091 5637 Ego
3122 5584 3223 5622 rex
3248 5569 3542 5624 clamantis

197 5670 301 5740 τὴν
323 5669 443 5723 ὁδὸν
475 5670 708 5743 Κυρίου,
741 5667 927 5733 καθὼς
951 5664 1109 5721 εἶπεν
1141 5666 1368 5731 Ἡσαΐας
1395 5668 1424 5719 6
1457 5667 1771 5737 προφήτης.

1966 5678 1982 5715 ι
2014 5663 2234 5716 deserto
2271 5678 2285 5713 :
2314 5660 2544 5729 Dirigite
2583 5660 2725 5714 viain
2761 5662 2999 5727 Domini,
3032 5663 3175 5717 sicut
3208 5662 3345 5715 dixit
3373 5661 3546 5717 Isaias

202 5764 310 5815 Τὸν
359 5760 549 5816 Ἠλίαν
592 5762 945 5832 προσεδόκων
997 5760 1175 5831 ἥξειν,
1237 5760 1447 5831 ἀρχαία
1504 5760 1782 5831 παραδόσε

1969 5755 2222 5823 ropheta.
2266 5773 2285 5807 ι
2345 5755 2517 5809 Eliam
2567 5756 2965 5811 existimabant
3022 5767 3315 5810 venturum
3372 5757 3540 5811 veteri

204 5854 520 5925 πειθόμενοι
542 5872 557 5885 ⁸
588 5855 669 5908 διὸ
690 5856 971 5927 ἐρωτῶσιν
998 5855 1165 5909 αὐτὸν
1194 5857 1243 5909 εί
1271 5854 1420 5909 ἔστιν
1454 5853 1644 5916 Ἦλίας
1670 5870 1683 5882 ·
1720 5871 1784 5905 κα

1960 5851 2226 5905 raditione
2260 5850 2511 5921 persuasi
2545 5866 2559 5905 :
2597 5853 2738 5905 unde
2774 5862 3032 5919 quaerunt
3080 5867 3207 5904 unm
3249 5851 3323 5904 sit
3372 5852 3540 5908 Elias.

208 5949 317 6021 γάρ
339 5966 420 6004 τοι
454 5950 550 6005 καὶ
579 5952 609 6004 6
640 5952 755 6023 βίος
794 5951 959 6006 αὑτοῦ
994 5948 1159 6022 idmst
1190 5948 1269 6020 τῷ
1298 5947 1395 6003 τοῦ
1437 5946 1646 6003 Ἠλιοῦ.
1692 5948 1788 6019 Ἀρ

1963 5964 1996 6002 υ
2026 5945 2171 6017 quod
2202 5954 2257 6001 et
2299 5944 2408 5999 vita
2437 5944 2561 6015 ejus
2612 5944 2809 5999 similis
2840 5953 2958 6000 erat
2995 5944 3119 6000 vine
3165 5942 3317 5999 Elite.
3364 5941 3541 6011 Negat
