4000 6428
572 350 702 415 ιλιι

1453 349 2035 412 THEOPHYLACTI
2084 347 2493 408 BULGARLE
2535 347 2890 407 ARCHIEP.

3711 322 3828 414 1133

568 467 729 530 igitur
763 471 816 517 et
863 465 982 518 ltoc.
1022 484 1038 515 ι
1082 463 1344 532 Propheta
1405 464 1498 516 ille
1542 478 1602 516 es
1628 462 1726 517 tu?
1767 481 1785 512 ι
1827 461 1996 532 Negat
2042 460 2144 516 hoc

2249 464 2416 512 νεῖται
2443 455 2651 514 οὖνκαὶ
2681 461 2856 514 τοῦτο.
2898 479 2916 511 ι
2963 459 3022 512 '0
3074 461 3363 532 προφήτης
3406 455 3461 514 εἴ
3494 459 3605 526 at};
3641 483 3659 513 ι
3729 466 3839 536 ’Δρ-

564 562 754 616 etiam.
796 558 1006 611 tametsi
1053 557 1313 626 propheta
1364 565 1529 611 esset.
1581 556 1645 610 Et
1674 555 1941 624 quomodo
1978 554 2143 621 igitur

570 652 772 722 negat?
803 651 1120 717 Quomodo?
1153 650 1289 717 Quia
1341 666 1446 706 non
1479 651 1954 719 interrogaverunt
1995 662 2144 710 eum,

569 745 835 813 Propheta
886 741 981 796 es?
1016 745 1108 797 sed
1140 764 1154 797 ι
1195 762 1214 794 t
1245 739 1514 812 Propheta
1560 741 1647 795 ille
1676 739 1774 793 es?
1815 758 1834 790 ι
1887 741 2026 793 facta
2063 739 2146 793 iu-

570 834 938 902 tcrrogatione
985 851 1107 888 cum
1148 835 1412 898 articulo,
1461 833 1564 887 hoc
1605 842 1710 896 est,
1746 831 2008 904 pmpheta
2056 831 2145 884 ille

575 928 666 994 qui
696 928 1136 995 exspectabatur,
1169 927 1233 980 de
1263 941 1371 996 quo
1399 926 1534 980 dixit
1560 924 1759 990 Moses,
1793 923 2142 993 «Prophetam

567 1018 854 1073 suscitabit
892 1017 1043 1072 vobis
1095 1017 1351 1071 Dominus
1392 1018 1531 1072 Deus
1581 1018 1674 1070 ⁸⁸..
1709 1035 1727 1069 ι
1762 1016 1880 1072 Νοη
1928 1016 2146 1086 negavit

568 1113 750 1178 itaque
784 1106 1022 1164 Joannes
1055 1124 1116 1163 se
1145 1110 1468 1180 prophetam
1500 1125 1622 1164 esse
1646 1151 1660 1173 ,
1694 1111 1786 1164 sed
1821 1109 2142 1180 prophetam

567 1201 724 1271 521
783 1201 934 1254 illum
961 1241 978 1269 ,
1016 1201 1107 1270 qui
1144 1201 1587 1270 exspectabatur.
1625 1201 1761 1267 Quia
1811 1201 1957 1256 enim
1986 1201 2143 1255 audi-

566 1307 719 1350 crant
745 1294 928 1350 Mosen
958 1296 1224 1349 dicentem
1249 1295 1565 1364 prophetam
1589 1297 1982 1360 suscitandum,
2016 1311 2142 1364 spe-

570 1389 762 1443 rabant
803 1397 1024 1456 propter
1053 1387 1373 1440 occasiones
1408 1388 1667 1455 quasdam
1705 1387 1847 1441 hunc
1900 1388 2140 1442 futurum

569 1480 714 1531 illum
747 1478 1083 1546 prophetam.
1142 1473 1346 1528 Deinde
1374 1475 1568 1528 iterum
1601 1476 1824 1539 instant,
1863 1494 1882 1527 ι
1923 1474 2018 1530 Die
2049 1489 2144 1529 no-

567 1573 649 1624 his
673 1569 798 1638 quis
831 1584 888 1622 es
911 1569 937 1621 ἓ
971 1585 991 1618 ι
1023 1567 1179 1622 Tunc
1214 1569 1493 1637 respondit
1523 1569 1604 1623 eis
1643 1586 1656 1620 :
1695 1587 1712 1619 ι
1753 1569 1864 1638 Ego
1899 1585 1994 1622 vox
2033 1569 2142 1621 cla-

567 1664 766 1715 mantis
801 1662 852 1713 in
885 1660 1122 1714 deserto.
1156 1679 1176 1710 ι
1209 1657 1343 1731 Ego,
1370 1661 1566 1730 inquit,
1592 1675 1734 1726 sum,
1774 1662 1838 1714 de
1870 1676 1978 1729 quo
2002 1647 2140 1715 seri?

567 1763 714 1822 ptum
748 1764 870 1806 est:
913 1771 929 1803 ι
976 1752 1085 1807 V'ox
1117 1752 1478 1807 clamantisin
1511 1753 1746 1807 deserto.
1784 1772 1804 1805 ι
1841 1751 1954 1806 Nisi
1997 1751 2140 1806 enim

568 1848 832 1918 adjeceris
858 1888 871 1910 ,
897 1865 915 1897 ι
941 1848 1006 1900 de
1039 1849 1147 1914 quo
1177 1847 1434 1913 scriptum
1465 1853 1567 1908 est,
1592 1863 1610 1895 ι
1636 1844 1867 1899 absurda
1897 1845 2147 1912 quaedam
2178 1824 2216 1880 Β

567 1943 842 1995 videretur
887 1938 1153 1992 sermoois
1205 1938 1568 1991 constructio.
1616 1935 1754 2002 Quid
1804 1947 1985 1990 autem
2033 1937 2146 1989 ela-

567 2031 761 2086 mautis
785 2031 810 2082 ?
851 2047 868 2079 ι
917 2027 1140 2097 Dirigite
1169 2028 1308 2081 viam
1344 2027 1579 2081 Domini.
1619 2045 1643 2078 ›
1681 2026 1902 2089 Servus,
1946 2027 2143 2096 inquit,

566 2140 707 2188 sum,
728 2133 783 2176 et
813 2121 924 2175 vias
950 2135 1194 2190 praepara
1220 2118 1477 2183 Domino,’
1497 2118 1656 2172 corda
1685 2129 1884 2172 vestra.
1914 2117 2146 2173 Proinde

566 2216 653 2268 illa
713 2215 874 2269 facile
925 2225 1094 2276 recta,
1131 2212 1300 2267 doiosi
1347 2226 1445 2266 vos
1492 2220 1546 2265 et
1592 2209 1815 2280 obliqui,
1867 2219 1921 2264 et
1982 2210 2142 2264 facite

566 2321 740 2376 :equa,
773 2306 846 2359 ita
883 2314 942 2357 ut
974 2304 1241 2356 Dominus
1269 2301 1518 2354 Christus
1551 2314 1646 2369 per
1684 2314 1777 2354 vos
1811 2299 1917 2353 iter
1962 2297 2142 2352 faciat.

567 2401 699 2455 Post
742 2401 860 2454 lucc
903 2397 1108 2451 inducit
1139 2396 1336 2450 lsaiam
1371 2404 1581 2448 testem.
1617 2392 1748 2446 Nam
1774 2407 1896 2447 cum
1939 2393 2147 2461 magni-

568 2496 665 2548 fica
710 2494 938 2546 dixisset
973 2492 1036 2542 de
1083 2487 1303 2542 Gbristo
1346 2487 1488 2556 quod
1537 2486 1796 2540 Dominus
1836 2495 2001 2552 esset,
2033 2486 2147 2554 ipse

566 2601 694 2639 vero
723 2582 865 2636 seni
910 2593 965 2636 et
1009 2581 1276 2651 prmconis
1322 2580 1660 2649 suscepisset
1695 2595 1852 2648 opus,
1903 2578 2145 2649 confugit

568 2680 631 2730 ad
665 2677 1001 2745 prophetam.
1035 2673 1304 2727 Fortassis
1336 2683 1516 2726 autem
1545 2671 1665 2740 quis
1714 2674 1793 2727 sic
1811 2673 2148 2742 exposuerit,

575 2791 592 2821 ι
627 2771 738 2840 Ego
767 2784 868 2822 vox
905 2767 1213 2830 clamantis,
1248 2784 1265 2815 ι
1305 2766 1406 2818 hoc
1436 2763 1685 2832 cstzEgo
1720 2780 1837 2817 sum
1872 2780 1971 2817 vox
1992 2763 2149 2817 Chri-

568 2864 636 2917 sti
685 2859 994 2925 clamantis,
1042 2857 1092 2911 id
1144 2867 1247 2920 est,
1277 2857 1561 2911 veritatem
1611 2856 1896 2909 manifeste
1941 2870 2150 2907 anuun-s

570 2956 773 3009 liautis.
808 2953 1010 3008 Omnes
1042 2951 1182 3003 enim
1217 2951 1308 3018 qni
1353 2951 1404 3002 in
1436 2950 1549 3017 lege
1583 2960 1760 3013 erant,
1795 2949 2062 3003 submisse
2095 2958 2149 3000 et

567 3047 843 3101 humiliter
875 3043 1162 3108 sonabant,
1190 3050 1375 3110 utpote
1401 3043 1490 3110 qni
1525 3042 1760 3095 nondum
1785 3047 2147 3107 pervenerant

566 3142 631 3192 ad
668 3148 878 3206 tempus
914 3135 1249 3206 Evangelicm
1289 3134 1553 3187 veritatis.
1602 3133 1668 3187 Et
1717 3136 1829 3189 haec
1867 3148 1998 3188 sane
2026 3143 2145 3188 erat

567 3231 715 3284 vocis
763 3231 969 3284 rnditas
1017 3230 1071 3283 in
1120 3228 1287 3292 Mose,
1344 3230 1468 3298 quia
1519 3227 1602 3282 lex
1649 3230 1878 3282 obscura
1916 3236 2055 3291 erat,
2090 3235 2144 3281 et

569 3338 676 3376 non
710 3322 1017 3375 manifesta.
1039 3321 1493 3376 Christus‘autem
1528 3334 1647 3372 cum
1681 3320 1752 3374 sit
1785 3321 1982 3373 veritas
2006 3320 2142 3388 ipsa,

567 3424 621 3468 et
655 3414 944 3467 annuntiet
981 3413 1136 3467 nobis
1170 3413 1349 3466 omnia
1386 3427 1506 3481 qua:
1541 3412 1736 3473 Patris,
1770 3411 2011 3466 clamans
2039 3422 2142 3465 est.

567 3508 696 3561 Ideo
722 3503 960 3560 Joannes
991 3505 1118 3558 dicit
1149 3519 1159 3548 ε
1214 3504 1326 3572 Ego
1349 3519 1465 3558 smn
1496 3518 1597 3556 vox
1637 3501 1799 3557 Verbi
1836 3501 2144 3569 clamantis,

568 3609 793 3650 versans
825 3594 876 3647 in
918 3595 1152 3648 deserto.
1218 3593 1420 3650 Deinde
1478 3595 1721 3662 sequitur
1753 3591 1894 3645 aliud
1947 3591 2147 3660 princi-

570 3688 745 3756 pium,
789 3704 806 3736 ι
850 3685 1074 3755 Dirigite
1111 3685 1252 3738 viam
1286 3685 1520 3737 Domini.
1565 3702 1582 3734 ι
1621 3683 1812 3737 Merito
1844 3692 2023 3736 autem
2063 3683 2146 3735 di-

566 3781 707 3832 citur
732 3775 968 3831 Joannes
999 3793 1123 3840 vox,
1154 3791 1216 3830 eo
1252 3778 1392 3846 quod
1422 3776 1734 3830 Prmcursor
1763 3787 1880 3830 erat
1914 3774 2142 3838 Christi,

567 3870 706 3924 sicut
745 3878 798 3922 et
833 3883 935 3922 vox
979 3867 1203 3922 verbum
1238 3848 1541 3936 praecurrit.
1579 3867 1645 3920 Et
1699 3876 1761 3920 ut
1808 3867 2147 3920 manifestius

566 3963 782 4015 dicant:
810 3960 924 4016 Vox
973 3961 1187 4031 quidem
1226 3968 1310 4015 est
1339 3961 1563 4029 spiritus
1606 3958 2005 4022 inarticulatus,
2054 3958 2144 4027 qui

567 4069 594 4104 a
626 4062 842 4122 pectore
869 4053 1146 4122 egreditur
1181 4069 1195 4106 :
1230 4053 1448 4120 quando
1489 4061 1666 4105 autem
1714 4051 1894 4120 lingua
1944 4051 2150 4104 articu-

567 4148 730 4209 latnr,
786 4155 911 4199 tunc
982 4145 1040 4198 ﬁt
1095 4146 1340 4199 verbum.
1399 4145 1639 4198 Primum
1701 4144 1865 4212 igitur
1913 4159 2040 4207 vox,
2091 4151 2146 4198 et

565 4239 761 4292 deinde
795 4238 1040 4291 verbum.
1078 4236 1234 4290 Prior
1270 4235 1528 4304 Joannes,
1565 4246 1620 4292 et
1662 4237 1860 4291 deinde
1893 4236 2144 4290 Christus

567 4328 864 4382 sccondum
899 4328 1187 4381 adventum
1223 4329 1276 4381 in
1313 4343 1494 4382 carne.
1529 4329 1594 4381 Et
1624 4328 1894 4395 baptisma
1923 4328 2140 4396 quidem

565 4418 791 4471 Joannis
838 4433 944 4470 non
995 4428 1109 4471 erat
1157 4419 1500 4472 articulatum
1535 4431 1549 4476 :
1585 4435 1690 4471 non
1714 4419 1854 4473 enim
1892 4418 2053 4472 fiebat
2087 4419 2139 4472 in

2250 556 2419 607 νεῖται
2454 557 2548 607 καὶ
2577 553 2755 619 τοῦτο,
2808 558 2986 606 καίτοι
3019 571 3082 622 γε
3137 553 3425 624 προφήτης
3454 550 3548 625 ἦν.
3585 555 3713 617 Πῶς
3757 557 3840 610 οὖν

2249 633 2491 718 ἀρνεῖται
2511 664 2524 710 ς
2552 647 2678 709 Πῶς
2699 663 2716 708 ;
2742 646 2864 699 Ὀτι
2888 647 2986 698 οὐκ
3015 646 3307 716 ἠρώτησαν
3327 647 3516 704 αὑτὸν.
3550 649 3596 699 Π
3608 650 3841 718 ρσφήτης

2250 735 2299 790 εἴ
2333 739 2433 804 σύ;
2473 739 2611 804 ἀλλ’,
2654 759 2672 789 ι
2714 739 2774 792 ’0
2805 739 3090 808 προφήτης
3140 736 3227 800 ei;
3263 759 3282 791 ›
3321 744 3463 810 μετὰ
3495 741 3622 800 τοῦ,
3660 761 3677 791 ι
3715 744 3741 793 ό
3767 783 3781 800 ,
3818 762 3836 793 ›

2249 831 2455 904 ἄρθρου
2484 831 2846 901 ποιησάμενοι
2877 830 2975 902 τὴν
3001 831 3294 901 ἐρώτησιν,
3326 833 3451 884 ἀντὶ
3487 833 3608 895 τοῦ,
3643 835 3838 896 ἐκεῖνος

2248 926 2277 977 ό
2306 925 2590 994 προφήτης
2620 926 2646 976 ὁ
2689 922 3163 993 προσδοκώμενος,
3215 924 3274 976 δν
3315 922 3438 976 εἶπε
3483 928 3723 996 Μωσῆς,
3769 931 3840 980 ὅτι

2255 1035 2279 1068 ι
2307 1016 2604 1086 Προφήτην
2632 1015 2761 1084 ὑμῖν
2810 1017 3107 1083 ἀναστήσει
3142 1016 3346 1084 Κύριος
3374 1018 3402 1068 ὁ
3439 1018 3605 1079 Θεός.
3649 1038 3667 1068 ι
3739 1021 3840 1070 03::

2245 1108 2520 1178 ἠρνήσατο
2571 1103 2718 1162 οὖνὸ
2783 1107 3036 1179 Ἰωάννης
3067 1107 3127 1160 τὸ
3173 1110 3466 1179 προφήτης
3514 1107 3684 1168 εἶναι,
3720 1112 3843 1162 ἀλλὰ

2246 1202 2330 1266 τὸ,
2391 1220 2415 1254 ι
2463 1204 2492 1254 δ
2545 1202 2868 1272 προφήτης,
2908 1219 2927 1250 ι
3009 1201 3217 1263 ἐκεῖνος
3271 1203 3298 1254 ὁ
3360 1203 3840 1273 προσδοκώμενος.

2259 1294 2414 1347 Ἐπεὶ
2443 1294 2552 1366 γὰρ
2578 1296 2817 1366 ἥκουσαν
2842 1294 3092 1356 Μωσέως
3122 1295 3394 1358 εἰπόντος,
3432 1299 3518 1349 ὅτι
3559 1300 3844 1368 προφήτης

2245 1387 2631 1457 ἀναστήσεται,
2650 1385 2878 1457 ήλπιζον
2906 1387 3048 1440 κατά
3071 1404 3221 1450 τινας
3251 1388 3485 1458 καιροὺς
3515 1391 3848 1458 γενήσεσθαι

2245 1479 2434 1531 τοῦτον
2462 1479 2558 1531 τὸν
2588 1479 2899 1548 προφήτην.
2927 1474 3058 1530 Εἶτα
3090 1479 3251 1530 πάλιν
3305 1480 3627 1532 ἐπίκεινται
3656 1498 3668 1511 ·
3719 1481 3845 1535 Εἰπὲ

2244 1567 2338 1624 οὖν
2371 1573 2522 1641 ήμῖν,
2557 1571 2638 1632 τίς
2673 1566 2756 1634 εἶ;
2793 1569 2926 1621 Τότε
2958 1569 3318 1639 ἀποκρίνεται
3363 1571 3591 1632 αὐτοῖς·
3645 1590 3664 1622 ι
3716 1565 3852 1638 Ἐγὼ

2247 1665 2400 1734 φωνὴ
2454 1660 2687 1734 βοῶντος
2717 1663 2777 1714 ἐν
2803 1663 2869 1732 τῇ
2900 1662 3114 1731 ἐρήμῳ.
3153 1680 3171 1712 ι
3236 1661 3380 1728 Ἐγὼ
3405 1702 3418 1724 ,
3475 1665 3679 1733 φησὶν,
3717 1668 3850 1730 εἰμὶ,

2248 1756 2375 1824 περὶ
2402 1750 2461 1807 οὗ
2496 1756 2810 1824 γέγραπται
2831 1769 2845 1783 ο
2881 1773 2897 1804 ι
2938 1755 3094 1824 Φωνὴ
3125 1752 3359 1822 βοῶντος
3386 1755 3446 1805 ὲν
3479 1757 3547 1824 τῇ
3584 1757 3802 1825 ἐρήμῳ.
3830 1778 3844 1806 ι

2248 1849 2308 1900 Εἰ
2347 1847 2420 1918 μὴ
2469 1848 2578 1917 γάρ
2622 1846 2952 1916 προσθήσεις
2981 1846 3063 1904 τὸ,
3104 1865 3123 1896 ‹
3167 1846 3293 1914 περὶ
3344 1839 3406 1900 οὗ
3437 1846 3789 1916 γέγραπται,
3828 1867 3847 1899 ›

2246 1941 2441 2003 ἀτοπός
2475 1957 2555 2001 τις
2592 1940 2844 2006 φαίνεται
2898 1939 2930 2008 ή
2987 1938 3083 1991 τοῦ
3133 1938 3295 2006 λόγου
3352 1939 3642 2003 σύνταξις.
3682 1941 3748 1991 Τί
3798 1941 3854 1993 δὲ

2248 2031 2507 2101 ﬁctio/tog;
2557 2051 2573 2082 ι
2610 2030 2880 2083 Εὐθύνατε
2903 2032 3002 2100 τὴν
3025 2030 3139 2083 ὁδὸν
3166 2030 3392 2100 Κυρίου.
3434 2050 3452 2082 ι
3489 2032 3719 2096 Δοῦλος,
3757 2050 3851 2100 φη-

2247 2124 2352 2186 civ,
2410 2124 2546 2192 εἰμὶ,
2605 2124 2699 2175 καὶ
2736 2122 3080 2191 προοδοποιῶ
3116 2121 3193 2190 τῷ
3233 2122 3424 2192 Κυρίῳ
3475 2123 3582 2186 τὰς
3616 2125 3848 2195 καρδίας

2247 2215 2420 2285 ὑμῶν.
2461 2215 2734 2268 Εὐθύνατε
2765 2210 2858 2267 οὖν
2905 2216 3131 2278 ταύτας,
3166 2217 3220 2267 oi
3249 2215 3458 2267 σκολιοὶ⁵
3511 2218 3613 2269 καὶ
3663 2219 3847 2280 δόλιοι,

2244 2303 2340 2356 καὶ
2366 2302 2686 2370 όμαλίσατε,
2718 2302 2856 2355 ὥστε
2879 2302 2997 2356 ὁδὸν
3029 2304 3283 2371 γενέσθαι
3313 2305 3390 2373 τῷ
3410 2308 3610 2378 Κυρίῳ
3633 2309 3850 2378 Χριστῷ

2245 2394 2313 2447 δι’
2339 2394 2514 2463 ὑμῶν.
2548 2390 2681 2449 Εἶτα
2701 2396 2982 2464 ἐπεισάγει
3004 2397 3096 2448 τὸν
3148 2395 3386 2450 Ἡσαΐαν
3421 2400 3712 2469 μάρτυρα.
3743 2402 3846 2454 Με-

2247 2487 2389 2554 γάλα
2419 2486 2528 2556 γὰρ
2558 2486 2730 2540 εἰπὼν
2762 2490 2894 2559 περὶ
2919 2487 3014 2542 τοῦ
3047 2489 3312 2559 Χριστοῦ,
3347 2492 3427 2543 ὅτι
3462 2492 3680 2562 Κύριός
3706 2495 3843 2551 ἐστι,

2248 2578 2340 2630 καὶ
2370 2579 2446 2629 ὅτι
2481 2578 2643 2641 αὐτὸς
2676 2578 2864 2632 δούλου
2893 2581 2989 2633 καὶ
3035 2582 3277 2651 κήρυκος
3309 2581 3473 2651 ἔργον
3517 2588 3843 2658 μεταχειρί-

2248 2668 2421 2735 ζεται,
2455 2670 2794 2739 καταφεύγει
2828 2672 2920 2723 ἐπὶ
2946 2673 3037 2724 τὸν
3071 2674 3381 2743 προφήτην,
3407 2675 3566 2744 Τάχα
3593 2677 3640 2728 δ’
3671 2679 3740 2730 ἄν
3771 2697 3846 2739 τις

2247 2763 2330 2827 τὸ,
2366 2781 2382 2813 ι
2429 2761 2573 2830 Ἐγὼ
2632 2763 2785 2832 φωνὴ
2823 2763 3081 2832 βοῶντος,
3121 2785 3138 2816 ι
3201 2765 3374 2828 οὕτως
3426 2768 3846 2836 ἑρμηνεύσειεν,

2248 2852 2331 2905 ὅτι
2356 2851 2500 2920 Ἐγώ
2554 2854 2671 2920 εἰμι
2707 2853 2857 2922 φωνὴ
2885 2853 2978 2906 τοῦ
3032 2854 3268 2924 Χριστοῦ
3307 2856 3397 2909 τοῦ
3431 2859 3699 2927 βοῶντος,
3733 2880 3849 2914 του-

2248 2943 2418 3004 τέστι,
2465 2943 2560 2997 τοῦ
2591 2944 2688 3014 τὴν
2736 2944 2998 3014 ἀλήθειαν
3047 2949 3260 3017 τρανῶς
3294 2949 3739 3017 διαγγέλλοντος.
3790 2957 3846 3007 0i

2250 3034 2354 3105 μὲν
2384 3033 2490 3104 γὰρ
2515 3033 2607 3086 τοῦ
2639 3035 2803 3102 νόμου
2855 3034 3058 3098 πάντες
3095 3038 3436 3105 ἰσχνόφωνοι,
3471 3033 3563 3093 οἷα
3615 3043 3696 3112 μὴ
3754 3044 3845 3112 τῆς

2248 3119 2504 3190 ἀληθείας
2537 3120 2628 3172 τοῦ
2665 3120 2996 3190 Εὐαγγελίου
3034 3125 3224 3194 καιρὸν
3254 3127 3525 3196 ὲχούσης’
3563 3133 3852 3186 καὶτοῦτο

2245 3208 2313 3280 ἦν
2351 3213 2457 3282 ἄρα
2486 3210 2544 3264 τὸ
2579 3211 2908 3282 ἰσχνόφωνον
2961 3214 3058 3266 τοῦ
3119 3217 3484 3280 Μωσέωῃτὸ
3535 3223 3638 3275 τοῦ
3676 3224 3865 3291 νόμοίῖ

2248 3304 2564 3374 άτράνωτον
2594 3307 2688 3357 καὶ⁴
2737 3305 2969 3374 ἀσαφές.
3022 3307 3084 3358 '0
3119 3307 3176 3359 δὲ
3204 3310 3440 3378 Χριστὸς
3469 3307 3662 3384 οἷαδὴ
3699 3319 3855 3369 αὑτο-

2248 3394 2476 3464 αλήθεια
2501 3393 2596 3455 ὢν,
2639 3395 2731 3447 καὶ
2763 3395 2944 3448 πάντα
2977 3397 3111 3464 ἡμῖν
3141 3399 3491 3466 ἀπαγγείλας
3525 3404 3596 3454 τὰ
3615 3405 3713 3457 τοῦ
3751 3409 3854 3459 Πα-

2247 3487 2396 3557 τρὺς,
2432 3487 2571 3555 βοῶν
2600 3487 2768 3540 ἐστιν.
2813 3488 2872 3541 Ὀ
2909 3489 3090 3541 τοίνυν
3155 3491 3411 3562 Ἰωάννης
3455 3496 3669 3563 φησίν·
3718 3499 3855 3565 Ἐγὼ

2248 3581 2358 3650 εἰμι
2391 3582 2422 3651 ή
2469 3580 2623 3650 φωνὴ
2678 3579 2769 3632 τοῦ
2801 3581 2978 3648 Λόγου
3025 3581 3121 3634 τοῦ
3159 3582 3416 3650 βοῶντος,
3462 3587 3523 3636 ὲν
3553 3591 3625 3657 τῇ
3661 3591 3852 3659 ἐρήμῳ

2247 3673 2468 3740 διάγων.
2505 3671 2638 3726 Εἶτα
2669 3673 2765 3725 ἀπ’
2792 3673 2960 3745 ἄλλης
2991 3675 3167 3744 ἀρχῆς
3189 3689 3204 3705 ⁸
3245 3694 3264 3726 r
3301 3678 3581 3730 Εὐθύνατε
3614 3683 3717 3750 τὴν
3744 3683 3862 3734 60”.»

2245 3763 2337 3816 τοῦ
2371 3763 2597 3833 Κυρίου.
2647 3783 2662 3814 ι
2701 3763 2940 3827 Εἰκότως
2968 3764 3187 3830 λέγεται
3220 3767 3372 3837 φωνή
3400 3771 3426 3819 ὁ
3469 3768 3762 3842 Ἰωάννης,
3783 3775 3854 3836 ὡς

2253 3857 2568 3926 Πρόδρομος
2593 3855 2667 3908 ὢν
2693 3856 2785 3907 τοῦ
2807 3855 3069 3927 Χριστοῦ,
3107 3856 3298 3929 ὥσπερ
3327 3862 3420 3912 καὶ
3456 3861 3490 3931 ή
3529 3864 3694 3934 φωνὴ
3723 3882 3852 3933 προσ

2246 3947 2432 4015 τρέχει
2462 3944 2556 3996 τοῦ
2580 3945 2767 4010 λόγου·
2802 3941 2937 4007 οἷον,
2966 3946 3056 4000 ἵνα
3090 3949 3427 4016 σαφέστερον
3464 3954 3644 4015 εἴπω,
3702 3954 3852 4022 φωνὴ

2250 4037 2350 4104 μέν
2371 4038 2519 4088 ὲστιν
2561 4036 2780 4105 πνεῦμα
2824 4037 3216 4108 ἀδιάρθρωτον,
3278 4041 3307 4091 ὃ
3346 4043 3411 4092 ὲκ
3449 4043 3548 4095 τοῦ
3601 4044 3851 4112 θώρακος

2247 4128 2446 4190 ἔξεισιν
2469 4145 2481 4158 ·
2516 4129 2644 4180 ὅταν
2694 4129 2750 4180 δὲ
2782 4129 2888 4181 ὑπὸ
2917 4130 3017 4199 τῆς
3048 4130 3299 4201 γλώττης
3347 4134 3702 4206 διαρθρωθῇ,
3734 4141 3853 4191 τότε

2246 4221 2454 4289 γίνεται
2501 4219 2678 4288 λόγος.
2720 4221 2948 4291 Πρῶτον
2991 4221 3084 4275 οὖν
3137 4226 3373 4295 ἠφωνή,
3433 4226 3562 4281 εἶτα
3601 4233 3632 4282 ὁ
3666 4232 3847 4298 λόγος’

2248 4314 2514 4383 πρότερος
2539 4314 2816 4383 Ἰωάννης,
2855 4311 2975 4365 εἷτα
3009 4316 3245 4386 Χριστὸς
3281 4317 3426 4370 κατὰ
3456 4319 3560 4389 τὴν
3589 4323 3650 4373 ἐν
3687 4326 3847 4394 σαρκὶ

2247 4403 2575 4472 παρουσίαν.
2642 4406 2751 4457 Καὶ
2799 4405 2859 4456 τὸ
2911 4406 3011 4472 μὲν
3058 4406 3153 4459 τοῦ
3221 4409 3472 4462 Ἰωάννου
3535 4412 3846 4484 βάπτισμα,

570 4511 775 4577 Spiritu
815 4527 828 4562 :
857 4508 1056 4562 Christi
1087 4525 1213 4563 vero
1264 4510 1604 4564 :tt‘ticulatum
1635 4521 1772 4563 erat.
1823 4509 1964 4562 Nihil
1995 4510 2138 4563 enim

2250 4493 2658 4564 ἀδιάρθρωτον·
2696 4498 2757 4549 οὐ
2813 4497 2922 4566 γὰρ
2977 4494 3089 4569 εἶχε
3130 4500 3226 4564 τὸ,
3260 4519 3277 4551 ι
3325 4504 3384 4554 ἐν
3450 4503 3746 4573 Πνεύματι
3777 4523 3788 4533 ·
3828 4530 3844 4558 ι

567 4602 883 4653 umbrarum
923 4599 1014 4653 vel.
1056 4599 1348 4669 figurarum
1381 4601 1713 4665 continebat,
1763 4601 1855 4655 sed
1902 4600 2064 4653 fiebat
2093 4601 2143 4653 in

568 4693 791 4760 Spiritu.

644 4784 807 4836 Vens.
835 4785 927 4850 9.5,
959 4786 1050 4839 9.5.
1099 4806 1115 4837 ι
1168 4785 1229 4838 Et
1273 4788 1361 4854 qui
1395 4788 1543 4839 missi
1595 4789 1840 4853 fuerant,
1873 4799 2030 4841 erant
2077 4804 2138 4841 ex

574 4875 881 4938 Pharismis,
917 4891 966 4929 et
997 4877 1462 4941 interrogaverunt
1508 4893 1627 4929 eum
1673 4893 1733 4929 ac
1771 4879 2021 4930 dixerunt
2056 4879 2138 4930 ei:

571 4971 678 5019 tlnr
719 4986 844 5037 ergo
911 4969 1174 5035 baptizas,
1223 4969 1267 5021 si
1317 4979 1369 5020 tu
1417 4985 1518 5020 non
1551 4985 1608 5023 es
1641 4968 1913 5033 Christus,
1966 4985 2139 5037 neque

575 5061 737 5123 Elius,
773 5077 941 5128 neque
971 5067 1224 5127 propheta
1271 5060 1404 5112 ille?
1440 5080 1454 5109 ι
1492 5061 1779 5124 Postquam
1831 5077 1926 5130 per
1958 5061 2142 5113 adula—

572 5155 768 5206 tionem
800 5168 903 5204 non
940 5163 1230 5216 potuerunt
1261 5169 1382 5206 eum
1422 5152 1490 5204 ad
1530 5169 1655 5205 suos
1688 5162 1871 5221 partes
1902 5153 2140 5217 trahere,

572 5245 935 5298 atroeioribus
964 5254 1015 5297 et
1050 5246 1351 5297 minacibus
1382 5248 1558 5299 verbis
1591 5255 1816 5310 terrent,
1847 5256 1900 5298 ut
1939 5246 2146 5300 diceret

572 5340 710 5405 quod
760 5338 1027 5401 videbant,
1080 5347 1133 5389 et
1177 5339 1529 5390 conﬁteretur
1578 5353 1636 5390 se
1683 5351 1804 5392 esse
1841 5337 2141 5402 Christum,

569 5429 704 5492 Quid
733 5428 891 5495 igitur
925 5428 1161 5496 bupliZaS
1191 5428 1475 5481 idiuentcs
1497 5446 1510 5492 ',
1536 5427 1665 5494 Quis
1708 5430 1797 5483 tibi
1835 5430 1972 5481 hanc
1998 5429 2145 5483 dedit

571 5520 964 5585 ιιυιοτὶιιιιριιιῖ
999 5520 1315 5574 Ostenditur
1361 5532 1537 5574 autem
1603 5537 1666 5575 ex
1725 5524 1826 5576 hoc
1872 5536 2142 5583 sermone,

574 5609 695 5660 illos
726 5613 887 5660 ahum
927 5620 1139 5674 pntas:~c
1187 5624 1278 5665 ese
1310 5611 1611 5677 Christum,
1654 5622 1708 5668 et
1763 5612 1925 5664 alium
1964 5611 2138 5672 Illum,

645 5792 693 5822 ιδ
717 5791 869 5846 Deut.
908 5809 1062 5859 xuii,
1099 5794 1184 5846 18.

2247 4587 2308 4639 τὸ
2339 4587 2394 4639 δὲ
2429 4589 2522 4639 τοῦ
2584 4589 2857 4657 Χριστοῦ,
2917 4591 3326 4662 διηρθρωμένον
3351 4635 3364 4657 ,
3433 4598 3533 4649 καὶ
3573 4600 3732 4652 οὐδὲν
3758 4603 3844 4653 το)

2247 4682 2504 4744 σκιώδους
2545 4683 2638 4734 καὶ
2673 4683 2907 4737 τυπικοῦ
2964 4686 3120 4754 ἕχον·
3160 4706 3176 4737 ι
3219 4689 3276 4739 ἐν
3324 4689 3616 4758 Πνεύματι
3663 4714 3683 4744 ι

2324 4799 2339 4830 ι
2381 4781 2490 4834 Καὶ
2524 4782 2574 4833 οί
2598 4783 2998 4853 ἀπεσταλμένοι
3047 4780 3187 4854 ἦσαν
3223 4788 3284 4838 ἐκ
3318 4787 3430 4839 τῶν
3494 4791 3841 4860 Φαρισαίων·

2245 4872 2334 4923 καὶ
2374 4872 2663 4941 ἠρώτησαν
2685 4875 2868 4938 αὑτὸν,
2894 4879 2987 4926 καὶ
3022 4872 3175 4930 εἷπον
3206 4878 3356 4947 αὐτῷ
3378 4895 3391 4907 ·
3430 4880 3495 4930 Τί
3533 4879 3631 4932 οὖν
3669 4884 3845 4952 βαπτί-

2247 4964 2378 5027 ζεις,
2435 4968 2483 5016 εἰ
2539 4967 2599 5014 ς’)
2652 4967 2750 5017 οὐκ
2784 4964 2831 5018 εἷ
2875 4968 2903 5018 ὁ
2937 4969 3195 5036 Χριστὸς,
3229 4968 3352 5022 οὕτε
3406 4972 3632 5038 Ἠλίας,
3672 4977 3845 5028 οὓτεό

2251 5059 2571 5126 προφήτης;
2619 5078 2634 5107 ι
2689 5060 2906 5132 Ἐπειδὴ
2955 5061 3044 5114 διὰ
3091 5061 3384 5125 κολακείας
3435 5066 3542 5118 οὐκ
3586 5069 3846 5138 ἠδύναντο

2251 5149 2415 5200 αὑτὸν
2453 5149 2592 5200 ἑλεῖν
2617 5191 2630 5213 ,
2673 5149 2759 5201 διά
2797 5151 3180 5222 σκληροτέρων
3217 5157 3309 5206 καὶ
3357 5157 3844 5230 ἐπιπληκτικωτέ-

2257 5260 2364 5311 ρων
2395 5242 2565 5306 λόγων
2601 5243 2924 5310 ἐκφοϐοῦσιν
2947 5262 2958 5272 ·
2994 5246 3081 5298 ἵνα
3120 5247 3248 5317 εἴπῃ
3281 5247 3307 5298 ὃ
3339 5249 3561 5318 ἤθελον,
3599 5255 3841 5322 2116;40-

2244 5335 2448 5406 λπμγήσῃ
2480 5335 2666 5387 ἑαυτὸν
2693 5337 2942 5404 Χριστὸν,
2986 5357 3002 5388 ι
3029 5339 3095 5390 Τί
3124 5335 3215 5392 οὖν
3253 5339 3547 5408 βαπτίζεις
3579 5363 3624 5408 ;›
3675 5349 3848 5413 λέγεται

2244 5446 2364 5489 τες·
2397 5430 2474 5491 τίς
2509 5447 2587 5480 σοι
2622 5431 2890 5500 τοταὺτην
2921 5431 3173 5497 ἐξουσίαν
3209 5434 3444 5494 ἔδωκεν;
3488 5437 3662 5489 "(iam
3700 5441 3750 5493 δὲ
3791 5442 3847 5488 ἐκ

2247 5521 2338 5572 τοῦ
2369 5522 2525 5587 λόγου
2561 5521 2772 5584 τούτου,
2808 5524 3205 5593 δείκνυται,ὂτι
3230 5529 3388 5581 ἄλλον
3423 5529 3570 5583 εἶναι
3603 5535 3847 5602 ἐνόμιζον

2248 5615 2336 5664 τὸν
2375 5614 2626 5682 Χριστὸν,
2666 5617 2755 5667 καὶ
2797 5616 2954 5671 ἄλλον
2997 5619 3090 5671 τὸν
3138 5621 3605 5691 προσδοκώμενον
3643 5631 3844 5694 προφή-
