4000 6398
197 297 338 360 llG'l

902 293 1359 356 ENARRATIO
1401 291 1482 351 IN
1525 283 1817 350 EVANGE

1926 280 2031 339 [ΞΜ
2072 275 2424 339 JOANNIS.
2470 296 2536 307 -·
2586 271 2748 330 CM’.
2788 267 2836 324 Ῐ.

3375 247 3526 311 Ιίῖθ

182 437 309 490 την.
345 419 582 488 Λέγουσι
613 418 723 487 γάρ
743 431 754 443 ·
797 435 813 467 ι
843 416 904 468 Et
949 416 1021 468 ab
1049 417 1150 469 οὑκ
1179 409 1229 468 εί
1261 416 1290 467 ὁ
1319 411 1576 481 Χριστὸς,
1614 404 1738 459 οὑτε
1770 404 1798 456 6

1926 399 1996 468 lui
2043 391 2488 462 exspectabatur,
2542 390 2883 458 prOpbeIam.
2923 377 3296 436 Dicunt'enim
3333 392 3347 430 ε
3391 392 3410 425 ι
3453 373 3511 427 Si

190 517 517 585 προφήτης·
553 532 570 564 ι
605 511 791 581 ἕτερον
816 509 1067 573 νοοῦντες
1102 511 1196 561 τὸν
1237 500 1475 576 Χριστδν
1512 498 1672 562 εἶναι,
1704 500 1801 553 καὶ

190 605 353 658 ἄλλον
372 606 460 666 τὸν
481 604 786 673 προφήτην,
806 603 995 664 κακῶς
1021 602 1243 661 εἰδότες.
1276 600 1336 650 Ὀ
1355 600 1463 667 γὰρ
1509 598 1802 667 προφήτης

192 699 355 759 αὑτός
380 699 526 750 ἐστιν
544 696 570 747 6
595 696 831 764 Χριστὸς
854 696 948 748 καὶ
965 695 1100 758 Θεὸς
1117 693 1296 763 ἡμῶν.
1332 691 1516 744 Ταῦτα
1533 691 1588 742 δὲ
1620 691 1800 743 πάντα

193 792 404 858 ἔλεγον,
433 790 506 854 ὡς
531 789 688 857 ἔφην,
723 788 797 852 ὡς
824 772 1421 855 ἃνίέκαταναγκάσωσιν
1458 783 1801 854 ὁμολογῆσαι

195 884 391 936 ἑαυτὸν
423 883 656 952 Χριστόν
674 897 688 912 ·
719 881 918 950 μᾶλλον
939 879 1016 943 δὲ,
1039 881 1087 932 εί
1106 879 1212 949 χρὴ
1241 878 1301 931 τὸ
1334 877 1700 946 ἀληθέστερον
1724 874 1802 926 εί-

197 972 428 1036 ξῑείν,ὼς
467 971 852 1042 βασκαίνοντες
883 971 1050 1023 αὑτοῦ
1077 974 1176 1041 τῆς
1205 967 1682 1039 δόξης,ὲρωτῶσιν
1699 967 1801 1020 αὑ-

195 1068 312 1122 τόν.
351 1067 441 1118 Διὸ
476 1066 593 1118 οὐδὲ
614 1066 998 1128 πυνθάνονται,
1029 1062 1260 1125 εἱαὺτός
1291 1065 1439 1114 ἐστιν
1474 1063 1502 1112 6
1538 1058 1800 1129 Χριστὸς,

196 1159 358 1222 ἀλλὰ,
407 1178 424 1209 ι
457 1160 526 1212 Σὺ
561 1159 646 1222 τίς
698 1154 784 1224 ei;
815 1177 834 1209 ι
873 1158 1078 1210 ὡσανεὶ
1124 1156 1378 1224 λέγοντες
1403 1171 1416 1184 ·
1457 1153 1555 1216 Τίς
1597 1147 1651 1205 εἴ
1678 1152 1742 1204 σὺ
1775 1154 1804 1206 ὁ

195 1253 508 1322 τηλικούτῳ
537 1253 683 1320 ἔργῳ
717 1252 1035 1321 ἐπιχειρῶν,
1058 1249 1139 1320 τῷ
1171 1248 1458 1319 βαπτίζειν
1483 1247 1578 1300 καὶ
1611 1245 1806 1300 καθαί-

201 1363 320 1418 ρειν
344 1348 469 1407 τοὺς
499 1344 1071 1414 ὲξομολογουμένους;
1109 1346 1219 1396 Καὶ
1244 1343 1354 1412 γάρ
1394 1360 1482 1411 μοι
1517 1342 1803 1408 φαίνονται

199 1441 251 1491 οἱ
301 1439 544 1492 Ἰουδαῖοι
577 1438 824 1500 θέλοντες
870 1437 1007 1506 μηδὲ
1034 1437 1127 1488 τὸν
1159 1436 1414 1503 Ἰωάννην
1454 1432 1605 1496 δόξαι
1648 1431 1806 1502 παρὰ

201 1535 318 1595 τοῖς
351 1532 566 1594 πολλοῖς
601 1532 858 1602 Χριστὸν,
898 1530 1015 1584 ἀλλ’
1051 1530 1162 1582 ἀπὸ
1216 1530 1410 1598 φθόνου
1462 1530 1556 1580 καὶ
1593 1526 1806 1596 βασκα-

203 1625 328 1688 νίας
359 1626 576 1696 ἐρωτᾷν
630 1626 822 1677 αὐτόν·
869 1643 887 1674 ι
922 1624 995 1676 Σὺ
1042 1623 1125 1685 τίς
1159 1618 1245 1687 si;
1272 1642 1290 1674 ι
1337 1621 1806 1690 Καταρατῶτατοι

204 1718 409 1780 τοίνυν,
437 1719 485 1771 οἱ
515 1718 848 1788 βαπτίζοντα
880 1718 1308 1788 ὑποδεχόμενοι,
1344 1716 1511 1786 μεθ“ὃ
1533 1715 1589 1767 δέ
1618 1715 1809 1784 βαπτι·

221 1770 226 1771 ν
397 1770 409 1780 .
447 1770 456 1771 κ
515 1770 525 1788 ,
557 1770 562 1771 ν
696 1770 712 1780 .
1050 1770 1082 1788 ,,
1120 1770 1131 1786 ,
1298 1770 1308 1778 ,
1344 1770 1356 1786 ,
1618 1770 1627 1784 ,

207 1809 432 1870 σθῶσιν.
463 1809 928 1879 ἀγνωμονοῦντες,
966 1809 1136 1872 ὅντως
1167 1806 1482 1878 γεννήματα
1514 1807 1738 1876 ἐχιδνῶν
1756 1807 1807 1859 οἰ
1846 1770 1884 1822 Β

217 1898 487 1952 Ἰουδαῖοι.

286 2010 305 2042 ι
342 1992 644 2074 Ἀπεκρίθη
679 1993 863 2055 αὑτοῖς
887 1995 915 2046 ό
966 1994 1221 2060 Ἰωάννης
1271 1992 1447 2058 λέγων
1470 2009 1484 2022 ’
1534 1990 1682 2058 Ἐγὼ
1707 1989 1806 2060 βα-

208 2085 387 2149 πτίζω
418 2087 477 2137 ἐν
511 2083 703 2138 ὕδατι·
743 2084 910 2154 μέσος
953 2084 1010 2136 δὲ
1048 2083 1202 2150 ὑμῶν
1237 2085 1506 2152 ἔστηκεν,
1558 2082 1617 2134 ὃν
1649 2083 1808 2151 ὑμεῖς
1859 2083 1863 2104 ⁸

205 2179 308 2232 οὑκ
333 2179 542 2231 οἴδατεο
575 2179 739 2241 αὑτός
789 2178 940 2230 ἐστιν
970 2180 998 2231 6
1029 2178 1205 2231 ὀπίσω
1241 2195 1344 2246 μου
1391 2177 1710 2247 ἐρχόμενος,
1751 2175 1812 2239 ὂς

207 2269 520 2340 ἔμπροσθέν
577 2288 680 2340 μου
710 2271 958 2338 γέγονεν,
985 2265 1045 2324 οὗ
1085 2272 1185 2323 οὑκ
1210 2271 1326 2342 εἰμὶ
1354 2269 1523 2334 ἄξιος,
1555 2271 1640 2323 ἵνα
1663 2267 1812 2321 λύσω

209 2365 376 2417 αὑτοῦ
400 2364 493 2417 τὶν
519 2365 722 2434 ἱμάντα
745 2362 839 2417 τοῦ
871 2364 1273 2434 ὑποδήματος.)
1303 2363 1410 2416 Ἴδε
1436 2363 1531 2415 καὶ
1559 2361 1656 2432 τὴν
1678 2378 1812 2431 πρα-

207 2456 375 2525 ότητα
409 2456 503 2508 τοῦ
539 2456 715 2524 ἁγίου,
743 2459 839 2510 καὶ
857 2458 957 2526 τὴν
982 2456 1277 2528 ἀλήθειανο
1307 2457 1406 2525 τὴν
1450 2456 1568 2525 μὲν,
1599 2455 1683 2507 ὅτι
1714 2454 1810 2506 οὑ-

207 2547 297 2602 δὲν
323 2548 460 2620 πρὸς
483 2550 682 2610 αὐτοὺς
703 2551 878 2618 τραχὺ
902 2547 1228 2618 φθέγγεται,
1256 2549 1434 2601 καίτοι
1458 2547 1814 2617 ἐπηρεαστὰς

207 2641 398 2702 ὄντας·
435 2641 536 2710 τὴν
583 2641 640 2693 δέ
669 2640 951 2710 ἀλήθειαν,
997 2642 1081 2693 ὅτι
1141 2641 1358 2712 μάρτυς
1407 2642 1525 2694 ἐστὶ
1583 2640 1686 2709 τῆς
1716 2640 1811 2691 τοῦ

210 2731 449 2800 Χριστοῦ
477 2732 636 2801 δόξης
664 2733 1180 2804 εὑπαρῤησίαστος·
1209 2736 1306 2788 καὶ
1322 2735 1422 2786 οὑκ
1457 2734 1812 2802 ἀποκρύπτε-

208 2839 299 2876 ται
331 2822 430 2893 τὴν
480 2822 640 2888 δόξαν
689 2823 784 2876 τοῦ
839 2823 1084 2895 Κυρίου,
1131 2824 1309 2894 ἑαυτῷ
1351 2822 1814 2894 περιποιούμενος

211 2914 485 2980 εὔκλειαν,
517 2916 636 2970 ἀλλ’
673 2915 952 2988 ὁμολογεῖ,
989 2917 1070 2970 ὅτι
1100 2916 1247 2985 Ἐγὼ
1290 2917 1388 2986 μὲν
1435 2917 1691 2986 βαπτίζω
1720 2916 1812 2970 εύ-

209 3009 365 3071 τελὲς
397 3009 722 3079 βάπτισμα·
771 3013 828 3063 ἐν
886 3011 1039 3063 ῦδατι
1090 3011 1199 3080 γάρ
1257 3013 1423 3080 μόνῳ,
1469 3011 1571 3063 οὐκ
1618 3011 1814 3079 ἄφεσιν

212 3103 499 3173 ἁμαρτιῶν
553 3105 754 3173 ἔχοντι,
808 3103 944 3157 ἀλλὰ
1001 3105 1593 3174 προπαρασκευάζοντι
1634 3108 1711 3167 εἰς

211 3194 465 3261 δέξασθαι
497 3198 556 3251 τὸ
594 3200 969 3267 πνευματικὸν
1022 3199 1335 3269 βάπτισμα,
1385 3199 1446 3251 τὸ
1487 3198 1589 3268 τὴν
1624 3200 1820 3266 ἄφεσιν

212 3287 322 3341 τῶν
354 3288 642 3359 ἁμαρτιῶν
683 3290 1058 3361 δωρούμενον.
1100 3312 1118 3343 ι
1151 3292 1336 3355 Μέσος
1373 3291 1430 3343 δὲ
1467 3292 1621 3362 ὑμῶν
1654 3291 1821 3362 ἕστη-

215 3398 332 3442 κεν,
360 3381 418 3434 ὃν
465 3383 626 3450 ὑμεῖς
652 3383 752 3435 οὑκ
780 3384 990 3436 οἴδατε·
1030 3404 1048 3436 ι
1107 3385 1575 3453 ἀναμεμιγμένος
1603 3382 1712 3453 γὰρ
1744 3383 1824 3453 τῷ

218 3477 413 3546 πλήθει
439 3475 467 3528 6
497 3475 726 3543 Κύριος,
753 3477 1004 3544 ἠγνοεῖτο
1022 3476 1106 3540 τίς
1127 3477 1216 3547 εἴη
1265 3478 1360 3529 καλ⁸
1384 3478 1570 3530 πόθεν.
1597 3477 1752 3546 Τάχα
1777 3479 1821 3532 δ’

213 3566 281 3621 ἄν
307 3584 391 3629 τις
421 3567 585 3628 εῖποι,
614 3568 696 3621 ὅτι
728 3569 822 3620 καὶ
847 3567 970 3621 κατ’
1000 3567 1162 3622 ἄλλον
1191 3567 1396 3640 τρόπον
1429 3569 1593 3638 μέσος
1629 3569 1822 3622 ἵστατο

212 3661 325 3713 τῶν
345 3661 662 3731 Φαρισαίων
707 3663 735 3714 ό
769 3661 995 3731 Κύριος,
1025 3662 1142 3714 ἀλλ’
1175 3662 1407 3731 ἠγνόουν
1443 3662 1631 3715 αὐτόν.
1669 3660 1825 3714 Ἐπεὶ

213 3753 326 3824 γὰρ
346 3755 500 3808 αὑτοὶ
530 3755 628 3818 τὰς
662 3755 885 3826 Γραφὰς
919 3755 1140 3808 ἐδόκουν
1161 3755 1488 3826 ἐκμελετᾷν,
1522 3756 1580 3806 ἐν
1600 3755 1656 3807 δὲ
1690 3754 1825 3808 ταύ-

213 3865 337 3910 ταις
368 3848 779 3918 κατηγγέλλετο
808 3851 834 3901 ὁ
880 3849 1110 3919 Κύριος,
1158 3849 1326 3918 μέσος
1358 3849 1540 3902 αὑτῶν
1581 3843 1673 3917 ἦν,
1701 3865 1825 3902 του-

214 3940 422 4002 τέστιν,
448 3941 506 3994 ἐν
533 3944 654 4004 ταῖς
690 3941 946 4012 καρδίαις
992 3942 1198 4009 αὐτῶν,
1222 3942 1338 3996 ἀλλ’
1374 3941 1607 4011 ἠγνόουν
1638 3941 1823 4003 αὑτὸν,

213 4028 305 4085 οἷα
329 4032 404 4102 μὴ
428 4032 682 4096 νοοῦντες
714 4034 812 4095 τὰς
841 4034 1096 4103 Γραφὰς,
1119 4035 1169 4086 εί
1204 4034 1302 4087 καὶ
1328 4036 1385 4087 ὲν
1419 4035 1539 4096 ταῖς
1571 4033 1826 4104 καρδίαις

214 4126 422 4186 ταύτας
454 4122 622 4195 εἶχον.
671 4127 762 4196 Μή
806 4143 941 4178 ποτε
995 4127 1051 4179 δὲ
1091 4127 1188 4179 καὶ
1222 4126 1358 4179 καθὸ
1413 4127 1647 4196 μεσίτης
1687 4124 1824 4178 Θεοῦ

216 4220 314 4272 καὶ
345 4218 655 4290 ἀνθρώπων
682 4214 772 4290 ’ἦν
803 4221 829 4271 6
860 4219 1088 4290 Κύριος,
1137 4219 1305 4288 μέσος
1343 4218 1540 4271 ἵστατο
1574 4217 1686 4270 τῶν
1714 4218 1827 4269 thav-

219 4312 468 4381 ρισαίων,
502 4311 955 4377 ἀποκαταλλάξαι
989 4313 1161 4365 θέλων
1194 4312 1391 4374 αὐτοὺς
1423 4311 1501 4381 τῷ
1529 4311 1671 4380 Θεῷ,
1709 4309 1827 4364 ἀλλ’

216 4401 448 4471 ἠγνόουν
498 4403 684 4456 αὐτόν.
737 4401 991 4472 Συνεχῶς
1044 4402 1102 4454 δὲ
1135 4402 1320 4472 τίθησι
1347 4403 1442 4455 τόο
1487 4421 1504 4453 ι
1563 4402 1619 4454 'U
1648 4401 1827 4454 ὀπίσω

1911 509 1965 550 ιιι
2001 510 2106 548 non
2151 508 2209 545 es
2241 491 2520 551 Christus,
2557 499 2736 555 neque
2783 481 3050 550 propheta
3091 476 3182 530 ille
3227 494 3241 529 :
3289 491 3308 524 ι
3347 471 3514 555 alium

1908 587 2279 656 intelligentes
2312 582 2613 644 Christum,
2650 589 2705 632 et
2737 577 2903 629 alium
2955 570 3277 643 prophetam
3339 552 3515 656 illum,

1909 665 2050 734 male
2093 653 2420 732 sentientes.
2444 671 2580 726 Nam
2624 668 2890 736 propheta
2936 663 3045 728 ille,
3082 662 3200 731 ipse
3239 667 3325 712 est
3353 653 3517 709 Chri-

1908 783 2024 826 stus
2050 781 2104 822 et
2150 769 2292 821 Deus
2322 773 2528 818 noster.
2566 760 2732 832 522
2775 756 2900 810 Haec
2935 763 3118 808 autem
3150 749 3335 803 omnia
3364 747 3517 799 dice-

1909 867 2060 928 bant,
2097 865 2241 916 sicut
2293 861 2426 924 dixi,
2479 867 2537 911 ut
2568 862 2830 925 urgerent
2874 865 3001 903 cum
3041 845 3185 917 quod
3222 840 3518 898 conﬁtere-

1884 953 1999 1015 ἰιιι·
2032 975 2091 1012 se
2126 972 2250 1011 esse
2289 955 2593 1010 Christum.
2647 951 2761 1004 lino
2807 947 2851 1001 si
2887 943 3105 998 veriora
3151 940 3336 995 dicere
3368 935 3517 998 licet,

1908 1054 2066 1124 quasi
2094 1052 2404 1106 invidentes
2433 1049 2551 1117 ejus
2587 1047 2796 1116 glorim,
2830 1058 2952 1095 eum
2989 1039 3357 1105 interrogant.
3395 1031 3520 1084 Ideo

1912 1164 2018 1202 non
2051 1155 2304 1216 quaerunt
2333 1160 2458 1196 num
2488 1142 2602 1210 ipse
2633 1139 2707 1193 sit
2732 1135 3015 1195 Christus,
3047 1131 3140 1185 sed
3175 1146 3186 1181 :
3224 1148 3242 1180 ι
3281 1125 3362 1180 Tu
3397 1126 3522 1194 quis

1909 1242 2011 1298 es?
2041 1260 2058 1293 ι
2085 1238 2237 1310 quasi
2276 1236 2537 1297 dicentes,
2569 1232 2704 1299 Quis
2722 1246 2781 1286 es
2806 1239 2883 1293 tu,
2911 1227 3002 1296 qui
3038 1225 3145 1279 tale
3177 1236 3315 1293 opus
3343 1226 3523 1273 atten-

1912 1345 2018 1396 las,
2077 1331 2364 1399 baptizans
2410 1336 2468 1382 et
2525 1323 2823 1385 Duriﬂcans
2876 1316 3254 1374 confitentes?
3303 1313 3520 1367 Etenim

1913 1441 2087 1496 neque
2117 1424 2382 1478 Joannem
2415 1422 2560 1489 apud
2591 1417 2790 1473 inultos
2828 1430 2923 1485 pro
2939 1413 3161 1468 Christo
3198 1408 3392 1463 haberi
3420 1405 3521 1460 Ju-

1912 1519 2014 1572 d;ei
2068 1515 2198 1570 mihi
2248 1513 2386 1568 velle
2440 1512 2717 1572 videntur,
2761 1508 2857 1562 sed
2890 1521 2958 1560 ex
3007 1505 3178 1558 livore
3213 1511 3268 1555 et
3303 1499 3523 1554 invidia

1915 1614 2260 1678 interrogare
2312 1622 2461 1669 eum,
2513 1623 2530 1654 ι
2588 1601 2669 1657 Tu
2697 1602 2821 1671 quis
2871 1600 2976 1653 es?
3024 1618 3041 1650 ι
3077 1595 3316 1650 M-ixime
3359 1592 3526 1664 igitur

1916 1703 2190 1757 maledicti
2223 1698 2418 1764 Juda‘i,
2464 1706 2521 1752 et
2570 1711 2696 1750 vere
2725 1693 3015 1764 progenies
3052 1692 3386 1759 viperarum,
3420 1685 3513 1756 qui

1916 1798 2179 1853 Joannem
2199 1796 2420 1867 quidem
2445 1792 2813 1863 baptizautem
2842 1795 3210 1855 acceperunt:
3237 1790 3526 1855 postquam

1920 1902 2101 1945 autem
2127 1889 2382 1958 baptizati
2409 1897 2558 1948 sunt,
2597 1885 2798 1956 ingrati
2827 1884 3072 1937 fuerunt.

1997 1982 2158 2037 Vens.
2207 1981 2302 2046 9.6,
2327 1979 2419 2033 27.
2459 1997 2477 2027 ι
2524 1974 2830 2046 Respondit
2869 1974 2950 2028 eis
2980 1971 3245 2036 Joannes,
3279 1970 3472 2024 dicens
3511 1983 3526 2022 :

1922 2074 2036 2144 Ego
2081 2073 2297 2140 b‘lpllZO
2347 2072 2403 2124 in
2454 2083 2593 2138 aqua
2631 2085 2644 2121 :
2689 2069 2783 2121 sed
2835 2065 3047 2119 medius
3107 2075 3351 2118 vestrum
3396 2068 3526 2121 stat,

1921 2181 2086 2234 quem
2130 2178 2226 2218 vos
2261 2161 2478 2216 nescitis
2526 2180 2538 2215 :
2581 2161 2698 2230 ipse
2727 2169 2811 2214 est
2857 2159 2947 2228 qui
2982 2168 3106 2227 post
3144 2169 3234 2209 me
3263 2161 3531 2209 venturus

1920 2273 2028 2322 est,
2074 2259 2167 2328 qui
2209 2267 2334 2311 ante
2386 2271 2471 2309 me
2518 2255 2697 2309 factus
2749 2262 2854 2316 est,
2889 2251 3049 2321 cujus
3097 2265 3199 2318 ego
3248 2264 3356 2302 non
3409 2262 3530 2301 smn

1923 2353 2119 2421 dignus
2183 2358 2242 2403 ιιι
2292 2348 2497 2403 solvam
2550 2347 2670 2418 ejus
2716 2346 3010 2415 corrigiam
3064 2342 3446 2398 calceamenti.
3508 2360 3525 2391 ι

1925 2440 2064 2496 Vide
2107 2452 2161 2495 et
2200 2439 2673 2493 mansuetudinem
2725 2448 2779 2490 et
2817 2435 3106 2489 veritatem
3145 2435 3346 2488 sancti.
3376 2432 3530 2486 Mau-

1924 2534 2270 2588 suetndinem
2304 2532 2548 2601 quidem,
2577 2545 2642 2583 eo
2670 2532 2814 2599 quod
2853 2529 2989 2582 nihil
3022 2543 3280 2596 asperum
3330 2528 3395 2579 ad
3440 2541 3534 2580 eos

1925 2628 2184 2694 loquitur,
2202 2624 2452 2693 quamvis
2473 2623 2762 2678 insolentes
2788 2629 2991 2676 essent.
3007 2619 3300 2675 Veritatem
3327 2630 3534 2687 autrm,

1923 2722 2052 2789 quia
2105 2719 2420 2772 liberi-imus
2475 2717 2630 2770 testis
2679 2725 2800 2770 erat
2846 2716 3037 2786 gloriae
3075 2714 3307 2774 Christi.
3356 2729 3535 2784 neque

1929 2810 2140 2864 Domini
2184 2810 2414 2880 gloriam
2450 2809 2791 2871 occultabat,
2827 2817 2882 2862 ut
2919 2807 3021 2862 sibi
3060 2807 3403 2861 nobilitatem
3435 2822 3532 2876 pa-

1926 2917 2092 2964 reret,
2162 2905 2256 2958 sed
2292 2902 2659 2958 confitebatur
2696 2920 2708 2954 :
2739 2902 2852 2972 Ego
2899 2900 3117 2969 quidem
3159 2900 3377 2969 baptizo
3434 2902 3535 2953 im-

1926 2995 2170 3064 per-[emo
2203 2996 2475 3063 baptismo
2512 3012 2524 3046 :
2567 3009 2691 3047 nam
2729 2995 2781 3047 in
2820 2995 2935 3048 sola
2964 3009 3126 3064 aqua,
3161 3010 3266 3048 non
3305 2996 3537 3048 habente

1756 3105 1815 3156 τι,
1847 3134 1890 3189 C
1929 3103 2275 3160 peccatorum
2315 3089 2715 3151 remissionem,
2752 3092 2847 3143 sed
2879 3100 3228 3158 praeparante
3267 3089 3335 3141 ad
3365 3088 3539 3142 susci-

1926 3186 2185 3254 piendum
2236 3183 2525 3252 Spirituale
2577 3181 2846 3251 baptisma
2875 3221 2889 3246 ,
2932 3182 3079 3252 quod
3121 3181 3286 3237 donat
3329 3184 3496 3237 remis

1926 3279 2138 3333 sionem
2185 3287 2558 3347 peccatorum.
2603 3295 2620 3326 ι
2655 3275 2868 3330 Medius
2897 3284 3080 3330 autem
3124 3284 3372 3331 vestium
3404 3285 3536 3341 stat,

1927 3389 2089 3441 quem
2126 3387 2223 3426 vos
2270 3370 2515 3426 nescitis.
2559 3388 2578 3422 ι
2622 3368 2758 3424 Nam
2796 3369 3065 3424 Dominus
3111 3368 3445 3423 multitudini
3480 3385 3540 3422 se

1931 3467 2250 3530 miscuerat,
2278 3473 2334 3520 et
2373 3464 2730 3534 ignorabatur
2758 3464 2882 3533 quis
2913 3473 3059 3518 esset
3119 3472 3174 3517 et
3205 3465 3372 3520 unde.
3403 3461 3538 3516 For-

1931 3561 2098 3614 tassis
2146 3570 2328 3613 autem
2366 3557 2638 3628 quispiam
2685 3556 2884 3612 dixerit
2931 3555 3078 3625 quod
3126 3564 3182 3610 et
3223 3555 3331 3608 alio
3377 3556 3540 3610 modo

1933 3655 2146 3708 medias
2178 3652 2394 3706 steterit
2425 3653 2567 3705 inter
2601 3651 2908 3706 Pharismos
2938 3650 3226 3716 Dominus,
3261 3651 3358 3706 sed
3393 3651 3541 3720 igno-
3571 3667 3576 3674 ·

1933 3750 2106 3801 rarint
2147 3762 2296 3800 eum.
2338 3745 2476 3814 Quia
2510 3745 2657 3800 enim
2692 3745 3020 3801 videbantur
3069 3743 3391 3814 Scripturas
3423 3744 3538 3799 edi-

1929 3839 2150 3904 dicisse,
2186 3839 2387 3908 quibus
2436 3836 2800 3892 annuntiatus
2847 3835 2953 3890 fuit
3004 3835 3292 3903 Dominus,
3328 3837 3540 3891 medius

1933 3932 2032 3985 fuit
2085 3933 2227 3986 inter
2270 3945 2389 3996 eos,
2447 3931 2548 3984 hoc
2599 3939 2718 3996 est,
2752 3930 2804 3984 in
2849 3929 3115 3985 cordibus
3148 3945 3341 3985 eorum
3392 3948 3407 3984 :
3443 3932 3540 3985 sed

1933 4028 2254 4095 ignorabant
2283 4040 2433 4090 eum,
2463 4035 2721 4093 tanquam
2755 4037 2865 4078 non
2891 4023 3258 4093 intelligentes
3287 4023 3541 4093 Scriptu-

1934 4134 2064 4178 ras,
2121 4119 2373 4186 quamvis
2428 4117 2688 4172 cordibus
2745 4117 2864 4171 illas
2927 4125 3202 4171 tenerent.
3262 4116 3542 4173 Fortassis

1931 4219 2112 4266 autem
2144 4220 2199 4265 et
2231 4211 2531 4265 secundum
2564 4209 2706 4280 quod
2740 4210 3012 4266 mediator
3045 4209 3140 4266 Dei
3171 4221 3228 4265 et
3257 4212 3540 4266 hominum

1934 4303 2036 4358 fuit
2087 4304 2370 4363 Dominus,
2409 4304 2622 4360 medius
2654 4305 2806 4361 stetit
2853 4305 2998 4360 inter
3029 4304 3376 4371 Phariszeos,
3411 4322 3546 4362 con-

1934 4398 2126 4452 ciliare
2169 4395 2291 4451 illos
2318 4397 2509 4452 Valens
2553 4397 2683 4463 Deo,
2719 4397 2813 4452 sed
2850 4398 3178 4469 ignorabant
3204 4413 3351 4454 eum.
3393 4399 3544 4456 Con-

221 4510 324 4563 μου
346 4484 645 4564 ἐρχόμενος
665 4512 711 4547 ο»
732 4496 1120 4560 δεικνύων,ὅτι
1149 4497 1209 4549 οὑ
1237 4496 1589 4550 τελειωτικόν
1616 4500 1734 4550 ἐστι
1763 4496 1817 4548 τὲ

1937 4490 2087 4545 tinue
2141 4498 2323 4544 autem
2381 4492 2533 4559 ponit
2584 4490 2720 4548 hec:
2776 4509 2795 4542 ι
2837 4491 2939 4556 Qui
2983 4501 3106 4561 post
3154 4508 3240 4546 me
3279 4502 3546 4548 venturus

219 4587 384 4642 αὑτοῦ
423 4588 731 4659 βάπτισμα,
752 4588 892 4643 ἀλλὰ
925 4589 1420 4658 προοδοποιητικὺν
1450 4589 1546 4642 τοῦ
1577 4606 1828 4659 πνευμα-

219 4681 372 4735 τικοῦ
399 4682 802 4752 βαπτίσματος.
837 4683 911 4736 Τὸ
948 4683 1026 4747 δὲ,
1069 4703 1088 4735 ι
1129 4683 1488 4754 Ἐμπροσθέν
1529 4700 1633 4753 μου
1662 4684 1826 4750 γέγο-

221 4791 332 4839 νεν,
361 4788 385 4826 ἰ
417 4774 541 4828 ἀντὶ
563 4774 680 4836 τοῦ,
708 4776 1083 4848 ἐντιμότερος,
1109 4774 1480 4846 ἐνδοξότερος,
1511 4778 1606 4830 καὶ
1632 4773 1827 4828 τοσοῦ-

220 4884 334 4932 τον,
371 4866 514 4921 ὥστε
550 4868 672 4922 οὑδὲ
709 4869 767 4920 ἐν
817 4872 930 4932 τοῖς
966 4871 1221 4939 ἐσχάτοις
1272 4870 1381 4924 τῶν
1416 4872 1586 4926 αὑτοῦ
1623 4873 1829 4927 δούλων

223 4961 686 5034 καταριθμεῖσθαι
723 4980 792 5032 με
819 4979 831 4992 ·
883 4962 946 5015 τὸ
977 4962 1088 5032 γὰρ
1132 4963 1286 5016 λύειν
1317 4963 1381 5016 τὸ
1417 4965 1681 5038 ὑπόδημα
1727 4968 1829 5037 τῆς

223 5061 459 5130 ἐσχάτης
485 5060 760 5125 διακονίας
786 5060 954 5113 ἐστίν.
980 5055 1112 5113 Οἶδα
1131 5060 1188 5113 δὲ
1213 5061 1366 5131 παρά
1386 5079 1493 5114 τινι
1518 5062 1629 5114 τῶν
1655 5063 1829 5130 ἁγίων

222 5157 480 5225 τοιαύτην
516 5157 787 5225 ἀναγνοὺς
819 5156 1118 5228 ἐξήγησινο
1153 5156 1228 5209 Τὸ
1264 5157 1523 5226 ὑπόδημα
1611 5159 1694 5219 εἰς
1728 5157 1827 5228 τὴν

222 5253 335 5305 τῶν
367 5252 711 5323 ἁμαρτωλῶν
742 5252 943 5321 σάρκα,
982 5253 1083 5306 καὶ
1113 5255 1179 5322 τῇ
1215 5253 1394 5324 φθορᾷ
1425 5253 1824 5323 ὑποκειμένην,

225 5345 563 5415 λαμϐάνεται
596 5345 911 5417 πανταχοῦ·
967 5348 996 5398 6
1039 5346 1094 5400 δέ
1123 5348 1276 5414 ἱμὰς,
1315 5347 1480 5416 ἦτοιό
1509 5345 1708 5416 λῶρος,
1746 5349 1826 5409 είς

224 5439 318 5491 τὸν
365 5439 565 5506 δεσμὸν
608 5439 718 5492 τῶν
759 5439 1074 5510 ἁμαρτιῶν.
1125 5439 1183 5492 Ὀ
1215 5442 1396 5493 τοίνυν
1463 5440 1720 5510 Ἰωάννης
1767 5441 1827 5492 ἐν

231 5531 330 5598 μὲν
360 5532 472 5593 τοῖς
499 5529 705 5596 ἄλλοις,
731 5533 843 5594 ’.οῖς
876 5534 1343 5601 ἐκπορευομένοις
1374 5533 1511 5602 πρδς
1544 5532 1708 5585 αὑτὸν
1735 5534 1829 5586 καὶ

229 5622 772 5692 ἐξομολογουμένοις,
808 5625 961 5695 ἴσχυε
990 5625 1142 5678 λύειν
1163 5625 1253 5678 τὸν
1283 5627 1486 5694 ἱμάντα
1511 5624 1621 5677 τῶν
1649 5626 1830 5694 ἁμαρ·

229 5716 386 5765 cuin:-
433 5718 644 5786 σειραῖς
672 5718 780 5788 γὰρ
803 5719 912 5771 τῶν
939 5717 1160 5772 οἰκείων
1195 5718 1483 5787 ἁμαρτιῶν
1523 5719 1831 5787 σφιγγόμε-

238 5826 314 5861 um
341 5807 637 5877 ἐξῆζηχοντο
670 5811 806 5878 πρὶς
837 5811 1015 5864 αὐτόν·
1057 5811 1148 5865 καὶ
1168 5811 1255 5865 διὶι
1297 5810 1388 5863 τ’νῦ
1417 5811 1490 5872 εἰς
1536 5811 1830 5878 μετάνοιαν

1935 4594 2065 4639 est:
2116 4604 2134 4635 ι
2176 4589 2474 4640 ostendens
2521 4586 2663 4654 quod
2697 4599 2873 4654 neque
2915 4585 3219 4657 perfectum
3273 4604 3434 4643 suum
3473 4588 3547 4644 sit

1938 4681 2226 4748 baptisma,
2273 4679 2628 4764 sed.tantum
2680 4681 2942 4750 praevium
2995 4682 3062 4736 ad
3114 4684 3404 4752 spirituale
3453 4685 3548 4739 ba-

1937 4775 2158 4844 ptisma.
2201 4793 2220 4825 ‹
2258 4776 2398 4830 Ante
2430 4791 2514 4828 me
2547 4774 2726 4829 iactus
2768 4785 2876 4838 est,
2917 4794 2932 4825 ι
2973 4774 3077 4830 hoc
3108 4787 3214 4843 est,
3247 4778 3464 4850 dignior
3491 4789 3547 4833 et

1937 4869 2249 4938 gloriosior,
2302 4868 2358 4921 iu
2402 4878 2611 4922 tantum
2651 4877 2708 4921 ut
2737 4883 2839 4938 ego
2870 4882 2956 4923 me
2999 4885 3107 4922 non
3141 4870 3317 4925 ausim
3358 4888 3547 4925 nume-

1937 4977 2062 5016 rare
2098 4962 2180 5015 Vel
2232 4962 2283 5015 in
2321 4961 2528 5016 ultimis
2569 4961 2690 5031 ejus
2723 4963 2919 5017 servis.
2972 4961 3200 5019 Solvere
3229 4965 3378 5020 enim
3417 4967 3547 5020 cal-

1933 5075 2094 5113 ceum
2155 5057 2388 5112 extremi
2420 5057 2714 5112 ministerii
2755 5065 2862 5112 est.
2897 5055 3024 5112 Seio
3057 5068 3240 5112 autem
3279 5074 3367 5114 me
3403 5060 3547 5130 apud

1937 5162 2258 5208 sanctorum
2307 5154 2599 5222 quemdam
2659 5154 2826 5208 etiam
2879 5153 3021 5208 hanc
3079 5155 3278 5224 legisse
3325 5156 3548 5224 exposi-

1940 5246 2142 5299 tionem
2196 5263 2208 5298 :
2246 5244 2480 5300 Calceus
2529 5262 2746 5314 semper
2793 5248 3034 5302 sumitur
3081 5248 3149 5302 ad
3187 5249 3546 5317 peccatricem

1939 5354 2188 5403 carnem,
2232 5347 2288 5392 ct
2336 5340 2679 5408 corruptioni
2728 5341 3003 5395 subditam
3044 5360 3058 5396 :
3093 5342 3327 5413 corrigia
3364 5352 3546 5395 autem

1939 5442 1997 5487 ut
2046 5433 2325 5487 vinculum
2383 5444 2760 5502 peccatorum.
2820 5435 2992 5504 Igitur
3040 5434 3280 5490 Joannes
3325 5436 3377 5489 in
3424 5437 3548 5489 aliis

1937 5527 2161 5595 quidem
2197 5528 2287 5595 qui
2333 5530 2399 5579 ad
2448 5543 2506 5582 se
2538 5527 2964 5597 egrediebantur
3023 5540 3079 5584 et
3115 5532 3544 5593 conﬁtebantur,

1940 5631 2156 5691 poterat
2228 5620 2442 5677 solvere
2503 5622 2798 5692 emrigiatn
2867 5634 3243 5693 peccatorum.
3304 5622 3548 5678 \‘ineulis

1940 5717 2086 5769 enim
2119 5731 2342 5770 suorum
2378 5727 2726 5784 peccatorum
2756 5719 3040 5772 conxtricti
3077 5719 3143 5773 ad
3177 5719 3356 5787 ipsum
3391 5734 3549 5787 egre.-

1941 5814 2251 5869 diebantur.
2305 5808 2366 5865 lit
2401 5827 2495 5880 pi't‘
2542 5813 2642 5866 hoc
2674 5814 2815 5881 quod
2870 5813 3095 5868 vocabat
3148 5812 3311 5884 523
3358 5832 3451 5868 cos
3484 5815 3548 5866 ,ιιι
