  <div class='ocr_page' id='page_1' title='image "/cluster/home/n/w/nwhite01/storage/ocr_20150623/123/ien.35556001659978/591.png"; bbox 0 0 4000 6438; ppageno 0'>
   <div class='ocr_carea' id='block_1_1' title="bbox 518 214 649 282">
    <p class='ocr_par' dir='ltr' id='par_1_1' title="bbox 518 214 649 282">
     <span class='ocr_line' id='line_1_1' title="bbox 518 214 649 282; baseline -0.008 0"><span class='ocrx_word' id='word_1_1' title='bbox 518 214 649 282; x_wconf 71' lang='grc'><strong>1171</strong></span> 
     </span>
    </p>
   </div>
   <div class='ocr_carea' id='block_1_2' title="bbox 1366 202 2787 268">
    <p class='ocr_par' dir='ltr' id='par_1_2' title="bbox 1366 202 2787 268">
     <span class='ocr_line' id='line_1_2' title="bbox 1366 202 2787 268; baseline -0.002 0"><span class='ocrx_word' id='word_1_2' title='bbox 1366 203 1946 268; x_wconf 78' lang='lat' dir='ltr'><strong>THEOPHYLACTI</strong></span> <span class='ocrx_word' id='word_1_3' title='bbox 1985 202 2394 264; x_wconf 67' lang='lat' dir='ltr'><strong>BULGARIAE</strong></span> <span class='ocrx_word' id='word_1_4' title='bbox 2433 202 2787 265; x_wconf 79' lang='lat' dir='ltr'><strong>ARCHIEP.</strong></span> 
     </span>
    </p>
   </div>
   <div class='ocr_carea' id='block_1_3' title="bbox 3662 197 3804 265">
    <p class='ocr_par' dir='ltr' id='par_1_3' title="bbox 3662 197 3804 265">
     <span class='ocr_line' id='line_1_3' title="bbox 3662 197 3804 265; baseline -0.014 0"><span class='ocrx_word' id='word_1_5' title='bbox 3662 197 3804 265; x_wconf 76' lang='grc'><strong>1172</strong></span> 
     </span>
    </p>
   </div>
   <div class='ocr_carea' id='block_1_4' title="bbox 514 310 2096 403">
    <p class='ocr_par' dir='ltr' id='par_1_4' title="bbox 514 316 2096 403">
     <span class='ocr_line' id='line_1_4' title="bbox 514 316 2096 403; baseline -0.013 -14"><span class='ocrx_word' id='word_1_6' title='bbox 514 330 910 403; x_wconf 74' lang='grc' dir='ltr'>ρωιιὶιοιιιίιιηι,</span> <span class='ocrx_word' id='word_1_7' title='bbox 948 323 1092 379; x_wconf 84' lang='lat' dir='ltr'><strong>viam</strong></span> <span class='ocrx_word' id='word_1_8' title='bbox 1116 321 1451 392; x_wconf 52' lang='lat' dir='ltr'><strong>&#39;praPparavit</strong></span> <span class='ocrx_word' id='word_1_9' title='bbox 1491 317 1573 375; x_wconf 83' lang='lat' dir='ltr'><strong>eis</strong></span> <span class='ocrx_word' id='word_1_10' title='bbox 1614 319 1681 371; x_wconf 88' lang='lat' dir='ltr'><strong>ad</strong></span> <span class='ocrx_word' id='word_1_11' title='bbox 1716 316 1820 371; x_wconf 91' lang='lat' dir='ltr'><strong>hoc</strong></span> <span class='ocrx_word' id='word_1_12' title='bbox 1867 326 1929 371; x_wconf 84' lang='lat' dir='ltr'><strong>ut</strong></span> <span class='ocrx_word' id='word_1_13' title='bbox 1975 330 2096 386; x_wconf 84' lang='lat' dir='ltr'><strong>per-</strong></span> 
     </span>
    </p>
   </div>
   <div class='ocr_carea' id='block_1_5' title="bbox 2205 310 3800 403">
    <p class='ocr_par' dir='ltr' id='par_1_5' title="bbox 2205 310 3800 386">
     <span class='ocr_line' id='line_1_5' title="bbox 2205 310 3800 386; baseline -0.001 -17"><span class='ocrx_word' id='word_1_14' title='bbox 2205 316 2401 376; x_wconf 79' lang='grc' dir='ltr'>αὐτοῡς</span> <span class='ocrx_word' id='word_1_15' title='bbox 2433 315 2798 385; x_wconf 78' lang='grc' dir='ltr'><strong>παρακαλεῖν,</strong></span> <span class='ocrx_word' id='word_1_16' title='bbox 2855 310 3219 386; x_wconf 72' lang='grc' dir='ltr'>προωδοποίει</span> <span class='ocrx_word' id='word_1_17' title='bbox 3255 312 3451 379; x_wconf 68' lang='grc' dir='ltr'>αὐτοῖς</span> <span class='ocrx_word' id='word_1_18' title='bbox 3481 312 3570 376; x_wconf 69' lang='grc' dir='ltr'>εἰς</span> <span class='ocrx_word' id='word_1_19' title='bbox 3608 310 3679 367; x_wconf 67' lang='grc' dir='ltr'>τὸ</span> <span class='ocrx_word' id='word_1_20' title='bbox 3707 314 3800 369; x_wconf 60' lang='grc' dir='ltr'><strong>καὶ</strong></span> 
     </span>
    </p>
   </div>
   <div class='ocr_carea' id='block_1_6' title="bbox 517 406 2096 489">
    <p class='ocr_par' dir='ltr' id='par_1_6' title="bbox 517 406 2096 489">
     <span class='ocr_line' id='line_1_6' title="bbox 517 406 2096 489; baseline -0.013 -9"><span class='ocrx_word' id='word_1_21' title='bbox 517 428 659 480; x_wconf 86' lang='lat' dir='ltr'><strong>l‘ecte</strong></span> <span class='ocrx_word' id='word_1_22' title='bbox 680 416 969 489; x_wconf 73' lang='lat' dir='ltr'><strong>corrigiam</strong></span> <span class='ocrx_word' id='word_1_23' title='bbox 1022 412 1169 469; x_wconf 83' lang='lat' dir='ltr'><strong>illam</strong></span> <span class='ocrx_word' id='word_1_24' title='bbox 1203 422 1258 468; x_wconf 90' lang='lat' dir='ltr'><strong>et</strong></span> <span class='ocrx_word' id='word_1_25' title='bbox 1287 411 1716 466; x_wconf 79' lang='lat' dir='ltr'><strong>calceamentum</strong></span> <span class='ocrx_word' id='word_1_26' title='bbox 1759 407 1966 477; x_wconf 82' lang='lat' dir='ltr'><strong>peccati</strong></span> <span class='ocrx_word' id='word_1_27' title='bbox 1996 406 2096 461; x_wconf 88' lang='lat' dir='ltr'><strong>ab-</strong></span> 
     </span>
    </p>
   </div>
   <div class='ocr_carea' id='block_1_7' title="bbox 513 498 2093 584">
    <p class='ocr_par' dir='ltr' id='par_1_7' title="bbox 513 498 2093 584">
     <span class='ocr_line' id='line_1_7' title="bbox 513 498 2093 584; baseline -0.011 -17"><span class='ocrx_word' id='word_1_28' title='bbox 513 514 704 584; x_wconf 80' lang='lat' dir='ltr'><strong>jiciant</strong></span> <span class='ocrx_word' id='word_1_29' title='bbox 738 527 750 562; x_wconf 94' lang='lat'>:</span> <span class='ocrx_word' id='word_1_30' title='bbox 781 510 832 563; x_wconf 94' lang='lat' dir='ltr'><strong>in</strong></span> <span class='ocrx_word' id='word_1_31' title='bbox 864 504 1088 562; x_wconf 82' lang='lat' dir='ltr'><strong>Christo</strong></span> <span class='ocrx_word' id='word_1_32' title='bbox 1118 513 1299 559; x_wconf 85' lang='lat' dir='ltr'><strong>autem</strong></span> <span class='ocrx_word' id='word_1_33' title='bbox 1329 514 1434 555; x_wconf 89' lang='lat' dir='ltr'><strong>non</strong></span> <span class='ocrx_word' id='word_1_34' title='bbox 1465 500 1749 554; x_wconf 85' lang='lat' dir='ltr'><strong>inveniens</strong></span> <span class='ocrx_word' id='word_1_35' title='bbox 1779 498 2093 566; x_wconf 77' lang='lat' dir='ltr'><strong>corrigiam,</strong></span> 
     </span>
    </p>
   </div>
   <div class='ocr_carea' id='block_1_8' title="bbox 520 588 2095 665">
    <p class='ocr_par' dir='ltr' id='par_1_8' title="bbox 520 588 2095 665">
     <span class='ocr_line' id='line_1_8' title="bbox 520 588 2095 665; baseline -0.012 -8"><span class='ocrx_word' id='word_1_36' title='bbox 520 608 619 659; x_wconf 88' lang='lat' dir='ltr'><strong>hoc</strong></span> <span class='ocrx_word' id='word_1_37' title='bbox 664 611 747 656; x_wconf 89' lang='lat' dir='ltr'><strong>est</strong></span> <span class='ocrx_word' id='word_1_38' title='bbox 780 598 1053 653; x_wconf 82' lang='lat' dir='ltr'><strong>vinculum</strong></span> <span class='ocrx_word' id='word_1_39' title='bbox 1095 593 1323 665; x_wconf 84' lang='lat' dir='ltr'><strong>peccati,</strong></span> <span class='ocrx_word' id='word_1_40' title='bbox 1356 592 1549 645; x_wconf 89' lang='lat' dir='ltr'><strong>merito</strong></span> <span class='ocrx_word' id='word_1_41' title='bbox 1583 603 1757 657; x_wconf 87' lang='lat' dir='ltr'><strong>neque</strong></span> <span class='ocrx_word' id='word_1_42' title='bbox 1788 588 1971 654; x_wconf 85' lang='lat' dir='ltr'><strong>solvit,</strong></span> <span class='ocrx_word' id='word_1_43' title='bbox 1999 600 2095 646; x_wconf 84' lang='lat' dir='ltr'><strong>ne-</strong></span> 
     </span>
    </p>
   </div>
   <div class='ocr_carea' id='block_1_9' title="bbox 514 682 2095 765">
    <p class='ocr_par' dir='ltr' id='par_1_9' title="bbox 514 682 2095 765">
     <span class='ocr_line' id='line_1_9' title="bbox 514 682 2095 765; baseline -0.009 -17"><span class='ocrx_word' id='word_1_44' title='bbox 514 710 619 765; x_wconf 86' lang='lat' dir='ltr'><strong>que</strong></span> <span class='ocrx_word' id='word_1_45' title='bbox 648 694 859 749; x_wconf 88' lang='lat' dir='ltr'><strong>solvere</strong></span> <span class='ocrx_word' id='word_1_46' title='bbox 890 689 1086 762; x_wconf 87' lang='lat' dir='ltr'><strong>potuit.</strong></span> <span class='ocrx_word' id='word_1_47' title='bbox 1117 684 1400 752; x_wconf 86' lang='lat' dir='ltr'><strong>Quomodo</strong></span> <span class='ocrx_word' id='word_1_48' title='bbox 1425 683 1567 738; x_wconf 90' lang='lat' dir='ltr'><strong>enim</strong></span> <span class='ocrx_word' id='word_1_49' title='bbox 1600 682 1874 745; x_wconf 76' lang='lat' dir='ltr'><strong>solvisset,</strong></span> <span class='ocrx_word' id='word_1_50' title='bbox 1903 682 1955 735; x_wconf 92' lang='lat' dir='ltr'><strong>in</strong></span> <span class='ocrx_word' id='word_1_51' title='bbox 1988 694 2095 750; x_wconf 89' lang='lat' dir='ltr'><strong>quo</strong></span> 
     </span>
    </p>
   </div>
   <div class='ocr_carea' id='block_1_10' title="bbox 517 773 2095 842">
    <p class='ocr_par' dir='ltr' id='par_1_10' title="bbox 517 773 2095 842">
     <span class='ocr_line' id='line_1_10' title="bbox 517 773 2095 842; baseline -0.009 -3"><span class='ocrx_word' id='word_1_52' title='bbox 517 802 621 841; x_wconf 91' lang='lat' dir='ltr'><strong>non</strong></span> <span class='ocrx_word' id='word_1_53' title='bbox 651 785 959 840; x_wconf 88' lang='lat' dir='ltr'><strong>inveniebat</strong></span> <span class='ocrx_word' id='word_1_54' title='bbox 988 782 1012 836; x_wconf 70' lang='grc' dir='ltr'><em>ἲ</em></span> <span class='ocrx_word' id='word_1_55' title='bbox 1046 799 1065 833; x_wconf 79' lang='grc' dir='ltr'><strong>ι</strong></span> <span class='ocrx_word' id='word_1_56' title='bbox 1104 778 1396 834; x_wconf 88' lang='lat' dir='ltr'><strong>Peccatum</strong></span> <span class='ocrx_word' id='word_1_57' title='bbox 1423 776 1572 831; x_wconf 89' lang='lat' dir='ltr'><strong>enim</strong></span> <span class='ocrx_word' id='word_1_58' title='bbox 1605 790 1710 830; x_wconf 93' lang='lat' dir='ltr'><strong>non</strong></span> <span class='ocrx_word' id='word_1_59' title='bbox 1743 773 1892 840; x_wconf 83' lang='lat' dir='ltr'><strong>fecit,</strong></span> <span class='ocrx_word' id='word_1_60' title='bbox 1922 786 2095 842; x_wconf 87' lang='lat' dir='ltr'><strong>neque</strong></span> 
     </span>
    </p>
   </div>
   <div class='ocr_carea' id='block_1_11' title="bbox 516 867 2093 938">
    <p class='ocr_par' dir='ltr' id='par_1_11' title="bbox 516 867 2093 938">
     <span class='ocr_line' id='line_1_11' title="bbox 516 867 2093 938; baseline -0.01 -6"><span class='ocrx_word' id='word_1_61' title='bbox 516 881 766 933; x_wconf 86' lang='lat' dir='ltr'><strong>inventus</strong></span> <span class='ocrx_word' id='word_1_62' title='bbox 799 886 881 932; x_wconf 81' lang='lat' dir='ltr'><strong>est</strong></span> <span class='ocrx_word' id='word_1_63' title='bbox 918 874 1070 930; x_wconf 80' lang='lat' dir='ltr'><strong>dolus</strong></span> <span class='ocrx_word' id='word_1_64' title='bbox 1101 873 1155 928; x_wconf 89' lang='lat' dir='ltr'><strong>in</strong></span> <span class='ocrx_word' id='word_1_65' title='bbox 1199 886 1295 926; x_wconf 90' lang='lat' dir='ltr'><strong>ore</strong></span> <span class='ocrx_word' id='word_1_66' title='bbox 1336 870 1457 938; x_wconf 85' lang='lat' dir='ltr'><strong>ejus</strong></span> <span class='ocrx_word' id='word_1_67' title='bbox 1487 869 1555 921; x_wconf 83' lang='grc'><strong>⁵⁸.</strong></span> <span class='ocrx_word' id='word_1_68' title='bbox 1597 886 1615 919; x_wconf 82' lang='grc' dir='ltr'><strong>ι</strong></span> <span class='ocrx_word' id='word_1_69' title='bbox 1656 867 2093 922; x_wconf 78' lang='lat' dir='ltr'><strong>Calceamentum</strong></span> 
     </span>
    </p>
   </div>
   <div class='ocr_carea' id='block_1_12' title="bbox 514 958 2091 1027">
    <p class='ocr_par' dir='ltr' id='par_1_12' title="bbox 514 958 2091 1027">
     <span class='ocr_line' id='line_1_12' title="bbox 514 958 2091 1027; baseline -0.01 -3"><span class='ocrx_word' id='word_1_70' title='bbox 514 979 691 1025; x_wconf 82' lang='lat' dir='ltr'><strong>autem</strong></span> <span class='ocrx_word' id='word_1_71' title='bbox 743 977 830 1024; x_wconf 89' lang='lat' dir='ltr'><strong>est</strong></span> <span class='ocrx_word' id='word_1_72' title='bbox 852 968 1117 1022; x_wconf 80' lang='lat' dir='ltr'><strong>adventus</strong></span> <span class='ocrx_word' id='word_1_73' title='bbox 1142 962 1356 1020; x_wconf 85' lang='lat' dir='ltr'><strong>Domini</strong></span> <span class='ocrx_word' id='word_1_74' title='bbox 1384 961 1450 1015; x_wconf 90' lang='lat' dir='ltr'><strong>ad</strong></span> <span class='ocrx_word' id='word_1_75' title='bbox 1477 974 1574 1013; x_wconf 91' lang='lat' dir='ltr'><strong>nos</strong></span> <span class='ocrx_word' id='word_1_76' title='bbox 1603 975 1617 1012; x_wconf 89' lang='lat'><strong>:</strong></span> <span class='ocrx_word' id='word_1_77' title='bbox 1650 958 1881 1027; x_wconf 76' lang='lat' dir='ltr'><strong>corrigia</strong></span> <span class='ocrx_word' id='word_1_78' title='bbox 1915 965 2091 1011; x_wconf 86' lang='lat' dir='ltr'><strong>autem</strong></span> 
     </span>
    </p>
   </div>
   <div class='ocr_carea' id='block_1_13' title="bbox 512 1048 2091 1131">
    <p class='ocr_par' dir='ltr' id='par_1_13' title="bbox 512 1048 2091 1131">
     <span class='ocr_line' id='line_1_13' title="bbox 512 1048 2091 1131; baseline -0.01 -14"><span class='ocrx_word' id='word_1_79' title='bbox 512 1063 653 1131; x_wconf 79' lang='lat' dir='ltr'><strong>ejus,</strong></span> <span class='ocrx_word' id='word_1_80' title='bbox 680 1062 870 1115; x_wconf 91' lang='lat' dir='ltr'><strong>modus</strong></span> <span class='ocrx_word' id='word_1_81' title='bbox 898 1055 1317 1118; x_wconf 85' lang='lat' dir='ltr'><strong>incarnationis,</strong></span> <span class='ocrx_word' id='word_1_82' title='bbox 1350 1068 1459 1123; x_wconf 87' lang='lat' dir='ltr'><strong>quo</strong></span> <span class='ocrx_word' id='word_1_83' title='bbox 1494 1052 1731 1107; x_wconf 80' lang='lat' dir='ltr'><strong>Verbum</strong></span> <span class='ocrx_word' id='word_1_84' title='bbox 1757 1050 1850 1104; x_wconf 86' lang='lat' dir='ltr'><strong>Dei</strong></span> <span class='ocrx_word' id='word_1_85' title='bbox 1880 1048 2091 1102; x_wconf 91' lang='lat' dir='ltr'><strong>unitum</strong></span> 
     </span>
    </p>
   </div>
   <div class='ocr_carea' id='block_1_14' title="bbox 514 1140 2094 1221">
    <p class='ocr_par' dir='ltr' id='par_1_14' title="bbox 514 1140 2094 1221">
     <span class='ocr_line' id='line_1_14' title="bbox 514 1140 2094 1221; baseline -0.009 -13"><span class='ocrx_word' id='word_1_86' title='bbox 514 1164 569 1209; x_wconf 90' lang='lat' dir='ltr'><strong>ct</strong></span> <span class='ocrx_word' id='word_1_87' title='bbox 619 1147 1356 1221; x_wconf 76' lang='lat' dir='ltr'><strong>quodammodocolligatum</strong></span> <span class='ocrx_word' id='word_1_88' title='bbox 1385 1144 1622 1214; x_wconf 89' lang='lat' dir='ltr'><strong>corpori.</strong></span> <span class='ocrx_word' id='word_1_89' title='bbox 1695 1140 1895 1212; x_wconf 79' lang='lat' dir='ltr'><strong>Utique</strong></span> <span class='ocrx_word' id='word_1_90' title='bbox 1948 1140 2094 1206; x_wconf 80' lang='lat' dir='ltr'><strong>hunc</strong></span> 
     </span>
    </p>
   </div>
   <div class='ocr_carea' id='block_1_15' title="bbox 516 1234 2095 1313">
    <p class='ocr_par' dir='ltr' id='par_1_15' title="bbox 516 1234 2095 1313">
     <span class='ocr_line' id='line_1_15' title="bbox 516 1234 2095 1313; baseline -0.009 -13"><span class='ocrx_word' id='word_1_91' title='bbox 516 1246 713 1301; x_wconf 91' lang='lat' dir='ltr'><strong>nodum</strong></span> <span class='ocrx_word' id='word_1_92' title='bbox 758 1243 972 1298; x_wconf 86' lang='lat' dir='ltr'><strong>solvere</strong></span> <span class='ocrx_word' id='word_1_93' title='bbox 1022 1238 1356 1310; x_wconf 83' lang='lat' dir='ltr'><strong>impossibile</strong></span> <span class='ocrx_word' id='word_1_94' title='bbox 1400 1247 1501 1291; x_wconf 91' lang='lat' dir='ltr'><strong>est.</strong></span> <span class='ocrx_word' id='word_1_95' title='bbox 1538 1236 1671 1313; x_wconf 81' lang='lat' dir='ltr'><strong>Quis</strong></span> <span class='ocrx_word' id='word_1_96' title='bbox 1719 1234 1866 1289; x_wconf 90' lang='lat' dir='ltr'><strong>enim</strong></span> <span class='ocrx_word' id='word_1_97' title='bbox 1907 1239 2095 1311; x_wconf 77' lang='lat' dir='ltr'><strong>posset</strong></span> 
     </span>
    </p>
   </div>
   <div class='ocr_carea' id='block_1_16' title="bbox 513 1326 1925 1404">
    <p class='ocr_par' dir='ltr' id='par_1_16' title="bbox 513 1326 1925 1404">
     <span class='ocr_line' id='line_1_16' title="bbox 513 1326 1925 1404; baseline -0.007 -14"><span class='ocrx_word' id='word_1_98' title='bbox 513 1335 744 1400; x_wconf 88' lang='lat' dir='ltr'><strong>solvere,</strong></span> <span class='ocrx_word' id='word_1_99' title='bbox 770 1333 1041 1404; x_wconf 85' lang='lat' dir='ltr'><strong>quomodo</strong></span> <span class='ocrx_word' id='word_1_100' title='bbox 1076 1331 1219 1387; x_wconf 87' lang='lat' dir='ltr'><strong>Deus</strong></span> <span class='ocrx_word' id='word_1_101' title='bbox 1247 1332 1464 1401; x_wconf 88' lang='lat' dir='ltr'><strong>corpori</strong></span> <span class='ocrx_word' id='word_1_102' title='bbox 1493 1331 1775 1398; x_wconf 68' lang='lat' dir='ltr'><strong>colligatus</strong></span> <span class='ocrx_word' id='word_1_103' title='bbox 1804 1328 1875 1382; x_wconf 89' lang='lat' dir='ltr'><strong>sit</strong></span> <span class='ocrx_word' id='word_1_104' title='bbox 1902 1326 1925 1380; x_wconf 75' lang='grc'><strong>2</strong></span> 
     </span>
    </p>
   </div>
   <div class='ocr_carea' id='block_1_17' title="bbox 589 1424 2094 1491">
    <p class='ocr_par' dir='ltr' id='par_1_17' title="bbox 589 1424 2094 1491">
     <span class='ocr_line' id='line_1_17' title="bbox 589 1424 2094 1491; baseline -0.006 -8"><span class='ocrx_word' id='word_1_105' title='bbox 589 1429 754 1483; x_wconf 72' lang='lat' dir='ltr'><strong>Vens.</strong></span> <span class='ocrx_word' id='word_1_106' title='bbox 782 1428 872 1483; x_wconf 76' lang='lat'><strong>28.</strong></span> <span class='ocrx_word' id='word_1_107' title='bbox 917 1445 936 1478; x_wconf 79' lang='grc' dir='ltr'><strong>ι</strong></span> <span class='ocrx_word' id='word_1_108' title='bbox 987 1425 1115 1481; x_wconf 59' lang='lat' dir='ltr'><strong>Haec</strong></span> <span class='ocrx_word' id='word_1_109' title='bbox 1165 1427 1219 1481; x_wconf 91' lang='lat' dir='ltr'><strong>in</strong></span> <span class='ocrx_word' id='word_1_110' title='bbox 1264 1424 1529 1481; x_wconf 83' lang='lat' dir='ltr'><strong>Bethania</strong></span> <span class='ocrx_word' id='word_1_111' title='bbox 1584 1424 1727 1478; x_wconf 80' lang='lat' dir='ltr'><strong>facta</strong></span> <span class='ocrx_word' id='word_1_112' title='bbox 1779 1430 1903 1491; x_wconf 82' lang='lat' dir='ltr'><strong>sunt</strong></span> <span class='ocrx_word' id='word_1_113' title='bbox 1944 1431 2094 1476; x_wconf 84' lang='lat' dir='ltr'><strong>trans</strong></span> 
     </span>
    </p>
   </div>
   <div class='ocr_carea' id='block_1_18' title="bbox 511 1514 2094 1587">
    <p class='ocr_par' dir='ltr' id='par_1_18' title="bbox 511 1514 2094 1587">
     <span class='ocr_line' id='line_1_18' title="bbox 511 1514 2094 1587; baseline -0.005 -11"><span class='ocrx_word' id='word_1_114' title='bbox 511 1517 830 1581; x_wconf 78' lang='lat' dir='ltr'><strong>Iordanem,</strong></span> <span class='ocrx_word' id='word_1_115' title='bbox 883 1521 970 1575; x_wconf 88' lang='lat' dir='ltr'><strong>ubi</strong></span> <span class='ocrx_word' id='word_1_116' title='bbox 1014 1528 1131 1575; x_wconf 90' lang='lat' dir='ltr'><strong>erat</strong></span> <span class='ocrx_word' id='word_1_117' title='bbox 1210 1517 1451 1576; x_wconf 82' lang='lat' dir='ltr'><strong>Joannes</strong></span> <span class='ocrx_word' id='word_1_118' title='bbox 1494 1518 1794 1587; x_wconf 73' lang='lat' dir='ltr'><strong>baptizans.</strong></span> <span class='ocrx_word' id='word_1_119' title='bbox 1852 1533 1870 1567; x_wconf 76' lang='grc' dir='ltr'><strong>ι</strong></span> <span class='ocrx_word' id='word_1_120' title='bbox 1914 1514 2094 1581; x_wconf 81' lang='lat' dir='ltr'><strong>Quare</strong></span> 
     </span>
    </p>
   </div>
   <div class='ocr_carea' id='block_1_19' title="bbox 515 1606 2092 1682">
    <p class='ocr_par' dir='ltr' id='par_1_19' title="bbox 515 1606 2092 1682">
     <span class='ocr_line' id='line_1_19' title="bbox 515 1606 2092 1682; baseline -0.006 -15"><span class='ocrx_word' id='word_1_121' title='bbox 515 1614 652 1668; x_wconf 82' lang='lat' dir='ltr'><strong>dixit</strong></span> <span class='ocrx_word' id='word_1_122' title='bbox 690 1612 835 1682; x_wconf 87' lang='lat' dir='ltr'><strong>quod</strong></span> <span class='ocrx_word' id='word_1_123' title='bbox 869 1615 979 1667; x_wconf 65' lang='lat' dir='ltr'><strong>haec</strong></span> <span class='ocrx_word' id='word_1_124' title='bbox 1011 1613 1068 1667; x_wconf 90' lang='lat' dir='ltr'><strong>in</strong></span> <span class='ocrx_word' id='word_1_125' title='bbox 1095 1610 1354 1667; x_wconf 80' lang='lat' dir='ltr'><strong>Bethania</strong></span> <span class='ocrx_word' id='word_1_126' title='bbox 1386 1609 1527 1665; x_wconf 82' lang='lat' dir='ltr'><strong>facta</strong></span> <span class='ocrx_word' id='word_1_127' title='bbox 1561 1607 1718 1663; x_wconf 87' lang='lat' dir='ltr'><strong>sint?</strong></span> <span class='ocrx_word' id='word_1_128' title='bbox 1748 1606 1815 1664; x_wconf 91' lang='lat' dir='ltr'><strong>Ut</strong></span> <span class='ocrx_word' id='word_1_129' title='bbox 1842 1608 2092 1662; x_wconf 84' lang='lat' dir='ltr'><strong>ostendat</strong></span> 
     </span>
    </p>
   </div>
   <div class='ocr_carea' id='block_1_20' title="bbox 2198 401 3803 476">
    <p class='ocr_par' dir='ltr' id='par_1_20' title="bbox 2198 401 3803 476">
     <span class='ocr_line' id='line_1_20' title="bbox 2198 401 3803 476; baseline -0.001 -15"><span class='ocrx_word' id='word_1_130' title='bbox 2198 407 2422 476; x_wconf 68' lang='grc' dir='ltr'>τελείως</span> <span class='ocrx_word' id='word_1_131' title='bbox 2443 404 2818 462; x_wconf 69' lang='grc' dir='ltr'>ἀποϐαλέσθαι</span> <span class='ocrx_word' id='word_1_132' title='bbox 2838 403 2929 459; x_wconf 84' lang='grc' dir='ltr'><strong>τὸν</strong></span> <span class='ocrx_word' id='word_1_133' title='bbox 2958 404 3160 473; x_wconf 79' lang='grc' dir='ltr'>ἱμάντα</span> <span class='ocrx_word' id='word_1_134' title='bbox 3173 403 3389 470; x_wconf 84' lang='grc' dir='ltr'>τοῦτον,</span> <span class='ocrx_word' id='word_1_135' title='bbox 3405 401 3512 458; x_wconf 73' lang='grc' dir='ltr'><strong>καὶ</strong></span> <span class='ocrx_word' id='word_1_136' title='bbox 3536 402 3606 459; x_wconf 73' lang='grc' dir='ltr'><strong>τὸ</strong></span> <span class='ocrx_word' id='word_1_137' title='bbox 3626 402 3803 475; x_wconf 68' lang='grc' dir='ltr'>ἁμαρ-</span> 
     </span>
    </p>
   </div>
   <div class='ocr_carea' id='block_1_21' title="bbox 2197 490 3800 569">
    <p class='ocr_par' dir='ltr' id='par_1_21' title="bbox 2197 490 3800 569">
     <span class='ocr_line' id='line_1_21' title="bbox 2197 490 3800 569; baseline -0.002 -17"><span class='ocrx_word' id='word_1_138' title='bbox 2197 497 2379 561; x_wconf 64' lang='grc' dir='ltr'>τωλὸν,</span> <span class='ocrx_word' id='word_1_139' title='bbox 2409 499 2665 569; x_wconf 76' lang='grc' dir='ltr'><strong>ὑπόδημα</strong></span> <span class='ocrx_word' id='word_1_140' title='bbox 2691 514 2706 527; x_wconf 77' lang='grc' dir='ltr'><strong>ο</strong></span> <span class='ocrx_word' id='word_1_141' title='bbox 2745 495 2842 548; x_wconf 81' lang='grc' dir='ltr'><strong>ὲπὶ</strong></span> <span class='ocrx_word' id='word_1_142' title='bbox 2865 490 2924 548; x_wconf 71' lang='grc' dir='ltr'>δὲ</span> <span class='ocrx_word' id='word_1_143' title='bbox 2954 494 3226 565; x_wconf 71' lang='grc' dir='ltr'>Χριστοῦ,</span> <span class='ocrx_word' id='word_1_144' title='bbox 3279 495 3493 567; x_wconf 69' lang='grc' dir='ltr'>ἱμάντα</span> <span class='ocrx_word' id='word_1_145' title='bbox 3532 493 3614 567; x_wconf 71' lang='grc' dir='ltr'>μὴ</span> <span class='ocrx_word' id='word_1_146' title='bbox 3644 493 3800 567; x_wconf 73' lang='grc' dir='ltr'>οὐρί-</span> 
     </span>
    </p>
   </div>
   <div class='ocr_carea' id='block_1_22' title="bbox 2200 580 3801 663">
    <p class='ocr_par' dir='ltr' id='par_1_22' title="bbox 2200 580 3801 663">
     <span class='ocr_line' id='line_1_22' title="bbox 2200 580 3801 663; baseline -0.002 -19"><span class='ocrx_word' id='word_1_147' title='bbox 2200 608 2366 655; x_wconf 79' lang='grc' dir='ltr'>σκων,</span> <span class='ocrx_word' id='word_1_148' title='bbox 2395 593 2514 663; x_wconf 68' lang='grc' dir='ltr'>ἦτοι</span> <span class='ocrx_word' id='word_1_149' title='bbox 2543 592 2845 660; x_wconf 75' lang='grc' dir='ltr'><strong>σύνδεσμον</strong></span> <span class='ocrx_word' id='word_1_150' title='bbox 2888 587 3190 660; x_wconf 82' lang='grc' dir='ltr'>ἁμαρτίας,</span> <span class='ocrx_word' id='word_1_151' title='bbox 3230 589 3463 653; x_wconf 66' lang='grc' dir='ltr'>εἰκότως</span> <span class='ocrx_word' id='word_1_152' title='bbox 3492 580 3628 642; x_wconf 66' lang='grc' dir='ltr'><strong>οὸδδ</strong></span> <span class='ocrx_word' id='word_1_153' title='bbox 3649 585 3801 641; x_wconf 72' lang='grc' dir='ltr'>λύσιν</span> 
     </span>
    </p>
   </div>
   <div class='ocr_carea' id='block_1_23' title="bbox 2197 680 3801 757">
    <p class='ocr_par' dir='ltr' id='par_1_23' title="bbox 2197 680 3801 757">
     <span class='ocr_line' id='line_1_23' title="bbox 2197 680 3801 757; baseline 0 -20"><span class='ocrx_word' id='word_1_154' title='bbox 2197 685 2362 753; x_wconf 78' lang='grc' dir='ltr'>αὐτὸν</span> <span class='ocrx_word' id='word_1_155' title='bbox 2382 685 2626 739; x_wconf 79' lang='grc' dir='ltr'>ἐδύνατο.</span> <span class='ocrx_word' id='word_1_156' title='bbox 2657 687 2780 748; x_wconf 84' lang='grc' dir='ltr'><strong>Πῶς</strong></span> <span class='ocrx_word' id='word_1_157' title='bbox 2807 684 2937 756; x_wconf 77' lang='grc' dir='ltr'>γὰρ,</span> <span class='ocrx_word' id='word_1_158' title='bbox 2964 684 3025 738; x_wconf 79' lang='grc' dir='ltr'><strong>δν</strong></span> <span class='ocrx_word' id='word_1_159' title='bbox 3052 682 3154 753; x_wconf 80' lang='grc' dir='ltr'><strong>οὐχ</strong></span> <span class='ocrx_word' id='word_1_160' title='bbox 3176 682 3477 754; x_wconf 75' lang='grc' dir='ltr'>ιῦρισκενς</span> <span class='ocrx_word' id='word_1_161' title='bbox 3519 702 3539 736; x_wconf 79' lang='grc' dir='ltr'><strong>ι</strong></span> <span class='ocrx_word' id='word_1_162' title='bbox 3585 680 3801 757; x_wconf 67' lang='grc' dir='ltr'>Ἄμαρ-</span> 
     </span>
    </p>
   </div>
   <div class='ocr_carea' id='block_1_24' title="bbox 2197 775 3798 849">
    <p class='ocr_par' dir='ltr' id='par_1_24' title="bbox 2197 775 3798 849">
     <span class='ocr_line' id='line_1_24' title="bbox 2197 775 3798 849; baseline -0.001 -18"><span class='ocrx_word' id='word_1_163' title='bbox 2197 777 2318 831; x_wconf 89' lang='grc' dir='ltr'>τίαν</span> <span class='ocrx_word' id='word_1_164' title='bbox 2353 777 2461 846; x_wconf 87' lang='grc' dir='ltr'><strong>γάρ</strong></span> <span class='ocrx_word' id='word_1_165' title='bbox 2486 778 2587 841; x_wconf 78' lang='grc' dir='ltr'><strong>οὐκ</strong></span> <span class='ocrx_word' id='word_1_166' title='bbox 2626 778 2883 847; x_wconf 76' lang='grc' dir='ltr'>ἐποίησεν</span> <span class='ocrx_word' id='word_1_167' title='bbox 2907 818 2922 843; x_wconf 94' lang='grc'><strong>,</strong></span> <span class='ocrx_word' id='word_1_168' title='bbox 2949 776 3074 832; x_wconf 81' lang='grc' dir='ltr'>οὐδὲ</span> <span class='ocrx_word' id='word_1_169' title='bbox 3103 776 3306 849; x_wconf 74' lang='grc' dir='ltr'>εὑρέθη</span> <span class='ocrx_word' id='word_1_170' title='bbox 3345 775 3410 830; x_wconf 81' lang='grc' dir='ltr'>ὲν</span> <span class='ocrx_word' id='word_1_171' title='bbox 3438 775 3524 846; x_wconf 84' lang='grc' dir='ltr'>τῷ</span> <span class='ocrx_word' id='word_1_172' title='bbox 3562 776 3798 845; x_wconf 78' lang='grc' dir='ltr'>στόματι</span> 
     </span>
    </p>
   </div>
   <div class='ocr_carea' id='block_1_25' title="bbox 2197 865 3797 941">
    <p class='ocr_par' dir='ltr' id='par_1_25' title="bbox 2197 865 3797 941">
     <span class='ocr_line' id='line_1_25' title="bbox 2197 865 3797 941; baseline -0.003 -17"><span class='ocrx_word' id='word_1_173' title='bbox 2197 870 2364 924; x_wconf 84' lang='grc' dir='ltr'>αὐτοῦ</span> <span class='ocrx_word' id='word_1_174' title='bbox 2391 870 2562 934; x_wconf 91' lang='grc' dir='ltr'>δόλος.</span> <span class='ocrx_word' id='word_1_175' title='bbox 2593 889 2611 922; x_wconf 76' lang='grc' dir='ltr'><strong>ι</strong></span> <span class='ocrx_word' id='word_1_176' title='bbox 2670 870 2871 938; x_wconf 83' lang='grc' dir='ltr'>Ὑπόδη</span> <span class='ocrx_word' id='word_1_177' title='bbox 2883 888 2957 940; x_wconf 91' lang='grc' dir='ltr'><strong>μα</strong></span> <span class='ocrx_word' id='word_1_178' title='bbox 2991 869 3049 924; x_wconf 78' lang='grc' dir='ltr'>δὲ</span> <span class='ocrx_word' id='word_1_179' title='bbox 3076 872 3110 941; x_wconf 77' lang='grc' dir='ltr'>ἠ</span> <span class='ocrx_word' id='word_1_180' title='bbox 3143 867 3420 940; x_wconf 75' lang='grc' dir='ltr'><strong>παρουσία</strong></span> <span class='ocrx_word' id='word_1_181' title='bbox 3445 866 3548 921; x_wconf 87' lang='grc' dir='ltr'><strong>τοῦ</strong></span> <span class='ocrx_word' id='word_1_182' title='bbox 3584 865 3797 938; x_wconf 74' lang='grc' dir='ltr'>Κυρίου</span> 
     </span>
    </p>
   </div>
   <div class='ocr_carea' id='block_1_26' title="bbox 2196 961 3800 1037">
    <p class='ocr_par' dir='ltr' id='par_1_26' title="bbox 2196 961 3800 1037">
     <span class='ocr_line' id='line_1_26' title="bbox 2196 961 3800 1037; baseline -0.001 -19"><span class='ocrx_word' id='word_1_183' title='bbox 2196 968 2229 1037; x_wconf 74' lang='grc' dir='ltr'>ἡ</span> <span class='ocrx_word' id='word_1_184' title='bbox 2262 966 2342 1028; x_wconf 80' lang='grc' dir='ltr'><strong>είς</strong></span> <span class='ocrx_word' id='word_1_185' title='bbox 2365 966 2513 1035; x_wconf 75' lang='grc' dir='ltr'>ἡμᾶς</span> <span class='ocrx_word' id='word_1_186' title='bbox 2531 981 2546 996; x_wconf 77' lang='grc' dir='ltr'><strong>ο</strong></span> <span class='ocrx_word' id='word_1_187' title='bbox 2578 964 2707 1036; x_wconf 76' lang='grc' dir='ltr'>εμὰς</span> <span class='ocrx_word' id='word_1_188' title='bbox 2736 966 2791 1019; x_wconf 85' lang='grc' dir='ltr'><strong>δὲ</strong></span> <span class='ocrx_word' id='word_1_189' title='bbox 2815 965 3008 1035; x_wconf 80' lang='grc' dir='ltr'>αὐτῆς,</span> <span class='ocrx_word' id='word_1_190' title='bbox 3030 966 3060 1017; x_wconf 98' lang='lat'><strong>6</strong></span> <span class='ocrx_word' id='word_1_191' title='bbox 3080 965 3280 1035; x_wconf 87' lang='grc' dir='ltr'>τρόπος</span> <span class='ocrx_word' id='word_1_192' title='bbox 3311 963 3415 1034; x_wconf 80' lang='grc' dir='ltr'>τῆς</span> <span class='ocrx_word' id='word_1_193' title='bbox 3435 961 3800 1031; x_wconf 76' lang='grc' dir='ltr'>σαρκώσεως.</span> 
     </span>
    </p>
   </div>
   <div class='ocr_carea' id='block_1_27' title="bbox 2198 1051 3797 1128">
    <p class='ocr_par' dir='ltr' id='par_1_27' title="bbox 2198 1051 3797 1128">
     <span class='ocr_line' id='line_1_27' title="bbox 2198 1051 3797 1128; baseline -0.003 -16"><span class='ocrx_word' id='word_1_194' title='bbox 2198 1059 2293 1112; x_wconf 74' lang='grc' dir='ltr'><strong>καὶ</strong></span> <span class='ocrx_word' id='word_1_195' title='bbox 2326 1059 2421 1118; x_wconf 75' lang='grc' dir='ltr'><strong>τοῦ</strong></span> <span class='ocrx_word' id='word_1_196' title='bbox 2456 1059 2572 1121; x_wconf 85' lang='grc' dir='ltr'>πῶς</span> <span class='ocrx_word' id='word_1_197' title='bbox 2607 1058 2863 1128; x_wconf 80' lang='grc' dir='ltr'>συνεδέθη</span> <span class='ocrx_word' id='word_1_198' title='bbox 2902 1058 2982 1128; x_wconf 83' lang='grc' dir='ltr'>τῷ</span> <span class='ocrx_word' id='word_1_199' title='bbox 3011 1056 3225 1126; x_wconf 74' lang='grc' dir='ltr'>σώματι</span> <span class='ocrx_word' id='word_1_200' title='bbox 3248 1059 3276 1109; x_wconf 93' lang='lat'><strong>6</strong></span> <span class='ocrx_word' id='word_1_201' title='bbox 3300 1056 3481 1123; x_wconf 84' lang='grc' dir='ltr'>Λόγος</span> <span class='ocrx_word' id='word_1_202' title='bbox 3508 1052 3609 1108; x_wconf 82' lang='grc' dir='ltr'><strong>τοῦ</strong></span> <span class='ocrx_word' id='word_1_203' title='bbox 3640 1051 3797 1107; x_wconf 65' lang='grc' dir='ltr'>Θεοῦ.</span> 
     </span>
    </p>
   </div>
   <div class='ocr_carea' id='block_1_28' title="bbox 2197 1145 3801 1221">
    <p class='ocr_par' dir='ltr' id='par_1_28' title="bbox 2197 1145 3801 1221">
     <span class='ocr_line' id='line_1_28' title="bbox 2197 1145 3801 1221; baseline -0.004 -15"><span class='ocrx_word' id='word_1_204' title='bbox 2197 1151 2400 1206; x_wconf 88' lang='grc' dir='ltr'>Τοῦτον</span> <span class='ocrx_word' id='word_1_205' title='bbox 2426 1149 2522 1210; x_wconf 72' lang='grc' dir='ltr'>οὖν</span> <span class='ocrx_word' id='word_1_206' title='bbox 2552 1154 2644 1205; x_wconf 84' lang='grc' dir='ltr'><strong>τὸν</strong></span> <span class='ocrx_word' id='word_1_207' title='bbox 2681 1151 2884 1219; x_wconf 80' lang='grc' dir='ltr'>τρόπον</span> <span class='ocrx_word' id='word_1_208' title='bbox 2905 1150 3057 1204; x_wconf 56' lang='grc' dir='ltr'>λύων</span> <span class='ocrx_word' id='word_1_209' title='bbox 3096 1151 3359 1204; x_wconf 82' lang='grc' dir='ltr'>ἀδύνατον</span> <span class='ocrx_word' id='word_1_210' title='bbox 3399 1165 3414 1179; x_wconf 79' lang='grc'><strong><em>⁸</em></strong></span> <span class='ocrx_word' id='word_1_211' title='bbox 3457 1149 3548 1211; x_wconf 71' lang='grc' dir='ltr'><strong>τίς</strong></span> <span class='ocrx_word' id='word_1_212' title='bbox 3572 1145 3688 1221; x_wconf 70' lang='grc' dir='ltr'>γὰρ</span> <span class='ocrx_word' id='word_1_213' title='bbox 3710 1146 3801 1200; x_wconf 66' lang='grc' dir='ltr'><strong>δύρ</strong></span> 
     </span>
    </p>
   </div>
   <div class='ocr_carea' id='block_1_29' title="bbox 2196 1240 3549 1313">
    <p class='ocr_par' dir='ltr' id='par_1_29' title="bbox 2196 1240 3549 1313">
     <span class='ocr_line' id='line_1_29' title="bbox 2196 1240 3549 1313; baseline 0.001 -18"><span class='ocrx_word' id='word_1_214' title='bbox 2196 1262 2355 1305; x_wconf 81' lang='grc' dir='ltr'>ναται</span> <span class='ocrx_word' id='word_1_215' title='bbox 2385 1244 2543 1301; x_wconf 79' lang='grc' dir='ltr'>λῦσαι</span> <span class='ocrx_word' id='word_1_216' title='bbox 2574 1244 2690 1308; x_wconf 84' lang='grc' dir='ltr'><strong>πῶς</strong></span> <span class='ocrx_word' id='word_1_217' title='bbox 2723 1243 2983 1313; x_wconf 79' lang='grc' dir='ltr'>συνεδὲοη</span> <span class='ocrx_word' id='word_1_218' title='bbox 3017 1242 3096 1311; x_wconf 79' lang='grc' dir='ltr'>τῷ</span> <span class='ocrx_word' id='word_1_219' title='bbox 3130 1240 3346 1312; x_wconf 82' lang='grc' dir='ltr'>σώματι</span> <span class='ocrx_word' id='word_1_220' title='bbox 3370 1241 3549 1306; x_wconf 79' lang='grc' dir='ltr'>Θεός;</span> 
     </span>
    </p>
   </div>
   <div class='ocr_carea' id='block_1_30' title="bbox 2275 1423 3801 1500">
    <p class='ocr_par' dir='ltr' id='par_1_30' title="bbox 2275 1423 3801 1500">
     <span class='ocr_line' id='line_1_30' title="bbox 2275 1423 3801 1500; baseline -0.005 -15"><span class='ocrx_word' id='word_1_221' title='bbox 2275 1450 2295 1490; x_wconf 71' lang='grc' dir='ltr'><strong>ι</strong></span> <span class='ocrx_word' id='word_1_222' title='bbox 2325 1430 2511 1485; x_wconf 84' lang='grc' dir='ltr'>Ταῦτα</span> <span class='ocrx_word' id='word_1_223' title='bbox 2533 1430 2592 1483; x_wconf 65' lang='grc' dir='ltr'>ἓν</span> <span class='ocrx_word' id='word_1_224' title='bbox 2618 1429 2864 1500; x_wconf 76' lang='grc' dir='ltr'><strong>Βηθανίᾳ</strong></span> <span class='ocrx_word' id='word_1_225' title='bbox 2895 1430 3120 1498; x_wconf 79' lang='grc' dir='ltr'>ἐγένετο</span> <span class='ocrx_word' id='word_1_226' title='bbox 3153 1443 3327 1497; x_wconf 82' lang='grc' dir='ltr'>περαν</span> <span class='ocrx_word' id='word_1_227' title='bbox 3357 1426 3454 1479; x_wconf 88' lang='grc' dir='ltr'><strong>τοῦ</strong></span> <span class='ocrx_word' id='word_1_228' title='bbox 3499 1423 3801 1493; x_wconf 78' lang='grc' dir='ltr'>Ἰορδάνου,</span> 
     </span>
    </p>
   </div>
   <div class='ocr_carea' id='block_1_31' title="bbox 2195 1511 3802 1593">
    <p class='ocr_par' dir='ltr' id='par_1_31' title="bbox 2195 1511 3802 1593">
     <span class='ocr_line' id='line_1_31' title="bbox 2195 1511 3802 1593; baseline -0.006 -16"><span class='ocrx_word' id='word_1_229' title='bbox 2195 1525 2328 1577; x_wconf 83' lang='grc' dir='ltr'>ὅπου</span> <span class='ocrx_word' id='word_1_230' title='bbox 2374 1518 2444 1593; x_wconf 77' lang='grc' dir='ltr'>ἦν</span> <span class='ocrx_word' id='word_1_231' title='bbox 2500 1523 2755 1591; x_wconf 75' lang='grc' dir='ltr'><strong>Ἰωάννης</strong></span> <span class='ocrx_word' id='word_1_232' title='bbox 2821 1522 3123 1590; x_wconf 76' lang='grc' dir='ltr'>βαπτίζων.</span> <span class='ocrx_word' id='word_1_233' title='bbox 3178 1520 3335 1582; x_wconf 89' lang='grc' dir='ltr'>Τίνος</span> <span class='ocrx_word' id='word_1_234' title='bbox 3390 1519 3589 1572; x_wconf 73' lang='grc' dir='ltr'>ἕνεκεν</span> <span class='ocrx_word' id='word_1_235' title='bbox 3622 1511 3802 1579; x_wconf 77' lang='grc' dir='ltr'>εἶπεν,</span> 
     </span>
    </p>
   </div>
   <div class='ocr_carea' id='block_1_32' title="bbox 2196 1608 3805 1684">
    <p class='ocr_par' dir='ltr' id='par_1_32' title="bbox 2196 1608 3805 1684">
     <span class='ocr_line' id='line_1_32' title="bbox 2196 1608 3805 1684; baseline -0.006 -14"><span class='ocrx_word' id='word_1_236' title='bbox 2196 1617 2278 1670; x_wconf 80' lang='grc' dir='ltr'><strong>ὅτι</strong></span> <span class='ocrx_word' id='word_1_237' title='bbox 2332 1634 2349 1665; x_wconf 79' lang='grc' dir='ltr'><strong>ι</strong></span> <span class='ocrx_word' id='word_1_238' title='bbox 2391 1615 2576 1669; x_wconf 83' lang='grc' dir='ltr'>Ταῦτα</span> <span class='ocrx_word' id='word_1_239' title='bbox 2632 1616 2690 1667; x_wconf 85' lang='grc' dir='ltr'><strong>ἐν</strong></span> <span class='ocrx_word' id='word_1_240' title='bbox 2721 1613 2963 1684; x_wconf 71' lang='grc' dir='ltr'>Βηθανίᾳ</span> <span class='ocrx_word' id='word_1_241' title='bbox 2987 1614 3243 1681; x_wconf 66' lang='grc' dir='ltr'>ἐγένετος</span> <span class='ocrx_word' id='word_1_242' title='bbox 3276 1631 3295 1663; x_wconf 76' lang='grc' dir='ltr'><strong>ι</strong></span> <span class='ocrx_word' id='word_1_243' title='bbox 3357 1612 3479 1664; x_wconf 77' lang='grc' dir='ltr'>’Ἰνα</span> <span class='ocrx_word' id='word_1_244' title='bbox 3512 1609 3672 1680; x_wconf 74' lang='grc' dir='ltr'>δείξῃ</span> <span class='ocrx_word' id='word_1_245' title='bbox 3705 1608 3805 1679; x_wconf 68' lang='grc' dir='ltr'>τὴν</span> 
     </span>
    </p>
   </div>
   <div class='ocr_carea' id='block_1_33' title="bbox 518 1693 3803 1779">
    <p class='ocr_par' dir='ltr' id='par_1_33' title="bbox 518 1693 3803 1779">
     <span class='ocr_line' id='line_1_33' title="bbox 518 1693 3803 1779; baseline -0.006 -6"><span class='ocrx_word' id='word_1_246' title='bbox 518 1705 694 1775; x_wconf 58' lang='lat' dir='ltr'><strong>magi“</strong></span> <span class='ocrx_word' id='word_1_247' title='bbox 752 1705 1014 1775; x_wconf 63' lang='grc' dir='ltr'><strong>Ρτῖἒεοηίδ</strong></span> <span class='ocrx_word' id='word_1_248' title='bbox 1065 1704 1397 1768; x_wconf 61' lang='grc' dir='ltr'><strong>Ῑίδθτιθιειην</strong></span> <span class='ocrx_word' id='word_1_249' title='bbox 1442 1704 1585 1771; x_wconf 67' lang='grc' dir='ltr'><strong>(1⁸³οά</strong></span> <span class='ocrx_word' id='word_1_250' title='bbox 1633 1715 1736 1754; x_wconf 80' lang='lat'><strong>“0&quot;</strong></span> <span class='ocrx_word' id='word_1_251' title='bbox 1802 1701 1853 1753; x_wconf 77' lang='grc' dir='ltr'>ίη</span> <span class='ocrx_word' id='word_1_252' title='bbox 1909 1698 2093 1764; x_wconf 63' lang='lat' dir='ltr'><strong>domo.</strong></span> <span class='ocrx_word' id='word_1_253' title='bbox 2128 1693 2169 1747; x_wconf 74' lang='grc' dir='ltr'><strong>Β</strong></span> <span class='ocrx_word' id='word_1_254' title='bbox 2201 1708 2517 1779; x_wconf 81' lang='grc' dir='ltr'>παῤῥησίαν</span> <span class='ocrx_word' id='word_1_255' title='bbox 2568 1706 2663 1759; x_wconf 79' lang='grc' dir='ltr'><strong>τοῦ</strong></span> <span class='ocrx_word' id='word_1_256' title='bbox 2724 1706 2962 1774; x_wconf 81' lang='grc' dir='ltr'>μεγάλου</span> <span class='ocrx_word' id='word_1_257' title='bbox 2998 1707 3261 1776; x_wconf 81' lang='grc' dir='ltr'>κήρυκος,</span> <span class='ocrx_word' id='word_1_258' title='bbox 3292 1705 3375 1756; x_wconf 85' lang='grc' dir='ltr'><strong>ὅτι</strong></span> <span class='ocrx_word' id='word_1_259' title='bbox 3403 1703 3507 1754; x_wconf 79' lang='grc' dir='ltr'>οὐκ</span> <span class='ocrx_word' id='word_1_260' title='bbox 3537 1703 3600 1754; x_wconf 82' lang='grc' dir='ltr'>ὲν</span> <span class='ocrx_word' id='word_1_261' title='bbox 3628 1700 3803 1771; x_wconf 75' lang='grc' dir='ltr'>οἰκίᾳ.</span> 
     </span>
    </p>
   </div>
   <div class='ocr_carea' id='block_1_34' title="bbox 517 1792 2095 1870">
    <p class='ocr_par' dir='ltr' id='par_1_34' title="bbox 517 1792 2095 1870">
     <span class='ocr_line' id='line_1_34' title="bbox 517 1792 2095 1870; baseline -0.006 -17"><span class='ocrx_word' id='word_1_262' title='bbox 517 1816 690 1870; x_wconf 79' lang='lat' dir='ltr'><strong>neque</strong></span> <span class='ocrx_word' id='word_1_263' title='bbox 717 1801 771 1854; x_wconf 91' lang='lat' dir='ltr'><strong>in</strong></span> <span class='ocrx_word' id='word_1_264' title='bbox 791 1799 1006 1869; x_wconf 79' lang='lat' dir='ltr'><strong>angulo,</strong></span> <span class='ocrx_word' id='word_1_265' title='bbox 1033 1802 1126 1853; x_wconf 87' lang='lat' dir='ltr'><strong>sed</strong></span> <span class='ocrx_word' id='word_1_266' title='bbox 1152 1799 1296 1853; x_wconf 87' lang='lat' dir='ltr'><strong>circa</strong></span> <span class='ocrx_word' id='word_1_267' title='bbox 1328 1796 1642 1858; x_wconf 75' lang='lat' dir='ltr'><strong>Iordanem,</strong></span> <span class='ocrx_word' id='word_1_268' title='bbox 1674 1796 1727 1847; x_wconf 90' lang='lat' dir='ltr'><strong>in</strong></span> <span class='ocrx_word' id='word_1_269' title='bbox 1760 1793 1934 1847; x_wconf 80' lang='lat' dir='ltr'><strong>inedia</strong></span> <span class='ocrx_word' id='word_1_270' title='bbox 1958 1792 2095 1847; x_wconf 85' lang='lat' dir='ltr'><strong>mul-</strong></span> 
     </span>
    </p>
   </div>
   <div class='ocr_carea' id='block_1_35' title="bbox 520 1886 2092 1959">
    <p class='ocr_par' dir='ltr' id='par_1_35' title="bbox 520 1886 2092 1959">
     <span class='ocr_line' id='line_1_35' title="bbox 520 1886 2092 1959; baseline -0.005 -15"><span class='ocrx_word' id='word_1_271' title='bbox 520 1891 749 1945; x_wconf 89' lang='lat' dir='ltr'><strong>titudine</strong></span> <span class='ocrx_word' id='word_1_272' title='bbox 802 1891 917 1945; x_wconf 62' lang='lat' dir='ltr'><strong>haec</strong></span> <span class='ocrx_word' id='word_1_273' title='bbox 967 1890 1033 1945; x_wconf 88' lang='lat' dir='ltr'><strong>de</strong></span> <span class='ocrx_word' id='word_1_274' title='bbox 1074 1889 1298 1957; x_wconf 79' lang='lat' dir='ltr'><strong>Christo</strong></span> <span class='ocrx_word' id='word_1_275' title='bbox 1350 1887 1745 1959; x_wconf 66' lang='lat' dir='ltr'><strong>praedicaverit.</strong></span> <span class='ocrx_word' id='word_1_276' title='bbox 1800 1886 2092 1940; x_wconf 88' lang='lat' dir='ltr'><strong>Sciendum</strong></span> 
     </span>
    </p>
   </div>
   <div class='ocr_carea' id='block_1_36' title="bbox 514 1978 2095 2053">
    <p class='ocr_par' dir='ltr' id='par_1_36' title="bbox 514 1978 2095 2053">
     <span class='ocr_line' id='line_1_36' title="bbox 514 1978 2095 2053; baseline -0.003 -18"><span class='ocrx_word' id='word_1_277' title='bbox 514 1995 696 2037; x_wconf 85' lang='lat' dir='ltr'><strong>autem</strong></span> <span class='ocrx_word' id='word_1_278' title='bbox 722 1984 865 2053; x_wconf 90' lang='lat' dir='ltr'><strong>quod</strong></span> <span class='ocrx_word' id='word_1_279' title='bbox 909 1983 1241 2052; x_wconf 83' lang='lat' dir='ltr'><strong>exemplaria</strong></span> <span class='ocrx_word' id='word_1_280' title='bbox 1288 1982 1661 2037; x_wconf 89' lang='lat' dir='ltr'><strong>emendatiora</strong></span> <span class='ocrx_word' id='word_1_281' title='bbox 1717 1979 1940 2043; x_wconf 87' lang='lat' dir='ltr'><strong>habent,</strong></span> <span class='ocrx_word' id='word_1_282' title='bbox 1984 1997 2003 2031; x_wconf 73' lang='grc' dir='ltr'><strong>ι</strong></span> <span class='ocrx_word' id='word_1_283' title='bbox 2042 1978 2095 2031; x_wconf 83' lang='grc' dir='ltr'>ἰιι</span> 
     </span>
    </p>
   </div>
   <div class='ocr_carea' id='block_1_37' title="bbox 519 2070 2095 2133">
    <p class='ocr_par' dir='ltr' id='par_1_37' title="bbox 519 2070 2095 2133">
     <span class='ocr_line' id='line_1_37' title="bbox 519 2070 2095 2133; baseline -0.003 -4"><span class='ocrx_word' id='word_1_284' title='bbox 519 2076 841 2133; x_wconf 80' lang='lat' dir='ltr'><strong>Bethabara.</strong></span> <span class='ocrx_word' id='word_1_285' title='bbox 885 2096 904 2128; x_wconf 77' lang='grc' dir='ltr'><strong>ι</strong></span> <span class='ocrx_word' id='word_1_286' title='bbox 959 2076 1218 2131; x_wconf 85' lang='lat' dir='ltr'><strong>Bethania</strong></span> <span class='ocrx_word' id='word_1_287' title='bbox 1274 2077 1419 2130; x_wconf 89' lang='lat' dir='ltr'><strong>enim</strong></span> <span class='ocrx_word' id='word_1_288' title='bbox 1469 2090 1575 2130; x_wconf 91' lang='lat' dir='ltr'><strong>non</strong></span> <span class='ocrx_word' id='word_1_289' title='bbox 1624 2085 1774 2127; x_wconf 88' lang='lat' dir='ltr'><strong>trans</strong></span> <span class='ocrx_word' id='word_1_290' title='bbox 1806 2070 2095 2127; x_wconf 74' lang='lat' dir='ltr'><strong>Iordanem</strong></span> 
     </span>
    </p>
   </div>
   <div class='ocr_carea' id='block_1_38' title="bbox 514 2168 1413 2240">
    <p class='ocr_par' dir='ltr' id='par_1_38' title="bbox 514 2168 1413 2240">
     <span class='ocr_line' id='line_1_38' title="bbox 514 2168 1413 2240; baseline -0.004 -14"><span class='ocrx_word' id='word_1_291' title='bbox 514 2180 621 2233; x_wconf 83' lang='lat' dir='ltr'><strong>est,</strong></span> <span class='ocrx_word' id='word_1_292' title='bbox 656 2171 749 2225; x_wconf 90' lang='lat' dir='ltr'><strong>sed</strong></span> <span class='ocrx_word' id='word_1_293' title='bbox 783 2184 950 2240; x_wconf 89' lang='lat' dir='ltr'><strong>prope</strong></span> <span class='ocrx_word' id='word_1_294' title='bbox 982 2168 1353 2240; x_wconf 80' lang='lat' dir='ltr'><strong>IIierosolyma</strong></span> <span class='ocrx_word' id='word_1_295' title='bbox 1390 2169 1413 2221; x_wconf 86' lang='lat'><strong>?</strong></span> 
     </span>
    </p>
   </div>
   <div class='ocr_carea' id='block_1_39' title="bbox 584 2257 2097 2317">
    <p class='ocr_par' dir='ltr' id='par_1_39' title="bbox 584 2257 2097 2317">
     <span class='ocr_line' id='line_1_39' title="bbox 584 2257 2097 2317; baseline -0.001 -2"><span class='ocrx_word' id='word_1_296' title='bbox 584 2259 755 2315; x_wconf 75' lang='lat' dir='ltr'><strong>Vens.</strong></span> <span class='ocrx_word' id='word_1_297' title='bbox 785 2261 876 2317; x_wconf 75' lang='lat'><strong>29.</strong></span> <span class='ocrx_word' id='word_1_298' title='bbox 920 2280 939 2311; x_wconf 72' lang='grc' dir='ltr'><strong>ι</strong></span> <span class='ocrx_word' id='word_1_299' title='bbox 974 2259 1198 2315; x_wconf 86' lang='lat' dir='ltr'><strong>Postero</strong></span> <span class='ocrx_word' id='word_1_300' title='bbox 1234 2260 1320 2313; x_wconf 89' lang='lat' dir='ltr'><strong>die</strong></span> <span class='ocrx_word' id='word_1_301' title='bbox 1346 2260 1491 2314; x_wconf 83' lang='lat' dir='ltr'><strong>videt</strong></span> <span class='ocrx_word' id='word_1_302' title='bbox 1520 2257 1758 2314; x_wconf 86' lang='lat' dir='ltr'><strong>Joannes</strong></span> <span class='ocrx_word' id='word_1_303' title='bbox 1788 2260 1972 2314; x_wconf 76' lang='lat' dir='ltr'><strong>Iesum</strong></span> <span class='ocrx_word' id='word_1_304' title='bbox 2007 2274 2097 2313; x_wconf 90' lang='lat' dir='ltr'><strong>ve-</strong></span> 
     </span>
    </p>
   </div>
   <div class='ocr_carea' id='block_1_40' title="bbox 514 2352 2097 2423">
    <p class='ocr_par' dir='ltr' id='par_1_40' title="bbox 514 2352 2097 2423">
     <span class='ocr_line' id='line_1_40' title="bbox 514 2352 2097 2423; baseline -0.002 -15"><span class='ocrx_word' id='word_1_305' title='bbox 514 2355 754 2408; x_wconf 85' lang='lat' dir='ltr'><strong>nientem</strong></span> <span class='ocrx_word' id='word_1_306' title='bbox 783 2353 847 2406; x_wconf 89' lang='lat' dir='ltr'><strong>ad</strong></span> <span class='ocrx_word' id='word_1_307' title='bbox 895 2368 976 2423; x_wconf 77' lang='lat' dir='ltr'><strong>se,</strong></span> <span class='ocrx_word' id='word_1_308' title='bbox 1012 2359 1064 2417; x_wconf 71' lang='lat' dir='ltr'><strong>et</strong></span> <span class='ocrx_word' id='word_1_309' title='bbox 1108 2352 1186 2406; x_wconf 86' lang='lat' dir='ltr'><strong>ait</strong></span> <span class='ocrx_word' id='word_1_310' title='bbox 1228 2370 1242 2405; x_wconf 91' lang='lat'><strong>:</strong></span> <span class='ocrx_word' id='word_1_311' title='bbox 1292 2352 1433 2409; x_wconf 89' lang='lat' dir='ltr'><strong>Ecce</strong></span> <span class='ocrx_word' id='word_1_312' title='bbox 1471 2367 1641 2422; x_wconf 80' lang='lat' dir='ltr'><strong>agnus</strong></span> <span class='ocrx_word' id='word_1_313' title='bbox 1693 2353 1780 2409; x_wconf 87' lang='lat' dir='ltr'><strong>ille</strong></span> <span class='ocrx_word' id='word_1_314' title='bbox 1818 2353 1949 2416; x_wconf 89' lang='lat' dir='ltr'><strong>Dei,</strong></span> <span class='ocrx_word' id='word_1_315' title='bbox 2003 2352 2097 2423; x_wconf 87' lang='lat' dir='ltr'><strong>qui</strong></span> 
     </span>
    </p>
   </div>
   <div class='ocr_carea' id='block_1_41' title="bbox 517 2447 2097 2516">
    <p class='ocr_par' dir='ltr' id='par_1_41' title="bbox 517 2447 2097 2516">
     <span class='ocr_line' id='line_1_41' title="bbox 517 2447 2097 2516; baseline -0.003 -12"><span class='ocrx_word' id='word_1_316' title='bbox 517 2450 654 2504; x_wconf 90' lang='lat' dir='ltr'><strong>tollit</strong></span> <span class='ocrx_word' id='word_1_317' title='bbox 706 2458 983 2516; x_wconf 84' lang='lat' dir='ltr'><strong>peccatum</strong></span> <span class='ocrx_word' id='word_1_318' title='bbox 1032 2447 1239 2501; x_wconf 91' lang='lat' dir='ltr'><strong>mundi.</strong></span> <span class='ocrx_word' id='word_1_319' title='bbox 1283 2466 1302 2499; x_wconf 75' lang='grc' dir='ltr'><strong>ι</strong></span> <span class='ocrx_word' id='word_1_320' title='bbox 1337 2448 1493 2515; x_wconf 70' lang='lat' dir='ltr'><strong>Saepe</strong></span> <span class='ocrx_word' id='word_1_321' title='bbox 1530 2447 1790 2501; x_wconf 89' lang='lat' dir='ltr'><strong>Dominus</strong></span> <span class='ocrx_word' id='word_1_322' title='bbox 1835 2447 1985 2503; x_wconf 86' lang='lat' dir='ltr'><strong>venit</strong></span> <span class='ocrx_word' id='word_1_323' title='bbox 2031 2450 2097 2501; x_wconf 88' lang='lat' dir='ltr'><strong>ad</strong></span> 
     </span>
    </p>
   </div>
   <div class='ocr_carea' id='block_1_42' title="bbox 518 2536 2097 2609">
    <p class='ocr_par' dir='ltr' id='par_1_42' title="bbox 518 2536 2097 2609">
     <span class='ocr_line' id='line_1_42' title="bbox 518 2536 2097 2609; baseline -0.003 -15"><span class='ocrx_word' id='word_1_324' title='bbox 518 2540 947 2609; x_wconf 68' lang='lat' dir='ltr'><strong>Prmcursorem,</strong></span> <span class='ocrx_word' id='word_1_325' title='bbox 993 2538 1203 2606; x_wconf 83' lang='lat' dir='ltr'><strong>quare?</strong></span> <span class='ocrx_word' id='word_1_326' title='bbox 1246 2536 1345 2592; x_wconf 82' lang='lat' dir='ltr'><strong>Vel</strong></span> <span class='ocrx_word' id='word_1_327' title='bbox 1386 2538 1609 2593; x_wconf 86' lang='lat' dir='ltr'><strong>omnino</strong></span> <span class='ocrx_word' id='word_1_328' title='bbox 1662 2537 2097 2606; x_wconf 77' lang='lat' dir='ltr'><strong>quandoquidem</strong></span> 
     </span>
    </p>
   </div>
   <div class='ocr_carea' id='block_1_43' title="bbox 514 2626 2101 2701">
    <p class='ocr_par' dir='ltr' id='par_1_43' title="bbox 514 2626 2101 2701">
     <span class='ocr_line' id='line_1_43' title="bbox 514 2626 2101 2701; baseline -0.004 -12"><span class='ocrx_word' id='word_1_329' title='bbox 514 2631 663 2689; x_wconf 86' lang='lat' dir='ltr'><strong>sicut</strong></span> <span class='ocrx_word' id='word_1_330' title='bbox 704 2647 843 2686; x_wconf 90' lang='lat' dir='ltr'><strong>unus</strong></span> <span class='ocrx_word' id='word_1_331' title='bbox 892 2647 959 2697; x_wconf 77' lang='lat' dir='ltr'><strong>ex</strong></span> <span class='ocrx_word' id='word_1_332' title='bbox 996 2631 1180 2694; x_wconf 83' lang='lat' dir='ltr'><strong>multis</strong></span> <span class='ocrx_word' id='word_1_333' title='bbox 1221 2640 1276 2686; x_wconf 87' lang='lat' dir='ltr'><strong>et</strong></span> <span class='ocrx_word' id='word_1_334' title='bbox 1326 2631 1441 2701; x_wconf 86' lang='lat' dir='ltr'><strong>ipse</strong></span> <span class='ocrx_word' id='word_1_335' title='bbox 1470 2645 1497 2681; x_wconf 89' lang='lat' dir='ltr'><strong>a</strong></span> <span class='ocrx_word' id='word_1_336' title='bbox 1540 2626 1751 2688; x_wconf 82' lang='lat' dir='ltr'><strong>Joanne</strong></span> <span class='ocrx_word' id='word_1_337' title='bbox 1793 2628 2101 2698; x_wconf 82' lang='lat' dir='ltr'><strong>baptizatus</strong></span> 
     </span>
    </p>
   </div>
   <div class='ocr_carea' id='block_1_44' title="bbox 513 2722 2101 2793">
    <p class='ocr_par' dir='ltr' id='par_1_44' title="bbox 513 2722 2101 2793">
     <span class='ocr_line' id='line_1_44' title="bbox 513 2722 2101 2793; baseline -0.003 -15"><span class='ocrx_word' id='word_1_338' title='bbox 513 2731 680 2789; x_wconf 84' lang='lat' dir='ltr'><strong>esset,</strong></span> <span class='ocrx_word' id='word_1_339' title='bbox 716 2739 783 2778; x_wconf 90' lang='lat' dir='ltr'><strong>ne</strong></span> <span class='ocrx_word' id='word_1_340' title='bbox 812 2732 1003 2793; x_wconf 84' lang='lat' dir='ltr'><strong>putent</strong></span> <span class='ocrx_word' id='word_1_341' title='bbox 1044 2722 1264 2791; x_wconf 85' lang='lat' dir='ltr'><strong>quidam</strong></span> <span class='ocrx_word' id='word_1_342' title='bbox 1296 2722 1437 2791; x_wconf 88' lang='lat' dir='ltr'><strong>quod</strong></span> <span class='ocrx_word' id='word_1_343' title='bbox 1462 2722 1623 2789; x_wconf 88' lang='lat' dir='ltr'><strong>quasi</strong></span> <span class='ocrx_word' id='word_1_344' title='bbox 1657 2722 1896 2790; x_wconf 85' lang='lat' dir='ltr'><strong>peccatis</strong></span> <span class='ocrx_word' id='word_1_345' title='bbox 1925 2722 2101 2775; x_wconf 82' lang='lat' dir='ltr'><strong>obno-</strong></span> 
     </span>
    </p>
   </div>
   <div class='ocr_carea' id='block_1_45' title="bbox 515 2811 2098 2883">
    <p class='ocr_par' dir='ltr' id='par_1_45' title="bbox 515 2811 2098 2883">
     <span class='ocr_line' id='line_1_45' title="bbox 515 2811 2098 2883; baseline -0.001 -16"><span class='ocrx_word' id='word_1_346' title='bbox 515 2815 655 2879; x_wconf 85' lang='lat' dir='ltr'><strong>xius,</strong></span> <span class='ocrx_word' id='word_1_347' title='bbox 710 2814 993 2883; x_wconf 64' lang='lat' dir='ltr'><strong>aequaliter</strong></span> <span class='ocrx_word' id='word_1_348' title='bbox 1042 2828 1164 2866; x_wconf 91' lang='lat' dir='ltr'><strong>cum</strong></span> <span class='ocrx_word' id='word_1_349' title='bbox 1215 2811 1335 2866; x_wconf 89' lang='lat' dir='ltr'><strong>aliis</strong></span> <span class='ocrx_word' id='word_1_350' title='bbox 1382 2812 1693 2881; x_wconf 80' lang='lat' dir='ltr'><strong>baptizatus</strong></span> <span class='ocrx_word' id='word_1_351' title='bbox 1748 2812 1838 2866; x_wconf 88' lang='lat' dir='ltr'><strong>sit.</strong></span> <span class='ocrx_word' id='word_1_352' title='bbox 1888 2812 2098 2866; x_wconf 86' lang='lat' dir='ltr'><strong>Idcirco</strong></span> 
     </span>
    </p>
   </div>
   <div class='ocr_carea' id='block_1_46' title="bbox 514 2903 2096 2973">
    <p class='ocr_par' dir='ltr' id='par_1_46' title="bbox 514 2903 2096 2973">
     <span class='ocr_line' id='line_1_46' title="bbox 514 2903 2096 2973; baseline -0.001 -14"><span class='ocrx_word' id='word_1_353' title='bbox 514 2908 708 2960; x_wconf 75' lang='lat' dir='ltr'><strong>iterum</strong></span> <span class='ocrx_word' id='word_1_354' title='bbox 748 2907 913 2970; x_wconf 80' lang='lat' dir='ltr'><strong>venit,</strong></span> <span class='ocrx_word' id='word_1_355' title='bbox 967 2905 1104 2960; x_wconf 86' lang='lat' dir='ltr'><strong>dans</strong></span> <span class='ocrx_word' id='word_1_356' title='bbox 1151 2903 1348 2961; x_wconf 80' lang='lat' dir='ltr'><strong>Joanni</strong></span> <span class='ocrx_word' id='word_1_357' title='bbox 1399 2905 1743 2959; x_wconf 86' lang='lat' dir='ltr'><strong>occasionem</strong></span> <span class='ocrx_word' id='word_1_358' title='bbox 1794 2906 2096 2973; x_wconf 81' lang='lat' dir='ltr'><strong>corrigendi</strong></span> 
     </span>
    </p>
   </div>
   <div class='ocr_carea' id='block_1_47' title="bbox 2200 1792 3807 1869">
    <p class='ocr_par' dir='ltr' id='par_1_47' title="bbox 2200 1792 3807 1869">
     <span class='ocr_line' id='line_1_47' title="bbox 2200 1792 3807 1869; baseline -0.004 -17"><span class='ocrx_word' id='word_1_359' title='bbox 2200 1799 2320 1853; x_wconf 67' lang='grc' dir='ltr'>οὐδὲ</span> <span class='ocrx_word' id='word_1_360' title='bbox 2351 1801 2409 1851; x_wconf 83' lang='grc' dir='ltr'>ὲν</span> <span class='ocrx_word' id='word_1_361' title='bbox 2445 1797 2638 1869; x_wconf 83' lang='grc' dir='ltr'><strong>γωνίᾳ,</strong></span> <span class='ocrx_word' id='word_1_362' title='bbox 2693 1798 2831 1850; x_wconf 83' lang='grc' dir='ltr'><strong>ἀλλά</strong></span> <span class='ocrx_word' id='word_1_363' title='bbox 2858 1797 2951 1849; x_wconf 88' lang='grc' dir='ltr'><strong>τὸν</strong></span> <span class='ocrx_word' id='word_1_364' title='bbox 3001 1797 3276 1868; x_wconf 70' lang='grc' dir='ltr'>Ἰορδάνην</span> <span class='ocrx_word' id='word_1_365' title='bbox 3338 1792 3699 1858; x_wconf 77' lang='grc' dir='ltr'>καταλαϐὼν,</span> <span class='ocrx_word' id='word_1_366' title='bbox 3752 1794 3807 1845; x_wconf 73' lang='grc' dir='ltr'>ἐν</span> 
     </span>
    </p>
   </div>
   <div class='ocr_carea' id='block_1_48' title="bbox 2203 1887 3807 1962">
    <p class='ocr_par' dir='ltr' id='par_1_48' title="bbox 2203 1887 3807 1962">
     <span class='ocr_line' id='line_1_48' title="bbox 2203 1887 3807 1962; baseline -0.001 -19"><span class='ocrx_word' id='word_1_367' title='bbox 2203 1891 2353 1962; x_wconf 80' lang='grc' dir='ltr'>μέσῳ</span> <span class='ocrx_word' id='word_1_368' title='bbox 2383 1890 2621 1961; x_wconf 79' lang='grc' dir='ltr'>πλήθους</span> <span class='ocrx_word' id='word_1_369' title='bbox 2645 1891 2819 1944; x_wconf 85' lang='grc' dir='ltr'>ταῦτα</span> <span class='ocrx_word' id='word_1_370' title='bbox 2842 1888 2970 1960; x_wconf 78' lang='grc' dir='ltr'>περὶ</span> <span class='ocrx_word' id='word_1_371' title='bbox 3005 1889 3244 1960; x_wconf 78' lang='grc' dir='ltr'>Χριστοῦ</span> <span class='ocrx_word' id='word_1_372' title='bbox 3277 1888 3651 1959; x_wconf 83' lang='grc' dir='ltr'>ἀνεκήρυττε.</span> <span class='ocrx_word' id='word_1_373' title='bbox 3684 1887 3807 1956; x_wconf 78' lang='grc' dir='ltr'><strong>Χρὴ</strong></span> 
     </span>
    </p>
   </div>
   <div class='ocr_carea' id='block_1_49' title="bbox 2198 1980 3810 2055">
    <p class='ocr_par' dir='ltr' id='par_1_49' title="bbox 2198 1980 3810 2055">
     <span class='ocr_line' id='line_1_49' title="bbox 2198 1980 3810 2055; baseline -0.004 -18"><span class='ocrx_word' id='word_1_374' title='bbox 2198 1986 2253 2047; x_wconf 73' lang='grc' dir='ltr'>δὲ</span> <span class='ocrx_word' id='word_1_375' title='bbox 2290 1984 2603 2052; x_wconf 82' lang='grc' dir='ltr'><strong>γινώσκειν,</strong></span> <span class='ocrx_word' id='word_1_376' title='bbox 2638 1984 2719 2037; x_wconf 84' lang='grc' dir='ltr'>ὅτι</span> <span class='ocrx_word' id='word_1_377' title='bbox 2750 1985 2815 2036; x_wconf 79' lang='grc' dir='ltr'><strong>τά</strong></span> <span class='ocrx_word' id='word_1_378' title='bbox 2842 1983 3046 2055; x_wconf 78' lang='grc' dir='ltr'>ἀκριϐῆ</span> <span class='ocrx_word' id='word_1_379' title='bbox 3085 1984 3193 2036; x_wconf 83' lang='grc' dir='ltr'><strong>τῶν</strong></span> <span class='ocrx_word' id='word_1_380' title='bbox 3245 1982 3634 2052; x_wconf 76' lang='grc' dir='ltr'>ἀντιγράφων,</span> <span class='ocrx_word' id='word_1_381' title='bbox 3690 1998 3713 2031; x_wconf 72' lang='grc' dir='ltr'><strong>ι</strong></span> <span class='ocrx_word' id='word_1_382' title='bbox 3750 1980 3810 2032; x_wconf 73' lang='grc' dir='ltr'>ἐν</span> 
     </span>
    </p>
   </div>
   <div class='ocr_carea' id='block_1_50' title="bbox 2201 2073 3811 2149">
    <p class='ocr_par' dir='ltr' id='par_1_50' title="bbox 2201 2073 3811 2149">
     <span class='ocr_line' id='line_1_50' title="bbox 2201 2073 3811 2149; baseline -0.003 -18"><span class='ocrx_word' id='word_1_383' title='bbox 2201 2077 2519 2149; x_wconf 77' lang='grc' dir='ltr'>Βηθαόαρᾷ,</span> <span class='ocrx_word' id='word_1_384' title='bbox 2550 2099 2568 2130; x_wconf 76' lang='grc' dir='ltr'><strong>ι</strong></span> <span class='ocrx_word' id='word_1_385' title='bbox 2607 2078 2754 2149; x_wconf 79' lang='grc' dir='ltr'>ἔχει·</span> <span class='ocrx_word' id='word_1_386' title='bbox 2795 2079 2829 2148; x_wconf 73' lang='grc' dir='ltr'><strong>ἡ</strong></span> <span class='ocrx_word' id='word_1_387' title='bbox 2858 2077 2966 2145; x_wconf 76' lang='grc' dir='ltr'>γὰρ</span> <span class='ocrx_word' id='word_1_388' title='bbox 2994 2078 3234 2146; x_wconf 66' lang='grc' dir='ltr'>Βηθανία</span> <span class='ocrx_word' id='word_1_389' title='bbox 3294 2077 3420 2146; x_wconf 55' lang='lat' dir='ltr'><strong>oili.</strong></span> <span class='ocrx_word' id='word_1_390' title='bbox 3482 2074 3669 2146; x_wconf 74' lang='grc' dir='ltr'>πέραν</span> <span class='ocrx_word' id='word_1_391' title='bbox 3710 2073 3811 2128; x_wconf 82' lang='grc' dir='ltr'><strong>τοῦ</strong></span> 
     </span>
    </p>
   </div>
   <div class='ocr_carea' id='block_1_51' title="bbox 2212 2166 3775 2239">
    <p class='ocr_par' dir='ltr' id='par_1_51' title="bbox 2212 2166 3775 2239">
     <span class='ocr_line' id='line_1_51' title="bbox 2212 2166 3775 2239; baseline -0.001 -18"><span class='ocrx_word' id='word_1_392' title='bbox 2212 2169 2497 2239; x_wconf 82' lang='grc' dir='ltr'>Ἰορδάνου.</span> <span class='ocrx_word' id='word_1_393' title='bbox 2527 2169 2643 2225; x_wconf 75' lang='grc' dir='ltr'>ἀλλ’</span> <span class='ocrx_word' id='word_1_394' title='bbox 2670 2169 2835 2236; x_wconf 80' lang='grc' dir='ltr'>ἐγγύς</span> <span class='ocrx_word' id='word_1_395' title='bbox 2865 2186 2969 2223; x_wconf 86' lang='grc' dir='ltr'><strong>που</strong></span> <span class='ocrx_word' id='word_1_396' title='bbox 3004 2170 3113 2221; x_wconf 72' lang='grc' dir='ltr'><strong>τῶν</strong></span> <span class='ocrx_word' id='word_1_397' title='bbox 3152 2167 3555 2239; x_wconf 76' lang='grc' dir='ltr'>Ἰεροσολύμων</span> <span class='ocrx_word' id='word_1_398' title='bbox 3592 2166 3775 2221; x_wconf 71' lang='grc' dir='ltr'>ἐστίν.</span> 
     </span>
    </p>
   </div>
   <div class='ocr_carea' id='block_1_52' title="bbox 2275 2258 3811 2330">
    <p class='ocr_par' dir='ltr' id='par_1_52' title="bbox 2275 2258 3811 2330">
     <span class='ocr_line' id='line_1_52' title="bbox 2275 2258 3811 2330; baseline -0.001 -19"><span class='ocrx_word' id='word_1_399' title='bbox 2275 2279 2293 2311; x_wconf 74' lang='grc' dir='ltr'><strong>ι</strong></span> <span class='ocrx_word' id='word_1_400' title='bbox 2324 2261 2403 2330; x_wconf 74' lang='grc' dir='ltr'><strong>Τῇ</strong></span> <span class='ocrx_word' id='word_1_401' title='bbox 2457 2260 2721 2329; x_wconf 76' lang='grc' dir='ltr'>ἐπαύριον</span> <span class='ocrx_word' id='word_1_402' title='bbox 2757 2260 2945 2330; x_wconf 78' lang='grc' dir='ltr'>βλέπει</span> <span class='ocrx_word' id='word_1_403' title='bbox 2981 2260 3059 2329; x_wconf 90' lang='lat' dir='ltr'><strong>(a)</strong></span> <span class='ocrx_word' id='word_1_404' title='bbox 3091 2260 3182 2313; x_wconf 86' lang='grc' dir='ltr'><strong>τὸν</strong></span> <span class='ocrx_word' id='word_1_405' title='bbox 3229 2258 3447 2328; x_wconf 79' lang='grc' dir='ltr'>Ἰησοῦν</span> <span class='ocrx_word' id='word_1_406' title='bbox 3500 2258 3811 2328; x_wconf 77' lang='grc' dir='ltr'>ἐρχόμενον</span> 
     </span>
    </p>
   </div>
   <div class='ocr_carea' id='block_1_53' title="bbox 2200 2352 3810 2423">
    <p class='ocr_par' dir='ltr' id='par_1_53' title="bbox 2200 2352 3810 2423">
     <span class='ocr_line' id='line_1_53' title="bbox 2200 2352 3810 2423; baseline -0.002 -17"><span class='ocrx_word' id='word_1_407' title='bbox 2200 2354 2337 2423; x_wconf 85' lang='grc' dir='ltr'>πρὸς</span> <span class='ocrx_word' id='word_1_408' title='bbox 2368 2353 2553 2417; x_wconf 82' lang='grc' dir='ltr'>αὐτὸν,</span> <span class='ocrx_word' id='word_1_409' title='bbox 2587 2354 2680 2406; x_wconf 76' lang='grc' dir='ltr'><strong>καὶ</strong></span> <span class='ocrx_word' id='word_1_410' title='bbox 2703 2352 2888 2420; x_wconf 79' lang='grc' dir='ltr'>λέγει’</span> <span class='ocrx_word' id='word_1_411' title='bbox 2924 2354 3028 2406; x_wconf 81' lang='grc' dir='ltr'>Ἴδε</span> <span class='ocrx_word' id='word_1_412' title='bbox 3060 2354 3088 2405; x_wconf 86' lang='lat'><strong>6</strong></span> <span class='ocrx_word' id='word_1_413' title='bbox 3118 2353 3292 2422; x_wconf 84' lang='grc' dir='ltr'>ἀμνὸς</span> <span class='ocrx_word' id='word_1_414' title='bbox 3334 2352 3430 2405; x_wconf 86' lang='grc' dir='ltr'><strong>τοῦ</strong></span> <span class='ocrx_word' id='word_1_415' title='bbox 3462 2353 3632 2415; x_wconf 81' lang='grc' dir='ltr'>Θεοῦ,</span> <span class='ocrx_word' id='word_1_416' title='bbox 3663 2352 3696 2405; x_wconf 88' lang='lat'><strong>6</strong></span> <span class='ocrx_word' id='word_1_417' title='bbox 3720 2352 3810 2405; x_wconf 81' lang='grc' dir='ltr'><strong>αἶ-</strong></span> 
     </span>
    </p>
   </div>
   <div class='ocr_carea' id='block_1_54' title="bbox 2205 2442 3811 2520">
    <p class='ocr_par' dir='ltr' id='par_1_54' title="bbox 2205 2442 3811 2520">
     <span class='ocr_line' id='line_1_54' title="bbox 2205 2442 3811 2520; baseline -0.004 -20"><span class='ocrx_word' id='word_1_418' title='bbox 2205 2465 2313 2517; x_wconf 88' lang='grc' dir='ltr'><strong>ρων</strong></span> <span class='ocrx_word' id='word_1_419' title='bbox 2344 2448 2444 2520; x_wconf 80' lang='grc' dir='ltr'><strong>τὴν</strong></span> <span class='ocrx_word' id='word_1_420' title='bbox 2479 2445 2756 2516; x_wconf 77' lang='grc' dir='ltr'>ἁμαρτίαν</span> <span class='ocrx_word' id='word_1_421' title='bbox 2786 2444 2879 2498; x_wconf 88' lang='grc' dir='ltr'><strong>τοῦ</strong></span> <span class='ocrx_word' id='word_1_422' title='bbox 2920 2447 3149 2514; x_wconf 89' lang='grc' dir='ltr'>κόσμου.</span> <span class='ocrx_word' id='word_1_423' title='bbox 3186 2464 3204 2496; x_wconf 73' lang='grc' dir='ltr'><strong>ι</strong></span> <span class='ocrx_word' id='word_1_424' title='bbox 3244 2444 3498 2514; x_wconf 81' lang='grc' dir='ltr'>Συνεχῶς</span> <span class='ocrx_word' id='word_1_425' title='bbox 3526 2444 3557 2495; x_wconf 96' lang='lat'><strong>6</strong></span> <span class='ocrx_word' id='word_1_426' title='bbox 3597 2442 3811 2513; x_wconf 79' lang='grc' dir='ltr'>Κύριος</span> 
     </span>
    </p>
   </div>
   <div class='ocr_carea' id='block_1_55' title="bbox 2202 2536 3809 2610">
    <p class='ocr_par' dir='ltr' id='par_1_55' title="bbox 2202 2536 3809 2610">
     <span class='ocr_line' id='line_1_55' title="bbox 2202 2536 3809 2610; baseline -0.002 -19"><span class='ocrx_word' id='word_1_427' title='bbox 2202 2538 2424 2609; x_wconf 74' lang='grc' dir='ltr'>ἔρχεται</span> <span class='ocrx_word' id='word_1_428' title='bbox 2453 2538 2587 2610; x_wconf 82' lang='grc' dir='ltr'>πρὸς</span> <span class='ocrx_word' id='word_1_429' title='bbox 2611 2538 2702 2591; x_wconf 85' lang='grc' dir='ltr'><strong>τὸν</strong></span> <span class='ocrx_word' id='word_1_430' title='bbox 2722 2536 3225 2608; x_wconf 79' lang='grc' dir='ltr'>Πρόδρομον’τίνος</span> <span class='ocrx_word' id='word_1_431' title='bbox 3251 2536 3554 2600; x_wconf 68' lang='lat' dir='ltr'><strong>Eva-xefo</strong></span> <span class='ocrx_word' id='word_1_432' title='bbox 3582 2536 3809 2596; x_wconf 81' lang='grc' dir='ltr'>πάντως</span> 
     </span>
    </p>
   </div>
   <div class='ocr_carea' id='block_1_56' title="bbox 2200 2624 3811 2702">
    <p class='ocr_par' dir='ltr' id='par_1_56' title="bbox 2200 2624 3811 2702">
     <span class='ocr_line' id='line_1_56' title="bbox 2200 2624 3811 2702; baseline -0.002 -17"><span class='ocrx_word' id='word_1_433' title='bbox 2200 2630 2388 2702; x_wconf 71' lang='grc' dir='ltr'>ιπειδὴ</span> <span class='ocrx_word' id='word_1_434' title='bbox 2417 2631 2492 2693; x_wconf 74' lang='grc' dir='ltr'>ὡς</span> <span class='ocrx_word' id='word_1_435' title='bbox 2521 2624 2603 2693; x_wconf 71' lang='grc' dir='ltr'>εἷς</span> <span class='ocrx_word' id='word_1_436' title='bbox 2641 2630 2751 2683; x_wconf 82' lang='grc' dir='ltr'>τῶν</span> <span class='ocrx_word' id='word_1_437' title='bbox 2793 2630 3005 2683; x_wconf 85' lang='grc' dir='ltr'>πολλῶν</span> <span class='ocrx_word' id='word_1_438' title='bbox 3035 2628 3340 2699; x_wconf 76' lang='grc' dir='ltr'>ἐϐαπτίσθη</span> <span class='ocrx_word' id='word_1_439' title='bbox 3366 2628 3461 2682; x_wconf 73' lang='grc' dir='ltr'>καὶ</span> <span class='ocrx_word' id='word_1_440' title='bbox 3497 2628 3670 2691; x_wconf 82' lang='grc' dir='ltr'>αὐτὸς</span> <span class='ocrx_word' id='word_1_441' title='bbox 3702 2629 3811 2682; x_wconf 71' lang='grc' dir='ltr'>ὑπὸ</span> 
     </span>
    </p>
   </div>
   <div class='ocr_carea' id='block_1_57' title="bbox 2213 2718 3808 2793">
    <p class='ocr_par' dir='ltr' id='par_1_57' title="bbox 2213 2718 3808 2793">
     <span class='ocr_line' id='line_1_57' title="bbox 2213 2718 3808 2793; baseline -0.005 -15"><span class='ocrx_word' id='word_1_442' title='bbox 2213 2725 2486 2791; x_wconf 82' lang='grc' dir='ltr'><strong>Ἰωάννου,</strong></span> <span class='ocrx_word' id='word_1_443' title='bbox 2524 2723 2612 2777; x_wconf 70' lang='grc' dir='ltr'>ἕνα</span> <span class='ocrx_word' id='word_1_444' title='bbox 2646 2724 2720 2793; x_wconf 81' lang='grc' dir='ltr'>μὴ</span> <span class='ocrx_word' id='word_1_445' title='bbox 2756 2722 3023 2793; x_wconf 85' lang='grc' dir='ltr'>νομίσωσί</span> <span class='ocrx_word' id='word_1_446' title='bbox 3057 2738 3221 2784; x_wconf 88' lang='grc' dir='ltr'>τινες,</span> <span class='ocrx_word' id='word_1_447' title='bbox 3258 2722 3339 2773; x_wconf 85' lang='grc' dir='ltr'>ὅτι</span> <span class='ocrx_word' id='word_1_448' title='bbox 3387 2721 3465 2783; x_wconf 84' lang='grc' dir='ltr'>ὡς</span> <span class='ocrx_word' id='word_1_449' title='bbox 3496 2718 3808 2789; x_wconf 74' lang='grc' dir='ltr'>ἁμαρτίαις</span> 
     </span>
    </p>
   </div>
   <div class='ocr_carea' id='block_1_58' title="bbox 2200 2811 3807 2887">
    <p class='ocr_par' dir='ltr' id='par_1_58' title="bbox 2200 2811 3807 2887">
     <span class='ocr_line' id='line_1_58' title="bbox 2200 2811 3807 2887; baseline -0.004 -18"><span class='ocrx_word' id='word_1_450' title='bbox 2200 2818 2383 2887; x_wconf 77' lang='grc' dir='ltr'>ἔνοχος</span> <span class='ocrx_word' id='word_1_451' title='bbox 2402 2816 2478 2871; x_wconf 84' lang='grc' dir='ltr'>ὢν</span> <span class='ocrx_word' id='word_1_452' title='bbox 2504 2818 2698 2886; x_wconf 76' lang='grc' dir='ltr'>ἐπίσης</span> <span class='ocrx_word' id='word_1_453' title='bbox 2715 2815 2853 2886; x_wconf 69' lang='lat' dir='ltr'><strong>(ﬂ),</strong></span> <span class='ocrx_word' id='word_1_454' title='bbox 2881 2815 2993 2878; x_wconf 82' lang='grc' dir='ltr'>τοῖς</span> <span class='ocrx_word' id='word_1_455' title='bbox 3019 2814 3200 2875; x_wconf 78' lang='grc' dir='ltr'>ἀλλοις</span> <span class='ocrx_word' id='word_1_456' title='bbox 3216 2812 3578 2875; x_wconf 75' lang='grc' dir='ltr'>ἐϐαπτίσατο,</span> <span class='ocrx_word' id='word_1_457' title='bbox 3596 2811 3807 2880; x_wconf 69' lang='grc' dir='ltr'>ταύτην</span> 
     </span>
    </p>
   </div>
   <div class='ocr_carea' id='block_1_59' title="bbox 2199 2903 3807 2982">
    <p class='ocr_par' dir='ltr' id='par_1_59' title="bbox 2199 2903 3807 2982">
     <span class='ocr_line' id='line_1_59' title="bbox 2199 2903 3807 2982; baseline -0.005 -19"><span class='ocrx_word' id='word_1_458' title='bbox 2199 2910 2297 2982; x_wconf 81' lang='grc' dir='ltr'><strong>τὴν</strong></span> <span class='ocrx_word' id='word_1_459' title='bbox 2332 2910 2589 2964; x_wconf 73' lang='grc' dir='ltr'>ὑπόνοιαν</span> <span class='ocrx_word' id='word_1_460' title='bbox 2613 2907 3011 2978; x_wconf 83' lang='grc' dir='ltr'>διορθώσασθαι</span> <span class='ocrx_word' id='word_1_461' title='bbox 3047 2906 3370 2977; x_wconf 82' lang='grc' dir='ltr'>βουλόμενος</span> <span class='ocrx_word' id='word_1_462' title='bbox 3398 2906 3426 2957; x_wconf 84' lang='grc' dir='ltr'><strong>ό</strong></span> <span class='ocrx_word' id='word_1_463' title='bbox 3457 2903 3807 2973; x_wconf 71' lang='grc' dir='ltr'>Βαπτιστὴς,</span> 
     </span>
    </p>
   </div>
   <div class='ocr_carea' id='block_1_60' title="bbox 518 2994 2096 3093">
    <p class='ocr_par' dir='ltr' id='par_1_60' title="bbox 518 2994 2096 3067">
     <span class='ocr_line' id='line_1_60' title="bbox 518 2994 2096 3067; baseline 0.001 -16"><span class='ocrx_word' id='word_1_464' title='bbox 518 3001 655 3053; x_wconf 87' lang='lat' dir='ltr'><strong>hanc</strong></span> <span class='ocrx_word' id='word_1_465' title='bbox 722 2994 1055 3067; x_wconf 85' lang='lat' dir='ltr'><strong>opinionem.</strong></span> <span class='ocrx_word' id='word_1_466' title='bbox 1104 2994 1234 3052; x_wconf 88' lang='lat' dir='ltr'><strong>Ideo</strong></span> <span class='ocrx_word' id='word_1_467' title='bbox 1281 3007 1334 3051; x_wconf 86' lang='lat' dir='ltr'><strong>et</strong></span> <span class='ocrx_word' id='word_1_468' title='bbox 1383 2995 1622 3066; x_wconf 80' lang='lat' dir='ltr'><strong>Baptista</strong></span> <span class='ocrx_word' id='word_1_469' title='bbox 1680 2998 1831 3060; x_wconf 80' lang='lat' dir='ltr'><strong>dicit,</strong></span> <span class='ocrx_word' id='word_1_470' title='bbox 1888 3018 1905 3049; x_wconf 77' lang='grc' dir='ltr'><strong>ι</strong></span> <span class='ocrx_word' id='word_1_471' title='bbox 1961 2999 2096 3053; x_wconf 78' lang='lat' dir='ltr'><strong>Ecce</strong></span> 
     </span>
    </p>
   </div>
   <div class='ocr_carea' id='block_1_61' title="bbox 2205 2994 3805 3093">
    <p class='ocr_par' dir='ltr' id='par_1_61' title="bbox 2205 2995 3805 3082">
     <span class='ocr_line' id='line_1_61' title="bbox 2205 2995 3805 3082; baseline -0.006 -27"><span class='ocrx_word' id='word_1_472' title='bbox 2205 3004 2397 3074; x_wconf 79' lang='grc' dir='ltr'>φησίν·</span> <span class='ocrx_word' id='word_1_473' title='bbox 2430 3022 2449 3053; x_wconf 80' lang='grc' dir='ltr'><strong>ι</strong></span> <span class='ocrx_word' id='word_1_474' title='bbox 2481 3001 2628 3057; x_wconf 84' lang='grc' dir='ltr'><strong>Ἱδεὸ</strong></span> <span class='ocrx_word' id='word_1_475' title='bbox 2659 3001 2833 3066; x_wconf 77' lang='grc' dir='ltr'>ἀμνὸς</span> <span class='ocrx_word' id='word_1_476' title='bbox 2864 2998 2957 3052; x_wconf 87' lang='grc' dir='ltr'><strong>τοῦ</strong></span> <span class='ocrx_word' id='word_1_477' title='bbox 2991 2998 3151 3061; x_wconf 84' lang='grc' dir='ltr'>Θεοῦ,</span> <span class='ocrx_word' id='word_1_478' title='bbox 3192 3001 3220 3053; x_wconf 88' lang='lat'><strong>6</strong></span> <span class='ocrx_word' id='word_1_479' title='bbox 3248 2998 3424 3082; x_wconf 75' lang='grc' dir='ltr'>αἴρων</span> <span class='ocrx_word' id='word_1_480' title='bbox 3457 2995 3557 3048; x_wconf 78' lang='grc' dir='ltr'><strong>τοῦ</strong></span> <span class='ocrx_word' id='word_1_481' title='bbox 3594 2997 3805 3065; x_wconf 71' lang='grc' dir='ltr'>κόσμον</span> 
     </span>
    </p>
   </div>
   <div class='ocr_carea' id='block_1_62' title="bbox 515 3088 2096 3165">
    <p class='ocr_par' dir='ltr' id='par_1_62' title="bbox 515 3088 2096 3162">
     <span class='ocr_line' id='line_1_62' title="bbox 515 3088 2096 3162; baseline 0.001 -19"><span class='ocrx_word' id='word_1_482' title='bbox 515 3108 686 3161; x_wconf 80' lang='lat' dir='ltr'><strong>agnus</strong></span> <span class='ocrx_word' id='word_1_483' title='bbox 718 3093 833 3162; x_wconf 78' lang='lat' dir='ltr'><strong>Dei,</strong></span> <span class='ocrx_word' id='word_1_484' title='bbox 856 3092 946 3161; x_wconf 85' lang='lat' dir='ltr'><strong>qui</strong></span> <span class='ocrx_word' id='word_1_485' title='bbox 985 3090 1126 3146; x_wconf 89' lang='lat' dir='ltr'><strong>tollit</strong></span> <span class='ocrx_word' id='word_1_486' title='bbox 1156 3100 1378 3160; x_wconf 80' lang='lat' dir='ltr'><strong>peccata</strong></span> <span class='ocrx_word' id='word_1_487' title='bbox 1412 3088 1613 3142; x_wconf 87' lang='lat' dir='ltr'><strong>mundi.</strong></span> <span class='ocrx_word' id='word_1_488' title='bbox 1644 3109 1661 3141; x_wconf 76' lang='grc' dir='ltr'><strong>ι</strong></span> <span class='ocrx_word' id='word_1_489' title='bbox 1693 3089 1824 3143; x_wconf 84' lang='lat' dir='ltr'><strong>Nam</strong></span> <span class='ocrx_word' id='word_1_490' title='bbox 1866 3094 1956 3159; x_wconf 84' lang='lat' dir='ltr'><strong>qui</strong></span> <span class='ocrx_word' id='word_1_491' title='bbox 1991 3105 2096 3144; x_wconf 80' lang='lat' dir='ltr'><strong>tum</strong></span> 
     </span>
    </p>
   </div>
   <div class='ocr_carea' id='block_1_63' title="bbox 2205 3088 3811 3165">
    <p class='ocr_par' dir='ltr' id='par_1_63' title="bbox 2205 3092 3811 3165">
     <span class='ocr_line' id='line_1_63' title="bbox 2205 3092 3811 3165; baseline -0.002 -16"><span class='ocrx_word' id='word_1_492' title='bbox 2205 3097 2301 3165; x_wconf 77' lang='grc' dir='ltr'>τὴν</span> <span class='ocrx_word' id='word_1_493' title='bbox 2333 3096 2631 3165; x_wconf 81' lang='grc' dir='ltr'>ἁμαρτίαν.</span> <span class='ocrx_word' id='word_1_494' title='bbox 2672 3113 2688 3144; x_wconf 83' lang='grc' dir='ltr'><strong>ι</strong></span> <span class='ocrx_word' id='word_1_495' title='bbox 2735 3094 2792 3146; x_wconf 90' lang='lat'><strong>&#39;0</strong></span> <span class='ocrx_word' id='word_1_496' title='bbox 2822 3094 2930 3163; x_wconf 87' lang='grc' dir='ltr'><strong>γάρ</strong></span> <span class='ocrx_word' id='word_1_497' title='bbox 2951 3092 3095 3146; x_wconf 74' lang='grc' dir='ltr'>οὕτω</span> <span class='ocrx_word' id='word_1_498' title='bbox 3136 3092 3563 3163; x_wconf 73' lang='grc' dir='ltr'>καθαρὸςζῶστε</span> <span class='ocrx_word' id='word_1_499' title='bbox 3597 3092 3698 3144; x_wconf 81' lang='grc' dir='ltr'><strong>καὶ</strong></span> <span class='ocrx_word' id='word_1_500' title='bbox 3739 3093 3811 3145; x_wconf 65' lang='grc' dir='ltr'><strong>τά</strong></span> 
     </span>
    </p>
   </div>
   <div class='ocr_carea' id='block_1_64' title="bbox 515 3184 2099 3256">
    <p class='ocr_par' dir='ltr' id='par_1_64' title="bbox 515 3184 2099 3256">
     <span class='ocr_line' id='line_1_64' title="bbox 515 3184 2099 3256; baseline 0.002 -19"><span class='ocrx_word' id='word_1_501' title='bbox 515 3202 680 3256; x_wconf 85' lang='lat' dir='ltr'><strong>purus</strong></span> <span class='ocrx_word' id='word_1_502' title='bbox 703 3196 805 3250; x_wconf 86' lang='lat' dir='ltr'><strong>est,</strong></span> <span class='ocrx_word' id='word_1_503' title='bbox 840 3197 897 3243; x_wconf 90' lang='lat' dir='ltr'><strong>ut</strong></span> <span class='ocrx_word' id='word_1_504' title='bbox 931 3187 1159 3249; x_wconf 75' lang='lat' dir='ltr'><strong>aliorum</strong></span> <span class='ocrx_word' id='word_1_505' title='bbox 1196 3195 1414 3253; x_wconf 78' lang='lat' dir='ltr'><strong>peccata</strong></span> <span class='ocrx_word' id='word_1_506' title='bbox 1455 3184 1643 3245; x_wconf 81' lang='lat' dir='ltr'><strong>tollere</strong></span> <span class='ocrx_word' id='word_1_507' title='bbox 1680 3194 1733 3239; x_wconf 92' lang='lat' dir='ltr'><strong>et</strong></span> <span class='ocrx_word' id='word_1_508' title='bbox 1764 3185 1982 3240; x_wconf 80' lang='lat' dir='ltr'><strong>abolere</strong></span> <span class='ocrx_word' id='word_1_509' title='bbox 2007 3203 2099 3240; x_wconf 81' lang='lat' dir='ltr'><strong>va-</strong></span> 
     </span>
    </p>
   </div>
   <div class='ocr_carea' id='block_1_65' title="bbox 516 3278 2097 3348">
    <p class='ocr_par' dir='ltr' id='par_1_65' title="bbox 516 3278 2097 3348">
     <span class='ocr_line' id='line_1_65' title="bbox 516 3278 2097 3348; baseline 0.001 -17"><span class='ocrx_word' id='word_1_510' title='bbox 516 3279 644 3345; x_wconf 78' lang='lat' dir='ltr'><strong>leat,</strong></span> <span class='ocrx_word' id='word_1_511' title='bbox 674 3278 1019 3343; x_wconf 82' lang='lat' dir='ltr'><strong>manifestum</strong></span> <span class='ocrx_word' id='word_1_512' title='bbox 1053 3281 1191 3348; x_wconf 83' lang='lat' dir='ltr'><strong>quod</strong></span> <span class='ocrx_word' id='word_1_513' title='bbox 1222 3295 1329 3341; x_wconf 85' lang='lat' dir='ltr'><strong>non</strong></span> <span class='ocrx_word' id='word_1_514' title='bbox 1360 3278 1633 3348; x_wconf 79' lang='lat' dir='ltr'><strong>acceperit</strong></span> <span class='ocrx_word' id='word_1_515' title='bbox 1667 3278 1951 3347; x_wconf 61' lang='lat' dir='ltr'><strong>aequaliter</strong></span> <span class='ocrx_word' id='word_1_516' title='bbox 1976 3296 2097 3334; x_wconf 88' lang='lat' dir='ltr'><strong>cum</strong></span> 
     </span>
    </p>
   </div>
   <div class='ocr_carea' id='block_1_66' title="bbox 513 3371 2102 3442">
    <p class='ocr_par' dir='ltr' id='par_1_66' title="bbox 513 3371 2102 3442">
     <span class='ocr_line' id='line_1_66' title="bbox 513 3371 2102 3442; baseline -0.003 -14"><span class='ocrx_word' id='word_1_517' title='bbox 513 3373 635 3428; x_wconf 85' lang='lat' dir='ltr'><strong>aliis</strong></span> <span class='ocrx_word' id='word_1_518' title='bbox 674 3373 1038 3430; x_wconf 81' lang='lat' dir='ltr'><strong>confessionis</strong></span> <span class='ocrx_word' id='word_1_519' title='bbox 1072 3372 1365 3440; x_wconf 79' lang='lat' dir='ltr'><strong>baptisma.</strong></span> <span class='ocrx_word' id='word_1_520' title='bbox 1406 3371 1644 3440; x_wconf 81' lang='lat' dir='ltr'><strong>Exquire</strong></span> <span class='ocrx_word' id='word_1_521' title='bbox 1672 3382 1853 3425; x_wconf 91' lang='lat' dir='ltr'><strong>autem</strong></span> <span class='ocrx_word' id='word_1_522' title='bbox 1880 3371 2102 3442; x_wconf 80' lang='lat' dir='ltr'><strong>diligen-</strong></span> 
     </span>
    </p>
   </div>
   <div class='ocr_carea' id='block_1_67' title="bbox 516 3463 2099 3534">
    <p class='ocr_par' dir='ltr' id='par_1_67' title="bbox 516 3463 2099 3534">
     <span class='ocr_line' id='line_1_67' title="bbox 516 3463 2099 3534; baseline 0.001 -16"><span class='ocrx_word' id='word_1_523' title='bbox 516 3466 598 3519; x_wconf 88' lang='lat' dir='ltr'><strong>ter</strong></span> <span class='ocrx_word' id='word_1_524' title='bbox 618 3465 718 3519; x_wconf 87' lang='lat' dir='ltr'><strong>hoc</strong></span> <span class='ocrx_word' id='word_1_525' title='bbox 744 3465 965 3523; x_wconf 82' lang='lat' dir='ltr'><strong>dictum.</strong></span> <span class='ocrx_word' id='word_1_526' title='bbox 999 3483 1017 3516; x_wconf 77' lang='grc' dir='ltr'><strong>ι</strong></span> <span class='ocrx_word' id='word_1_527' title='bbox 1054 3463 1193 3519; x_wconf 89' lang='lat' dir='ltr'><strong>Ecce</strong></span> <span class='ocrx_word' id='word_1_528' title='bbox 1224 3479 1394 3534; x_wconf 86' lang='lat' dir='ltr'><strong>agnus</strong></span> <span class='ocrx_word' id='word_1_529' title='bbox 1418 3464 1507 3518; x_wconf 90' lang='lat' dir='ltr'><strong>ille</strong></span> <span class='ocrx_word' id='word_1_530' title='bbox 1537 3463 1630 3518; x_wconf 89' lang='lat' dir='ltr'><strong>Dei</strong></span> <span class='ocrx_word' id='word_1_531' title='bbox 1669 3481 1682 3515; x_wconf 87' lang='lat'><strong>:</strong></span> <span class='ocrx_word' id='word_1_532' title='bbox 1718 3484 1738 3525; x_wconf 66' lang='grc' dir='ltr'><strong>ι</strong></span> <span class='ocrx_word' id='word_1_533' title='bbox 1770 3464 1892 3533; x_wconf 89' lang='lat' dir='ltr'><strong>quia</strong></span> <span class='ocrx_word' id='word_1_534' title='bbox 1922 3479 2099 3521; x_wconf 88' lang='lat' dir='ltr'><strong>sermo</strong></span> 
     </span>
    </p>
   </div>
   <div class='ocr_carea' id='block_1_68' title="bbox 513 3557 2099 3627">
    <p class='ocr_par' dir='ltr' id='par_1_68' title="bbox 513 3557 2099 3627">
     <span class='ocr_line' id='line_1_68' title="bbox 513 3557 2099 3627; baseline 0.001 -16"><span class='ocrx_word' id='word_1_535' title='bbox 513 3568 598 3611; x_wconf 90' lang='lat' dir='ltr'><strong>est</strong></span> <span class='ocrx_word' id='word_1_536' title='bbox 628 3558 691 3609; x_wconf 91' lang='lat' dir='ltr'><strong>ad</strong></span> <span class='ocrx_word' id='word_1_537' title='bbox 727 3558 1010 3627; x_wconf 87' lang='lat' dir='ltr'><strong>cupientes</strong></span> <span class='ocrx_word' id='word_1_538' title='bbox 1054 3568 1108 3610; x_wconf 92' lang='lat' dir='ltr'><strong>ct</strong></span> <span class='ocrx_word' id='word_1_539' title='bbox 1149 3564 1459 3627; x_wconf 62' lang='lat' dir='ltr'><strong>quaerentes</strong></span> <span class='ocrx_word' id='word_1_540' title='bbox 1496 3557 1681 3611; x_wconf 88' lang='lat' dir='ltr'><strong>videre</strong></span> <span class='ocrx_word' id='word_1_541' title='bbox 1716 3557 1867 3611; x_wconf 92' lang='lat' dir='ltr'><strong>illum</strong></span> <span class='ocrx_word' id='word_1_542' title='bbox 1902 3574 2099 3627; x_wconf 79' lang='lat' dir='ltr'><strong>agnum</strong></span> 
     </span>
    </p>
   </div>
   <div class='ocr_carea' id='block_1_69' title="bbox 515 3649 2101 3721">
    <p class='ocr_par' dir='ltr' id='par_1_69' title="bbox 515 3649 2101 3721">
     <span class='ocr_line' id='line_1_69' title="bbox 515 3649 2101 3721; baseline 0.003 -20"><span class='ocrx_word' id='word_1_543' title='bbox 515 3651 607 3719; x_wconf 87' lang='lat' dir='ltr'><strong>qui</strong></span> <span class='ocrx_word' id='word_1_544' title='bbox 641 3650 709 3705; x_wconf 77' lang='lat' dir='ltr'><strong>ab</strong></span> <span class='ocrx_word' id='word_1_545' title='bbox 736 3649 867 3703; x_wconf 88' lang='lat' dir='ltr'><strong>Isaia</strong></span> <span class='ocrx_word' id='word_1_546' title='bbox 905 3650 1193 3721; x_wconf 61' lang='lat' dir='ltr'><strong>praedictus</strong></span> <span class='ocrx_word' id='word_1_547' title='bbox 1218 3661 1318 3704; x_wconf 88' lang='lat' dir='ltr'><strong>est.</strong></span> <span class='ocrx_word' id='word_1_548' title='bbox 1378 3652 1539 3714; x_wconf 85' lang='lat' dir='ltr'><strong>Ecce,</strong></span> <span class='ocrx_word' id='word_1_549' title='bbox 1578 3652 1774 3719; x_wconf 85' lang='lat' dir='ltr'><strong>inquit,</strong></span> <span class='ocrx_word' id='word_1_550' title='bbox 1812 3667 1980 3720; x_wconf 77' lang='lat' dir='ltr'><strong>agnus</strong></span> <span class='ocrx_word' id='word_1_551' title='bbox 2011 3651 2101 3708; x_wconf 87' lang='lat' dir='ltr'><strong>ille</strong></span> 
     </span>
    </p>
   </div>
   <div class='ocr_carea' id='block_1_70' title="bbox 515 3744 2098 3817">
    <p class='ocr_par' dir='ltr' id='par_1_70' title="bbox 515 3744 2098 3817">
     <span class='ocr_line' id='line_1_70' title="bbox 515 3744 2098 3817; baseline 0.003 -21"><span class='ocrx_word' id='word_1_552' title='bbox 515 3745 604 3813; x_wconf 79' lang='lat' dir='ltr'><strong>qui</strong></span> <span class='ocrx_word' id='word_1_553' title='bbox 651 3746 933 3813; x_wconf 82' lang='lat' dir='ltr'><strong>quaeritur,</strong></span> <span class='ocrx_word' id='word_1_554' title='bbox 966 3760 1093 3799; x_wconf 90' lang='lat' dir='ltr'><strong>ecce</strong></span> <span class='ocrx_word' id='word_1_555' title='bbox 1143 3748 1316 3808; x_wconf 84' lang='lat' dir='ltr'><strong>adest.</strong></span> <span class='ocrx_word' id='word_1_556' title='bbox 1386 3744 1685 3800; x_wconf 87' lang='lat' dir='ltr'><strong>Probabile</strong></span> <span class='ocrx_word' id='word_1_557' title='bbox 1712 3745 1861 3799; x_wconf 87' lang='lat' dir='ltr'><strong>enim</strong></span> <span class='ocrx_word' id='word_1_558' title='bbox 1902 3745 2098 3817; x_wconf 68' lang='lat' dir='ltr'><strong>multos</strong></span> 
     </span>
    </p>
   </div>
   <div class='ocr_carea' id='block_1_71' title="bbox 526 3837 2097 3907">
    <p class='ocr_par' dir='ltr' id='par_1_71' title="bbox 526 3837 2097 3907">
     <span class='ocr_line' id='line_1_71' title="bbox 526 3837 2097 3907; baseline 0.003 -18"><span class='ocrx_word' id='word_1_559' title='bbox 526 3838 844 3906; x_wconf 85' lang='lat' dir='ltr'><strong>prephetico</strong></span> <span class='ocrx_word' id='word_1_560' title='bbox 917 3838 1058 3895; x_wconf 89' lang='lat' dir='ltr'><strong>libro</strong></span> <span class='ocrx_word' id='word_1_561' title='bbox 1115 3837 1271 3901; x_wconf 73' lang='lat' dir='ltr'><strong>Isaia:</strong></span> <span class='ocrx_word' id='word_1_562' title='bbox 1336 3839 1559 3893; x_wconf 83' lang='lat' dir='ltr'><strong>edoctos</strong></span> <span class='ocrx_word' id='word_1_563' title='bbox 1589 3838 1906 3905; x_wconf 69' lang='lat' dir='ltr'><strong>quaesivisse</strong></span> <span class='ocrx_word' id='word_1_564' title='bbox 1944 3838 2097 3907; x_wconf 79' lang='lat' dir='ltr'><strong>quis-</strong></span> 
     </span>
    </p>
   </div>
   <div class='ocr_carea' id='block_1_72' title="bbox 516 3929 2095 4000">
    <p class='ocr_par' dir='ltr' id='par_1_72' title="bbox 516 3929 2095 4000">
     <span class='ocr_line' id='line_1_72' title="bbox 516 3929 2095 4000; baseline 0.002 -19"><span class='ocrx_word' id='word_1_565' title='bbox 516 3946 637 3983; x_wconf 84' lang='lat' dir='ltr'><strong>n.nn</strong></span> <span class='ocrx_word' id='word_1_566' title='bbox 664 3931 753 3985; x_wconf 87' lang='lat' dir='ltr'><strong>ille</strong></span> <span class='ocrx_word' id='word_1_567' title='bbox 774 3945 947 3999; x_wconf 81' lang='lat' dir='ltr'><strong>agnus</strong></span> <span class='ocrx_word' id='word_1_568' title='bbox 968 3929 1572 4000; x_wconf 71' lang='lat' dir='ltr'><strong>esset.,lgitur.l,oannes</strong></span> <span class='ocrx_word' id='word_1_569' title='bbox 1595 3932 1929 3986; x_wconf 88' lang='lat' dir='ltr'><strong>demonstrat</strong></span> <span class='ocrx_word' id='word_1_570' title='bbox 1949 3945 2095 3988; x_wconf 91' lang='lat' dir='ltr'><strong>eum.</strong></span> 
     </span>
    </p>
   </div>
   <div class='ocr_carea' id='block_1_73' title="bbox 518 4008 2091 4097">
    <p class='ocr_par' dir='ltr' id='par_1_73' title="bbox 518 4008 2091 4097">
     <span class='ocr_line' id='line_1_73' title="bbox 518 4008 2091 4097; baseline -0.001 -25"><span class='ocrx_word' id='word_1_571' title='bbox 518 4020 628 4075; x_wconf 85' lang='lat' dir='ltr'><strong>Non</strong></span> <span class='ocrx_word' id='word_1_572' title='bbox 666 4022 805 4077; x_wconf 79' lang='lat' dir='ltr'><strong>dixit</strong></span> <span class='ocrx_word' id='word_1_573' title='bbox 839 4008 1044 4087; x_wconf 4' lang='lat' dir='ltr'><strong>anilem,</strong></span> <span class='ocrx_word' id='word_1_574' title='bbox 1077 4038 1270 4092; x_wconf 86' lang='lat' dir='ltr'><strong>agnus,</strong></span> <span class='ocrx_word' id='word_1_575' title='bbox 1332 4023 1428 4077; x_wconf 84' lang='lat' dir='ltr'><strong>sed</strong></span> <span class='ocrx_word' id='word_1_576' title='bbox 1467 4022 1622 4087; x_wconf 90' lang='lat' dir='ltr'><strong>dixit,</strong></span> <span class='ocrx_word' id='word_1_577' title='bbox 1662 4041 1680 4072; x_wconf 78' lang='grc' dir='ltr'><strong>ι</strong></span> <span class='ocrx_word' id='word_1_578' title='bbox 1723 4022 1815 4097; x_wconf 85' lang='lat' dir='ltr'><strong>ille</strong></span> <span class='ocrx_word' id='word_1_579' title='bbox 1841 4037 2031 4092; x_wconf 88' lang='lat' dir='ltr'><strong>agnus.</strong></span> <span class='ocrx_word' id='word_1_580' title='bbox 2072 4038 2091 4071; x_wconf 76' lang='grc' dir='ltr'><strong>ι</strong></span> 
     </span>
    </p>
   </div>
   <div class='ocr_carea' id='block_1_74' title="bbox 515 4113 2098 4185">
    <p class='ocr_par' dir='ltr' id='par_1_74' title="bbox 515 4113 2098 4185">
     <span class='ocr_line' id='line_1_74' title="bbox 515 4113 2098 4185; baseline 0.002 -18"><span class='ocrx_word' id='word_1_581' title='bbox 515 4113 649 4167; x_wconf 85' lang='lat' dir='ltr'><strong>Nam</strong></span> <span class='ocrx_word' id='word_1_582' title='bbox 679 4114 830 4171; x_wconf 88' lang='lat' dir='ltr'><strong>multi</strong></span> <span class='ocrx_word' id='word_1_583' title='bbox 862 4116 1079 4185; x_wconf 88' lang='lat' dir='ltr'><strong>quidem</strong></span> <span class='ocrx_word' id='word_1_584' title='bbox 1112 4114 1257 4184; x_wconf 84' lang='lat' dir='ltr'><strong>agni,</strong></span> <span class='ocrx_word' id='word_1_585' title='bbox 1283 4116 1423 4167; x_wconf 89' lang='lat' dir='ltr'><strong>sicut</strong></span> <span class='ocrx_word' id='word_1_586' title='bbox 1451 4124 1507 4169; x_wconf 87' lang='lat' dir='ltr'><strong>et</strong></span> <span class='ocrx_word' id='word_1_587' title='bbox 1541 4114 1695 4167; x_wconf 88' lang='lat' dir='ltr'><strong>multi</strong></span> <span class='ocrx_word' id='word_1_588' title='bbox 1724 4113 1924 4169; x_wconf 83' lang='lat' dir='ltr'><strong>Christi</strong></span> <span class='ocrx_word' id='word_1_589' title='bbox 1951 4132 1969 4170; x_wconf 73' lang='grc' dir='ltr'><strong>ε</strong></span> <span class='ocrx_word' id='word_1_590' title='bbox 2004 4117 2098 4170; x_wconf 86' lang='lat' dir='ltr'><strong>sed</strong></span> 
     </span>
    </p>
   </div>
   <div class='ocr_carea' id='block_1_75' title="bbox 518 4206 2101 4279">
    <p class='ocr_par' dir='ltr' id='par_1_75' title="bbox 518 4206 2101 4279">
     <span class='ocr_line' id='line_1_75' title="bbox 518 4206 2101 4279; baseline 0.003 -21"><span class='ocrx_word' id='word_1_591' title='bbox 518 4208 606 4261; x_wconf 89' lang='lat' dir='ltr'><strong>ille</strong></span> <span class='ocrx_word' id='word_1_592' title='bbox 661 4216 745 4261; x_wconf 91' lang='lat' dir='ltr'><strong>cst</strong></span> <span class='ocrx_word' id='word_1_593' title='bbox 790 4223 950 4271; x_wconf 83' lang='lat' dir='ltr'><strong>verus</strong></span> <span class='ocrx_word' id='word_1_594' title='bbox 990 4222 1165 4274; x_wconf 84' lang='lat' dir='ltr'><strong>agnus</strong></span> <span class='ocrx_word' id='word_1_595' title='bbox 1217 4207 1372 4276; x_wconf 87' lang='lat' dir='ltr'><strong>quia</strong></span> <span class='ocrx_word' id='word_1_596' title='bbox 1420 4206 1567 4261; x_wconf 83' lang='lat' dir='ltr'><strong>Mose</strong></span> <span class='ocrx_word' id='word_1_597' title='bbox 1619 4209 1899 4279; x_wconf 80' lang='lat' dir='ltr'><strong>ﬁguratur,</strong></span> <span class='ocrx_word' id='word_1_598' title='bbox 1931 4219 1986 4262; x_wconf 90' lang='lat' dir='ltr'><strong>et</strong></span> <span class='ocrx_word' id='word_1_599' title='bbox 2032 4211 2101 4263; x_wconf 86' lang='lat' dir='ltr'><strong>ab</strong></span> 
     </span>
    </p>
   </div>
   <div class='ocr_carea' id='block_1_76' title="bbox 515 4300 2096 4369">
    <p class='ocr_par' dir='ltr' id='par_1_76' title="bbox 515 4300 2096 4369">
     <span class='ocr_line' id='line_1_76' title="bbox 515 4300 2096 4369; baseline 0.001 -16"><span class='ocrx_word' id='word_1_600' title='bbox 515 4300 650 4356; x_wconf 84' lang='lat' dir='ltr'><strong>Isaia</strong></span> <span class='ocrx_word' id='word_1_601' title='bbox 690 4301 1023 4369; x_wconf 64' lang='lat' dir='ltr'><strong>praediciti”.</strong></span> <span class='ocrx_word' id='word_1_602' title='bbox 1062 4300 1230 4360; x_wconf 83' lang='lat' dir='ltr'><strong>Porro</strong></span> <span class='ocrx_word' id='word_1_603' title='bbox 1266 4304 1435 4368; x_wconf 76' lang='lat' dir='ltr'><strong>agnus</strong></span> <span class='ocrx_word' id='word_1_604' title='bbox 1502 4300 1600 4358; x_wconf 80' lang='lat' dir='ltr'><strong>Dei</strong></span> <span class='ocrx_word' id='word_1_605' title='bbox 1644 4301 1846 4355; x_wconf 86' lang='lat' dir='ltr'><strong>dicitur</strong></span> <span class='ocrx_word' id='word_1_606' title='bbox 1909 4301 2096 4355; x_wconf 82' lang='lat' dir='ltr'><strong>Chris-</strong></span> 
     </span>
    </p>
   </div>
   <div class='ocr_carea' id='block_1_77' title="bbox 2202 3184 3806 3255">
    <p class='ocr_par' dir='ltr' id='par_1_77' title="bbox 2202 3184 3806 3255">
     <span class='ocr_line' id='line_1_77' title="bbox 2202 3184 3806 3255; baseline -0.002 -16"><span class='ocrx_word' id='word_1_607' title='bbox 2202 3188 2311 3239; x_wconf 78' lang='grc' dir='ltr'><strong>τῶν</strong></span> <span class='ocrx_word' id='word_1_608' title='bbox 2342 3185 2518 3249; x_wconf 73' lang='grc' dir='ltr'>ἄλλων</span> <span class='ocrx_word' id='word_1_609' title='bbox 2550 3186 2928 3255; x_wconf 80' lang='grc' dir='ltr'>ἁμαρτήματα</span> <span class='ocrx_word' id='word_1_610' title='bbox 2956 3187 3134 3254; x_wconf 78' lang='grc' dir='ltr'>αἴρειν</span> <span class='ocrx_word' id='word_1_611' title='bbox 3182 3186 3276 3238; x_wconf 74' lang='grc' dir='ltr'><strong>καὶ</strong></span> <span class='ocrx_word' id='word_1_612' title='bbox 3314 3184 3637 3253; x_wconf 74' lang='grc' dir='ltr'>ἀφανίζειν,</span> <span class='ocrx_word' id='word_1_613' title='bbox 3672 3186 3806 3255; x_wconf 77' lang='grc' dir='ltr'>πρό-</span> 
     </span>
    </p>
   </div>
   <div class='ocr_carea' id='block_1_78' title="bbox 2202 3277 3806 3348">
    <p class='ocr_par' dir='ltr' id='par_1_78' title="bbox 2202 3277 3806 3348">
     <span class='ocr_line' id='line_1_78' title="bbox 2202 3277 3806 3348; baseline -0.001 -16"><span class='ocrx_word' id='word_1_614' title='bbox 2202 3278 2383 3348; x_wconf 83' lang='grc' dir='ltr'>δηλον,</span> <span class='ocrx_word' id='word_1_615' title='bbox 2418 3280 2500 3332; x_wconf 73' lang='grc' dir='ltr'>ὅτι</span> <span class='ocrx_word' id='word_1_616' title='bbox 2528 3278 2628 3333; x_wconf 69' lang='grc' dir='ltr'><strong>οὐκ</strong></span> <span class='ocrx_word' id='word_1_617' title='bbox 2662 3278 2730 3332; x_wconf 85' lang='grc' dir='ltr'><strong>ἂν</strong></span> <span class='ocrx_word' id='word_1_618' title='bbox 2769 3278 2829 3330; x_wconf 84' lang='grc' dir='ltr'><strong>τὸ</strong></span> <span class='ocrx_word' id='word_1_619' title='bbox 2856 3277 2958 3346; x_wconf 85' lang='grc' dir='ltr'>τῆς</span> <span class='ocrx_word' id='word_1_620' title='bbox 3012 3278 3459 3347; x_wconf 77' lang='grc' dir='ltr'>ἐξομολογήσεως</span> <span class='ocrx_word' id='word_1_621' title='bbox 3508 3278 3806 3348; x_wconf 74' lang='grc' dir='ltr'>βάπτισμα</span> 
     </span>
    </p>
   </div>
   <div class='ocr_carea' id='block_1_79' title="bbox 2202 3371 3806 3441">
    <p class='ocr_par' dir='ltr' id='par_1_79' title="bbox 2202 3371 3806 3441">
     <span class='ocr_line' id='line_1_79' title="bbox 2202 3371 3806 3441; baseline 0 -18"><span class='ocrx_word' id='word_1_622' title='bbox 2202 3373 2399 3441; x_wconf 77' lang='grc' dir='ltr'>ἐπίσης</span> <span class='ocrx_word' id='word_1_623' title='bbox 2425 3373 2538 3435; x_wconf 81' lang='grc' dir='ltr'>τοῖς</span> <span class='ocrx_word' id='word_1_624' title='bbox 2578 3372 2762 3435; x_wconf 86' lang='grc' dir='ltr'>ἀλλοις</span> <span class='ocrx_word' id='word_1_625' title='bbox 2792 3371 3033 3438; x_wconf 75' lang='grc' dir='ltr'>ἐδέξατο.</span> <span class='ocrx_word' id='word_1_626' title='bbox 3072 3372 3355 3438; x_wconf 78' lang='grc' dir='ltr'>Ἐξέτασον</span> <span class='ocrx_word' id='word_1_627' title='bbox 3384 3371 3440 3424; x_wconf 82' lang='grc' dir='ltr'>δέ</span> <span class='ocrx_word' id='word_1_628' title='bbox 3473 3388 3566 3440; x_wconf 93' lang='grc' dir='ltr'><strong>μοι</strong></span> <span class='ocrx_word' id='word_1_629' title='bbox 3617 3372 3717 3426; x_wconf 76' lang='grc' dir='ltr'><strong>καὶ</strong></span> <span class='ocrx_word' id='word_1_630' title='bbox 3746 3373 3806 3423; x_wconf 57' lang='grc' dir='ltr'>τθ</span> 
     </span>
    </p>
   </div>
   <div class='ocr_carea' id='block_1_80' title="bbox 2203 3463 3805 3535">
    <p class='ocr_par' dir='ltr' id='par_1_80' title="bbox 2203 3463 3805 3535">
     <span class='ocr_line' id='line_1_80' title="bbox 2203 3463 3805 3535; baseline -0.001 -19"><span class='ocrx_word' id='word_1_631' title='bbox 2203 3465 2369 3535; x_wconf 76' lang='grc' dir='ltr'>ῥητόν</span> <span class='ocrx_word' id='word_1_632' title='bbox 2388 3481 2399 3493; x_wconf 95' lang='grc'><strong>·</strong></span> <span class='ocrx_word' id='word_1_633' title='bbox 2423 3483 2442 3514; x_wconf 78' lang='grc' dir='ltr'><strong>ι</strong></span> <span class='ocrx_word' id='word_1_634' title='bbox 2471 3465 2574 3525; x_wconf 82' lang='grc' dir='ltr'>Ἴδε</span> <span class='ocrx_word' id='word_1_635' title='bbox 2600 3466 2627 3518; x_wconf 90' lang='lat'><strong>6</strong></span> <span class='ocrx_word' id='word_1_636' title='bbox 2654 3464 2827 3534; x_wconf 80' lang='grc' dir='ltr'>ἀμνὸς</span> <span class='ocrx_word' id='word_1_637' title='bbox 2853 3464 2957 3517; x_wconf 83' lang='grc' dir='ltr'><strong>τοῦ</strong></span> <span class='ocrx_word' id='word_1_638' title='bbox 2980 3463 3139 3526; x_wconf 77' lang='grc' dir='ltr'>Θεοῦ,</span> <span class='ocrx_word' id='word_1_639' title='bbox 3155 3483 3172 3515; x_wconf 87' lang='grc' dir='ltr'><strong>ι</strong></span> <span class='ocrx_word' id='word_1_640' title='bbox 3191 3464 3267 3526; x_wconf 87' lang='grc' dir='ltr'>ὠς</span> <span class='ocrx_word' id='word_1_641' title='bbox 3289 3464 3426 3534; x_wconf 84' lang='grc' dir='ltr'>πρὸς</span> <span class='ocrx_word' id='word_1_642' title='bbox 3456 3464 3805 3534; x_wconf 77' lang='grc' dir='ltr'>ἐπιθυμοῦν-</span> 
     </span>
    </p>
   </div>
   <div class='ocr_carea' id='block_1_81' title="bbox 2200 3557 3803 3629">
    <p class='ocr_par' dir='ltr' id='par_1_81' title="bbox 2200 3557 3803 3629">
     <span class='ocr_line' id='line_1_81' title="bbox 2200 3557 3803 3629; baseline -0.001 -20"><span class='ocrx_word' id='word_1_643' title='bbox 2200 3575 2299 3621; x_wconf 87' lang='grc' dir='ltr'><strong>τας</strong></span> <span class='ocrx_word' id='word_1_644' title='bbox 2333 3558 2463 3611; x_wconf 84' lang='grc' dir='ltr'>ίδεῖν</span> <span class='ocrx_word' id='word_1_645' title='bbox 2492 3559 2584 3612; x_wconf 79' lang='grc' dir='ltr'><strong>τὸν</strong></span> <span class='ocrx_word' id='word_1_646' title='bbox 2610 3558 2715 3611; x_wconf 83' lang='grc' dir='ltr'><strong>ὑπὸ</strong></span> <span class='ocrx_word' id='word_1_647' title='bbox 2748 3558 2842 3611; x_wconf 79' lang='grc' dir='ltr'><strong>τοῦ</strong></span> <span class='ocrx_word' id='word_1_648' title='bbox 2887 3557 3117 3613; x_wconf 70' lang='grc' dir='ltr'>Ἠσαϊου</span> <span class='ocrx_word' id='word_1_649' title='bbox 3159 3557 3571 3627; x_wconf 79' lang='grc' dir='ltr'>κηρυττόμενον</span> <span class='ocrx_word' id='word_1_650' title='bbox 3602 3558 3803 3629; x_wconf 76' lang='grc' dir='ltr'>ἀμνὸν,</span> 
     </span>
    </p>
   </div>
   <div class='ocr_carea' id='block_1_82' title="bbox 2202 3649 3802 3720">
    <p class='ocr_par' dir='ltr' id='par_1_82' title="bbox 2202 3649 3802 3720">
     <span class='ocr_line' id='line_1_82' title="bbox 2202 3649 3802 3720; baseline 0.001 -17"><span class='ocrx_word' id='word_1_651' title='bbox 2202 3652 2231 3703; x_wconf 93' lang='lat'><strong>6</strong></span> <span class='ocrx_word' id='word_1_652' title='bbox 2274 3651 2431 3717; x_wconf 79' lang='grc' dir='ltr'>λόγος</span> <span class='ocrx_word' id='word_1_653' title='bbox 2482 3651 2650 3703; x_wconf 75' lang='grc' dir='ltr'>ἐστίν.</span> <span class='ocrx_word' id='word_1_654' title='bbox 2689 3650 2795 3703; x_wconf 84' lang='grc' dir='ltr'>Ἴδε</span> <span class='ocrx_word' id='word_1_655' title='bbox 2829 3654 2856 3703; x_wconf 90' lang='grc' dir='ltr'>ὀ</span> <span class='ocrx_word' id='word_1_656' title='bbox 2886 3650 3078 3719; x_wconf 79' lang='grc' dir='ltr'>ἀμνὸς,</span> <span class='ocrx_word' id='word_1_657' title='bbox 3131 3652 3318 3719; x_wconf 75' lang='grc' dir='ltr'>φησὶν.</span> <span class='ocrx_word' id='word_1_658' title='bbox 3358 3652 3387 3704; x_wconf 88' lang='lat'><strong>6</strong></span> <span class='ocrx_word' id='word_1_659' title='bbox 3433 3649 3802 3720; x_wconf 67' lang='grc' dir='ltr'>ζητούμενος,</span> 
     </span>
    </p>
   </div>
   <div class='ocr_carea' id='block_1_83' title="bbox 2202 3742 3803 3813">
    <p class='ocr_par' dir='ltr' id='par_1_83' title="bbox 2202 3742 3803 3813">
     <span class='ocr_line' id='line_1_83' title="bbox 2202 3742 3803 3813; baseline -0.001 -17"><span class='ocrx_word' id='word_1_660' title='bbox 2202 3745 2408 3806; x_wconf 74' lang='grc' dir='ltr'>ἐκεῖνος</span> <span class='ocrx_word' id='word_1_661' title='bbox 2460 3744 2487 3795; x_wconf 90' lang='lat'><strong>6</strong></span> <span class='ocrx_word' id='word_1_662' title='bbox 2514 3743 2684 3811; x_wconf 84' lang='grc' dir='ltr'>ἀμνὸς</span> <span class='ocrx_word' id='word_1_663' title='bbox 2717 3743 2827 3795; x_wconf 72' lang='grc' dir='ltr'>ἰδοὺ</span> <span class='ocrx_word' id='word_1_664' title='bbox 2858 3744 3145 3812; x_wconf 81' lang='grc' dir='ltr'>πάρεστιν.</span> <span class='ocrx_word' id='word_1_665' title='bbox 3179 3744 3342 3807; x_wconf 83' lang='grc' dir='ltr'>Εἰκὸς</span> <span class='ocrx_word' id='word_1_666' title='bbox 3396 3744 3529 3813; x_wconf 79' lang='grc' dir='ltr'>γὰρ,</span> <span class='ocrx_word' id='word_1_667' title='bbox 3568 3742 3803 3805; x_wconf 79' lang='grc' dir='ltr'>πολλοὺς</span> 
     </span>
    </p>
   </div>
   <div class='ocr_carea' id='block_1_84' title="bbox 2201 3834 3802 3907">
    <p class='ocr_par' dir='ltr' id='par_1_84' title="bbox 2201 3834 3802 3907">
     <span class='ocr_line' id='line_1_84' title="bbox 2201 3834 3802 3907; baseline -0.005 -20"><span class='ocrx_word' id='word_1_668' title='bbox 2201 3837 2267 3905; x_wconf 85' lang='grc' dir='ltr'>τῇ</span> <span class='ocrx_word' id='word_1_669' title='bbox 2298 3838 2608 3905; x_wconf 76' lang='grc' dir='ltr'>προφητικῇ</span> <span class='ocrx_word' id='word_1_670' title='bbox 2652 3835 2747 3887; x_wconf 82' lang='grc' dir='ltr'><strong>τοῦ</strong></span> <span class='ocrx_word' id='word_1_671' title='bbox 2790 3835 3010 3889; x_wconf 78' lang='grc' dir='ltr'>Ἠσαίου</span> <span class='ocrx_word' id='word_1_672' title='bbox 3067 3834 3235 3904; x_wconf 77' lang='grc' dir='ltr'>βίϐλῳ</span> <span class='ocrx_word' id='word_1_673' title='bbox 3282 3834 3802 3907; x_wconf 61' lang='grc' dir='ltr'>ὲμμελιτήσαιιτας,</span> 
     </span>
    </p>
   </div>
   <div class='ocr_carea' id='block_1_85' title="bbox 2202 3926 3801 3997">
    <p class='ocr_par' dir='ltr' id='par_1_85' title="bbox 2202 3926 3801 3997">
     <span class='ocr_line' id='line_1_85' title="bbox 2202 3926 3801 3997; baseline 0.003 -20"><span class='ocrx_word' id='word_1_674' title='bbox 2202 3928 2388 3997; x_wconf 78' lang='grc' dir='ltr'>ζητεῖν</span> <span class='ocrx_word' id='word_1_675' title='bbox 2415 3928 2495 3990; x_wconf 87' lang='grc' dir='ltr'><strong>τίς</strong></span> <span class='ocrx_word' id='word_1_676' title='bbox 2531 3927 2597 3980; x_wconf 80' lang='grc' dir='ltr'><strong>ἂν</strong></span> <span class='ocrx_word' id='word_1_677' title='bbox 2628 3926 2714 3996; x_wconf 74' lang='grc' dir='ltr'>εἴη</span> <span class='ocrx_word' id='word_1_678' title='bbox 2748 3929 2775 3979; x_wconf 92' lang='lat'><strong>6</strong></span> <span class='ocrx_word' id='word_1_679' title='bbox 2820 3927 3010 3997; x_wconf 84' lang='grc' dir='ltr'>ἁμνός.</span> <span class='ocrx_word' id='word_1_680' title='bbox 3050 3928 3109 3980; x_wconf 76' lang='grc' dir='ltr'>ὐ</span> <span class='ocrx_word' id='word_1_681' title='bbox 3134 3928 3313 3980; x_wconf 69' lang='grc' dir='ltr'>τοίνυν</span> <span class='ocrx_word' id='word_1_682' title='bbox 3372 3927 3635 3997; x_wconf 83' lang='grc' dir='ltr'>Ἰωάννης</span> <span class='ocrx_word' id='word_1_683' title='bbox 3666 3929 3801 3982; x_wconf 81' lang='grc' dir='ltr'>ὑπο-</span> 
     </span>
    </p>
   </div>
   <div class='ocr_carea' id='block_1_86' title="bbox 2200 4017 3803 4091">
    <p class='ocr_par' dir='ltr' id='par_1_86' title="bbox 2200 4017 3803 4091">
     <span class='ocr_line' id='line_1_86' title="bbox 2200 4017 3803 4091; baseline 0 -14"><span class='ocrx_word' id='word_1_684' title='bbox 2200 4022 2475 4083; x_wconf 79' lang='grc' dir='ltr'>δείκνυσιν</span> <span class='ocrx_word' id='word_1_685' title='bbox 2532 4021 2730 4076; x_wconf 80' lang='grc' dir='ltr'>αὐτόν·</span> <span class='ocrx_word' id='word_1_686' title='bbox 2789 4022 2889 4075; x_wconf 79' lang='grc' dir='ltr'><strong>οὐκ</strong></span> <span class='ocrx_word' id='word_1_687' title='bbox 2954 4017 3077 4075; x_wconf 79' lang='grc' dir='ltr'>εἷπε</span> <span class='ocrx_word' id='word_1_688' title='bbox 3152 4022 3230 4086; x_wconf 78' lang='grc' dir='ltr'>δὲ,</span> <span class='ocrx_word' id='word_1_689' title='bbox 3292 4021 3484 4091; x_wconf 86' lang='grc' dir='ltr'>ἀμνὸς,</span> <span class='ocrx_word' id='word_1_690' title='bbox 3538 4022 3681 4087; x_wconf 77' lang='grc' dir='ltr'>ἀλλ’,</span> <span class='ocrx_word' id='word_1_691' title='bbox 3722 4042 3741 4073; x_wconf 76' lang='grc' dir='ltr'><strong>ι</strong></span> <span class='ocrx_word' id='word_1_692' title='bbox 3775 4025 3803 4077; x_wconf 89' lang='lat'><strong>6</strong></span> 
     </span>
    </p>
   </div>
   <div class='ocr_carea' id='block_1_87' title="bbox 2202 4113 3802 4186">
    <p class='ocr_par' dir='ltr' id='par_1_87' title="bbox 2202 4113 3802 4186">
     <span class='ocr_line' id='line_1_87' title="bbox 2202 4113 3802 4186; baseline 0.001 -19"><span class='ocrx_word' id='word_1_693' title='bbox 2202 4116 2393 4185; x_wconf 87' lang='grc' dir='ltr'>άμνός.</span> <span class='ocrx_word' id='word_1_694' title='bbox 2430 4134 2450 4169; x_wconf 79' lang='grc' dir='ltr'><strong>ι</strong></span> <span class='ocrx_word' id='word_1_695' title='bbox 2486 4114 2679 4168; x_wconf 72' lang='grc' dir='ltr'>Πολλοὶ</span> <span class='ocrx_word' id='word_1_696' title='bbox 2714 4115 2813 4185; x_wconf 83' lang='grc' dir='ltr'>μὲν</span> <span class='ocrx_word' id='word_1_697' title='bbox 2860 4114 2971 4184; x_wconf 87' lang='grc' dir='ltr'>γὰρ</span> <span class='ocrx_word' id='word_1_698' title='bbox 3006 4114 3193 4184; x_wconf 71' lang='grc' dir='ltr'>ἀμνοὶ,</span> <span class='ocrx_word' id='word_1_699' title='bbox 3230 4113 3422 4186; x_wconf 81' lang='grc' dir='ltr'>ὥσπερ</span> <span class='ocrx_word' id='word_1_700' title='bbox 3476 4114 3575 4167; x_wconf 67' lang='grc' dir='ltr'><strong>καλ⁸</strong></span> <span class='ocrx_word' id='word_1_701' title='bbox 3612 4115 3802 4168; x_wconf 75' lang='grc' dir='ltr'>πολλοὶ</span> 
     </span>
    </p>
   </div>
   <div class='ocr_carea' id='block_1_88' title="bbox 2204 4204 3800 4277">
    <p class='ocr_par' dir='ltr' id='par_1_88' title="bbox 2204 4204 3800 4277">
     <span class='ocr_line' id='line_1_88' title="bbox 2204 4204 3800 4277; baseline -0.001 -17"><span class='ocrx_word' id='word_1_702' title='bbox 2204 4206 2431 4277; x_wconf 81' lang='grc' dir='ltr'>Χρ,ιστοί</span> <span class='ocrx_word' id='word_1_703' title='bbox 2456 4222 2469 4235; x_wconf 88' lang='grc'><strong>·</strong></span> <span class='ocrx_word' id='word_1_704' title='bbox 2522 4206 2637 4261; x_wconf 86' lang='grc' dir='ltr'>ἀλλ’</span> <span class='ocrx_word' id='word_1_705' title='bbox 2673 4208 2706 4267; x_wconf 41' lang='lat'><em>6,</em></span> <span class='ocrx_word' id='word_1_706' title='bbox 2736 4205 2989 4275; x_wconf 85' lang='grc' dir='ltr'>ἀληθινὸς</span> <span class='ocrx_word' id='word_1_707' title='bbox 3038 4206 3209 4275; x_wconf 89' lang='grc' dir='ltr'>ἀμνὸς</span> <span class='ocrx_word' id='word_1_708' title='bbox 3253 4208 3281 4259; x_wconf 94' lang='lat'><strong>6</strong></span> <span class='ocrx_word' id='word_1_709' title='bbox 3313 4204 3465 4275; x_wconf 87' lang='grc' dir='ltr'><strong>παρά</strong></span> <span class='ocrx_word' id='word_1_710' title='bbox 3495 4206 3675 4275; x_wconf 75' lang='grc' dir='ltr'>Μωσῇ</span> <span class='ocrx_word' id='word_1_711' title='bbox 3709 4224 3800 4259; x_wconf 64' lang='grc' dir='ltr'><strong>τυε</strong></span> 
     </span>
    </p>
   </div>
   <div class='ocr_carea' id='block_1_89' title="bbox 2205 4296 3800 4371">
    <p class='ocr_par' dir='ltr' id='par_1_89' title="bbox 2205 4296 3800 4371">
     <span class='ocr_line' id='line_1_89' title="bbox 2205 4296 3800 4371; baseline 0 -19"><span class='ocrx_word' id='word_1_712' title='bbox 2205 4303 2499 4370; x_wconf 80' lang='grc' dir='ltr'>πούμενος,</span> <span class='ocrx_word' id='word_1_713' title='bbox 2551 4300 2645 4353; x_wconf 71' lang='grc' dir='ltr'><strong>καὶ</strong></span> <span class='ocrx_word' id='word_1_714' title='bbox 2688 4302 2838 4371; x_wconf 81' lang='grc' dir='ltr'><strong>παρά</strong></span> <span class='ocrx_word' id='word_1_715' title='bbox 2898 4299 3122 4358; x_wconf 80' lang='grc' dir='ltr'>Ἦσαῖου</span> <span class='ocrx_word' id='word_1_716' title='bbox 3163 4301 3595 4370; x_wconf 80' lang='grc' dir='ltr'>κηρυττόμενος,</span> <span class='ocrx_word' id='word_1_717' title='bbox 3645 4296 3800 4363; x_wconf 63' lang='lat'><em>06:6;</em></span> 
     </span>
    </p>
   </div>
   <div class='ocr_carea' id='block_1_90' title="bbox 514 4382 2096 4469">
    <p class='ocr_par' dir='ltr' id='par_1_90' title="bbox 514 4394 2096 4463">
     <span class='ocr_line' id='line_1_90' title="bbox 514 4394 2096 4463; baseline 0.001 -17"><span class='ocrx_word' id='word_1_718' title='bbox 514 4408 619 4456; x_wconf 88' lang='lat' dir='ltr'><strong>tus,</strong></span> <span class='ocrx_word' id='word_1_719' title='bbox 677 4394 792 4448; x_wconf 87' lang='lat' dir='ltr'><strong>sive</strong></span> <span class='ocrx_word' id='word_1_720' title='bbox 854 4395 995 4463; x_wconf 83' lang='lat' dir='ltr'><strong>quod</strong></span> <span class='ocrx_word' id='word_1_721' title='bbox 1026 4394 1167 4451; x_wconf 87' lang='lat' dir='ltr'><strong>Deus</strong></span> <span class='ocrx_word' id='word_1_722' title='bbox 1200 4394 1471 4462; x_wconf 81' lang='lat' dir='ltr'><strong>acceperit</strong></span> <span class='ocrx_word' id='word_1_723' title='bbox 1495 4404 1723 4449; x_wconf 90' lang='lat' dir='ltr'><strong>mortem</strong></span> <span class='ocrx_word' id='word_1_724' title='bbox 1750 4395 1951 4450; x_wconf 85' lang='lat' dir='ltr'><strong>Christi</strong></span> <span class='ocrx_word' id='word_1_725' title='bbox 2002 4410 2096 4463; x_wconf 90' lang='lat' dir='ltr'><strong>pro</strong></span> 
     </span>
    </p>
   </div>
   <div class='ocr_carea' id='block_1_91' title="bbox 2205 4382 3797 4469">
    <p class='ocr_par' dir='ltr' id='par_1_91' title="bbox 2205 4393 3797 4469">
     <span class='ocr_line' id='line_1_91' title="bbox 2205 4393 3797 4469; baseline 0 -21"><span class='ocrx_word' id='word_1_726' title='bbox 2205 4397 2343 4449; x_wconf 82' lang='grc' dir='ltr'>ἐστι.</span> <span class='ocrx_word' id='word_1_727' title='bbox 2377 4393 2483 4447; x_wconf 86' lang='grc' dir='ltr'>Τοῦ</span> <span class='ocrx_word' id='word_1_728' title='bbox 2514 4393 2647 4447; x_wconf 79' lang='grc' dir='ltr'>Θεοῦ</span> <span class='ocrx_word' id='word_1_729' title='bbox 2674 4395 2728 4447; x_wconf 86' lang='grc' dir='ltr'><strong>δὲ</strong></span> <span class='ocrx_word' id='word_1_730' title='bbox 2774 4395 2987 4462; x_wconf 80' lang='grc' dir='ltr'>λέγεται</span> <span class='ocrx_word' id='word_1_731' title='bbox 3021 4395 3193 4463; x_wconf 86' lang='grc' dir='ltr'>ἀμνὸς</span> <span class='ocrx_word' id='word_1_732' title='bbox 3223 4397 3251 4447; x_wconf 89' lang='grc' dir='ltr'>ὀ</span> <span class='ocrx_word' id='word_1_733' title='bbox 3274 4394 3531 4463; x_wconf 82' lang='grc' dir='ltr'>Χριστὸς,</span> <span class='ocrx_word' id='word_1_734' title='bbox 3565 4397 3685 4469; x_wconf 69' lang='lat' dir='ltr'><strong>site</strong></span> <span class='ocrx_word' id='word_1_735' title='bbox 3709 4394 3797 4448; x_wconf 85' lang='grc' dir='ltr'><strong>τοῦ</strong></span> 
     </span>
    </p>
   </div>
   <div class='ocr_carea' id='block_1_92' title="bbox 516 4486 2090 4554">
    <p class='ocr_par' dir='ltr' id='par_1_92' title="bbox 516 4486 2090 4554">
     <span class='ocr_line' id='line_1_92' title="bbox 516 4486 2090 4554; baseline 0.001 -17"><span class='ocrx_word' id='word_1_736' title='bbox 516 4496 697 4540; x_wconf 85' lang='lat' dir='ltr'><strong>nostra</strong></span> <span class='ocrx_word' id='word_1_737' title='bbox 764 4487 979 4551; x_wconf 81' lang='lat' dir='ltr'><strong>salute,</strong></span> <span class='ocrx_word' id='word_1_738' title='bbox 1043 4486 1158 4540; x_wconf 88' lang='lat' dir='ltr'><strong>sive</strong></span> <span class='ocrx_word' id='word_1_739' title='bbox 1216 4486 1359 4554; x_wconf 82' lang='lat' dir='ltr'><strong>quod</strong></span> <span class='ocrx_word' id='word_1_740' title='bbox 1437 4487 1576 4539; x_wconf 91' lang='lat' dir='ltr'><strong>Deus</strong></span> <span class='ocrx_word' id='word_1_741' title='bbox 1607 4486 1895 4543; x_wconf 79' lang='lat' dir='ltr'><strong>tradiderit</strong></span> <span class='ocrx_word' id='word_1_742' title='bbox 1937 4488 2090 4544; x_wconf 84' lang='lat' dir='ltr'><strong>illum</strong></span> 
     </span>
    </p>
   </div>
   <div class='ocr_carea' id='block_1_93' title="bbox 514 4576 2099 4650">
    <p class='ocr_par' dir='ltr' id='par_1_93' title="bbox 514 4576 2099 4650">
     <span class='ocr_line' id='line_1_93' title="bbox 514 4576 2099 4650; baseline 0.003 -20"><span class='ocrx_word' id='word_1_743' title='bbox 514 4593 611 4644; x_wconf 88' lang='lat' dir='ltr'><strong>pro</strong></span> <span class='ocrx_word' id='word_1_744' title='bbox 644 4576 798 4632; x_wconf 86' lang='lat' dir='ltr'><strong>nobis</strong></span> <span class='ocrx_word' id='word_1_745' title='bbox 830 4578 896 4630; x_wconf 87' lang='lat' dir='ltr'><strong>ad</strong></span> <span class='ocrx_word' id='word_1_746' title='bbox 932 4587 1161 4631; x_wconf 88' lang='lat' dir='ltr'><strong>mortem</strong></span> <span class='ocrx_word' id='word_1_747' title='bbox 1188 4595 1208 4636; x_wconf 61' lang='grc' dir='ltr'><strong>ς</strong></span> <span class='ocrx_word' id='word_1_748' title='bbox 1236 4577 1701 4650; x_wconf 84' lang='lat' dir='ltr'><strong>quemadmodum</strong></span> <span class='ocrx_word' id='word_1_749' title='bbox 1744 4580 1928 4639; x_wconf 81' lang='lat' dir='ltr'><strong>dicere</strong></span> <span class='ocrx_word' id='word_1_750' title='bbox 1955 4581 2099 4636; x_wconf 89' lang='lat' dir='ltr'><strong>sole-</strong></span> 
     </span>
    </p>
   </div>
   <div class='ocr_carea' id='block_1_94' title="bbox 516 4672 2098 4740">
    <p class='ocr_par' dir='ltr' id='par_1_94' title="bbox 516 4672 2098 4740">
     <span class='ocr_line' id='line_1_94' title="bbox 516 4672 2098 4740; baseline 0.003 -17"><span class='ocrx_word' id='word_1_751' title='bbox 516 4688 632 4726; x_wconf 87' lang='lat' dir='ltr'><strong>mus</strong></span> <span class='ocrx_word' id='word_1_752' title='bbox 667 4690 679 4725; x_wconf 93' lang='lat'><strong>:</strong></span> <span class='ocrx_word' id='word_1_753' title='bbox 712 4672 1054 4740; x_wconf 73' lang='lat' dir='ltr'><strong>Sacriﬁcium</strong></span> <span class='ocrx_word' id='word_1_754' title='bbox 1092 4674 1192 4725; x_wconf 90' lang='lat' dir='ltr'><strong>hoc</strong></span> <span class='ocrx_word' id='word_1_755' title='bbox 1220 4672 1365 4729; x_wconf 89' lang='lat' dir='ltr'><strong>illius</strong></span> <span class='ocrx_word' id='word_1_756' title='bbox 1392 4680 1499 4735; x_wconf 86' lang='lat' dir='ltr'><strong>est,</strong></span> <span class='ocrx_word' id='word_1_757' title='bbox 1556 4674 1657 4733; x_wconf 86' lang='lat' dir='ltr'><strong>hoc</strong></span> <span class='ocrx_word' id='word_1_758' title='bbox 1678 4685 1783 4739; x_wconf 85' lang='lat' dir='ltr'><strong>est,</strong></span> <span class='ocrx_word' id='word_1_759' title='bbox 1816 4673 1905 4727; x_wconf 87' lang='lat' dir='ltr'><strong>ille</strong></span> <span class='ocrx_word' id='word_1_760' title='bbox 1935 4676 2098 4729; x_wconf 87' lang='lat' dir='ltr'><strong>sacri-</strong></span> 
     </span>
    </p>
   </div>
   <div class='ocr_carea' id='block_1_95' title="bbox 513 4764 2098 4833">
    <p class='ocr_par' dir='ltr' id='par_1_95' title="bbox 513 4764 2098 4833">
     <span class='ocr_line' id='line_1_95' title="bbox 513 4764 2098 4833; baseline 0.001 -14"><span class='ocrx_word' id='word_1_761' title='bbox 513 4768 691 4820; x_wconf 85' lang='lat' dir='ltr'><strong>licium</strong></span> <span class='ocrx_word' id='word_1_762' title='bbox 731 4768 831 4821; x_wconf 90' lang='lat' dir='ltr'><strong>hoc</strong></span> <span class='ocrx_word' id='word_1_763' title='bbox 881 4764 1093 4829; x_wconf 76' lang='lat' dir='ltr'><strong>obtulit.</strong></span> <span class='ocrx_word' id='word_1_764' title='bbox 1143 4764 1235 4816; x_wconf 84' lang='lat' dir='ltr'><strong>Sic</strong></span> <span class='ocrx_word' id='word_1_765' title='bbox 1290 4765 1453 4833; x_wconf 81' lang='lat' dir='ltr'><strong>igitur</strong></span> <span class='ocrx_word' id='word_1_766' title='bbox 1496 4773 1550 4819; x_wconf 89' lang='lat' dir='ltr'><strong>et</strong></span> <span class='ocrx_word' id='word_1_767' title='bbox 1592 4766 1855 4820; x_wconf 82' lang='lat' dir='ltr'><strong>Dominus</strong></span> <span class='ocrx_word' id='word_1_768' title='bbox 1901 4767 2098 4821; x_wconf 84' lang='lat' dir='ltr'><strong>dicitur</strong></span> 
     </span>
    </p>
   </div>
   <div class='ocr_carea' id='block_1_96' title="bbox 512 4854 2095 4929">
    <p class='ocr_par' dir='ltr' id='par_1_96' title="bbox 512 4854 2095 4929">
     <span class='ocr_line' id='line_1_96' title="bbox 512 4854 2095 4929; baseline 0.004 -22"><span class='ocrx_word' id='word_1_769' title='bbox 512 4874 684 4929; x_wconf 75' lang='lat' dir='ltr'><strong>agnus</strong></span> <span class='ocrx_word' id='word_1_770' title='bbox 713 4857 828 4921; x_wconf 91' lang='lat' dir='ltr'><strong>Dei,</strong></span> <span class='ocrx_word' id='word_1_771' title='bbox 853 4856 1079 4925; x_wconf 83' lang='lat' dir='ltr'><strong>eoqnod</strong></span> <span class='ocrx_word' id='word_1_772' title='bbox 1120 4854 1262 4914; x_wconf 85' lang='lat' dir='ltr'><strong>Deus</strong></span> <span class='ocrx_word' id='word_1_773' title='bbox 1304 4856 1486 4923; x_wconf 86' lang='lat' dir='ltr'><strong>Pater,</strong></span> <span class='ocrx_word' id='word_1_774' title='bbox 1519 4868 1740 4928; x_wconf 79' lang='lat' dir='ltr'><strong>prapter</strong></span> <span class='ocrx_word' id='word_1_775' title='bbox 1771 4859 2095 4913; x_wconf 81' lang='lat' dir='ltr'><strong>charitalem</strong></span> 
     </span>
    </p>
   </div>
   <div class='ocr_carea' id='block_1_97' title="bbox 512 4948 2099 5017">
    <p class='ocr_par' dir='ltr' id='par_1_97' title="bbox 512 4948 2099 5017">
     <span class='ocr_line' id='line_1_97' title="bbox 512 4948 2099 5017; baseline 0.004 -18"><span class='ocrx_word' id='word_1_776' title='bbox 512 4965 665 5004; x_wconf 81' lang='lat' dir='ltr'><strong>suam</strong></span> <span class='ocrx_word' id='word_1_777' title='bbox 700 4964 826 5017; x_wconf 86' lang='lat' dir='ltr'><strong>erga</strong></span> <span class='ocrx_word' id='word_1_778' title='bbox 857 4964 979 5017; x_wconf 79' lang='lat' dir='ltr'><strong>nos,</strong></span> <span class='ocrx_word' id='word_1_779' title='bbox 1007 4948 1156 5001; x_wconf 90' lang='lat' dir='ltr'><strong>illum</strong></span> <span class='ocrx_word' id='word_1_780' title='bbox 1189 4948 1397 5003; x_wconf 89' lang='lat' dir='ltr'><strong>dederit</strong></span> <span class='ocrx_word' id='word_1_781' title='bbox 1427 4952 1493 5005; x_wconf 88' lang='lat' dir='ltr'><strong>ad</strong></span> <span class='ocrx_word' id='word_1_782' title='bbox 1526 4961 1779 5007; x_wconf 89' lang='lat' dir='ltr'><strong>mortem.</strong></span> <span class='ocrx_word' id='word_1_783' title='bbox 1812 4950 1932 5006; x_wconf 87' lang='lat' dir='ltr'><strong>Non</strong></span> <span class='ocrx_word' id='word_1_784' title='bbox 1966 4953 2099 5005; x_wconf 88' lang='lat' dir='ltr'><strong>dixit</strong></span> 
     </span>
    </p>
   </div>
   <div class='ocr_carea' id='block_1_98' title="bbox 452 5042 2092 5115">
    <p class='ocr_par' dir='ltr' id='par_1_98' title="bbox 452 5042 2092 5115">
     <span class='ocr_line' id='line_1_98' title="bbox 452 5042 2092 5115; baseline 0.005 -26"><span class='ocrx_word' id='word_1_785' title='bbox 452 5086 455 5089; x_wconf 89' lang='lat'><strong>.</strong></span> <span class='ocrx_word' id='word_1_786' title='bbox 527 5050 741 5106; x_wconf 85' lang='lat' dir='ltr'><strong>autem,</strong></span> <span class='ocrx_word' id='word_1_787' title='bbox 778 5042 880 5108; x_wconf 79' lang='lat' dir='ltr'><strong>Qui</strong></span> <span class='ocrx_word' id='word_1_788' title='bbox 931 5043 1158 5107; x_wconf 81' lang='lat' dir='ltr'><strong>abstulit</strong></span> <span class='ocrx_word' id='word_1_789' title='bbox 1200 5053 1499 5115; x_wconf 82' lang='lat' dir='ltr'><strong>peccatum,</strong></span> <span class='ocrx_word' id='word_1_790' title='bbox 1555 5043 1669 5109; x_wconf 83' lang='lat' dir='ltr'><strong>sed,</strong></span> <span class='ocrx_word' id='word_1_791' title='bbox 1708 5064 1725 5098; x_wconf 75' lang='grc' dir='ltr'><strong>ι</strong></span> <span class='ocrx_word' id='word_1_792' title='bbox 1762 5044 1863 5112; x_wconf 80' lang='lat' dir='ltr'><strong>Qui</strong></span> <span class='ocrx_word' id='word_1_793' title='bbox 1908 5044 2092 5107; x_wconf 55' lang='lat' dir='ltr'><strong>tollit;</strong></span> 
     </span>
    </p>
   </div>
   <div class='ocr_carea' id='block_1_99' title="bbox 589 5224 1529 5305">
    <p class='ocr_par' dir='ltr' id='par_1_99' title="bbox 589 5224 1529 5305">
     <span class='ocr_line' id='line_1_99' title="bbox 589 5224 1529 5305; baseline -0.001 -27"><span class='ocrx_word' id='word_1_794' title='bbox 589 5226 632 5259; x_wconf 83' lang='lat'>&quot;</span> <span class='ocrx_word' id='word_1_795' title='bbox 676 5226 777 5279; x_wconf 88' lang='lat' dir='ltr'><strong>Isa.</strong></span> <span class='ocrx_word' id='word_1_796' title='bbox 830 5241 950 5293; x_wconf 70' lang='lat' dir='ltr'><strong>Litt,</strong></span> <span class='ocrx_word' id='word_1_797' title='bbox 987 5226 1019 5281; x_wconf 91' lang='lat'>9</span> <span class='ocrx_word' id='word_1_798' title='bbox 1046 5237 1099 5280; x_wconf 85' lang='lat' dir='ltr'><strong>et</strong></span> <span class='ocrx_word' id='word_1_799' title='bbox 1124 5224 1144 5295; x_wconf 69' lang='grc' dir='ltr'>ι</span> <span class='ocrx_word' id='word_1_800' title='bbox 1168 5226 1315 5281; x_wconf 85' lang='lat' dir='ltr'><strong>Petr.</strong></span> <span class='ocrx_word' id='word_1_801' title='bbox 1352 5224 1529 5305; x_wconf 61' lang='lat'><strong>11,22.</strong></span> 
     </span>
    </p>
   </div>
   <div class='ocr_carea' id='block_1_100' title="bbox 2202 4478 3801 4563">
    <p class='ocr_par' dir='ltr' id='par_1_100' title="bbox 2202 4478 3801 4563">
     <span class='ocr_line' id='line_1_100' title="bbox 2202 4478 3801 4563; baseline 0.001 -23"><span class='ocrx_word' id='word_1_802' title='bbox 2202 4486 2338 4540; x_wconf 73' lang='grc' dir='ltr'>Θεοῦ</span> <span class='ocrx_word' id='word_1_803' title='bbox 2368 4486 2443 4552; x_wconf 83' lang='grc' dir='ltr'>ὡς</span> <span class='ocrx_word' id='word_1_804' title='bbox 2476 4488 2918 4557; x_wconf 80' lang='grc' dir='ltr'>προσδεξαμένου</span> <span class='ocrx_word' id='word_1_805' title='bbox 2950 4486 3043 4539; x_wconf 82' lang='grc' dir='ltr'><strong>τὸν</strong></span> <span class='ocrx_word' id='word_1_806' title='bbox 3094 4489 3187 4540; x_wconf 77' lang='grc' dir='ltr'>ἐπὶ</span> <span class='ocrx_word' id='word_1_807' title='bbox 3233 4488 3481 4563; x_wconf 81' lang='grc' dir='ltr'>σωτηρίᾳ</span> <span class='ocrx_word' id='word_1_808' title='bbox 3512 4478 3677 4559; x_wconf 69' lang='grc' dir='ltr'>ἡμῶν</span> <span class='ocrx_word' id='word_1_809' title='bbox 3711 4489 3801 4541; x_wconf 80' lang='grc' dir='ltr'>θά-</span> 
     </span>
    </p>
   </div>
   <div class='ocr_carea' id='block_1_101' title="bbox 2202 4580 3800 4651">
    <p class='ocr_par' dir='ltr' id='par_1_101' title="bbox 2202 4580 3800 4651">
     <span class='ocr_line' id='line_1_101' title="bbox 2202 4580 3800 4651; baseline 0.001 -18"><span class='ocrx_word' id='word_1_810' title='bbox 2202 4598 2360 4634; x_wconf 88' lang='grc' dir='ltr'>νατον</span> <span class='ocrx_word' id='word_1_811' title='bbox 2390 4580 2485 4635; x_wconf 81' lang='grc' dir='ltr'><strong>τοῦ</strong></span> <span class='ocrx_word' id='word_1_812' title='bbox 2515 4580 2776 4651; x_wconf 76' lang='grc' dir='ltr'>Χριστοῦ,</span> <span class='ocrx_word' id='word_1_813' title='bbox 2828 4581 2941 4633; x_wconf 77' lang='grc' dir='ltr'>εἴτε</span> <span class='ocrx_word' id='word_1_814' title='bbox 2986 4580 3062 4644; x_wconf 83' lang='grc' dir='ltr'><strong>ὡς</strong></span> <span class='ocrx_word' id='word_1_815' title='bbox 3102 4580 3201 4634; x_wconf 88' lang='grc' dir='ltr'><strong>τοῦ</strong></span> <span class='ocrx_word' id='word_1_816' title='bbox 3237 4580 3373 4634; x_wconf 86' lang='grc' dir='ltr'>Θεοῦ</span> <span class='ocrx_word' id='word_1_817' title='bbox 3401 4581 3588 4645; x_wconf 85' lang='grc' dir='ltr'>δόντος</span> <span class='ocrx_word' id='word_1_818' title='bbox 3641 4583 3800 4637; x_wconf 79' lang='grc' dir='ltr'>αὑτὸν</span> 
     </span>
    </p>
   </div>
   <div class='ocr_carea' id='block_1_102' title="bbox 2206 4668 3799 4746">
    <p class='ocr_par' dir='ltr' id='par_1_102' title="bbox 2206 4668 3799 4746">
     <span class='ocr_line' id='line_1_102' title="bbox 2206 4668 3799 4746; baseline 0.003 -21"><span class='ocrx_word' id='word_1_819' title='bbox 2206 4673 2348 4742; x_wconf 81' lang='grc' dir='ltr'>ὑπὲρ</span> <span class='ocrx_word' id='word_1_820' title='bbox 2381 4672 2542 4742; x_wconf 78' lang='grc' dir='ltr'>ἡμῶν</span> <span class='ocrx_word' id='word_1_821' title='bbox 2587 4675 2667 4735; x_wconf 78' lang='grc' dir='ltr'>εἰς</span> <span class='ocrx_word' id='word_1_822' title='bbox 2700 4673 2952 4727; x_wconf 78' lang='grc' dir='ltr'>θάνατον.</span> <span class='ocrx_word' id='word_1_823' title='bbox 2994 4674 3209 4746; x_wconf 82' lang='grc' dir='ltr'>Ὠσπερ</span> <span class='ocrx_word' id='word_1_824' title='bbox 3244 4668 3518 4745; x_wconf 77' lang='grc' dir='ltr'><strong>εἰώθαμεν</strong></span> <span class='ocrx_word' id='word_1_825' title='bbox 3578 4676 3762 4744; x_wconf 79' lang='grc' dir='ltr'>λέγειν</span> <span class='ocrx_word' id='word_1_826' title='bbox 3785 4693 3799 4707; x_wconf 91' lang='grc'><strong>·</strong></span> 
     </span>
    </p>
   </div>
   <div class='ocr_carea' id='block_1_103' title="bbox 2208 4764 3801 4835">
    <p class='ocr_par' dir='ltr' id='par_1_103' title="bbox 2208 4764 3801 4835">
     <span class='ocr_line' id='line_1_103' title="bbox 2208 4764 3801 4835; baseline 0.004 -16"><span class='ocrx_word' id='word_1_827' title='bbox 2208 4764 2339 4819; x_wconf 82' lang='grc' dir='ltr'>Τόδε</span> <span class='ocrx_word' id='word_1_828' title='bbox 2376 4767 2435 4817; x_wconf 87' lang='grc' dir='ltr'><strong>τὸ</strong></span> <span class='ocrx_word' id='word_1_829' title='bbox 2481 4765 2628 4835; x_wconf 86' lang='grc' dir='ltr'>θῦμα</span> <span class='ocrx_word' id='word_1_830' title='bbox 2654 4764 2747 4817; x_wconf 87' lang='grc' dir='ltr'><strong>τοῦ</strong></span> <span class='ocrx_word' id='word_1_831' title='bbox 2798 4766 2965 4829; x_wconf 79' lang='grc' dir='ltr'>δείνός</span> <span class='ocrx_word' id='word_1_832' title='bbox 2997 4767 3167 4829; x_wconf 77' lang='grc' dir='ltr'>ἐστιν,</span> <span class='ocrx_word' id='word_1_833' title='bbox 3215 4768 3338 4819; x_wconf 74' lang='grc' dir='ltr'>ἀντὶ</span> <span class='ocrx_word' id='word_1_834' title='bbox 3364 4766 3493 4821; x_wconf 80' lang='grc' dir='ltr'>τοῦ·</span> <span class='ocrx_word' id='word_1_835' title='bbox 3540 4770 3603 4822; x_wconf 80' lang='grc' dir='ltr'><strong>Ὀ</strong></span> <span class='ocrx_word' id='word_1_836' title='bbox 3657 4770 3801 4825; x_wconf 71' lang='grc' dir='ltr'>δεῖνα</span> 
     </span>
    </p>
   </div>
   <div class='ocr_carea' id='block_1_104' title="bbox 2207 4857 3801 4931">
    <p class='ocr_par' dir='ltr' id='par_1_104' title="bbox 2207 4857 3801 4931">
     <span class='ocr_line' id='line_1_104' title="bbox 2207 4857 3801 4931; baseline 0.005 -23"><span class='ocrx_word' id='word_1_837' title='bbox 2207 4858 2366 4909; x_wconf 85' lang='grc' dir='ltr'>τοῦτο</span> <span class='ocrx_word' id='word_1_838' title='bbox 2398 4858 2753 4928; x_wconf 82' lang='grc' dir='ltr'>προσήγαγεν</span> <span class='ocrx_word' id='word_1_839' title='bbox 2778 4874 2790 4886; x_wconf 93' lang='grc'><strong>·</strong></span> <span class='ocrx_word' id='word_1_840' title='bbox 2824 4857 2997 4921; x_wconf 87' lang='grc' dir='ltr'>οῦτως</span> <span class='ocrx_word' id='word_1_841' title='bbox 3033 4857 3125 4912; x_wconf 77' lang='grc' dir='ltr'><strong>οὖν</strong></span> <span class='ocrx_word' id='word_1_842' title='bbox 3154 4859 3247 4911; x_wconf 80' lang='grc' dir='ltr'><strong>καὶ</strong></span> <span class='ocrx_word' id='word_1_843' title='bbox 3286 4860 3313 4913; x_wconf 90' lang='lat'><strong>6</strong></span> <span class='ocrx_word' id='word_1_844' title='bbox 3345 4860 3553 4929; x_wconf 77' lang='grc' dir='ltr'>Κύριος</span> <span class='ocrx_word' id='word_1_845' title='bbox 3582 4861 3801 4931; x_wconf 82' lang='grc' dir='ltr'>λέγεται</span> 
     </span>
    </p>
   </div>
   <div class='ocr_carea' id='block_1_105' title="bbox 2209 4948 3803 5025">
    <p class='ocr_par' dir='ltr' id='par_1_105' title="bbox 2209 4948 3803 5025">
     <span class='ocr_line' id='line_1_105' title="bbox 2209 4948 3803 5025; baseline 0.001 -22"><span class='ocrx_word' id='word_1_846' title='bbox 2209 4950 2377 5021; x_wconf 81' lang='grc' dir='ltr'>ἀμνὸς</span> <span class='ocrx_word' id='word_1_847' title='bbox 2428 4951 2521 5002; x_wconf 86' lang='grc' dir='ltr'><strong>τοῦ</strong></span> <span class='ocrx_word' id='word_1_848' title='bbox 2556 4948 2714 5015; x_wconf 81' lang='grc' dir='ltr'>Θεοῦ,</span> <span class='ocrx_word' id='word_1_849' title='bbox 2767 4949 2843 5013; x_wconf 86' lang='grc' dir='ltr'>ὼς</span> <span class='ocrx_word' id='word_1_850' title='bbox 2891 4950 2985 5003; x_wconf 86' lang='grc' dir='ltr'><strong>τοῦ</strong></span> <span class='ocrx_word' id='word_1_851' title='bbox 3016 4950 3153 5005; x_wconf 84' lang='grc' dir='ltr'>Θεοῦ</span> <span class='ocrx_word' id='word_1_852' title='bbox 3210 4952 3309 5005; x_wconf 78' lang='grc' dir='ltr'><strong>καὶ</strong></span> <span class='ocrx_word' id='word_1_853' title='bbox 3343 4953 3558 5022; x_wconf 76' lang='grc' dir='ltr'>[ἰατρὸς</span> <span class='ocrx_word' id='word_1_854' title='bbox 3587 4954 3679 5009; x_wconf 81' lang='grc' dir='ltr'>διὰ</span> <span class='ocrx_word' id='word_1_855' title='bbox 3707 4956 3803 5025; x_wconf 68' lang='grc' dir='ltr'><strong>τὴν</strong></span> 
     </span>
    </p>
   </div>
   <div class='ocr_carea' id='block_1_106' title="bbox 2209 5040 3804 5117">
    <p class='ocr_par' dir='ltr' id='par_1_106' title="bbox 2209 5040 3804 5117">
     <span class='ocr_line' id='line_1_106' title="bbox 2209 5040 3804 5117; baseline 0.004 -24"><span class='ocrx_word' id='word_1_856' title='bbox 2209 5041 2345 5111; x_wconf 83' lang='grc' dir='ltr'>πρὸς</span> <span class='ocrx_word' id='word_1_857' title='bbox 2374 5042 2522 5111; x_wconf 74' lang='grc' dir='ltr'>ἡμᾶς</span> <span class='ocrx_word' id='word_1_858' title='bbox 2570 5041 2792 5112; x_wconf 81' lang='grc' dir='ltr'>ἀγάπην</span> <span class='ocrx_word' id='word_1_859' title='bbox 2848 5040 3029 5106; x_wconf 78' lang='grc' dir='ltr'>δόντος</span> <span class='ocrx_word' id='word_1_860' title='bbox 3084 5042 3250 5109; x_wconf 74' lang='grc' dir='ltr'>αὐτὸν</span> <span class='ocrx_word' id='word_1_861' title='bbox 3298 5044 3381 5105; x_wconf 88' lang='grc' dir='ltr'><strong>είς</strong></span> <span class='ocrx_word' id='word_1_862' title='bbox 3417 5044 3636 5117; x_wconf 73' lang='grc' dir='ltr'>σφαγὴν</span> <span class='ocrx_word' id='word_1_863' title='bbox 3668 5045 3804 5115; x_wconf 78' lang='grc' dir='ltr'>ὑπὲρ</span> 
     </span>
    </p>
   </div>
   <div class='ocr_carea' id='block_1_107' title="bbox 1500 5368 2814 5451">
    <p class='ocr_par' dir='ltr' id='par_1_107' title="bbox 1500 5368 2814 5451">
     <span class='ocr_line' id='line_1_107' title="bbox 1500 5368 2814 5451; baseline -0.001 -19"><span class='ocrx_word' id='word_1_864' title='bbox 1500 5372 1591 5432; x_wconf 81' lang='lat' dir='ltr'><strong>Ex</strong></span> <span class='ocrx_word' id='word_1_865' title='bbox 1628 5369 1975 5430; x_wconf 81' lang='lat' dir='ltr'><strong>collatione</strong></span> <span class='ocrx_word' id='word_1_866' title='bbox 2013 5368 2203 5437; x_wconf 84' lang='lat' dir='ltr'><strong>codd.</strong></span> <span class='ocrx_word' id='word_1_867' title='bbox 2238 5371 2462 5443; x_wconf 67' lang='lat' dir='ltr'><strong>Venet.</strong></span> <span class='ocrx_word' id='word_1_868' title='bbox 2495 5372 2556 5433; x_wconf 87' lang='lat' dir='ltr'><strong>S.</strong></span> <span class='ocrx_word' id='word_1_869' title='bbox 2594 5370 2814 5451; x_wconf 75' lang='lat' dir='ltr'><strong>Marci.</strong></span> 
     </span>
    </p>
   </div>
   <div class='ocr_carea' id='block_1_108' title="bbox 588 5494 2107 5563">
    <p class='ocr_par' dir='ltr' id='par_1_108' title="bbox 588 5494 2107 5563">
     <span class='ocr_line' id='line_1_108' title="bbox 588 5494 2107 5563; baseline -0.002 -15"><span class='ocrx_word' id='word_1_870' title='bbox 588 5498 701 5563; x_wconf 63' lang='lat' dir='ltr'><strong>(I6)</strong></span> <span class='ocrx_word' id='word_1_871' title='bbox 727 5496 898 5550; x_wconf 85' lang='lat' dir='ltr'><strong>Codd.</strong></span> <span class='ocrx_word' id='word_1_872' title='bbox 924 5496 994 5549; x_wconf 72' lang='grc'><strong>26</strong></span> <span class='ocrx_word' id='word_1_873' title='bbox 1014 5505 1064 5547; x_wconf 86' lang='lat' dir='ltr'><strong>et</strong></span> <span class='ocrx_word' id='word_1_874' title='bbox 1084 5497 1153 5561; x_wconf 80' lang='grc'><strong>50</strong></span> <span class='ocrx_word' id='word_1_875' title='bbox 1183 5496 1261 5548; x_wconf 77' lang='lat' dir='ltr'><strong>sit:</strong></span> <span class='ocrx_word' id='word_1_876' title='bbox 1288 5514 1299 5545; x_wconf 85' lang='lat'><strong>:</strong></span> <span class='ocrx_word' id='word_1_877' title='bbox 1330 5494 1558 5561; x_wconf 76' lang='grc' dir='ltr'>Ἐπίσης</span> <span class='ocrx_word' id='word_1_878' title='bbox 1589 5498 1699 5554; x_wconf 88' lang='grc' dir='ltr'>τοῖς</span> <span class='ocrx_word' id='word_1_879' title='bbox 1742 5494 1918 5557; x_wconf 73' lang='grc' dir='ltr'>ἄλλοις</span> <span class='ocrx_word' id='word_1_880' title='bbox 1977 5494 2107 5546; x_wconf 75' lang='grc' dir='ltr'><strong>ἐδα-</strong></span> 
     </span>
    </p>
   </div>
   <div class='ocr_carea' id='block_1_109' title="bbox 2216 5494 3798 5573">
    <p class='ocr_par' dir='ltr' id='par_1_109' title="bbox 2216 5494 3798 5573">
     <span class='ocr_line' id='line_1_109' title="bbox 2216 5494 3798 5573; baseline 0.012 -33"><span class='ocrx_word' id='word_1_881' title='bbox 2216 5496 2420 5573; x_wconf 58' lang='grc' dir='ltr'>Ξαύτην</span> <span class='ocrx_word' id='word_1_882' title='bbox 2446 5497 2542 5573; x_wconf 63' lang='grc' dir='ltr'><strong>τῂν</strong></span> <span class='ocrx_word' id='word_1_883' title='bbox 2568 5496 2825 5573; x_wconf 69' lang='grc' dir='ltr'>ὑπόνοιαν</span> <span class='ocrx_word' id='word_1_884' title='bbox 2858 5494 3283 5564; x_wconf 76' lang='grc' dir='ltr'>διορθώσασθαι.</span> <span class='ocrx_word' id='word_1_885' title='bbox 3319 5498 3414 5551; x_wconf 80' lang='grc' dir='ltr'>Διὸ</span> <span class='ocrx_word' id='word_1_886' title='bbox 3458 5500 3549 5554; x_wconf 85' lang='grc' dir='ltr'>καί</span> <span class='ocrx_word' id='word_1_887' title='bbox 3579 5522 3739 5573; x_wconf 70' lang='grc' dir='ltr'>φησιν</span> <span class='ocrx_word' id='word_1_888' title='bbox 3772 5508 3798 5559; x_wconf 86' lang='lat'><strong>6</strong></span> 
     </span>
    </p>
   </div>
   <div class='ocr_carea' id='block_1_110' title="bbox 518 5558 2798 5637">
    <p class='ocr_par' dir='ltr' id='par_1_110' title="bbox 518 5558 2798 5637">
     <span class='ocr_line' id='line_1_110' title="bbox 518 5558 2798 5637; baseline 0.001 -18"><span class='ocrx_word' id='word_1_889' title='bbox 518 5558 767 5631; x_wconf 68' lang='grc' dir='ltr'>πτίσατο.</span> <span class='ocrx_word' id='word_1_890' title='bbox 801 5567 899 5620; x_wconf 85' lang='grc' dir='ltr'>Διά</span> <span class='ocrx_word' id='word_1_891' title='bbox 923 5566 1083 5619; x_wconf 86' lang='grc' dir='ltr'>τοῦτο</span> <span class='ocrx_word' id='word_1_892' title='bbox 1127 5558 1291 5618; x_wconf 83' lang='grc' dir='ltr'>πάλιν</span> <span class='ocrx_word' id='word_1_893' title='bbox 1317 5558 1537 5635; x_wconf 76' lang='grc' dir='ltr'>ἔρχεταί</span> <span class='ocrx_word' id='word_1_894' title='bbox 1570 5565 1745 5627; x_wconf 71' lang='grc' dir='ltr'>διδοὺς</span> <span class='ocrx_word' id='word_1_895' title='bbox 1775 5564 1852 5634; x_wconf 78' lang='grc' dir='ltr'>τῷ</span> <span class='ocrx_word' id='word_1_896' title='bbox 1880 5565 2105 5635; x_wconf 82' lang='grc' dir='ltr'>Ἰωάννῃ</span> <span class='ocrx_word' id='word_1_897' title='bbox 2217 5558 2551 5637; x_wconf 63' lang='grc' dir='ltr'>Βαπτὶστὴξ,</span> <span class='ocrx_word' id='word_1_898' title='bbox 2582 5586 2635 5620; x_wconf 82' lang='grc' dir='ltr'><strong>κ.</strong></span> <span class='ocrx_word' id='word_1_899' title='bbox 2660 5585 2709 5621; x_wconf 89' lang='grc' dir='ltr'>τ.</span> <span class='ocrx_word' id='word_1_900' title='bbox 2748 5569 2798 5621; x_wconf 88' lang='grc' dir='ltr'>λ.</span> 
     </span>
    </p>
   </div>
   <div class='ocr_carea' id='block_1_111' title="bbox 594 5684 3333 5759">
    <p class='ocr_par' dir='ltr' id='par_1_111' title="bbox 594 5684 3333 5759">
     <span class='ocr_line' id='line_1_111' title="bbox 594 5684 3333 5759; baseline 0.001 -21"><span class='ocrx_word' id='word_1_901' title='bbox 594 5688 665 5755; x_wconf 77' lang='lat' dir='ltr'><strong>(a)</strong></span> <span class='ocrx_word' id='word_1_902' title='bbox 704 5685 757 5755; x_wconf 80' lang='lat' dir='ltr'><strong>In</strong></span> <span class='ocrx_word' id='word_1_903' title='bbox 793 5696 939 5749; x_wconf 80' lang='lat' dir='ltr'><strong>textu</strong></span> <span class='ocrx_word' id='word_1_904' title='bbox 974 5688 1125 5743; x_wconf 79' lang='lat' dir='ltr'><strong>deest</strong></span> <span class='ocrx_word' id='word_1_905' title='bbox 1157 5689 1182 5741; x_wconf 82' lang='lat'><strong>6</strong></span> <span class='ocrx_word' id='word_1_906' title='bbox 1225 5684 1495 5753; x_wconf 75' lang='grc' dir='ltr'>Ἰωάννης,</span> <span class='ocrx_word' id='word_1_907' title='bbox 1546 5687 1621 5740; x_wconf 90' lang='lat' dir='ltr'><strong>uti</strong></span> <span class='ocrx_word' id='word_1_908' title='bbox 1663 5688 1713 5741; x_wconf 89' lang='lat' dir='ltr'><strong>in</strong></span> <span class='ocrx_word' id='word_1_909' title='bbox 1760 5686 1879 5740; x_wconf 67' lang='lat' dir='ltr'><strong>aliis</strong></span> <span class='ocrx_word' id='word_1_910' title='bbox 1920 5685 2199 5752; x_wconf 63' lang='lat' dir='ltr'><strong>codicibus</strong></span> <span class='ocrx_word' id='word_1_911' title='bbox 2232 5689 2369 5759; x_wconf 73' lang='lat' dir='ltr'><strong>apud</strong></span> <span class='ocrx_word' id='word_1_912' title='bbox 2403 5686 2561 5741; x_wconf 72' lang='lat' dir='ltr'><strong>Jontt.</strong></span> <span class='ocrx_word' id='word_1_913' title='bbox 2602 5684 2825 5743; x_wconf 73' lang='lat' dir='ltr'><strong>Millium</strong></span> <span class='ocrx_word' id='word_1_914' title='bbox 2856 5687 2921 5741; x_wconf 89' lang='lat' dir='ltr'><strong>ad</strong></span> <span class='ocrx_word' id='word_1_915' title='bbox 2959 5685 3100 5742; x_wconf 84' lang='lat' dir='ltr'><strong>hunc</strong></span> <span class='ocrx_word' id='word_1_916' title='bbox 3129 5684 3333 5759; x_wconf 85' lang='lat' dir='ltr'><strong>locum.</strong></span> 
     </span>
    </p>
   </div>
  </div>
