4000 6406
245 369 380 434 li'l‘l

923 370 1368 431 ENARRATIO
1410 371 1491 431 IN
1534 370 2037 431 EVANGELIUM
2074 368 2427 433 J'OANNIS.
2464 396 2532 406 ὀ
2568 372 2730 433 CAP.
2774 373 2823 431 Ι.

3428 370 3569 437 1178

235 478 399 548 οὗτος
426 467 632 537 ὲστινδ
668 484 796 545 Υἱὸς
827 483 919 536 τοῦ
971 484 1140 552 Θεοῦ;
1192 485 1447 553 Οὑδαμοῦ
1502 486 1611 555 γὰρ
1643 484 1848 554 γέγρα-

1961 499 2055 539 nes
2078 485 2219 553 quod
2243 486 2331 538 hic
2354 494 2437 538 est
2468 485 2639 541 Filius
2666 486 2759 541 Dei
2785 487 2808 540 2
2829 484 3112 555 Nusquam
3135 486 3284 561 enim
3311 486 3575 553 scriptum

239 595 377 631 πται
406 578 564 631 τοῦτο
586 595 597 607 ’
635 578 811 647 ἀμνὸν
847 578 948 646 μὲν
989 578 1098 647 γὰρ
1139 578 1310 644 λέγει,
1344 579 1470 631 Υἰὸν
1495 580 1552 632 δὲ
1585 578 1724 630 Θεοῦ
1753 578 1846 630 ού-

234 666 437 737 διμοῦ.
502 669 667 720 Ὅθεν
730 666 878 730 εἰκὸς
945 670 1329 738 στοχάζεσθαι,
1393 671 1478 723 ὅτι
1545 674 1643 724 καὶ
1683 672 1848 743 ἕτερα

238 759 464 812 πλείονα
524 758 996 828 παραλέλειπται·
1054 761 1115 813 οὐ
1176 762 1283 832 γὰρ
1338 764 1521 817 πάντα
1577 765 1849 836 συνεγρά-

239 868 443 921 (θησαν.

323 964 342 996 ι
380 946 458 1014 Τῇ
496 945 761 1015 ἐπαύριον
796 946 957 998 πάλιν
1002 947 1250 1018 εἱστήκει
1279 950 1307 1001 6
1348 948 1628 1020 Ἰωάννης,
1664 950 1755 1003 καὶ
1784 952 1850 1003 ἐκ

234 1036 348 1092 τῶν
382 1036 645 1107 μαθητῶν
691 1036 858 1089 αὐτοῦ
911 1035 1025 1099 δύο,
1068 1039 1165 1090 καὶ
1218 1040 1500 1108 ὲμὸλέψας
1548 1041 1626 1109 τῷ
1670 1041 1849 1110 Ἰησοῦ

238 1130 663 1197 περιπατοῦντι,
719 1130 905 1196 λέγει·
941 1132 1045 1183 Ίδε
1095 1133 1123 1183 6
1154 1132 1328 1200 ἀμνὸς
1378 1133 1474 1185 τοῦ
1522 1134 1682 1187 Θεοῦ.
1741 1136 1849 1187 Καὶ

237 1222 481 1290 ἥκουσαν
530 1221 700 1274 αὐτοῦ
745 1222 795 1273 οἱ
828 1220 923 1273 δύο
973 1222 1215 1291 μαθηταὶ
1244 1223 1560 1287 λαλοῦντος,
1590 1226 1685 1277 καὶ
1718 1227 1851 1294 ἡκο-

235 1312 512 1381 λούθησαν
552 1312 630 1382 τῷ
693 1311 890 1371 Ἰησοῦ.
936 1334 953 1364 ι
989 1315 1086 1367 Διά
1118 1315 1218 1385 τὴν
1248 1316 1357 1368 τῶν
1398 1303 1708 1372 ἀκουόνῗων
1747 1321 1845 1389 ρᾳ-

237 1402 444 1473 θυμίαν
476 1404 863 1479 ἀναγκάζεται
892 1406 921 1457 6
968 1406 1225 1475 Ἰωάννης
1252 1410 1321 1460 τά
1362 1410 1500 1463 αὐτὰ
1529 1411 1730 1477 λέγειν,
1764 1411 1852 1464 ἵνα

237 1496 319 1565 τῷ
354 1498 569 1566 συνεχεῖ
617 1496 748 1563 γοῦν
782 1497 883 1564 τῆς
937 1499 1249 1567 μαρτυρίας
1308 1499 1725 1571 κατεργάσηται
1772 1518 1846 1556 τι.

238 1590 358 1642 Οὐκ
413 1586 509 1642 οὖν
564 1590 690 1641 οὐδὲ
742 1590 1064 1658 διεψεύσθη,
1098 1592 1235 1644 ἀλλὰ
1288 1594 1384 1645 δύο
1436 1594 1690 1665 μαθητὰς
1716 1612 1851 1666 προ-

240 1686 452 1757 σήγαγε
476 1682 670 1756 (15)τῷ
692 1683 933 1754 Χριστῷ.
961 1685 1353 1753 Νυμφαγωγὸς
1377 1686 1486 1757 γὰρ
1514 1684 1589 1739 ὢν
1612 1687 1687 1757 τῷ
1713 1688 1849 1752 δντι,

240 1774 423 1828 πάντα
456 1775 655 1837 ἐποίει,
688 1774 829 1827 ὥστε
855 1780 1234 1846 προσαγαγεῖν
1266 1778 1341 1845 τῷ
1371 1778 1593 1848 νυμφίῳ
1622 1781 1723 1847 τὴν
1756 1782 1852 1833 ἀν·-

242 1865 527 1938 θρωπὶνην
586 1868 775 1937 φύσινο
829 1869 912 1921 διὸ
964 1871 1059 1921 καὶ
1100 1872 1128 1922 6
1182 1873 1281 1940 μὲν
1329 1874 1566 1941 Χριστὸς
1608 1876 1738 1945 σιγᾷ
1776 1874 1851 1938 ὡς

238 1962 496 2030 νυμφίος,
531 1964 559 2013 6
606 1964 661 2016 δὲ
706 1964 968 2033 πρόξενος
1006 1967 1226 2019 ἅπαντα
1264 1967 1589 2034 φθέγγεται.
1634 1968 1742 2020 Καὶ
1776 1970 1851 2031 ὡς

238 2055 475 2123 νυμφίος
529 2056 585 2109 δὲ
628 2058 996 2126 παραγίνεται
1029 2060 1165 2128 πρὸς
1207 2059 1269 2111 τὸ
1301 2060 1505 2129 πλῆθος
1541 2062 1569 2113 6
1621 2062 1829 2132 Κύριος

252 2145 379 2199 Ἐπὶ
410 2148 520 2219 γὰρ
542 2148 648 2200 τῶν
677 2150 875 2218 γάμων
900 2153 999 2220 οὐχ
1028 2155 1059 2220 ὴ
1088 2152 1276 2223 νύμφη
1312 2154 1449 2224 πρὸς
1473 2154 1565 2205 τὸν
1588 2156 1848 2225 νυμφίον,

238 2240 358 2293 ἀλλ’
392 2234 548 2302 οὗτος
588 2241 725 2310 πρὸς
772 2242 992 2312 ἐκείνην
1042 2243 1255 2307 ἄπεισι,
1302 2246 1406 2297 κᾶν
1460 2244 1727 2315 βασιλέως
1762 2247 1847 2316 εἴη

240 2335 375 2398 υἱός.
412 2334 502 2388 Διὸ
530 2337 627 2389 καὶ
660 2335 759 2407 τὴν
789 2336 951 2404 φύσιν
984 2335 1144 2407 ἡμῶν
1180 2338 1394 2408 μέλλων
1426 2340 1852 2410 νυμφεύσασοαι

235 2428 266 2480 6
298 2427 522 2498 Κύριος,
558 2429 765 2498 κατέὸη
803 2430 939 2499 πρὸς
964 2430 1138 2500 αὐτὴν
1170 2434 1263 2484 ἐπὶ
1288 2435 1389 2501 τὴν
1415 2433 1540 2501 γῆν,
1569 2434 1663 2502 καὶ
1695 2449 1852 2501 γειο-

241 2519 421 2589 μένων
449 2522 557 2572 τῶν
583 2522 800 2591 γάμων,
833 2523 1026 2578 ἐλαϐεν
1047 2526 1238 2597 αὐτὴν,
1273 2526 1611 2596 ἀναληφθεὶς
1646 2529 1728 2589 (ἐς
1757 2529 1850 2579 τὸν

237 2608 390 2664 οἷκον
427 2613 518 2666 τὸν
569 2618 862 2684 πατρικόν.
908 2637 926 2669 ι
985 2617 1299 2686 Ἐμὸλέψας
1356 2613 1472 2680 οὖν,
1531 2619 1719 2686 φησιν,
1770 2618 1849 2688 τῷ

250 2700 428 2773 ἰησοῦ
461 2710 487 2758 6
534 2704 811 2777 Ἰωάννης,
856 2728 873 2759 ι
921 2710 1196 2771 τουτέστι,
1231 2709 1327 2762 καὶ
1380 2712 1493 2772 τοῖς
1543 2708 1869 2785 ὀφθαλμοῖς

237 2796 655 2867 ἐνδεικνύμενος
699 2802 799 2872 τὴν
831 2802 1009 2871 χαρὰν
1043 2804 1110 2872 ἢν
1145 2798 1293 2873 εἶχεν
1337 2804 1432 2856 ἐπὶ
1463 2803 1543 2873 τῷ
1594 2804 1843 2875 Χρ.στῴ,

239 2893 334 2945 καὶ
365 2892 426 2943 τὸ
450 2892 659 2962 θαῦμα,
695 2914 713 2945 ι
773 2896 899 2957 Ἴδε,
937 2897 1128 2964 φησὶν,
1178 2900 1205 2950 6
1239 2898 1433 2966 ἀμνός.
1484 2917 1503 2950 ι
1546 2899 1609 2950 Οἱ
1642 2899 1697 2950 δὲ
1737 2917 1847 2969 μα-

240 2986 402 3057 θηταὶ
420 2988 671 3058 συνεχέσι
708 2990 1043 3061 μαρτυρὶαις
1060 2990 1603 3061 καταμαλαχθέντες,
1619 2992 1850 3060 ἠκολού-

1953 587 2059 631 est.
2116 576 2252 630 Nam
2306 594 2506 643 agnum
2539 579 2762 647 quidem
2816 579 2989 643 dicit,
3022 577 3445 634 Filiurrrautem
3484 580 3577 636 Dei

1956 684 2249 738 nusquam.
2298 670 2459 725 Unde
2513 670 2813 725 verisimile
2862 681 2949 725 est
2979 672 3296 741 conjectare
3340 672 3486 739 quod
3523 682 3580 727 et

1954 765 2108 833 plura
2153 764 2257 817 alia
2295 764 2666 831 praetermissa
2708 766 2840 819 sint.
2879 764 3000 819 Non
3035 766 3183 820 enim
3219 768 3402 821 omnia
3445 782 3581 821 con-

1953 855 2156 925 scripta
2192 866 2340 909 stitit.

2029 949 2193 1003 Vsus.
2239 950 2434 1003 35-57.
2476 968 2496 1007 ι
2543 954 2773 1007 Postero
2804 951 2894 1005 die
2932 952 3133 1005 iterum
3175 950 3357 1004 stabat
3409 949 3579 1007 Joan-

1956 1058 2074 1101 nes.
2124 1054 2177 1095 et
2215 1059 2280 1097 ex
2340 1045 2628 1113 discipulis
2682 1046 2803 1112 ejus
2837 1049 2965 1111 duo,
3003 1056 3059 1099 et
3106 1047 3337 1111 intuitus
3388 1046 3577 1100 Jesum

1954 1136 2353 1201 ambulantem,
2390 1139 2522 1191 dicit
2556 1154 2570 1192 :
2602 1140 2742 1193 Ecce
2774 1141 2964 1208 Agnus
2996 1140 3085 1193 ille
3122 1140 3239 1193 Dei.
3282 1141 3345 1192 Et
3385 1139 3580 1192 audie-

1956 1238 2085 1282 runt
2134 1245 2259 1283 eum
2315 1231 2423 1284 duo
2470 1232 2724 1302 discipuli
2769 1232 3104 1300 loquentem,
3142 1243 3197 1287 ct
3247 1233 3418 1287 secuti
3449 1242 3579 1286 sunt

1952 1321 2168 1379 Iesum.
2219 1343 2238 1376 ι
2307 1323 2542 1394 Propter
2600 1326 2943 1380 audientium
3015 1326 3294 1396 ignaviam
3364 1327 3580 1395 cogitur

1954 1413 2199 1470 Joannes
2225 1418 2416 1471 eadem
2447 1419 2652 1475 dicere.
2686 1428 2745 1471 ut
2772 1419 2857 1472 vel
2888 1418 3082 1471 crebro
3111 1418 3430 1471 testimonio
3465 1416 3583 1471 elli-

1955 1512 2065 1565 ciat
2094 1512 2301 1581 aliquid
2340 1530 2353 1565 2
2387 1528 2571 1583 neque
2598 1512 2766 1569 falsus
2801 1526 2883 1570 est
2915 1533 2927 1567 :
2956 1514 3179 1569 Christo
3211 1515 3357 1569 enim
3385 1516 3574 1567 statim

1956 1605 2099 1660 duos
2136 1606 2437 1675 discipulos
2477 1608 2698 1662 obtulit.
2730 1608 2867 1663 Nam
2912 1625 3037 1662 cum
3068 1608 3580 1678 revera-pronnbus

1958 1708 2127 1763 esset,
2162 1701 2343 1752 omnia
2383 1699 2638 1765 faciebat,
2670 1713 2728 1755 ut
2764 1702 3059 1756 humanam
3088 1711 3341 1756 naturam
3379 1714 3582 1769 sponso

1959 1792 2276 1846 adduceret.
2311 1792 2440 1847 Ideo
2476 1803 2532 1847 et
2559 1794 2811 1849 Christus
2845 1795 3065 1863 quidem
3104 1805 3270 1858 tacet,
3309 1804 3367 1847 ut
3414 1809 3583 1862 spon-

1957 1900 2051 1939 sus
2087 1901 2100 1936 :
2136 1888 2423 1955 pronubus
2467 1898 2651 1942 autem
2686 1891 2874 1942 omnia
2910 1888 3173 1956 loquitur.
3213 1889 3279 1942 Et
3316 1888 3582 1942 Dominus

1958 1978 2101 2032 sicut
2149 1994 2386 2046 sponsus
2441 1983 2597 2035 venit
2652 1983 2719 2038 ad
2780 1984 3212 2038 multitudinem.
3277 1984 3334 2035 In
3378 1983 3585 2052 nuptiis

1957 2072 2104 2122 cnim
2134 2086 2242 2124 non
2276 2088 2477 2140 sponsa
2509 2077 2574 2129 ad
2607 2092 2892 2144 sponsum,
2930 2077 3023 2130 sed
3059 2092 3298 2145 sponsus
3330 2079 3396 2130 ad
3428 2078 3581 2130 illaut

1956 2163 2090 2224 abit,
2133 2164 2299 2218 etiam
2340 2168 2384 2220 si
2426 2169 2571 2236 regis
2608 2170 2753 2221 [ilius
2784 2172 2875 2223 sit.
2916 2168 3042 2224 Ideo
3084 2181 3137 2223 ct
3179 2171 3441 2223 Dominus
3484 2185 3583 2222 na-

1957 2265 2136 2307 turam
2168 2267 2420 2311 no-tram
2457 2262 2920 2327 desponsaturns,
2951 2262 3233 2316 descendit
3265 2262 3332 2315 ad
3366 2277 3487 2313 eam
3526 2262 3579 2313 in

1961 2358 2188 2415 terram,
2221 2361 2273 2402 et
2321 2350 2480 2405 factis
2513 2356 2717 2421 nuptiis
2746 2366 3060 2425 assumptus
3104 2356 3157 2408 lu
3194 2356 3421 2420 ccelum,
3456 2356 3583 2409 tulit

1959 2457 2083 2494 eam
2139 2443 2192 2495 in
2233 2445 2454 2498 donnun
2493 2446 2695 2502 Patris.
2758 2449 2950 2519 Itaque
2998 2465 3121 2504 cum
3167 2451 3400 2503 intuitus
3432 2461 3585 2503 esset

1954 2534 2141 2589 Iesum
2172 2538 2440 2603 Joannes.
2480 2541 2581 2595 hoc
2612 2551 2716 2608 est,
2756 2544 2924 2598 etiam
2974 2545 3355 2614 corporalibus
3404 2543 3583 2599 oculis

1957 2644 2068 2697 pra:
2109 2646 2168 2683 sc
2210 2623 2733 2702 tulissetigaudiutn
2771 2638 2918 2705 quod
2959 2638 3196 2691 habebat
3226 2638 3279 2690 iit
3333 2637 3583 2701 Christo,

1961 2732 2018 2777 et
2050 2726 2515 2795 admirationem;
2552 2748 2571 2781 ι
2618 2730 2779 2795 Ecce,
2819 2731 3016 2799 inquit,
3072 2730 3261 2799 Agnus
3300 2731 3409 2784 ille.
3457 2749 3475 2781 ι
3512 2731 3583 2784 At

1958 2816 2218 2885 discipuli
2268 2821 2480 2875 crebris
2536 2825 2864 2879 testimoniis
2916 2825 3172 2889 detnulsi,
3232 2824 3408 2879 secuti
3451 2833 3585 2879 sunt

1959 2906 2144 2963 Jesutn
2181 2930 2195 2969 :
2233 2929 2339 2966 non
2394 2915 2610 2984 quidem
2666 2927 3088 2973 contemnentes
3144 2916 3436 2982 Joannem,
3480 2920 3580 2971 sed

1967 3004 2141 3072 magis
2171 3006 2495 3062 obedientes
2522 3009 2593 3074 ei,
2624 3012 2847 3065 testanti
2873 3013 2941 3063 de
2967 3011 3193 3068 Christo
3222 3012 3476 3067 meliora.

237 3083 416 3150 θησαν
462 3083 540 3153 τῷ
603 3083 817 3152 Ἰησοῦ,
875 3085 935 3136 οὗ
1012 3086 1539 3157 καταφρθνήσαντες
1605 3086 1882 3157 Ὶωάννω,
1927 3094 2131 3164 μᾶλλον
2175 3100 2233 3153 δὲ
2284 3102 2608 3167 πεισθέντες
2662 3103 2816 3176 αὺτῷ
2889 3106 3267 3177 μαρτυροῦντι
3320 3104 3583 3175 περὶτοῦ

241 3174 482 3245 Χριστοῦ
508 3175 579 3228 τὰ
613 3177 927 3247 κρείττονα.

316 3294 336 3328 ι
374 3275 644 3345 Στραφεὶς
697 3275 752 3329 δὲ
793 3278 821 3328 6
865 3273 1093 3343 Ἰησοῦς,
1134 3276 1227 3329 καὶ
1268 3276 1609 3347 θεασάμενος
1651 3280 1853 3344 αὐτοὺς
1878 3285 1924 3345 C

238 3371 694 3433 ἀκολουθοῦντας,
726 3372 873 3437 λέγει
900 3372 1085 3435 αὐτοῖς
1107 3389 1121 3404 ·
1150 3372 1215 3425 Τί
1248 3372 1497 3443 ζητεῖτε“;
1532 3376 1595 3429 Oi
1615 3376 1670 3429 δὲ
1696 3375 1851 3431 εἶπον

239 3466 426 3536 αὐτῷ·
466 3464 661 3518 Ῥαϐϐἰ
701 3485 720 3517 ι
787 3464 816 3516 ὃ
864 3464 1089 3531 λέγεται
1145 3466 1614 3537 ἑρμηνευόμενον,
1676 3468 1847 3522 διδά-

238 3561 465 3621 σκαλε,
537 3557 641 3609 ποῦ
742 3558 964 3625 μένεις;
1045 3556 1211 3623 Λέγει
1268 3558 1487 3620 αὐτοῖς’
1556 3560 1847 3629 Ἔρχεσθε,

239 3655 336 3706 καὶ
367 3653 529 3705 ἴδετε.
564 3648 768 3704 Ἦλθον
799 3650 924 3712 οῦν,
958 3652 1053 3703 καὶ
1077 3646 1218 3703 εἶδον
1253 3651 1356 3705 ποῦ
1384 3654 1561 3721 μένει,
1594 3657 1688 3707 καὶ
1715 3656 1849 3725 παρ’

240 3746 394 3817 αύτῴ
440 3746 666 3815 ἔμειναν
714 3746 813 3816 τὴν
849 3746 1065 3814 ἡμέραν
1100 3744 1340 3815 ἐκείνην.
1382 3747 1523 3816 Ὥρα
1558 3747 1614 3799 δὲ
1658 3744 1727 3818 ἦν
1773 3748 1851 3811 ὡς

238 3839 465 3909 δεκάτη.
501 3860 519 3891 ι
574 3840 631 3891 '0
672 3840 769 3909 μὲν
821 3839 1103 3901 Ματθαίος
1157 3840 1413 3909 περὶτοῦ
1465 3840 1850 3909 βαπτίσματος

240 3932 338 3985 τοῦ
374 3934 579 4003 Κυρίου
605 3933 1035 4001 διηγησάμενος,
1064 3933 1261 4003 ἀνάγει
1291 3932 1454 3985 αὑτὸν
1483 3935 1648 3997 εύθίις
1678 3936 1754 3998 εἰς
1791 3936 1851 3989 τὸ

240 4028 368 4100 ὅρος
392 4028 905 4099 πειρασθησόμενον
927 4044 941 4059 ·
976 4030 1004 4081 6
1027 4027 1085 4079 δέ
1113 4044 1175 4093 γε
1208 4027 1403 4095 παρὼν
1425 4029 1849 4105 εὐαγγελιστὴς,

240 4122 343 4176 ὅσα
374 4120 568 4191 ἐκείνῳ
599 4122 817 4193 εἴρηται
846 4120 1036 4185 ἐάσας,
1068 4122 1137 4173 τὰ
1165 4122 1303 4190 μετά
1334 4120 1434 4190 τὴν
1464 4122 1529 4173 ἐκ
1564 4121 1657 4173 τοῦ
1690 4123 1851 4193 ὅρους

242 4215 472 4269 κάεοίον
515 4215 809 4284 διηγεῖται.
852 4217 963 4273 Καὶ
1013 4216 1045 4284 ἡ
1090 4215 1198 4268 τῶν
1251 4218 1509 4286 μαθητῶν
1543 4218 1721 4270 τοίνυν
1755 4218 1850 4270 τοῦ

256 4312 508 4365 Ἰωάννου
533 4309 920 4378 ἀκολούθησις,
948 4308 1041 4361 καὶ
1068 4310 1204 4379 πρδς
1225 4312 1319 4364 τὸν
1348 4312 1584 4379 Χριστὸν
1614 4312 1848 4376 ἕλενσις,

247 4405 386 4473 μιεά
446 4403 509 4456 16
563 4402 847 4455 κατελθεῖν
896 4404 960 4455 ἐκ
1005 4401 1099 4455 τοῦ
1148 4403 1306 4470 ὅρους
1344 4403 1439 4456 καὶ
1486 4404 1851 4475 πειρασθῆναι

244 4499 493 4564 γίνεταιο
536 4494 872 4558 δεικνύντος,
924 4490 1105 4565 οἶμαι,
1158 4495 1253 4548 τοῦ
1303 4497 1489 4564 λόγου,
1524 4498 1606 4548 ὅτι
1646 4498 1707 4549 οὐ
1744 4497 1850 4568 χρὴ

241 4588 565 4645 διδάσκαλόν
594 4606 718 4641 τινα
748 4587 1135 4654 καθίστασθαι,
1167 4589 1215 4641 εἰ
1260 4589 1335 4660 μὴ
1376 4590 1656 4659 πρότερον
1688 4592 1852 4653 αὐτὸς

537 3557 641 3609 ποῦ

2041 3288 2201 3345 \‘sns.
2233 3292 2323 3353 38.
2360 3294 2451 3348 59.
2492 3313 2511 3345 ι
2549 3293 2861 3350 Conversus
2892 3306 3076 3349 autem
3128 3292 3312 3356 Jesus,
3361 3304 3581 3348 etcon-

1958 3385 2201 3452 Spicatus
2230 3401 2328 3439 cos
2365 3398 2661 3457 sequentes
2694 3404 2776 3453 se,
2806 3389 2942 3444 dicit
2966 3391 3082 3443 eis:
3121 3386 3260 3453 Quid
3294 3388 3583 3455 qua-ritis?

1956 3478 2036 3533 llli
2070 3491 2252 3534 autem
2289 3482 2545 3539 dicebant
2571 3484 2620 3537 ci
2655 3500 2669 3537 :
2702 3482 2907 3549 -R:Ilibl,
2951 3484 3095 3552 quod
3132 3482 3355 3546 dicitur,
3379 3482 3422 3535 si
3458 3480 3583 3551 quis

1961 3571 2375 3643 interpretetur,
2409 3578 2692 3645 magister,
2750 3578 2839 3631 tibi
2881 3577 3115 3631 inanes?
3150 3576 3294 3631 Dicit
3329 3577 3433 3641 eis,
3475 3575 3582 3631 Ve:

1958 3672 2072 3726 nite
2129 3682 2185 3724 et
2229 3674 2429 3726 videte.
2487 3670 2764 3726 Venerunt
2818 3672 3006 3738 igitur,
3063 3680 3119 3726 et
3174 3671 3433 3726 viderunt
3487 3671 3581 3726 ubi

1958 3778 2207 3821 maneret
2246 3785 2259 3820 :
2301 3776 2355 3819 et
2403 3776 2726 3821 manserunt
2778 3768 2925 3836 apud
2962 3767 3111 3818 illum
3143 3766 3233 3819 die
3279 3766 3391 3819 illo.
3432 3765 3578 3820 [lora

1958 3867 2139 3910 autem
2177 3858 2467 3925 eratqnasi
2514 3856 2750 3912 decima.
2796 3877 2813 3910 ι
2858 3857 3151 3911 Matthreus
3197 3858 3418 3926 quidem
3452 3874 3577 3913 cum

1958 3951 2024 4003 de
2056 3950 2389 4020 baptismate
2441 3961 2748 4018 narrasset,
2808 3953 3295 4006 statim/subducit
3331 3954 3481 4004 illum
3522 3953 3576 4005 in

1959 4055 2200 4101 tnonteu‘t
2237 4058 2295 4099 ut
2332 4056 2637 4101 tentaretur
2670 4064 2688 4107 :
2726 4056 2781 4099 at
2828 4062 3072 4115 praesens
3117 4049 3456 4116 evangelista
3496 4063 3581 4100 rc-

1964 4141 2107 4194 lietis
2136 4142 2224 4205 iis,
2255 4156 2378 4210 qua:
2407 4141 2475 4195 ab
2508 4141 2598 4194 illo
2634 4142 2780 4195 dicta
2813 4150 2960 4202 sunt.
2993 4140 3161 4194 refert
3208 4156 3272 4194 ea
3306 4156 3427 4208 qua:
3459 4148 3581 4207 post

1959 4233 2289 4289 descensum
2336 4235 2403 4287 de
2454 4243 2642 4288 monte
2695 4234 2843 4288 facta
2882 4244 3032 4288 sunt.
3077 4234 3247 4303 Igitur
3286 4241 3579 4303 postquam

1961 4326 2027 4378 de
2065 4335 2249 4379 monte
2285 4326 2373 4380 ubi
2409 4335 2651 4381 tentatus
2699 4326 2822 4394 fuit,
2863 4329 3170 4396 descendit,
3208 4330 3463 4398 sequitur
3493 4329 3579 4380 di-

1971 4417 2307 4487 scipulorum
2353 4416 2581 4471 Joannis
2621 4420 2909 4475 comitatio
2941 4433 2996 4474 et
3025 4436 3287 4475 accessus
3318 4421 3384 4475 ad
3416 4418 3581 4475 Chii-

1960 4523 2127 4568 stum.
2160 4512 2368 4582 Opinor
2396 4514 2540 4581 quod
2569 4528 2755 4567 sermo
2786 4514 3131 4567 demonstret
3160 4514 3304 4581 quod
3344 4528 3450 4566 non
3483 4515 3579 4566 de-

1963 4608 2089 4661 beat
2117 4607 2318 4675 aliquis
2345 4606 2606 4660 constitui
2640 4608 2857 4670 doctor,
2890 4606 2995 4660 nisi
3027 4606 3180 4675 prius
3204 4606 3271 4659 ad
3298 4605 3578 4673 fastigium

244 4684 487 4744 ἀνελθὼν
525 4688 618 4739 ἐπὶ
675 4686 736 4739 16
785 4686 886 4757 τῆς
920 4687 1124 4757 ἀρετῆς
1156 4654 1335 4757 ἄκρον.
1391 4654 1592 4758 (τοῦτο
1642 4687 1753 4757 γὰρ
1791 4688 1851 4741 τὸ

1964 4654 2088 4661 η---
2117 4654 2316 4675 --..-,.---
2644 4654 2857 4670 e----.-,
2890 4654 2994 4660 _-._-
3028 4654 3179 4675 ,--__-
3206 4654 3271 4659 η

1961 4701 2345 4755 conscenderit
2383 4700 2647 4753 virtutum
2692 4717 2707 4753 :
2742 4702 2846 4755 hoc
2880 4700 3026 4753 enim
3073 4716 3229 4754 mons
3258 4700 3577 4768 signiﬁcat:

242 4780 406 4853 ὅρος)
442 4780 537 4833 καὶ
578 4780 755 4832 πάντα
810 4783 1042 4850 νικήσας
1093 4781 1426 4853 πειρασμὸν,
1457 4780 1567 4851 ἄρῃ
1612 4782 1674 4836 τὸ
1726 4784 1858 4852 τρόο

250 4892 414 4929 πλιον
464 4876 605 4928 κατὰ
637 4874 731 4928 τοῦ
787 4876 1169 4947 πειράζοντος.
1236 4876 1624 4929 ’Λκολουθοῦσι
1671 4876 1857 4929 τοίνυν

248 4968 465 5037 πρῶτον
499 4969 549 5020 οἱ
587 4969 853 5039 μαθηταὶ,
894 4972 988 5021 καὶ
1036 4970 1159 5022 τότε
1198 4970 1482 5039 ἐρωτῶσιν
1538 4970 1704 5023 αὑτὸν
1750 4970 1855 5023 ποῦ

250 5063 421 5130 μένει.
450 5064 528 5117 Οὐ
558 5065 668 5133 γὰρ
698 5062 935 5134 δημοσίᾳ
974 5063 1189 5115 πολλῶν
1221 5065 1531 5131 παρόντων,
1565 5062 1703 5115 ἀλλά
1736 5062 1859 5115 κατ’

248 5154 386 5208 ἰδίαν
412 5155 581 5224 ἐχρῆν
612 5153 965 5224 διαλεχθῆναι
995 5154 1073 5217 ὡς
1102 5158 1233 5225 περὶ
1258 5156 1597 5222 ἀναγκαίων.
1637 5155 1857 5209 Μᾶλλον

243 5246 323 5311 δὲ,
358 5248 480 5300 οὐδὲ
512 5249 669 5300 αὐτοὶ
691 5249 901 5318 πρῶτοι
932 5249 1239 5317 ἐρωτῶσιν,
1274 5250 1393 5302 ἀλλ’
1424 5254 1449 5302 6
1484 5252 1722 5320 Χριστὸς
1755 5252 1855 5303 αύ-

248 5339 338 5403 τὸς
378 5340 563 5409 ἐνάγει
588 5344 667 5405 εἰς
696 5343 755 5394 16
790 5346 1089 5414 ἐρωτῆσαι.
1125 5344 1291 5411 Λέγει
1325 5345 1436 5414 γὰρ
1472 5345 1655 5406 αὐτοῖς
1678 5360 1692 5374 ⁶
1733 5362 1753 5397 ι
1788 5345 1854 5397 Τί

245 5434 501 5505 ζητεῖτες
562 5456 579 5487 ι
622 5438 720 5506 οὐχ
762 5437 837 5499 ὡς
880 5438 1092 5505 ἀγνοῶν
1162 5439 1303 5509 (πῶς
1342 5440 1452 5509 γὰρ
1486 5441 1514 5492 6
1554 5440 1708 5503 εἰδὼς
1756 5440 1857 5504 τὰς

244 5530 475 5597 καρδίας
515 5531 625 5584 τῶν
658 5532 964 5604 ἀνθρώπων
1000 5534 1061 5603 ς),
1108 5534 1223 5587 ἀλλ’
1258 5537 1345 5590 ἵνα
1378 5537 1468 5589 διὰ
1499 5538 1598 5605 τῆς
1630 5538 1848 5609 ἐρωτη-

248 5637 386 5685 σεως
430 5625 881 5695 προσκαλέσηται
929 5628 1127 5690 αὐτοὺς
1160 5632 1237 5690 εἰς
1266 5628 1327 5681 τὸ
1362 5631 1537 5683 εἰπεῖν
1576 5630 1604 5683 6
1633 5631 1853 5701 βούλον-

1956 4804 2012 4848 et
2067 4809 2286 4848 omnem
2343 4794 2609 4849 devicerit
2667 4796 3050 4859 teutatiouent,
3111 4796 3448 4858 triumphum
3510 4793 3579 4848 de

1957 4892 2231 4940 tentatore
2276 4885 2544 4941 referens.
2585 4885 2907 4955 Sequuntur
2937 4888 3104 4955 igitur
3134 4888 3375 4955 primunt
3409 4885 3579 4939 disci-

1958 4980 2092 5049 puli.
2144 4990 2199 5034 et
2248 4991 2381 5035 tunc
2437 4981 2783 5049 interrogant
2834 4997 2957 5035 eum
3020 4982 3109 5033 ubi
3159 4989 3400 5034 maneat.
3454 4980 3577 5033 Non

1958 5070 2121 5141 527
2152 5071 2296 5123 enim
2331 5070 2548 5137 publice
2582 5071 2767 5124 multis
2798 5072 3184 5139 praesentibus.
3214 5072 3306 5123 sed
3344 5071 3578 5123 seorsim

1958 5167 2249 5235 oportebat
2282 5163 2547 5234 colloqui,
2580 5166 2737 5231 quasi
2786 5165 2853 5219 de
2903 5164 3068 5218 rebus
3118 5165 3445 5233 quibusdam
3480 5180 3579 5217 ειε-

1962 5259 2245 5313 cessariis.
2316 5257 2431 5312 lmo
2480 5258 2553 5311 illi
2619 5274 2724 5311 non
2781 5260 2997 5328 priores
3048 5237 3416 5324 interrogant,
3480 5255 3579 5309 sed

1955 5350 2209 5405 Christus
2272 5352 2418 5420 ipsos
2484 5354 2695 5406 inducit
2758 5354 2827 5405 ad
2895 5354 3373 5423 interrogandum.
3440 5352 3579 5407 Dicit

1954 5444 2102 5498 θιιίιιι
2128 5446 2230 5510 eis,
2265 5464 2283 5497 ι
2320 5444 2458 5511 Quid
2491 5448 2775 5515 qumritis?
2802 5468 2819 5500 ι
2860 5466 2967 5502 non
3002 5458 3262 5516 tanqu-aut
3293 5448 3576 5519 ignorans,

1958 5535 2273 5609 [quomodo
2310 5541 2457 5594 enim
2496 5542 2797 5611 ignoraret,
2833 5543 2925 5612 qui
2960 5542 3169 5597 sciebat
3200 5543 3363 5598 corda
3398 5544 3576 5596 homi-

1960 5631 2169 5705 num?]
2214 5634 2307 5688 sed
2345 5643 2401 5687 ut
2440 5648 2537 5704 per
2574 5636 3067 5708 interrogationem
3122 5644 3446 5707 provocaret
3482 5650 3577 5689 eos

1249 5771 1338 5830 lix
1372 5770 1718 5835 collatione
1768 5774 1953 5836 codd.
1985 5776 2213 5841 Venet.
2250 5778 2313 5839 S.
2360 5778 2582 5840 Marci.

321 5895 590 5966 ωῗὶμᾴοιι.
618 5896 703 5951 Si.
748 5895 904 5959 256’);
940 5899 1285 5969 προσήγαγε.
