3936 6400
478 338 615 400 1183

1329 322 1908 389 THEOPUYLACTI
1950 317 2352 379 ΒὶΤῘλΟΑΙὶΙΕ
2396 315 2753 377 ARClllEP.

3618 302 3747 363 list

477 450 764 505 charilatis
797 446 1059 517 tetigisse.
1079 442 1199 498 Non
1218 442 1363 496 enim
1398 438 1720 507 simpliciter
1753 434 2055 488 Salvatmis

2191 431 2379 499 πρῶτον
2417 429 2577 498 μὲνὴ
2610 427 2701 481 τοῦ
2736 425 2942 495 Κυρίου
2988 423 3140 493 φωνὴ
3173 424 3230 474 ὲν
3278 424 3343 489 τῇ
3398 419 3549 489 ψυχῇ
3588 418 3747 470 αὐτοῦ

476 560 576 595 vox
636 544 938 602 dicebatur,
974 538 1067 592 sed
1102 538 1298 603 dignos
1322 535 1505 587 statim
1534 532 1762 596 ﬂagrare
1823 527 2057 579 faciebat

478 636 807 687 intrinsecus
836 632 899 683 ad
934 628 1229 683 amandum
1272 628 1442 693 ipsum
1476 643 1488 677 :
1547 622 1688 673 sicut
1728 630 1782 672 et
1830 619 2060 684 Clenpas

481 730 648 780 dicit:
683 743 702 774 ι
742 723 931 776 Nonne
961 737 1056 773 cor
1088 729 1333 772 nostrum
1378 716 1573 767 ardens
1620 721 1735 764 erat
1789 711 1838 762 in
1874 708 2054 771 nobis,

480 835 600 871 (‘Ilm
648 817 961 882 loqueretur
1012 813 1167 865 nobis
1217 811 1269 863 in
1308 809 1387 859 via
1421 806 1508 858 “?
1545 825 1562 857 ι
1622 804 1823 882 Deinde
1878 811 2057 855 autem

483 879 778 975 Philippus,
825 922 890 960 eo
916 907 1057 974 quod
1090 904 1381 956 sollicitum
1433 915 1525 952 cor
1550 879 1802 959 habebat:
1832 904 1887 947 et
1920 892 2060 946 mul-

481 1014 589 1052 tum
620 1002 981 1051 meditabatur
1001 998 1201 1062 scripta
1224 994 1409 1056 Musis,
1428 992 1889 1057 exspectabatque
1912 1001 2024 1039 sem
2043 1013 2061 1025 -

481 1106 576 1159 per
604 1092 903 1151 Christum,
954 1092 1137 1141 statim
1188 1087 1517 1152 simulatque
1575 1084 1724 1143 vidit,
1783 1079 2055 1132 credidit:

481 1194 766 1252 propterea
796 1185 958 1235 etiam
988 1182 1139 1241 dicit.
1176 1178 1515 1230 «Invenimus
1535 1173 1719 1228 Jesum
1750 1190 1765 1222 ι
1806 1190 1819 1224 :
1846 1185 1954 1239 quo
1975 1184 2059 1223 os-

486 1276 661 1325 tendit
694 1274 835 1339 quod
868 1288 1083 1339 semper
1115 1269 1444 1337 qumsiverit.
1498 1265 1765 1318 Fortassis
1793 1274 1971 1315 autem
2004 1269 2060 1313 et

486 1382 515 1419 a
544 1366 702 1418 Petro
733 1374 783 1417 et
822 1365 1037 1417 Andrea
1070 1365 1134 1415 de
1164 1360 1601 1416 Christodidirit.
1623 1358 1833 1411 Etenim
1864 1354 2059 1407 verisi-

487 1456 609 1508 mile
637 1465 720 1508 est
776 1455 1069 1507 collocutos
1128 1452 1243 1505 illos
1295 1451 1365 1510 ei.
1397 1451 1488 1515 qni
1524 1464 1589 1502 et
1642 1451 1830 1500 eadem
1885 1444 2057 1511 patria

484 1552 622 1605 erat,
653 1555 705 1595 rt
741 1559 997 1598 narrasse
1031 1546 1095 1596 de
1122 1544 1373 1596 Christo:
1414 1543 1463 1594 id
1498 1539 1641 1608 quod
1691 1547 1745 1590 et
1776 1537 2061 1603 Evangeli-

488 1646 567 1686 sta
603 1635 815 1685 videtur
866 1634 1139 1687 insinuare
1192 1647 1288 1697 per
1335 1632 1438 1684 hoc
1464 1631 1607 1698 quod
1660 1629 1833 1682 dicit:
1872 1648 1889 1679 ‹
1940 1628 2066 1679 Erat

488 1735 665 1777 autem
703 1724 981 1789 Philippus
1013 1738 1040 1774 a
1065 1724 1283 1775 civitate
1315 1723 1545 1774 Andreae
1569 1732 1621 1772 et
1646 1719 1810 1773 Petri.
1846 1738 1863 1768 ι
1898 1720 2064 1771 Parva

2160 521 2499 593 ἐργάσασθαί
2525 539 2575 573 τι
2609 520 2836 588 κέντρον
2858 518 3095 585 ἀγάπης.
3123 517 3197 567 Οὐ
3230 516 3341 583 γὰρ
3376 512 3572 573 ἁπλῶς
3604 512 3635 577 ἡ
3659 510 3749 561 τοῦ

2160 618 2409 684 Σωτῆρος
2436 616 2587 683 φωνὴ
2616 613 2859 679 ἐλέγετο,
2887 610 3021 664 ἀλλὰ
3063 612 3174 671 τοῖς
3218 608 3389 671 ἀξίοις
3438 606 3609 665 εὐθὺς
3644 605 3749 655 διέο

2164 726 2286 762 καιε
2318 706 2385 760 τὰ
2430 707 2579 767 ἐντὸς
2620 706 2765 774 πρὸς,
2800 706 2898 773 τὴν
2965 702 3244 770 ἀγάπησιν
3306 698 3510 751 αὐτοῦ·
3563 697 3756 763 ὥσπερ

2164 800 2255 853 καὶ
2280 802 2327 850 οἱ
2360 800 2487 869 περὶ
2516 798 2606 849 τὴν
2632 798 2881 850 Κλεόπαν
2908 794 3039 862 φασί
3062 813 3073 824 ι
3108 813 3125 843 t
3150 794 3285 861 Οὖχὶ
3309 795 3341 861 ή
3373 791 3572 859 καρδία
3605 790 3757 857 ἡμῶν

2161 892 2425 960 καιομένη
2466 886 2533 959 ἦν
2565 893 2623 942 ἐν
2647 892 2802 959 ἡμῖν,
2832 890 2905 949 ὡς
2951 887 3129 941 ἐλάλει
3169 888 3301 955 ἡμῖν
3356 886 3412 935 ὲν
3446 887 3514 951 τῇ
3543 883 3690 949 όδῴ;
3735 901 3751 932 ι

2171 984 2404 1035 Ἔπειτα
2430 983 2485 1033 δὲ
2508 982 2603 1034 καὶ
2630 981 2715 1033 διὰ
2743 981 2802 1030 τὸ
2833 997 3144 1049 μεμεριμνη
3157 980 3322 1047 μένην
3347 976 3580 1046 καρδίαν
3614 978 3758 1045 ἔχειν

2164 1077 2255 1127 τὸν
2287 1075 2576 1135 Φίλιππον,
2624 1075 2718 1125 καὶ
2778 1072 3015 1140 συνεχῶς
3054 1072 3287 1140 μελετᾷν
3350 1070 3419 1122 τὰ
3476 1068 3751 1131 Μωσέως,

2168 1172 2262 1220 καὶ
2304 1169 2610 1237 προσδοκᾷν
2640 1166 2725 1217 ἀεὶ
2760 1165 2850 1217 τὸν
2901 1166 3153 1234 Χριστὸν.
3191 1164 3394 1226 εὐθέως
3438 1165 3531 1216 ὅτε
3595 1159 3756 1225 εἶδεν,

2168 1260 2415 1327 ἐπείσθη·
2451 1259 2531 1311 διὸ
2561 1260 2652 1311 καί
2688 1275 2853 1325 φησιν
2876 1274 2889 1287 ο
2926 1276 2943 1306 ‹
2996 1258 3329 1325 Εὑρήκαμεν
3386 1256 3605 1323 Ἰησοῦν
3629 1272 3643 1284 ·
3682 1275 3699 1305 ι
3733 1254 3759 1305 δ

2166 1354 2441 1404 δείκνυσιν
2474 1351 2549 1411 ὡς
2595 1350 2777 1417 ἐζήτει
2817 1350 2881 1401 ἄν
2910 1347 3043 1419 (Hi).
3100 1349 3190 1416 Μή
3226 1364 3355 1398 ποτε
3383 1346 3437 1398 δὲ
3471 1346 3633 1415 παρὰ
3668 1346 3759 1397 τοῦ

2181 1445 2431 1514 Ἀνδρέου
2481 1444 2575 1495 καὶ
2601 1442 2694 1495 τοῦ
2728 1443 2933 1511 Πέτρου
2966 1438 3135 1509 ἔμαθε
3188 1440 3318 1506 περὶ
3367 1437 3461 1489 τοῦ
3492 1437 3761 1509 Χριστοῦ.

2171 1541 2279 1591 Καὶ
2327 1538 2435 1606 γὰρ
2467 1540 2530 1589 ὲκ
2560 1536 2661 1603 τῆς
2703 1534 2872 1599 αὐτῆς
2916 1532 3177 1602 πατρίδος
3208 1530 3344 1590 ὄντι,
3393 1532 3565 1591 εἰκὸς,
3607 1548 3766 1581 συνο-

2176 1631 2505 1701 μιλήσαντας
2535 1626 2778 1687 τούτους,
2810 1623 3201 1692 ἀφηγήσασθαι
3233 1625 3361 1690 περὶ
3385 1620 3477 1672 τοῦ
3515 1622 3727 1689 Κυρίου
3752 1638 3765 1650 ·

2171 1719 2198 1769 ὃ
2231 1720 2321 1770 καὶ
2347 1720 2373 1769 ό
2401 1716 2795 1784 εὑαγγελιστὴς
2828 1715 2979 1767 δοκεῖ
3024 1714 3483 1781 παραινίττεσθαι
3532 1712 3624 1763 δια
3674 1711 3769 1763 τοῦ

490 1830 669 1869 autent
704 1816 805 1869 fuit
845 1818 946 1869 ista
976 1816 1189 1878 civitas,
1226 1830 1345 1882 qua:
1389 1828 1558 1883 pagus
1610 1816 1815 1866 rectius
1860 1814 2065 1865 dicere-

2191 1811 2390 1875 ιέγειν·
2450 1827 2465 1858 t
2506 1803 2614 1859 Ἶιν
2650 1808 2705 1860 δὲ
2740 1809 2768 1859 ὁ
2800 1806 3067 1869 Φίλιππος
3117 1810 3182 1858 ὲκ
3230 1806 3329 1873 τῆς
3384 1805 3596 1865 πόλεως
3649 1807 3771 1858 ’Λν-

494 1922 613 1963 tur:
639 1911 778 1961 unde
809 1921 864 1961 et
879 1909 1038 1976 digna
1066 1905 1428 1961 admiratione
1475 1905 1679 1958 Christi
1714 1905 2065 1969 virtus,qund

492 2002 560 2054 ab
608 2001 692 2053 his
719 2000 809 2062 qtti
854 1999 1055 2052 nullum
1107 1996 1404 2049 offerebant
1456 1997 1714 2056 fructum,
1760 1995 2067 2061 pra-cipuos

491 2092 783 2157 discipulos
820 2091 1065 2159 elegerit.
1128 2088 1299 2157 Igitur
1354 2102 1530 2157 neque
1582 2087 1867 2155 Philippus
1925 2088 2065 2153 apud

491 2199 551 2237 se
597 2185 791 2237 bonum
830 2186 929 2235 hoc
981 2183 1194 2243 retinet,
1235 2184 1327 2236 sed
1360 2181 1723 2235 communicat
1766 2188 1820 2232 et
1871 2178 2077 2231 Nullm-

491 2277 632 2330 nzieli
660 2295 671 2331 :
708 2288 761 2331 et
793 2277 918 2343 quia
948 2276 1283 2344 lcgisperitus
1318 2286 1433 2327 erat
1454 2274 1773 2336 Nathanael,
1804 2276 1867 2326 ad
1901 2275 2070 2340 legem

491 2380 547 2420 et
575 2370 865 2436 prophetas
898 2370 1069 2436 ipsum
1110 2370 1269 2421 mittil
1304 2368 1603 2435 Philippus,
1639 2370 1761 2433 quia
1787 2369 2076 2433 diligenter

491 2461 658 2529 legem
691 2462 1081 2514 meditabatur.
1122 2461 1293 2514 Porro
1344 2461 1509 2513 lilium
1558 2461 1690 2515 dicit
1734 2458 1932 2527 Joseph
1971 2461 2074 2511 Do-

496 2555 722 2617 mimun,
759 2554 883 2620 quia
920 2553 1037 2619 ejus
1072 2555 1211 2607 lilius
1257 2555 1587 2621 putabatur:
1633 2564 1687 2605 et
1734 2552 2072 2607 Nazareunm

494 2646 641 2699 illum
675 2646 929 2714 appellat,
964 2648 1214 2714 quamvis
1239 2649 1453 2715 preprie
1485 2662 1512 2698 a
1553 2648 1852 2708 Bethleem,
1886 2646 1935 2697 in
1972 2661 2073 2710 qna

496 2747 673 2795 nutus.
716 2740 808 2790 sed
846 2739 894 2788 in
924 2735 1195 2789 Nazareth
1228 2740 1489 2789 educatus
1540 2737 1659 2792 fuit.
1711 2739 1781 2789 At
1817 2736 2074 2803 quoniam

497 2830 750 2881 nativitas
774 2830 897 2897 ejus
942 2829 1127 2881 multis
1163 2830 1436 2899 incognita
1470 2842 1609 2895 erat,
1652 2829 1939 2881 manifesta
1976 2844 2077 2881 auu

496 2933 600 2974 tein
628 2922 898 2983 educatio,
926 2936 955 2975 a
1002 2920 1269 2975 Nazareth
1298 2936 1420 2975 eum
1452 2922 1717 2983 nominat,
1753 2930 1939 2989 utpote
1968 2921 2079 2973 ilhc

492 3026 813 3067 Plllllrlllll“.

2175 1902 2333 1970 δρέου
2368 1901 2463 1951 καὶ
2499 1900 2726 1967 Πέτρου.
2796 1917 2815 1949 ι
2864 1898 3055 1967 Μικρα
3113 1898 3167 1949 δέ
3206 1914 3290 1958 τις
3332 1892 3398 1967 ἦν
3428 1897 3573 1966 αὕτη
3610 1898 3646 1965 ἡ
3677 1897 3776 1947 πτί-

2178 1996 2282 2055 ὶις,
2313 1994 2407 2045 καὶ
2438 1992 2598 2059 κώμη
2633 1992 2831 2060 μᾶλλον
2868 1991 3124 2058 ἁρμόδιος
3155 1990 3437 2057 λέγεσθαι.
3472 1991 3649 2042 Ὅθεν
3678 1994 3775 2040 καὶ

2180 2089 2460 2155 θαυμάσαι
2496 2088 2645 2152 ἄξιον
2687 2087 2785 2154 τὴν
2819 2085 2914 2136 τοῦ
2947 2084 3186 2146 Χριστοῦ
3228 2084 3484 2152 δύναμιν,
3544 2086 3632 2135 ὅτι
3666 2086 3775 2135 ἀπὸ

2181 2180 2289 2230 τῶν
2324 2180 2515 2231 οὐδένα
2551 2178 2767 2246 καρπὸν
2805 2178 3105 2245 φερόντων,
3146 2178 3276 2237 τοὺς
3334 2177 3632 2245 ἐκκρίτους
3665 2176 3776 2227 τῶν

2184 2272 2441 2341 μαθητῶν
2476 2271 2892 2338 ἐξελέξατοηοὺ
2932 2272 3112 2321 τοίνυν
3169 2270 3291 2322 οὐδὲ
3324 2270 3599 2333 Φίλιππος
3644 2271 3778 2338 παρ’

2178 2366 2357 2432 ἐαυτῷ
2396 2364 2618 2432 κατέχει
2648 2364 2709 2415 τὸ
2744 2362 2967 2429 ἀγαθὸν,
3007 2363 3143 2415 ἀλλὰ
3206 2362 3535 2431 μεταδίδωσι
3569 2363 3671 2413 καὶ
3704 2363 3780 2433 τῷ

2182 2457 2495 2527 Ναθαναήλ.
2532 2457 2641 2507 Καὶ
2684 2456 2871 2524 ἐπειδὴ
2908 2455 3227 2525 νομομαθὴς
3261 2451 3329 2523 ἦν
3376 2457 3404 2507 ὁ
3444 2454 3777 2524 Ναθαναὴλ,

2183 2552 2273 2602 ἐπὶ
2304 2552 2394 2602 τὸν
2427 2551 2591 2619 νόμον
2616 2550 2858 2612 καὶτοὺς
2891 2550 3174 2619 προφήτας
3209 2548 3370 2600 αὑτὸν
3402 2552 3781 2617 παραπέμπει

2183 2644 2445 2704 Φίλιππος
2472 2661 2485 2674 ο
2517 2645 2611 2695 καὶ
2647 2644 2755 2711 γὰρ
2781 2642 3015 2713 ἀκριϐὴς
3044 2642 3138 2694 καὶ
3171 2642 3574 2710 διεσκεμμένος
3606 2637 3682 2709 ἦν
3716 2644 3781 2692 τὰ

2184 2738 2405 2805 νομικά.
2442 2736 2647 2787 Υίὸνδὲ
2673 2736 2765 2788 τοῦ
2798 2737 2997 2805 Ἰωσὴφ
3028 2736 3175 2801 λέγει
3203 2736 3295 2786 τὸν
3320 2736 3551 2804 Κύριον,
3587 2735 3779 2803 ἐπειδὴ

2187 2830 2377 2881 τούτου
2438 2831 2569 2891 παῖς
2626 2829 2947 2897 ἐνομίζετο·
3008 2830 3103 2880 κα)⁵
3161 2829 3269 2880 ἀπὸ
3308 2827 3570 2897 Ναζαρὲτ
3616 2828 3780 2879 αὑτὸν

2187 2922 2465 2991 ὀνομάζει,
2500 2922 2549 2972 εί
2575 2921 2670 2973 καὶ
2709 2920 2917 2991 κυρίως
2947 2921 3056 2973 ἀπὸ
3104 2920 3354 2989 Βηθλεὲμ
3386 2917 3476 2990 ἦν.
3513 2922 3605 2973 Ἑν
3637 2921 3775 2973 ἐκεί.

2188 3030 2257 3085 νῃ
2284 3016 2395 3083 γὰρ
2448 3012 2780 3082 ὲγγεννήθη,
2823 3015 2880 3063 ὲν
2909 3013 2966 3065 δὲ
3013 3012 3267 3082 Ναζαρὲτ
3308 3016 3595 3083 ἀνετράφη
3619 3032 3631 3045 '
3670 3014 3781 3065 ἀλλ’

494 3107 643 3170 ὅμως
680 3107 869 3176 ὲπεὶή
922 3107 1020 3175 μὲν
1050 3106 1307 3175 γέννησις
1340 3106 1507 3159 αὐτοῦ
1559 3108 1673 3169 τοῖς
1696 3105 1913 3170 πολλοῖς
1989 3105 2185 3176 ἄδηλος
2248 3102 2340 3179 ἦν,
2372 3109 2405 3177 ἡ
2466 3106 2521 3158 δὲ
2581 3106 2864 3176 ἁνατροφὴ
2911 3106 3069 3175 δήλη,
3126 3107 3233 3158 ἀπὸ
3280 3106 3543 3177 Ναζαρὲτ
3595 3107 3785 3158 τοῦτον

494 3198 878 3266 ὀνομάζουσιν,
907 3200 981 3261 ὡς
1010 3201 1068 3252 ὲν
1100 3198 1273 3269 ταύτῃ
1304 3200 1606 3269 τραφέντα.

569 3291 733 3344 Vens.
764 3290 951 3345 46-48.
984 3306 1002 3339 ι
1037 3286 1102 3341 Ει
1130 3290 1265 3343 dixit
1289 3290 1335 3343 ei
1364 3289 1664 3343 Nathanael
1693 3292 1775 3345 :A
1814 3289 2084 3345 Nazareth
2113 3300 2157 3356 ο

498 3395 675 3453 potest
709 3384 908 3447 aliquid
944 3382 1067 3435 boui
1101 3382 1263 3435 esse?
1300 3381 1504 3438 Dicitei
1550 3383 1836 3453 Philippus
1874 3401 1886 3435 :
1925 3385 2083 3447 Veni,

498 3490 548 3530 et
576 3479 717 3531 vide.
770 3474 914 3528 Vidit
940 3474 1101 3529 Jesus
1135 3474 1439 3529 Nathanael
1469 3476 1780 3530 venientem
1819 3477 1884 3531 ad
1916 3492 1996 3543 se,
2035 3488 2089 3531 et

499 3572 627 3626 dicit
659 3574 723 3624 de
748 3585 815 3623 eo
843 3586 858 3625 :
895 3570 1031 3623 Ecce
1058 3584 1218 3621 verus
1252 3569 1523 3634 Israelita,
1554 3570 1606 3623 in
1651 3586 1757 3639 quo
1792 3572 1948 3625 dolus
1982 3588 2087 3625 non

501 3673 605 3715 est.
640 3661 777 3717 Dicit
809 3662 855 3714 ei
887 3658 1212 3721 Nathanael,
1253 3657 1411 3713 Unde
1448 3676 1533 3714 tne
1570 3662 1758 3714 nosti?
1789 3658 2090 3729 Respondit

500 3751 683 3814 Jesus.
717 3763 767 3805 et
807 3752 944 3806 dixit
975 3753 1021 3805 ei
1049 3769 1062 3781 ·
1102 3751 1426 3820 Priusquam
1453 3763 1505 3806 te
1536 3752 1813 3821 Philippus
1851 3766 2089 3817 vocaret,

508 3861 628 3897 cum
657 3859 807 3897 esses
839 3844 939 3897 sub
964 3844 1088 3907 ﬁcu,
1119 3844 1367 3896 videbant
1402 3854 1473 3897 te.
1511 3862 1531 3895 ι
1562 3843 1845 3913 Philippus
1873 3844 2093 3911 quidem

503 3938 687 3991 Jesutn
708 3936 1050 3990 Nazarenum
1078 3937 1314 4001 dicebat,
1343 3936 1645 3991 Nathanael
1673 3947 1877 3999 autem,
1910 3946 2095 4005 utpote

507 4032 559 4083 in
604 4031 719 4099 lege
755 4030 1085 4097 diligentior,
1121 4030 1481 4100 cegnoscebat
1508 4046 1574 4083 ex
1602 4030 1903 4097 Scripturis
1937 4029 2082 4097 quod

509 4138 537 4173 a
574 4122 849 4175 Bethleem
879 4120 1165 4190 oportebat
1195 4122 1378 4175 venire
1401 4122 1701 4183 Christum,
1768 4132 1822 4175 et
1852 4129 2096 4190 prOpter-

506 4230 570 4269 ea
594 4216 768 4270 dicit:
833 4238 851 4265 ι
888 4217 932 4267 Α
980 4215 1248 4271 Nazareth
1285 4226 1465 4283 potest
1502 4232 1625 4270 esse
1676 4217 1879 4285 aliquid
1933 4217 2099 4270 boni?

510 4307 791 4375 Philippus
820 4322 951 4361 vero
982 4309 1198 4377 inquit:
1228 4328 1245 4360 ‹
1265 4308 1396 4363 Veni
1432 4318 1486 4364 et
1512 4310 1656 4373 vide,
1693 4328 1712 4361 ι
1738 4309 1901 4379 530
1926 4311 2102 4364 sciens

512 4401 656 4469 quod
691 4402 736 4455 si
766 4410 1016 4470 gustaret
1048 4404 1211 4453 verba
1248 4402 1485 4465 Christi,
1516 4418 1621 4454 nnn
1648 4413 1795 4456 esset
1828 4404 2104 4457 discessu-

513 4508 628 4545 rus.
684 4491 855 4545 Porro
908 4491 1217 4546 laudatnra
1269 4492 1489 4547 Christo
1533 4491 1860 4558 Nathanael,
1915 4506 2102 4562 utpote

516 4598 677 4637 verus
711 4583 1137 4637 Israelitaznon
1196 4585 1339 4637 enim
1397 4587 1462 4638 ad
1514 4587 1745 4654 gratiam
1802 4601 1978 4653 neque
2035 4588 2100 4639 ad

517 4675 701 4729 odium
734 4676 1079 4743 loquebatur.
1108 4676 1224 4729 Non
1271 4678 1414 4729 enim
1448 4680 1611 4731 verba
1646 4679 1733 4730 illa
1763 4690 1885 4732 sunt
1921 4678 2099 4732 increo

519 4765 677 4829 dulae,
712 4768 805 4820 sed
837 4767 1110 4836 diligentis
1140 4776 1195 4822 et
1224 4768 1277 4821 in
1319 4769 1435 4838 lege
1468 4778 1696 4823 versatae
1729 4772 1949 4835 mentis,
1983 4787 2102 4840 quae

521 4858 725 4911 sciebat
760 4858 903 4925 quod
944 4858 1197 4914 Cbri._.ts
1245 4875 1351 4913 non
1384 4876 1416 4913 a
1464 4858 1759 4923 Nazareth,
1794 4862 1889 4914 sed
1943 4862 2097 4915 Beth-

520 4951 654 5003 leem
688 4951 915 5004 veniret.
951 4952 1089 5016 Quid
1122 4954 1282 5021 igitur
1315 4952 1659 5006 Nalhanael?
1683 4969 1811 5006 num
1851 4953 2099 5007 laudibus

521 5044 683 5094 stulte
718 5044 1071 5097 intumescit?
1112 5044 1353 5107 Minime,
1402 5045 1497 5100 sed
1536 5057 1713 5113 urget,
1762 5046 2104 5099 manifestius

524 5144 577 5186 ct
612 5135 921 5188 evidentius
957 5137 1213 5203 quiddam
1247 5140 1460 5193 discere
1491 5138 1701 5192 volens.
1747 5139 1869 5192 Ideo
1911 5149 1965 5193 et
2020 5140 2103 5192 in-

528 5237 788 5296 terrogat,
822 5246 841 5279 t
884 5226 1033 5282 Unde
1086 5245 1170 5281 me
1216 5231 1399 5283 nosti?
1431 5251 1448 5282 ι
1482 5233 1552 5284 At
1591 5232 1842 5285 Christus
1876 5233 2103 5287 dicendo

525 5319 574 5372 ei
630 5336 749 5386 quae
802 5320 979 5375 nullus
1029 5320 1168 5375 alius
1219 5323 1427 5375 sciebat
1473 5334 1835 5391 prtetcrquatu
1893 5326 2006 5394 ipse
2054 5336 2108 5377 et

527 5410 825 5478 Philippus,
858 5411 1000 5481 quod
1049 5411 1199 5465 solus
1237 5421 1291 5465 et
1322 5412 1532 5467 locutus
1581 5424 1726 5468 esset
1760 5423 1815 5468 et
1864 5412 2107 5475 fecisset.

598 5548 640 5578 “
674 5545 803 5602 Luc.
834 5565 977 5613 xnv,
1014 5550 1103 5604 52.

2270 3306 2288 3340 t
2322 3290 2433 3343 Καὶ
2463 3285 2616 3341 εἶπεν
2645 3290 2793 3360 αὐτῷ
2828 3290 3155 3360 Ναθαναήλ’
3201 3291 3291 3342 Ἐκ
3330 3289 3594 3359 Ναζαρὲτ
3625 3288 3787 3344 δύνα-

2189 3386 2280 3438 ταί
2306 3404 2359 3437 τι
2413 3384 2616 3451 ἀγαθὸν
2646 3381 2819 3448 εἷναις
2848 3384 3013 3451 Λέγει
3039 3384 3188 3453 αὐτῷ
3236 3385 3505 3447 Φίλιππος
3527 3403 3542 3415 ·
3583 3388 3789 3455 Ἔρχου

2194 3480 2287 3531 καὶ
2318 3479 2418 3531 ῐδε.
2462 3476 2616 3531 Εἶδεν
2664 3480 2692 3529 ὁ
2744 3479 2952 3548 Ἰησοῦς
2999 3479 3091 3530 τδν
3138 3478 3434 3548 Ναθαναὴλ
3485 3480 3792 3548 ἐρχόμενον

2193 3572 2331 3641 πρὸς
2376 3572 2562 3638 αὑτὸν,
2617 3572 2713 3624 καὶ
2759 3573 2908 3638 λέγει
2960 3572 3091 3642 περὶ
3139 3572 3341 3625 αὐτοῦ’
3390 3572 3499 3624 Ἴδε
3569 3573 3793 3642 ἀληθῶς

2207 3664 2564 3735 Ἰσραηλίτης,
2599 3666 2656 3717 ὲν
2684 3656 2727 3731 ᾧ
2755 3665 2903 3727 δόλος
2931 3665 3032 3717 οὐκ
3081 3663 3219 3720 ἐστι.
3268 3666 3434 3731 Λέγει
3490 3666 3647 3735 αὐτῷ
3678 3667 3797 3718 N1-

2197 3758 2401 3827 θαναήλ
2424 3776 2434 3787 ·
2455 3760 2628 3809 Πόθεν
2650 3775 2713 3827 με
2740 3757 3061 3824 γινώσκεις;
3097 3758 3398 3827 Ἀπεκρίθη
3430 3759 3672 3826 Ἰησοῦς,
3704 3760 3797 3809 καὶ

2198 3847 2351 3903 εἶπεν
2374 3848 2523 3918 αὑτῷ
2548 3865 2559 3877 ⁵
2585 3850 2694 3916 Πρὸ
2710 3850 2806 3902 τοῦ
2844 3866 2900 3901 σε
2931 3850 3196 3901 Φίλιππον
3226 3852 3497 3919 φωνῆσαι,
3518 3851 3656 3903 ὄντα
3694 3852 3798 3901 ὑπὸ

2199 3942 2297 4010 τὴν
2324 3943 2518 4010 συκῆν,
2565 3937 2706 3993 εἶδόν
2740 3958 2817 3993 σε.
2845 3960 2861 3990 ι
2899 3941 2957 3993 '0
2992 3940 3088 4009 μὲν
3116 3942 3384 4003 Φίλιππος
3430 3943 3496 3993 ὲκ
3531 3941 3799 4011 Ναζαρὲτ

2198 4031 2290 4083 τὸν
2322 4030 2559 4101 Χριστὸν
2609 4028 2799 4083 εἷπεν·
2831 4034 2859 4083 ὁ
2916 4032 2971 4084 δὲ
3008 4032 3324 4099 Ναθαναὴλ,
3375 4027 3463 4084 οἷα
3515 4033 3584 4101 δὴ
3634 4035 3800 4103 ἀκρι-

2202 4123 2457 4193 ϐέστερος
2493 4123 2592 4188 ὢν,
2630 4121 2927 4191 ἐγίνωσκεν
2963 4124 3069 4176 ἀπὸ
3106 4125 3215 4176 τῶν
3263 4124 3518 4195 Γραφῶν,
3556 4126 3643 4177 ὅτι
3692 4126 3801 4177 duo

2206 4218 2457 4287 Βηθλεὲμ
2489 4219 2570 4269 δεῖ
2606 4218 2779 4270 ἐλθεῖν
2822 4218 2912 4269 τὸν
2946 4219 3180 4287 Χριστόν
3204 4236 3216 4248 ·
3248 4219 3341 4271 καὶ
3375 4217 3463 4269 διὰ
3494 4218 3657 4270 τοῦτό
3694 4237 3801 4287 φης

2207 4328 2288 4363 σιν
2311 4328 2323 4341 ο
2362 4330 2377 4361 ι
2434 4309 2532 4361 Ἐκ
2571 4309 2825 4378 Ναζαρὲτ
2859 4309 3085 4361 δύναταί
3107 4327 3159 4360 τι
3189 4308 3395 4375 ἀγαθὸν
3427 4303 3572 4361 εἶναι
3599 4326 3613 4374 ;
3655 4311 3720 4362 '0
3749 4311 3803 4362 δὲ

2205 4403 2493 4464 Φΰιιππος·
2525 4420 2544 4451 t
2589 4403 2793 4471 Ἔρχου
2840 4404 2933 4458 καὶ
2960 4402 3056 4463 ῖδε,
3096 4420 3114 4452 ι
3155 4402 3357 4470 φησίν·
3392 4400 3552 4462 εἰδὼς
3587 4403 3673 4453 ὃτι
3711 4404 3802 4454 Liv

2208 4496 2473 4565 γεύσηται
2498 4494 2603 4546 τῶν
2640 4495 2901 4565 ῥημάτων
2950 4495 3046 4546 τοῦ
3095 4494 3357 4561 Χριστοῦ,
3399 4495 3501 4545 οὑκ
3549 4496 3805 4562 ἀποστή-

2220 4605 2395 4644 σεται,
2438 4588 2775 4639 Ἐπαινεῖται
2822 4587 2877 4639 δὲ
2915 4587 3211 4656 Ναθαναὴλ
3243 4588 3393 4655 παρᾶ
3425 4586 3697 4653 Χριστοῦ,
3730 4587 3804 4647 ὡς

2212 4681 2429 4748 ἀληθῶς
2483 4682 2847 4750 Ἰσραηλίτης,
2908 4681 3096 4747 ἐπειδὴ
3142 4682 3294 4732 οὐδὲν
3358 4682 3495 4749 πρὸς
3553 4681 3723 4751 χάριν
3772 4681 3802 4749 ἢ

2211 4774 2349 4842 πρὸς
2380 4774 2677 4843 ἀπέχθειαν
2732 4769 2904 4825 εἶπεν.
2968 4774 3042 4826 Οὐ
3090 4772 3198 4839 γὰρ
3258 4773 3518 4834 ἀπιστίας
3566 4770 3713 4841 ἦσαν
3741 4776 3802 4826 τα

2214 4864 2459 4933 ῥήματα,
2496 4864 2632 4915 αλλὰ
2674 4863 2963 4931 ἀκριϐείας
2993 4864 3087 4915 καὶ
3138 4863 3483 4931 νομομαθοῦς
3530 4864 3799 4924 διανοίας,

2211 4956 2611 5022 γινωσκούσης,
2650 4956 2729 5006 ὅτι
2765 4957 3049 5023 όΧριστος
3093 4956 3190 5006 οὐκ
3225 4956 3334 5005 ἀπὸ
3369 4955 3656 5025 Ναζαρὲτ,
3685 4958 3801 5010 ἀλλ’

2218 5048 2281 5098 ὲκ
2330 5046 2583 5113 Βηθλεὲμ
2626 5046 2865 5115 ἔρχεται.
2907 5048 2971 5097 Τί
3022 5047 3201 5098 τοίνυν
3251 5048 3278 5098 ὁ
3323 5046 3654 5116 Ναθαναήλς
3696 5047 3803 5117 ἆρα

2219 5136 2503 5205 ἐχαυνώθη
2535 5138 2610 5204 τῷ
2650 5140 2887 5205 ὲπαίνῳς
2957 5137 3193 5197 Οὔκουν,
3227 5139 3343 5189 ἀλλ’
3392 5142 3663 5207 ἐπιμένει,
3717 5156 3805 5189 σας

2217 5232 2480 5300 φέστερον
2513 5232 2607 5283 καὶ
2640 5231 3036 5301 ἀκριϐέστερόν
3082 5250 3134 5283 τι
3190 5233 3519 5301 βουλόμενος
3576 5234 3798 5302 μαθεῖν·

2214 5324 2294 5375 διδ
2335 5324 2429 5374 καὶ
2469 5325 2680 5394 ἐρωτᾷ·
2733 5342 2750 5374 t
2827 5326 2994 5376 Πόθεν
3055 5344 3121 5393 με
3175 5325 3509 5391 γινώσκεις;
3564 5345 3580 5375 ›
3651 5329 3706 5378 '0

2218 5417 2558 5487 Κυριο;.δ;ὰ
2611 5418 2705 5468 τοῦ
2765 5420 2937 5470 εἰπεῖν
2992 5419 3160 5488 αὐτῷ,
3217 5418 3251 5471 ἃ
3304 5420 3481 5482 οὐδεὶς
3536 5422 3793 5487 ἐγίνωσκε

1485 5669 1577 5728 Ex
1607 5669 1951 5733 collatione
1988 5671 2167 5732 codd.
2212 5674 2439 5737 Venet.
2474 5677 2536 5735 S.
2564 5676 2751 5736 Marci

607 5782 718 5853 (l6)
754 5783 883 5839 Cod.
931 5786 1030 5838 32:
1061 5786 1137 5847 ὡς
1172 5784 1351 5854 ἐζήτει
1388 5787 1496 5839 ἀεί.
