  <div class='ocr_page' id='page_1' title='image "/cluster/home/n/w/nwhite01/storage/ocr_20150623/123/ien.35556001659978/599.png"; bbox 0 0 3936 6442; ppageno 0'>
   <div class='ocr_carea' id='block_1_1' title="bbox 440 368 573 470">
    <p class='ocr_par' dir='ltr' id='par_1_1' title="bbox 440 368 573 470">
     <span class='ocr_line' id='line_1_1' title="bbox 440 368 573 470; baseline -0.008 -3"><span class='ocrx_word' id='word_1_1' title='bbox 440 400 573 470; x_wconf 74' lang='lat' dir='ltr'><strong>ttst</strong></span> 
     </span>
    </p>
   </div>
   <div class='ocr_carea' id='block_1_2' title="bbox 1334 388 2777 466">
    <p class='ocr_par' dir='ltr' id='par_1_2' title="bbox 1334 388 2777 466">
     <span class='ocr_line' id='line_1_2' title="bbox 1334 388 2777 466; baseline -0.009 -1"><span class='ocrx_word' id='word_1_2' title='bbox 1334 402 1915 466; x_wconf 77' lang='lat' dir='ltr'><strong>THEOPHYLACTI</strong></span> <span class='ocrx_word' id='word_1_3' title='bbox 1960 394 2375 462; x_wconf 73' lang='lat' dir='ltr'><strong>BULGARl/E</strong></span> <span class='ocrx_word' id='word_1_4' title='bbox 2418 388 2777 454; x_wconf 77' lang='lat' dir='ltr'><strong>ARCIIIEP.</strong></span> 
     </span>
    </p>
   </div>
   <div class='ocr_carea' id='block_1_3' title="bbox 3590 376 3734 450">
    <p class='ocr_par' dir='ltr' id='par_1_3' title="bbox 3590 376 3734 450">
     <span class='ocr_line' id='line_1_3' title="bbox 3590 376 3734 450; baseline 0.021 -3"><span class='ocrx_word' id='word_1_5' title='bbox 3590 376 3734 450; x_wconf 64' lang='lat'><strong>1183</strong></span> 
     </span>
    </p>
   </div>
   <div class='ocr_carea' id='block_1_4' title="bbox 433 494 2036 585">
    <p class='ocr_par' dir='ltr' id='par_1_4' title="bbox 433 514 2031 585">
     <span class='ocr_line' id='line_1_4' title="bbox 433 514 2031 585; baseline -0.005 -12"><span class='ocrx_word' id='word_1_6' title='bbox 433 515 693 573; x_wconf 82' lang='lat' dir='ltr'><strong>Dominus</strong></span> <span class='ocrx_word' id='word_1_7' title='bbox 747 514 966 579; x_wconf 69' lang='lat' dir='ltr'><strong>viderit,</strong></span> <span class='ocrx_word' id='word_1_8' title='bbox 1025 515 1078 584; x_wconf 83' lang='lat' dir='ltr'><strong>id</strong></span> <span class='ocrx_word' id='word_1_9' title='bbox 1127 523 1235 577; x_wconf 88' lang='lat' dir='ltr'><strong>cst,</strong></span> <span class='ocrx_word' id='word_1_10' title='bbox 1276 516 1486 585; x_wconf 76' lang='lat' dir='ltr'><strong>placide</strong></span> <span class='ocrx_word' id='word_1_11' title='bbox 1542 516 1771 569; x_wconf 90' lang='lat' dir='ltr'><strong>intuitus</strong></span> <span class='ocrx_word' id='word_1_12' title='bbox 1825 515 1917 576; x_wconf 85' lang='lat' dir='ltr'><strong>sit,</strong></span> <span class='ocrx_word' id='word_1_13' title='bbox 1976 522 2031 567; x_wconf 92' lang='lat' dir='ltr'><strong>et</strong></span> 
     </span>
    </p>
   </div>
   <div class='ocr_carea' id='block_1_5' title="bbox 2146 494 3741 585">
    <p class='ocr_par' dir='ltr' id='par_1_5' title="bbox 2146 494 3741 581">
     <span class='ocr_line' id='line_1_5' title="bbox 2146 494 3741 581; baseline -0.007 -20"><span class='ocrx_word' id='word_1_14' title='bbox 2146 508 2435 581; x_wconf 74' lang='grc' dir='ltr'><strong>τραχύτητι</strong></span> <span class='ocrx_word' id='word_1_15' title='bbox 2466 504 2524 559; x_wconf 83' lang='grc' dir='ltr'><strong>δὲ</strong></span> <span class='ocrx_word' id='word_1_16' title='bbox 2552 504 2660 558; x_wconf 75' lang='grc' dir='ltr'><strong>τῶν</strong></span> <span class='ocrx_word' id='word_1_17' title='bbox 2685 497 2932 571; x_wconf 78' lang='grc' dir='ltr'><strong>νομικῶν</strong></span> <span class='ocrx_word' id='word_1_18' title='bbox 2963 494 3495 570; x_wconf 72' lang='grc' dir='ltr'>παρατηρημάτων,</span> <span class='ocrx_word' id='word_1_19' title='bbox 3529 496 3635 554; x_wconf 70' lang='grc' dir='ltr'>καὶ</span> <span class='ocrx_word' id='word_1_20' title='bbox 3658 496 3741 569; x_wconf 59' lang='grc' dir='ltr'><strong><em>ἡ</em></strong></span> 
     </span>
    </p>
   </div>
   <div class='ocr_carea' id='block_1_6' title="bbox 430 606 2032 676">
    <p class='ocr_par' dir='ltr' id='par_1_6' title="bbox 430 606 2032 676">
     <span class='ocr_line' id='line_1_6' title="bbox 430 606 2032 676; baseline -0.002 -13"><span class='ocrx_word' id='word_1_21' title='bbox 430 608 767 663; x_wconf 87' lang='lat' dir='ltr'><strong>intellectum</strong></span> <span class='ocrx_word' id='word_1_22' title='bbox 801 606 919 674; x_wconf 87' lang='lat' dir='ltr'><strong>ejus</strong></span> <span class='ocrx_word' id='word_1_23' title='bbox 955 606 1271 671; x_wconf 85' lang='lat' dir='ltr'><strong>illustrarit,</strong></span> <span class='ocrx_word' id='word_1_24' title='bbox 1295 607 1549 676; x_wconf 76' lang='lat' dir='ltr'><strong>quamvis</strong></span> <span class='ocrx_word' id='word_1_25' title='bbox 1580 607 1759 661; x_wconf 82' lang='lat' dir='ltr'><strong>adhuc</strong></span> <span class='ocrx_word' id='word_1_26' title='bbox 1788 607 1889 659; x_wconf 89' lang='lat' dir='ltr'><strong>sub</strong></span> <span class='ocrx_word' id='word_1_27' title='bbox 1913 606 2032 672; x_wconf 78' lang='lat' dir='ltr'><strong>lege</strong></span> 
     </span>
    </p>
   </div>
   <div class='ocr_carea' id='block_1_7' title="bbox 432 698 2030 769">
    <p class='ocr_par' dir='ltr' id='par_1_7' title="bbox 432 698 2030 769">
     <span class='ocr_line' id='line_1_7' title="bbox 432 698 2030 769; baseline -0.001 -16"><span class='ocrx_word' id='word_1_28' title='bbox 432 709 604 754; x_wconf 84' lang='lat' dir='ltr'><strong>esset.</strong></span> <span class='ocrx_word' id='word_1_29' title='bbox 637 700 715 754; x_wconf 86' lang='lat' dir='ltr'><strong>Tu</strong></span> <span class='ocrx_word' id='word_1_30' title='bbox 750 710 805 754; x_wconf 90' lang='lat' dir='ltr'><strong>et</strong></span> <span class='ocrx_word' id='word_1_31' title='bbox 830 700 931 755; x_wconf 83' lang='lat' dir='ltr'><strong>hoc</strong></span> <span class='ocrx_word' id='word_1_32' title='bbox 964 700 1127 766; x_wconf 84' lang='lat' dir='ltr'><strong>scias,</strong></span> <span class='ocrx_word' id='word_1_33' title='bbox 1152 698 1348 769; x_wconf 79' lang='lat' dir='ltr'><strong>siquid</strong></span> <span class='ocrx_word' id='word_1_34' title='bbox 1372 712 1428 755; x_wconf 86' lang='lat' dir='ltr'><strong>et</strong></span> <span class='ocrx_word' id='word_1_35' title='bbox 1457 701 1572 755; x_wconf 67' lang='lat' dir='ltr'><strong>haec</strong></span> <span class='ocrx_word' id='word_1_36' title='bbox 1594 698 1860 764; x_wconf 92' lang='lat' dir='ltr'><strong>arrident,</strong></span> <span class='ocrx_word' id='word_1_37' title='bbox 1885 698 2030 769; x_wconf 86' lang='lat' dir='ltr'><strong>quod</strong></span> 
     </span>
    </p>
   </div>
   <div class='ocr_carea' id='block_1_8' title="bbox 434 790 2029 854">
    <p class='ocr_par' dir='ltr' id='par_1_8' title="bbox 434 790 2029 854">
     <span class='ocr_line' id='line_1_8' title="bbox 434 790 2029 854; baseline -0.002 -6"><span class='ocrx_word' id='word_1_38' title='bbox 434 792 820 848; x_wconf 79' lang='lat' dir='ltr'><strong>Natbanaelem</strong></span> <span class='ocrx_word' id='word_1_39' title='bbox 853 790 1115 846; x_wconf 80' lang='lat' dir='ltr'><strong>Dominus</strong></span> <span class='ocrx_word' id='word_1_40' title='bbox 1147 791 1282 847; x_wconf 90' lang='lat' dir='ltr'><strong>vidit</strong></span> <span class='ocrx_word' id='word_1_41' title='bbox 1337 792 1443 847; x_wconf 85' lang='lat' dir='ltr'><strong>sub</strong></span> <span class='ocrx_word' id='word_1_42' title='bbox 1460 791 1586 846; x_wconf 87' lang='lat' dir='ltr'><strong>-llcu</strong></span> <span class='ocrx_word' id='word_1_43' title='bbox 1616 831 1632 854; x_wconf 90' lang='lat'><strong>,</strong></span> <span class='ocrx_word' id='word_1_44' title='bbox 1671 790 1885 847; x_wconf 75' lang='lat' dir='ltr'><strong>scilicet</strong></span> <span class='ocrx_word' id='word_1_45' title='bbox 1926 791 2029 845; x_wconf 87' lang='lat' dir='ltr'><strong>sub</strong></span> 
     </span>
    </p>
   </div>
   <div class='ocr_carea' id='block_1_9' title="bbox 430 872 2029 958">
    <p class='ocr_par' dir='ltr' id='par_1_9' title="bbox 430 872 2029 958">
     <span class='ocr_line' id='line_1_9' title="bbox 430 872 2029 958; baseline -0.002 -18"><span class='ocrx_word' id='word_1_46' title='bbox 430 886 546 958; x_wconf 89' lang='lat' dir='ltr'><strong>lege</strong></span> <span class='ocrx_word' id='word_1_47' title='bbox 562 872 911 942; x_wconf 80' lang='lat' dir='ltr'><strong>exsistentem</strong></span> <span class='ocrx_word' id='word_1_48' title='bbox 931 884 1030 957; x_wconf 80' lang='grc' dir='ltr'>(α),</span> <span class='ocrx_word' id='word_1_49' title='bbox 1049 885 1152 941; x_wconf 90' lang='lat' dir='ltr'><strong>hoc</strong></span> <span class='ocrx_word' id='word_1_50' title='bbox 1170 897 1273 953; x_wconf 79' lang='lat' dir='ltr'><strong>est,</strong></span> <span class='ocrx_word' id='word_1_51' title='bbox 1299 884 1438 939; x_wconf 89' lang='lat' dir='ltr'><strong>intra</strong></span> <span class='ocrx_word' id='word_1_52' title='bbox 1461 885 1654 956; x_wconf 90' lang='lat' dir='ltr'><strong>legem,</strong></span> <span class='ocrx_word' id='word_1_53' title='bbox 1677 894 1733 940; x_wconf 90' lang='lat' dir='ltr'><strong>et</strong></span> <span class='ocrx_word' id='word_1_54' title='bbox 1762 884 2029 953; x_wconf 80' lang='lat' dir='ltr'><strong>profunda</strong></span> 
     </span>
    </p>
   </div>
   <div class='ocr_carea' id='block_1_10' title="bbox 431 976 2029 1048">
    <p class='ocr_par' dir='ltr' id='par_1_10' title="bbox 431 976 2029 1048">
     <span class='ocr_line' id='line_1_10' title="bbox 431 976 2029 1048; baseline 0 -15"><span class='ocrx_word' id='word_1_55' title='bbox 431 978 562 1047; x_wconf 86' lang='lat' dir='ltr'><strong>legis</strong></span> <span class='ocrx_word' id='word_1_56' title='bbox 608 987 968 1034; x_wconf 82' lang='lat' dir='ltr'><strong>scrutantem.</strong></span> <span class='ocrx_word' id='word_1_57' title='bbox 992 976 1129 1032; x_wconf 86' lang='lat' dir='ltr'><strong>Nam</strong></span> <span class='ocrx_word' id='word_1_58' title='bbox 1187 978 1231 1033; x_wconf 82' lang='lat' dir='ltr'><strong>si</strong></span> <span class='ocrx_word' id='word_1_59' title='bbox 1273 994 1380 1034; x_wconf 88' lang='lat' dir='ltr'><strong>non</strong></span> <span class='ocrx_word' id='word_1_60' title='bbox 1415 988 1560 1033; x_wconf 81' lang='lat' dir='ltr'><strong>esset</strong></span> <span class='ocrx_word' id='word_1_61' title='bbox 1586 988 1866 1035; x_wconf 87' lang='lat' dir='ltr'><strong>scrutatus</strong></span> <span class='ocrx_word' id='word_1_62' title='bbox 1900 992 2029 1048; x_wconf 87' lang='lat' dir='ltr'><strong>pro-</strong></span> 
     </span>
    </p>
   </div>
   <div class='ocr_carea' id='block_1_11' title="bbox 432 1069 2029 1139">
    <p class='ocr_par' dir='ltr' id='par_1_11' title="bbox 432 1069 2029 1139">
     <span class='ocr_line' id='line_1_11' title="bbox 432 1069 2029 1139; baseline -0.001 -15"><span class='ocrx_word' id='word_1_63' title='bbox 432 1069 600 1124; x_wconf 76' lang='lat' dir='ltr'><strong>funda</strong></span> <span class='ocrx_word' id='word_1_64' title='bbox 674 1071 807 1139; x_wconf 90' lang='lat' dir='ltr'><strong>legis</strong></span> <span class='ocrx_word' id='word_1_65' title='bbox 907 1071 1224 1138; x_wconf 83' lang='lat' dir='ltr'><strong>neutiquam</strong></span> <span class='ocrx_word' id='word_1_66' title='bbox 1282 1072 1512 1126; x_wconf 78' lang='lat' dir='ltr'><strong>vidisset</strong></span> <span class='ocrx_word' id='word_1_67' title='bbox 1566 1085 1693 1125; x_wconf 88' lang='lat' dir='ltr'><strong>eum</strong></span> <span class='ocrx_word' id='word_1_68' title='bbox 1749 1071 2029 1125; x_wconf 81' lang='lat' dir='ltr'><strong>Dominus.</strong></span> 
     </span>
    </p>
   </div>
   <div class='ocr_carea' id='block_1_12' title="bbox 434 1160 2034 1231">
    <p class='ocr_par' dir='ltr' id='par_1_12' title="bbox 434 1160 2034 1231">
     <span class='ocr_line' id='line_1_12' title="bbox 434 1160 2034 1231; baseline 0.004 -18"><span class='ocrx_word' id='word_1_69' title='bbox 434 1160 592 1215; x_wconf 82' lang='lat' dir='ltr'><strong>Scias</strong></span> <span class='ocrx_word' id='word_1_70' title='bbox 617 1171 800 1215; x_wconf 89' lang='lat' dir='ltr'><strong>autem</strong></span> <span class='ocrx_word' id='word_1_71' title='bbox 846 1170 902 1216; x_wconf 89' lang='lat' dir='ltr'><strong>et</strong></span> <span class='ocrx_word' id='word_1_72' title='bbox 966 1161 1088 1225; x_wconf 89' lang='lat' dir='ltr'><strong>hoc,</strong></span> <span class='ocrx_word' id='word_1_73' title='bbox 1152 1160 1297 1230; x_wconf 89' lang='lat' dir='ltr'><strong>quod</strong></span> <span class='ocrx_word' id='word_1_74' title='bbox 1353 1161 1576 1217; x_wconf 67' lang='lat' dir='ltr'><strong>Galilaea</strong></span> <span class='ocrx_word' id='word_1_75' title='bbox 1640 1163 2034 1231; x_wconf 79' lang='lat' dir='ltr'><strong>interpretalut</strong></span> 
     </span>
    </p>
   </div>
   <div class='ocr_carea' id='block_1_13' title="bbox 443 1252 2031 1326">
    <p class='ocr_par' dir='ltr' id='par_1_13' title="bbox 443 1252 2031 1326">
     <span class='ocr_line' id='line_1_13' title="bbox 443 1252 2031 1326; baseline 0.001 -21"><span class='ocrx_word' id='word_1_76' title='bbox 443 1271 464 1305; x_wconf 84' lang='grc' dir='ltr'><strong>ι</strong></span> <span class='ocrx_word' id='word_1_77' title='bbox 489 1252 875 1309; x_wconf 74' lang='grc' dir='ltr'>ἀενοίιιὺίίίε.»</span> <span class='ocrx_word' id='word_1_78' title='bbox 907 1252 1088 1308; x_wconf 83' lang='lat' dir='ltr'><strong>Exivit</strong></span> <span class='ocrx_word' id='word_1_79' title='bbox 1114 1255 1280 1326; x_wconf 90' lang='lat' dir='ltr'><strong>igitur</strong></span> <span class='ocrx_word' id='word_1_80' title='bbox 1310 1256 1573 1311; x_wconf 86' lang='lat' dir='ltr'><strong>Dominus</strong></span> <span class='ocrx_word' id='word_1_81' title='bbox 1596 1255 1649 1309; x_wconf 89' lang='lat' dir='ltr'><strong>in</strong></span> <span class='ocrx_word' id='word_1_82' title='bbox 1672 1254 2031 1313; x_wconf 85' lang='lat' dir='ltr'><strong>devolubilem</strong></span> 
     </span>
    </p>
   </div>
   <div class='ocr_carea' id='block_1_14' title="bbox 438 1346 2031 1417">
    <p class='ocr_par' dir='ltr' id='par_1_14' title="bbox 438 1346 2031 1417">
     <span class='ocr_line' id='line_1_14' title="bbox 438 1346 2031 1417; baseline -0.001 -18"><span class='ocrx_word' id='word_1_83' title='bbox 438 1346 598 1414; x_wconf 80' lang='lat' dir='ltr'><strong>hujus</strong></span> <span class='ocrx_word' id='word_1_84' title='bbox 626 1347 814 1402; x_wconf 90' lang='lat' dir='ltr'><strong>mundl</strong></span> <span class='ocrx_word' id='word_1_85' title='bbox 864 1348 1163 1417; x_wconf 77' lang='lat' dir='ltr'><strong>regionem,</strong></span> <span class='ocrx_word' id='word_1_86' title='bbox 1194 1349 1279 1402; x_wconf 80' lang='lat' dir='ltr'><strong>vel</strong></span> <span class='ocrx_word' id='word_1_87' title='bbox 1314 1350 1482 1403; x_wconf 87' lang='lat' dir='ltr'><strong>etiam</strong></span> <span class='ocrx_word' id='word_1_88' title='bbox 1526 1347 1822 1402; x_wconf 87' lang='lat' dir='ltr'><strong>humanam</strong></span> <span class='ocrx_word' id='word_1_89' title='bbox 1868 1357 2031 1401; x_wconf 86' lang='lat' dir='ltr'><strong>natu-</strong></span> 
     </span>
    </p>
   </div>
   <div class='ocr_carea' id='block_1_15' title="bbox 436 1439 2030 1510">
    <p class='ocr_par' dir='ltr' id='par_1_15' title="bbox 436 1439 2030 1510">
     <span class='ocr_line' id='line_1_15' title="bbox 436 1439 2030 1510; baseline 0.003 -21"><span class='ocrx_word' id='word_1_90' title='bbox 436 1450 590 1491; x_wconf 89' lang='lat' dir='ltr'><strong>ram:</strong></span> <span class='ocrx_word' id='word_1_91' title='bbox 620 1448 673 1492; x_wconf 91' lang='lat' dir='ltr'><strong>et</strong></span> <span class='ocrx_word' id='word_1_92' title='bbox 706 1453 805 1492; x_wconf 90' lang='lat' dir='ltr'><strong>nos</strong></span> <span class='ocrx_word' id='word_1_93' title='bbox 831 1441 932 1493; x_wconf 88' lang='lat' dir='ltr'><strong>sub</strong></span> <span class='ocrx_word' id='word_1_94' title='bbox 957 1439 1061 1495; x_wconf 77' lang='lat' dir='ltr'><strong>lien</strong></span> <span class='ocrx_word' id='word_1_95' title='bbox 1097 1454 1310 1506; x_wconf 89' lang='lat' dir='ltr'><strong>sumus,</strong></span> <span class='ocrx_word' id='word_1_96' title='bbox 1344 1440 1447 1494; x_wconf 89' lang='lat' dir='ltr'><strong>hoc</strong></span> <span class='ocrx_word' id='word_1_97' title='bbox 1495 1450 1580 1495; x_wconf 90' lang='lat' dir='ltr'><strong>est</strong></span> <span class='ocrx_word' id='word_1_98' title='bbox 1611 1450 1836 1510; x_wconf 81' lang='lat' dir='ltr'><strong>peccato</strong></span> <span class='ocrx_word' id='word_1_99' title='bbox 1863 1440 2030 1504; x_wconf 85' lang='lat' dir='ltr'><strong>dulci,</strong></span> 
     </span>
    </p>
   </div>
   <div class='ocr_carea' id='block_1_16' title="bbox 434 1532 2035 1605">
    <p class='ocr_par' dir='ltr' id='par_1_16' title="bbox 434 1532 2035 1605">
     <span class='ocr_line' id='line_1_16' title="bbox 434 1532 2035 1605; baseline 0.002 -21"><span class='ocrx_word' id='word_1_100' title='bbox 434 1532 720 1599; x_wconf 86' lang='lat' dir='ltr'><strong>cui-etiam</strong></span> <span class='ocrx_word' id='word_1_101' title='bbox 771 1547 879 1586; x_wconf 88' lang='lat' dir='ltr'><strong>non</strong></span> <span class='ocrx_word' id='word_1_102' title='bbox 930 1548 1120 1599; x_wconf 85' lang='lat' dir='ltr'><strong>parum</strong></span> <span class='ocrx_word' id='word_1_103' title='bbox 1171 1533 1556 1589; x_wconf 83' lang='lat' dir='ltr'><strong>amaritudinis</strong></span> <span class='ocrx_word' id='word_1_104' title='bbox 1624 1538 1776 1590; x_wconf 85' lang='lat' dir='ltr'><strong>adest</strong></span> <span class='ocrx_word' id='word_1_105' title='bbox 1809 1544 2035 1605; x_wconf 80' lang='lat' dir='ltr'><strong>propter</strong></span> 
     </span>
    </p>
   </div>
   <div class='ocr_carea' id='block_1_17' title="bbox 437 1624 2033 1694">
    <p class='ocr_par' dir='ltr' id='par_1_17' title="bbox 437 1624 2033 1694">
     <span class='ocr_line' id='line_1_17' title="bbox 437 1624 2033 1694; baseline 0.001 -18"><span class='ocrx_word' id='word_1_106' title='bbox 437 1624 833 1691; x_wconf 70' lang='lat' dir='ltr'><strong>paenitudinem</strong></span> <span class='ocrx_word' id='word_1_107' title='bbox 859 1636 913 1680; x_wconf 94' lang='lat' dir='ltr'><strong>et</strong></span> <span class='ocrx_word' id='word_1_108' title='bbox 940 1626 1144 1694; x_wconf 89' lang='lat' dir='ltr'><strong>judicia</strong></span> <span class='ocrx_word' id='word_1_109' title='bbox 1187 1635 1465 1682; x_wconf 88' lang='lat' dir='ltr'><strong>secutura.</strong></span> <span class='ocrx_word' id='word_1_110' title='bbox 1511 1624 1667 1681; x_wconf 85' lang='lat' dir='ltr'><strong>Sicut</strong></span> <span class='ocrx_word' id='word_1_111' title='bbox 1722 1626 2033 1680; x_wconf 87' lang='lat' dir='ltr'><strong>misericors</strong></span> 
     </span>
    </p>
   </div>
   <div class='ocr_carea' id='block_1_18' title="bbox 436 1715 2031 1788">
    <p class='ocr_par' dir='ltr' id='par_1_18' title="bbox 436 1715 2031 1788">
     <span class='ocr_line' id='line_1_18' title="bbox 436 1715 2031 1788; baseline 0.001 -21"><span class='ocrx_word' id='word_1_112' title='bbox 436 1715 584 1770; x_wconf 88' lang='lat' dir='ltr'><strong>videt</strong></span> <span class='ocrx_word' id='word_1_113' title='bbox 616 1731 680 1770; x_wconf 90' lang='lat' dir='ltr'><strong>ac</strong></span> <span class='ocrx_word' id='word_1_114' title='bbox 708 1716 861 1785; x_wconf 78' lang='lat' dir='ltr'><strong>eligit</strong></span> <span class='ocrx_word' id='word_1_115' title='bbox 912 1732 1008 1773; x_wconf 90' lang='lat' dir='ltr'><strong>eos</strong></span> <span class='ocrx_word' id='word_1_116' title='bbox 1035 1719 1129 1787; x_wconf 87' lang='lat' dir='ltr'><strong>qui</strong></span> <span class='ocrx_word' id='word_1_117' title='bbox 1158 1719 1405 1774; x_wconf 79' lang='lat' dir='ltr'><strong>fatentur</strong></span> <span class='ocrx_word' id='word_1_118' title='bbox 1446 1719 1625 1788; x_wconf 83' lang='lat' dir='ltr'><strong>ipsum</strong></span> <span class='ocrx_word' id='word_1_119' title='bbox 1673 1716 1870 1772; x_wconf 82' lang='lat' dir='ltr'><strong>Filium</strong></span> <span class='ocrx_word' id='word_1_120' title='bbox 1914 1716 2031 1782; x_wconf 89' lang='lat' dir='ltr'><strong>Dei,</strong></span> 
     </span>
    </p>
   </div>
   <div class='ocr_carea' id='block_1_19' title="bbox 436 1804 2031 1877">
    <p class='ocr_par' dir='ltr' id='par_1_19' title="bbox 436 1804 2031 1877">
     <span class='ocr_line' id='line_1_19' title="bbox 436 1804 2031 1877; baseline -0.001 -18"><span class='ocrx_word' id='word_1_121' title='bbox 436 1814 494 1859; x_wconf 85' lang='lat' dir='ltr'><strong>et</strong></span> <span class='ocrx_word' id='word_1_122' title='bbox 521 1820 699 1877; x_wconf 84' lang='lat' dir='ltr'><strong>regem</strong></span> <span class='ocrx_word' id='word_1_123' title='bbox 729 1808 849 1877; x_wconf 87' lang='lat' dir='ltr'><strong>ejus</strong></span> <span class='ocrx_word' id='word_1_124' title='bbox 878 1808 1046 1862; x_wconf 90' lang='lat' dir='ltr'><strong>Israel</strong></span> <span class='ocrx_word' id='word_1_125' title='bbox 1087 1809 1179 1877; x_wconf 86' lang='lat' dir='ltr'><strong>qui</strong></span> <span class='ocrx_word' id='word_1_126' title='bbox 1210 1808 1356 1863; x_wconf 83' lang='lat' dir='ltr'><strong>videt</strong></span> <span class='ocrx_word' id='word_1_127' title='bbox 1396 1808 1586 1863; x_wconf 91' lang='lat' dir='ltr'><strong>Deum.</strong></span> <span class='ocrx_word' id='word_1_128' title='bbox 1634 1806 1701 1861; x_wconf 84' lang='lat' dir='ltr'><strong>Et</strong></span> <span class='ocrx_word' id='word_1_129' title='bbox 1729 1807 1774 1861; x_wconf 87' lang='lat' dir='ltr'><strong>si</strong></span> <span class='ocrx_word' id='word_1_130' title='bbox 1810 1804 2031 1876; x_wconf 87' lang='lat' dir='ltr'><strong>quidem</strong></span> 
     </span>
    </p>
   </div>
   <div class='ocr_carea' id='block_1_20' title="bbox 2132 589 3743 672">
    <p class='ocr_par' dir='ltr' id='par_1_20' title="bbox 2132 589 3743 672">
     <span class='ocr_line' id='line_1_20' title="bbox 2132 589 3743 672; baseline -0.013 -14"><span class='ocrx_word' id='word_1_131' title='bbox 2132 601 2594 672; x_wconf 76' lang='grc' dir='ltr'>δυσκατεργάστῳ</span> <span class='ocrx_word' id='word_1_132' title='bbox 2615 596 2723 651; x_wconf 83' lang='grc' dir='ltr'><strong>τῶν</strong></span> <span class='ocrx_word' id='word_1_133' title='bbox 2750 593 3009 660; x_wconf 65' lang='grc' dir='ltr'>ἐντολῶν,</span> <span class='ocrx_word' id='word_1_134' title='bbox 3047 591 3244 662; x_wconf 73' lang='grc' dir='ltr'>ὥσπερ</span> <span class='ocrx_word' id='word_1_135' title='bbox 3265 589 3500 661; x_wconf 78' lang='grc' dir='ltr'><strong>φύλλοις</strong></span> <span class='ocrx_word' id='word_1_136' title='bbox 3532 591 3743 646; x_wconf 49' lang='grc' dir='ltr'>σκιή.</span> 
     </span>
    </p>
   </div>
   <div class='ocr_carea' id='block_1_21' title="bbox 2137 679 3742 769">
    <p class='ocr_par' dir='ltr' id='par_1_21' title="bbox 2137 679 3742 769">
     <span class='ocr_line' id='line_1_21' title="bbox 2137 679 3742 769; baseline -0.01 -18"><span class='ocrx_word' id='word_1_137' title='bbox 2137 713 2321 769; x_wconf 88' lang='grc' dir='ltr'>μενον.</span> <span class='ocrx_word' id='word_1_138' title='bbox 2365 693 2535 746; x_wconf 74' lang='grc' dir='ltr'>Φασὶν</span> <span class='ocrx_word' id='word_1_139' title='bbox 2561 688 2674 752; x_wconf 74' lang='grc' dir='ltr'>οὖν,</span> <span class='ocrx_word' id='word_1_140' title='bbox 2710 688 2794 742; x_wconf 86' lang='grc' dir='ltr'>δτι</span> <span class='ocrx_word' id='word_1_141' title='bbox 2816 684 2909 741; x_wconf 70' lang='grc' dir='ltr'><strong>τῦν</strong></span> <span class='ocrx_word' id='word_1_142' title='bbox 2933 683 3235 759; x_wconf 78' lang='grc' dir='ltr'>Ναθαναήλ</span> <span class='ocrx_word' id='word_1_143' title='bbox 3274 679 3419 739; x_wconf 77' lang='grc' dir='ltr'>εἶδεν</span> <span class='ocrx_word' id='word_1_144' title='bbox 3448 683 3482 737; x_wconf 88' lang='lat'><strong>6</strong></span> <span class='ocrx_word' id='word_1_145' title='bbox 3505 680 3742 755; x_wconf 77' lang='grc' dir='ltr'>Κῦριος,</span> 
     </span>
    </p>
   </div>
   <div class='ocr_carea' id='block_1_22' title="bbox 2134 774 3741 853">
    <p class='ocr_par' dir='ltr' id='par_1_22' title="bbox 2134 774 3741 853">
     <span class='ocr_line' id='line_1_22' title="bbox 2134 774 3741 853; baseline -0.009 -10"><span class='ocrx_word' id='word_1_146' title='bbox 2134 791 2255 843; x_wconf 77' lang='grc' dir='ltr'>ἀντὶ</span> <span class='ocrx_word' id='word_1_147' title='bbox 2299 787 2394 841; x_wconf 87' lang='grc' dir='ltr'><strong>τοῦ</strong></span> <span class='ocrx_word' id='word_1_148' title='bbox 2424 783 2625 853; x_wconf 67' lang='grc' dir='ltr'>ἱλαρῶς</span> <span class='ocrx_word' id='word_1_149' title='bbox 2671 778 2965 849; x_wconf 74' lang='grc' dir='ltr'>ἐπέϐλεψε,</span> <span class='ocrx_word' id='word_1_150' title='bbox 3002 778 3099 832; x_wconf 74' lang='grc' dir='ltr'>καὶ</span> <span class='ocrx_word' id='word_1_151' title='bbox 3131 777 3233 849; x_wconf 77' lang='grc' dir='ltr'><strong>τήν</strong></span> <span class='ocrx_word' id='word_1_152' title='bbox 3294 774 3525 830; x_wconf 69' lang='grc' dir='ltr'>σύνεσιν</span> <span class='ocrx_word' id='word_1_153' title='bbox 3568 774 3741 829; x_wconf 68' lang='grc' dir='ltr'>αὐτοῦ</span> 
     </span>
    </p>
   </div>
   <div class='ocr_carea' id='block_1_23' title="bbox 2134 867 3742 948">
    <p class='ocr_par' dir='ltr' id='par_1_23' title="bbox 2134 867 3742 948">
     <span class='ocr_line' id='line_1_23' title="bbox 2134 867 3742 948; baseline -0.009 -14"><span class='ocrx_word' id='word_1_154' title='bbox 2134 877 2491 948; x_wconf 79' lang='grc' dir='ltr'><strong>κατενόησεν,</strong></span> <span class='ocrx_word' id='word_1_155' title='bbox 2526 875 2621 929; x_wconf 80' lang='grc' dir='ltr'>καὶ</span> <span class='ocrx_word' id='word_1_156' title='bbox 2648 874 2730 927; x_wconf 76' lang='grc' dir='ltr'>ἐτι</span> <span class='ocrx_word' id='word_1_157' title='bbox 2760 872 2866 926; x_wconf 82' lang='grc' dir='ltr'>ὑπὸ</span> <span class='ocrx_word' id='word_1_158' title='bbox 2894 872 2987 924; x_wconf 82' lang='grc' dir='ltr'>τὸν</span> <span class='ocrx_word' id='word_1_159' title='bbox 3021 871 3193 941; x_wconf 81' lang='grc' dir='ltr'>νόμον</span> <span class='ocrx_word' id='word_1_160' title='bbox 3212 868 3393 934; x_wconf 76' lang='grc' dir='ltr'>δντος.</span> <span class='ocrx_word' id='word_1_161' title='bbox 3443 869 3521 923; x_wconf 72' lang='grc' dir='ltr'>Σὺ</span> <span class='ocrx_word' id='word_1_162' title='bbox 3554 867 3621 923; x_wconf 72' lang='grc' dir='ltr'><strong>ιι</strong></span> <span class='ocrx_word' id='word_1_163' title='bbox 3650 883 3742 938; x_wconf 81' lang='grc' dir='ltr'><strong>μοι</strong></span> 
     </span>
    </p>
   </div>
   <div class='ocr_carea' id='block_1_24' title="bbox 2133 948 3740 1041">
    <p class='ocr_par' dir='ltr' id='par_1_24' title="bbox 2133 948 3740 1041">
     <span class='ocr_line' id='line_1_24' title="bbox 2133 948 3740 1041; baseline -0.01 -14"><span class='ocrx_word' id='word_1_164' title='bbox 2133 973 2229 1027; x_wconf 70' lang='grc' dir='ltr'>καὶ</span> <span class='ocrx_word' id='word_1_165' title='bbox 2252 968 2434 1041; x_wconf 77' lang='grc' dir='ltr'>τούτῳ</span> <span class='ocrx_word' id='word_1_166' title='bbox 2458 969 2551 1023; x_wconf 73' lang='grc' dir='ltr'><strong>τὸν</strong></span> <span class='ocrx_word' id='word_1_167' title='bbox 2571 948 2707 1020; x_wconf 78' lang='grc' dir='ltr'>νοῦν</span> <span class='ocrx_word' id='word_1_168' title='bbox 2723 965 3046 1034; x_wconf 73' lang='grc' dir='ltr'>ἐπίστησον,</span> <span class='ocrx_word' id='word_1_169' title='bbox 3080 961 3198 1029; x_wconf 71' lang='grc' dir='ltr'>εἴγε</span> <span class='ocrx_word' id='word_1_170' title='bbox 3218 960 3387 1031; x_wconf 77' lang='grc' dir='ltr'>θέλγῃ</span> <span class='ocrx_word' id='word_1_171' title='bbox 3414 961 3537 1024; x_wconf 76' lang='grc' dir='ltr'>τοῖς</span> <span class='ocrx_word' id='word_1_172' title='bbox 3559 956 3740 1013; x_wconf 66' lang='lat'><strong>10:06-</strong></span> 
     </span>
    </p>
   </div>
   <div class='ocr_carea' id='block_1_25' title="bbox 2132 1047 3738 1130">
    <p class='ocr_par' dir='ltr' id='par_1_25' title="bbox 2132 1047 3738 1130">
     <span class='ocr_line' id='line_1_25' title="bbox 2132 1047 3738 1130; baseline -0.011 -10"><span class='ocrx_word' id='word_1_173' title='bbox 2132 1082 2274 1130; x_wconf 84' lang='grc' dir='ltr'>τοις,</span> <span class='ocrx_word' id='word_1_174' title='bbox 2302 1064 2387 1118; x_wconf 82' lang='grc' dir='ltr'>ὅτι</span> <span class='ocrx_word' id='word_1_175' title='bbox 2450 1061 2543 1115; x_wconf 76' lang='grc' dir='ltr'>τὸν</span> <span class='ocrx_word' id='word_1_176' title='bbox 2580 1055 2882 1127; x_wconf 78' lang='grc' dir='ltr'>Ναθαναὴλ</span> <span class='ocrx_word' id='word_1_177' title='bbox 2928 1057 2958 1108; x_wconf 91' lang='lat'><strong>6</strong></span> <span class='ocrx_word' id='word_1_178' title='bbox 2996 1054 3217 1125; x_wconf 74' lang='grc' dir='ltr'>Κύριος</span> <span class='ocrx_word' id='word_1_179' title='bbox 3282 1047 3432 1105; x_wconf 75' lang='grc' dir='ltr'>εῐδεν</span> <span class='ocrx_word' id='word_1_180' title='bbox 3485 1050 3605 1105; x_wconf 73' lang='grc' dir='ltr'><strong>ὑπὸ</strong></span> <span class='ocrx_word' id='word_1_181' title='bbox 3638 1049 3738 1121; x_wconf 73' lang='grc' dir='ltr'><strong>τήν</strong></span> 
     </span>
    </p>
   </div>
   <div class='ocr_carea' id='block_1_26' title="bbox 2138 1143 3742 1231">
    <p class='ocr_par' dir='ltr' id='par_1_26' title="bbox 2138 1143 3742 1231">
     <span class='ocr_line' id='line_1_26' title="bbox 2138 1143 3742 1231; baseline -0.008 -19"><span class='ocrx_word' id='word_1_182' title='bbox 2138 1161 2337 1231; x_wconf 75' lang='grc' dir='ltr'>συκῆν,</span> <span class='ocrx_word' id='word_1_183' title='bbox 2371 1157 2492 1229; x_wconf 82' lang='grc' dir='ltr'>ήτοι</span> <span class='ocrx_word' id='word_1_184' title='bbox 2549 1154 2656 1208; x_wconf 75' lang='grc' dir='ltr'><strong>ὑπὸ</strong></span> <span class='ocrx_word' id='word_1_185' title='bbox 2718 1152 2812 1206; x_wconf 82' lang='grc' dir='ltr'>τὸν</span> <span class='ocrx_word' id='word_1_186' title='bbox 2862 1149 3052 1222; x_wconf 78' lang='grc' dir='ltr'>νόμον,</span> <span class='ocrx_word' id='word_1_187' title='bbox 3103 1148 3391 1203; x_wconf 79' lang='grc' dir='ltr'><strong>τουτέστιν</strong></span> <span class='ocrx_word' id='word_1_188' title='bbox 3432 1146 3599 1211; x_wconf 61' lang='lat' dir='ltr'><strong>me;</strong></span> <span class='ocrx_word' id='word_1_189' title='bbox 3647 1143 3742 1200; x_wconf 79' lang='grc' dir='ltr'><strong>τοῦ</strong></span> 
     </span>
    </p>
   </div>
   <div class='ocr_carea' id='block_1_27' title="bbox 2135 1237 3747 1323">
    <p class='ocr_par' dir='ltr' id='par_1_27' title="bbox 2135 1237 3747 1323">
     <span class='ocr_line' id='line_1_27' title="bbox 2135 1237 3747 1323; baseline -0.009 -17"><span class='ocrx_word' id='word_1_190' title='bbox 2135 1253 2333 1323; x_wconf 86' lang='grc' dir='ltr'>νόμου,</span> <span class='ocrx_word' id='word_1_191' title='bbox 2387 1250 2484 1302; x_wconf 75' lang='grc' dir='ltr'>καὶ</span> <span class='ocrx_word' id='word_1_192' title='bbox 2512 1248 2581 1300; x_wconf 84' lang='grc' dir='ltr'>τὰ</span> <span class='ocrx_word' id='word_1_193' title='bbox 2611 1244 2752 1317; x_wconf 85' lang='grc' dir='ltr'>βάθη</span> <span class='ocrx_word' id='word_1_194' title='bbox 2808 1243 2978 1298; x_wconf 79' lang='grc' dir='ltr'>αὐτοῦ</span> <span class='ocrx_word' id='word_1_195' title='bbox 3019 1241 3355 1313; x_wconf 71' lang='grc' dir='ltr'>ἐρευνῶντα.</span> <span class='ocrx_word' id='word_1_196' title='bbox 3387 1240 3455 1293; x_wconf 83' lang='lat' dir='ltr'><strong>El</strong></span> <span class='ocrx_word' id='word_1_197' title='bbox 3503 1237 3626 1312; x_wconf 75' lang='grc' dir='ltr'><strong>γάρ</strong></span> <span class='ocrx_word' id='word_1_198' title='bbox 3671 1238 3747 1309; x_wconf 77' lang='grc' dir='ltr'>μὴ</span> 
     </span>
    </p>
   </div>
   <div class='ocr_carea' id='block_1_28' title="bbox 2132 1328 3748 1416">
    <p class='ocr_par' dir='ltr' id='par_1_28' title="bbox 2132 1328 3748 1416">
     <span class='ocr_line' id='line_1_28' title="bbox 2132 1328 3748 1416; baseline -0.007 -18"><span class='ocrx_word' id='word_1_199' title='bbox 2132 1346 2203 1398; x_wconf 76' lang='grc' dir='ltr'><strong>τά</strong></span> <span class='ocrx_word' id='word_1_200' title='bbox 2234 1343 2376 1416; x_wconf 81' lang='grc' dir='ltr'>βάθη</span> <span class='ocrx_word' id='word_1_201' title='bbox 2406 1341 2502 1395; x_wconf 86' lang='grc' dir='ltr'><strong>τοῦ</strong></span> <span class='ocrx_word' id='word_1_202' title='bbox 2563 1341 2735 1408; x_wconf 87' lang='grc' dir='ltr'>νόμου</span> <span class='ocrx_word' id='word_1_203' title='bbox 2782 1337 3015 1410; x_wconf 82' lang='grc' dir='ltr'>ήρεύνα,</span> <span class='ocrx_word' id='word_1_204' title='bbox 3047 1336 3151 1389; x_wconf 79' lang='grc' dir='ltr'>οὐκ</span> <span class='ocrx_word' id='word_1_205' title='bbox 3186 1338 3254 1389; x_wconf 82' lang='grc' dir='ltr'>ἂν</span> <span class='ocrx_word' id='word_1_206' title='bbox 3304 1333 3476 1387; x_wconf 79' lang='grc' dir='ltr'>αὐτὸν</span> <span class='ocrx_word' id='word_1_207' title='bbox 3509 1328 3668 1388; x_wconf 75' lang='grc' dir='ltr'>εἶδεν</span> <span class='ocrx_word' id='word_1_208' title='bbox 3719 1334 3748 1386; x_wconf 83' lang='grc'>6</span> 
     </span>
    </p>
   </div>
   <div class='ocr_carea' id='block_1_29' title="bbox 2133 1426 3748 1510">
    <p class='ocr_par' dir='ltr' id='par_1_29' title="bbox 2133 1426 3748 1510">
     <span class='ocr_line' id='line_1_29' title="bbox 2133 1426 3748 1510; baseline -0.008 -17"><span class='ocrx_word' id='word_1_209' title='bbox 2133 1438 2366 1510; x_wconf 81' lang='grc' dir='ltr'>Κύριος.</span> <span class='ocrx_word' id='word_1_210' title='bbox 2402 1435 2544 1491; x_wconf 86' lang='grc' dir='ltr'>Ἰσθι</span> <span class='ocrx_word' id='word_1_211' title='bbox 2572 1435 2632 1490; x_wconf 71' lang='grc' dir='ltr'><strong>δὲ</strong></span> <span class='ocrx_word' id='word_1_212' title='bbox 2670 1434 2765 1489; x_wconf 80' lang='grc' dir='ltr'>καὶ</span> <span class='ocrx_word' id='word_1_213' title='bbox 2799 1432 2986 1496; x_wconf 88' lang='grc' dir='ltr'>τοῦτο,</span> <span class='ocrx_word' id='word_1_214' title='bbox 3019 1432 3103 1485; x_wconf 80' lang='grc' dir='ltr'>ὅτι</span> <span class='ocrx_word' id='word_1_215' title='bbox 3127 1429 3390 1485; x_wconf 77' lang='grc' dir='ltr'><strong>Γαλιλαία</strong></span> <span class='ocrx_word' id='word_1_216' title='bbox 3424 1426 3748 1499; x_wconf 73' lang='grc' dir='ltr'>ἑρμηνεύσ-</span> 
     </span>
    </p>
   </div>
   <div class='ocr_carea' id='block_1_30' title="bbox 2132 1518 3749 1596">
    <p class='ocr_par' dir='ltr' id='par_1_30' title="bbox 2132 1518 3749 1596">
     <span class='ocr_line' id='line_1_30' title="bbox 2132 1518 3749 1596; baseline -0.007 -11"><span class='ocrx_word' id='word_1_217' title='bbox 2132 1548 2245 1594; x_wconf 88' lang='grc' dir='ltr'>ται,</span> <span class='ocrx_word' id='word_1_218' title='bbox 2280 1526 2721 1593; x_wconf 70' lang='grc' dir='ltr'>κατακυλεστή.</span> <span class='ocrx_word' id='word_1_219' title='bbox 2773 1523 3033 1596; x_wconf 78' lang='grc' dir='ltr'>Ἐξῆλθεν</span> <span class='ocrx_word' id='word_1_220' title='bbox 3058 1518 3154 1578; x_wconf 79' lang='grc' dir='ltr'><strong>οῦν</strong></span> <span class='ocrx_word' id='word_1_221' title='bbox 3194 1524 3223 1576; x_wconf 90' lang='lat'><strong>6</strong></span> <span class='ocrx_word' id='word_1_222' title='bbox 3277 1521 3493 1593; x_wconf 85' lang='grc' dir='ltr'>Κύριος</span> <span class='ocrx_word' id='word_1_223' title='bbox 3525 1522 3619 1585; x_wconf 77' lang='grc' dir='ltr'>εις</span> <span class='ocrx_word' id='word_1_224' title='bbox 3644 1520 3749 1590; x_wconf 77' lang='grc' dir='ltr'><strong>τήν</strong></span> 
     </span>
    </p>
   </div>
   <div class='ocr_carea' id='block_1_31' title="bbox 2133 1613 3749 1692">
    <p class='ocr_par' dir='ltr' id='par_1_31' title="bbox 2133 1613 3749 1692">
     <span class='ocr_line' id='line_1_31' title="bbox 2133 1613 3749 1692; baseline -0.009 -14"><span class='ocrx_word' id='word_1_225' title='bbox 2133 1622 2547 1692; x_wconf 78' lang='grc' dir='ltr'>κατακυλιστὴν</span> <span class='ocrx_word' id='word_1_226' title='bbox 2572 1623 2766 1675; x_wconf 85' lang='grc' dir='ltr'>τούτου</span> <span class='ocrx_word' id='word_1_227' title='bbox 2799 1619 2897 1674; x_wconf 90' lang='grc' dir='ltr'><strong>τοῦ</strong></span> <span class='ocrx_word' id='word_1_228' title='bbox 2922 1619 3133 1689; x_wconf 86' lang='grc' dir='ltr'>κόσμου</span> <span class='ocrx_word' id='word_1_229' title='bbox 3163 1617 3197 1689; x_wconf 85' lang='grc' dir='ltr'>ἢ</span> <span class='ocrx_word' id='word_1_230' title='bbox 3232 1615 3443 1689; x_wconf 84' lang='grc' dir='ltr'>χώραν,</span> <span class='ocrx_word' id='word_1_231' title='bbox 3516 1616 3624 1669; x_wconf 83' lang='grc' dir='ltr'>καὶ</span> <span class='ocrx_word' id='word_1_232' title='bbox 3647 1613 3749 1686; x_wconf 75' lang='grc' dir='ltr'><strong>τήν</strong></span> 
     </span>
    </p>
   </div>
   <div class='ocr_carea' id='block_1_32' title="bbox 2134 1704 3750 1785">
    <p class='ocr_par' dir='ltr' id='par_1_32' title="bbox 2134 1704 3750 1785">
     <span class='ocr_line' id='line_1_32' title="bbox 2134 1704 3750 1785; baseline -0.005 -16"><span class='ocrx_word' id='word_1_233' title='bbox 2134 1715 2298 1785; x_wconf 86' lang='grc' dir='ltr'>φύσιν</span> <span class='ocrx_word' id='word_1_234' title='bbox 2321 1716 2420 1785; x_wconf 82' lang='grc' dir='ltr'>τὴν</span> <span class='ocrx_word' id='word_1_235' title='bbox 2464 1712 2846 1784; x_wconf 76' lang='grc' dir='ltr'><strong>ἀνθρωπίνην,</strong></span> <span class='ocrx_word' id='word_1_236' title='bbox 2884 1704 3005 1765; x_wconf 70' lang='grc' dir='ltr'>’καὶ</span> <span class='ocrx_word' id='word_1_237' title='bbox 3058 1710 3221 1773; x_wconf 64' lang='grc' dir='ltr'><strong>Ιὂντας</strong></span> <span class='ocrx_word' id='word_1_238' title='bbox 3268 1710 3423 1780; x_wconf 80' lang='grc' dir='ltr'>ἡμᾶς</span> <span class='ocrx_word' id='word_1_239' title='bbox 3468 1706 3586 1762; x_wconf 74' lang='grc' dir='ltr'><strong>ὕπὸ</strong></span> <span class='ocrx_word' id='word_1_240' title='bbox 3647 1707 3750 1779; x_wconf 77' lang='grc' dir='ltr'><strong>τὴν</strong></span> 
     </span>
    </p>
   </div>
   <div class='ocr_carea' id='block_1_33' title="bbox 2135 1795 3749 1875">
    <p class='ocr_par' dir='ltr' id='par_1_33' title="bbox 2135 1795 3749 1875">
     <span class='ocr_line' id='line_1_33' title="bbox 2135 1795 3749 1875; baseline -0.006 -14"><span class='ocrx_word' id='word_1_241' title='bbox 2135 1808 2331 1875; x_wconf 83' lang='grc' dir='ltr'>συκῆν,</span> <span class='ocrx_word' id='word_1_242' title='bbox 2360 1805 2617 1859; x_wconf 80' lang='grc' dir='ltr'>τουτέστι</span> <span class='ocrx_word' id='word_1_243' title='bbox 2665 1806 2768 1875; x_wconf 83' lang='grc' dir='ltr'>τὴν</span> <span class='ocrx_word' id='word_1_244' title='bbox 2796 1804 3054 1875; x_wconf 74' lang='grc' dir='ltr'>ὲνήδονον</span> <span class='ocrx_word' id='word_1_245' title='bbox 3079 1795 3443 1874; x_wconf 82' lang='grc' dir='ltr'>άμαρτίαν,ᾖ</span> <span class='ocrx_word' id='word_1_246' title='bbox 3476 1799 3579 1853; x_wconf 78' lang='grc' dir='ltr'>καὶ</span> <span class='ocrx_word' id='word_1_247' title='bbox 3627 1800 3749 1871; x_wconf 74' lang='grc' dir='ltr'>δριο</span> 
     </span>
    </p>
   </div>
   <div class='ocr_carea' id='block_1_34' title="bbox 440 1882 2036 1972">
    <p class='ocr_par' dir='ltr' id='par_1_34' title="bbox 440 1898 2036 1969">
     <span class='ocr_line' id='line_1_34' title="bbox 440 1898 2036 1969; baseline -0.003 -15"><span class='ocrx_word' id='word_1_248' title='bbox 440 1898 683 1954; x_wconf 79' lang='lat' dir='ltr'><strong>studium</strong></span> <span class='ocrx_word' id='word_1_249' title='bbox 715 1900 1152 1963; x_wconf 85' lang='lat' dir='ltr'><strong>adhibuerimus,</strong></span> <span class='ocrx_word' id='word_1_250' title='bbox 1176 1910 1229 1955; x_wconf 90' lang='lat' dir='ltr'><strong>et</strong></span> <span class='ocrx_word' id='word_1_251' title='bbox 1259 1899 1561 1969; x_wconf 80' lang='lat' dir='ltr'><strong>majoribus</strong></span> <span class='ocrx_word' id='word_1_252' title='bbox 1586 1910 1686 1953; x_wconf 87' lang='lat' dir='ltr'><strong>nos</strong></span> <span class='ocrx_word' id='word_1_253' title='bbox 1720 1898 2036 1967; x_wconf 86' lang='lat' dir='ltr'><strong>dignabitur</strong></span> 
     </span>
    </p>
   </div>
   <div class='ocr_carea' id='block_1_35' title="bbox 2146 1882 3753 1972">
    <p class='ocr_par' dir='ltr' id='par_1_35' title="bbox 2146 1894 3753 1972">
     <span class='ocr_line' id='line_1_35' title="bbox 2146 1894 3753 1972; baseline -0.005 -18"><span class='ocrx_word' id='word_1_254' title='bbox 2146 1902 2320 1972; x_wconf 84' lang='grc' dir='ltr'>μύτης</span> <span class='ocrx_word' id='word_1_255' title='bbox 2341 1901 2444 1954; x_wconf 82' lang='grc' dir='ltr'>οὑκ</span> <span class='ocrx_word' id='word_1_256' title='bbox 2475 1899 2632 1971; x_wconf 85' lang='grc' dir='ltr'>ὀλίγη</span> <span class='ocrx_word' id='word_1_257' title='bbox 2665 1898 2887 1953; x_wconf 75' lang='grc' dir='ltr'><strong>σύνεστι</strong></span> <span class='ocrx_word' id='word_1_258' title='bbox 2915 1898 3005 1952; x_wconf 85' lang='grc' dir='ltr'><strong>διὰ</strong></span> <span class='ocrx_word' id='word_1_259' title='bbox 3038 1896 3141 1969; x_wconf 80' lang='grc' dir='ltr'><strong>τήν</strong></span> <span class='ocrx_word' id='word_1_260' title='bbox 3179 1894 3590 1968; x_wconf 81' lang='grc' dir='ltr'>μεταμέλειαν,</span> <span class='ocrx_word' id='word_1_261' title='bbox 3655 1896 3753 1948; x_wconf 69' lang='grc' dir='ltr'>καὶ</span> 
     </span>
    </p>
   </div>
   <div class='ocr_carea' id='block_1_36' title="bbox 437 1986 2036 2065">
    <p class='ocr_par' dir='ltr' id='par_1_36' title="bbox 437 1992 2035 2064">
     <span class='ocr_line' id='line_1_36' title="bbox 437 1992 2035 2064; baseline 0.001 -19"><span class='ocrx_word' id='word_1_262' title='bbox 437 1992 798 2060; x_wconf 85' lang='lat' dir='ltr'><strong>spectaculis,</strong></span> <span class='ocrx_word' id='word_1_263' title='bbox 880 2002 937 2047; x_wconf 90' lang='lat' dir='ltr'><strong>et</strong></span> <span class='ocrx_word' id='word_1_264' title='bbox 1004 1993 1312 2049; x_wconf 76' lang='lat' dir='ltr'><strong>videbimus</strong></span> <span class='ocrx_word' id='word_1_265' title='bbox 1389 1993 1615 2064; x_wconf 86' lang='lat' dir='ltr'><strong>angelos</strong></span> <span class='ocrx_word' id='word_1_266' title='bbox 1676 1994 2035 2047; x_wconf 81' lang='lat' dir='ltr'><strong>ascendentes</strong></span> 
     </span>
    </p>
   </div>
   <div class='ocr_carea' id='block_1_37' title="bbox 2146 1986 3754 2065">
    <p class='ocr_par' dir='ltr' id='par_1_37' title="bbox 2146 1986 3754 2065">
     <span class='ocr_line' id='line_1_37' title="bbox 2146 1986 3754 2065; baseline -0.004 -20"><span class='ocrx_word' id='word_1_267' title='bbox 2146 1994 2205 2047; x_wconf 83' lang='grc' dir='ltr'>τὰ</span> <span class='ocrx_word' id='word_1_268' title='bbox 2258 1995 2379 2047; x_wconf 70' lang='grc' dir='ltr'>ἐκεῖ</span> <span class='ocrx_word' id='word_1_269' title='bbox 2425 1991 2816 2065; x_wconf 86' lang='grc' dir='ltr'>δικαιωτήρια,</span> <span class='ocrx_word' id='word_1_270' title='bbox 2861 1991 2939 2055; x_wconf 85' lang='grc' dir='ltr'>ὼς</span> <span class='ocrx_word' id='word_1_271' title='bbox 2994 1990 3385 2061; x_wconf 79' lang='grc' dir='ltr'>φιλάνθρωπος</span> <span class='ocrx_word' id='word_1_272' title='bbox 3451 1986 3594 2051; x_wconf 73' lang='grc' dir='ltr'>εῒδε,</span> <span class='ocrx_word' id='word_1_273' title='bbox 3659 1989 3754 2040; x_wconf 76' lang='grc' dir='ltr'>καὶ</span> 
     </span>
    </p>
   </div>
   <div class='ocr_carea' id='block_1_38' title="bbox 436 2079 2036 2157">
    <p class='ocr_par' dir='ltr' id='par_1_38' title="bbox 436 2085 2036 2157">
     <span class='ocr_line' id='line_1_38' title="bbox 436 2085 2036 2157; baseline 0.002 -21"><span class='ocrx_word' id='word_1_274' title='bbox 436 2085 656 2155; x_wconf 89' lang='lat' dir='ltr'><strong>quidem</strong></span> <span class='ocrx_word' id='word_1_275' title='bbox 708 2087 776 2139; x_wconf 86' lang='lat' dir='ltr'><strong>ad</strong></span> <span class='ocrx_word' id='word_1_276' title='bbox 819 2088 1191 2142; x_wconf 85' lang='lat' dir='ltr'><strong>summitatem</strong></span> <span class='ocrx_word' id='word_1_277' title='bbox 1242 2086 1571 2157; x_wconf 85' lang='lat' dir='ltr'><strong>cognitionis</strong></span> <span class='ocrx_word' id='word_1_278' title='bbox 1611 2085 1748 2140; x_wconf 87' lang='lat' dir='ltr'><strong>Dei:</strong></span> <span class='ocrx_word' id='word_1_279' title='bbox 1803 2086 2036 2140; x_wconf 84' lang='lat' dir='ltr'><strong>descen-</strong></span> 
     </span>
    </p>
   </div>
   <div class='ocr_carea' id='block_1_39' title="bbox 2146 2079 3755 2157">
    <p class='ocr_par' dir='ltr' id='par_1_39' title="bbox 2146 2079 3755 2156">
     <span class='ocr_line' id='line_1_39' title="bbox 2146 2079 3755 2156; baseline -0.004 -19"><span class='ocrx_word' id='word_1_280' title='bbox 2146 2083 2427 2151; x_wconf 68' lang='grc' dir='ltr'>ἐξελέξατο</span> <span class='ocrx_word' id='word_1_281' title='bbox 2451 2083 2857 2156; x_wconf 83' lang='grc' dir='ltr'>ὁμολογοῦντας</span> <span class='ocrx_word' id='word_1_282' title='bbox 2886 2085 3053 2138; x_wconf 81' lang='grc' dir='ltr'>αὑτὸν</span> <span class='ocrx_word' id='word_1_283' title='bbox 3087 2081 3219 2136; x_wconf 76' lang='grc' dir='ltr'>Υίὸν</span> <span class='ocrx_word' id='word_1_284' title='bbox 3255 2080 3417 2145; x_wconf 83' lang='grc' dir='ltr'>Θεοῦ,</span> <span class='ocrx_word' id='word_1_285' title='bbox 3459 2080 3563 2134; x_wconf 77' lang='grc' dir='ltr'>καὶ</span> <span class='ocrx_word' id='word_1_286' title='bbox 3588 2079 3755 2149; x_wconf 85' lang='grc' dir='ltr'>βασι-</span> 
     </span>
    </p>
   </div>
   <div class='ocr_carea' id='block_1_40' title="bbox 436 2170 2036 2250">
    <p class='ocr_par' dir='ltr' id='par_1_40' title="bbox 436 2179 2036 2250">
     <span class='ocr_line' id='line_1_40' title="bbox 436 2179 2036 2250; baseline 0.001 -20"><span class='ocrx_word' id='word_1_287' title='bbox 436 2183 629 2233; x_wconf 81' lang='lat' dir='ltr'><strong>dentes</strong></span> <span class='ocrx_word' id='word_1_288' title='bbox 658 2193 788 2233; x_wconf 88' lang='lat' dir='ltr'><strong>vero</strong></span> <span class='ocrx_word' id='word_1_289' title='bbox 832 2180 1053 2245; x_wconf 88' lang='lat' dir='ltr'><strong>iterum,</strong></span> <span class='ocrx_word' id='word_1_290' title='bbox 1094 2179 1584 2249; x_wconf 86' lang='lat' dir='ltr'><strong>incognoscibilem</strong></span> <span class='ocrx_word' id='word_1_291' title='bbox 1627 2181 1747 2250; x_wconf 89' lang='lat' dir='ltr'><strong>ejus</strong></span> <span class='ocrx_word' id='word_1_292' title='bbox 1775 2183 2036 2235; x_wconf 82' lang='lat' dir='ltr'><strong>substan—</strong></span> 
     </span>
    </p>
   </div>
   <div class='ocr_carea' id='block_1_41' title="bbox 2146 2170 3757 2250">
    <p class='ocr_par' dir='ltr' id='par_1_41' title="bbox 2146 2170 3757 2250">
     <span class='ocr_line' id='line_1_41' title="bbox 2146 2170 3757 2250; baseline -0.005 -19"><span class='ocrx_word' id='word_1_293' title='bbox 2146 2178 2244 2233; x_wconf 89' lang='grc' dir='ltr'><strong>λέα</strong></span> <span class='ocrx_word' id='word_1_294' title='bbox 2269 2176 2370 2232; x_wconf 90' lang='grc' dir='ltr'><strong>τοῦ</strong></span> <span class='ocrx_word' id='word_1_295' title='bbox 2411 2178 2631 2250; x_wconf 84' lang='grc' dir='ltr'>Ἰσραὴλ</span> <span class='ocrx_word' id='word_1_296' title='bbox 2665 2176 2762 2231; x_wconf 90' lang='grc' dir='ltr'><strong>τοῦ</strong></span> <span class='ocrx_word' id='word_1_297' title='bbox 2786 2177 3027 2249; x_wconf 81' lang='grc' dir='ltr'>ὁρῶντος</span> <span class='ocrx_word' id='word_1_298' title='bbox 3058 2175 3215 2230; x_wconf 86' lang='grc' dir='ltr'>Θεόν.</span> <span class='ocrx_word' id='word_1_299' title='bbox 3256 2176 3320 2229; x_wconf 88' lang='lat' dir='ltr'><strong>El</strong></span> <span class='ocrx_word' id='word_1_300' title='bbox 3354 2174 3415 2228; x_wconf 77' lang='grc' dir='ltr'>δέ</span> <span class='ocrx_word' id='word_1_301' title='bbox 3445 2190 3515 2242; x_wconf 84' lang='grc' dir='ltr'><strong>γε</strong></span> <span class='ocrx_word' id='word_1_302' title='bbox 3543 2170 3757 2227; x_wconf 80' lang='grc' dir='ltr'>ἐπιτεί-</span> 
     </span>
    </p>
   </div>
   <div class='ocr_carea' id='block_1_42' title="bbox 440 2264 2036 2341">
    <p class='ocr_par' dir='ltr' id='par_1_42' title="bbox 440 2270 2033 2341">
     <span class='ocr_line' id='line_1_42' title="bbox 440 2270 2033 2341; baseline 0.001 -18"><span class='ocrx_word' id='word_1_303' title='bbox 440 2270 571 2324; x_wconf 89' lang='lat' dir='ltr'><strong>tiam</strong></span> <span class='ocrx_word' id='word_1_304' title='bbox 596 2271 1008 2341; x_wconf 85' lang='lat' dir='ltr'><strong>deprehendere</strong></span> <span class='ocrx_word' id='word_1_305' title='bbox 1039 2288 1145 2327; x_wconf 90' lang='lat' dir='ltr'><strong>non</strong></span> <span class='ocrx_word' id='word_1_306' title='bbox 1178 2274 1447 2329; x_wconf 89' lang='lat' dir='ltr'><strong>valentes.</strong></span> <span class='ocrx_word' id='word_1_307' title='bbox 1480 2272 1578 2329; x_wconf 88' lang='lat' dir='ltr'><strong>Vel</strong></span> <span class='ocrx_word' id='word_1_308' title='bbox 1610 2274 1788 2337; x_wconf 82' lang='lat' dir='ltr'><strong>aliter,</strong></span> <span class='ocrx_word' id='word_1_309' title='bbox 1823 2273 2033 2327; x_wconf 80' lang='lat' dir='ltr'><strong>Ascen-</strong></span> 
     </span>
    </p>
   </div>
   <div class='ocr_carea' id='block_1_43' title="bbox 2146 2264 3756 2341">
    <p class='ocr_par' dir='ltr' id='par_1_43' title="bbox 2146 2264 3756 2340">
     <span class='ocr_line' id='line_1_43' title="bbox 2146 2264 3756 2340; baseline -0.002 -19"><span class='ocrx_word' id='word_1_310' title='bbox 2146 2286 2330 2339; x_wconf 83' lang='grc' dir='ltr'>νοιμεν</span> <span class='ocrx_word' id='word_1_311' title='bbox 2356 2268 2457 2340; x_wconf 77' lang='grc' dir='ltr'>τὴν</span> <span class='ocrx_word' id='word_1_312' title='bbox 2490 2268 2750 2340; x_wconf 82' lang='grc' dir='ltr'>σπουδὴν,</span> <span class='ocrx_word' id='word_1_313' title='bbox 2778 2271 2876 2322; x_wconf 79' lang='grc' dir='ltr'>καὶ</span> <span class='ocrx_word' id='word_1_314' title='bbox 2913 2268 3181 2338; x_wconf 76' lang='grc' dir='ltr'>μειζόνων</span> <span class='ocrx_word' id='word_1_315' title='bbox 3224 2264 3570 2330; x_wconf 85' lang='grc' dir='ltr'>καταξιώσει</span> <span class='ocrx_word' id='word_1_316' title='bbox 3600 2265 3756 2335; x_wconf 74' lang='grc' dir='ltr'>ἡμᾶς</span> 
     </span>
    </p>
   </div>
   <div class='ocr_carea' id='block_1_44' title="bbox 441 2357 2036 2436">
    <p class='ocr_par' dir='ltr' id='par_1_44' title="bbox 441 2365 2035 2436">
     <span class='ocr_line' id='line_1_44' title="bbox 441 2365 2035 2436; baseline 0.002 -18"><span class='ocrx_word' id='word_1_317' title='bbox 441 2365 523 2419; x_wconf 91' lang='lat' dir='ltr'><strong>dit</strong></span> <span class='ocrx_word' id='word_1_318' title='bbox 558 2366 703 2435; x_wconf 86' lang='lat' dir='ltr'><strong>quis,</strong></span> <span class='ocrx_word' id='word_1_319' title='bbox 735 2367 955 2436; x_wconf 83' lang='lat' dir='ltr'><strong>quando</strong></span> <span class='ocrx_word' id='word_1_320' title='bbox 986 2377 1237 2422; x_wconf 88' lang='lat' dir='ltr'><strong>versatur</strong></span> <span class='ocrx_word' id='word_1_321' title='bbox 1266 2367 1324 2422; x_wconf 89' lang='lat' dir='ltr'><strong>in</strong></span> <span class='ocrx_word' id='word_1_322' title='bbox 1351 2367 1700 2422; x_wconf 88' lang='lat' dir='ltr'><strong>sermonibus</strong></span> <span class='ocrx_word' id='word_1_323' title='bbox 1731 2368 1799 2421; x_wconf 92' lang='lat' dir='ltr'><strong>de</strong></span> <span class='ocrx_word' id='word_1_324' title='bbox 1829 2367 2035 2422; x_wconf 87' lang='lat' dir='ltr'><strong>deitate</strong></span> 
     </span>
    </p>
   </div>
   <div class='ocr_carea' id='block_1_45' title="bbox 2146 2357 3754 2436">
    <p class='ocr_par' dir='ltr' id='par_1_45' title="bbox 2146 2357 3754 2433">
     <span class='ocr_line' id='line_1_45' title="bbox 2146 2357 3754 2433; baseline -0.002 -18"><span class='ocrx_word' id='word_1_325' title='bbox 2146 2362 2457 2431; x_wconf 79' lang='grc' dir='ltr'>θεαμάτων,</span> <span class='ocrx_word' id='word_1_326' title='bbox 2493 2363 2589 2415; x_wconf 75' lang='grc' dir='ltr'><strong>καὶ</strong></span> <span class='ocrx_word' id='word_1_327' title='bbox 2611 2361 2862 2433; x_wconf 76' lang='grc' dir='ltr'>ὀψόμεθα</span> <span class='ocrx_word' id='word_1_328' title='bbox 2893 2360 3023 2424; x_wconf 83' lang='grc' dir='ltr'>τοὺς</span> <span class='ocrx_word' id='word_1_329' title='bbox 3046 2360 3317 2429; x_wconf 80' lang='grc' dir='ltr'><strong>ἀγγέλους</strong></span> <span class='ocrx_word' id='word_1_330' title='bbox 3334 2357 3754 2419; x_wconf 78' lang='grc' dir='ltr'>ἀναϐαίνοντας</span> 
     </span>
    </p>
   </div>
   <div class='ocr_carea' id='block_1_46' title="bbox 444 2453 2036 2529">
    <p class='ocr_par' dir='ltr' id='par_1_46' title="bbox 444 2453 2036 2529">
     <span class='ocr_line' id='line_1_46' title="bbox 444 2453 2036 2529; baseline -0.001 -18"><span class='ocrx_word' id='word_1_331' title='bbox 444 2453 729 2526; x_wconf 83' lang='lat' dir='ltr'><strong>Unigeniti</strong></span> <span class='ocrx_word' id='word_1_332' title='bbox 753 2474 769 2512; x_wconf 88' lang='lat'><strong>:</strong></span> <span class='ocrx_word' id='word_1_333' title='bbox 790 2458 1071 2512; x_wconf 85' lang='lat' dir='ltr'><strong>descendit</strong></span> <span class='ocrx_word' id='word_1_334' title='bbox 1101 2466 1305 2524; x_wconf 83' lang='lat' dir='ltr'><strong>autem,</strong></span> <span class='ocrx_word' id='word_1_335' title='bbox 1331 2459 1550 2529; x_wconf 69' lang='lat' dir='ltr'><strong>quando</strong></span> <span class='ocrx_word' id='word_1_336' title='bbox 1578 2468 1812 2512; x_wconf 87' lang='lat' dir='ltr'><strong>tractare</strong></span> <span class='ocrx_word' id='word_1_337' title='bbox 1840 2460 2036 2527; x_wconf 86' lang='lat' dir='ltr'><strong>gaudet</strong></span> 
     </span>
    </p>
   </div>
   <div class='ocr_carea' id='block_1_47' title="bbox 2146 2453 3757 2529">
    <p class='ocr_par' dir='ltr' id='par_1_47' title="bbox 2146 2453 3757 2527">
     <span class='ocr_line' id='line_1_47' title="bbox 2146 2453 3757 2527; baseline -0.001 -20"><span class='ocrx_word' id='word_1_338' title='bbox 2146 2456 2248 2525; x_wconf 76' lang='grc' dir='ltr'>μὲν</span> <span class='ocrx_word' id='word_1_339' title='bbox 2283 2455 2423 2527; x_wconf 77' lang='grc' dir='ltr'>πρὸς</span> <span class='ocrx_word' id='word_1_340' title='bbox 2466 2456 2529 2509; x_wconf 71' lang='grc' dir='ltr'>τὸ</span> <span class='ocrx_word' id='word_1_341' title='bbox 2562 2455 2697 2526; x_wconf 76' lang='grc' dir='ltr'>ὕψος</span> <span class='ocrx_word' id='word_1_342' title='bbox 2731 2456 2832 2527; x_wconf 83' lang='grc' dir='ltr'>τῆς</span> <span class='ocrx_word' id='word_1_343' title='bbox 2863 2454 3031 2509; x_wconf 81' lang='grc' dir='ltr'>αὐτοῦ</span> <span class='ocrx_word' id='word_1_344' title='bbox 3071 2453 3537 2523; x_wconf 74' lang='grc' dir='ltr'>θείαςιγνὼσεως,</span> <span class='ocrx_word' id='word_1_345' title='bbox 3576 2468 3757 2506; x_wconf 81' lang='grc' dir='ltr'>κατα-</span> 
     </span>
    </p>
   </div>
   <div class='ocr_carea' id='block_1_48' title="bbox 438 2548 2033 2607">
    <p class='ocr_par' dir='ltr' id='par_1_48' title="bbox 438 2548 2033 2607">
     <span class='ocr_line' id='line_1_48' title="bbox 438 2548 2033 2607; baseline 0 -4"><span class='ocrx_word' id='word_1_346' title='bbox 438 2560 721 2603; x_wconf 76' lang='lat' dir='ltr'><strong>sermones</strong></span> <span class='ocrx_word' id='word_1_347' title='bbox 748 2551 814 2604; x_wconf 90' lang='lat' dir='ltr'><strong>de</strong></span> <span class='ocrx_word' id='word_1_348' title='bbox 840 2548 1219 2605; x_wconf 85' lang='lat' dir='ltr'><strong>incarnatione</strong></span> <span class='ocrx_word' id='word_1_349' title='bbox 1261 2561 1317 2606; x_wconf 88' lang='lat' dir='ltr'><strong>et</strong></span> <span class='ocrx_word' id='word_1_350' title='bbox 1348 2554 1613 2607; x_wconf 86' lang='lat' dir='ltr'><strong>descensu</strong></span> <span class='ocrx_word' id='word_1_351' title='bbox 1638 2552 1692 2603; x_wconf 89' lang='lat' dir='ltr'><strong>in</strong></span> <span class='ocrx_word' id='word_1_352' title='bbox 1736 2548 2033 2603; x_wconf 82' lang='lat' dir='ltr'><strong>infernum.</strong></span> 
     </span>
    </p>
   </div>
   <div class='ocr_carea' id='block_1_49' title="bbox 2144 2544 3760 2618">
    <p class='ocr_par' dir='ltr' id='par_1_49' title="bbox 2144 2544 3760 2618">
     <span class='ocr_line' id='line_1_49' title="bbox 2144 2544 3760 2618; baseline -0.001 -18"><span class='ocrx_word' id='word_1_353' title='bbox 2144 2548 2442 2611; x_wconf 88' lang='grc' dir='ltr'>ϐαίνοντας</span> <span class='ocrx_word' id='word_1_354' title='bbox 2505 2547 2564 2601; x_wconf 75' lang='grc' dir='ltr'><strong>δὲ</strong></span> <span class='ocrx_word' id='word_1_355' title='bbox 2615 2548 2804 2612; x_wconf 85' lang='grc' dir='ltr'>πάλιν,</span> <span class='ocrx_word' id='word_1_356' title='bbox 2838 2547 2929 2602; x_wconf 82' lang='grc' dir='ltr'><strong>διὰ</strong></span> <span class='ocrx_word' id='word_1_357' title='bbox 2957 2546 3054 2601; x_wconf 88' lang='grc' dir='ltr'><strong>τοῦ</strong></span> <span class='ocrx_word' id='word_1_358' title='bbox 3098 2546 3175 2618; x_wconf 80' lang='grc' dir='ltr'>μὴ</span> <span class='ocrx_word' id='word_1_359' title='bbox 3203 2546 3431 2616; x_wconf 76' lang='grc' dir='ltr'>φθάνειν</span> <span class='ocrx_word' id='word_1_360' title='bbox 3477 2544 3760 2611; x_wconf 68' lang='grc' dir='ltr'>κατανοῆ-</span> 
     </span>
    </p>
   </div>
   <div class='ocr_carea' id='block_1_50' title="bbox 441 2638 3740 2713">
    <p class='ocr_par' dir='ltr' id='par_1_50' title="bbox 441 2638 3740 2713">
     <span class='ocr_line' id='line_1_50' title="bbox 441 2638 3740 2713; baseline -0 -20"><span class='ocrx_word' id='word_1_361' title='bbox 441 2657 532 2695; x_wconf 83' lang='grc' dir='ltr'><strong>σαι</strong></span> <span class='ocrx_word' id='word_1_362' title='bbox 558 2640 658 2712; x_wconf 76' lang='grc' dir='ltr'>τὴν</span> <span class='ocrx_word' id='word_1_363' title='bbox 688 2641 970 2713; x_wconf 75' lang='grc' dir='ltr'>ἄγνωστον</span> <span class='ocrx_word' id='word_1_364' title='bbox 996 2644 1209 2698; x_wconf 75' lang='grc' dir='ltr'>οὐσίαν.</span> <span class='ocrx_word' id='word_1_365' title='bbox 1248 2645 1361 2699; x_wconf 75' lang='grc' dir='ltr'><strong>Καὶ</strong></span> <span class='ocrx_word' id='word_1_366' title='bbox 1406 2643 1584 2707; x_wconf 77' lang='grc' dir='ltr'>ἄλλως</span> <span class='ocrx_word' id='word_1_367' title='bbox 1607 2644 1687 2710; x_wconf 82' lang='grc' dir='ltr'><strong>δὲ,</strong></span> <span class='ocrx_word' id='word_1_368' title='bbox 1734 2641 2024 2697; x_wconf 81' lang='grc' dir='ltr'>ἀναϐαίνει</span> <span class='ocrx_word' id='word_1_369' title='bbox 2056 2658 2166 2704; x_wconf 86' lang='grc' dir='ltr'>τις,</span> <span class='ocrx_word' id='word_1_370' title='bbox 2235 2643 2328 2695; x_wconf 83' lang='grc' dir='ltr'>ὅτε</span> <span class='ocrx_word' id='word_1_371' title='bbox 2361 2645 2477 2707; x_wconf 79' lang='grc' dir='ltr'>τοῖς</span> <span class='ocrx_word' id='word_1_372' title='bbox 2534 2644 2665 2711; x_wconf 80' lang='grc' dir='ltr'>περὶ</span> <span class='ocrx_word' id='word_1_373' title='bbox 2689 2641 2790 2710; x_wconf 84' lang='grc' dir='ltr'>τῆς</span> <span class='ocrx_word' id='word_1_374' title='bbox 2820 2641 3078 2712; x_wconf 78' lang='grc' dir='ltr'>θεότητος</span> <span class='ocrx_word' id='word_1_375' title='bbox 3126 2639 3220 2694; x_wconf 84' lang='grc' dir='ltr'><strong>τοῦ</strong></span> <span class='ocrx_word' id='word_1_376' title='bbox 3266 2638 3625 2709; x_wconf 85' lang='grc' dir='ltr'>Μονογενοῦς</span> <span class='ocrx_word' id='word_1_377' title='bbox 3651 2638 3740 2693; x_wconf 72' lang='lat' dir='ltr'><strong>M-</strong></span> 
     </span>
    </p>
   </div>
   <div class='ocr_carea' id='block_1_51' title="bbox 437 2731 3531 2806">
    <p class='ocr_par' dir='ltr' id='par_1_51' title="bbox 437 2731 3531 2806">
     <span class='ocr_line' id='line_1_51' title="bbox 437 2731 3531 2806; baseline 0 -19"><span class='ocrx_word' id='word_1_378' title='bbox 437 2750 558 2803; x_wconf 88' lang='grc' dir='ltr'>γοις</span> <span class='ocrx_word' id='word_1_379' title='bbox 590 2733 954 2806; x_wconf 68' lang='grc' dir='ltr'>ἐνδιατρίϐει·</span> <span class='ocrx_word' id='word_1_380' title='bbox 992 2735 1319 2790; x_wconf 85' lang='grc' dir='ltr'>καταϐαίνει</span> <span class='ocrx_word' id='word_1_381' title='bbox 1353 2736 1435 2801; x_wconf 83' lang='grc' dir='ltr'>δὲ,</span> <span class='ocrx_word' id='word_1_382' title='bbox 1466 2738 1557 2789; x_wconf 86' lang='grc' dir='ltr'>ὅτε</span> <span class='ocrx_word' id='word_1_383' title='bbox 1584 2738 1698 2800; x_wconf 88' lang='grc' dir='ltr'><strong>τοὶς</strong></span> <span class='ocrx_word' id='word_1_384' title='bbox 1722 2735 1853 2806; x_wconf 74' lang='grc' dir='ltr'>περὶ</span> <span class='ocrx_word' id='word_1_385' title='bbox 1889 2731 2096 2805; x_wconf 76' lang='grc' dir='ltr'>σαρκδς</span> <span class='ocrx_word' id='word_1_386' title='bbox 2122 2733 2219 2787; x_wconf 72' lang='grc' dir='ltr'>καὶ</span> <span class='ocrx_word' id='word_1_387' title='bbox 2254 2732 2357 2804; x_wconf 83' lang='grc' dir='ltr'>τῆς</span> <span class='ocrx_word' id='word_1_388' title='bbox 2390 2734 2449 2786; x_wconf 76' lang='grc' dir='ltr'>ἐν</span> <span class='ocrx_word' id='word_1_389' title='bbox 2481 2732 2560 2805; x_wconf 84' lang='grc' dir='ltr'><strong>τῷ</strong></span> <span class='ocrx_word' id='word_1_390' title='bbox 2583 2732 2686 2805; x_wconf 68' lang='grc' dir='ltr'><strong>ᾅδῃ</strong></span> <span class='ocrx_word' id='word_1_391' title='bbox 2718 2732 3087 2797; x_wconf 87' lang='grc' dir='ltr'>καταϐάσεως</span> <span class='ocrx_word' id='word_1_392' title='bbox 3128 2734 3531 2805; x_wconf 73' lang='grc' dir='ltr'>ἔμφιλοχωρεῖ.</span> 
     </span>
    </p>
   </div>
   <div class='ocr_carea' id='block_1_52' title="bbox 1068 2850 1407 2908">
    <p class='ocr_par' dir='ltr' id='par_1_52' title="bbox 1068 2850 1407 2908">
     <span class='ocr_line' id='line_1_52' title="bbox 1068 2850 1407 2908; baseline -0.003 0"><span class='ocrx_word' id='word_1_393' title='bbox 1068 2850 1302 2908; x_wconf 80' lang='lat' dir='ltr'><strong>CAPUT</strong></span> <span class='ocrx_word' id='word_1_394' title='bbox 1339 2852 1407 2907; x_wconf 88' lang='lat' dir='ltr'><strong>ll.</strong></span> 
     </span>
    </p>
   </div>
   <div class='ocr_carea' id='block_1_53' title="bbox 444 2942 2015 3019">
    <p class='ocr_par' dir='ltr' id='par_1_53' title="bbox 444 2942 2015 3019">
     <span class='ocr_line' id='line_1_53' title="bbox 444 2942 2015 3019; baseline -0.002 -16"><span class='ocrx_word' id='word_1_395' title='bbox 444 2948 523 3005; x_wconf 80' lang='lat' dir='ltr'><strong>De</strong></span> <span class='ocrx_word' id='word_1_396' title='bbox 548 2948 747 3019; x_wconf 79' lang='lat' dir='ltr'><strong>nuptiis</strong></span> <span class='ocrx_word' id='word_1_397' title='bbox 772 2948 826 3019; x_wconf 85' lang='lat' dir='ltr'><strong>in</strong></span> <span class='ocrx_word' id='word_1_398' title='bbox 852 2945 1005 3002; x_wconf 83' lang='lat' dir='ltr'><strong>Cana</strong></span> <span class='ocrx_word' id='word_1_399' title='bbox 1040 2942 1308 3019; x_wconf 65' lang='lat' dir='ltr'><strong>Gali/(rw.</strong></span> <span class='ocrx_word' id='word_1_400' title='bbox 1358 2946 1430 3000; x_wconf 87' lang='lat' dir='ltr'><strong>De</strong></span> <span class='ocrx_word' id='word_1_401' title='bbox 1468 2946 1703 3012; x_wconf 71' lang='lat' dir='ltr'><strong>expulsis</strong></span> <span class='ocrx_word' id='word_1_402' title='bbox 1736 2963 1765 3001; x_wconf 85' lang='lat' dir='ltr'><strong>e</strong></span> <span class='ocrx_word' id='word_1_403' title='bbox 1823 2946 2015 3018; x_wconf 81' lang='lat' dir='ltr'><strong>templo</strong></span> 
     </span>
    </p>
   </div>
   <div class='ocr_carea' id='block_1_54' title="bbox 761 3017 1713 3087">
    <p class='ocr_par' dir='ltr' id='par_1_54' title="bbox 761 3017 1713 3087">
     <span class='ocr_line' id='line_1_54' title="bbox 761 3017 1713 3087; baseline 0.001 -15"><span class='ocrx_word' id='word_1_404' title='bbox 761 3018 844 3072; x_wconf 78' lang='lat' dir='ltr'><strong>De</strong></span> <span class='ocrx_word' id='word_1_405' title='bbox 870 3019 990 3083; x_wconf 82' lang='lat' dir='ltr'><strong>hoc,</strong></span> <span class='ocrx_word' id='word_1_406' title='bbox 1022 3017 1225 3073; x_wconf 79' lang='lat' dir='ltr'><strong>Solvite</strong></span> <span class='ocrx_word' id='word_1_407' title='bbox 1263 3019 1513 3087; x_wconf 83' lang='lat' dir='ltr'><strong>templum</strong></span> <span class='ocrx_word' id='word_1_408' title='bbox 1546 3018 1713 3073; x_wconf 81' lang='lat' dir='ltr'><strong>istud.</strong></span> 
     </span>
    </p>
   </div>
   <div class='ocr_carea' id='block_1_55' title="bbox 520 3200 2040 3273">
    <p class='ocr_par' dir='ltr' id='par_1_55' title="bbox 520 3200 2040 3273">
     <span class='ocr_line' id='line_1_55' title="bbox 520 3200 2040 3273; baseline -0.001 -17"><span class='ocrx_word' id='word_1_409' title='bbox 520 3202 686 3258; x_wconf 74' lang='lat' dir='ltr'><strong>Vens.</strong></span> <span class='ocrx_word' id='word_1_410' title='bbox 720 3200 838 3257; x_wconf 82' lang='grc' dir='ltr'>ι-ι.</span> <span class='ocrx_word' id='word_1_411' title='bbox 874 3220 898 3256; x_wconf 83' lang='grc' dir='ltr'><strong>ι</strong></span> <span class='ocrx_word' id='word_1_412' title='bbox 934 3201 1003 3257; x_wconf 86' lang='grc' dir='ltr'>Ει</span> <span class='ocrx_word' id='word_1_413' title='bbox 1030 3200 1117 3258; x_wconf 91' lang='lat' dir='ltr'><strong>die</strong></span> <span class='ocrx_word' id='word_1_414' title='bbox 1145 3201 1306 3258; x_wconf 85' lang='lat' dir='ltr'><strong>tertia</strong></span> <span class='ocrx_word' id='word_1_415' title='bbox 1359 3200 1517 3257; x_wconf 71' lang='lat' dir='ltr'><strong>facta:</strong></span> <span class='ocrx_word' id='word_1_416' title='bbox 1571 3210 1701 3258; x_wconf 89' lang='lat' dir='ltr'><strong>sunt</strong></span> <span class='ocrx_word' id='word_1_417' title='bbox 1750 3201 1953 3273; x_wconf 61' lang='lat' dir='ltr'><strong>nuptias</strong></span> <span class='ocrx_word' id='word_1_418' title='bbox 1986 3200 2040 3255; x_wconf 89' lang='lat' dir='ltr'><strong>in</strong></span> 
     </span>
    </p>
   </div>
   <div class='ocr_carea' id='block_1_56' title="bbox 443 3294 2046 3360">
    <p class='ocr_par' dir='ltr' id='par_1_56' title="bbox 443 3294 2046 3360">
     <span class='ocr_line' id='line_1_56' title="bbox 443 3294 2046 3360; baseline -0.001 -8"><span class='ocrx_word' id='word_1_419' title='bbox 443 3296 591 3352; x_wconf 88' lang='lat' dir='ltr'><strong>Cana</strong></span> <span class='ocrx_word' id='word_1_420' title='bbox 624 3296 897 3360; x_wconf 70' lang='lat' dir='ltr'><strong>Galilrem,</strong></span> <span class='ocrx_word' id='word_1_421' title='bbox 932 3306 986 3352; x_wconf 78' lang='lat' dir='ltr'><strong>ct</strong></span> <span class='ocrx_word' id='word_1_422' title='bbox 1012 3305 1131 3352; x_wconf 88' lang='lat' dir='ltr'><strong>erat</strong></span> <span class='ocrx_word' id='word_1_423' title='bbox 1175 3305 1350 3351; x_wconf 83' lang='lat' dir='ltr'><strong>mater</strong></span> <span class='ocrx_word' id='word_1_424' title='bbox 1372 3295 1501 3352; x_wconf 86' lang='lat' dir='ltr'><strong>Jesu</strong></span> <span class='ocrx_word' id='word_1_425' title='bbox 1546 3295 1642 3351; x_wconf 85' lang='lat' dir='ltr'><strong>ibi.</strong></span> <span class='ocrx_word' id='word_1_426' title='bbox 1689 3294 1932 3351; x_wconf 78' lang='lat' dir='ltr'><strong>Vocatus</strong></span> <span class='ocrx_word' id='word_1_427' title='bbox 1958 3304 2046 3351; x_wconf 75' lang='lat' dir='ltr'><strong>est</strong></span> 
     </span>
    </p>
   </div>
   <div class='ocr_carea' id='block_1_57' title="bbox 446 3388 2040 3458">
    <p class='ocr_par' dir='ltr' id='par_1_57' title="bbox 446 3388 2040 3458">
     <span class='ocr_line' id='line_1_57' title="bbox 446 3388 2040 3458; baseline 0.001 -17"><span class='ocrx_word' id='word_1_428' title='bbox 446 3400 628 3443; x_wconf 82' lang='lat' dir='ltr'><strong>autem</strong></span> <span class='ocrx_word' id='word_1_429' title='bbox 657 3399 710 3443; x_wconf 90' lang='lat' dir='ltr'><strong>et</strong></span> <span class='ocrx_word' id='word_1_430' title='bbox 736 3388 894 3443; x_wconf 84' lang='lat' dir='ltr'><strong>.lesus</strong></span> <span class='ocrx_word' id='word_1_431' title='bbox 923 3403 987 3443; x_wconf 84' lang='lat' dir='ltr'><strong>ac</strong></span> <span class='ocrx_word' id='word_1_432' title='bbox 1014 3389 1267 3458; x_wconf 89' lang='lat' dir='ltr'><strong>discipuli</strong></span> <span class='ocrx_word' id='word_1_433' title='bbox 1308 3390 1429 3457; x_wconf 89' lang='lat' dir='ltr'><strong>ejus</strong></span> <span class='ocrx_word' id='word_1_434' title='bbox 1454 3390 1519 3442; x_wconf 88' lang='lat' dir='ltr'><strong>ad</strong></span> <span class='ocrx_word' id='word_1_435' title='bbox 1550 3390 1792 3457; x_wconf 89' lang='lat' dir='ltr'><strong>nuptias.</strong></span> <span class='ocrx_word' id='word_1_436' title='bbox 1822 3388 1889 3443; x_wconf 87' lang='lat' dir='ltr'><strong>Et</strong></span> <span class='ocrx_word' id='word_1_437' title='bbox 1918 3403 2040 3443; x_wconf 91' lang='lat' dir='ltr'><strong>cum</strong></span> 
     </span>
    </p>
   </div>
   <div class='ocr_carea' id='block_1_58' title="bbox 446 3480 2044 3541">
    <p class='ocr_par' dir='ltr' id='par_1_58' title="bbox 446 3480 2044 3541">
     <span class='ocr_line' id='line_1_58' title="bbox 446 3480 2044 3541; baseline 0 -6"><span class='ocrx_word' id='word_1_438' title='bbox 446 3480 743 3537; x_wconf 77' lang='lat' dir='ltr'><strong>defecisset</strong></span> <span class='ocrx_word' id='word_1_439' title='bbox 781 3482 989 3541; x_wconf 78' lang='lat' dir='ltr'><strong>vinum,</strong></span> <span class='ocrx_word' id='word_1_440' title='bbox 1026 3480 1160 3537; x_wconf 91' lang='lat' dir='ltr'><strong>dicit</strong></span> <span class='ocrx_word' id='word_1_441' title='bbox 1193 3490 1369 3535; x_wconf 85' lang='lat' dir='ltr'><strong>mater</strong></span> <span class='ocrx_word' id='word_1_442' title='bbox 1398 3480 1527 3537; x_wconf 83' lang='lat' dir='ltr'><strong>Jesu</strong></span> <span class='ocrx_word' id='word_1_443' title='bbox 1558 3484 1623 3536; x_wconf 88' lang='lat' dir='ltr'><strong>ad</strong></span> <span class='ocrx_word' id='word_1_444' title='bbox 1647 3498 1770 3538; x_wconf 91' lang='lat' dir='ltr'><strong>eum</strong></span> <span class='ocrx_word' id='word_1_445' title='bbox 1799 3503 1813 3537; x_wconf 88' lang='lat'><strong>:</strong></span> <span class='ocrx_word' id='word_1_446' title='bbox 1850 3482 2044 3535; x_wconf 81' lang='lat' dir='ltr'><strong>Vinum</strong></span> 
     </span>
    </p>
   </div>
   <div class='ocr_carea' id='block_1_59' title="bbox 446 3571 2042 3639">
    <p class='ocr_par' dir='ltr' id='par_1_59' title="bbox 446 3571 2042 3639">
     <span class='ocr_line' id='line_1_59' title="bbox 446 3571 2042 3639; baseline 0 -10"><span class='ocrx_word' id='word_1_447' title='bbox 446 3588 556 3629; x_wconf 87' lang='lat' dir='ltr'><strong>non</strong></span> <span class='ocrx_word' id='word_1_448' title='bbox 600 3574 824 3629; x_wconf 83' lang='lat' dir='ltr'><strong>habent.</strong></span> <span class='ocrx_word' id='word_1_449' title='bbox 864 3574 1004 3629; x_wconf 88' lang='lat' dir='ltr'><strong>Dicit</strong></span> <span class='ocrx_word' id='word_1_450' title='bbox 1032 3573 1080 3629; x_wconf 92' lang='lat' dir='ltr'><strong>ei</strong></span> <span class='ocrx_word' id='word_1_451' title='bbox 1128 3571 1289 3629; x_wconf 68' lang='lat' dir='ltr'><strong>Iesus</strong></span> <span class='ocrx_word' id='word_1_452' title='bbox 1314 3590 1331 3629; x_wconf 87' lang='lat'>:</span> <span class='ocrx_word' id='word_1_453' title='bbox 1359 3572 1499 3639; x_wconf 82' lang='lat' dir='ltr'><strong>Quid</strong></span> <span class='ocrx_word' id='word_1_454' title='bbox 1544 3573 1677 3628; x_wconf 80' lang='lat' dir='ltr'><strong>mihi</strong></span> <span class='ocrx_word' id='word_1_455' title='bbox 1709 3583 1766 3629; x_wconf 91' lang='lat' dir='ltr'><strong>et</strong></span> <span class='ocrx_word' id='word_1_456' title='bbox 1802 3574 1901 3629; x_wconf 81' lang='lat' dir='ltr'><strong>tibi</strong></span> <span class='ocrx_word' id='word_1_457' title='bbox 1940 3584 2042 3638; x_wconf 90' lang='lat' dir='ltr'><strong>est,</strong></span> 
     </span>
    </p>
   </div>
   <div class='ocr_carea' id='block_1_60' title="bbox 448 3663 2042 3722">
    <p class='ocr_par' dir='ltr' id='par_1_60' title="bbox 448 3663 2042 3722">
     <span class='ocr_line' id='line_1_60' title="bbox 448 3663 2042 3722; baseline -0.001 -1"><span class='ocrx_word' id='word_1_458' title='bbox 448 3667 690 3722; x_wconf 81' lang='lat' dir='ltr'><strong>mulier?</strong></span> <span class='ocrx_word' id='word_1_459' title='bbox 751 3666 1001 3721; x_wconf 89' lang='lat' dir='ltr'><strong>Nondum</strong></span> <span class='ocrx_word' id='word_1_460' title='bbox 1060 3667 1206 3721; x_wconf 83' lang='lat' dir='ltr'><strong>venit</strong></span> <span class='ocrx_word' id='word_1_461' title='bbox 1255 3666 1390 3721; x_wconf 87' lang='lat' dir='ltr'><strong>hora</strong></span> <span class='ocrx_word' id='word_1_462' title='bbox 1442 3679 1585 3721; x_wconf 88' lang='lat' dir='ltr'><strong>mea.</strong></span> <span class='ocrx_word' id='word_1_463' title='bbox 1633 3689 1653 3719; x_wconf 69' lang='grc' dir='ltr'><em>υ</em></span> <span class='ocrx_word' id='word_1_464' title='bbox 1717 3663 1929 3720; x_wconf 77' lang='lat' dir='ltr'><strong>Vocant</strong></span> <span class='ocrx_word' id='word_1_465' title='bbox 1974 3665 2042 3720; x_wconf 86' lang='lat' dir='ltr'><strong>ad</strong></span> 
     </span>
    </p>
   </div>
   <div class='ocr_carea' id='block_1_61' title="bbox 450 3758 2043 3831">
    <p class='ocr_par' dir='ltr' id='par_1_61' title="bbox 450 3758 2043 3831">
     <span class='ocr_line' id='line_1_61' title="bbox 450 3758 2043 3831; baseline -0.001 -16"><span class='ocrx_word' id='word_1_466' title='bbox 450 3761 667 3829; x_wconf 87' lang='lat' dir='ltr'><strong>nuptias</strong></span> <span class='ocrx_word' id='word_1_467' title='bbox 715 3759 1026 3824; x_wconf 89' lang='lat' dir='ltr'><strong>Dominum,</strong></span> <span class='ocrx_word' id='word_1_468' title='bbox 1061 3775 1166 3814; x_wconf 92' lang='lat' dir='ltr'><strong>non</strong></span> <span class='ocrx_word' id='word_1_469' title='bbox 1199 3761 1341 3831; x_wconf 91' lang='lat' dir='ltr'><strong>quod</strong></span> <span class='ocrx_word' id='word_1_470' title='bbox 1370 3760 1605 3815; x_wconf 83' lang='lat' dir='ltr'><strong>viderint</strong></span> <span class='ocrx_word' id='word_1_471' title='bbox 1641 3759 1926 3823; x_wconf 87' lang='lat' dir='ltr'><strong>miracula,</strong></span> <span class='ocrx_word' id='word_1_472' title='bbox 1957 3758 2043 3813; x_wconf 88' lang='lat' dir='ltr'><strong>vel</strong></span> 
     </span>
    </p>
   </div>
   <div class='ocr_carea' id='block_1_62' title="bbox 449 3848 2046 3924">
    <p class='ocr_par' dir='ltr' id='par_1_62' title="bbox 449 3848 2046 3924">
     <span class='ocr_line' id='line_1_62' title="bbox 449 3848 2046 3924; baseline 0.002 -24"><span class='ocrx_word' id='word_1_473' title='bbox 449 3848 595 3903; x_wconf 81' lang='lat' dir='ltr'><strong>aliud</strong></span> <span class='ocrx_word' id='word_1_474' title='bbox 634 3849 893 3917; x_wconf 83' lang='lat' dir='ltr'><strong>quiddam</strong></span> <span class='ocrx_word' id='word_1_475' title='bbox 940 3864 1193 3924; x_wconf 76' lang='lat' dir='ltr'><strong>magnum</strong></span> <span class='ocrx_word' id='word_1_476' title='bbox 1217 3867 1235 3904; x_wconf 70' lang='grc' dir='ltr'><strong>ε</strong></span> <span class='ocrx_word' id='word_1_477' title='bbox 1269 3850 1363 3905; x_wconf 85' lang='lat' dir='ltr'><strong>sed</strong></span> <span class='ocrx_word' id='word_1_478' title='bbox 1407 3850 1731 3919; x_wconf 82' lang='lat' dir='ltr'><strong>simpliciter</strong></span> <span class='ocrx_word' id='word_1_479' title='bbox 1762 3857 1961 3904; x_wconf 81' lang='lat' dir='ltr'><strong>vocant</strong></span> <span class='ocrx_word' id='word_1_480' title='bbox 1987 3858 2046 3903; x_wconf 84' lang='lat' dir='ltr'><strong>ut</strong></span> 
     </span>
    </p>
   </div>
   <div class='ocr_carea' id='block_1_63' title="bbox 450 3930 2043 4014">
    <p class='ocr_par' dir='ltr' id='par_1_63' title="bbox 450 3930 2043 4014">
     <span class='ocr_line' id='line_1_63' title="bbox 450 3930 2043 4014; baseline 0.001 -18"><span class='ocrx_word' id='word_1_481' title='bbox 450 3953 662 4007; x_wconf 86' lang='lat' dir='ltr'><strong>notum,</strong></span> <span class='ocrx_word' id='word_1_482' title='bbox 720 3944 867 3997; x_wconf 84' lang='lat' dir='ltr'><strong>unde</strong></span> <span class='ocrx_word' id='word_1_483' title='bbox 918 3942 1019 3997; x_wconf 87' lang='lat' dir='ltr'><strong>hoc</strong></span> <span class='ocrx_word' id='word_1_484' title='bbox 1077 3930 1393 4011; x_wconf 74' lang='lat' dir='ltr'><strong>signicans</strong></span> <span class='ocrx_word' id='word_1_485' title='bbox 1448 3942 1817 4014; x_wconf 85' lang='lat' dir='ltr'><strong>Evangelista,</strong></span> <span class='ocrx_word' id='word_1_486' title='bbox 1873 3943 2043 3998; x_wconf 89' lang='lat' dir='ltr'><strong>dicit:</strong></span> 
     </span>
    </p>
   </div>
   <div class='ocr_carea' id='block_1_64' title="bbox 453 4035 2042 4107">
    <p class='ocr_par' dir='ltr' id='par_1_64' title="bbox 453 4035 2042 4107">
     <span class='ocr_line' id='line_1_64' title="bbox 453 4035 2042 4107; baseline -0.001 -17"><span class='ocrx_word' id='word_1_487' title='bbox 453 4047 476 4090; x_wconf 78' lang='grc' dir='ltr'><strong>ι</strong></span> <span class='ocrx_word' id='word_1_488' title='bbox 511 4035 644 4091; x_wconf 80' lang='lat' dir='ltr'><strong>Erat</strong></span> <span class='ocrx_word' id='word_1_489' title='bbox 699 4044 878 4091; x_wconf 91' lang='lat' dir='ltr'><strong>autem</strong></span> <span class='ocrx_word' id='word_1_490' title='bbox 917 4045 1094 4091; x_wconf 87' lang='lat' dir='ltr'><strong>mater</strong></span> <span class='ocrx_word' id='word_1_491' title='bbox 1145 4035 1275 4091; x_wconf 79' lang='lat' dir='ltr'><strong>Jesu</strong></span> <span class='ocrx_word' id='word_1_492' title='bbox 1325 4043 1382 4091; x_wconf 85' lang='lat' dir='ltr'><strong>et</strong></span> <span class='ocrx_word' id='word_1_493' title='bbox 1432 4036 1634 4093; x_wconf 77' lang='lat' dir='ltr'><strong>fratres</strong></span> <span class='ocrx_word' id='word_1_494' title='bbox 1714 4035 1835 4107; x_wconf 90' lang='lat' dir='ltr'><strong>ejus</strong></span> <span class='ocrx_word' id='word_1_495' title='bbox 1884 4035 1980 4090; x_wconf 90' lang='lat' dir='ltr'><strong>ibi.</strong></span> <span class='ocrx_word' id='word_1_496' title='bbox 2022 4054 2042 4089; x_wconf 70' lang='grc' dir='ltr'><strong>ι</strong></span> 
     </span>
    </p>
   </div>
   <div class='ocr_carea' id='block_1_65' title="bbox 450 4122 2047 4196">
    <p class='ocr_par' dir='ltr' id='par_1_65' title="bbox 450 4122 2047 4196">
     <span class='ocr_line' id='line_1_65' title="bbox 450 4122 2047 4196; baseline 0.001 -15"><span class='ocrx_word' id='word_1_497' title='bbox 450 4130 621 4196; x_wconf 75' lang='lat' dir='ltr'><strong>igitur</strong></span> <span class='ocrx_word' id='word_1_498' title='bbox 652 4127 797 4183; x_wconf 86' lang='lat' dir='ltr'><strong>sicut</strong></span> <span class='ocrx_word' id='word_1_499' title='bbox 829 4125 976 4180; x_wconf 89' lang='lat' dir='ltr'><strong>illam</strong></span> <span class='ocrx_word' id='word_1_500' title='bbox 1007 4134 1064 4182; x_wconf 88' lang='lat' dir='ltr'><strong>et</strong></span> <span class='ocrx_word' id='word_1_501' title='bbox 1113 4125 1334 4194; x_wconf 80' lang='lat' dir='ltr'><strong>fratres,</strong></span> <span class='ocrx_word' id='word_1_502' title='bbox 1389 4127 1461 4181; x_wconf 90' lang='lat' dir='ltr'><strong>ita</strong></span> <span class='ocrx_word' id='word_1_503' title='bbox 1498 4137 1556 4183; x_wconf 86' lang='lat' dir='ltr'><strong>et</strong></span> <span class='ocrx_word' id='word_1_504' title='bbox 1595 4126 1783 4183; x_wconf 80' lang='lat' dir='ltr'><strong>lesum</strong></span> <span class='ocrx_word' id='word_1_505' title='bbox 1810 4122 2047 4182; x_wconf 88' lang='lat' dir='ltr'><strong>vocave-</strong></span> 
     </span>
    </p>
   </div>
   <div class='ocr_carea' id='block_1_66' title="bbox 454 4219 2039 4291">
    <p class='ocr_par' dir='ltr' id='par_1_66' title="bbox 454 4219 2039 4291">
     <span class='ocr_line' id='line_1_66' title="bbox 454 4219 2039 4291; baseline 0 -18"><span class='ocrx_word' id='word_1_506' title='bbox 454 4227 605 4275; x_wconf 83' lang='lat' dir='ltr'><strong>runt.</strong></span> <span class='ocrx_word' id='word_1_507' title='bbox 637 4219 808 4274; x_wconf 79' lang='lat' dir='ltr'><strong>All‘uit</strong></span> <span class='ocrx_word' id='word_1_508' title='bbox 830 4228 1010 4275; x_wconf 85' lang='lat' dir='ltr'><strong>autem</strong></span> <span class='ocrx_word' id='word_1_509' title='bbox 1043 4219 1178 4289; x_wconf 85' lang='lat' dir='ltr'><strong>ipse,</strong></span> <span class='ocrx_word' id='word_1_510' title='bbox 1212 4228 1265 4275; x_wconf 89' lang='lat' dir='ltr'><strong>et</strong></span> <span class='ocrx_word' id='word_1_511' title='bbox 1297 4220 1639 4277; x_wconf 85' lang='lat' dir='ltr'><strong>vocationem</strong></span> <span class='ocrx_word' id='word_1_512' title='bbox 1678 4236 1784 4274; x_wconf 92' lang='lat' dir='ltr'><strong>non</strong></span> <span class='ocrx_word' id='word_1_513' title='bbox 1817 4220 2039 4291; x_wconf 91' lang='lat' dir='ltr'><strong>repulit,</strong></span> 
     </span>
    </p>
   </div>
   <div class='ocr_carea' id='block_1_67' title="bbox 2750 2850 3135 2909">
    <p class='ocr_par' dir='ltr' id='par_1_67' title="bbox 2750 2850 3135 2909">
     <span class='ocr_line' id='line_1_67' title="bbox 2750 2850 3135 2909; baseline 0.01 -5"><span class='ocrx_word' id='word_1_514' title='bbox 2750 2850 3008 2907; x_wconf 79' lang='grc' dir='ltr'><strong>ΚΕΦΔΛ.</strong></span> <span class='ocrx_word' id='word_1_515' title='bbox 3058 2851 3135 2909; x_wconf 86' lang='grc' dir='ltr'><strong>Β’.</strong></span> 
     </span>
    </p>
   </div>
   <div class='ocr_carea' id='block_1_68' title="bbox 2148 2941 3756 3017">
    <p class='ocr_par' dir='ltr' id='par_1_68' title="bbox 2148 2941 3756 3017">
     <span class='ocr_line' id='line_1_68' title="bbox 2148 2941 3756 3017; baseline 0.003 -18"><span class='ocrx_word' id='word_1_516' title='bbox 2148 2943 2292 3013; x_wconf 80' lang='grc' dir='ltr'>Περὶ</span> <span class='ocrx_word' id='word_1_517' title='bbox 2322 2941 2432 3017; x_wconf 71' lang='grc' dir='ltr'><strong>τοῦ</strong></span> <span class='ocrx_word' id='word_1_518' title='bbox 2465 2942 2536 2997; x_wconf 74' lang='grc' dir='ltr'>ἐν</span> <span class='ocrx_word' id='word_1_519' title='bbox 2568 2942 2736 3017; x_wconf 77' lang='grc' dir='ltr'><strong>Κᾳνᾷ</strong></span> <span class='ocrx_word' id='word_1_520' title='bbox 2763 2944 2981 3014; x_wconf 80' lang='grc' dir='ltr'>γάμου.</span> <span class='ocrx_word' id='word_1_521' title='bbox 3005 2947 3146 3016; x_wconf 74' lang='grc' dir='ltr'>Περὶ</span> <span class='ocrx_word' id='word_1_522' title='bbox 3169 2945 3293 3001; x_wconf 81' lang='grc' dir='ltr'><strong>τῶν</strong></span> <span class='ocrx_word' id='word_1_523' title='bbox 3327 2948 3756 3017; x_wconf 67' lang='grc' dir='ltr'>ἐκϐληθέντων</span> 
     </span>
    </p>
   </div>
   <div class='ocr_carea' id='block_1_69' title="bbox 2223 3014 3756 3085">
    <p class='ocr_par' dir='ltr' id='par_1_69' title="bbox 2223 3014 3756 3085">
     <span class='ocr_line' id='line_1_69' title="bbox 2223 3014 3756 3085; baseline 0.007 -18"><span class='ocrx_word' id='word_1_524' title='bbox 2223 3017 2292 3068; x_wconf 71' lang='grc' dir='ltr'>ἐκ</span> <span class='ocrx_word' id='word_1_525' title='bbox 2316 3014 2425 3068; x_wconf 83' lang='grc' dir='ltr'><strong>τοῦ</strong></span> <span class='ocrx_word' id='word_1_526' title='bbox 2490 3016 2675 3084; x_wconf 72' lang='grc' dir='ltr'>ἱεροῦ.</span> <span class='ocrx_word' id='word_1_527' title='bbox 2747 3016 2894 3085; x_wconf 77' lang='grc' dir='ltr'>Περὶ</span> <span class='ocrx_word' id='word_1_528' title='bbox 2948 3014 3095 3082; x_wconf 70' lang='grc' dir='ltr'>τοῦ,</span> <span class='ocrx_word' id='word_1_529' title='bbox 3134 3021 3377 3073; x_wconf 81' lang='grc' dir='ltr'>Λύσατε</span> <span class='ocrx_word' id='word_1_530' title='bbox 3438 3014 3554 3075; x_wconf 62' lang='grc' dir='ltr'><strong>τῶν</strong></span> <span class='ocrx_word' id='word_1_531' title='bbox 3600 3024 3756 3076; x_wconf 66' lang='grc' dir='ltr'>ναὸν·</span> 
     </span>
    </p>
   </div>
   <div class='ocr_carea' id='block_1_70' title="bbox 2066 3080 2462 3141">
    <p class='ocr_par' dir='ltr' id='par_1_70' title="bbox 2066 3080 2462 3141">
     <span class='ocr_line' id='line_1_70' title="bbox 2066 3080 2462 3141; baseline -0.003 0"><span class='ocrx_word' id='word_1_532' title='bbox 2066 3080 2111 3141; x_wconf 87' lang='lat' dir='ltr'><strong>C</strong></span> <span class='ocrx_word' id='word_1_533' title='bbox 2212 3085 2462 3141; x_wconf 79' lang='grc' dir='ltr'>τοῦτον.</span> 
     </span>
    </p>
   </div>
   <div class='ocr_carea' id='block_1_71' title="bbox 2221 3199 3753 3278">
    <p class='ocr_par' dir='ltr' id='par_1_71' title="bbox 2221 3199 3753 3278">
     <span class='ocr_line' id='line_1_71' title="bbox 2221 3199 3753 3278; baseline 0.01 -28"><span class='ocrx_word' id='word_1_534' title='bbox 2221 3216 2241 3250; x_wconf 82' lang='grc' dir='ltr'><strong>ι</strong></span> <span class='ocrx_word' id='word_1_535' title='bbox 2284 3199 2396 3253; x_wconf 79' lang='grc' dir='ltr'><strong>Καὶ</strong></span> <span class='ocrx_word' id='word_1_536' title='bbox 2420 3201 2488 3271; x_wconf 79' lang='grc' dir='ltr'><strong>τῇ</strong></span> <span class='ocrx_word' id='word_1_537' title='bbox 2522 3200 2710 3273; x_wconf 78' lang='grc' dir='ltr'>ἡμέρᾳ</span> <span class='ocrx_word' id='word_1_538' title='bbox 2746 3204 2814 3275; x_wconf 81' lang='grc' dir='ltr'><strong>τῇ</strong></span> <span class='ocrx_word' id='word_1_539' title='bbox 2851 3203 3013 3278; x_wconf 81' lang='grc' dir='ltr'>τρίτῃ</span> <span class='ocrx_word' id='word_1_540' title='bbox 3060 3205 3240 3277; x_wconf 80' lang='grc' dir='ltr'>γάμος</span> <span class='ocrx_word' id='word_1_541' title='bbox 3272 3206 3495 3277; x_wconf 74' lang='grc' dir='ltr'>ἐγένετο</span> <span class='ocrx_word' id='word_1_542' title='bbox 3528 3208 3591 3261; x_wconf 80' lang='grc' dir='ltr'>ἐν</span> <span class='ocrx_word' id='word_1_543' title='bbox 3631 3211 3753 3265; x_wconf 77' lang='grc' dir='ltr'><strong>Κα-</strong></span> 
     </span>
    </p>
   </div>
   <div class='ocr_carea' id='block_1_72' title="bbox 2143 3292 3751 3374">
    <p class='ocr_par' dir='ltr' id='par_1_72' title="bbox 2143 3292 3751 3374">
     <span class='ocr_line' id='line_1_72' title="bbox 2143 3292 3751 3374; baseline 0.009 -31"><span class='ocrx_word' id='word_1_544' title='bbox 2143 3293 2212 3363; x_wconf 80' lang='grc' dir='ltr'>νᾷ</span> <span class='ocrx_word' id='word_1_545' title='bbox 2234 3293 2331 3363; x_wconf 78' lang='grc' dir='ltr'>τῆς</span> <span class='ocrx_word' id='word_1_546' title='bbox 2363 3292 2680 3360; x_wconf 76' lang='grc' dir='ltr'>Γαλιλαίας,</span> <span class='ocrx_word' id='word_1_547' title='bbox 2714 3293 2904 3368; x_wconf 77' lang='grc' dir='ltr'>καὶῆν</span> <span class='ocrx_word' id='word_1_548' title='bbox 2934 3299 2967 3369; x_wconf 86' lang='grc' dir='ltr'><strong>ή</strong></span> <span class='ocrx_word' id='word_1_549' title='bbox 3016 3301 3203 3371; x_wconf 92' lang='grc' dir='ltr'>μήτηρ</span> <span class='ocrx_word' id='word_1_550' title='bbox 3235 3301 3331 3354; x_wconf 86' lang='grc' dir='ltr'><strong>τοῦ</strong></span> <span class='ocrx_word' id='word_1_551' title='bbox 3395 3301 3579 3374; x_wconf 81' lang='grc' dir='ltr'>Ἰησοῦ</span> <span class='ocrx_word' id='word_1_552' title='bbox 3610 3305 3751 3358; x_wconf 74' lang='grc' dir='ltr'>ἐκεῖ.</span> 
     </span>
    </p>
   </div>
   <div class='ocr_carea' id='block_1_73' title="bbox 2157 3384 3754 3465">
    <p class='ocr_par' dir='ltr' id='par_1_73' title="bbox 2157 3384 3754 3465">
     <span class='ocr_line' id='line_1_73' title="bbox 2157 3384 3754 3465; baseline 0.006 -28"><span class='ocrx_word' id='word_1_553' title='bbox 2157 3384 2396 3456; x_wconf 81' lang='grc' dir='ltr'>Ἐκλήθη</span> <span class='ocrx_word' id='word_1_554' title='bbox 2443 3385 2503 3439; x_wconf 82' lang='grc' dir='ltr'><strong>δὲ</strong></span> <span class='ocrx_word' id='word_1_555' title='bbox 2549 3387 2645 3441; x_wconf 56' lang='grc' dir='ltr'><strong>καί⁵</strong></span> <span class='ocrx_word' id='word_1_556' title='bbox 2704 3389 2734 3441; x_wconf 97' lang='lat'><strong>6</strong></span> <span class='ocrx_word' id='word_1_557' title='bbox 2784 3389 3016 3461; x_wconf 85' lang='grc' dir='ltr'>Ἰησοῦς,</span> <span class='ocrx_word' id='word_1_558' title='bbox 3051 3392 3149 3445; x_wconf 77' lang='grc' dir='ltr'>καὶ</span> <span class='ocrx_word' id='word_1_559' title='bbox 3203 3394 3255 3446; x_wconf 79' lang='lat' dir='ltr'><strong>oi</strong></span> <span class='ocrx_word' id='word_1_560' title='bbox 3298 3394 3554 3465; x_wconf 76' lang='grc' dir='ltr'>μαθηταὶ</span> <span class='ocrx_word' id='word_1_561' title='bbox 3582 3396 3754 3451; x_wconf 79' lang='grc' dir='ltr'>αὐτοῦ</span> 
     </span>
    </p>
   </div>
   <div class='ocr_carea' id='block_1_74' title="bbox 2146 3477 3757 3557">
    <p class='ocr_par' dir='ltr' id='par_1_74' title="bbox 2146 3477 3757 3557">
     <span class='ocr_line' id='line_1_74' title="bbox 2146 3477 3757 3557; baseline 0.009 -29"><span class='ocrx_word' id='word_1_562' title='bbox 2146 3477 2229 3541; x_wconf 79' lang='grc' dir='ltr'><strong>είς</strong></span> <span class='ocrx_word' id='word_1_563' title='bbox 2281 3478 2377 3530; x_wconf 76' lang='grc' dir='ltr'>τὸν</span> <span class='ocrx_word' id='word_1_564' title='bbox 2422 3478 2623 3548; x_wconf 85' lang='grc' dir='ltr'>γάμον.</span> <span class='ocrx_word' id='word_1_565' title='bbox 2675 3480 2787 3533; x_wconf 77' lang='grc' dir='ltr'><strong>Καὶ</strong></span> <span class='ocrx_word' id='word_1_566' title='bbox 2833 3482 3239 3553; x_wconf 81' lang='grc' dir='ltr'>ὑστερήσαντος</span> <span class='ocrx_word' id='word_1_567' title='bbox 3296 3485 3468 3552; x_wconf 85' lang='grc' dir='ltr'>οίνου,</span> <span class='ocrx_word' id='word_1_568' title='bbox 3532 3488 3692 3557; x_wconf 82' lang='grc' dir='ltr'>λέγει</span> <span class='ocrx_word' id='word_1_569' title='bbox 3724 3492 3757 3557; x_wconf 85' lang='grc' dir='ltr'><strong>ή</strong></span> 
     </span>
    </p>
   </div>
   <div class='ocr_carea' id='block_1_75' title="bbox 2149 3568 3753 3650">
    <p class='ocr_par' dir='ltr' id='par_1_75' title="bbox 2149 3568 3753 3650">
     <span class='ocr_line' id='line_1_75' title="bbox 2149 3568 3753 3650; baseline 0.009 -30"><span class='ocrx_word' id='word_1_570' title='bbox 2149 3568 2336 3639; x_wconf 83' lang='grc' dir='ltr'>μήτηρ</span> <span class='ocrx_word' id='word_1_571' title='bbox 2379 3568 2475 3621; x_wconf 87' lang='grc' dir='ltr'><strong>τοῦ</strong></span> <span class='ocrx_word' id='word_1_572' title='bbox 2518 3568 2700 3641; x_wconf 80' lang='grc' dir='ltr'>Ἰησοῦ</span> <span class='ocrx_word' id='word_1_573' title='bbox 2754 3572 2895 3643; x_wconf 79' lang='grc' dir='ltr'>πρὸς</span> <span class='ocrx_word' id='word_1_574' title='bbox 2943 3574 3141 3627; x_wconf 73' lang='grc' dir='ltr'>αὐτόν’</span> <span class='ocrx_word' id='word_1_575' title='bbox 3189 3570 3349 3629; x_wconf 78' lang='grc' dir='ltr'>Οἶνον</span> <span class='ocrx_word' id='word_1_576' title='bbox 3386 3577 3488 3631; x_wconf 84' lang='grc' dir='ltr'>οὐκ</span> <span class='ocrx_word' id='word_1_577' title='bbox 3540 3578 3753 3650; x_wconf 76' lang='grc' dir='ltr'>ἔχουσι.</span> 
     </span>
    </p>
   </div>
   <div class='ocr_carea' id='block_1_76' title="bbox 2145 3660 3756 3738">
    <p class='ocr_par' dir='ltr' id='par_1_76' title="bbox 2145 3660 3756 3738">
     <span class='ocr_line' id='line_1_76' title="bbox 2145 3660 3756 3738; baseline 0.007 -24"><span class='ocrx_word' id='word_1_578' title='bbox 2145 3660 2313 3729; x_wconf 81' lang='grc' dir='ltr'>Λέγει</span> <span class='ocrx_word' id='word_1_579' title='bbox 2359 3663 2497 3733; x_wconf 78' lang='grc' dir='ltr'>αὐτῇ</span> <span class='ocrx_word' id='word_1_580' title='bbox 2552 3663 2581 3715; x_wconf 89' lang='lat'><strong>6</strong></span> <span class='ocrx_word' id='word_1_581' title='bbox 2648 3662 2881 3734; x_wconf 87' lang='grc' dir='ltr'>Ἰησοῦς·</span> <span class='ocrx_word' id='word_1_582' title='bbox 2943 3663 3008 3717; x_wconf 89' lang='grc' dir='ltr'>Τί</span> <span class='ocrx_word' id='word_1_583' title='bbox 3044 3667 3169 3736; x_wconf 73' lang='grc' dir='ltr'>ἐμοὶ</span> <span class='ocrx_word' id='word_1_584' title='bbox 3215 3667 3310 3720; x_wconf 83' lang='grc' dir='ltr'>καὶ</span> <span class='ocrx_word' id='word_1_585' title='bbox 3378 3671 3484 3732; x_wconf 73' lang='grc' dir='ltr'>σοὶ,</span> <span class='ocrx_word' id='word_1_586' title='bbox 3540 3672 3756 3738; x_wconf 76' lang='grc' dir='ltr'>γύναις</span> 
     </span>
    </p>
   </div>
   <div class='ocr_carea' id='block_1_77' title="bbox 2145 3754 3760 3837">
    <p class='ocr_par' dir='ltr' id='par_1_77' title="bbox 2145 3754 3760 3837">
     <span class='ocr_line' id='line_1_77' title="bbox 2145 3754 3760 3837; baseline 0.006 -27"><span class='ocrx_word' id='word_1_587' title='bbox 2145 3754 2315 3810; x_wconf 76' lang='grc' dir='ltr'><strong>Οὔπω</strong></span> <span class='ocrx_word' id='word_1_588' title='bbox 2344 3756 2473 3827; x_wconf 83' lang='grc' dir='ltr'>ἥκει</span> <span class='ocrx_word' id='word_1_589' title='bbox 2505 3757 2539 3826; x_wconf 81' lang='grc' dir='ltr'>ἡ</span> <span class='ocrx_word' id='word_1_590' title='bbox 2582 3756 2703 3829; x_wconf 85' lang='grc' dir='ltr'>ὥρα</span> <span class='ocrx_word' id='word_1_591' title='bbox 2740 3774 2869 3829; x_wconf 86' lang='grc' dir='ltr'>μου.</span> <span class='ocrx_word' id='word_1_592' title='bbox 2912 3778 2932 3811; x_wconf 73' lang='grc' dir='ltr'><strong>ι</strong></span> <span class='ocrx_word' id='word_1_593' title='bbox 2973 3760 3251 3814; x_wconf 85' lang='grc' dir='ltr'>Καλοῦσιν</span> <span class='ocrx_word' id='word_1_594' title='bbox 3284 3763 3367 3825; x_wconf 84' lang='grc' dir='ltr'><strong>είς</strong></span> <span class='ocrx_word' id='word_1_595' title='bbox 3417 3762 3512 3816; x_wconf 81' lang='grc' dir='ltr'>τὸν</span> <span class='ocrx_word' id='word_1_596' title='bbox 3576 3768 3760 3837; x_wconf 81' lang='grc' dir='ltr'>γάμον</span> 
     </span>
    </p>
   </div>
   <div class='ocr_carea' id='block_1_78' title="bbox 2146 3846 3763 3927">
    <p class='ocr_par' dir='ltr' id='par_1_78' title="bbox 2146 3846 3763 3927">
     <span class='ocr_line' id='line_1_78' title="bbox 2146 3846 3763 3927; baseline 0.004 -28"><span class='ocrx_word' id='word_1_597' title='bbox 2146 3847 2238 3899; x_wconf 84' lang='grc' dir='ltr'>τὸν</span> <span class='ocrx_word' id='word_1_598' title='bbox 2269 3846 2501 3917; x_wconf 82' lang='grc' dir='ltr'>Κύριον,</span> <span class='ocrx_word' id='word_1_599' title='bbox 2537 3846 2637 3917; x_wconf 81' lang='grc' dir='ltr'><strong>οὐχ</strong></span> <span class='ocrx_word' id='word_1_600' title='bbox 2672 3846 2749 3911; x_wconf 82' lang='grc' dir='ltr'><strong>ὡς</strong></span> <span class='ocrx_word' id='word_1_601' title='bbox 2789 3847 3048 3919; x_wconf 80' lang='grc' dir='ltr'>θαύματα</span> <span class='ocrx_word' id='word_1_602' title='bbox 3082 3849 3286 3913; x_wconf 71' lang='grc' dir='ltr'>ἰδόντες</span> <span class='ocrx_word' id='word_1_603' title='bbox 3312 3892 3326 3916; x_wconf 91' lang='grc'><strong>,</strong></span> <span class='ocrx_word' id='word_1_604' title='bbox 3380 3852 3494 3905; x_wconf 78' lang='grc' dir='ltr'>οὐδ’</span> <span class='ocrx_word' id='word_1_605' title='bbox 3522 3854 3606 3918; x_wconf 78' lang='grc' dir='ltr'><strong>ὡς</strong></span> <span class='ocrx_word' id='word_1_606' title='bbox 3663 3859 3763 3927; x_wconf 65' lang='grc' dir='ltr'><strong>μὲ.</strong></span> 
     </span>
    </p>
   </div>
   <div class='ocr_carea' id='block_1_79' title="bbox 2146 3940 3762 4015">
    <p class='ocr_par' dir='ltr' id='par_1_79' title="bbox 2146 3940 3762 4015">
     <span class='ocr_line' id='line_1_79' title="bbox 2146 3940 3762 4015; baseline 0.007 -24"><span class='ocrx_word' id='word_1_607' title='bbox 2146 3954 2253 4006; x_wconf 85' lang='grc' dir='ltr'><strong>γαν</strong></span> <span class='ocrx_word' id='word_1_608' title='bbox 2278 3940 2420 4001; x_wconf 83' lang='grc' dir='ltr'>τινὰ,</span> <span class='ocrx_word' id='word_1_609' title='bbox 2461 3940 2576 3993; x_wconf 81' lang='grc' dir='ltr'>ἀλλ’</span> <span class='ocrx_word' id='word_1_610' title='bbox 2602 3940 2790 4004; x_wconf 78' lang='grc' dir='ltr'>άπλως</span> <span class='ocrx_word' id='word_1_611' title='bbox 2814 3943 2911 3995; x_wconf 75' lang='grc' dir='ltr'>καὶ</span> <span class='ocrx_word' id='word_1_612' title='bbox 2944 3942 3020 4003; x_wconf 80' lang='grc' dir='ltr'>ὡς</span> <span class='ocrx_word' id='word_1_613' title='bbox 3087 3942 3400 4015; x_wconf 81' lang='grc' dir='ltr'>γνώριμον,</span> <span class='ocrx_word' id='word_1_614' title='bbox 3439 3943 3570 3999; x_wconf 75' lang='grc' dir='ltr'>ὅθεν</span> <span class='ocrx_word' id='word_1_615' title='bbox 3597 3948 3762 4002; x_wconf 85' lang='grc' dir='ltr'>τοῦτο</span> 
     </span>
    </p>
   </div>
   <div class='ocr_carea' id='block_1_80' title="bbox 2152 4030 3762 4110">
    <p class='ocr_par' dir='ltr' id='par_1_80' title="bbox 2152 4030 3762 4110">
     <span class='ocr_line' id='line_1_80' title="bbox 2152 4030 3762 4110; baseline 0.007 -30"><span class='ocrx_word' id='word_1_616' title='bbox 2152 4030 2439 4100; x_wconf 87' lang='grc' dir='ltr'>σημαίνων</span> <span class='ocrx_word' id='word_1_617' title='bbox 2471 4033 2500 4083; x_wconf 90' lang='lat'><strong>6</strong></span> <span class='ocrx_word' id='word_1_618' title='bbox 2523 4031 2944 4101; x_wconf 82' lang='grc' dir='ltr'>εὐαγγελιστὴς,</span> <span class='ocrx_word' id='word_1_619' title='bbox 2972 4034 3136 4102; x_wconf 83' lang='grc' dir='ltr'>φησίν</span> <span class='ocrx_word' id='word_1_620' title='bbox 3163 4051 3178 4065; x_wconf 76' lang='grc' dir='ltr'><strong>ο</strong></span> <span class='ocrx_word' id='word_1_621' title='bbox 3218 4054 3237 4085; x_wconf 84' lang='grc' dir='ltr'><strong>ι</strong></span> <span class='ocrx_word' id='word_1_622' title='bbox 3274 4030 3383 4089; x_wconf 84' lang='grc' dir='ltr'>Ἦν</span> <span class='ocrx_word' id='word_1_623' title='bbox 3408 4036 3467 4089; x_wconf 80' lang='grc' dir='ltr'><strong>δὲ</strong></span> <span class='ocrx_word' id='word_1_624' title='bbox 3498 4039 3534 4108; x_wconf 84' lang='grc' dir='ltr'><strong>ή</strong></span> <span class='ocrx_word' id='word_1_625' title='bbox 3569 4039 3762 4110; x_wconf 69' lang='grc' dir='ltr'>μήτηρ</span> 
     </span>
    </p>
   </div>
   <div class='ocr_carea' id='block_1_81' title="bbox 2151 4122 3759 4199">
    <p class='ocr_par' dir='ltr' id='par_1_81' title="bbox 2151 4122 3759 4199">
     <span class='ocr_line' id='line_1_81' title="bbox 2151 4122 3759 4199; baseline 0.007 -26"><span class='ocrx_word' id='word_1_626' title='bbox 2151 4122 2247 4175; x_wconf 90' lang='grc' dir='ltr'><strong>τοῦ</strong></span> <span class='ocrx_word' id='word_1_627' title='bbox 2296 4122 2475 4193; x_wconf 82' lang='grc' dir='ltr'>Ἰησοῦ</span> <span class='ocrx_word' id='word_1_628' title='bbox 2514 4124 2609 4178; x_wconf 80' lang='grc' dir='ltr'>καὶ</span> <span class='ocrx_word' id='word_1_629' title='bbox 2634 4125 2682 4177; x_wconf 90' lang='grc' dir='ltr'><strong>οί</strong></span> <span class='ocrx_word' id='word_1_630' title='bbox 2708 4123 2931 4193; x_wconf 81' lang='grc' dir='ltr'>ἀδελφοὶ</span> <span class='ocrx_word' id='word_1_631' title='bbox 2964 4127 3130 4179; x_wconf 85' lang='grc' dir='ltr'>αὑτοῦ</span> <span class='ocrx_word' id='word_1_632' title='bbox 3157 4128 3294 4180; x_wconf 74' lang='grc' dir='ltr'>ἐκεῖ.</span> <span class='ocrx_word' id='word_1_633' title='bbox 3340 4146 3359 4179; x_wconf 73' lang='grc' dir='ltr'><strong>ι</strong></span> <span class='ocrx_word' id='word_1_634' title='bbox 3394 4127 3620 4199; x_wconf 78' lang='grc' dir='ltr'>Ὠσπερ</span> <span class='ocrx_word' id='word_1_635' title='bbox 3663 4130 3759 4184; x_wconf 71' lang='grc' dir='ltr'>οὖν</span> 
     </span>
    </p>
   </div>
   <div class='ocr_carea' id='block_1_82' title="bbox 2149 4215 3759 4293">
    <p class='ocr_par' dir='ltr' id='par_1_82' title="bbox 2149 4215 3759 4293">
     <span class='ocr_line' id='line_1_82' title="bbox 2149 4215 3759 4293; baseline 0.005 -25"><span class='ocrx_word' id='word_1_636' title='bbox 2149 4215 2371 4286; x_wconf 77' lang='grc' dir='ltr'>ἐκείνην</span> <span class='ocrx_word' id='word_1_637' title='bbox 2420 4217 2516 4270; x_wconf 76' lang='grc' dir='ltr'>καὶ</span> <span class='ocrx_word' id='word_1_638' title='bbox 2564 4218 2693 4281; x_wconf 78' lang='grc' dir='ltr'>τοὺς</span> <span class='ocrx_word' id='word_1_639' title='bbox 2731 4218 3023 4287; x_wconf 82' lang='grc' dir='ltr'>ἀδελφοὺς,</span> <span class='ocrx_word' id='word_1_640' title='bbox 3056 4218 3201 4274; x_wconf 75' lang='grc' dir='ltr'>οὕτω</span> <span class='ocrx_word' id='word_1_641' title='bbox 3231 4222 3329 4275; x_wconf 76' lang='grc' dir='ltr'>καὶ</span> <span class='ocrx_word' id='word_1_642' title='bbox 3380 4223 3477 4275; x_wconf 71' lang='grc' dir='ltr'><strong>τὸν</strong></span> <span class='ocrx_word' id='word_1_643' title='bbox 3543 4224 3759 4293; x_wconf 81' lang='grc' dir='ltr'>Κύριον</span> 
     </span>
    </p>
   </div>
   <div class='ocr_carea' id='block_1_83' title="bbox 452 4309 2036 4384">
    <p class='ocr_par' dir='ltr' id='par_1_83' title="bbox 452 4314 2036 4384">
     <span class='ocr_line' id='line_1_83' title="bbox 452 4314 2036 4384; baseline 0.001 -17"><span class='ocrx_word' id='word_1_644' title='bbox 452 4314 580 4377; x_wconf 86' lang='lat' dir='ltr'><strong>quia</strong></span> <span class='ocrx_word' id='word_1_645' title='bbox 632 4328 741 4367; x_wconf 90' lang='lat' dir='ltr'><strong>non</strong></span> <span class='ocrx_word' id='word_1_646' title='bbox 798 4314 1040 4382; x_wconf 83' lang='lat' dir='ltr'><strong>respexit</strong></span> <span class='ocrx_word' id='word_1_647' title='bbox 1097 4316 1164 4366; x_wconf 90' lang='lat' dir='ltr'><strong>ad</strong></span> <span class='ocrx_word' id='word_1_648' title='bbox 1220 4328 1373 4367; x_wconf 90' lang='lat' dir='ltr'><strong>suam</strong></span> <span class='ocrx_word' id='word_1_649' title='bbox 1432 4314 1773 4384; x_wconf 89' lang='lat' dir='ltr'><strong>dignitatem.</strong></span> <span class='ocrx_word' id='word_1_650' title='bbox 1825 4316 1919 4370; x_wconf 89' lang='lat' dir='ltr'><strong>sed</strong></span> <span class='ocrx_word' id='word_1_651' title='bbox 1977 4316 2036 4368; x_wconf 79' lang='lat' dir='ltr'><strong>ad</strong></span> 
     </span>
    </p>
   </div>
   <div class='ocr_carea' id='block_1_84' title="bbox 2146 4309 3762 4384">
    <p class='ocr_par' dir='ltr' id='par_1_84' title="bbox 2150 4309 3762 4383">
     <span class='ocr_line' id='line_1_84' title="bbox 2150 4309 3762 4383; baseline 0.006 -22"><span class='ocrx_word' id='word_1_652' title='bbox 2150 4309 2441 4364; x_wconf 76' lang='grc' dir='ltr'>ἐκάλεσαν.</span> <span class='ocrx_word' id='word_1_653' title='bbox 2491 4309 2549 4364; x_wconf 84' lang='lat'><strong>&#39;0</strong></span> <span class='ocrx_word' id='word_1_654' title='bbox 2579 4310 2636 4364; x_wconf 81' lang='grc' dir='ltr'>δὲ</span> <span class='ocrx_word' id='word_1_655' title='bbox 2663 4311 2868 4381; x_wconf 79' lang='grc' dir='ltr'>Κύριος</span> <span class='ocrx_word' id='word_1_656' title='bbox 2909 4314 3299 4383; x_wconf 85' lang='grc' dir='ltr'>παραγίνεται,</span> <span class='ocrx_word' id='word_1_657' title='bbox 3336 4316 3433 4369; x_wconf 75' lang='grc' dir='ltr'>καὶ</span> <span class='ocrx_word' id='word_1_658' title='bbox 3469 4317 3577 4370; x_wconf 83' lang='grc' dir='ltr'>οὐκ</span> <span class='ocrx_word' id='word_1_659' title='bbox 3613 4319 3762 4371; x_wconf 83' lang='grc' dir='ltr'>άπα-</span> 
     </span>
    </p>
   </div>
   <div class='ocr_carea' id='block_1_85' title="bbox 452 4401 2036 4510">
    <p class='ocr_par' dir='ltr' id='par_1_85' title="bbox 452 4404 2036 4477">
     <span class='ocr_line' id='line_1_85' title="bbox 452 4404 2036 4477; baseline 0.003 -20"><span class='ocrx_word' id='word_1_660' title='bbox 452 4405 741 4459; x_wconf 85' lang='lat' dir='ltr'><strong>utilitatem</strong></span> <span class='ocrx_word' id='word_1_661' title='bbox 770 4412 826 4459; x_wconf 92' lang='lat' dir='ltr'><strong>et</strong></span> <span class='ocrx_word' id='word_1_662' title='bbox 873 4404 1138 4460; x_wconf 78' lang='lat' dir='ltr'><strong>beneﬁcia</strong></span> <span class='ocrx_word' id='word_1_663' title='bbox 1179 4412 1389 4459; x_wconf 90' lang='lat' dir='ltr'><strong>nostra.</strong></span> <span class='ocrx_word' id='word_1_664' title='bbox 1422 4405 1559 4461; x_wconf 90' lang='lat' dir='ltr'><strong>Nam</strong></span> <span class='ocrx_word' id='word_1_665' title='bbox 1599 4407 1691 4477; x_wconf 90' lang='lat' dir='ltr'><strong>qui</strong></span> <span class='ocrx_word' id='word_1_666' title='bbox 1742 4422 1847 4460; x_wconf 92' lang='lat' dir='ltr'><strong>non</strong></span> <span class='ocrx_word' id='word_1_667' title='bbox 1889 4407 2036 4462; x_wconf 88' lang='lat' dir='ltr'><strong>dedi-</strong></span> 
     </span>
    </p>
   </div>
   <div class='ocr_carea' id='block_1_86' title="bbox 2146 4401 3759 4510">
    <p class='ocr_par' dir='ltr' id='par_1_86' title="bbox 2154 4401 3759 4484">
     <span class='ocr_line' id='line_1_86' title="bbox 2154 4401 3759 4484; baseline 0.006 -29"><span class='ocrx_word' id='word_1_668' title='bbox 2154 4401 2257 4466; x_wconf 83' lang='grc' dir='ltr'>ξιοῖ</span> <span class='ocrx_word' id='word_1_669' title='bbox 2308 4403 2409 4474; x_wconf 81' lang='grc' dir='ltr'>τὴν</span> <span class='ocrx_word' id='word_1_670' title='bbox 2440 4404 2660 4474; x_wconf 80' lang='grc' dir='ltr'>κλῆσιν,</span> <span class='ocrx_word' id='word_1_671' title='bbox 2684 4406 2767 4458; x_wconf 82' lang='grc' dir='ltr'>ὅτι</span> <span class='ocrx_word' id='word_1_672' title='bbox 2794 4406 2869 4477; x_wconf 82' lang='grc' dir='ltr'>μὴ</span> <span class='ocrx_word' id='word_1_673' title='bbox 2894 4409 2977 4471; x_wconf 88' lang='grc' dir='ltr'><strong>είς</strong></span> <span class='ocrx_word' id='word_1_674' title='bbox 3020 4410 3118 4477; x_wconf 83' lang='grc' dir='ltr'>τὴν</span> <span class='ocrx_word' id='word_1_675' title='bbox 3144 4409 3355 4463; x_wconf 77' lang='grc' dir='ltr'>οἰκείαν</span> <span class='ocrx_word' id='word_1_676' title='bbox 3382 4408 3547 4475; x_wconf 85' lang='grc' dir='ltr'>ἀξίαν</span> <span class='ocrx_word' id='word_1_677' title='bbox 3585 4414 3759 4484; x_wconf 81' lang='grc' dir='ltr'>ἐώρα,</span> 
     </span>
    </p>
   </div>
   <div class='ocr_carea' id='block_1_87' title="bbox 451 4496 2036 4575">
    <p class='ocr_par' dir='ltr' id='par_1_87' title="bbox 451 4496 2036 4569">
     <span class='ocr_line' id='line_1_87' title="bbox 451 4496 2036 4569; baseline 0 -18"><span class='ocrx_word' id='word_1_678' title='bbox 451 4510 649 4569; x_wconf 84' lang='lat' dir='ltr'><strong>gnatus</strong></span> <span class='ocrx_word' id='word_1_679' title='bbox 690 4497 852 4569; x_wconf 71' lang='lat'><strong>532</strong></span> <span class='ocrx_word' id='word_1_680' title='bbox 902 4508 986 4553; x_wconf 87' lang='lat' dir='ltr'><strong>est</strong></span> <span class='ocrx_word' id='word_1_681' title='bbox 1043 4496 1159 4552; x_wconf 80' lang='lat' dir='ltr'><strong>ﬁeri</strong></span> <span class='ocrx_word' id='word_1_682' title='bbox 1219 4512 1410 4553; x_wconf 86' lang='lat' dir='ltr'><strong>servus</strong></span> <span class='ocrx_word' id='word_1_683' title='bbox 1437 4538 1455 4563; x_wconf 85' lang='lat'><strong>,</strong></span> <span class='ocrx_word' id='word_1_684' title='bbox 1497 4498 1670 4553; x_wconf 91' lang='lat' dir='ltr'><strong>multo</strong></span> <span class='ocrx_word' id='word_1_685' title='bbox 1710 4500 1882 4567; x_wconf 89' lang='lat' dir='ltr'><strong>magis</strong></span> <span class='ocrx_word' id='word_1_686' title='bbox 1939 4514 2036 4552; x_wconf 85' lang='lat' dir='ltr'><strong>non</strong></span> 
     </span>
    </p>
   </div>
   <div class='ocr_carea' id='block_1_88' title="bbox 2146 4496 3762 4575">
    <p class='ocr_par' dir='ltr' id='par_1_88' title="bbox 2154 4496 3762 4575">
     <span class='ocr_line' id='line_1_88' title="bbox 2154 4496 3762 4575; baseline 0.007 -28"><span class='ocrx_word' id='word_1_687' title='bbox 2154 4496 2291 4550; x_wconf 83' lang='grc' dir='ltr'>ἀλλά</span> <span class='ocrx_word' id='word_1_688' title='bbox 2326 4496 2464 4566; x_wconf 79' lang='grc' dir='ltr'>πρὸς</span> <span class='ocrx_word' id='word_1_689' title='bbox 2497 4499 2598 4569; x_wconf 82' lang='grc' dir='ltr'><strong>τὴν</strong></span> <span class='ocrx_word' id='word_1_690' title='bbox 2636 4498 2912 4567; x_wconf 79' lang='grc' dir='ltr'>ὠφέλειαν</span> <span class='ocrx_word' id='word_1_691' title='bbox 2949 4500 3043 4554; x_wconf 77' lang='grc' dir='ltr'>καὶ</span> <span class='ocrx_word' id='word_1_692' title='bbox 3083 4502 3409 4575; x_wconf 79' lang='grc' dir='ltr'>εὐεργεσίαν</span> <span class='ocrx_word' id='word_1_693' title='bbox 3444 4504 3632 4575; x_wconf 82' lang='grc' dir='ltr'>ήμῶν.</span> <span class='ocrx_word' id='word_1_694' title='bbox 3702 4506 3762 4557; x_wconf 86' lang='grc'><strong>’0</strong></span> 
     </span>
    </p>
   </div>
   <div class='ocr_carea' id='block_1_89' title="bbox 452 4588 2036 4669">
    <p class='ocr_par' dir='ltr' id='par_1_89' title="bbox 452 4588 2036 4662">
     <span class='ocr_line' id='line_1_89' title="bbox 452 4588 2036 4662; baseline -0.001 -17"><span class='ocrx_word' id='word_1_695' title='bbox 452 4592 780 4662; x_wconf 86' lang='lat' dir='ltr'><strong>dedignatus</strong></span> <span class='ocrx_word' id='word_1_696' title='bbox 811 4601 896 4645; x_wconf 92' lang='lat' dir='ltr'><strong>est</strong></span> <span class='ocrx_word' id='word_1_697' title='bbox 928 4589 1118 4646; x_wconf 87' lang='lat' dir='ltr'><strong>venire</strong></span> <span class='ocrx_word' id='word_1_698' title='bbox 1169 4590 1236 4644; x_wconf 89' lang='lat' dir='ltr'><strong>ad</strong></span> <span class='ocrx_word' id='word_1_699' title='bbox 1274 4591 1517 4660; x_wconf 87' lang='lat' dir='ltr'><strong>nuptias.</strong></span> <span class='ocrx_word' id='word_1_700' title='bbox 1560 4588 1898 4645; x_wconf 81' lang='lat' dir='ltr'><strong>Exhortatur</strong></span> <span class='ocrx_word' id='word_1_701' title='bbox 1947 4608 2036 4645; x_wconf 87' lang='lat' dir='ltr'><strong>att-</strong></span> 
     </span>
    </p>
   </div>
   <div class='ocr_carea' id='block_1_90' title="bbox 2146 4588 3757 4669">
    <p class='ocr_par' dir='ltr' id='par_1_90' title="bbox 2156 4590 3757 4669">
     <span class='ocr_line' id='line_1_90' title="bbox 2156 4590 3757 4669; baseline 0.006 -27"><span class='ocrx_word' id='word_1_702' title='bbox 2156 4593 2267 4661; x_wconf 89' lang='grc' dir='ltr'>γὰρ</span> <span class='ocrx_word' id='word_1_703' title='bbox 2320 4590 2395 4661; x_wconf 80' lang='grc' dir='ltr'>μὴ</span> <span class='ocrx_word' id='word_1_704' title='bbox 2456 4591 2781 4656; x_wconf 81' lang='grc' dir='ltr'>ἀπαξιώσας</span> <span class='ocrx_word' id='word_1_705' title='bbox 2843 4593 3102 4660; x_wconf 87' lang='grc' dir='ltr'>γενέσθαι</span> <span class='ocrx_word' id='word_1_706' title='bbox 3160 4598 3219 4648; x_wconf 72' lang='grc' dir='ltr'>ὲν</span> <span class='ocrx_word' id='word_1_707' title='bbox 3274 4595 3510 4660; x_wconf 80' lang='grc' dir='ltr'>δούλοις,</span> <span class='ocrx_word' id='word_1_708' title='bbox 3563 4598 3757 4669; x_wconf 80' lang='grc' dir='ltr'>πολλῷ</span> 
     </span>
    </p>
   </div>
   <div class='ocr_carea' id='block_1_91' title="bbox 332 4678 2036 4763">
    <p class='ocr_par' dir='ltr' id='par_1_91' title="bbox 332 4682 2036 4754">
     <span class='ocr_line' id='line_1_91' title="bbox 332 4682 2036 4754; baseline -0.001 -15"><span class='ocrx_word' id='word_1_709' title='bbox 332 4742 339 4747; x_wconf 66' lang='grc'><strong>,</strong></span> <span class='ocrx_word' id='word_1_710' title='bbox 454 4694 563 4740; x_wconf 90' lang='lat' dir='ltr'><strong>tem</strong></span> <span class='ocrx_word' id='word_1_711' title='bbox 603 4686 752 4739; x_wconf 91' lang='lat' dir='ltr'><strong>illum</strong></span> <span class='ocrx_word' id='word_1_712' title='bbox 789 4692 963 4739; x_wconf 89' lang='lat' dir='ltr'><strong>mater</strong></span> <span class='ocrx_word' id='word_1_713' title='bbox 988 4694 1047 4738; x_wconf 94' lang='lat' dir='ltr'><strong>ut</strong></span> <span class='ocrx_word' id='word_1_714' title='bbox 1079 4683 1243 4739; x_wconf 76' lang='lat' dir='ltr'><strong>facint</strong></span> <span class='ocrx_word' id='word_1_715' title='bbox 1271 4682 1616 4745; x_wconf 87' lang='lat' dir='ltr'><strong>miraculum,</strong></span> <span class='ocrx_word' id='word_1_716' title='bbox 1644 4698 1763 4751; x_wconf 72' lang='lat' dir='ltr'><strong>quae</strong></span> <span class='ocrx_word' id='word_1_717' title='bbox 1790 4698 2036 4754; x_wconf 85' lang='lat' dir='ltr'><strong>magnam</strong></span> 
     </span>
    </p>
   </div>
   <div class='ocr_carea' id='block_1_92' title="bbox 2146 4678 3757 4763">
    <p class='ocr_par' dir='ltr' id='par_1_92' title="bbox 2159 4683 3757 4763">
     <span class='ocr_line' id='line_1_92' title="bbox 2159 4683 3757 4763; baseline 0.006 -26"><span class='ocrx_word' id='word_1_718' title='bbox 2159 4683 2365 4753; x_wconf 83' lang='grc' dir='ltr'>μᾶλλον</span> <span class='ocrx_word' id='word_1_719' title='bbox 2386 4684 2487 4737; x_wconf 82' lang='grc' dir='ltr'>οὐκ</span> <span class='ocrx_word' id='word_1_720' title='bbox 2526 4684 2591 4739; x_wconf 85' lang='grc' dir='ltr'>ἂν</span> <span class='ocrx_word' id='word_1_721' title='bbox 2616 4685 2936 4753; x_wconf 79' lang='grc' dir='ltr'>ἀπηξίωσεν</span> <span class='ocrx_word' id='word_1_722' title='bbox 2984 4688 3067 4745; x_wconf 78' lang='grc' dir='ltr'><strong>είς</strong></span> <span class='ocrx_word' id='word_1_723' title='bbox 3100 4688 3278 4758; x_wconf 85' lang='grc' dir='ltr'>γάμον</span> <span class='ocrx_word' id='word_1_724' title='bbox 3324 4689 3527 4743; x_wconf 77' lang='grc' dir='ltr'>ἐλθεῖν.</span> <span class='ocrx_word' id='word_1_725' title='bbox 3565 4694 3757 4763; x_wconf 69' lang='grc' dir='ltr'>Παραο</span> 
     </span>
    </p>
   </div>
   <div class='ocr_carea' id='block_1_93' title="bbox 453 4774 2036 4855">
    <p class='ocr_par' dir='ltr' id='par_1_93' title="bbox 453 4774 2036 4849">
     <span class='ocr_line' id='line_1_93' title="bbox 453 4774 2036 4849; baseline 0.001 -20"><span class='ocrx_word' id='word_1_726' title='bbox 453 4779 523 4831; x_wconf 90' lang='lat' dir='ltr'><strong>de</strong></span> <span class='ocrx_word' id='word_1_727' title='bbox 567 4778 736 4846; x_wconf 85' lang='lat' dir='ltr'><strong>ipsius</strong></span> <span class='ocrx_word' id='word_1_728' title='bbox 785 4784 1056 4845; x_wconf 86' lang='lat' dir='ltr'><strong>potestate</strong></span> <span class='ocrx_word' id='word_1_729' title='bbox 1103 4783 1428 4849; x_wconf 62' lang='lat' dir='ltr'><strong>sumpserat</strong></span> <span class='ocrx_word' id='word_1_730' title='bbox 1447 4774 1791 4844; x_wconf 77' lang='lat' dir='ltr'><strong>Opinionem,</strong></span> <span class='ocrx_word' id='word_1_731' title='bbox 1832 4785 1938 4829; x_wconf 83' lang='lat' dir='ltr'><strong>tam</strong></span> <span class='ocrx_word' id='word_1_732' title='bbox 1976 4777 2036 4831; x_wconf 66' lang='grc' dir='ltr'><strong>οι]</strong></span> 
     </span>
    </p>
   </div>
   <div class='ocr_carea' id='block_1_94' title="bbox 2146 4774 3758 4855">
    <p class='ocr_par' dir='ltr' id='par_1_94' title="bbox 2154 4775 3758 4855">
     <span class='ocr_line' id='line_1_94' title="bbox 2154 4775 3758 4855; baseline 0.009 -28"><span class='ocrx_word' id='word_1_733' title='bbox 2154 4775 2313 4830; x_wconf 89' lang='grc' dir='ltr'><strong>καλεῖ</strong></span> <span class='ocrx_word' id='word_1_734' title='bbox 2349 4777 2406 4830; x_wconf 86' lang='grc' dir='ltr'><strong>δὲ</strong></span> <span class='ocrx_word' id='word_1_735' title='bbox 2434 4778 2601 4832; x_wconf 83' lang='grc' dir='ltr'>αὑτὸν</span> <span class='ocrx_word' id='word_1_736' title='bbox 2636 4780 2668 4851; x_wconf 89' lang='grc' dir='ltr'><strong>ή</strong></span> <span class='ocrx_word' id='word_1_737' title='bbox 2710 4780 2899 4851; x_wconf 84' lang='grc' dir='ltr'>μήτηρ</span> <span class='ocrx_word' id='word_1_738' title='bbox 2930 4782 3013 4845; x_wconf 88' lang='grc' dir='ltr'><strong>είς</strong></span> <span class='ocrx_word' id='word_1_739' title='bbox 3062 4780 3538 4853; x_wconf 86' lang='grc' dir='ltr'>θαυματουργίαν,</span> <span class='ocrx_word' id='word_1_740' title='bbox 3579 4787 3758 4855; x_wconf 70' lang='grc' dir='ltr'>μεγάο</span> 
     </span>
    </p>
   </div>
   <div class='ocr_carea' id='block_1_95' title="bbox 455 4866 2036 4950">
    <p class='ocr_par' dir='ltr' id='par_1_95' title="bbox 455 4866 2036 4939">
     <span class='ocr_line' id='line_1_95' title="bbox 455 4866 2036 4939; baseline -0.001 -15"><span class='ocrx_word' id='word_1_741' title='bbox 455 4874 897 4939; x_wconf 69' lang='lat' dir='ltr'><strong>conceptionem,</strong></span> <span class='ocrx_word' id='word_1_742' title='bbox 927 4882 1089 4936; x_wconf 84' lang='lat' dir='ltr'><strong>qnam</strong></span> <span class='ocrx_word' id='word_1_743' title='bbox 1131 4868 1201 4922; x_wconf 84' lang='lat' dir='ltr'><strong>ob</strong></span> <span class='ocrx_word' id='word_1_744' title='bbox 1234 4876 1471 4937; x_wconf 87' lang='lat' dir='ltr'><strong>partum.</strong></span> <span class='ocrx_word' id='word_1_745' title='bbox 1506 4866 1701 4921; x_wconf 86' lang='lat' dir='ltr'><strong>Omnia</strong></span> <span class='ocrx_word' id='word_1_746' title='bbox 1732 4870 1876 4923; x_wconf 90' lang='lat' dir='ltr'><strong>enim</strong></span> <span class='ocrx_word' id='word_1_747' title='bbox 1915 4884 2036 4923; x_wconf 92' lang='lat' dir='ltr'><strong>con-</strong></span> 
     </span>
    </p>
   </div>
   <div class='ocr_carea' id='block_1_96' title="bbox 2146 4866 3755 4950">
    <p class='ocr_par' dir='ltr' id='par_1_96' title="bbox 2149 4869 3755 4950">
     <span class='ocr_line' id='line_1_96' title="bbox 2149 4869 3755 4950; baseline 0.006 -29"><span class='ocrx_word' id='word_1_748' title='bbox 2149 4869 2251 4940; x_wconf 88' lang='grc' dir='ltr'><strong>λην</strong></span> <span class='ocrx_word' id='word_1_749' title='bbox 2305 4872 2435 4941; x_wconf 78' lang='grc' dir='ltr'>περὶ</span> <span class='ocrx_word' id='word_1_750' title='bbox 2490 4872 2588 4940; x_wconf 83' lang='grc' dir='ltr'>τῆς</span> <span class='ocrx_word' id='word_1_751' title='bbox 2636 4871 2802 4925; x_wconf 82' lang='grc' dir='ltr'>αὐτοῦ</span> <span class='ocrx_word' id='word_1_752' title='bbox 2859 4872 3147 4945; x_wconf 85' lang='grc' dir='ltr'>δυνάμεως</span> <span class='ocrx_word' id='word_1_753' title='bbox 3194 4874 3438 4928; x_wconf 84' lang='grc' dir='ltr'>λαϐοῦσα</span> <span class='ocrx_word' id='word_1_754' title='bbox 3473 4878 3755 4950; x_wconf 68' lang='grc' dir='ltr'>ὑπόληψιν</span> 
     </span>
    </p>
   </div>
   <div class='ocr_carea' id='block_1_97' title="bbox 458 4958 2036 5036">
    <p class='ocr_par' dir='ltr' id='par_1_97' title="bbox 458 4958 2036 5028">
     <span class='ocr_line' id='line_1_97' title="bbox 458 4958 2036 5028; baseline 0 -14"><span class='ocrx_word' id='word_1_755' title='bbox 458 4962 716 5015; x_wconf 85' lang='lat' dir='ltr'><strong>servabat</strong></span> <span class='ocrx_word' id='word_1_756' title='bbox 748 4961 800 5013; x_wconf 87' lang='lat' dir='ltr'><strong>iu</strong></span> <span class='ocrx_word' id='word_1_757' title='bbox 833 4958 1003 5014; x_wconf 89' lang='lat' dir='ltr'><strong>corde</strong></span> <span class='ocrx_word' id='word_1_758' title='bbox 1041 4974 1143 5014; x_wconf 91' lang='lat' dir='ltr'><strong>suo</strong></span> <span class='ocrx_word' id='word_1_759' title='bbox 1164 4959 1231 5024; x_wconf 77' lang='lat'><strong>“,</strong></span> <span class='ocrx_word' id='word_1_760' title='bbox 1267 4970 1321 5013; x_wconf 89' lang='lat' dir='ltr'><strong>et</strong></span> <span class='ocrx_word' id='word_1_761' title='bbox 1348 4974 1413 5013; x_wconf 80' lang='lat' dir='ltr'><strong>ex</strong></span> <span class='ocrx_word' id='word_1_762' title='bbox 1447 4958 1554 5013; x_wconf 92' lang='lat' dir='ltr'><strong>illis</strong></span> <span class='ocrx_word' id='word_1_763' title='bbox 1571 4960 1847 5028; x_wconf 86' lang='lat' dir='ltr'><strong>cogitabat</strong></span> <span class='ocrx_word' id='word_1_764' title='bbox 1882 4961 2036 5015; x_wconf 81' lang='lat' dir='ltr'><strong>liliun</strong></span> 
     </span>
    </p>
   </div>
   <div class='ocr_carea' id='block_1_98' title="bbox 2146 4958 3756 5036">
    <p class='ocr_par' dir='ltr' id='par_1_98' title="bbox 2150 4962 3756 5036">
     <span class='ocr_line' id='line_1_98' title="bbox 2150 4962 3756 5036; baseline 0.006 -22"><span class='ocrx_word' id='word_1_765' title='bbox 2150 4962 2261 5015; x_wconf 79' lang='grc' dir='ltr'><strong>ἀπό</strong></span> <span class='ocrx_word' id='word_1_766' title='bbox 2283 4979 2342 5016; x_wconf 89' lang='grc' dir='ltr'><strong>τε</strong></span> <span class='ocrx_word' id='word_1_767' title='bbox 2375 4963 2475 5034; x_wconf 86' lang='grc' dir='ltr'>τῆς</span> <span class='ocrx_word' id='word_1_768' title='bbox 2535 4963 2877 5036; x_wconf 76' lang='grc' dir='ltr'>συλλήψεως,</span> <span class='ocrx_word' id='word_1_769' title='bbox 2919 4968 3030 5020; x_wconf 85' lang='grc' dir='ltr'><strong>ἀπὸ</strong></span> <span class='ocrx_word' id='word_1_770' title='bbox 3073 4985 3133 5020; x_wconf 83' lang='grc' dir='ltr'><strong>τε</strong></span> <span class='ocrx_word' id='word_1_771' title='bbox 3198 4970 3293 5022; x_wconf 86' lang='grc' dir='ltr'><strong>τοῦ</strong></span> <span class='ocrx_word' id='word_1_772' title='bbox 3324 4970 3514 5024; x_wconf 82' lang='grc' dir='ltr'>τόκου.</span> <span class='ocrx_word' id='word_1_773' title='bbox 3566 4973 3756 5027; x_wconf 73' lang='grc' dir='ltr'>Πάντα</span> 
     </span>
    </p>
   </div>
   <div class='ocr_carea' id='block_1_99' title="bbox 455 5048 2055 5122">
    <p class='ocr_par' dir='ltr' id='par_1_99' title="bbox 455 5048 2055 5122">
     <span class='ocr_line' id='line_1_99' title="bbox 455 5048 2055 5122; baseline 0.001 -19"><span class='ocrx_word' id='word_1_774' title='bbox 455 5052 659 5121; x_wconf 86' lang='lat' dir='ltr'><strong>aliquid</strong></span> <span class='ocrx_word' id='word_1_775' title='bbox 702 5066 862 5118; x_wconf 88' lang='lat' dir='ltr'><strong>posse</strong></span> <span class='ocrx_word' id='word_1_776' title='bbox 909 5066 1075 5122; x_wconf 88' lang='lat' dir='ltr'><strong>supra</strong></span> <span class='ocrx_word' id='word_1_777' title='bbox 1128 5052 1431 5104; x_wconf 88' lang='lat' dir='ltr'><strong>hominem.</strong></span> <span class='ocrx_word' id='word_1_778' title='bbox 1468 5048 1657 5119; x_wconf 83' lang='lat' dir='ltr'><strong>Neque</strong></span> <span class='ocrx_word' id='word_1_779' title='bbox 1694 5051 1840 5103; x_wconf 88' lang='lat' dir='ltr'><strong>enim</strong></span> <span class='ocrx_word' id='word_1_780' title='bbox 1882 5061 2055 5105; x_wconf 88' lang='lat' dir='ltr'><strong>mater</strong></span> 
     </span>
    </p>
   </div>
   <div class='ocr_carea' id='block_1_100' title="bbox 454 5143 2039 5214">
    <p class='ocr_par' dir='ltr' id='par_1_100' title="bbox 454 5143 2039 5214">
     <span class='ocr_line' id='line_1_100' title="bbox 454 5143 2039 5214; baseline 0 -17"><span class='ocrx_word' id='word_1_781' title='bbox 454 5146 574 5213; x_wconf 78' lang='lat' dir='ltr'><strong>ejus</strong></span> <span class='ocrx_word' id='word_1_782' title='bbox 604 5154 663 5198; x_wconf 89' lang='lat' dir='ltr'><strong>ut</strong></span> <span class='ocrx_word' id='word_1_783' title='bbox 687 5155 873 5199; x_wconf 88' lang='lat' dir='ltr'><strong>oraret</strong></span> <span class='ocrx_word' id='word_1_784' title='bbox 907 5161 1031 5199; x_wconf 90' lang='lat' dir='ltr'><strong>cum</strong></span> <span class='ocrx_word' id='word_1_785' title='bbox 1071 5144 1139 5199; x_wconf 88' lang='lat' dir='ltr'><strong>ad</strong></span> <span class='ocrx_word' id='word_1_786' title='bbox 1171 5143 1481 5199; x_wconf 82' lang='lat' dir='ltr'><strong>faciendum</strong></span> <span class='ocrx_word' id='word_1_787' title='bbox 1534 5143 1753 5214; x_wconf 89' lang='lat' dir='ltr'><strong>aliquod</strong></span> <span class='ocrx_word' id='word_1_788' title='bbox 1805 5143 2039 5198; x_wconf 89' lang='lat' dir='ltr'><strong>miracu-</strong></span> 
     </span>
    </p>
   </div>
   <div class='ocr_carea' id='block_1_101' title="bbox 2151 5054 3757 5133">
    <p class='ocr_par' dir='ltr' id='par_1_101' title="bbox 2151 5054 3757 5133">
     <span class='ocr_line' id='line_1_101' title="bbox 2151 5054 3757 5133; baseline 0.006 -27"><span class='ocrx_word' id='word_1_789' title='bbox 2151 5054 2264 5127; x_wconf 85' lang='grc' dir='ltr'>γὰρ</span> <span class='ocrx_word' id='word_1_790' title='bbox 2296 5056 2587 5127; x_wconf 85' lang='grc' dir='ltr'>συνετήρει</span> <span class='ocrx_word' id='word_1_791' title='bbox 2624 5059 2683 5111; x_wconf 81' lang='grc' dir='ltr'>ὲν</span> <span class='ocrx_word' id='word_1_792' title='bbox 2714 5061 2781 5130; x_wconf 79' lang='grc' dir='ltr'><strong>τῇ</strong></span> <span class='ocrx_word' id='word_1_793' title='bbox 2832 5061 3036 5133; x_wconf 81' lang='grc' dir='ltr'>καρδίᾳ</span> <span class='ocrx_word' id='word_1_794' title='bbox 3065 5063 3261 5132; x_wconf 81' lang='grc' dir='ltr'>αὐτῆς,</span> <span class='ocrx_word' id='word_1_795' title='bbox 3306 5064 3403 5116; x_wconf 75' lang='grc' dir='ltr'>καὶ</span> <span class='ocrx_word' id='word_1_796' title='bbox 3443 5067 3511 5117; x_wconf 86' lang='grc' dir='ltr'>ὲκ</span> <span class='ocrx_word' id='word_1_797' title='bbox 3545 5067 3757 5119; x_wconf 74' lang='grc' dir='ltr'>τούτων</span> 
     </span>
    </p>
   </div>
   <div class='ocr_carea' id='block_1_102' title="bbox 2152 5146 3755 5223">
    <p class='ocr_par' dir='ltr' id='par_1_102' title="bbox 2152 5146 3755 5223">
     <span class='ocr_line' id='line_1_102' title="bbox 2152 5146 3755 5223; baseline 0.004 -24"><span class='ocrx_word' id='word_1_798' title='bbox 2152 5146 2435 5213; x_wconf 73' lang='grc' dir='ltr'>ἐλογίζετο</span> <span class='ocrx_word' id='word_1_799' title='bbox 2472 5146 2564 5199; x_wconf 77' lang='grc' dir='ltr'>τὸν</span> <span class='ocrx_word' id='word_1_800' title='bbox 2582 5147 2699 5201; x_wconf 83' lang='grc' dir='ltr'>υίὺν</span> <span class='ocrx_word' id='word_1_801' title='bbox 2731 5149 2873 5220; x_wconf 82' lang='grc' dir='ltr'>ὑπὲρ</span> <span class='ocrx_word' id='word_1_802' title='bbox 2898 5150 3189 5223; x_wconf 74' lang='grc' dir='ltr'>ἄνθρωπον</span> <span class='ocrx_word' id='word_1_803' title='bbox 3210 5151 3495 5206; x_wconf 81' lang='grc' dir='ltr'>δύνασθαι.</span> <span class='ocrx_word' id='word_1_804' title='bbox 3538 5156 3615 5206; x_wconf 71' lang='lat'><strong>0-3</strong></span> <span class='ocrx_word' id='word_1_805' title='bbox 3646 5157 3755 5223; x_wconf 60' lang='grc' dir='ltr'>γὰρ</span> 
     </span>
    </p>
   </div>
   <div class='ocr_carea' id='block_1_103' title="bbox 456 5238 2036 5317">
    <p class='ocr_par' dir='ltr' id='par_1_103' title="bbox 456 5238 2036 5308">
     <span class='ocr_line' id='line_1_103' title="bbox 456 5238 2036 5308; baseline -0.002 -17"><span class='ocrx_word' id='word_1_806' title='bbox 456 5239 593 5303; x_wconf 89' lang='lat' dir='ltr'><strong>lum,</strong></span> <span class='ocrx_word' id='word_1_807' title='bbox 627 5255 694 5294; x_wconf 80' lang='lat' dir='ltr'><strong>ex</strong></span> <span class='ocrx_word' id='word_1_808' title='bbox 722 5240 827 5292; x_wconf 88' lang='lat' dir='ltr'><strong>alio</strong></span> <span class='ocrx_word' id='word_1_809' title='bbox 861 5240 1005 5308; x_wconf 89' lang='lat' dir='ltr'><strong>quod</strong></span> <span class='ocrx_word' id='word_1_810' title='bbox 1038 5238 1190 5307; x_wconf 91' lang='lat' dir='ltr'><strong>prius</strong></span> <span class='ocrx_word' id='word_1_811' title='bbox 1216 5240 1430 5292; x_wconf 81' lang='lat' dir='ltr'><strong>viderat</strong></span> <span class='ocrx_word' id='word_1_812' title='bbox 1465 5239 1666 5302; x_wconf 78' lang='lat' dir='ltr'><strong>facere,</strong></span> <span class='ocrx_word' id='word_1_813' title='bbox 1697 5238 1916 5292; x_wconf 85' lang='lat' dir='ltr'><strong>inducta</strong></span> <span class='ocrx_word' id='word_1_814' title='bbox 1948 5251 2036 5293; x_wconf 78' lang='grc' dir='ltr'><strong>εει</strong></span> 
     </span>
    </p>
   </div>
   <div class='ocr_carea' id='block_1_104' title="bbox 2146 5238 3753 5317">
    <p class='ocr_par' dir='ltr' id='par_1_104' title="bbox 2152 5240 3753 5317">
     <span class='ocr_line' id='line_1_104' title="bbox 2152 5240 3753 5317; baseline 0.005 -25"><span class='ocrx_word' id='word_1_815' title='bbox 2152 5240 2219 5312; x_wconf 81' lang='grc' dir='ltr'><strong>δὴ</strong></span> <span class='ocrx_word' id='word_1_816' title='bbox 2246 5240 2355 5293; x_wconf 86' lang='grc' dir='ltr'><strong>άπὸ</strong></span> <span class='ocrx_word' id='word_1_817' title='bbox 2376 5241 2471 5293; x_wconf 90' lang='grc' dir='ltr'><strong>τοῦ</strong></span> <span class='ocrx_word' id='word_1_818' title='bbox 2508 5241 2604 5295; x_wconf 73' lang='grc' dir='ltr'>καὶ</span> <span class='ocrx_word' id='word_1_819' title='bbox 2634 5242 2770 5295; x_wconf 82' lang='grc' dir='ltr'>ἄλλα</span> <span class='ocrx_word' id='word_1_820' title='bbox 2803 5243 3066 5315; x_wconf 86' lang='grc' dir='ltr'>θαύματα</span> <span class='ocrx_word' id='word_1_821' title='bbox 3101 5248 3329 5313; x_wconf 77' lang='grc' dir='ltr'>ποιῆσαι</span> <span class='ocrx_word' id='word_1_822' title='bbox 3373 5249 3466 5298; x_wconf 78' lang='grc' dir='ltr'>τὸν</span> <span class='ocrx_word' id='word_1_823' title='bbox 3517 5248 3753 5317; x_wconf 75' lang='grc' dir='ltr'>Ἰησοῦν,</span> 
     </span>
    </p>
   </div>
   <div class='ocr_carea' id='block_1_105' title="bbox 388 5330 2036 5412">
    <p class='ocr_par' dir='ltr' id='par_1_105' title="bbox 388 5330 2036 5399">
     <span class='ocr_line' id='line_1_105' title="bbox 388 5330 2036 5399; baseline -0.002 -12"><span class='ocrx_word' id='word_1_824' title='bbox 388 5336 391 5337; x_wconf 62' lang='grc'><strong><em>⁷</em></strong></span> <span class='ocrx_word' id='word_1_825' title='bbox 457 5332 591 5387; x_wconf 83' lang='lat' dir='ltr'><strong>Nam</strong></span> <span class='ocrx_word' id='word_1_826' title='bbox 647 5347 772 5385; x_wconf 89' lang='lat' dir='ltr'><strong>cum</strong></span> <span class='ocrx_word' id='word_1_827' title='bbox 828 5347 961 5399; x_wconf 87' lang='lat' dir='ltr'><strong>puer</strong></span> <span class='ocrx_word' id='word_1_828' title='bbox 1002 5342 1166 5395; x_wconf 84' lang='lat' dir='ltr'><strong>esset,</strong></span> <span class='ocrx_word' id='word_1_829' title='bbox 1234 5331 1441 5384; x_wconf 88' lang='lat' dir='ltr'><strong>nullum</strong></span> <span class='ocrx_word' id='word_1_830' title='bbox 1499 5330 1627 5384; x_wconf 81' lang='lat' dir='ltr'><strong>fecit</strong></span> <span class='ocrx_word' id='word_1_831' title='bbox 1684 5331 2036 5386; x_wconf 88' lang='lat' dir='ltr'><strong>miraculum:</strong></span> 
     </span>
    </p>
   </div>
   <div class='ocr_carea' id='block_1_106' title="bbox 2146 5330 3751 5412">
    <p class='ocr_par' dir='ltr' id='par_1_106' title="bbox 2160 5336 3751 5412">
     <span class='ocr_line' id='line_1_106' title="bbox 2160 5336 3751 5412; baseline 0.004 -24"><span class='ocrx_word' id='word_1_832' title='bbox 2160 5336 2545 5405; x_wconf 80' lang='grc' dir='ltr'>παρακαλέσαι</span> <span class='ocrx_word' id='word_1_833' title='bbox 2600 5338 2767 5391; x_wconf 83' lang='grc' dir='ltr'>αὑτὸν</span> <span class='ocrx_word' id='word_1_834' title='bbox 2817 5339 3069 5411; x_wconf 82' lang='grc' dir='ltr'>προήχθη</span> <span class='ocrx_word' id='word_1_835' title='bbox 3116 5341 3150 5411; x_wconf 84' lang='grc' dir='ltr'><strong>ή</strong></span> <span class='ocrx_word' id='word_1_836' title='bbox 3189 5342 3375 5412; x_wconf 87' lang='grc' dir='ltr'>μήτηρ</span> <span class='ocrx_word' id='word_1_837' title='bbox 3434 5345 3515 5404; x_wconf 74' lang='grc' dir='ltr'>εἰς</span> <span class='ocrx_word' id='word_1_838' title='bbox 3572 5344 3751 5396; x_wconf 68' lang='grc' dir='ltr'>τοῦτο.</span> 
     </span>
    </p>
   </div>
   <div class='ocr_carea' id='block_1_107' title="bbox 456 5421 2036 5507">
    <p class='ocr_par' dir='ltr' id='par_1_107' title="bbox 456 5421 2036 5493">
     <span class='ocr_line' id='line_1_107' title="bbox 456 5421 2036 5493; baseline -0.003 -17"><span class='ocrx_word' id='word_1_839' title='bbox 456 5425 583 5493; x_wconf 84' lang='lat' dir='ltr'><strong>quia</strong></span> <span class='ocrx_word' id='word_1_840' title='bbox 630 5424 674 5477; x_wconf 90' lang='lat' dir='ltr'><strong>si</strong></span> <span class='ocrx_word' id='word_1_841' title='bbox 728 5422 965 5485; x_wconf 81' lang='lat' dir='ltr'><strong>fecisset,</strong></span> <span class='ocrx_word' id='word_1_842' title='bbox 1016 5433 1179 5476; x_wconf 91' lang='lat' dir='ltr'><strong>notus</strong></span> <span class='ocrx_word' id='word_1_843' title='bbox 1213 5421 1405 5476; x_wconf 86' lang='lat' dir='ltr'><strong>luisset</strong></span> <span class='ocrx_word' id='word_1_844' title='bbox 1445 5424 1719 5478; x_wconf 86' lang='lat' dir='ltr'><strong>omnibus.</strong></span> <span class='ocrx_word' id='word_1_845' title='bbox 1754 5424 2036 5476; x_wconf 75' lang='lat' dir='ltr'><strong>Audiveral</strong></span> 
     </span>
    </p>
   </div>
   <div class='ocr_carea' id='block_1_108' title="bbox 2146 5421 3751 5507">
    <p class='ocr_par' dir='ltr' id='par_1_108' title="bbox 2161 5429 3751 5505">
     <span class='ocr_line' id='line_1_108' title="bbox 2161 5429 3751 5505; baseline 0.003 -25"><span class='ocrx_word' id='word_1_846' title='bbox 2161 5429 2297 5491; x_wconf 83' lang='grc' dir='ltr'>Παῖς</span> <span class='ocrx_word' id='word_1_847' title='bbox 2329 5430 2437 5501; x_wconf 90' lang='grc' dir='ltr'><strong>γάρ</strong></span> <span class='ocrx_word' id='word_1_848' title='bbox 2472 5429 2571 5495; x_wconf 77' lang='grc' dir='ltr'>ὢν,</span> <span class='ocrx_word' id='word_1_849' title='bbox 2629 5432 2781 5483; x_wconf 76' lang='grc' dir='ltr'>οὐδὲν</span> <span class='ocrx_word' id='word_1_850' title='bbox 2834 5433 3399 5504; x_wconf 63' lang='grc' dir='ltr'>ὲθαυματοῦργησεΨ</span> <span class='ocrx_word' id='word_1_851' title='bbox 3442 5429 3477 5505; x_wconf 76' lang='grc' dir='ltr'>ἧ</span> <span class='ocrx_word' id='word_1_852' title='bbox 3539 5436 3651 5502; x_wconf 81' lang='grc' dir='ltr'>γὰρ</span> <span class='ocrx_word' id='word_1_853' title='bbox 3687 5436 3751 5486; x_wconf 75' lang='grc' dir='ltr'>ἂν</span> 
     </span>
    </p>
   </div>
   <div class='ocr_carea' id='block_1_109' title="bbox 458 5513 2036 5600">
    <p class='ocr_par' dir='ltr' id='par_1_109' title="bbox 458 5513 2036 5585">
     <span class='ocr_line' id='line_1_109' title="bbox 458 5513 2036 5585; baseline -0.001 -14"><span class='ocrx_word' id='word_1_854' title='bbox 458 5520 585 5571; x_wconf 87' lang='lat' dir='ltr'><strong>item</strong></span> <span class='ocrx_word' id='word_1_855' title='bbox 636 5527 811 5571; x_wconf 87' lang='lat' dir='ltr'><strong>mater</strong></span> <span class='ocrx_word' id='word_1_856' title='bbox 857 5518 923 5571; x_wconf 89' lang='lat' dir='ltr'><strong>de</strong></span> <span class='ocrx_word' id='word_1_857' title='bbox 965 5515 1292 5570; x_wconf 85' lang='lat' dir='ltr'><strong>testimoniis</strong></span> <span class='ocrx_word' id='word_1_858' title='bbox 1338 5513 1589 5577; x_wconf 81' lang='lat' dir='ltr'><strong>Joannis,</strong></span> <span class='ocrx_word' id='word_1_859' title='bbox 1642 5532 1761 5584; x_wconf 69' lang='lat' dir='ltr'><strong>qnte</strong></span> <span class='ocrx_word' id='word_1_860' title='bbox 1815 5516 1883 5568; x_wconf 91' lang='lat' dir='ltr'><strong>de</strong></span> <span class='ocrx_word' id='word_1_861' title='bbox 1936 5517 2036 5585; x_wconf 70' lang='lat' dir='ltr'><strong>ipsc</strong></span> 
     </span>
    </p>
   </div>
   <div class='ocr_carea' id='block_1_110' title="bbox 2146 5513 3754 5600">
    <p class='ocr_par' dir='ltr' id='par_1_110' title="bbox 2158 5521 3754 5600">
     <span class='ocr_line' id='line_1_110' title="bbox 2158 5521 3754 5600; baseline 0.001 -25"><span class='ocrx_word' id='word_1_862' title='bbox 2158 5524 2432 5594; x_wconf 73' lang='grc' dir='ltr'>ἐπίσημος</span> <span class='ocrx_word' id='word_1_863' title='bbox 2476 5527 2645 5579; x_wconf 85' lang='grc' dir='ltr'>πᾶσιν</span> <span class='ocrx_word' id='word_1_864' title='bbox 2684 5521 2773 5596; x_wconf 75' lang='grc' dir='ltr'><strong>ἦν.</strong></span> <span class='ocrx_word' id='word_1_865' title='bbox 2836 5528 2991 5597; x_wconf 77' lang='grc' dir='ltr'>’Δμα</span> <span class='ocrx_word' id='word_1_866' title='bbox 3048 5527 3107 5580; x_wconf 72' lang='grc' dir='ltr'><strong>δὲ</strong></span> <span class='ocrx_word' id='word_1_867' title='bbox 3167 5530 3199 5598; x_wconf 87' lang='grc' dir='ltr'><strong>ή</strong></span> <span class='ocrx_word' id='word_1_868' title='bbox 3257 5529 3446 5600; x_wconf 75' lang='grc' dir='ltr'>μήτηρ</span> <span class='ocrx_word' id='word_1_869' title='bbox 3500 5530 3596 5581; x_wconf 75' lang='grc' dir='ltr'>καὶ</span> <span class='ocrx_word' id='word_1_870' title='bbox 3648 5529 3754 5579; x_wconf 73' lang='grc' dir='ltr'>τῶι</span> 
     </span>
    </p>
   </div>
   <div class='ocr_carea' id='block_1_111' title="bbox 458 5610 2036 5692">
    <p class='ocr_par' dir='ltr' id='par_1_111' title="bbox 458 5610 2036 5679">
     <span class='ocr_line' id='line_1_111' title="bbox 458 5610 2036 5679; baseline -0.001 -14"><span class='ocrx_word' id='word_1_871' title='bbox 458 5621 575 5665; x_wconf 77' lang='lat' dir='ltr'><strong>erat</strong></span> <span class='ocrx_word' id='word_1_872' title='bbox 619 5621 873 5678; x_wconf 71' lang='lat' dir='ltr'><strong>testatus,</strong></span> <span class='ocrx_word' id='word_1_873' title='bbox 912 5612 1239 5679; x_wconf 82' lang='lat' dir='ltr'><strong>videbatque</strong></span> <span class='ocrx_word' id='word_1_874' title='bbox 1285 5610 1396 5678; x_wconf 89' lang='lat' dir='ltr'><strong>jam</strong></span> <span class='ocrx_word' id='word_1_875' title='bbox 1444 5620 1498 5662; x_wconf 91' lang='lat' dir='ltr'><strong>et</strong></span> <span class='ocrx_word' id='word_1_876' title='bbox 1529 5610 1824 5678; x_wconf 87' lang='lat' dir='ltr'><strong>discipulos</strong></span> <span class='ocrx_word' id='word_1_877' title='bbox 1874 5611 2036 5679; x_wconf 83' lang='lat' dir='ltr'><strong>ipsun&#39;</strong></span> 
     </span>
    </p>
   </div>
   <div class='ocr_carea' id='block_1_112' title="bbox 2146 5610 3752 5692">
    <p class='ocr_par' dir='ltr' id='par_1_112' title="bbox 2166 5618 3752 5692">
     <span class='ocr_line' id='line_1_112' title="bbox 2166 5618 3752 5692; baseline 0.001 -23"><span class='ocrx_word' id='word_1_878' title='bbox 2166 5620 2484 5688; x_wconf 83' lang='grc' dir='ltr'>μαρτυριῶν</span> <span class='ocrx_word' id='word_1_879' title='bbox 2529 5618 2777 5674; x_wconf 83' lang='grc' dir='ltr'>Ἰωάννου</span> <span class='ocrx_word' id='word_1_880' title='bbox 2804 5620 2904 5691; x_wconf 72' lang='grc' dir='ltr'>ιμέ</span> <span class='ocrx_word' id='word_1_881' title='bbox 2916 5637 3111 5690; x_wconf 85' lang='grc' dir='ltr'>μνητο,</span> <span class='ocrx_word' id='word_1_882' title='bbox 3143 5620 3207 5684; x_wconf 76' lang='grc' dir='ltr'>ἃς</span> <span class='ocrx_word' id='word_1_883' title='bbox 3226 5622 3354 5692; x_wconf 58' lang='grc' dir='ltr'><strong>’περὶ⁸</strong></span> <span class='ocrx_word' id='word_1_884' title='bbox 3377 5621 3544 5676; x_wconf 79' lang='grc' dir='ltr'>αὐτοῦ</span> <span class='ocrx_word' id='word_1_885' title='bbox 3576 5624 3597 5673; x_wconf 82' lang='grc' dir='ltr'><strong>ἐ</strong></span> <span class='ocrx_word' id='word_1_886' title='bbox 3612 5638 3752 5690; x_wconf 81' lang='grc' dir='ltr'>μαρ-</span> 
     </span>
    </p>
   </div>
   <div class='ocr_carea' id='block_1_113' title="bbox 528 5746 1052 5809">
    <p class='ocr_par' dir='ltr' id='par_1_113' title="bbox 528 5746 1052 5809">
     <span class='ocr_line' id='line_1_113' title="bbox 528 5746 1052 5809; baseline 0.002 -9"><span class='ocrx_word' id='word_1_887' title='bbox 528 5749 571 5779; x_wconf 78' lang='grc'><strong>⁶¹⁵</strong></span> <span class='ocrx_word' id='word_1_888' title='bbox 600 5746 728 5801; x_wconf 84' lang='lat' dir='ltr'><strong>Luc.</strong></span> <span class='ocrx_word' id='word_1_889' title='bbox 766 5762 923 5809; x_wconf 76' lang='lat' dir='ltr'><strong>xvm,</strong></span> <span class='ocrx_word' id='word_1_890' title='bbox 968 5746 1052 5801; x_wconf 78' lang='lat' dir='ltr'><strong>t9.</strong></span> 
     </span>
    </p>
   </div>
   <div class='ocr_carea' id='block_1_114' title="bbox 534 5888 2267 5960">
    <p class='ocr_par' dir='ltr' id='par_1_114' title="bbox 534 5888 2267 5960">
     <span class='ocr_line' id='line_1_114' title="bbox 534 5888 2267 5960; baseline 0.003 -20"><span class='ocrx_word' id='word_1_891' title='bbox 534 5890 773 5960; x_wconf 75' lang='lat' dir='ltr'><strong>(a)Etlit.</strong></span> <span class='ocrx_word' id='word_1_892' title='bbox 806 5888 929 5943; x_wconf 80' lang='lat' dir='ltr'><strong>Lnt.</strong></span> <span class='ocrx_word' id='word_1_893' title='bbox 971 5888 1249 5941; x_wconf 79' lang='lat' dir='ltr'><strong>Dominum</strong></span> <span class='ocrx_word' id='word_1_894' title='bbox 1285 5888 1412 5941; x_wconf 81' lang='lat' dir='ltr'><strong>vidit</strong></span> <span class='ocrx_word' id='word_1_895' title='bbox 1446 5890 1619 5940; x_wconf 76' lang='lat' dir='ltr'><strong>adhuc</strong></span> <span class='ocrx_word' id='word_1_896' title='bbox 1654 5890 1746 5941; x_wconf 64' lang='lat' dir='ltr'><strong>sul»</strong></span> <span class='ocrx_word' id='word_1_897' title='bbox 1776 5890 1881 5956; x_wconf 61' lang='lat' dir='ltr'><strong>lege</strong></span> <span class='ocrx_word' id='word_1_898' title='bbox 1912 5892 2267 5945; x_wconf 65' lang='lat' dir='ltr'><strong>eminentem.</strong></span> 
     </span>
    </p>
   </div>
  </div>
