3936 6404
207 408 346 485 1189

824 397 1276 464 ENARRATIO
1316 397 1399 457 IN
1443 389 1954 457 EVANGELIUM
1993 386 2347 452 JOANNIS.
2385 403 2455 424 -·
2488 383 2648 447 CAP.
2691 381 2775 442 II.

3382 358 3523 443 mo

202 522 464 594 τύρησεν,
496 514 695 573 “hic!
722 527 782 570 τε
813 512 917 585 ήδη
951 511 1049 567 καὶ
1076 506 1520 582 μαθητάς,αὑτῷ
1564 506 1791 559 ἀκολου-

1909 513 2243 573 sequentes:
2280 510 2334 555 et
2373 515 2440 555 ex
2475 498 2559 554 his
2589 497 2849 553 omnibus
2879 492 3225 563 conjectabat
3256 493 3517 550 virtutem

203 613 433 677 θοῦντας
455 628 469 643 ο
513 611 610 665 καὶ
640 610 707 663 ὲκ
764 604 978 659 τούτων
1029 603 1250 657 πάντων
1288 598 1659 668 ἐτεκμαίρετο
1697 597 1800 667 τὴν

204 705 436 776 δύναμιν
460 702 556 757 τοῦ
588 700 810 764 Παιδός.
850 697 912 752 '0
939 698 997 752 δὲ
1018 696 1250 766 ἐπιτιμᾷ
1280 694 1421 766 αὐτῇ
1438 692 1541 745 οὑκ
1563 691 1796 759 ἀλόγως.

205 799 267 852 El
296 798 428 867 γὰρ,
464 794 652 865 φησὶν,
679 792 781 846 οὐκ
814 790 965 845 ἐστιν
989 784 1158 856 οἶνος,
1188 787 1299 841 ἔδει
1332 786 1531 849 αὑτοὺς
1558 784 1800 845 ἐκείνους

202 888 325 950 τοὺς
360 888 434 956 μὴ
467 884 695 955 ἔχοντας
727 881 1073 955 προσελθεῖν,
1132 878 1230 932 καὶ
1268 875 1526 942 ἀξιῶσαι,
1558 876 1685 945 οὑχ).
1738 874 1797 925 σὲ

201 984 301 1049 τὴν
332 978 583 1049 Μητέρα.
623 975 688 1028 Ἦ
724 974 832 1045 γὰρ
860 970 1126 1042 περὶτῶν
1164 968 1385 1023 οἰκείων
1445 967 1800 1039 παράκλησις

206 1072 500 1126 σκάνδαλον
547 1071 761 1136 γίνεται
820 1067 933 1129 τοῖς
968 1064 1207 1134 ὁρῶσιν·
1245 1064 1394 1116 ὅταν·
1428 1061 1487 1115 δὲ
1521 1061 1572 1114 ei
1607 1058 1801 1135 χρείαν

201 1166 417 1235 εχοντες
456 1163 614 1217 αὐτοὶ
668 1162 933 1221 δέωνται,
952 1158 1270 1212 ἀνύποπτον
1294 1156 1354 1209 τὸ
1382 1156 1620 1225 πρᾶγμα
1644 1153 1799 1222 γίνε-

199 1274 310 1311 ται.
344 1256 418 1309 Τὸ
443 1256 522 1321 δὲ,
571 1274 589 1306 ι
634 1252 801 1308 Οῠπω
834 1252 1027 1322 ἥκειὴ
1079 1249 1199 1320 ὥρα
1234 1266 1358 1319 μου,
1400 1267 1418 1298 ι
1465 1248 1655 1318 φησὶν,
1697 1248 1797 1317 οὑχ

199 1348 274 1413 ὡς
306 1348 670 1418 ὑποκείμενος
702 1346 977 1413 ἀνάγκαις
1006 1341 1238 1413 καιρῶν,
1273 1342 1306 1415 ἢ
1342 1340 1492 1409 ὥρας
1535 1355 1794 1410 παρατηδ

203 1440 468 1511 ρούμενος
532 1439 651 1500 πῶς
689 1437 799 1507 γὰρ
847 1437 875 1489 ὁ
916 1435 1154 1504 Ποιητὴς
1186 1434 1294 1486 τῶν
1323 1432 1533 1503 χρόνων
1569 1431 1660 1484 καὶ
1689 1430 1800 1483 τῶν

198 1532 469 1599 αίώνωνς)
500 1529 617 1584 ἀλλ’
646 1529 732 1582 ὅτι
763 1530 942 1583 πάντα
975 1524 1116 1597 μετὰ
1141 1524 1237 1578 τοῦ
1273 1522 1472 1595 καιροῦ
1506 1521 1602 1576 τοῦ
1625 1537 1799 1592 προσ-

197 1628 427 1697 ήκοντος
474 1622 795 1693 ἐργάζεται.
852 1620 1008 1673 Ἐπεὶ
1078 1616 1174 1671 οὖν
1218 1615 1417 1687 ἄδηλος
1444 1610 1515 1686 ἦν
1556 1613 1660 1680 ἔτι,
1705 1612 1802 1668 καὶ

196 1721 478 1787 ἄγνωστος
506 1719 619 1778 τοῖς
656 1713 897 1777 πολλοῖς,
940 1710 1036 1765 καὶ
1057 1708 1183 1763 οὑδὲ
1205 1708 1333 1771 τοὺς
1375 1705 1629 1777 μαθητὰς
1660 1704 1801 1759 πάν-

196 1828 296 1873 τας
322 1805 488 1880 εἶχεν,
515 1807 630 1861 ἀλλ’
661 1805 783 1859 οὐδὲ
811 1806 860 1858 οἱ
892 1805 951 1856 ὲν
972 1802 1052 1874 τῷ
1075 1800 1242 1872 γάμῳ
1273 1798 1788 1871 αὑτὸνξὲγίνιιψκονσ

192 1899 230 1975 ἦ
266 1865 659 1973 γὰρῃᾶνΙαὺτοὶ
689 1896 996 1968 προσῆλθον
1023 1865 1120 1949 καὶ
1154 1865 1514 1965 παρεκάλουν
1540 1865 1672 1960 περὶ
1698 1889 1793 1944 τοῦ
1824 1865 1872 1926 Β

193 1998 339 2049 οἴνου
362 2010 376 2024 ⁸
411 1995 537 2048 ἐπεὶ
576 1987 669 2045 οὖν
693 1989 868 2043 ταῦτα
904 1988 1085 2043 πάντα
1116 1984 1206 2059 ἦν,
1260 1987 1354 2040 διὰ
1383 1984 1545 2039 τοῦτό
1585 2000 1755 2054 φησιν
1777 1997 1793 2012 ο

199 2110 218 2141 ι
257 2086 426 2141 Οὑπω
465 2088 595 2159 ἥκει
650 2086 684 2154 ή
737 2084 855 2152 ὥρα
894 2097 1016 2155 μου·
1056 2100 1076 2133 ι
1128 2080 1435 2143 τουτέστιν,
1478 2077 1795 2147 ἐπιτήδειος

191 2181 384 2253 καιρὸς
414 2181 477 2233 οὑ
498 2180 785 2250 πάρεστιν.
820 2175 962 2228 Ἀλλ’
986 2174 1065 2228 ἔτι
1084 2172 1368 2225 ἐνίσταται
1400 2168 1547 2241 ἡτοῦ
1579 2170 1793 2239 Ἀρείου

190 2271 383 2337 λύττα,
438 2268 610 2335 δεῖξαι
660 2266 980 2338 πειρωμένη
1027 2265 1119 2317 τὸν
1174 2261 1382 2334 Κύριον
1420 2261 1790 2330 ὑποκείμενον

190 2365 365 2435 ὥραις
404 2362 497 2417 καὶ
564 2362 799 2432 καιροῖς.
836 2358 1097 2414 Μάνθανε
1139 2356 1345 2419 τοίνυν,
1397 2348 1443 2408 ὧ
1482 2354 1792 2425 κατάρατε,

188 2455 267 2518 ὥς
302 2457 351 2508 εἰ
386 2452 645 2506 ὑπέκειτο
681 2449 877 2521 ὥραις,
919 2449 1038 2512 πῶς
1076 2447 1264 2501 λοιπὸν
1306 2447 1535 2517 ἐποίησε
1567 2446 1627 2498 τὸ
1656 2446 1789 2499 θαῦ-

194 2563 315 2617 μα;
357 2544 506 2599 Ἔδει
540 2545 673 2615 γὰρ,
716 2545 861 2596 κατα
901 2542 994 2595 τὸν
1041 2542 1133 2595 σὸν
1179 2540 1362 2608 λόγον,
1395 2541 1518 2592 ἐπεὶ
1544 2538 1793 2593 δουλεύει

190 2642 365 2710 ὥραις
407 2639 504 2691 καὶ
538 2639 778 2707 καιροῖς,
821 2634 977 2689 οὑπω
1010 2634 1065 2687 δὲ
1100 2629 1239 2705 ἧκεν
1265 2634 1299 2703 ἡ
1331 2631 1454 2705 ὥρα
1470 2632 1663 2699 αὑτοῦ,
1717 2633 1793 2704 μὴ

188 2732 489 2803 δυνηθῆναι
521 2730 1018 2800 θαυματουργῆσαι
1045 2744 1058 2757 °
1090 2727 1228 2781 ἅλ’λὰ
1257 2720 1365 2798 μὴν
1408 2726 1794 2798 ἐθαυματούρ-

191 2841 363 2896 γησεν
393 2842 406 2856 ·
438 2824 540 2877 οὑκ
594 2822 704 2894 ἄρα
758 2820 1005 2875 δουλεύει
1036 2819 1231 2892 ὥραις.
1273 2819 1419 2891 Ὅρα
1452 2820 1509 2872 δέ
1546 2836 1637 2890 μοι
1676 2819 1793 2882 πῶς

186 2923 293 2974 οὑκ
338 2922 468 2991 ἄχρι
529 2918 743 2982 τέλους,
802 2915 923 2968 οὐδὲ
955 2915 1048 2968 δια
1105 2914 1328 2968 πάντων
1366 2913 1662 2967 ἀντιτείνει
1721 2914 1788 2982 τῇ

189 3012 403 3081 Μητρί³
459 3010 574 3064 ἀλλ’
625 3006 936 3077 ἐπιπλήξας
982 3006 1201 3077 μικρὸν,
1234 3006 1399 3061 πάλιν
1432 3006 1533 3076 τὴν
1564 3004 1792 3069 ἀξίωσιν

184 3104 360 3174 αὐτῆς
392 3103 616 3174 πληροῖ,
650 3100 831 3171 τιμῶν
856 3099 1052 3169 αὑτὴν,
1084 3101 1176 3153 καὶ
1206 3101 1343 3170 ἡμῖν
1364 3099 1573 3162 τύπους
1604 3098 1788 3161 διδοὺς

183 3195 288 3266 τῆς
327 3195 467 3266 πρὸς
493 3182 624 3255 τοὺς
649 3191 911 3254 τεκόντας
939 3190 1145 3253 αἰδοῦς.
1170 3180 1194 3201 ⁶

264 3390 284 3424 ι
325 3372 493 3440 Λέγει
522 3369 798 3442 ἠίΜήτηρ
827 3365 993 3422 αὑτοῦ
1030 3370 1145 3432 τοῖς
1184 3368 1458 3433 διακόνοις
1480 3386 1494 3401 ο
1527 3369 1597 3423 "0
1619 3386 1671 3422 τι
1723 3368 1790 3422 ἂν

86 3459 92 3463 ⁴
178 3466 321 3540 λέγῖ⁸
353 3468 501 3536 ὑμῖν,
535 3465 831 3535 ποιήσατε.
865 3458 1049 3515 Ἦσαν
1091 3461 1149 3515 δὲ
1205 3464 1324 3514 ὲκεῖ
1349 3461 1532 3532 ὑδρίαι
1575 3460 1786 3515 λίθιναι

180 3558 247 3624 ἒξ
306 3556 559 3618 κείμεναι
612 3553 756 3607 κατὰ
791 3553 884 3605 τὸν
925 3551 1277 3622 καθαρισμὸν
1328 3552 1437 3604 τῶν
1481 3550 1785 3619 Ἰουδαίων,

182 3645 468 3719 χωροῦσαι
498 3644 603 3697 ἀνὰ
636 3642 918 3713 μετρητὰς
961 3642 1114 3711 δύοῆ
1162 3644 1336 3711 τρεῖς.
1393 3642 1559 3710 Λέγει
1596 3643 1788 3706 αὑτοῖς

178 3740 212 3794 δ
263 3737 499 3808 Ἰησοῦς*
542 3734 817 3804 Γεμίσατε
871 3733 971 3796 τὰς
1014 3732 1205 3802 ὑδρίας
1250 3728 1467 3795 ὓδατος.
1519 3734 1633 3786 Καὶ
1666 3734 1793 3802 ὲγέ-

184 3848 357 3902 μισαν
390 3827 566 3890 αὑτὰς
609 3827 715 3890 ἕως
760 3826 895 3880 ἄνω.
950 3827 1061 3878 Καὶ
1109 3826 1261 3894 λέγει
1300 3827 1517 3888 αὑτοῖς·
1566 3827 1789 3897 Ἀντλή-

180 3940 315 3975 σατε
339 3921 454 3986 νῦν,
484 3922 581 3974 καὶ
599 3920 798 3990 φέρετε
818 3918 896 3989 τῷ
914 3920 1329 3990 ἀρχιτρικλίνῳ.
1357 3920 1467 3975 Καὶ
1483 3920 1745 3990 ἤνεγκαν·
1765 3938 1786 3974 ι

178 4017 309 4079 Τοῖς
332 4014 607 4077 διακόνοις
633 4012 786 4083 λέγει
810 4015 843 4083 ἡ
874 4013 1101 4083 Μήτηρ·
1139 4031 1157 4064 ι
1190 4014 1259 4066 '0
1289 4030 1342 4066 τι
1372 4014 1439 4067 ἂν
1466 4014 1602 4086 λέγῃ
1633 4015 1788 4084 ὑμίν,

175 4110 475 4178 ποιήσατε·
516 4126 535 4158 ι
572 4104 716 4159 ὥστε
765 4105 1008 4180 ,πλείονα
1068 4105 1332 4174 γενέσθαι
1389 4108 1491 4177 τὴν
1539 4110 1786 4177 αἴτησιν,

175 4195 600 4268 προσελθόντων
636 4192 820 4250 αὑτῶν
849 4194 945 4248 καὶ
985 4194 1399 4265 αἰτησαμένων·
1435 4198 1511 4259 ὠς
1541 4198 1610 4251 ἂν
1645 4199 1791 4269 δειχ⁸

176 4288 273 4360 θῇ,
312 4289 395 4342 ὅτι
429 4287 532 4340 οὑκ
562 4284 850 4349 ἀσθενείας
875 4282 942 4358 ἦν
973 4288 1006 4356 ἠ
1031 4288 1391 4359 παραίτησις,
1424 4289 1563 4344 ἀλλὰ
1582 4289 1679 4343 τοῦ
1714 4292 1789 4363 μὴ

172 4380 327 4444 δόξαι
376 4380 693 4450 ἐπιτρέχειν
724 4368 859 4440 ταῖς¹
892 4378 1369 4452 θαυματουργίαις
1417 4382 1507 4434 διὰ
1560 4382 1790 4450 ἔκδειξιν

174 4472 276 4526 καὶ
301 4472 458 4525 κενδν
492 4470 682 4541 τῦφον.
711 4472 777 4525 Δί
800 4469 857 4524 δὲ
889 4471 1071 4542 ὑδρίαι
1108 4473 1169 4525 αί
1201 4472 1425 4537 λίθιναι,
1456 4475 1537 4537 είς
1564 4474 1657 4528 τὸν
1683 4492 1786 4529 κα·-

1905 594 2061 657 Filii.
2098 597 2167 648 At
2216 590 2306 648 ille
2362 592 2612 661 increpat
2673 603 2821 653 eam,
2883 600 2991 641 non
3055 586 3316 641 absurde.
3376 586 3519 642 Dicit

1905 683 2075 747 enim,
2107 680 2164 737 Si
2196 696 2308 737 non
2341 683 2497 736 adest
2526 680 2739 745 vinum,
2774 686 2993 746 oportet
3026 675 3150 731 illos
3179 677 3349 746 ipsos,
3394 680 3521 749 qui~

1905 776 2009 831 bus
2038 776 2215 837 deest,
2246 776 2512 830 accedere
2542 784 2597 829 et
2631 787 2849 843 rogare,
2896 779 2953 826 et
3014 786 3123 825 non
3160 779 3213 823 te
3260 780 3514 826 matrem.

1902 868 2041 923 Nam
2073 869 2294 938 quando
2326 868 2618 922 hortantur
2648 884 2676 920 a
2708 866 3051 934 domesticis,
3085 862 3407 919 scandalum
3456 862 3515 917 lit

1904 962 2239 1017 videntibus.
2301 960 2531 1028 Quando
2588 967 2772 1012 autem
2838 958 2890 1012 bi
2959 963 3157 1026 rogant
3224 956 3316 1026 qtti
3374 971 3516 1024 Opus

1907 1054 2133 1118 habent,
2198 1054 2514 1124 suspicione
2581 1068 2669 1108 res
2730 1061 2905 1106 caret.
2969 1051 3241 1105 Cteterum
3302 1049 3514 1114 dicens,

1878 1188 1881 1189 ν
1912 1166 1930 1199 ι
1952 1145 2201 1201 Nondum
2227 1147 2379 1201 venit
2406 1146 2541 1201 hora
2567 1159 2707 1211 mea,
2734 1163 2753 1197 ι
2785 1160 2892 1198 non
2919 1144 3035 1198 vult
3062 1144 3209 1212 quod
3240 1142 3516 1198 obnoxius

1906 1242 1979 1296 sit
2016 1239 2443 1294 necessitatibus
2478 1249 2824 1308 temporum,
2884 1237 2969 1293 vel
3026 1239 3190 1291 horas
3234 1235 3514 1302 observet,

1903 1330 2204 1406 (quomodo
2238 1330 2383 1384 enim
2421 1329 2524 1383 hoc
2586 1329 2771 1382 dicere
2820 1341 3106 1398 possemus
3152 1323 3518 1381 de’Factore

1905 1433 2212 1494 temporum
2241 1432 2298 1476 et
2322 1421 2649 1476 szcculorum
2675 1420 2721 1493 ἲ)
2755 1422 2849 1475 sed
2883 1420 3028 1489 quod
3060 1420 3243 1474 omnia
3267 1429 3515 1485 tempore

1903 1529 2146 1584 congruo
2198 1524 2479 1582 operetur.
2519 1510 2690 1583 Igitur
2730 1512 2993 1583 quoniam
3022 1512 3218 1565 adhuc
3268 1511 3517 1579 incogni-

1903 1612 1992 1659 tus
2051 1612 2193 1666 erat,
2253 1612 2308 1657 et
2346 1601 2597 1657 occultus
2649 1602 2858 1665 multis,
2928 1609 2982 1656 et
3036 1600 3279 1654 nondum
3317 1611 3516 1653 omnes

1902 1695 2142 1751 habebat
2167 1694 2490 1764 discipulos,
2519 1706 2574 1749 et
2592 1709 2769 1761 neque
2794 1692 2874 1759 hi,
2893 1693 2987 1764 qui
3020 1693 3073 1747 in
3100 1692 3305 1761 nuptiis
3332 1698 3514 1750 erant.

1900 1803 2027 1843 eum
2059 1790 2429 1861 agnoscebant
2468 1804 2483 1840 :
2518 1802 2643 1840 nam
2672 1785 2915 1856 alioquin
2966 1786 3067 1856 ipsi
3124 1788 3516 1849 acccssissen',

1902 1890 1956 1939 et
1989 1890 2277 1952 rogassent
2320 1896 2419 1951 pro
2458 1878 2588 1935 vino
2621 1894 2638 1933 :
2666 1879 2793 1950 quia
2835 1880 2949 1933 haec
2975 1879 3160 1933 omnia
3204 1879 3276 1935 ita
3318 1892 3377 1932 se
3412 1877 3514 1931 hac

1900 1973 2148 2028 hebant:
2191 1990 2211 2023 ι
2259 1970 2514 2026 Nondum
2550 2010 2566 2037 ,
2620 1971 2843 2041 inquit,
2896 1971 3048 2025 venit
3101 1970 3233 2025 hora
3286 1984 3447 2035 mea,
3488 1987 3511 2023 ι

1900 2064 2005 2120 hoc
2040 2076 2148 2130 est,
2185 2073 2557 2133 opportunum
2595 2073 2813 2133 tempus
2844 2065 3086 2117 nondum
3121 2062 3298 2118 adest.
3326 2064 3394 2118 At
3423 2062 3514 2117 hic

1900 2157 2077 2211 adhuc
2106 2167 2261 2225 urget
2287 2155 2402 2210 Arii
2442 2157 2618 2223 furor,
2656 2157 2749 2226 qui
2808 2164 3118 2211 monstrare
3156 2156 3352 2209 nititur
3408 2156 3514 2209 Duo

1874 2248 2109 2302 .minum
2144 2247 2298 2302 boris
2324 2258 2380 2303 et
2411 2248 2755 2318 temporibus
2791 2246 3099 2303 subditum.
3135 2248 3293 2302 Disce
3325 2246 3512 2317 igitur,

1899 2353 1932 2393 ο
1966 2338 2274 2403 maledicte,
2328 2340 2477 2408 quod
2511 2341 2557 2394 si
2616 2339 2811 2394 fuisset
2860 2339 3012 2394 boris
3063 2348 3121 2394 et
3175 2338 3517 2411 temporlbus

1898 2432 2205 2503 subjectus,
2267 2434 2543 2500 quomodo
2607 2442 2798 2503 postea
2859 2431 3087 2489 fecisset
3142 2427 3517 2489 miraculum?

1897 2526 2200 2598 Oportebat
2228 2527 2400 2590 enim,
2436 2530 2743 2582 secundum
2784 2542 3099 2583 sermonem
3136 2537 3314 2592 tuum,
3343 2540 3518 2597 quan-

1899 2620 2195 2689 doquidem
2237 2620 2473 2678 serviret
2536 2620 2690 2675 horis
2743 2630 2800 2675 et
2858 2621 3221 2689 temporibus,
3269 2620 3514 2674 nondum

1896 2723 2077 2767 autem
2114 2714 2357 2769 venisset
2387 2714 2520 2767 bora
2560 2712 2701 2783 ejus,
2752 2722 2810 2767 ut
2857 2728 2963 2767 non
3013 2721 3204 2782 posset
3239 2711 3507 2767 miracula

1898 2804 2083 2861 facere
2109 2824 2121 2858 :
2150 2806 2245 2859 sed
2275 2805 2601 2859 miraculum
2628 2805 2782 2860 fecit:
2813 2820 2920 2859 non
2955 2805 3122 2877 igitur
3142 2806 3313 2859 servit
3340 2805 3511 2859 boris.

1900 2898 2034 2952 \‘itlc
2089 2909 2295 2964 autem,
2336 2913 2457 2965 orn,
2489 2900 2769 2968 quomodo
2819 2915 2927 2953 non
2981 2914 3157 2967 usque
3203 2899 3269 2951 ad
3323 2898 3512 2956 (luem.

1896 3010 2072 3063 neque
2102 3009 2199 3061 per
2227 2994 2409 3046 omnia
2438 2982 2645 3047 resistit
2678 2993 2865 3060 matri,
2893 2995 2987 3049 sed
3006 3008 3136 3047 cum
3166 3008 3287 3047 eam
3318 3006 3512 3061 parum

1897 3086 2338 3156 perstrinxisset,
2365 3087 2561 3139 iterum
2600 3101 2792 3155 preces
2829 3085 2949 3154 ejus
2997 3085 3208 3156 implet,
3234 3086 3517 3141 honoratis

1899 3181 2073 3245 illam,
2138 3195 2193 3233 et
2232 3178 2391 3234 nobis
2432 3181 2525 3233 dat
2581 3180 2815 3234 formam
2870 3179 3196 3235 reverentia:
3247 3193 3379 3251 erga
3419 3195 3512 3250 pa-

1898 3286 2104 3329 rentes.

1978 3365 2145 3421 νεεδ.
2183 3364 2304 3421 5-8.
2346 3384 2365 3419 ι
2417 3366 2552 3421 Dicit
2596 3361 2770 3421 Mater
2813 3366 2936 3436 ejus
2971 3367 3280 3424 ministris:
3324 3366 3516 3435 Quod-

1894 3475 2113 3529 cunque
2138 3459 2341 3513 dixerit
2365 3458 2545 3522 vobis,
2583 3460 2770 3516 facite.
2798 3458 2971 3514 Erant
2999 3470 3185 3515 autem
3212 3460 3285 3515 ibi
3308 3461 3518 3533 hydria:

1894 3552 2126 3621 lapideae
2156 3545 2254 3607 sex
2294 3552 2488 3622 posita:
2519 3554 2822 3608 secundum
2863 3552 3310 3623 puriﬁcatiOuem
3336 3552 3518 3610 Judm-

1893 3660 2073 3707 orum,
2111 3648 2395 3714 capientes
2423 3646 2653 3714 singulm
2688 3655 2953 3701 metretas
2993 3645 3153 3702 binas
3196 3662 3260 3701 ac
3303 3658 3515 3702 ternas.

1894 3736 2041 3792 Dicit
2072 3738 2150 3793 eis
2195 3734 2396 3793 Jesns:
2435 3737 2669 3806 lmplete
2712 3738 2939 3809 bydrias
2976 3753 3141 3808 aqua.
3188 3740 3254 3793 Et
3313 3740 3512 3807 imple-

1893 3840 2090 3886 verunt
2127 3847 2223 3887 eas
2255 3846 2429 3902 usque
2464 3834 2530 3885 ad
2578 3848 2879 3888 summum.
2926 3832 2992 3886 Et
3027 3833 3166 3887 dicit
3197 3834 3279 3888 eis
3310 3850 3322 3887 :
3355 3833 3515 3908 qllau-

1894 3925 2001 3978 rite
2054 3940 2227 3989 nunc,
2280 3933 2333 3979 et
2391 3923 2533 3979 ferte
2594 3924 3019 3981 architricllno:
3075 3936 3132 3982 et
3184 3927 3450 3984 tulerunt.
3490 3947 3511 3980 ι

1894 4013 2162 4069 Miuistris
2207 4012 2344 4069 dicit
2399 4014 2614 4069 Mater:
2676 4034 2695 4067 ι
2733 4015 3009 4085 Quidquid
3065 4017 3269 4072 dixerit
3322 4020 3502 4082 vobis.

1893 4106 2082 4163 facite.
2151 4127 2170 4160 ι
2233 4109 2413 4178 Atque
2490 4109 2564 4163 ita
2615 4125 2740 4163 cum
2817 4109 2995 4179 major
3063 4111 3223 4167 ﬂeret
3277 4114 3513 4184 petitio,

1894 4215 2129 4271 cmuque
2191 4201 2557 4256 accessissent
2616 4211 2671 4257 et
2728 4200 2849 4267 illi,
2926 4217 2993 4258 ac
3050 4202 3324 4273 petissent
3371 4223 3385 4260 :
3454 4217 3513 4261 nt

1896 4302 2233 4348 ntonstretur
2280 4294 2431 4363 quod
2487 4308 2595 4347 non
2652 4292 2998 4349 inﬁrmitatis
3046 4292 3215 4352 fuerit
3270 4298 3514 4369 repulsa,

1893 4391 1987 4440 sed
2046 4402 2112 4440 ne
2163 4387 2445 4442 videretur
2500 4401 2793 4442 accurrere
2855 4398 2911 4443 et
2968 4386 3237 4446 festinare
3284 4394 3353 4447 ad
3408 4395 3515 4448 mi-

1893 4478 2205 4533 raculorum
2288 4481 2669 4549 operationem
2758 4492 2983 4551 propter
3073 4487 3513 4543 oatentationetn

176 4565 450 4637 θαρισμον
478 4564 588 4618 τῶν
649 4564 924 4618 Ἰουδαίων
966 4566 1363 4638 ἐχρημάτιζον.
1394 4568 1458 4620 Ol
1500 4568 1610 4638 γὰρ
1654 4568 1785 4622 Ἰου-

1898 4568 2058 4640 533
2091 4579 2145 4625 et
2174 4585 2368 4625 vanam
2403 4570 2660 4641 gloriam.
2696 4569 2949 4641 Lapideus
2979 4580 3161 4628 autem
3205 4577 3415 4646 hydrire
3442 4578 3512 4632 ad

176 4659 320 4714 δαίοι
360 4657 485 4713 καθ’
526 4658 767 4728 ἑκάστην
820 4657 1008 4729 σχεδὸν
1039 4658 1437 4726 άπεπλύνοντο,
1481 4660 1579 4714 καὶ
1613 4660 1787 4725 οὕτως

174 4749 367 4820 ἤσθιον
388 4767 401 4781 ·
426 4744 561 4816 οἷον,
594 4750 644 4801 εί
662 4748 867 4820 λεπροῦ
893 4749 1128 4822 ἥψαντο,
1156 4749 1206 4801 εί
1237 4748 1460 4821 νεκροῦ,
1493 4752 1540 4802 εί
1562 4750 1788 4818 γυναικὶ

173 4841 488 4912 ὡμίλησαν,
523 4841 599 4904 ὡς
652 4840 958 4913 ἀκάθαρτοι
1005 4842 1194 4896 λοιπὸν
1223 4841 1379 4906 ὄντες
1429 4843 1783 4899 ἁπελούοντο.

187 4936 347 4988 Ἐπεὶ
374 4933 467 4989 οὖν
498 4936 531 5005 ἡ
562 4933 902 5005 Παλαιστίνη
926 4933 1158 5005 ἄνυδρος
1192 4930 1282 5007 ἦν,
1316 4935 1409 4988 καὶ
1432 4935 1534 4989 οὑκ
1560 4931 1630 5007 ἦν
1658 4937 1787 4989 πολ-

170 5028 346 5099 λαχοῦ
392 5028 580 5098 πηγὰς
633 5027 940 5099 εὑρίσκειν,
982 5027 1260 5096 ἐπλήρουν
1310 5028 1399 5081 ἀεὶ
1445 5028 1546 5092 τὰς
1596 5029 1788 5100 ὑδρίας

176 5123 398 5189 ὕδατος,
429 5122 571 5176 ὥστε
611 5121 687 5193 μὴ
718 5122 935 5194 τρέχειν
970 5123 1050 5186 είς
1082 5125 1388 5193 ποταμοὺς,
1432 5124 1620 5176 εῐποτε
1653 5124 1787 5176 ἀκά-

172 5204 369 5285 θαρτοι
411 5216 675 5283 γένοιντο.
724 5216 837 5286 Οὐχ
869 5215 1057 5279 ἁπλῶς
1094 5211 1191 5268 οὖν
1239 5211 1417 5281 εἶπεν,
1450 5217 1533 5270 ὅτι
1574 5237 1592 5269 ι
1633 5218 1778 5271 κατὰ

168 5308 270 5362 τδν
303 5310 655 5380 καθαρισμὸν
704 5307 814 5365 τῶν
857 5307 1164 5362 Ἰουδαίων’
1207 5328 1225 5362 ι
1262 5309 1378 5363 ἀλλ’
1414 5310 1500 5363 ἵνα
1543 5312 1617 5380 μή
1642 5325 1788 5374 τινες

169 5400 288 5453 τῶν
317 5402 565 5453 ἀπίστων
617 5400 1063 5467 ὑποπτεύσωσιν,
1096 5402 1181 5456 ὅτι
1213 5402 1417 5472 τρυγία
1451 5398 1631 5472 τιςκῆν
1664 5405 1788 5456 ὲνα-

170 5491 511 5561 πομείνασα,
546 5486 669 5544 εἶτα
702 5490 795 5544 τοῦ
828 5491 1021 5555 ὕδατος
1050 5492 1442 5563 ὲπιϐληθέντος
1492 5494 1588 5546 καὶ
1622 5511 1815 5564 κεραον

173 5585 421 5649 σθένεος,
481 5579 624 5647 οἶνος
686 5584 1019 5648 λεπτότατος
1075 5586 1294 5654 γέγονε,
1353 5586 1653 5652 δείκνυσιν,
1703 5589 1785 5641 ὅτι

166 5678 434 5731 οὐδέποτε
466 5679 649 5730 ἐκεῖνα
682 5678 973 5747 γεγόνασιν
1004 5680 1149 5731 οἴνου
1177 5680 1381 5749 δοχεῖα.
1404 5677 1531 5751 ⁷Δρ’
1562 5680 1657 5733 οὑν
1686 5682 1787 5733 οὐκ

166 5772 411 5839 ἠδύνατο
440 5773 536 5824 καὶ
581 5773 755 5843 χωρὶς
786 5772 881 5826 τοῦ
916 5774 1253 5845 γεμισθῆναι
1294 5774 1394 5838 τὰς
1427 5776 1615 5847 ὑδρίας
1663 5775 1787 5827 ὑδα-

167 5880 293 5928 τος,
338 5863 745 5937 δημιουργῆσαι
796 5862 938 5920 οἶνον
988 5868 1047 5931 ἐξ

1095 5869 1194 5921 οὐκ
1247 5869 1301 5921 ὃν
1313 5886 1417 5923 των
1439 5889 1451 5934 ;
1518 5871 1713 5922 ἹΙδ-Σνα
1724 5889 1781 5924 το

1892 4662 2334 4732 purificationem
2394 4662 2712 4719 Judmorum
2789 4666 3046 4721 aderant.
3124 4664 3298 4723 Judaei
3356 4672 3509 4725 enim

1891 4755 2065 4811 ferme
2117 4756 2348 4825 singulis
2400 4756 2554 4813 boris
2610 4757 3001 4825 abluebantur,
3037 4771 3092 4817 et
3127 4763 3208 4817 sic
3244 4766 3510 4822 comede-

1888 4849 2027 4903 bant
2058 4868 2072 4904 :
2108 4849 2236 4904 utsi
2274 4851 2587 4922 tetigissent
2615 4852 2922 4922 leprosum,
2961 4855 3041 4909 vel
3088 4868 3387 4926 mortuum,
3419 4860 3511 4914 vel
3592 4899 3596 4905 ς

1892 4955 2008 4994 rem
2069 4941 2398 4999 habuissent
2450 4959 2573 4999 cum
2622 4944 2874 5013 muliere,
2909 4962 2970 5001 se
3013 4947 3295 5014 Iavabaut,
3347 4954 3509 5022 quasi

1891 5032 2158 5087 immundi
2186 5033 2384 5090 forent.
2416 5035 2483 5091 Et
2507 5053 2629 5091 cum
2656 5036 2948 5093 Palaestina
2983 5041 3245 5111 inaquosa
3277 5044 3369 5109 sit,
3406 5060 3511 5102 nec

1894 5126 2096 5195 ubith
2121 5128 2476 5183 inveniantur
2497 5128 2693 5198 fontes,
2720 5130 3024 5200 implebant
3046 5149 3265 5204 semper
3284 5137 3510 5207 hydrias

1892 5228 2058 5287 aqua,
2089 5228 2147 5273 ut
2178 5236 2285 5274 non
2332 5210 2624 5278 currerent
2659 5223 2727 5278 ad
2778 5222 3029 5291 ﬂumina,
3060 5227 3106 5281 si
3147 5231 3369 5297 quando
3402 5230 3514 5285 im-

1893 5312 2076 5366 mundi
2101 5311 2317 5367 ﬁerent.
2353 5314 2471 5369 Non
2508 5327 2715 5371 temere
2745 5317 2912 5387 igitur
2941 5320 3078 5374 dixit
3106 5339 3119 5375 :
3149 5340 3169 5373 ι
3200 5324 3507 5378 secundum

1892 5407 2335 5477 puriﬁcationem
2368 5408 2710 5467 Judzeorum.
2741 5431 2760 5463 ι
2804 5411 2912 5467 Sed
2946 5430 3013 5469 ne
3045 5416 3349 5471 inﬁdelium
3384 5404 3511 5487 qui.

1892 5504 2016 5556 dam
2078 5507 2495 5574 suspicarentur
2544 5508 2689 5576 quod
2750 5510 3087 5564 mansissent
3138 5511 3194 5564 in
3242 5527 3304 5565 ea
3358 5512 3509 5568 {meis

1891 5596 2141 5666 quaedam
2177 5600 2442 5668 reliquiae,
2476 5613 2527 5655 et
2561 5601 2686 5656 dein
2722 5617 2862 5679 aqua
2912 5602 3093 5657 infusa
3118 5616 3170 5658 et
3207 5608 3388 5671 mista,
3429 5611 3510 5659 vi-

1892 5707 2021 5744 num
2048 5692 2244 5747 deinde
2283 5696 2671 5749 tenuissimum
2709 5697 2775 5749 fat
2799 5705 2913 5750 tum
2959 5698 3053 5765 sit,
3084 5702 3325 5755 ostendit
3360 5705 3507 5769 quod

1893 5798 2171 5851 nunquam
2229 5784 2318 5837 illa
2356 5785 2561 5839 fuerint
2602 5787 2711 5841 viui
2763 5791 3132 5857 receptacula.
3186 5792 3332 5855 Jam,
3373 5794 3501 5845 nu'm

1894 5872 2073 5941 putuit
2133 5875 2301 5927 etiam
2359 5879 2569 5951 absque
2612 5892 2676 5930 eo
2710 5880 2854 5947 quod
2891 5880 3250 5949 ituplercntttr
3298 5884 3508 5953 hydria:
