3936 6404
106 373 242 436 1193

785 382 934 440 ENA
947 381 1244 444 RRATIO
1289 381 1368 440 1N
1415 380 1700 442 EVANGI

1819 381 1925 440 ΠΜ
1965 381 2317 443 JUANNIS.
2366 408 2433 419 --
2466 387 2627 447 CAP.
2677 388 2758 449 Il.

3313 391 3451 458 λιιι

101 489 308 558 στερρὰ
356 489 467 542 δεῖν
509 487 650 546 εἶναι
697 491 767 545 τὰ
811 493 906 547 τοῦ
958 495 1205 548 τοιούτου
1257 495 1405 548 οἴνου
1452 494 1700 566 μέλλοντι

1832 495 2099 549 ditiottttm
2127 497 2172 529 °'
2196 512 2362 565 super
2381 514 2575 553 omnes
2599 513 2914 556 comtaueos
2939 521 2952 569 ;
2981 514 3033 558 et
3058 507 3280 573 quando
3305 522 3450 576 prce-

100 579 325 635 ἔσεσοαι
374 585 578 655 δοχεῖα,
619 587 713 638 καὶ
765 587 1172 644 δυσκατάλυτα.
1222 589 1412 659 Λιῢίνη
1456 589 1612 658 ὑδρία
1649 584 1717 658 ἦν

98 675 197 726 τοῦ
230 677 446 731 Παύλου
479 679 540 732 τὸ
575 679 906 747 λογιστικὸν,
937 684 1030 737 καὶ
1063 686 1191 736 ὅταν
1216 684 1430 745 ἐδῖωκε,
1462 682 1714 752 ζηλωτὴς

247 766 274 804 ,τ

99 770 212 838 γὰρ
247 770 309 841 ἦν
338 773 448 825 τῶν
476 775 762 843 πατρικῶν
789 776 1152 846 παραδόσεων
1181 777 1323 846 ὑπὲρ
1347 777 1559 837 πάντας
1583 779 1708 839 τοὺς

1829 587 2070 651 dicabat,
2133 598 2340 642 tautam
2395 592 2542 645 enim
2601 594 2708 645 vim
2767 595 2920 648 verbi
2975 597 3250 665 habebat,
3314 611 3374 653 ut
3422 619 3452 655 a

1826 679 2180 750 LyCaonibus
2240 680 2546 739 Mercurius
2599 685 2924 741 crederetur
2977 690 3042 755 "°,
3101 701 3291 761 utpote
3341 694 3454 749 dux

1826 773 1997 826 verbi.

100 864 542 930 ωνηλικιώτας.
596 867 690 920 καὶ
750 870 880 922 ὅταν
936 870 1235 940 ἐκήρυττε,
1301 870 1573 939 τοσαύτην
1614 871 1724 938 γὰρ
1757 868 1858 938 τὴν
1888 868 1945 919 ἐν
1977 869 2089 931 τοῖς
2123 868 2306 935 λόγοις
2341 869 2577 940 δύναμιν
2606 867 2771 942 εἶχεν,
2841 875 2984 928 ὥστε
3025 877 3119 930 καὶ
3168 881 3270 942 τοῖς
3343 881 3455 935 Λυ-

98 958 290 1010 κεύσιν
354 961 564 1032 Ἑρμῆς
634 964 1003 1034 νομισθῆναι,
1043 966 1119 1029 ὼς
1169 967 1263 1021 τοῦ
1317 968 1480 1036 λόγου
1534 967 1858 1038 ἡγούμενοῖ·

178 1074 196 1101 ι
249 1057 335 1118 Ὠς
363 1058 416 1109 δε
464 1060 730 1127 ἐγεύσατο
762 1067 789 1113 ὁ
821 1057 1237 1133 ἀρχιτρίκλινος
1279 1067 1339 1118 τὸ
1374 1064 1519 1133 ὕδωρ
1569 1061 1715 1116 οἶνον

91 1158 485 1219 γε·,ἐιλημέ·ιον,
519 1156 611 1206 καὶ
645 1155 742 1207 οὐκ
777 1158 891 1227 ᾔδει
923 1159 1092 1212 πόθεν
1125 1161 1274 1212 ἐστὶν
1340 1162 1408 1230 (οξ
1443 1161 1498 1213 δὲ
1529 1161 1556 1213 δ
1585 1163 1714 1215 ἀκο-

93 1260 178 1293 νοι
210 1244 432 1313 ᾔδεισαν
463 1250 510 1298 oi
543 1250 876 1320 ἠντληκότες
911 1253 972 1304 τὸ
1001 1252 1192 1323 ὕδωρ),
1246 1257 1418 1322 φωνεῖ
1446 1256 1536 1307 τὸν
1575 1273 1713 1324 νυμ-

92 1335 219 1402 φίον
242 1337 267 1388 6
295 1339 724 1409 ἀρχιτρίκλινος,
756 1344 849 1396 καὶ
871 1344 1020 1412 λέγει
1054 1346 1203 1414 αύτῴ
1229 1365 1241 1378 ·
1277 1348 1391 1409 Πᾶς
1420 1346 1711 1417 ἄνθρωπος

92 1431 316 1496 πρῶτον
344 1432 435 1484 τὸν
460 1435 626 1487 καλὸν
662 1431 805 1488 οἶνον
834 1438 1040 1507 τίθησι,
1072 1441 1163 1493 καὶ
1197 1442 1326 1493 ὅταν
1365 1441 1706 1510 μεθυσθῶσι,

85 1526 218 1578 τότε
254 1529 344 1581 τὸν
368 1528 615 1584 ὲλάσσω·
652 1535 716 1586 σὺ
748 1536 1062 1606 τετήρηκας
1109 1538 1200 1590 τὸν
1234 1539 1397 1592 καλὸν
1438 1535 1579 1592 οἶνον
1603 1541 1708 1604 ἕως

84 1618 238 1686 ἄρτι.
288 1641 304 1671 ι
356 1622 413 1674 ’0
446 1625 859 1696 ἀρχιτρίκλινος
888 1629 1008 1699 ούχὶ
1037 1631 1164 1694 τοὺς
1186 1633 1470 1695 διακόνους
1499 1636 1706 1702 ἐρωτᾷ,

81 1709 232 1763 ἀλλὰ
269 1713 359 1765 τὸν
407 1717 668 1784 νυμφίον.
727 1719 884 1783 Τίνος
923 1722 1144 1786 ἓνεκεν;
1200 1724 1339 1775 Κατ’
1387 1727 1707 1796 οἰκονομίαν

1905 1061 2069 1116 Vens.
2093 1063 2147 1126 9,
2183 1063 2270 1117 lO.
2303 1083 2322 1116 ι
2363 1062 2665 1134 Postquam
2687 1079 2867 1124 autem
2894 1085 3171 1141 gustasset
3202 1081 3456 1138 architri-

1825 1153 2001 1208 cliuus
2038 1171 2238 1223 aquam
2282 1159 2331 1210 in
2372 1160 2557 1214 viuum
2599 1177 2855 1227 versam,
2889 1182 3066 1237 neque
3109 1173 3278 1226 sciret
3307 1179 3454 1231 unde

1825 1259 1990 1312 esset,
2023 1249 2119 1303 sed
2152 1241 2388 1305 u‘iinistri
2434 1254 2683 1309 sciebant
2729 1258 2821 1327 qui
2879 1261 3182 1318 hauserant
3224 1281 3448 1335 aquam,

1829 1353 1984 1392 ιοιιιι
2022 1357 2292 1408 sponsum
2326 1345 2743 1403 :errltitriclinus
2773 1392 2787 1416 ,
2838 1361 2893 1406 et
2943 1353 3081 1408 dicit
3134 1357 3186 1411 ei
3217 1377 3228 1412 :
3256 1359 3453 1417 Omnis

1825 1429 1989 1484 hunc
2020 1437 2199 1501 primo
2230 1434 2350 1489 loco
2386 1438 2591 1490 bonum
2631 1441 2816 1495 vinum
2852 1445 3030 1512 ponit,
3075 1457 3127 1501 et
3170 1440 3293 1504 c'ttm
3334 1453 3452 1508 iue-

1828 1525 1986 1578 Iariati
2021 1526 2250 1593 fuerint,
2286 1531 2488 1585 luucid
2516 1536 2660 1602 quod
2690 1536 2939 1593 deterius
2959 1551 3066 1595 est.
3103 1540 3182 1595 Tu
3214 1547 3452 1600 servasti

1824 1617 2026 1672 bonum
2072 1621 2257 1674 viuum
2310 1639 2484 1694 usque
2514 1628 2581 1680 ad
2617 1629 2720 1683 hoc
2752 1640 2994 1698 tempus.
3042 1653 3060 1686 ι
3097 1636 3450 1695 Architricli-

1825 1728 1927 1768 nus
1963 1730 2069 1768 non
2106 1717 2422 1782 ministros,
2462 1720 2556 1775 sed
2581 1737 2842 1792 sponsum
2868 1727 3196 1800 interrogat.
3226 1731 3452 1798 Quare?

83 1808 312 1870 πάντως
369 1807 540 1863 Θείαν.
593 1811 654 1863 Ei
697 1812 806 1882 γὰρ
853 1815 982 1876 τοὺς
1054 1815 1340 1881 διακόνους
1416 1819 1700 1888 ἠρώτησε,

1824 1806 2066 1860 Omnino
2093 1812 2252 1878 juxta
2315 1814 2560 1869 divinam
2617 1819 3052 1883 providentiam.
3090 1823 3224 1879 Nam
3263 1829 3309 1882 si
3345 1831 3450 1884 mi-

83 1901 314 1962 πάντως
350 1900 416 1954 ἂν
451 1903 817 1972 ἀπεκάλυψαν
853 1905 914 1958 τὸ
945 1906 1160 1976 Θαύμα,
1213 1909 1390 1974 οὐδεὶς
1423 1912 1478 1964 δὲ
1505 1913 1570 1965 ἂν
1607 1914 1708 1965 αύ-

79 1991 206 2052 τοῖς
246 1990 596 2047 ἐπίστευσεν.
650 1995 827 2067 Ἀρχὴ
864 1997 973 2067 γὰρ
1012 1995 1080 2068 ἦν
1129 2001 1238 2052 τῶν
1278 2003 1551 2071 σημείων,
1612 2005 1709 2057 καὶ

78 2081 244 2137 οὔπω
271 2086 448 2150 οὐδεὶς
486 2081 634 2159 εἶχεν
671 2090 945 2162 ὑπόληψιν
984 2093 1232 2164 μεγάλην
1268 2095 1401 2165 περὶ
1434 2097 1530 2150 τοῦ
1569 2100 1708 2170 Χρι-

80 2177 216 2228 στοῦ
237 2194 250 2206 ·
274 2177 414 2232 ὥστε
443 2181 665 2234 καὶτῶν
687 2183 955 2238 διακόνων
982 2187 1392 2256 ἁφηγουμένων
1412 2189 1473 2243 τὸ
1493 2190 1705 2262 Θαῦμα,

76 2268 269 2333 οὐδεὶς
317 2271 382 2324 ἂν
424 2275 741 2332 ἐπίστευσε.
797 2277 956 2331 Μετά
1011 2280 1186 2332 ταῦτα
1244 2281 1436 2350 μέντοι
1474 2285 1564 2337 ὅτε
1614 2288 1708 2341 καὶ⁹

78 2364 254 2434 ἕτερα
293 2370 496 2437 σημεῖα
531 2368 871 2436 ἐπεδείξατο,
924 2372 1122 2442 ἔμελλε
1163 2377 1447 2430 καὶτοῦτο
1478 2396 1709 2434 πιστευ-

78 2454 373 2524 Θὴσεσοαι,
415 2460 506 2512 καὶ
551 2461 693 2514 κατά
727 2463 928 2533 μικρὸν
956 2466 1004 2517 oi
1031 2466 1271 2520 διάκονοι
1316 2470 1455 2541 πρὸς
1496 2473 1708 2537 πάντας

78 2550 471 2619 ἀφηγούμενοι
528 2554 720 2618 τοῦτο,
778 2557 968 2624 ἔδοξαν
1018 2559 1085 2612 ἂν
1140 2562 1344 2617 πιστοί.
1401 2564 1504 2616 Διά
1548 2567 1709 2618 τοῦτο

74 2643 444 2716 ᾠκονόμησεν
468 2649 494 2700 6
524 2649 748 2720 Κύριος,
780 2654 856 2721 μὴ
875 2655 1000 2716 τοὺς
1023 2656 1306 2716 διακόνους
1331 2661 1705 2732 ἐρωτηθῆναι,

75 2736 226 2790 ἀλλὰ
279 2740 369 2790 τὸν
411 2743 666 2809 νυμφίον.
718 2745 828 2814 Οὐχ
888 2747 1080 2811 ἀττλῶς
1128 2749 1184 2802 δὲ
1229 2746 1376 2804 οἷνον
1418 2754 1704 2824 ἐποίησεν,

73 2829 225 2882 ἀλλὰ
258 2834 351 2884 καὶ
405 2835 718 2889 κάλλιστον.
774 2837 1017 2892 Τοιαῦτα
1066 2841 1175 2911 γὰρ
1216 2844 1285 2896 τὰ
1329 2845 1423 2896 τοῦ
1459 2847 1705 2918 Χριστοῦ

76 2920 346 2992 θαύματα
370 2941 381 2953 ’
414 2926 592 2995 πολλῷ
626 2927 824 2996 βελτίω
847 2929 956 2982 τῶν
979 2930 1069 2984 διὰ
1093 2936 1312 3002 φύσεως
1331 2936 1701 3007 τελουμένων.

73 3013 195 3065 Τοῦ
247 3016 346 3084 μὲν
395 3012 489 3069 οὖν
521 3018 580 3071 τὸ
613 3019 760 3090 ὕδωρ
798 3017 944 3076 οἶνον
993 3025 1274 3093 γενέσθαι,
1334 3029 1621 3103 μάρτυρες
1656 3031 1726 3098 οἱ,

68 3106 345 3176 διάκονοι,
396 3112 444 3164 οἱ
485 3112 818 3185 ἠντληκότες
852 3117 912 3170 τὸ
955 3118 1138 3191 ὓδωρο
1179 3121 1274 3174 τοῦ
1319 3122 1377 3176 δὲ
1412 3123 1704 3185 κάλλιστον

65 3203 358 3270 γενέσθαι,
391 3207 417 3257 6
450 3207 864 3279 ἀρχιτρίκλινος
893 3227 906 3240 °
949 3211 1093 3284 ἅπερ
1131 3215 1333 3281 πάντα,
1373 3216 1466 3269 τοῦ
1499 3218 1695 3288 χρόνου

69 3297 390 3364 προϊόντος,
435 3299 662 3368 ἔμελλον
697 3305 1050 3374 κηρυχθέντα
1097 3308 1441 3381 πιστωθῆναι
1474 3311 1696 3379 βεϐαιό-

66 3405 241 3458 τερον
286 3393 397 3454 τοῖς
450 3393 731 3448 ἀκούουσι.
771 3397 1015 3452 Δύνασαι
1054 3399 1111 3452 δὲ
1147 3401 1341 3470 νοῆσαι
1397 3396 1543 3457 οἶνον
1594 3404 1696 3473 μὲν

67 3479 170 3529 τὸν
203 3479 567 3549 εύαγγελικὸν
612 3484 792 3552 λόγον,
847 3487 990 3560 ὕδωρ
1033 3489 1091 3544 δὲ
1124 3492 1304 3544 πάντα
1335 3491 1405 3545 τά
1438 3494 1546 3566 πρὸ
1599 3495 1695 3549 τοῦ

70 3571 426 3640 Εύαγγελίου
456 3591 468 3603 ·
520 3576 864 3651 ὑδαρέστερα
896 3583 1006 3654 γὰρ
1053 3580 1216 3654 ἦσαν,
1271 3587 1365 3639 καὶ
1425 3589 1563 3657 πρὸς
1594 3590 1695 3661 τὴν

67 3663 179 3717 τοῦ
232 3667 395 3736 λόγου
453 3670 736 3727 τελείωσιν
791 3675 866 3746 μὴ
904 3678 1204 3745 φθάνοντα.
1251 3675 1380 3733 Οἷον
1421 3683 1473 3732 τί
1513 3699 1689 3752 φημι·

66 3759 296 3811 Δέδωκε
361 3762 556 3831 νόμους
608 3766 904 3838 διαφόρους
958 3769 1036 3841 τῷ
1093 3771 1430 3844 ἀνθρώπῳό
1465 3777 1694 3846 Κύριος,

65 3851 178 3903 ἕνα
207 3852 299 3908 τὸν
330 3855 493 3925 ἐντῷ
542 3858 882 3932 παραδείσῳς
929 3862 1188 3935 δεύτερον
1244 3867 1336 3919 τὸν
1390 3868 1486 3920 ἐπί
1542 3869 1694 3932 Νῶε,

67 3944 267 4013 τρίτον
317 3948 411 4000 τὸν
463 3950 559 4002 ἐπὶ
608 3952 864 4024 Ἀϐραὰμ
895 3955 998 4024 τῆς
1050 3959 1387 4030 περιτομῆς,
1432 3963 1696 4033 τέταρτον

62 4037 168 4089 τὸν
202 4038 289 4091 διὰ
315 4039 410 4092 τοῦ
455 4042 726 4113 Μωσέως,
765 4048 1032 4118 ’πέμπτον
1092 4051 1181 4104 διὰ
1224 4053 1332 4105 τῶν
1371 4056 1693 4126 προφητῶν.

64 4130 292 4196 Πάντες
318 4131 412 4187 οὖν
437 4129 607 4203 οὗτοι,
639 4138 714 4202 ὡς
744 4141 880 4212 πρὸς
913 4143 1012 4214 τὴν
1054 4144 1141 4198 τοῦ
1170 4146 1509 4215 Εύαγγελίου
1537 4150 1696 4220 ἀκρί-

65 4222 238 4277 ϐειαν
261 4227 355 4279 καὶ
382 4227 613 4300 δύναμιν
647 4235 1095 4304 συγκρινόμενα,
1129 4237 1345 4307 ύδαρεῖς
1378 4241 1538 4304 είσιν,
1559 4241 1696 4304 είτις

64 4316 270 4381 ἁπλῶς
305 4319 505 4385 αὐτοὺς
535 4324 626 4376 καὶ
651 4325 796 4378 κατὰ
828 4327 890 4379 τὸ
919 4329 1159 4398 γράμμα
1183 4333 1309 4386 νοεῖ.
1345 4333 1409 4386 Ei
1437 4332 1481 4384 δ’
1516 4334 1692 4402 ἐμϐα-

65 4409 248 4474 ούνας
281 4411 358 4482 τῷ
388 4414 686 4485 πνεύματι,
722 4423 1054 4492 κατανοήσει
1082 4421 1152 4475 τά
1179 4428 1564 4496 κεκρυμμένα,
1604 4427 1696 4480 εύ-

66 4504 242 4576 ρήσει
264 4505 328 4559 τὸ
353 4506 497 4580 ὕδωρ
533 4505 676 4564 οἶνον
720 4517 1111 4586 γεγενημένον·
1149 4518 1219 4571 τὰ
1247 4522 1315 4586 γά
1327 4535 1358 4588 ρ
1393 4519 1580 4584 ἁπλῶς
1611 4519 1696 4572 λε-

1820 1900 2025 1955 nistros
2050 1903 2474 1976 interrogasset,
2501 1910 2691 1979 utique
2724 1914 3051 1970 miraculum
3085 1919 3447 1991 revelassent,

1815 2000 1871 2044 et
1911 1993 2095 2048 nullus
2131 1997 2215 2050 eis
2250 1999 2605 2056 credidisset.
2659 2003 2881 2059 Initium
2916 2010 3063 2062 enim
3098 2022 3220 2065 erat
3262 2015 3450 2084 signo-

1819 2096 1966 2145 rum,
2002 2093 2056 2138 et
2092 2087 2273 2142 nullus
2305 2091 2488 2144 adhuc.
2532 2093 2852 2160 opinionem
2902 2099 3068 2153 talem
3101 2101 3343 2158 habebat
3379 2108 3446 2162 de

1814 2174 2042 2233 Christo
2070 2198 2082 2232 :
2116 2190 2282 2249 atque
2310 2183 2386 2237 ita
2421 2186 2693 2243 ministris
2725 2193 3084 2248 narrantibus
3112 2198 3445 2254 miraculum

1816 2270 1922 2323 hoc
1949 2272 2134 2327 nullus
2161 2276 2509 2331 credidisset.
2542 2279 2715 2363 igitur
2739 2293 3036 2353 postquam
3068 2299 3123 2342 et
3157 2291 3262 2344 alia
3289 2293 3446 2363 signa

1815 2374 2039 2418 ostensa
2074 2377 2225 2434 sunt,
2262 2371 2528 2426 credibile
2553 2384 2608 2427 et
2643 2355 2744 2430 hoc
2783 2378 3030 2434 l'uturum
3066 2395 3208 2450 erat,
3234 2396 3290 2441 et
3321 2404 3451 2456 pau-

1817 2455 1974 2510 latim
2035 2459 2275 2515 tuiuistri
2335 2466 2598 2521 oumihus
2660 2468 2767 2523 hoc
2832 2485 3206 2543 enat-rantes,
3255 2480 3447 2535 lidclcs

1816 2548 1991 2605 habiti
2046 2550 2293 2609 fuerunt.
2353 2555 2567 2613 Idcirco
2618 2563 2898 2618 ordinavit
2950 2566 3214 2624 Dominus
3253 2575 3449 2627 nemi-

1818 2644 2009 2699 uistris
2077 2647 2598 2720 interrogarentur,
2643 2658 2740 2710 sed
2787 2675 3048 2728 sponsus.
3109 2661 3287 2720 Porro
3334 2685 3446 2725 non

1812 2738 2145 2808 simpliciter
2173 2741 2305 2797 fecit
2335 2745 2547 2813 viuum,
2576 2748 2674 2804 sed
2702 2763 2759 2804 et
2789 2755 3084 2822 optimum.
3117 2756 3242 2815 Haec
3270 2763 3442 2832 enim,

1818 2846 1940 2901 quae
1970 2834 2237 2888 miracula
2272 2836 2476 2892 Christi
2507 2853 2657 2908 sunt,
2697 2846 2871 2900 multo
2907 2850 3146 2905 meliora
3198 2853 3284 2910 his
3318 2868 3447 2912 sunt

1812 2939 1936 2993 quae
1976 2941 2073 2995 per
2118 2938 2376 2986 naturam
2427 2931 2586 2988 fiunt.
2643 2936 2710 2989 Et
2746 2941 2889 3007 quod
2934 2957 3076 3012 aqua
3117 2947 3323 3003 factum
3371 2951 3446 3006 sit

1812 3019 2000 3074 vinum
2027 3061 2042 3086 ,
2085 3032 2256 3079 testes
2304 3035 2434 3080 sunt
2467 3029 2704 3084 ministri
2739 3033 2834 3102 qui
2867 3033 3174 3093 hauserant
3215 3059 3440 3113 aquam.

1811 3112 1973 3179 Quod
2008 3130 2139 3171 vero
2185 3119 2454 3188 optiumm
2511 3122 2703 3190 fuerit,
2743 3127 3166 3188 architricliuus
3210 3112 3445 3194 testatos

1730 3203 1773 3264 C
1808 3214 1895 3260 est
1933 3223 1944 3260 :
1980 3223 2102 3278 quae
2143 3225 2279 3266 sane
2326 3216 2515 3269 omnia
2565 3219 2904 3285 procedente
2949 3234 3196 3295 tempore
3245 3234 3446 3299 praedi-

1805 3308 1949 3364 cata,
1995 3301 2466 3376 credihilioraque
2497 3305 2643 3362 [acta
2681 3320 2812 3363 sunt
2845 3314 3223 3374 audientibus.
3278 3319 3444 3378 Potes

1807 3402 1990 3447 autem
2019 3394 2332 3467 intelligere
2361 3407 2418 3452 et
2450 3400 2635 3456 vinum
2667 3401 2892 3472 quidem
2919 3422 3235 3466 sermonem
3269 3429 3445 3470 evan-

1805 3487 2061 3556 gelicum,
2102 3505 2300 3559 aquam
2325 3503 2506 3548 autem
2535 3498 2719 3550 omnia
2744 3513 2868 3567 qua:
2904 3512 3034 3555 ante
3062 3501 3443 3576 Evangeliuu'.

1801 3596 1924 3650 qua:
1956 3581 2248 3652 liquidiora
2278 3597 2333 3640 et
2363 3588 2688 3659 iusipidiora
2723 3603 2907 3660 erant,
2941 3607 2992 3650 el
3023 3602 3090 3650 ad
3127 3601 3274 3657 illius
3311 3621 3440 3674 per-

1804 3676 2099 3733 fectionem
2136 3695 2244 3733 non
2295 3685 2675 3749 pervenientia
2707 3700 2722 3739 :
2757 3696 2812 3742 et
2850 3699 2910 3741 ut
2944 3691 3156 3761 aliquid
3197 3700 3439 3768 exempli

1804 3773 1980 3837 gratia
2022 3771 2228 3840 dicam,
2285 3774 2553 3833 Dominus
2588 3780 2797 3835 homini
2839 3784 3028 3840 varias
3078 3787 3229 3856 leges
3265 3792 3439 3860 dedit,

1804 3879 1963 3917 unam
1999 3866 2054 3920 in
2092 3871 2376 3937 paradiso,
2419 3876 2721 3929 secundam
2764 3887 3013 3950 tempore
3047 3881 3187 3950 Noe,
3219 3889 3439 3942 tertiam

1801 3959 1903 4010 sub
1935 3958 2242 4031 Abraham,
2273 3981 2470 4036 nempe
2508 3967 3015 4041 circumcisiouem,
3045 3987 3302 4048 quartam
3343 3999 3443 4051 per

1803 4049 2025 4120 Mosen,
2070 4057 2320 4126 quintam
2345 4074 2442 4127 per
2468 4064 2785 4131 prophetas.
2821 4065 3027 4123 Omnes
3061 4071 3228 4140 igitur
3261 4049 3364 4128 illae
3393 4078 3439 4129 si

1802 4146 2160 4204 conferantur
2178 4167 2303 4205 cum
2330 4154 2613 4225 Evangelii
2634 4158 2907 4214 evidentia
2930 4172 2984 4215 et
3001 4166 3071 4216 vii
3089 4173 3226 4230 tute,
3249 4182 3441 4236 aquea:

1802 4251 1949 4307 sunt,
2011 4243 2056 4295 si
2108 4245 2233 4313 quis
2290 4245 2455 4318 535
2510 4263 2606 4303 eas
2656 4251 3062 4322 simpliciteret
3094 4261 3161 4326 ad
3196 4257 3438 4315 litteram

1804 4337 2093 4409 intelligat.
2137 4340 2293 4409 Quod
2325 4345 2372 4398 si
2409 4346 2536 4414 quis
2585 4346 2782 4416 spiritu
2825 4349 3050 4414 incedit,
3089 4362 3143 4407 et
3181 4354 3439 4426 intelligit

1802 4428 2165 4499 abscondita,
2243 4433 2491 4490 inveniet
2545 4452 2747 4508 aquam
2798 4452 3067 4496 mutatam
3116 4445 3168 4499 in
3225 4446 3432 4502 vinum.

1807 4519 1943 4574 Nam
1977 4538 2099 4593 qua:
2134 4525 2465 4596 simpliciter
2495 4527 2778 4596 dicuntur,
2805 4539 2859 4586 et
2881 4530 2948 4585 ad
2984 4533 3228 4590 litteram
3269 4538 3435 4594 intel-

62 4600 290 4669 γόμενα
321 4603 416 4657 καὶ
445 4605 588 4658 κατά
614 4606 675 4658 τὸ
708 4608 948 4677 γράμμα
991 4609 1263 4680 νοούμενα
1297 4614 1412 4674 τοῖς
1452 4612 1690 4678 πολλοῖς,

1825 4616 2068 4685 iguutur,
2105 4619 2295 4673 multis
2335 4621 2562 4676 omnino
2601 4637 2738 4690 aqua
2774 4633 2926 4679 sunt.
2963 4625 3069 4692 Qui
3104 4637 3287 4684 autem
3322 4633 3435 4701 spi-

65 4693 225 4766 ὕδωρ
251 4693 402 4762 ὅντα,
434 4699 657 4764 πάντως
683 4701 710 4753 6
738 4704 1130 4772 πνευματικῶς
1160 4705 1495 4776 ἀνακρίνων,
1531 4706 1696 4777 εὑρή-

65 4805 160 4841 σει
206 4783 350 4845 οῐνον
383 4791 697 4859 κάλλιστον,
729 4792 962 4867 ὕστερον
1022 4797 1334 4868 πινόμενον,
1364 4800 1459 4851 καὶ
1488 4798 1694 4869 τηρού-

65 4899 243 4956 μενον
270 4884 424 4956 παρά
453 4886 549 4940 τοῦ
581 4889 820 4958 νυμφίου
853 4890 1093 4961 Χριστοῦ
1114 4909 1128 4921 ο
1161 4894 1287 4946 ἐπεὶ
1309 4894 1404 4947 καὶ
1441 4894 1500 4947 ἐν
1530 4896 1695 4964 ἐσχά-

58 4993 189 5040 τοις
229 4980 446 5048 καιροίς
474 4977 695 5050 ἐδείχθη
729 4982 790 5034 τὸ
817 4981 1167 5053 Εὑαγγέλιον.

149 5087 170 5121 ι
214 5069 437 5142 Ταύτην
488 5074 719 5145 ἐποίησε
752 5075 850 5148 τὴν
891 5079 1073 5151 ἀρχὴν
1103 5078 1214 5132 τῶν
1251 5081 1499 5151 σημείων
1526 5082 1689 5154 6'11}-

62 5165 206 5232 σοῦς
233 5170 294 5222 ὲν
328 5169 487 5239 Κανᾷ
525 5169 629 5242 τῆς
684 5171 1006 5242 Γαλιλαίας,
1062 5176 1159 5229 καὶ
1209 5176 1526 5246 ἐφανέρωσε
1588 5176 1689 5248 τὴν

59 5261 235 5330 δόξαν
288 5263 483 5327 αὐτοῦ,
521 5265 614 5320 καὶ
662 5267 1003 5321 ἐπίστευσαν
1047 5269 1128 5332 εἰς
1162 5269 1330 5322 αὑτὸν
1359 5270 1410 5320 οἱ
1436 5267 1692 5340 ,μαθηταὶ

61 5354 267 5410 αὑτοῦ.
303 5376 322 5409 ι
361 5357 488 5411 Ὅτι
557 5358 659 5428 μὲν
702 5360 842 5429 μετὰ
877 5363 940 5414 τὸ
991 5361 1282 5432 βάπτισμα
1330 5362 1536 5434 ἧρξατο
1581 5362 1692 5416 τῶν

63 5450 325 5521 σημείων
360 5454 387 5505 ὁ
415 5452 644 5524 Κύριος,
690 5454 784 5507 καὶ
817 5455 1088 5526 πρότερον
1129 5459 1459 5527 εἰρήκαμεν.
1501 5458 1691 5510 Ἔοικε

61 5549 128 5599 δὲ
165 5547 263 5601 καὶ
294 5547 517 5617 πρῶτον
561 5551 790 5620 σημεῖον
825 5551 986 5604 τοῦτο
1041 5553 1267 5623 ποιῆσαι
1301 5554 1362 5604 τὸ
1395 5551 1489 5605 τοῦ
1519 5553 1686 5606 οἴνου.

61 5641 218 5708 Φησὶ
253 5641 392 5711 γάρ’
433 5660 451 5691 ι
487 5642 707 5712 Ταύτην
766 5644 995 5715 ἐποίησε
1045 5645 1144 5716 τὴν
1195 5645 1372 5716 ἀρχὴν
1425 5646 1535 5699 τῶν
1594 5662 1694 5716 ση-

75 5732 277 5803 μείων.
327 5751 346 5784 ι
405 5733 548 5787 Ἀλλ’
578 5736 696 5805 ἐρεῖ
729 5752 835 5800 τις,
872 5736 954 5788 ὅτι
993 5737 1042 5789 εί
1110 5737 1205 5791 καὶ
1240 5740 1384 5810 ἀρχή
1438 5740 1554 5793 ἐστι
1581 5738 1693 5792 τῶν

155 5923 202 5952 ⁸⁸
233 5917 408 5973 Caiat.
437 5935 477 5984 ι,
513 5918 603 5972 Η.
681 5917 726 5949 ⁸⁸
755 5917 881 5973 Act.
916 5936 1028 5988 xw,
1057 5924 1144 5977 ll.

383 6015 659 6072 l'ATROL.
706 6013 824 6072 Gn.
870 6015 1124 6078 CXXlll

1802 4709 2079 4766 ritualiter
2107 4712 2394 4783 dijudicat,
2421 4715 2668 4770 inveniet
2693 4718 2876 4770 viuum
2911 4720 3210 4789 Optimum,
3240 4736 3433 4794 postea

1802 4802 2102 4859 bibendum
2155 4815 2209 4860 et
2259 4807 2594 4862 servandum
2632 4824 2661 4862 a
2691 4825 2898 4878 sponso
2945 4812 3172 4869 Christo
3208 4833 3222 4869 :
3252 4832 3433 4889 quan-

1802 4897 2098 4966 doquidem
2129 4909 2182 4953 et
2210 4898 2263 4953 in
2288 4900 2550 4956 extremis
2574 4902 2917 4971 temporibus
2943 4915 3315 4965 monstratum
3348 4922 3435 4968 est

1802 4987 2188 5062 Evangelium.

1879 5081 2052 5139 Vsus.
2084 5085 2174 5138 Η.
2218 5103 2236 5137 ι
2273 5083 2391 5141 Hoc
2418 5087 2550 5143 fecit
2602 5088 2821 5145 initium
2859 5090 3147 5161 signorum
3181 5094 3346 5153 Jesus
3377 5097 3432 5153 in

1799 5177 1949 5232 Cana
1995 5176 2268 5245 Galilaaze,
2322 5188 2380 5234 et
2426 5181 2804 5238 mamlestavit
2856 5185 3091 5253 gloriam
3131 5205 3314 5256 suam,
3368 5203 3427 5246 et

1803 5267 2164 5323 crediderunt
2205 5269 2259 5323 in
2287 5282 2412 5324 eum
2451 5270 2708 5341 discipuli
2743 5275 2883 5343 ejus.
2922 5294 2942 5328 ›
2976 5276 3132 5345 Quod
3163 5279 3429 5337 Dominus

1803 5363 1958 5435 signa
1994 5366 2212 5432 operari
2247 5366 2476 5436 cmperit
2505 5376 2629 5436 post
2657 5368 3016 5439 baptismum,
3045 5382 3102 5429 et
3131 5375 3282 5443 prius
3306 5377 3430 5446 qui-

1804 5454 1926 5509 dem
1965 5456 2204 5510 diximus
2241 5473 2252 5509 :
2286 5457 2500 5511 videtur
2548 5465 2730 5512 autem
2768 5471 2822 5513 et
2856 5459 2961 5516 hoc
2992 5463 3209 5532 signum
3249 5465 3426 5534 primo

1804 5549 2025 5606 iecisse.
2064 5551 2202 5605 Dicit
2232 5551 2411 5611 enim;
2449 5571 2466 5602 ‹
2507 5551 2617 5607 lloc
2651 5554 2776 5608 fecit
2810 5553 3025 5609 initium
3057 5557 3362 5626 signorum.
3399 5577 3418 5610 ι

1805 5643 1877 5698 At
1908 5645 2053 5700 dicet
2086 5647 2231 5716 quis,
2270 5648 2416 5717 quod
2465 5647 2592 5699 licet
2637 5646 2805 5700 fuerit
2841 5649 3058 5703 initium
3114 5654 3421 5721 signorum,

1809 5753 1917 5794 non
1954 5750 2139 5795 tamen
2170 5740 2443 5808 omnium,
2475 5741 2571 5795 sed
2609 5755 2801 5796 eorum
2843 5757 2963 5810 qua:
2997 5745 3049 5798 in
3086 5745 3239 5802 Cana
3271 5743 3424 5800 Gali-

2914 6020 2994 6079 38
