  <div class='ocr_page' id='page_1' title='image "/cluster/home/n/w/nwhite01/storage/ocr_20150623/123/ien.35556001659978/603.png"; bbox 0 0 3936 6400; ppageno 0'>
   <div class='ocr_carea' id='block_1_1' title="bbox 565 444 703 508">
    <p class='ocr_par' dir='ltr' id='par_1_1' title="bbox 565 444 703 508">
     <span class='ocr_line' id='line_1_1' title="bbox 565 444 703 508; baseline 0 0"><span class='ocrx_word' id='word_1_1' title='bbox 565 444 703 508; x_wconf 79' lang='lat'><strong>1195</strong></span> 
     </span>
    </p>
   </div>
   <div class='ocr_carea' id='block_1_2' title="bbox 1418 428 2854 497">
    <p class='ocr_par' dir='ltr' id='par_1_2' title="bbox 1418 428 2854 497">
     <span class='ocr_line' id='line_1_2' title="bbox 1418 428 2854 497; baseline -0.006 0"><span class='ocrx_word' id='word_1_2' title='bbox 1418 431 2003 497; x_wconf 73' lang='lat' dir='ltr'><strong>THEOPHYLACTI</strong></span> <span class='ocrx_word' id='word_1_3' title='bbox 2040 428 2457 491; x_wconf 69' lang='lat' dir='ltr'><strong>BULGARIJE</strong></span> <span class='ocrx_word' id='word_1_4' title='bbox 2497 428 2854 490; x_wconf 77' lang='lat' dir='ltr'><strong>ARCHIEP.</strong></span> 
     </span>
    </p>
   </div>
   <div class='ocr_carea' id='block_1_3' title="bbox 3708 422 3827 487">
    <p class='ocr_par' dir='ltr' id='par_1_3' title="bbox 3708 422 3827 487">
     <span class='ocr_line' id='line_1_3' title="bbox 3708 422 3827 487; baseline -0.008 0"><span class='ocrx_word' id='word_1_5' title='bbox 3708 422 3827 487; x_wconf 67' lang='lat' dir='ltr'><strong>1M</strong></span> 
     </span>
    </p>
   </div>
   <div class='ocr_carea' id='block_1_4' title="bbox 558 538 2146 621">
    <p class='ocr_par' dir='ltr' id='par_1_4' title="bbox 558 544 2142 621">
     <span class='ocr_line' id='line_1_4' title="bbox 558 544 2142 621; baseline -0.009 -9"><span class='ocrx_word' id='word_1_6' title='bbox 558 560 708 612; x_wconf 66' lang='lat' dir='ltr'><strong>lane:</strong></span> <span class='ocrx_word' id='word_1_7' title='bbox 740 568 867 609; x_wconf 80' lang='lat' dir='ltr'><strong>nam</strong></span> <span class='ocrx_word' id='word_1_8' title='bbox 921 567 1043 608; x_wconf 83' lang='lat' dir='ltr'><strong>cum</strong></span> <span class='ocrx_word' id='word_1_9' title='bbox 1071 551 1224 621; x_wconf 84' lang='lat' dir='ltr'><strong>plura</strong></span> <span class='ocrx_word' id='word_1_10' title='bbox 1254 548 1328 605; x_wconf 86' lang='lat' dir='ltr'><strong>ibi</strong></span> <span class='ocrx_word' id='word_1_11' title='bbox 1368 546 1564 605; x_wconf 87' lang='lat' dir='ltr'><strong>fecerit</strong></span> <span class='ocrx_word' id='word_1_12' title='bbox 1592 547 1768 617; x_wconf 79' lang='lat' dir='ltr'><strong>signa,</strong></span> <span class='ocrx_word' id='word_1_13' title='bbox 1814 544 1914 600; x_wconf 86' lang='lat' dir='ltr'><strong>hoc</strong></span> <span class='ocrx_word' id='word_1_14' title='bbox 1961 553 2142 598; x_wconf 91' lang='lat' dir='ltr'><strong>tamen</strong></span> 
     </span>
    </p>
   </div>
   <div class='ocr_carea' id='block_1_5' title="bbox 2251 538 3832 621">
    <p class='ocr_par' dir='ltr' id='par_1_5' title="bbox 2251 538 3832 615">
     <span class='ocr_line' id='line_1_5' title="bbox 2251 538 3832 615; baseline -0.005 -17"><span class='ocrx_word' id='word_1_15' title='bbox 2251 543 2497 615; x_wconf 79' lang='grc' dir='ltr'>σημείων</span> <span class='ocrx_word' id='word_1_16' title='bbox 2529 542 2692 615; x_wconf 77' lang='grc' dir='ltr'>αὕτη,</span> <span class='ocrx_word' id='word_1_17' title='bbox 2722 541 2839 597; x_wconf 80' lang='grc' dir='ltr'>ἀλλ’</span> <span class='ocrx_word' id='word_1_18' title='bbox 2872 541 2993 612; x_wconf 78' lang='grc' dir='ltr'>οὐχὶ</span> <span class='ocrx_word' id='word_1_19' title='bbox 3021 541 3266 607; x_wconf 78' lang='grc' dir='ltr'>πάντων,</span> <span class='ocrx_word' id='word_1_20' title='bbox 3288 538 3432 595; x_wconf 75' lang='grc' dir='ltr'>ἀλλὰ</span> <span class='ocrx_word' id='word_1_21' title='bbox 3457 538 3577 593; x_wconf 82' lang='grc' dir='ltr'><strong>τῶν</strong></span> <span class='ocrx_word' id='word_1_22' title='bbox 3602 539 3663 591; x_wconf 71' lang='grc' dir='ltr'>ὲν</span> <span class='ocrx_word' id='word_1_23' title='bbox 3698 538 3832 609; x_wconf 62' lang='lat' dir='ltr'><strong>llud</strong></span> 
     </span>
    </p>
   </div>
   <div class='ocr_carea' id='block_1_6' title="bbox 560 637 2140 720">
    <p class='ocr_par' dir='ltr' id='par_1_6' title="bbox 560 637 2140 720">
     <span class='ocr_line' id='line_1_6' title="bbox 560 637 2140 720; baseline -0.009 -17"><span class='ocrx_word' id='word_1_24' title='bbox 560 650 797 720; x_wconf 80' lang='lat' dir='ltr'><strong>primum</strong></span> <span class='ocrx_word' id='word_1_25' title='bbox 829 644 950 700; x_wconf 84' lang='lat' dir='ltr'><strong>fuit.</strong></span> <span class='ocrx_word' id='word_1_26' title='bbox 990 644 1058 698; x_wconf 84' lang='lat' dir='ltr'><strong>Et</strong></span> <span class='ocrx_word' id='word_1_27' title='bbox 1086 645 1201 699; x_wconf 71' lang='lat' dir='ltr'><strong>hec</strong></span> <span class='ocrx_word' id='word_1_28' title='bbox 1230 642 1447 713; x_wconf 80' lang='lat' dir='ltr'><strong>quidem</strong></span> <span class='ocrx_word' id='word_1_29' title='bbox 1484 640 1560 695; x_wconf 84' lang='lat' dir='ltr'><strong>illi</strong></span> <span class='ocrx_word' id='word_1_30' title='bbox 1590 637 1827 694; x_wconf 77' lang='lat' dir='ltr'><strong>dixerint</strong></span> <span class='ocrx_word' id='word_1_31' title='bbox 1860 653 1873 690; x_wconf 87' lang='lat'><strong>:</strong></span> <span class='ocrx_word' id='word_1_32' title='bbox 1907 649 2008 690; x_wconf 82' lang='lat' dir='ltr'><strong>nos</strong></span> <span class='ocrx_word' id='word_1_33' title='bbox 2037 649 2140 689; x_wconf 89' lang='lat' dir='ltr'><strong>au-</strong></span> 
     </span>
    </p>
   </div>
   <div class='ocr_carea' id='block_1_7' title="bbox 567 725 2138 806">
    <p class='ocr_par' dir='ltr' id='par_1_7' title="bbox 567 725 2138 806">
     <span class='ocr_line' id='line_1_7' title="bbox 567 725 2138 806; baseline -0.008 -13"><span class='ocrx_word' id='word_1_34' title='bbox 567 752 673 794; x_wconf 83' lang='lat' dir='ltr'><strong>tem</strong></span> <span class='ocrx_word' id='word_1_35' title='bbox 724 736 971 806; x_wconf 80' lang='lat' dir='ltr'><strong>quamvis</strong></span> <span class='ocrx_word' id='word_1_36' title='bbox 1030 733 1200 789; x_wconf 90' lang='lat' dir='ltr'><strong>multa</strong></span> <span class='ocrx_word' id='word_1_37' title='bbox 1266 732 1567 788; x_wconf 83' lang='lat' dir='ltr'><strong>habeamus</strong></span> <span class='ocrx_word' id='word_1_38' title='bbox 1603 727 1673 783; x_wconf 91' lang='lat' dir='ltr'><strong>ad</strong></span> <span class='ocrx_word' id='word_1_39' title='bbox 1724 725 2138 782; x_wconf 88' lang='lat' dir='ltr'><strong>monstrandum</strong></span> 
     </span>
    </p>
   </div>
   <div class='ocr_carea' id='block_1_8' title="bbox 561 806 2141 902">
    <p class='ocr_par' dir='ltr' id='par_1_8' title="bbox 561 806 2141 902">
     <span class='ocr_line' id='line_1_8' title="bbox 561 806 2141 902; baseline -0.008 -17"><span class='ocrx_word' id='word_1_40' title='bbox 561 830 704 902; x_wconf 90' lang='lat' dir='ltr'><strong>quod</strong></span> <span class='ocrx_word' id='word_1_41' title='bbox 733 828 946 883; x_wconf 89' lang='lat' dir='ltr'><strong>initium</strong></span> <span class='ocrx_word' id='word_1_42' title='bbox 985 826 1148 882; x_wconf 89' lang='lat' dir='ltr'><strong>fuerit</strong></span> <span class='ocrx_word' id='word_1_43' title='bbox 1172 824 1421 881; x_wconf 85' lang='lat' dir='ltr'><strong>omnium</strong></span> <span class='ocrx_word' id='word_1_44' title='bbox 1449 821 1731 893; x_wconf 84' lang='lat' dir='ltr'><strong>signorum</strong></span> <span class='ocrx_word' id='word_1_45' title='bbox 1768 806 1990 889; x_wconf 86' lang='lat' dir='ltr'><strong>(etenim</strong></span> <span class='ocrx_word' id='word_1_46' title='bbox 2015 832 2141 874; x_wconf 91' lang='lat' dir='ltr'><strong>cum</strong></span> 
     </span>
    </p>
   </div>
   <div class='ocr_carea' id='block_1_9' title="bbox 561 911 2144 989">
    <p class='ocr_par' dir='ltr' id='par_1_9' title="bbox 561 911 2144 989">
     <span class='ocr_line' id='line_1_9' title="bbox 561 911 2144 989; baseline -0.01 -9"><span class='ocrx_word' id='word_1_47' title='bbox 561 922 732 987; x_wconf 90' lang='lat' dir='ltr'><strong>dicit,</strong></span> <span class='ocrx_word' id='word_1_48' title='bbox 770 939 789 974; x_wconf 77' lang='grc' dir='ltr'><strong>ι</strong></span> <span class='ocrx_word' id='word_1_49' title='bbox 831 920 1196 976; x_wconf 78' lang='lat' dir='ltr'><strong>Manifestavlt</strong></span> <span class='ocrx_word' id='word_1_50' title='bbox 1225 916 1450 989; x_wconf 90' lang='lat' dir='ltr'><strong>gloriam</strong></span> <span class='ocrx_word' id='word_1_51' title='bbox 1497 928 1675 980; x_wconf 85' lang='lat' dir='ltr'><strong>suam,</strong></span> <span class='ocrx_word' id='word_1_52' title='bbox 1706 922 1763 969; x_wconf 90' lang='lat' dir='ltr'><strong>et</strong></span> <span class='ocrx_word' id='word_1_53' title='bbox 1796 911 2144 967; x_wconf 87' lang='lat' dir='ltr'><strong>crediderunt</strong></span> 
     </span>
    </p>
   </div>
   <div class='ocr_carea' id='block_1_10' title="bbox 558 1005 2141 1084">
    <p class='ocr_par' dir='ltr' id='par_1_10' title="bbox 558 1005 2141 1084">
     <span class='ocr_line' id='line_1_10' title="bbox 558 1005 2141 1084; baseline -0.009 -14"><span class='ocrx_word' id='word_1_54' title='bbox 558 1015 614 1071; x_wconf 88' lang='lat' dir='ltr'><strong>in</strong></span> <span class='ocrx_word' id='word_1_55' title='bbox 641 1030 763 1069; x_wconf 87' lang='lat' dir='ltr'><strong>eum</strong></span> <span class='ocrx_word' id='word_1_56' title='bbox 794 1013 1041 1084; x_wconf 77' lang='lat' dir='ltr'><strong>discipuli</strong></span> <span class='ocrx_word' id='word_1_57' title='bbox 1074 1010 1216 1082; x_wconf 81' lang='lat' dir='ltr'><strong>ejus.</strong></span> <span class='ocrx_word' id='word_1_58' title='bbox 1270 1026 1289 1061; x_wconf 77' lang='grc' dir='ltr'><strong>ι</strong></span> <span class='ocrx_word' id='word_1_59' title='bbox 1324 1007 1530 1063; x_wconf 92' lang='lat' dir='ltr'><strong>indicat</strong></span> <span class='ocrx_word' id='word_1_60' title='bbox 1555 1006 1701 1074; x_wconf 83' lang='lat' dir='ltr'><strong>quod</strong></span> <span class='ocrx_word' id='word_1_61' title='bbox 1739 1014 1866 1059; x_wconf 90' lang='lat' dir='ltr'><strong>ante</strong></span> <span class='ocrx_word' id='word_1_62' title='bbox 1904 1005 2007 1060; x_wconf 93' lang='lat' dir='ltr'><strong>hoc</strong></span> <span class='ocrx_word' id='word_1_63' title='bbox 2035 1016 2141 1058; x_wconf 90' lang='lat' dir='ltr'><strong>non</strong></span> 
     </span>
    </p>
   </div>
   <div class='ocr_carea' id='block_1_11' title="bbox 557 1092 2146 1167">
    <p class='ocr_par' dir='ltr' id='par_1_11' title="bbox 557 1092 2146 1167">
     <span class='ocr_line' id='line_1_11' title="bbox 557 1092 2146 1167; baseline -0.009 -5"><span class='ocrx_word' id='word_1_64' title='bbox 557 1106 753 1162; x_wconf 80' lang='lat' dir='ltr'><strong>fecerit</strong></span> <span class='ocrx_word' id='word_1_65' title='bbox 789 1104 1108 1160; x_wconf 85' lang='lat' dir='ltr'><strong>miraculum</strong></span> <span class='ocrx_word' id='word_1_66' title='bbox 1163 1099 1333 1167; x_wconf 89' lang='lat' dir='ltr'><strong>aliud,</strong></span> <span class='ocrx_word' id='word_1_67' title='bbox 1368 1101 1436 1155; x_wconf 84' lang='lat' dir='ltr'><strong>ab</strong></span> <span class='ocrx_word' id='word_1_68' title='bbox 1479 1099 1571 1155; x_wconf 87' lang='lat' dir='ltr'><strong>illo</strong></span> <span class='ocrx_word' id='word_1_69' title='bbox 1597 1100 1744 1153; x_wconf 90' lang='lat' dir='ltr'><strong>enim</strong></span> <span class='ocrx_word' id='word_1_70' title='bbox 1775 1092 2146 1151; x_wconf 78' lang='lat' dir='ltr'><strong>manifestavit</strong></span> 
     </span>
    </p>
   </div>
   <div class='ocr_carea' id='block_1_12' title="bbox 557 1189 2145 1273">
    <p class='ocr_par' dir='ltr' id='par_1_12' title="bbox 557 1189 2145 1273">
     <span class='ocr_line' id='line_1_12' title="bbox 557 1189 2145 1273; baseline -0.008 -17"><span class='ocrx_word' id='word_1_71' title='bbox 557 1202 783 1273; x_wconf 82' lang='lat' dir='ltr'><strong>gloriam</strong></span> <span class='ocrx_word' id='word_1_72' title='bbox 810 1200 1012 1270; x_wconf 85' lang='lat' dir='ltr'><strong>suam),</strong></span> <span class='ocrx_word' id='word_1_73' title='bbox 1032 1207 1269 1254; x_wconf 89' lang='lat' dir='ltr'><strong>attamen</strong></span> <span class='ocrx_word' id='word_1_74' title='bbox 1298 1212 1406 1253; x_wconf 88' lang='lat' dir='ltr'><strong>non</strong></span> <span class='ocrx_word' id='word_1_75' title='bbox 1435 1193 1879 1265; x_wconf 83' lang='lat' dir='ltr'><strong>disceptabimus,</strong></span> <span class='ocrx_word' id='word_1_76' title='bbox 1902 1190 2016 1246; x_wconf 90' lang='lat' dir='ltr'><strong>sive</strong></span> <span class='ocrx_word' id='word_1_77' title='bbox 2040 1189 2145 1244; x_wconf 90' lang='lat' dir='ltr'><strong>hoc</strong></span> 
     </span>
    </p>
   </div>
   <div class='ocr_carea' id='block_1_13' title="bbox 560 1282 2145 1357">
    <p class='ocr_par' dir='ltr' id='par_1_13' title="bbox 560 1282 2145 1357">
     <span class='ocr_line' id='line_1_13' title="bbox 560 1282 2145 1357; baseline -0.006 -10"><span class='ocrx_word' id='word_1_78' title='bbox 560 1292 674 1347; x_wconf 78' lang='lat' dir='ltr'><strong>sive</strong></span> <span class='ocrx_word' id='word_1_79' title='bbox 709 1290 856 1345; x_wconf 83' lang='lat' dir='ltr'><strong>aliud</strong></span> <span class='ocrx_word' id='word_1_80' title='bbox 893 1289 1058 1346; x_wconf 86' lang='lat' dir='ltr'><strong>fuerit</strong></span> <span class='ocrx_word' id='word_1_81' title='bbox 1087 1290 1258 1357; x_wconf 86' lang='lat' dir='ltr'><strong>prius.</strong></span> <span class='ocrx_word' id='word_1_82' title='bbox 1302 1287 1585 1356; x_wconf 87' lang='lat' dir='ltr'><strong>Quomodo</strong></span> <span class='ocrx_word' id='word_1_83' title='bbox 1616 1296 1797 1342; x_wconf 89' lang='lat' dir='ltr'><strong>autem</strong></span> <span class='ocrx_word' id='word_1_84' title='bbox 1830 1282 2145 1339; x_wconf 84' lang='lat' dir='ltr'><strong>manifesta-</strong></span> 
     </span>
    </p>
   </div>
   <div class='ocr_carea' id='block_1_14' title="bbox 556 1376 2146 1452">
    <p class='ocr_par' dir='ltr' id='par_1_14' title="bbox 556 1376 2146 1452">
     <span class='ocr_line' id='line_1_14' title="bbox 556 1376 2146 1452; baseline -0.004 -16"><span class='ocrx_word' id='word_1_85' title='bbox 556 1381 638 1436; x_wconf 78' lang='lat' dir='ltr'><strong>vit</strong></span> <span class='ocrx_word' id='word_1_86' title='bbox 682 1381 911 1452; x_wconf 88' lang='lat' dir='ltr'><strong>gloriam</strong></span> <span class='ocrx_word' id='word_1_87' title='bbox 940 1379 1137 1435; x_wconf 73' lang='lat' dir='ltr'><strong>suam!</strong></span> <span class='ocrx_word' id='word_1_88' title='bbox 1164 1376 1282 1434; x_wconf 84' lang='lat' dir='ltr'><strong>Non</strong></span> <span class='ocrx_word' id='word_1_89' title='bbox 1317 1376 1474 1433; x_wconf 88' lang='lat' dir='ltr'><strong>multi</strong></span> <span class='ocrx_word' id='word_1_90' title='bbox 1530 1376 1917 1440; x_wconf 91' lang='lat' dir='ltr'><strong>interfuerunt,</strong></span> <span class='ocrx_word' id='word_1_91' title='bbox 1968 1387 2146 1443; x_wconf 87' lang='lat' dir='ltr'><strong>neque</strong></span> 
     </span>
    </p>
   </div>
   <div class='ocr_carea' id='block_1_15' title="bbox 558 1466 2143 1540">
    <p class='ocr_par' dir='ltr' id='par_1_15' title="bbox 558 1466 2143 1540">
     <span class='ocr_line' id='line_1_15' title="bbox 558 1466 2143 1540; baseline -0.008 -12"><span class='ocrx_word' id='word_1_92' title='bbox 558 1485 745 1528; x_wconf 88' lang='lat' dir='ltr'><strong>coram</strong></span> <span class='ocrx_word' id='word_1_93' title='bbox 777 1468 970 1540; x_wconf 89' lang='lat' dir='ltr'><strong>populo</strong></span> <span class='ocrx_word' id='word_1_94' title='bbox 988 1467 1095 1523; x_wconf 85' lang='lat' dir='ltr'><strong>fuit</strong></span> <span class='ocrx_word' id='word_1_95' title='bbox 1120 1468 1347 1525; x_wconf 84' lang='lat' dir='ltr'><strong>factum.</strong></span> <span class='ocrx_word' id='word_1_96' title='bbox 1381 1467 1579 1523; x_wconf 74' lang='lat' dir='ltr'><strong>Verum</strong></span> <span class='ocrx_word' id='word_1_97' title='bbox 1606 1466 1825 1537; x_wconf 88' lang='lat' dir='ltr'><strong>quidem</strong></span> <span class='ocrx_word' id='word_1_98' title='bbox 1850 1478 1958 1519; x_wconf 93' lang='lat' dir='ltr'><strong>non</strong></span> <span class='ocrx_word' id='word_1_99' title='bbox 1994 1473 2143 1529; x_wconf 91' lang='lat' dir='ltr'><strong>tunc,</strong></span> 
     </span>
    </p>
   </div>
   <div class='ocr_carea' id='block_1_16' title="bbox 559 1544 2143 1633">
    <p class='ocr_par' dir='ltr' id='par_1_16' title="bbox 559 1544 2143 1633">
     <span class='ocr_line' id='line_1_16' title="bbox 559 1544 2143 1633; baseline -0.008 -13"><span class='ocrx_word' id='word_1_100' title='bbox 559 1563 656 1620; x_wconf 84' lang='lat' dir='ltr'><strong>sed</strong></span> <span class='ocrx_word' id='word_1_101' title='bbox 689 1573 877 1633; x_wconf 87' lang='lat' dir='ltr'><strong>postea</strong></span> <span class='ocrx_word' id='word_1_102' title='bbox 925 1560 1246 1615; x_wconf 83' lang='lat' dir='ltr'><strong>miraculum</strong></span> <span class='ocrx_word' id='word_1_103' title='bbox 1286 1560 1389 1616; x_wconf 89' lang='lat' dir='ltr'><strong>hoc</strong></span> <span class='ocrx_word' id='word_1_104' title='bbox 1439 1557 1679 1613; x_wconf 85' lang='lat' dir='ltr'><strong>audituri</strong></span> <span class='ocrx_word' id='word_1_105' title='bbox 1729 1564 1889 1611; x_wconf 87' lang='lat' dir='ltr'><strong>erant</strong></span> <span class='ocrx_word' id='word_1_106' title='bbox 1932 1544 2143 1617; x_wconf 88' lang='lat' dir='ltr'><strong>omnes,</strong></span> 
     </span>
    </p>
   </div>
   <div class='ocr_carea' id='block_1_17' title="bbox 563 1644 2148 1721">
    <p class='ocr_par' dir='ltr' id='par_1_17' title="bbox 563 1644 2148 1721">
     <span class='ocr_line' id='line_1_17' title="bbox 563 1644 2148 1721; baseline -0.009 -11"><span class='ocrx_word' id='word_1_107' title='bbox 563 1652 707 1710; x_wconf 90' lang='lat' dir='ltr'><strong>unde</strong></span> <span class='ocrx_word' id='word_1_108' title='bbox 734 1666 906 1721; x_wconf 88' lang='lat' dir='ltr'><strong>usque</strong></span> <span class='ocrx_word' id='word_1_109' title='bbox 936 1652 991 1705; x_wconf 93' lang='lat' dir='ltr'><strong>in</strong></span> <span class='ocrx_word' id='word_1_110' title='bbox 1019 1650 1161 1706; x_wconf 91' lang='lat' dir='ltr'><strong>hunc</strong></span> <span class='ocrx_word' id='word_1_111' title='bbox 1198 1649 1344 1705; x_wconf 79' lang='lat' dir='ltr'><strong>diem</strong></span> <span class='ocrx_word' id='word_1_112' title='bbox 1394 1648 1723 1715; x_wconf 75' lang='lat' dir='ltr'><strong>celebratur,</strong></span> <span class='ocrx_word' id='word_1_113' title='bbox 1760 1656 1816 1701; x_wconf 91' lang='lat' dir='ltr'><strong>et</strong></span> <span class='ocrx_word' id='word_1_114' title='bbox 1848 1646 1901 1700; x_wconf 92' lang='lat' dir='ltr'><strong>in</strong></span> <span class='ocrx_word' id='word_1_115' title='bbox 1932 1644 2148 1711; x_wconf 86' lang='lat' dir='ltr'><strong>occulto</strong></span> 
     </span>
    </p>
   </div>
   <div class='ocr_carea' id='block_1_18' title="bbox 562 1734 2149 1812">
    <p class='ocr_par' dir='ltr' id='par_1_18' title="bbox 562 1734 2149 1812">
     <span class='ocr_line' id='line_1_18' title="bbox 562 1734 2149 1812; baseline -0.008 -9"><span class='ocrx_word' id='word_1_116' title='bbox 562 1757 672 1802; x_wconf 87' lang='lat' dir='ltr'><strong>non</strong></span> <span class='ocrx_word' id='word_1_117' title='bbox 700 1752 807 1801; x_wconf 87' lang='lat' dir='ltr'><strong>est.</strong></span> <span class='ocrx_word' id='word_1_118' title='bbox 844 1742 1000 1812; x_wconf 86' lang='lat' dir='ltr'><strong>Quod</strong></span> <span class='ocrx_word' id='word_1_119' title='bbox 1054 1750 1234 1796; x_wconf 90' lang='lat' dir='ltr'><strong>autem</strong></span> <span class='ocrx_word' id='word_1_120' title='bbox 1279 1748 1334 1797; x_wconf 92' lang='lat' dir='ltr'><strong>et</strong></span> <span class='ocrx_word' id='word_1_121' title='bbox 1365 1739 1617 1809; x_wconf 86' lang='lat' dir='ltr'><strong>discipuli</strong></span> <span class='ocrx_word' id='word_1_122' title='bbox 1650 1738 1769 1809; x_wconf 84' lang='lat' dir='ltr'><strong>ejus</strong></span> <span class='ocrx_word' id='word_1_123' title='bbox 1818 1734 2149 1792; x_wconf 88' lang='lat' dir='ltr'><strong>crediderint</strong></span> 
     </span>
    </p>
   </div>
   <div class='ocr_carea' id='block_1_19' title="bbox 564 1828 2148 1904">
    <p class='ocr_par' dir='ltr' id='par_1_19' title="bbox 564 1828 2148 1904">
     <span class='ocr_line' id='line_1_19' title="bbox 564 1828 2148 1904; baseline -0.008 -10"><span class='ocrx_word' id='word_1_124' title='bbox 564 1841 619 1894; x_wconf 92' lang='lat' dir='ltr'><strong>in</strong></span> <span class='ocrx_word' id='word_1_125' title='bbox 650 1852 799 1904; x_wconf 89' lang='lat' dir='ltr'><strong>eum,</strong></span> <span class='ocrx_word' id='word_1_126' title='bbox 823 1837 894 1893; x_wconf 84' lang='lat' dir='ltr'><strong>ita</strong></span> <span class='ocrx_word' id='word_1_127' title='bbox 928 1834 1193 1903; x_wconf 89' lang='lat' dir='ltr'><strong>intellige,</strong></span> <span class='ocrx_word' id='word_1_128' title='bbox 1230 1834 1370 1903; x_wconf 91' lang='lat' dir='ltr'><strong>quod</strong></span> <span class='ocrx_word' id='word_1_129' title='bbox 1404 1832 1562 1889; x_wconf 84' lang='lat' dir='ltr'><strong>fidem</strong></span> <span class='ocrx_word' id='word_1_130' title='bbox 1612 1832 1926 1901; x_wconf 86' lang='lat' dir='ltr'><strong>ampliorem</strong></span> <span class='ocrx_word' id='word_1_131' title='bbox 1957 1838 2013 1884; x_wconf 89' lang='lat' dir='ltr'><strong>et</strong></span> <span class='ocrx_word' id='word_1_132' title='bbox 2041 1828 2148 1882; x_wconf 88' lang='lat' dir='ltr'><strong>fir-</strong></span> 
     </span>
    </p>
   </div>
   <div class='ocr_carea' id='block_1_20' title="bbox 2243 630 3833 710">
    <p class='ocr_par' dir='ltr' id='par_1_20' title="bbox 2243 630 3833 710">
     <span class='ocr_line' id='line_1_20' title="bbox 2243 630 3833 710; baseline -0.006 -17"><span class='ocrx_word' id='word_1_133' title='bbox 2243 642 2343 710; x_wconf 79' lang='grc' dir='ltr'>τῆς</span> <span class='ocrx_word' id='word_1_134' title='bbox 2380 636 2696 699; x_wconf 78' lang='grc' dir='ltr'><strong>Γαλιλαίας.</strong></span> <span class='ocrx_word' id='word_1_135' title='bbox 2726 635 2972 704; x_wconf 76' lang='grc' dir='ltr'><strong>Διάφορα</strong></span> <span class='ocrx_word' id='word_1_136' title='bbox 3004 632 3137 704; x_wconf 75' lang='grc' dir='ltr'>γὰρ,</span> <span class='ocrx_word' id='word_1_137' title='bbox 3164 634 3353 705; x_wconf 68' lang='grc' dir='ltr'>φησιν,</span> <span class='ocrx_word' id='word_1_138' title='bbox 3393 630 3669 701; x_wconf 78' lang='grc' dir='ltr'>Θαύματα</span> <span class='ocrx_word' id='word_1_139' title='bbox 3697 631 3833 700; x_wconf 61' lang='grc' dir='ltr'>ποιή-</span> 
     </span>
    </p>
   </div>
   <div class='ocr_carea' id='block_1_21' title="bbox 2246 721 3832 799">
    <p class='ocr_par' dir='ltr' id='par_1_21' title="bbox 2246 721 3832 799">
     <span class='ocr_line' id='line_1_21' title="bbox 2246 721 3832 799; baseline -0.005 -14"><span class='ocrx_word' id='word_1_140' title='bbox 2246 748 2440 796; x_wconf 91' lang='grc' dir='ltr'>σαντος</span> <span class='ocrx_word' id='word_1_141' title='bbox 2475 732 2533 784; x_wconf 72' lang='grc' dir='ltr'>ἰν</span> <span class='ocrx_word' id='word_1_142' title='bbox 2581 729 2761 799; x_wconf 77' lang='grc' dir='ltr'>Κανᾷ,</span> <span class='ocrx_word' id='word_1_143' title='bbox 2809 728 2949 798; x_wconf 76' lang='grc' dir='ltr'>αὕτη</span> <span class='ocrx_word' id='word_1_144' title='bbox 2999 726 3150 779; x_wconf 64' lang='grc' dir='ltr'>εστὶν</span> <span class='ocrx_word' id='word_1_145' title='bbox 3189 727 3222 796; x_wconf 82' lang='grc' dir='ltr'>ἡ</span> <span class='ocrx_word' id='word_1_146' title='bbox 3265 723 3436 796; x_wconf 77' lang='grc' dir='ltr'>ἀρχή.</span> <span class='ocrx_word' id='word_1_147' title='bbox 3504 721 3705 778; x_wconf 80' lang='grc' dir='ltr'>Ταῦτα</span> <span class='ocrx_word' id='word_1_148' title='bbox 3754 721 3832 793; x_wconf 66' lang='grc' dir='ltr'>μιν</span> 
     </span>
    </p>
   </div>
   <div class='ocr_carea' id='block_1_22' title="bbox 2244 816 3834 894">
    <p class='ocr_par' dir='ltr' id='par_1_22' title="bbox 2244 816 3834 894">
     <span class='ocr_line' id='line_1_22' title="bbox 2244 816 3834 894; baseline -0.007 -14"><span class='ocrx_word' id='word_1_149' title='bbox 2244 827 2389 880; x_wconf 72' lang='grc' dir='ltr'>εἴποι</span> <span class='ocrx_word' id='word_1_150' title='bbox 2418 842 2502 891; x_wconf 86' lang='grc' dir='ltr'><strong>τις</strong></span> <span class='ocrx_word' id='word_1_151' title='bbox 2530 823 2597 879; x_wconf 76' lang='grc' dir='ltr'>ἄν</span> <span class='ocrx_word' id='word_1_152' title='bbox 2617 838 2632 855; x_wconf 76' lang='grc' dir='ltr'><strong>ο</strong></span> <span class='ocrx_word' id='word_1_153' title='bbox 2664 823 2827 894; x_wconf 79' lang='grc' dir='ltr'>ἡμεῖς</span> <span class='ocrx_word' id='word_1_154' title='bbox 2845 820 2923 889; x_wconf 70' lang='grc' dir='ltr'>δὲ,</span> <span class='ocrx_word' id='word_1_155' title='bbox 2954 820 3131 875; x_wconf 84' lang='grc' dir='ltr'>καίτοι</span> <span class='ocrx_word' id='word_1_156' title='bbox 3156 818 3331 874; x_wconf 85' lang='grc' dir='ltr'>πολλά</span> <span class='ocrx_word' id='word_1_157' title='bbox 3356 818 3591 889; x_wconf 73' lang='grc' dir='ltr'>εχοντες</span> <span class='ocrx_word' id='word_1_158' title='bbox 3628 816 3764 888; x_wconf 71' lang='grc' dir='ltr'>πρὸς</span> <span class='ocrx_word' id='word_1_159' title='bbox 3788 816 3834 870; x_wconf 55' lang='grc' dir='ltr'>τὶ</span> 
     </span>
    </p>
   </div>
   <div class='ocr_carea' id='block_1_23' title="bbox 2243 910 3833 991">
    <p class='ocr_par' dir='ltr' id='par_1_23' title="bbox 2243 910 3833 991">
     <span class='ocr_line' id='line_1_23' title="bbox 2243 910 3833 991; baseline -0.006 -17"><span class='ocrx_word' id='word_1_160' title='bbox 2243 920 2437 987; x_wconf 82' lang='grc' dir='ltr'>δεῖξαι,</span> <span class='ocrx_word' id='word_1_161' title='bbox 2485 921 2569 974; x_wconf 82' lang='grc' dir='ltr'>ὅτι</span> <span class='ocrx_word' id='word_1_162' title='bbox 2619 920 2713 973; x_wconf 82' lang='grc' dir='ltr'>καὶ</span> <span class='ocrx_word' id='word_1_163' title='bbox 2765 916 2987 972; x_wconf 78' lang='grc' dir='ltr'>πάντων</span> <span class='ocrx_word' id='word_1_164' title='bbox 3038 915 3151 991; x_wconf 75' lang='grc' dir='ltr'>τῷν</span> <span class='ocrx_word' id='word_1_165' title='bbox 3206 914 3461 985; x_wconf 76' lang='grc' dir='ltr'><strong>σημείων</strong></span> <span class='ocrx_word' id='word_1_166' title='bbox 3518 910 3682 966; x_wconf 72' lang='grc' dir='ltr'>ἐστὶν</span> <span class='ocrx_word' id='word_1_167' title='bbox 3713 911 3833 983; x_wconf 70' lang='grc' dir='ltr'>ἁρχὴ</span> 
     </span>
    </p>
   </div>
   <div class='ocr_carea' id='block_1_24' title="bbox 2247 1004 3834 1085">
    <p class='ocr_par' dir='ltr' id='par_1_24' title="bbox 2247 1004 3834 1085">
     <span class='ocr_line' id='line_1_24' title="bbox 2247 1004 3834 1085; baseline -0.007 -17"><span class='ocrx_word' id='word_1_168' title='bbox 2247 1015 2364 1085; x_wconf 64' lang='grc' dir='ltr'><strong>(καὶ⁵</strong></span> <span class='ocrx_word' id='word_1_169' title='bbox 2395 1014 2503 1085; x_wconf 81' lang='grc' dir='ltr'><strong>γὰρ</strong></span> <span class='ocrx_word' id='word_1_170' title='bbox 2524 1013 2605 1079; x_wconf 84' lang='grc' dir='ltr'>τὸ,</span> <span class='ocrx_word' id='word_1_171' title='bbox 2648 1030 2668 1064; x_wconf 72' lang='grc' dir='ltr'><strong>ι</strong></span> <span class='ocrx_word' id='word_1_172' title='bbox 2717 1010 3065 1083; x_wconf 68' lang='grc' dir='ltr'>Ἐφανόρὼσε</span> <span class='ocrx_word' id='word_1_173' title='bbox 3133 1007 3233 1080; x_wconf 72' lang='grc' dir='ltr'>τὴν</span> <span class='ocrx_word' id='word_1_174' title='bbox 3309 1007 3479 1075; x_wconf 80' lang='grc' dir='ltr'>δόξαν</span> <span class='ocrx_word' id='word_1_175' title='bbox 3526 1004 3730 1071; x_wconf 74' lang='grc' dir='ltr'>αὐτοῦ,</span> <span class='ocrx_word' id='word_1_176' title='bbox 3761 1006 3834 1059; x_wconf 71' lang='grc' dir='ltr'>καὶ</span> 
     </span>
    </p>
   </div>
   <div class='ocr_carea' id='block_1_25' title="bbox 2245 1095 3828 1171">
    <p class='ocr_par' dir='ltr' id='par_1_25' title="bbox 2245 1095 3828 1171">
     <span class='ocr_line' id='line_1_25' title="bbox 2245 1095 3828 1171; baseline -0.008 -11"><span class='ocrx_word' id='word_1_177' title='bbox 2245 1106 2308 1159; x_wconf 85' lang='grc' dir='ltr'>τὸ</span> <span class='ocrx_word' id='word_1_178' title='bbox 2349 1123 2369 1158; x_wconf 74' lang='lat' dir='ltr'><strong>t</strong></span> <span class='ocrx_word' id='word_1_179' title='bbox 2408 1106 2769 1159; x_wconf 83' lang='grc' dir='ltr'>Ἐπίστευσαν</span> <span class='ocrx_word' id='word_1_180' title='bbox 2820 1104 2904 1166; x_wconf 83' lang='grc' dir='ltr'><strong>είς</strong></span> <span class='ocrx_word' id='word_1_181' title='bbox 2957 1102 3123 1155; x_wconf 76' lang='grc' dir='ltr'>αὐτὸν</span> <span class='ocrx_word' id='word_1_182' title='bbox 3179 1102 3229 1155; x_wconf 82' lang='lat' dir='ltr'><strong>ei</strong></span> <span class='ocrx_word' id='word_1_183' title='bbox 3283 1098 3536 1171; x_wconf 71' lang='grc' dir='ltr'>μαθηταὶ</span> <span class='ocrx_word' id='word_1_184' title='bbox 3593 1095 3828 1164; x_wconf 49' lang='grc' dir='ltr'>αὐτοὶ.</span> 
     </span>
    </p>
   </div>
   <div class='ocr_carea' id='block_1_26' title="bbox 2246 1190 3839 1267">
    <p class='ocr_par' dir='ltr' id='par_1_26' title="bbox 2246 1190 3839 1267">
     <span class='ocr_line' id='line_1_26' title="bbox 2246 1190 3839 1267; baseline -0.005 -16"><span class='ocrx_word' id='word_1_185' title='bbox 2246 1197 2649 1260; x_wconf 70' lang='grc' dir='ltr'>ινδείκνυνται,</span> <span class='ocrx_word' id='word_1_186' title='bbox 2719 1197 2803 1250; x_wconf 83' lang='grc' dir='ltr'>ὅτι</span> <span class='ocrx_word' id='word_1_187' title='bbox 2849 1195 3039 1267; x_wconf 74' lang='grc' dir='ltr'>ιτερον</span> <span class='ocrx_word' id='word_1_188' title='bbox 3097 1193 3205 1261; x_wconf 79' lang='grc' dir='ltr'>πρὸ</span> <span class='ocrx_word' id='word_1_189' title='bbox 3250 1192 3453 1246; x_wconf 82' lang='grc' dir='ltr'>τούτου</span> <span class='ocrx_word' id='word_1_190' title='bbox 3514 1190 3719 1261; x_wconf 80' lang='grc' dir='ltr'>θαῦμα</span> <span class='ocrx_word' id='word_1_191' title='bbox 3753 1190 3839 1243; x_wconf 71' lang='grc' dir='ltr'>οὐκ</span> 
     </span>
    </p>
   </div>
   <div class='ocr_carea' id='block_1_27' title="bbox 2247 1277 3839 1359">
    <p class='ocr_par' dir='ltr' id='par_1_27' title="bbox 2247 1277 3839 1359">
     <span class='ocr_line' id='line_1_27' title="bbox 2247 1277 3839 1359; baseline -0.007 -17"><span class='ocrx_word' id='word_1_192' title='bbox 2247 1289 2542 1359; x_wconf 65' lang='grc' dir='ltr'>ἐποίησεν·</span> <span class='ocrx_word' id='word_1_193' title='bbox 2589 1285 2686 1341; x_wconf 75' lang='grc' dir='ltr'><strong>ἀπ’</strong></span> <span class='ocrx_word' id='word_1_194' title='bbox 2728 1285 2941 1339; x_wconf 70' lang='grc' dir='ltr'>ἑκείνου</span> <span class='ocrx_word' id='word_1_195' title='bbox 2995 1284 3106 1355; x_wconf 76' lang='grc' dir='ltr'><strong>γὰρ</strong></span> <span class='ocrx_word' id='word_1_196' title='bbox 3158 1284 3486 1355; x_wconf 76' lang='grc' dir='ltr'>ἑφανέρωσε</span> <span class='ocrx_word' id='word_1_197' title='bbox 3539 1280 3653 1352; x_wconf 77' lang='grc' dir='ltr'>τὴν</span> <span class='ocrx_word' id='word_1_198' title='bbox 3700 1277 3839 1345; x_wconf 77' lang='grc' dir='ltr'>δόξαν</span> 
     </span>
    </p>
   </div>
   <div class='ocr_carea' id='block_1_28' title="bbox 2246 1372 3838 1453">
    <p class='ocr_par' dir='ltr' id='par_1_28' title="bbox 2246 1372 3838 1453">
     <span class='ocr_line' id='line_1_28' title="bbox 2246 1372 3838 1453; baseline -0.007 -17"><span class='ocrx_word' id='word_1_199' title='bbox 2246 1379 2459 1453; x_wconf 83' lang='grc' dir='ltr'>αὐτοῦ),</span> <span class='ocrx_word' id='word_1_200' title='bbox 2497 1381 2645 1451; x_wconf 83' lang='grc' dir='ltr'>ὅμως</span> <span class='ocrx_word' id='word_1_201' title='bbox 2669 1378 2731 1431; x_wconf 84' lang='grc' dir='ltr'>οὺ</span> <span class='ocrx_word' id='word_1_202' title='bbox 2757 1377 3153 1448; x_wconf 81' lang='grc' dir='ltr'><strong>διαφερόμεθα,</strong></span> <span class='ocrx_word' id='word_1_203' title='bbox 3196 1378 3309 1430; x_wconf 85' lang='grc' dir='ltr'>εῐτε</span> <span class='ocrx_word' id='word_1_204' title='bbox 3346 1374 3519 1428; x_wconf 84' lang='grc' dir='ltr'>τοῦτο</span> <span class='ocrx_word' id='word_1_205' title='bbox 3555 1372 3838 1445; x_wconf 73' lang='grc' dir='ltr'>πρότερον,</span> 
     </span>
    </p>
   </div>
   <div class='ocr_carea' id='block_1_29' title="bbox 2248 1464 3842 1541">
    <p class='ocr_par' dir='ltr' id='par_1_29' title="bbox 2248 1464 3842 1541">
     <span class='ocr_line' id='line_1_29' title="bbox 2248 1464 3842 1541; baseline -0.008 -15"><span class='ocrx_word' id='word_1_206' title='bbox 2248 1473 2358 1525; x_wconf 74' lang='grc' dir='ltr'>εἴτε</span> <span class='ocrx_word' id='word_1_207' title='bbox 2382 1472 2569 1541; x_wconf 67' lang='grc' dir='ltr'>ἕτερον</span> <span class='ocrx_word' id='word_1_208' title='bbox 2597 1469 2812 1539; x_wconf 81' lang='grc' dir='ltr'>γέγονε.</span> <span class='ocrx_word' id='word_1_209' title='bbox 2845 1467 2973 1531; x_wconf 85' lang='grc' dir='ltr'><strong>Πῶς</strong></span> <span class='ocrx_word' id='word_1_210' title='bbox 2996 1466 3051 1521; x_wconf 67' lang='grc' dir='ltr'><strong>δὶ</strong></span> <span class='ocrx_word' id='word_1_211' title='bbox 3078 1466 3187 1539; x_wconf 77' lang='grc' dir='ltr'>ἄρα</span> <span class='ocrx_word' id='word_1_212' title='bbox 3216 1467 3546 1536; x_wconf 69' lang='grc' dir='ltr'>ἑφανέρωσε</span> <span class='ocrx_word' id='word_1_213' title='bbox 3572 1464 3683 1536; x_wconf 77' lang='grc' dir='ltr'>τὴν</span> <span class='ocrx_word' id='word_1_214' title='bbox 3703 1464 3842 1529; x_wconf 75' lang='grc' dir='ltr'>δόξαν</span> 
     </span>
    </p>
   </div>
   <div class='ocr_carea' id='block_1_30' title="bbox 2248 1557 3841 1631">
    <p class='ocr_par' dir='ltr' id='par_1_30' title="bbox 2248 1557 3841 1631">
     <span class='ocr_line' id='line_1_30' title="bbox 2248 1557 3841 1631; baseline -0.006 -12"><span class='ocrx_word' id='word_1_215' title='bbox 2248 1562 2458 1631; x_wconf 70' lang='grc' dir='ltr'>αὐτοῦς</span> <span class='ocrx_word' id='word_1_216' title='bbox 2492 1561 2627 1616; x_wconf 73' lang='grc' dir='ltr'><strong>Οὑδδ</strong></span> <span class='ocrx_word' id='word_1_217' title='bbox 2673 1562 2781 1631; x_wconf 84' lang='grc' dir='ltr'><strong>γὰρ</strong></span> <span class='ocrx_word' id='word_1_218' title='bbox 2836 1559 3025 1615; x_wconf 72' lang='grc' dir='ltr'>πολλοὶ</span> <span class='ocrx_word' id='word_1_219' title='bbox 3076 1560 3369 1631; x_wconf 83' lang='grc' dir='ltr'><strong>προσεῖχον</strong></span> <span class='ocrx_word' id='word_1_220' title='bbox 3408 1557 3495 1629; x_wconf 83' lang='grc' dir='ltr'><strong>τῷ</strong></span> <span class='ocrx_word' id='word_1_221' title='bbox 3545 1557 3841 1629; x_wconf 73' lang='grc' dir='ltr'><strong>γενομένῳ,</strong></span> 
     </span>
    </p>
   </div>
   <div class='ocr_carea' id='block_1_31' title="bbox 2248 1650 3843 1724">
    <p class='ocr_par' dir='ltr' id='par_1_31' title="bbox 2248 1650 3843 1724">
     <span class='ocr_line' id='line_1_31' title="bbox 2248 1650 3843 1724; baseline -0.004 -13"><span class='ocrx_word' id='word_1_222' title='bbox 2248 1656 2372 1712; x_wconf 66' lang='grc' dir='ltr'><strong>οὐδὲ</strong></span> <span class='ocrx_word' id='word_1_223' title='bbox 2417 1653 2651 1709; x_wconf 74' lang='grc' dir='ltr'>ἐνώπιον</span> <span class='ocrx_word' id='word_1_224' title='bbox 2678 1654 2853 1723; x_wconf 83' lang='grc' dir='ltr'>δήμου</span> <span class='ocrx_word' id='word_1_225' title='bbox 2898 1656 3143 1724; x_wconf 77' lang='grc' dir='ltr'>γέγονεν.</span> <span class='ocrx_word' id='word_1_226' title='bbox 3189 1651 3330 1707; x_wconf 69' lang='grc' dir='ltr'>Ἀλλ’</span> <span class='ocrx_word' id='word_1_227' title='bbox 3363 1652 3412 1704; x_wconf 83' lang='grc' dir='ltr'>εἱ</span> <span class='ocrx_word' id='word_1_228' title='bbox 3448 1650 3556 1705; x_wconf 80' lang='grc' dir='ltr'>καὶ</span> <span class='ocrx_word' id='word_1_229' title='bbox 3605 1651 3688 1722; x_wconf 79' lang='grc' dir='ltr'>μὴ</span> <span class='ocrx_word' id='word_1_230' title='bbox 3716 1653 3843 1711; x_wconf 71' lang='grc' dir='ltr'>τότε.</span> 
     </span>
    </p>
   </div>
   <div class='ocr_carea' id='block_1_32' title="bbox 2249 1742 3844 1822">
    <p class='ocr_par' dir='ltr' id='par_1_32' title="bbox 2249 1742 3844 1822">
     <span class='ocr_line' id='line_1_32' title="bbox 2249 1742 3844 1822; baseline -0.006 -17"><span class='ocrx_word' id='word_1_231' title='bbox 2249 1750 2366 1805; x_wconf 71' lang='grc' dir='ltr'>ἀλλ’</span> <span class='ocrx_word' id='word_1_232' title='bbox 2401 1749 2630 1822; x_wconf 73' lang='grc' dir='ltr'>ὕστερον</span> <span class='ocrx_word' id='word_1_233' title='bbox 2659 1748 2884 1821; x_wconf 70' lang='grc' dir='ltr'>ἔμελλον</span> <span class='ocrx_word' id='word_1_234' title='bbox 2916 1748 2977 1803; x_wconf 83' lang='grc' dir='ltr'>τὸ</span> <span class='ocrx_word' id='word_1_235' title='bbox 3005 1745 3192 1815; x_wconf 86' lang='grc' dir='ltr'>θαῦμα</span> <span class='ocrx_word' id='word_1_236' title='bbox 3216 1742 3569 1801; x_wconf 77' lang='grc' dir='ltr'>ἀκούσεσθαι</span> 
     </span>
    </p>
   </div>
   <div class='ocr_carea' id='block_1_33' title="bbox 2250 1837 3846 1914">
    <p class='ocr_par' dir='ltr' id='par_1_33' title="bbox 2250 1837 3846 1914">
     <span class='ocr_line' id='line_1_33' title="bbox 2250 1837 3846 1914; baseline -0.006 -16"><span class='ocrx_word' id='word_1_237' title='bbox 2250 1843 2376 1898; x_wconf 82' lang='grc' dir='ltr'>ὅθεν</span> <span class='ocrx_word' id='word_1_238' title='bbox 2422 1844 2517 1897; x_wconf 75' lang='grc' dir='ltr'>καὶ</span> <span class='ocrx_word' id='word_1_239' title='bbox 2560 1843 2723 1914; x_wconf 87' lang='grc' dir='ltr'>μέχρι</span> <span class='ocrx_word' id='word_1_240' title='bbox 2755 1841 2848 1896; x_wconf 85' lang='grc' dir='ltr'><strong>τοῦ</strong></span> <span class='ocrx_word' id='word_1_241' title='bbox 2882 1840 2978 1895; x_wconf 89' lang='grc' dir='ltr'><strong>νῦν</strong></span> <span class='ocrx_word' id='word_1_242' title='bbox 3030 1839 3239 1911; x_wconf 72' lang='grc' dir='ltr'>ᾅδεται,</span> <span class='ocrx_word' id='word_1_243' title='bbox 3280 1838 3377 1891; x_wconf 79' lang='grc' dir='ltr'><strong>καὶ</strong></span> <span class='ocrx_word' id='word_1_244' title='bbox 3407 1839 3473 1891; x_wconf 86' lang='grc' dir='ltr'>οὐ</span> <span class='ocrx_word' id='word_1_245' title='bbox 3508 1837 3761 1893; x_wconf 76' lang='grc' dir='ltr'>διέλαθε.</span> <span class='ocrx_word' id='word_1_246' title='bbox 3785 1837 3846 1891; x_wconf 79' lang='grc' dir='ltr'><strong>Τὸ</strong></span> 
     </span>
    </p>
   </div>
   <div class='ocr_carea' id='block_1_34' title="bbox 565 1913 2146 2004">
    <p class='ocr_par' dir='ltr' id='par_1_34' title="bbox 565 1918 2145 1998">
     <span class='ocr_line' id='line_1_34' title="bbox 565 1918 2145 1998; baseline -0.008 -13"><span class='ocrx_word' id='word_1_247' title='bbox 565 1924 795 1985; x_wconf 88' lang='lat' dir='ltr'><strong>miorem</strong></span> <span class='ocrx_word' id='word_1_248' title='bbox 844 1926 1194 1998; x_wconf 87' lang='lat' dir='ltr'><strong>acceperint:</strong></span> <span class='ocrx_word' id='word_1_249' title='bbox 1227 1926 1351 1996; x_wconf 84' lang='lat' dir='ltr'><strong>quia</strong></span> <span class='ocrx_word' id='word_1_250' title='bbox 1381 1934 1431 1981; x_wconf 90' lang='lat' dir='ltr'><strong>et</strong></span> <span class='ocrx_word' id='word_1_251' title='bbox 1458 1923 1613 1995; x_wconf 87' lang='lat' dir='ltr'><strong>prius</strong></span> <span class='ocrx_word' id='word_1_252' title='bbox 1654 1922 1869 1993; x_wconf 80' lang='lat' dir='ltr'><strong>quidem</strong></span> <span class='ocrx_word' id='word_1_253' title='bbox 1903 1918 2145 1976; x_wconf 86' lang='lat' dir='ltr'><strong>credide-</strong></span> 
     </span>
    </p>
   </div>
   <div class='ocr_carea' id='block_1_35' title="bbox 2251 1913 3849 2004">
    <p class='ocr_par' dir='ltr' id='par_1_35' title="bbox 2252 1913 3849 2004">
     <span class='ocr_line' id='line_1_35' title="bbox 2252 1913 3849 2004; baseline -0.005 -16"><span class='ocrx_word' id='word_1_254' title='bbox 2252 1934 2331 2000; x_wconf 80' lang='grc' dir='ltr'><strong>δὲ,</strong></span> <span class='ocrx_word' id='word_1_255' title='bbox 2363 1953 2380 1986; x_wconf 84' lang='grc' dir='ltr'><strong>ι</strong></span> <span class='ocrx_word' id='word_1_256' title='bbox 2416 1934 2479 1987; x_wconf 86' lang='lat' dir='ltr'><strong>Ol</strong></span> <span class='ocrx_word' id='word_1_257' title='bbox 2512 1913 2751 2004; x_wconf 74' lang='grc' dir='ltr'>μαθηταὶ</span> <span class='ocrx_word' id='word_1_258' title='bbox 2782 1930 2949 1988; x_wconf 83' lang='grc' dir='ltr'>αὐτοῦ</span> <span class='ocrx_word' id='word_1_259' title='bbox 2972 1931 3301 1985; x_wconf 73' lang='grc' dir='ltr'>ὶπίστευσαν</span> <span class='ocrx_word' id='word_1_260' title='bbox 3329 1930 3413 1992; x_wconf 87' lang='grc' dir='ltr'><strong>είς</strong></span> <span class='ocrx_word' id='word_1_261' title='bbox 3434 1916 3639 1993; x_wconf 78' lang='grc' dir='ltr'>αὑτὸν,</span> <span class='ocrx_word' id='word_1_262' title='bbox 3672 1947 3692 1979; x_wconf 76' lang='grc' dir='ltr'><strong>ι</strong></span> <span class='ocrx_word' id='word_1_263' title='bbox 3723 1926 3849 1981; x_wconf 69' lang='grc' dir='ltr'>οὕτω</span> 
     </span>
    </p>
   </div>
   <div class='ocr_carea' id='block_1_36' title="bbox 565 2013 1398 2085">
    <p class='ocr_par' dir='ltr' id='par_1_36' title="bbox 565 2013 1398 2085">
     <span class='ocr_line' id='line_1_36' title="bbox 565 2013 1398 2085; baseline -0.007 -12"><span class='ocrx_word' id='word_1_264' title='bbox 565 2027 709 2085; x_wconf 90' lang='lat' dir='ltr'><strong>rant,</strong></span> <span class='ocrx_word' id='word_1_265' title='bbox 738 2018 832 2075; x_wconf 85' lang='lat' dir='ltr'><strong>sed</strong></span> <span class='ocrx_word' id='word_1_266' title='bbox 854 2030 965 2073; x_wconf 90' lang='lat' dir='ltr'><strong>non</strong></span> <span class='ocrx_word' id='word_1_267' title='bbox 1006 2024 1114 2071; x_wconf 88' lang='lat' dir='ltr'><strong>tam</strong></span> <span class='ocrx_word' id='word_1_268' title='bbox 1144 2013 1398 2069; x_wconf 86' lang='lat' dir='ltr'><strong>firmiter.</strong></span> 
     </span>
    </p>
   </div>
   <div class='ocr_carea' id='block_1_37' title="bbox 636 2280 2146 2350">
    <p class='ocr_par' dir='ltr' id='par_1_37' title="bbox 636 2280 2146 2350">
     <span class='ocr_line' id='line_1_37' title="bbox 636 2280 2146 2350; baseline -0.008 -5"><span class='ocrx_word' id='word_1_269' title='bbox 636 2286 805 2345; x_wconf 68' lang='lat' dir='ltr'><strong>Vna.</strong></span> <span class='ocrx_word' id='word_1_270' title='bbox 842 2286 1023 2343; x_wconf 72' lang='lat' dir='ltr'><strong>l2-l7.</strong></span> <span class='ocrx_word' id='word_1_271' title='bbox 1082 2305 1100 2340; x_wconf 81' lang='grc' dir='ltr'><strong>ι</strong></span> <span class='ocrx_word' id='word_1_272' title='bbox 1138 2284 1264 2341; x_wconf 79' lang='lat' dir='ltr'><strong>Post</strong></span> <span class='ocrx_word' id='word_1_273' title='bbox 1307 2286 1423 2339; x_wconf 77' lang='lat' dir='ltr'><strong>haec</strong></span> <span class='ocrx_word' id='word_1_274' title='bbox 1471 2282 1752 2339; x_wconf 80' lang='lat' dir='ltr'><strong>descendit</strong></span> <span class='ocrx_word' id='word_1_275' title='bbox 1804 2280 2146 2350; x_wconf 82' lang='lat' dir='ltr'><strong>Capernaum</strong></span> 
     </span>
    </p>
   </div>
   <div class='ocr_carea' id='block_1_38' title="bbox 573 2372 2145 2451">
    <p class='ocr_par' dir='ltr' id='par_1_38' title="bbox 573 2372 2145 2451">
     <span class='ocr_line' id='line_1_38' title="bbox 573 2372 2145 2451; baseline -0.006 -16"><span class='ocrx_word' id='word_1_276' title='bbox 573 2380 768 2451; x_wconf 87' lang='lat' dir='ltr'><strong>lpseet</strong></span> <span class='ocrx_word' id='word_1_277' title='bbox 798 2390 971 2435; x_wconf 83' lang='lat' dir='ltr'><strong>mater</strong></span> <span class='ocrx_word' id='word_1_278' title='bbox 998 2378 1136 2448; x_wconf 81' lang='lat' dir='ltr'><strong>ejus,</strong></span> <span class='ocrx_word' id='word_1_279' title='bbox 1165 2388 1219 2433; x_wconf 92' lang='lat' dir='ltr'><strong>et</strong></span> <span class='ocrx_word' id='word_1_280' title='bbox 1244 2376 1448 2433; x_wconf 81' lang='lat' dir='ltr'><strong>fratres</strong></span> <span class='ocrx_word' id='word_1_281' title='bbox 1476 2377 1615 2447; x_wconf 83' lang='lat' dir='ltr'><strong>ejus,</strong></span> <span class='ocrx_word' id='word_1_282' title='bbox 1641 2384 1698 2431; x_wconf 93' lang='lat' dir='ltr'><strong>et</strong></span> <span class='ocrx_word' id='word_1_283' title='bbox 1730 2373 1976 2445; x_wconf 88' lang='lat' dir='ltr'><strong>discipuli</strong></span> <span class='ocrx_word' id='word_1_284' title='bbox 2005 2372 2145 2442; x_wconf 79' lang='lat' dir='ltr'><strong>ejus,</strong></span> 
     </span>
    </p>
   </div>
   <div class='ocr_carea' id='block_1_39' title="bbox 563 2464 2149 2534">
    <p class='ocr_par' dir='ltr' id='par_1_39' title="bbox 563 2464 2149 2534">
     <span class='ocr_line' id='line_1_39' title="bbox 563 2464 2149 2534; baseline -0.006 -6"><span class='ocrx_word' id='word_1_285' title='bbox 563 2482 621 2528; x_wconf 87' lang='lat' dir='ltr'><strong>et</strong></span> <span class='ocrx_word' id='word_1_286' title='bbox 653 2471 724 2527; x_wconf 85' lang='lat' dir='ltr'><strong>ibi</strong></span> <span class='ocrx_word' id='word_1_287' title='bbox 757 2480 1201 2526; x_wconf 88' lang='lat' dir='ltr'><strong>manseruntnon</strong></span> <span class='ocrx_word' id='word_1_288' title='bbox 1235 2468 1420 2525; x_wconf 90' lang='lat' dir='ltr'><strong>multis</strong></span> <span class='ocrx_word' id='word_1_289' title='bbox 1444 2468 1653 2523; x_wconf 88' lang='lat' dir='ltr'><strong>diebus.</strong></span> <span class='ocrx_word' id='word_1_290' title='bbox 1680 2466 1745 2520; x_wconf 87' lang='lat' dir='ltr'><strong>Et</strong></span> <span class='ocrx_word' id='word_1_291' title='bbox 1770 2468 1823 2520; x_wconf 91' lang='lat' dir='ltr'><strong>in</strong></span> <span class='ocrx_word' id='word_1_292' title='bbox 1847 2464 2149 2534; x_wconf 80' lang='lat' dir='ltr'><strong>propinquo</strong></span> 
     </span>
    </p>
   </div>
   <div class='ocr_carea' id='block_1_40' title="bbox 564 2554 2147 2623">
    <p class='ocr_par' dir='ltr' id='par_1_40' title="bbox 564 2554 2147 2623">
     <span class='ocr_line' id='line_1_40' title="bbox 564 2554 2147 2623; baseline -0.004 -6"><span class='ocrx_word' id='word_1_293' title='bbox 564 2571 684 2617; x_wconf 89' lang='lat' dir='ltr'><strong>erat</strong></span> <span class='ocrx_word' id='word_1_294' title='bbox 718 2561 925 2617; x_wconf 85' lang='lat' dir='ltr'><strong>Pascha</strong></span> <span class='ocrx_word' id='word_1_295' title='bbox 958 2559 1294 2623; x_wconf 72' lang='lat' dir='ltr'><strong>Iudaeorum,</strong></span> <span class='ocrx_word' id='word_1_296' title='bbox 1329 2570 1382 2615; x_wconf 91' lang='lat' dir='ltr'><strong>et</strong></span> <span class='ocrx_word' id='word_1_297' title='bbox 1414 2560 1661 2614; x_wconf 85' lang='lat' dir='ltr'><strong>ascendit</strong></span> <span class='ocrx_word' id='word_1_298' title='bbox 1692 2556 1851 2611; x_wconf 80' lang='lat' dir='ltr'><strong>Jesus</strong></span> <span class='ocrx_word' id='word_1_299' title='bbox 1881 2554 2147 2610; x_wconf 85' lang='lat' dir='ltr'><strong>Hieroso-</strong></span> 
     </span>
    </p>
   </div>
   <div class='ocr_carea' id='block_1_41' title="bbox 564 2648 2143 2727">
    <p class='ocr_par' dir='ltr' id='par_1_41' title="bbox 564 2648 2143 2727">
     <span class='ocr_line' id='line_1_41' title="bbox 564 2648 2143 2727; baseline -0.004 -20"><span class='ocrx_word' id='word_1_300' title='bbox 564 2653 728 2727; x_wconf 75' lang='lat' dir='ltr'><strong>lyma,</strong></span> <span class='ocrx_word' id='word_1_301' title='bbox 762 2663 816 2709; x_wconf 88' lang='lat' dir='ltr'><strong>et</strong></span> <span class='ocrx_word' id='word_1_302' title='bbox 843 2654 1045 2723; x_wconf 87' lang='lat' dir='ltr'><strong>reperit</strong></span> <span class='ocrx_word' id='word_1_303' title='bbox 1075 2652 1125 2706; x_wconf 92' lang='lat' dir='ltr'><strong>in</strong></span> <span class='ocrx_word' id='word_1_304' title='bbox 1166 2651 1363 2723; x_wconf 90' lang='lat' dir='ltr'><strong>templo</strong></span> <span class='ocrx_word' id='word_1_305' title='bbox 1388 2667 1481 2707; x_wconf 91' lang='lat' dir='ltr'><strong>eos</strong></span> <span class='ocrx_word' id='word_1_306' title='bbox 1510 2650 1601 2721; x_wconf 88' lang='lat' dir='ltr'><strong>qui</strong></span> <span class='ocrx_word' id='word_1_307' title='bbox 1629 2648 1934 2703; x_wconf 76' lang='lat' dir='ltr'><strong>vendebant</strong></span> <span class='ocrx_word' id='word_1_308' title='bbox 1960 2648 2143 2713; x_wconf 83' lang='lat' dir='ltr'><strong>boves,</strong></span> 
     </span>
    </p>
   </div>
   <div class='ocr_carea' id='block_1_42' title="bbox 566 2738 2148 2811">
    <p class='ocr_par' dir='ltr' id='par_1_42' title="bbox 566 2738 2148 2811">
     <span class='ocr_line' id='line_1_42' title="bbox 566 2738 2148 2811; baseline -0.006 -10"><span class='ocrx_word' id='word_1_309' title='bbox 566 2755 619 2801; x_wconf 89' lang='lat' dir='ltr'><strong>et</strong></span> <span class='ocrx_word' id='word_1_310' title='bbox 646 2759 796 2811; x_wconf 85' lang='lat' dir='ltr'><strong>oves,</strong></span> <span class='ocrx_word' id='word_1_311' title='bbox 831 2754 883 2801; x_wconf 93' lang='lat' dir='ltr'><strong>et</strong></span> <span class='ocrx_word' id='word_1_312' title='bbox 914 2746 1214 2809; x_wconf 73' lang='lat' dir='ltr'><strong>columbas,</strong></span> <span class='ocrx_word' id='word_1_313' title='bbox 1242 2754 1296 2797; x_wconf 90' lang='lat' dir='ltr'><strong>et</strong></span> <span class='ocrx_word' id='word_1_314' title='bbox 1330 2742 1725 2797; x_wconf 73' lang='lat' dir='ltr'><strong>nnmn‘inlarios</strong></span> <span class='ocrx_word' id='word_1_315' title='bbox 1775 2739 2047 2794; x_wconf 87' lang='lat' dir='ltr'><strong>sedentes.</strong></span> <span class='ocrx_word' id='word_1_316' title='bbox 2084 2738 2148 2791; x_wconf 84' lang='lat' dir='ltr'><strong>Et</strong></span> 
     </span>
    </p>
   </div>
   <div class='ocr_carea' id='block_1_43' title="bbox 565 2829 2149 2904">
    <p class='ocr_par' dir='ltr' id='par_1_43' title="bbox 565 2829 2149 2904">
     <span class='ocr_line' id='line_1_43' title="bbox 565 2829 2149 2904; baseline -0.006 -13"><span class='ocrx_word' id='word_1_317' title='bbox 565 2852 691 2891; x_wconf 87' lang='lat' dir='ltr'><strong>cum</strong></span> <span class='ocrx_word' id='word_1_318' title='bbox 740 2834 955 2891; x_wconf 82' lang='lat' dir='ltr'><strong>fecisset</strong></span> <span class='ocrx_word' id='word_1_319' title='bbox 992 2833 1257 2904; x_wconf 75' lang='lat' dir='ltr'><strong>flagellum</strong></span> <span class='ocrx_word' id='word_1_320' title='bbox 1290 2847 1321 2887; x_wconf 92' lang='lat' dir='ltr'><strong>e</strong></span> <span class='ocrx_word' id='word_1_321' title='bbox 1347 2831 1627 2894; x_wconf 81' lang='lat' dir='ltr'><strong>funiculis,</strong></span> <span class='ocrx_word' id='word_1_322' title='bbox 1661 2844 1856 2885; x_wconf 84' lang='lat' dir='ltr'><strong>onmcs</strong></span> <span class='ocrx_word' id='word_1_323' title='bbox 1889 2829 2053 2896; x_wconf 88' lang='lat' dir='ltr'><strong>cjecit</strong></span> <span class='ocrx_word' id='word_1_324' title='bbox 2082 2829 2149 2882; x_wconf 90' lang='lat' dir='ltr'><strong>de</strong></span> 
     </span>
    </p>
   </div>
   <div class='ocr_carea' id='block_1_44' title="bbox 568 2920 2148 2997">
    <p class='ocr_par' dir='ltr' id='par_1_44' title="bbox 568 2920 2148 2997">
     <span class='ocr_line' id='line_1_44' title="bbox 568 2920 2148 2997; baseline -0.006 -16"><span class='ocrx_word' id='word_1_325' title='bbox 568 2927 784 2997; x_wconf 87' lang='lat' dir='ltr'><strong>templo,</strong></span> <span class='ocrx_word' id='word_1_326' title='bbox 841 2942 971 2982; x_wconf 85' lang='lat' dir='ltr'><strong>oves</strong></span> <span class='ocrx_word' id='word_1_327' title='bbox 1024 2926 1186 2981; x_wconf 85' lang='lat' dir='ltr'><strong>simul</strong></span> <span class='ocrx_word' id='word_1_328' title='bbox 1219 2942 1282 2980; x_wconf 91' lang='lat' dir='ltr'><strong>ac</strong></span> <span class='ocrx_word' id='word_1_329' title='bbox 1310 2926 1498 2986; x_wconf 86' lang='lat' dir='ltr'><strong>boves,</strong></span> <span class='ocrx_word' id='word_1_330' title='bbox 1552 2933 1606 2977; x_wconf 92' lang='lat' dir='ltr'><strong>et</strong></span> <span class='ocrx_word' id='word_1_331' title='bbox 1657 2920 2148 2975; x_wconf 79' lang='lat' dir='ltr'><strong>nummulariorum</strong></span> 
     </span>
    </p>
   </div>
   <div class='ocr_carea' id='block_1_45' title="bbox 563 3011 2148 3086">
    <p class='ocr_par' dir='ltr' id='par_1_45' title="bbox 563 3011 2148 3086">
     <span class='ocr_line' id='line_1_45' title="bbox 563 3011 2148 3086; baseline -0.008 -12"><span class='ocrx_word' id='word_1_332' title='bbox 563 3018 752 3082; x_wconf 80' lang='lat' dir='ltr'><strong>effudit</strong></span> <span class='ocrx_word' id='word_1_333' title='bbox 785 3033 878 3082; x_wconf 65' lang='lat' dir='ltr'><strong>es,</strong></span> <span class='ocrx_word' id='word_1_334' title='bbox 932 3032 1255 3086; x_wconf 86' lang='lat' dir='ltr'><strong>mensasque</strong></span> <span class='ocrx_word' id='word_1_335' title='bbox 1287 3016 1573 3078; x_wconf 84' lang='lat' dir='ltr'><strong>subvertit,</strong></span> <span class='ocrx_word' id='word_1_336' title='bbox 1606 3022 1661 3069; x_wconf 87' lang='lat' dir='ltr'><strong>et</strong></span> <span class='ocrx_word' id='word_1_337' title='bbox 1696 3016 1762 3067; x_wconf 91' lang='lat' dir='ltr'><strong>iis</strong></span> <span class='ocrx_word' id='word_1_338' title='bbox 1794 3012 1884 3080; x_wconf 93' lang='lat' dir='ltr'><strong>qui</strong></span> <span class='ocrx_word' id='word_1_339' title='bbox 1924 3011 2148 3066; x_wconf 87' lang='lat' dir='ltr'><strong>colum-</strong></span> 
     </span>
    </p>
   </div>
   <div class='ocr_carea' id='block_1_46' title="bbox 564 3101 2149 3174">
    <p class='ocr_par' dir='ltr' id='par_1_46' title="bbox 564 3101 2149 3174">
     <span class='ocr_line' id='line_1_46' title="bbox 564 3101 2149 3174; baseline -0.007 -8"><span class='ocrx_word' id='word_1_340' title='bbox 564 3111 662 3166; x_wconf 81' lang='lat' dir='ltr'><strong>bas</strong></span> <span class='ocrx_word' id='word_1_341' title='bbox 690 3110 1017 3174; x_wconf 77' lang='lat' dir='ltr'><strong>vendebant,</strong></span> <span class='ocrx_word' id='word_1_342' title='bbox 1051 3109 1186 3164; x_wconf 80' lang='lat' dir='ltr'><strong>dixit</strong></span> <span class='ocrx_word' id='word_1_343' title='bbox 1216 3128 1229 3163; x_wconf 88' lang='lat'><strong>:</strong></span> <span class='ocrx_word' id='word_1_344' title='bbox 1264 3107 1491 3163; x_wconf 77' lang='lat' dir='ltr'><strong>Auferte</strong></span> <span class='ocrx_word' id='word_1_345' title='bbox 1537 3108 1640 3160; x_wconf 81' lang='lat' dir='ltr'><strong>ista</strong></span> <span class='ocrx_word' id='word_1_346' title='bbox 1674 3104 1817 3165; x_wconf 88' lang='lat' dir='ltr'><strong>hinc,</strong></span> <span class='ocrx_word' id='word_1_347' title='bbox 1860 3117 1957 3157; x_wconf 86' lang='lat' dir='ltr'><strong>nec</strong></span> <span class='ocrx_word' id='word_1_348' title='bbox 1990 3101 2149 3157; x_wconf 73' lang='lat' dir='ltr'><strong>facite</strong></span> 
     </span>
    </p>
   </div>
   <div class='ocr_carea' id='block_1_47' title="bbox 566 3190 2147 3252">
    <p class='ocr_par' dir='ltr' id='par_1_47' title="bbox 566 3190 2147 3252">
     <span class='ocr_line' id='line_1_47' title="bbox 566 3190 2147 3252; baseline -0.005 0"><span class='ocrx_word' id='word_1_349' title='bbox 566 3199 784 3252; x_wconf 85' lang='lat' dir='ltr'><strong>domum</strong></span> <span class='ocrx_word' id='word_1_350' title='bbox 808 3198 984 3252; x_wconf 77' lang='lat' dir='ltr'><strong>Patris</strong></span> <span class='ocrx_word' id='word_1_351' title='bbox 1007 3198 1110 3252; x_wconf 87' lang='lat' dir='ltr'><strong>mei</strong></span> <span class='ocrx_word' id='word_1_352' title='bbox 1129 3197 1347 3251; x_wconf 88' lang='lat' dir='ltr'><strong>domum</strong></span> <span class='ocrx_word' id='word_1_353' title='bbox 1378 3207 1675 3251; x_wconf 81' lang='lat' dir='ltr'><strong>mercatus.</strong></span> <span class='ocrx_word' id='word_1_354' title='bbox 1708 3190 1996 3247; x_wconf 73' lang='lat' dir='ltr'><strong>hecordati</strong></span> <span class='ocrx_word' id='word_1_355' title='bbox 2019 3204 2147 3245; x_wconf 87' lang='lat' dir='ltr'><strong>vero</strong></span> 
     </span>
    </p>
   </div>
   <div class='ocr_carea' id='block_1_48' title="bbox 566 3255 2221 3358">
    <p class='ocr_par' dir='ltr' id='par_1_48' title="bbox 566 3255 2221 3358">
     <span class='ocr_line' id='line_1_48' title="bbox 566 3255 2221 3358; baseline -0.005 -16"><span class='ocrx_word' id='word_1_356' title='bbox 566 3299 693 3343; x_wconf 88' lang='lat' dir='ltr'><strong>sunt</strong></span> <span class='ocrx_word' id='word_1_357' title='bbox 721 3287 975 3358; x_wconf 88' lang='lat' dir='ltr'><strong>discipuli</strong></span> <span class='ocrx_word' id='word_1_358' title='bbox 1006 3287 1124 3358; x_wconf 87' lang='lat' dir='ltr'><strong>ejus</strong></span> <span class='ocrx_word' id='word_1_359' title='bbox 1150 3287 1291 3355; x_wconf 89' lang='lat' dir='ltr'><strong>quod</strong></span> <span class='ocrx_word' id='word_1_360' title='bbox 1320 3285 1583 3355; x_wconf 77' lang='lat' dir='ltr'><strong>scriptum</strong></span> <span class='ocrx_word' id='word_1_361' title='bbox 1616 3294 1699 3339; x_wconf 91' lang='lat' dir='ltr'><strong>est</strong></span> <span class='ocrx_word' id='word_1_362' title='bbox 1726 3302 1739 3338; x_wconf 92' lang='lat'><strong>:</strong></span> <span class='ocrx_word' id='word_1_363' title='bbox 1767 3282 1927 3338; x_wconf 81' lang='lat' dir='ltr'><strong>Zelus</strong></span> <span class='ocrx_word' id='word_1_364' title='bbox 1957 3283 2151 3337; x_wconf 89' lang='lat' dir='ltr'><strong>domus</strong></span> <span class='ocrx_word' id='word_1_365' title='bbox 2176 3255 2221 3319; x_wconf 55' lang='grc' dir='ltr'><strong>(ἶ</strong></span> 
     </span>
    </p>
   </div>
   <div class='ocr_carea' id='block_1_49' title="bbox 566 3371 2149 3442">
    <p class='ocr_par' dir='ltr' id='par_1_49' title="bbox 566 3371 2149 3442">
     <span class='ocr_line' id='line_1_49' title="bbox 566 3371 2149 3442; baseline -0.006 -8"><span class='ocrx_word' id='word_1_366' title='bbox 566 3389 671 3434; x_wconf 65' lang='grc' dir='ltr'>ωε</span> <span class='ocrx_word' id='word_1_367' title='bbox 692 3379 873 3435; x_wconf 80' lang='lat' dir='ltr'><strong>exedit</strong></span> <span class='ocrx_word' id='word_1_368' title='bbox 902 3391 988 3433; x_wconf 88' lang='lat' dir='ltr'><strong>me</strong></span> <span class='ocrx_word' id='word_1_369' title='bbox 1005 3377 1104 3430; x_wconf 76' lang='grc'><strong>⁸⁷.»</strong></span> <span class='ocrx_word' id='word_1_370' title='bbox 1135 3376 1423 3433; x_wconf 89' lang='lat' dir='ltr'><strong>Descendit</strong></span> <span class='ocrx_word' id='word_1_371' title='bbox 1442 3376 1495 3429; x_wconf 91' lang='lat' dir='ltr'><strong>in</strong></span> <span class='ocrx_word' id='word_1_372' title='bbox 1511 3375 1845 3442; x_wconf 84' lang='lat' dir='ltr'><strong>Capernaum</strong></span> <span class='ocrx_word' id='word_1_373' title='bbox 1872 3371 2149 3437; x_wconf 88' lang='lat' dir='ltr'><strong>Dominus,</strong></span> 
     </span>
    </p>
   </div>
   <div class='ocr_carea' id='block_1_50' title="bbox 565 3470 2148 3540">
    <p class='ocr_par' dir='ltr' id='par_1_50' title="bbox 565 3470 2148 3540">
     <span class='ocr_line' id='line_1_50' title="bbox 565 3470 2148 3540; baseline -0.007 -12"><span class='ocrx_word' id='word_1_374' title='bbox 565 3487 673 3528; x_wconf 91' lang='lat' dir='ltr'><strong>non</strong></span> <span class='ocrx_word' id='word_1_375' title='bbox 724 3470 948 3527; x_wconf 87' lang='lat' dir='ltr'><strong>alterius</strong></span> <span class='ocrx_word' id='word_1_376' title='bbox 998 3484 1131 3525; x_wconf 91' lang='lat' dir='ltr'><strong>usus</strong></span> <span class='ocrx_word' id='word_1_377' title='bbox 1175 3470 1376 3540; x_wconf 88' lang='lat' dir='ltr'><strong>gratia,</strong></span> <span class='ocrx_word' id='word_1_378' title='bbox 1410 3482 1572 3537; x_wconf 90' lang='lat' dir='ltr'><strong>quam</strong></span> <span class='ocrx_word' id='word_1_379' title='bbox 1611 3473 1669 3520; x_wconf 89' lang='lat' dir='ltr'><strong>ut</strong></span> <span class='ocrx_word' id='word_1_380' title='bbox 1713 3475 1945 3520; x_wconf 80' lang='lat' dir='ltr'><strong>matrem</strong></span> <span class='ocrx_word' id='word_1_381' title='bbox 1995 3479 2148 3519; x_wconf 88' lang='lat' dir='ltr'><strong>suam</strong></span> 
     </span>
    </p>
   </div>
   <div class='ocr_carea' id='block_1_51' title="bbox 565 3558 2153 3629">
    <p class='ocr_par' dir='ltr' id='par_1_51' title="bbox 565 3558 2153 3629">
     <span class='ocr_line' id='line_1_51' title="bbox 565 3558 2153 3629; baseline -0.006 -10"><span class='ocrx_word' id='word_1_382' title='bbox 565 3564 676 3619; x_wconf 78' lang='lat' dir='ltr'><strong>illic</strong></span> <span class='ocrx_word' id='word_1_383' title='bbox 706 3562 947 3619; x_wconf 88' lang='lat' dir='ltr'><strong>residere</strong></span> <span class='ocrx_word' id='word_1_384' title='bbox 974 3562 1198 3629; x_wconf 88' lang='lat' dir='ltr'><strong>faceret,</strong></span> <span class='ocrx_word' id='word_1_385' title='bbox 1226 3570 1284 3615; x_wconf 87' lang='lat' dir='ltr'><strong>ut</strong></span> <span class='ocrx_word' id='word_1_386' title='bbox 1314 3575 1380 3615; x_wconf 93' lang='lat' dir='ltr'><strong>ne</strong></span> <span class='ocrx_word' id='word_1_387' title='bbox 1406 3558 1784 3628; x_wconf 36' lang='lat' dir='ltr'><strong>illam‘ubique</strong></span> <span class='ocrx_word' id='word_1_388' title='bbox 1817 3567 1937 3627; x_wconf 87' lang='lat' dir='ltr'><strong>post</strong></span> <span class='ocrx_word' id='word_1_389' title='bbox 1958 3564 2018 3611; x_wconf 71' lang='lat' dir='ltr'><strong>3e</strong></span> <span class='ocrx_word' id='word_1_390' title='bbox 2048 3564 2153 3609; x_wconf 89' lang='lat' dir='ltr'><strong>tra-</strong></span> 
     </span>
    </p>
   </div>
   <div class='ocr_carea' id='block_1_52' title="bbox 564 3640 2147 3723">
    <p class='ocr_par' dir='ltr' id='par_1_52' title="bbox 564 3640 2147 3723">
     <span class='ocr_line' id='line_1_52' title="bbox 564 3640 2147 3723; baseline -0.007 -9"><span class='ocrx_word' id='word_1_391' title='bbox 564 3658 740 3714; x_wconf 90' lang='lat' dir='ltr'><strong>heret.</strong></span> <span class='ocrx_word' id='word_1_392' title='bbox 776 3655 1042 3722; x_wconf 83' lang='lat' dir='ltr'><strong>Quoniam</strong></span> <span class='ocrx_word' id='word_1_393' title='bbox 1081 3654 1225 3709; x_wconf 89' lang='lat' dir='ltr'><strong>enim</strong></span> <span class='ocrx_word' id='word_1_394' title='bbox 1260 3654 1327 3709; x_wconf 87' lang='lat' dir='ltr'><strong>ad</strong></span> <span class='ocrx_word' id='word_1_395' title='bbox 1359 3640 1575 3723; x_wconf 86' lang='lat' dir='ltr'><strong>nuptias</strong></span> <span class='ocrx_word' id='word_1_396' title='bbox 1601 3660 1865 3707; x_wconf 87' lang='lat' dir='ltr'><strong>venerant</strong></span> <span class='ocrx_word' id='word_1_397' title='bbox 1893 3650 1946 3705; x_wconf 91' lang='lat' dir='ltr'><strong>in</strong></span> <span class='ocrx_word' id='word_1_398' title='bbox 1977 3650 2147 3716; x_wconf 85' lang='lat' dir='ltr'><strong>Cana,</strong></span> 
     </span>
    </p>
   </div>
   <div class='ocr_carea' id='block_1_53' title="bbox 565 3742 2147 3818">
    <p class='ocr_par' dir='ltr' id='par_1_53' title="bbox 565 3742 2147 3818">
     <span class='ocr_line' id='line_1_53' title="bbox 565 3742 2147 3818; baseline -0.005 -14"><span class='ocrx_word' id='word_1_399' title='bbox 565 3748 769 3818; x_wconf 90' lang='lat' dir='ltr'><strong>nuptiis</strong></span> <span class='ocrx_word' id='word_1_400' title='bbox 818 3747 1016 3803; x_wconf 88' lang='lat' dir='ltr'><strong>habitis</strong></span> <span class='ocrx_word' id='word_1_401' title='bbox 1045 3746 1262 3801; x_wconf 85' lang='lat' dir='ltr'><strong>adducit</strong></span> <span class='ocrx_word' id='word_1_402' title='bbox 1296 3756 1526 3801; x_wconf 87' lang='lat' dir='ltr'><strong>matrem</strong></span> <span class='ocrx_word' id='word_1_403' title='bbox 1552 3746 1605 3800; x_wconf 89' lang='lat' dir='ltr'><strong>in</strong></span> <span class='ocrx_word' id='word_1_404' title='bbox 1656 3744 1875 3799; x_wconf 89' lang='lat' dir='ltr'><strong>domum</strong></span> <span class='ocrx_word' id='word_1_405' title='bbox 1910 3757 2061 3797; x_wconf 85' lang='lat' dir='ltr'><strong>suam</strong></span> <span class='ocrx_word' id='word_1_406' title='bbox 2093 3742 2147 3797; x_wconf 87' lang='lat' dir='ltr'><strong>in</strong></span> 
     </span>
    </p>
   </div>
   <div class='ocr_carea' id='block_1_54' title="bbox 561 3834 2149 3911">
    <p class='ocr_par' dir='ltr' id='par_1_54' title="bbox 561 3834 2149 3911">
     <span class='ocr_line' id='line_1_54' title="bbox 561 3834 2149 3911; baseline -0.005 -14"><span class='ocrx_word' id='word_1_407' title='bbox 561 3839 923 3911; x_wconf 87' lang='lat' dir='ltr'><strong>Capernaum.</strong></span> <span class='ocrx_word' id='word_1_408' title='bbox 951 3837 1301 3893; x_wconf 74' lang='lat' dir='ltr'><strong>Manifestum</strong></span> <span class='ocrx_word' id='word_1_409' title='bbox 1347 3848 1529 3893; x_wconf 90' lang='lat' dir='ltr'><strong>autem</strong></span> <span class='ocrx_word' id='word_1_410' title='bbox 1569 3836 1709 3905; x_wconf 91' lang='lat' dir='ltr'><strong>quod</strong></span> <span class='ocrx_word' id='word_1_411' title='bbox 1743 3846 1965 3905; x_wconf 90' lang='lat' dir='ltr'><strong>propter</strong></span> <span class='ocrx_word' id='word_1_412' title='bbox 2008 3834 2149 3889; x_wconf 92' lang='lat' dir='ltr'><strong>hanc</strong></span> 
     </span>
    </p>
   </div>
   <div class='ocr_carea' id='block_1_55' title="bbox 565 3926 2149 4002">
    <p class='ocr_par' dir='ltr' id='par_1_55' title="bbox 565 3926 2149 4002">
     <span class='ocr_line' id='line_1_55' title="bbox 565 3926 2149 4002; baseline -0.006 -12"><span class='ocrx_word' id='word_1_413' title='bbox 565 3948 787 3991; x_wconf 87' lang='lat' dir='ltr'><strong>causam</strong></span> <span class='ocrx_word' id='word_1_414' title='bbox 817 3931 1163 3989; x_wconf 88' lang='lat' dir='ltr'><strong>descenderit</strong></span> <span class='ocrx_word' id='word_1_415' title='bbox 1197 3931 1251 3986; x_wconf 77' lang='lat' dir='ltr'><strong>in</strong></span> <span class='ocrx_word' id='word_1_416' title='bbox 1282 3928 1647 4002; x_wconf 89' lang='lat' dir='ltr'><strong>Capernaum,</strong></span> <span class='ocrx_word' id='word_1_417' title='bbox 1682 3943 1749 3984; x_wconf 78' lang='lat' dir='ltr'><strong>ex</strong></span> <span class='ocrx_word' id='word_1_418' title='bbox 1778 3942 1844 3983; x_wconf 91' lang='lat' dir='ltr'><strong>eo</strong></span> <span class='ocrx_word' id='word_1_419' title='bbox 1870 3926 2015 3998; x_wconf 86' lang='lat' dir='ltr'><strong>quod</strong></span> <span class='ocrx_word' id='word_1_420' title='bbox 2050 3941 2149 3982; x_wconf 90' lang='lat' dir='ltr'><strong>ne-</strong></span> 
     </span>
    </p>
   </div>
   <div class='ocr_carea' id='block_1_56' title="bbox 564 4018 2149 4097">
    <p class='ocr_par' dir='ltr' id='par_1_56' title="bbox 564 4018 2149 4097">
     <span class='ocr_line' id='line_1_56' title="bbox 564 4018 2149 4097; baseline -0.008 -16"><span class='ocrx_word' id='word_1_421' title='bbox 564 4041 673 4097; x_wconf 90' lang='lat' dir='ltr'><strong>que</strong></span> <span class='ocrx_word' id='word_1_422' title='bbox 704 4024 890 4081; x_wconf 90' lang='lat' dir='ltr'><strong>multis</strong></span> <span class='ocrx_word' id='word_1_423' title='bbox 920 4023 1036 4079; x_wconf 91' lang='lat' dir='ltr'><strong>illic</strong></span> <span class='ocrx_word' id='word_1_424' title='bbox 1080 4021 1341 4079; x_wconf 87' lang='lat' dir='ltr'><strong>manebat</strong></span> <span class='ocrx_word' id='word_1_425' title='bbox 1368 4020 1586 4088; x_wconf 89' lang='lat' dir='ltr'><strong>diebus,</strong></span> <span class='ocrx_word' id='word_1_426' title='bbox 1622 4033 1797 4091; x_wconf 89' lang='lat' dir='ltr'><strong>neque</strong></span> <span class='ocrx_word' id='word_1_427' title='bbox 1827 4018 2149 4075; x_wconf 87' lang='lat' dir='ltr'><strong>miraculum</strong></span> 
     </span>
    </p>
   </div>
   <div class='ocr_carea' id='block_1_57' title="bbox 560 4111 2147 4184">
    <p class='ocr_par' dir='ltr' id='par_1_57' title="bbox 560 4111 2147 4184">
     <span class='ocr_line' id='line_1_57' title="bbox 560 4111 2147 4184; baseline -0.004 -12"><span class='ocrx_word' id='word_1_428' title='bbox 560 4118 673 4173; x_wconf 91' lang='lat' dir='ltr'><strong>illic</strong></span> <span class='ocrx_word' id='word_1_429' title='bbox 722 4116 979 4172; x_wconf 87' lang='lat' dir='ltr'><strong>faciebat.</strong></span> <span class='ocrx_word' id='word_1_430' title='bbox 1024 4113 1296 4171; x_wconf 89' lang='lat' dir='ltr'><strong>Increduli</strong></span> <span class='ocrx_word' id='word_1_431' title='bbox 1342 4114 1487 4171; x_wconf 88' lang='lat' dir='ltr'><strong>enim</strong></span> <span class='ocrx_word' id='word_1_432' title='bbox 1539 4122 1698 4169; x_wconf 91' lang='lat' dir='ltr'><strong>erant</strong></span> <span class='ocrx_word' id='word_1_433' title='bbox 1740 4113 1862 4184; x_wconf 89' lang='lat' dir='ltr'><strong>ejus</strong></span> <span class='ocrx_word' id='word_1_434' title='bbox 1909 4111 2147 4168; x_wconf 81' lang='lat' dir='ltr'><strong>civitatis</strong></span> 
     </span>
    </p>
   </div>
   <div class='ocr_carea' id='block_1_58' title="bbox 560 4206 2147 4286">
    <p class='ocr_par' dir='ltr' id='par_1_58' title="bbox 560 4206 2147 4286">
     <span class='ocr_line' id='line_1_58' title="bbox 560 4206 2147 4286; baseline -0.003 -23"><span class='ocrx_word' id='word_1_435' title='bbox 560 4210 688 4267; x_wconf 78' lang='lat' dir='ltr'><strong>viri.</strong></span> <span class='ocrx_word' id='word_1_436' title='bbox 721 4208 885 4281; x_wconf 73' lang='lat'><strong>536</strong></span> <span class='ocrx_word' id='word_1_437' title='bbox 912 4208 1035 4266; x_wconf 89' lang='lat' dir='ltr'><strong>Ideo</strong></span> <span class='ocrx_word' id='word_1_438' title='bbox 1062 4219 1116 4265; x_wconf 89' lang='lat' dir='ltr'><strong>et</strong></span> <span class='ocrx_word' id='word_1_439' title='bbox 1140 4208 1245 4264; x_wconf 90' lang='lat' dir='ltr'><strong>alio</strong></span> <span class='ocrx_word' id='word_1_440' title='bbox 1275 4208 1394 4264; x_wconf 90' lang='lat' dir='ltr'><strong>loco</strong></span> <span class='ocrx_word' id='word_1_441' title='bbox 1439 4206 1705 4262; x_wconf 88' lang='lat' dir='ltr'><strong>Dominus</strong></span> <span class='ocrx_word' id='word_1_442' title='bbox 1735 4221 1857 4261; x_wconf 89' lang='lat' dir='ltr'><strong>eam</strong></span> <span class='ocrx_word' id='word_1_443' title='bbox 1877 4206 2147 4286; x_wconf 37' lang='lat' dir='ltr'><strong>\miseram</strong></span> 
     </span>
    </p>
   </div>
   <div class='ocr_carea' id='block_1_59' title="bbox 560 4295 2147 4368">
    <p class='ocr_par' dir='ltr' id='par_1_59' title="bbox 560 4295 2147 4368">
     <span class='ocr_line' id='line_1_59' title="bbox 560 4295 2147 4368; baseline -0.005 -9"><span class='ocrx_word' id='word_1_444' title='bbox 560 4316 684 4359; x_wconf 82' lang='lat' dir='ltr'><strong>esse</strong></span> <span class='ocrx_word' id='word_1_445' title='bbox 712 4303 841 4357; x_wconf 91' lang='lat' dir='ltr'><strong>dicit</strong></span> <span class='ocrx_word' id='word_1_446' title='bbox 870 4301 937 4355; x_wconf 83' lang='grc'><strong>⁸⁸.</strong></span> <span class='ocrx_word' id='word_1_447' title='bbox 968 4300 1123 4368; x_wconf 89' lang='lat' dir='ltr'><strong>Quod</strong></span> <span class='ocrx_word' id='word_1_448' title='bbox 1175 4310 1356 4355; x_wconf 89' lang='lat' dir='ltr'><strong>autem</strong></span> <span class='ocrx_word' id='word_1_449' title='bbox 1414 4299 1542 4355; x_wconf 84' lang='lat' dir='ltr'><strong>dicit</strong></span> <span class='ocrx_word' id='word_1_450' title='bbox 1598 4298 1926 4368; x_wconf 74' lang='lat' dir='ltr'><strong>evangelista</strong></span> <span class='ocrx_word' id='word_1_451' title='bbox 1978 4295 2147 4351; x_wconf 89' lang='lat' dir='ltr'><strong>fuisse</strong></span> 
     </span>
    </p>
   </div>
   <div class='ocr_carea' id='block_1_60' title="bbox 561 4385 2147 4465">
    <p class='ocr_par' dir='ltr' id='par_1_60' title="bbox 561 4385 2147 4465">
     <span class='ocr_line' id='line_1_60' title="bbox 561 4385 2147 4465; baseline -0.004 -17"><span class='ocrx_word' id='word_1_452' title='bbox 561 4406 735 4465; x_wconf 86' lang='lat' dir='ltr'><strong>prope</strong></span> <span class='ocrx_word' id='word_1_453' title='bbox 766 4390 1000 4459; x_wconf 81' lang='lat' dir='ltr'><strong>Pascha,</strong></span> <span class='ocrx_word' id='word_1_454' title='bbox 1035 4389 1277 4447; x_wconf 89' lang='lat' dir='ltr'><strong>ostendit</strong></span> <span class='ocrx_word' id='word_1_455' title='bbox 1313 4390 1456 4459; x_wconf 89' lang='lat' dir='ltr'><strong>quod</strong></span> <span class='ocrx_word' id='word_1_456' title='bbox 1487 4402 1594 4443; x_wconf 93' lang='lat' dir='ltr'><strong>non</strong></span> <span class='ocrx_word' id='word_1_457' title='bbox 1626 4396 1755 4443; x_wconf 91' lang='lat' dir='ltr'><strong>ante</strong></span> <span class='ocrx_word' id='word_1_458' title='bbox 1786 4387 1988 4441; x_wconf 89' lang='lat' dir='ltr'><strong>multos</strong></span> <span class='ocrx_word' id='word_1_459' title='bbox 2028 4385 2147 4441; x_wconf 90' lang='lat' dir='ltr'><strong>dies</strong></span> 
     </span>
    </p>
   </div>
   <div class='ocr_carea' id='block_1_61' title="bbox 559 4472 2143 4551">
    <p class='ocr_par' dir='ltr' id='par_1_61' title="bbox 559 4472 2143 4551">
     <span class='ocr_line' id='line_1_61' title="bbox 559 4472 2143 4551; baseline -0.007 -12"><span class='ocrx_word' id='word_1_460' title='bbox 559 4483 783 4539; x_wconf 63' lang='lat' dir='ltr'><strong>Pascha</strong></span> <span class='ocrx_word' id='word_1_461' title='bbox 812 4480 976 4536; x_wconf 87' lang='lat' dir='ltr'><strong>fuerit</strong></span> <span class='ocrx_word' id='word_1_462' title='bbox 1010 4480 1335 4551; x_wconf 85' lang='lat' dir='ltr'><strong>baptizatus.</strong></span> <span class='ocrx_word' id='word_1_463' title='bbox 1374 4476 1545 4534; x_wconf 82' lang='lat' dir='ltr'><strong>Porro</strong></span> <span class='ocrx_word' id='word_1_464' title='bbox 1574 4477 1665 4531; x_wconf 92' lang='lat' dir='ltr'><strong>ubi</strong></span> <span class='ocrx_word' id='word_1_465' title='bbox 1695 4476 1940 4532; x_wconf 87' lang='lat' dir='ltr'><strong>ascendit</strong></span> <span class='ocrx_word' id='word_1_466' title='bbox 1966 4474 2021 4529; x_wconf 91' lang='lat' dir='ltr'><strong>in</strong></span> <span class='ocrx_word' id='word_1_467' title='bbox 2049 4472 2143 4529; x_wconf 76' lang='lat' dir='ltr'><strong>Je-</strong></span> 
     </span>
    </p>
   </div>
   <div class='ocr_carea' id='block_1_62' title="bbox 561 4565 2222 4662">
    <p class='ocr_par' dir='ltr' id='par_1_62' title="bbox 561 4565 2222 4662">
     <span class='ocr_line' id='line_1_62' title="bbox 561 4565 2222 4662; baseline -0.004 -35"><span class='ocrx_word' id='word_1_468' title='bbox 561 4572 821 4638; x_wconf 83' lang='lat' dir='ltr'><strong>rusalem,</strong></span> <span class='ocrx_word' id='word_1_469' title='bbox 853 4585 966 4626; x_wconf 90' lang='lat' dir='ltr'><strong>rem</strong></span> <span class='ocrx_word' id='word_1_470' title='bbox 998 4569 1128 4624; x_wconf 86' lang='lat' dir='ltr'><strong>fecit</strong></span> <span class='ocrx_word' id='word_1_471' title='bbox 1179 4582 1387 4639; x_wconf 64' lang='lat' dir='ltr'><strong>magna!</strong></span> <span class='ocrx_word' id='word_1_472' title='bbox 1420 4566 1784 4623; x_wconf 88' lang='lat' dir='ltr'><strong>auctoritatis.</strong></span> <span class='ocrx_word' id='word_1_473' title='bbox 1840 4565 2143 4621; x_wconf 86' lang='lat' dir='ltr'><strong>Vendentes</strong></span> <span class='ocrx_word' id='word_1_474' title='bbox 2177 4607 2222 4662; x_wconf 66' lang='grc' dir='ltr'><strong>Β</strong></span> 
     </span>
    </p>
   </div>
   <div class='ocr_carea' id='block_1_63' title="bbox 556 4656 2164 4727">
    <p class='ocr_par' dir='ltr' id='par_1_63' title="bbox 556 4656 2164 4727">
     <span class='ocr_line' id='line_1_63' title="bbox 556 4656 2164 4727; baseline -0.002 -10"><span class='ocrx_word' id='word_1_475' title='bbox 556 4664 700 4717; x_wconf 92' lang='lat' dir='ltr'><strong>enim</strong></span> <span class='ocrx_word' id='word_1_476' title='bbox 736 4676 866 4717; x_wconf 81' lang='lat' dir='ltr'><strong>oves</strong></span> <span class='ocrx_word' id='word_1_477' title='bbox 895 4671 949 4716; x_wconf 91' lang='lat' dir='ltr'><strong>et</strong></span> <span class='ocrx_word' id='word_1_478' title='bbox 980 4662 1146 4716; x_wconf 86' lang='lat' dir='ltr'><strong>boves</strong></span> <span class='ocrx_word' id='word_1_479' title='bbox 1176 4658 1359 4727; x_wconf 87' lang='lat' dir='ltr'><strong>ejecit.</strong></span> <span class='ocrx_word' id='word_1_480' title='bbox 1387 4656 1504 4711; x_wconf 81' lang='lat' dir='ltr'><strong>Jam</strong></span> <span class='ocrx_word' id='word_1_481' title='bbox 1541 4657 1685 4727; x_wconf 92' lang='lat' dir='ltr'><strong>quod</strong></span> <span class='ocrx_word' id='word_1_482' title='bbox 1720 4657 1919 4711; x_wconf 87' lang='lat' dir='ltr'><strong>factum</strong></span> <span class='ocrx_word' id='word_1_483' title='bbox 1952 4657 2056 4711; x_wconf 88' lang='lat' dir='ltr'><strong>hoc</strong></span> <span class='ocrx_word' id='word_1_484' title='bbox 2085 4666 2164 4713; x_wconf 83' lang='lat' dir='ltr'><strong>et:</strong></span> 
     </span>
    </p>
   </div>
   <div class='ocr_carea' id='block_1_64' title="bbox 557 4747 2139 4818">
    <p class='ocr_par' dir='ltr' id='par_1_64' title="bbox 557 4747 2139 4818">
     <span class='ocr_line' id='line_1_64' title="bbox 557 4747 2139 4818; baseline -0.003 -10"><span class='ocrx_word' id='word_1_485' title='bbox 557 4752 844 4809; x_wconf 64' lang='lat' dir='ltr'><strong>Mattheus</strong></span> <span class='ocrx_word' id='word_1_486' title='bbox 896 4760 1289 4808; x_wconf 87' lang='lat' dir='ltr'><strong>commemorat</strong></span> <span class='ocrx_word' id='word_1_487' title='bbox 1332 4750 1399 4816; x_wconf 83' lang='lat'><strong>”,</strong></span> <span class='ocrx_word' id='word_1_488' title='bbox 1450 4750 1595 4804; x_wconf 86' lang='lat' dir='ltr'><strong>scias</strong></span> <span class='ocrx_word' id='word_1_489' title='bbox 1629 4747 1773 4818; x_wconf 89' lang='lat' dir='ltr'><strong>quod</strong></span> <span class='ocrx_word' id='word_1_490' title='bbox 1824 4762 1928 4803; x_wconf 93' lang='lat' dir='ltr'><strong>non</strong></span> <span class='ocrx_word' id='word_1_491' title='bbox 1969 4748 2139 4804; x_wconf 80' lang='lat' dir='ltr'><strong>semel</strong></span> 
     </span>
    </p>
   </div>
   <div class='ocr_carea' id='block_1_65' title="bbox 558 4838 2139 4910">
    <p class='ocr_par' dir='ltr' id='par_1_65' title="bbox 558 4838 2139 4910">
     <span class='ocr_line' id='line_1_65' title="bbox 558 4838 2139 4910; baseline -0.004 -10"><span class='ocrx_word' id='word_1_492' title='bbox 558 4846 663 4900; x_wconf 86' lang='lat' dir='ltr'><strong>hoc</strong></span> <span class='ocrx_word' id='word_1_493' title='bbox 694 4844 944 4899; x_wconf 83' lang='lat' dir='ltr'><strong>Christus</strong></span> <span class='ocrx_word' id='word_1_494' title='bbox 980 4842 1194 4905; x_wconf 84' lang='lat' dir='ltr'><strong>fecerit,</strong></span> <span class='ocrx_word' id='word_1_495' title='bbox 1229 4842 1324 4896; x_wconf 83' lang='lat' dir='ltr'><strong>sed</strong></span> <span class='ocrx_word' id='word_1_496' title='bbox 1360 4842 1465 4896; x_wconf 90' lang='lat' dir='ltr'><strong>hoc</strong></span> <span class='ocrx_word' id='word_1_497' title='bbox 1495 4842 1639 4910; x_wconf 91' lang='lat' dir='ltr'><strong>quod</strong></span> <span class='ocrx_word' id='word_1_498' title='bbox 1672 4838 1955 4896; x_wconf 59' lang='lat' dir='ltr'><strong>Iatthxus</strong></span> <span class='ocrx_word' id='word_1_499' title='bbox 1982 4846 2139 4895; x_wconf 87' lang='lat' dir='ltr'><strong>c&#39;om-</strong></span> 
     </span>
    </p>
   </div>
   <div class='ocr_carea' id='block_1_66' title="bbox 558 4930 2141 5001">
    <p class='ocr_par' dir='ltr' id='par_1_66' title="bbox 558 4930 2141 5001">
     <span class='ocr_line' id='line_1_66' title="bbox 558 4930 2141 5001; baseline -0.003 -11"><span class='ocrx_word' id='word_1_500' title='bbox 558 4942 844 4999; x_wconf 82' lang='lat' dir='ltr'><strong>memorat,</strong></span> <span class='ocrx_word' id='word_1_501' title='bbox 875 4930 1005 4985; x_wconf 86' lang='lat' dir='ltr'><strong>feclt</strong></span> <span class='ocrx_word' id='word_1_502' title='bbox 1043 4945 1211 5001; x_wconf 90' lang='lat' dir='ltr'><strong>prope</strong></span> <span class='ocrx_word' id='word_1_503' title='bbox 1244 4940 1454 4999; x_wconf 86' lang='lat' dir='ltr'><strong>tempus</strong></span> <span class='ocrx_word' id='word_1_504' title='bbox 1480 4930 1763 5000; x_wconf 87' lang='lat' dir='ltr'><strong>passionis,</strong></span> <span class='ocrx_word' id='word_1_505' title='bbox 1793 4931 1935 5000; x_wconf 89' lang='lat' dir='ltr'><strong>quod</strong></span> <span class='ocrx_word' id='word_1_506' title='bbox 1959 4940 2141 4985; x_wconf 86' lang='lat' dir='ltr'><strong>autem</strong></span> 
     </span>
    </p>
   </div>
   <div class='ocr_carea' id='block_1_67' title="bbox 554 5021 2144 5097">
    <p class='ocr_par' dir='ltr' id='par_1_67' title="bbox 554 5021 2144 5097">
     <span class='ocr_line' id='line_1_67' title="bbox 554 5021 2144 5097; baseline -0.002 -16"><span class='ocrx_word' id='word_1_507' title='bbox 554 5026 698 5097; x_wconf 91' lang='lat' dir='ltr'><strong>apud</strong></span> <span class='ocrx_word' id='word_1_508' title='bbox 747 5021 1041 5088; x_wconf 57' lang='lat' dir='ltr'><strong>Joannem,</strong></span> <span class='ocrx_word' id='word_1_509' title='bbox 1086 5025 1138 5076; x_wconf 90' lang='lat' dir='ltr'><strong>in</strong></span> <span class='ocrx_word' id='word_1_510' title='bbox 1171 5023 1396 5078; x_wconf 83' lang='lat' dir='ltr'><strong>exordio</strong></span> <span class='ocrx_word' id='word_1_511' title='bbox 1448 5023 1750 5093; x_wconf 90' lang='lat' dir='ltr'><strong>signorum.</strong></span> <span class='ocrx_word' id='word_1_512' title='bbox 1790 5021 1997 5078; x_wconf 80' lang='lat' dir='ltr'><strong>Idcirco</strong></span> <span class='ocrx_word' id='word_1_513' title='bbox 2040 5023 2144 5079; x_wconf 89' lang='lat' dir='ltr'><strong>hoc</strong></span> 
     </span>
    </p>
   </div>
   <div class='ocr_carea' id='block_1_68' title="bbox 554 5114 2143 5185">
    <p class='ocr_par' dir='ltr' id='par_1_68' title="bbox 554 5114 2143 5185">
     <span class='ocr_line' id='line_1_68' title="bbox 554 5114 2143 5185; baseline -0.001 -13"><span class='ocrx_word' id='word_1_514' title='bbox 554 5119 675 5174; x_wconf 83' lang='lat' dir='ltr'><strong>loco</strong></span> <span class='ocrx_word' id='word_1_515' title='bbox 705 5119 885 5173; x_wconf 85' lang='lat' dir='ltr'><strong>minus</strong></span> <span class='ocrx_word' id='word_1_516' title='bbox 918 5131 1107 5185; x_wconf 86' lang='lat' dir='ltr'><strong>aspere</strong></span> <span class='ocrx_word' id='word_1_517' title='bbox 1135 5118 1273 5171; x_wconf 79' lang='lat' dir='ltr'><strong>dixit</strong></span> <span class='ocrx_word' id='word_1_518' title='bbox 1302 5134 1314 5169; x_wconf 92' lang='lat'>:</span> <span class='ocrx_word' id='word_1_519' title='bbox 1347 5134 1365 5167; x_wconf 82' lang='grc' dir='ltr'><strong>ι</strong></span> <span class='ocrx_word' id='word_1_520' title='bbox 1408 5114 1484 5171; x_wconf 77' lang='lat' dir='ltr'><strong>Ne</strong></span> <span class='ocrx_word' id='word_1_521' title='bbox 1516 5115 1754 5172; x_wconf 82' lang='lat' dir='ltr'><strong>feceritis</strong></span> <span class='ocrx_word' id='word_1_522' title='bbox 1786 5118 2005 5170; x_wconf 88' lang='lat' dir='ltr'><strong>domum</strong></span> <span class='ocrx_word' id='word_1_523' title='bbox 2038 5114 2143 5170; x_wconf 86' lang='lat' dir='ltr'><strong>Pa-</strong></span> 
     </span>
    </p>
   </div>
   <div class='ocr_carea' id='block_1_69' title="bbox 556 5209 2139 5279">
    <p class='ocr_par' dir='ltr' id='par_1_69' title="bbox 556 5209 2139 5279">
     <span class='ocr_line' id='line_1_69' title="bbox 556 5209 2139 5279; baseline -0.001 -15"><span class='ocrx_word' id='word_1_524' title='bbox 556 5210 657 5266; x_wconf 89' lang='lat' dir='ltr'><strong>tris</strong></span> <span class='ocrx_word' id='word_1_525' title='bbox 688 5210 813 5274; x_wconf 91' lang='lat' dir='ltr'><strong>mei,</strong></span> <span class='ocrx_word' id='word_1_526' title='bbox 848 5212 1065 5265; x_wconf 87' lang='lat' dir='ltr'><strong>domum</strong></span> <span class='ocrx_word' id='word_1_527' title='bbox 1112 5218 1410 5265; x_wconf 85' lang='lat' dir='ltr'><strong>mercatus.</strong></span> <span class='ocrx_word' id='word_1_528' title='bbox 1454 5227 1472 5259; x_wconf 86' lang='grc'><strong>›</strong></span> <span class='ocrx_word' id='word_1_529' title='bbox 1513 5209 1726 5263; x_wconf 89' lang='lat' dir='ltr'><strong>Initium</strong></span> <span class='ocrx_word' id='word_1_530' title='bbox 1759 5209 1903 5263; x_wconf 90' lang='lat' dir='ltr'><strong>enim</strong></span> <span class='ocrx_word' id='word_1_531' title='bbox 1952 5210 2139 5279; x_wconf 78' lang='lat' dir='ltr'><strong>signo-</strong></span> 
     </span>
    </p>
   </div>
   <div class='ocr_carea' id='block_1_70' title="bbox 554 5301 2141 5370">
    <p class='ocr_par' dir='ltr' id='par_1_70' title="bbox 554 5301 2141 5370">
     <span class='ocr_line' id='line_1_70' title="bbox 554 5301 2141 5370; baseline -0.003 -13"><span class='ocrx_word' id='word_1_532' title='bbox 554 5318 675 5358; x_wconf 85' lang='lat' dir='ltr'><strong>rum</strong></span> <span class='ocrx_word' id='word_1_533' title='bbox 706 5302 887 5355; x_wconf 90' lang='lat' dir='ltr'><strong>adhuc</strong></span> <span class='ocrx_word' id='word_1_534' title='bbox 919 5313 1057 5365; x_wconf 88' lang='lat' dir='ltr'><strong>erat,</strong></span> <span class='ocrx_word' id='word_1_535' title='bbox 1088 5312 1143 5355; x_wconf 91' lang='lat' dir='ltr'><strong>et</strong></span> <span class='ocrx_word' id='word_1_536' title='bbox 1175 5301 1413 5354; x_wconf 87' lang='lat' dir='ltr'><strong>nondum</strong></span> <span class='ocrx_word' id='word_1_537' title='bbox 1467 5311 1612 5355; x_wconf 88' lang='lat' dir='ltr'><strong>tanta</strong></span> <span class='ocrx_word' id='word_1_538' title='bbox 1639 5302 1921 5370; x_wconf 87' lang='lat' dir='ltr'><strong>signorum</strong></span> <span class='ocrx_word' id='word_1_539' title='bbox 1957 5312 2141 5357; x_wconf 87' lang='lat' dir='ltr'><strong>osten-</strong></span> 
     </span>
    </p>
   </div>
   <div class='ocr_carea' id='block_1_71' title="bbox 554 5391 2135 5462">
    <p class='ocr_par' dir='ltr' id='par_1_71' title="bbox 554 5391 2135 5462">
     <span class='ocr_line' id='line_1_71' title="bbox 554 5391 2135 5462; baseline -0.002 -13"><span class='ocrx_word' id='word_1_540' title='bbox 554 5410 740 5449; x_wconf 85' lang='lat' dir='ltr'><strong>sorum</strong></span> <span class='ocrx_word' id='word_1_541' title='bbox 768 5405 885 5447; x_wconf 86' lang='lat' dir='ltr'><strong>erat</strong></span> <span class='ocrx_word' id='word_1_542' title='bbox 915 5394 1235 5447; x_wconf 84' lang='lat' dir='ltr'><strong>auctoritas.</strong></span> <span class='ocrx_word' id='word_1_543' title='bbox 1274 5391 1388 5445; x_wconf 84' lang='lat' dir='ltr'><strong>illic</strong></span> <span class='ocrx_word' id='word_1_544' title='bbox 1434 5403 1615 5446; x_wconf 89' lang='lat' dir='ltr'><strong>autem</strong></span> <span class='ocrx_word' id='word_1_545' title='bbox 1650 5396 1791 5462; x_wconf 88' lang='lat' dir='ltr'><strong>apud</strong></span> <span class='ocrx_word' id='word_1_546' title='bbox 1822 5392 2135 5447; x_wconf 70' lang='lat' dir='ltr'><strong>Mattltazutn</strong></span> 
     </span>
    </p>
   </div>
   <div class='ocr_carea' id='block_1_72' title="bbox 558 5480 2131 5551">
    <p class='ocr_par' dir='ltr' id='par_1_72' title="bbox 558 5480 2131 5551">
     <span class='ocr_line' id='line_1_72' title="bbox 558 5480 2131 5551; baseline -0.003 -13"><span class='ocrx_word' id='word_1_547' title='bbox 558 5485 709 5548; x_wconf 87' lang='lat' dir='ltr'><strong>dicit,</strong></span> <span class='ocrx_word' id='word_1_548' title='bbox 746 5502 763 5534; x_wconf 80' lang='grc' dir='ltr'><strong>ι</strong></span> <span class='ocrx_word' id='word_1_549' title='bbox 799 5483 917 5539; x_wconf 83' lang='grc' dir='ltr'>Νυιι</span> <span class='ocrx_word' id='word_1_550' title='bbox 965 5483 1151 5547; x_wconf 83' lang='lat' dir='ltr'><strong>facite,</strong></span> <span class='ocrx_word' id='word_1_551' title='bbox 1190 5482 1381 5551; x_wconf 90' lang='lat' dir='ltr'><strong>inquit,</strong></span> <span class='ocrx_word' id='word_1_552' title='bbox 1418 5482 1729 5551; x_wconf 85' lang='lat' dir='ltr'><strong>speluncam</strong></span> <span class='ocrx_word' id='word_1_553' title='bbox 1768 5480 2061 5537; x_wconf 86' lang='lat' dir='ltr'><strong>latronum.</strong></span> <span class='ocrx_word' id='word_1_554' title='bbox 2112 5500 2131 5533; x_wconf 74' lang='grc' dir='ltr'><strong>ι</strong></span> 
     </span>
    </p>
   </div>
   <div class='ocr_carea' id='block_1_73' title="bbox 555 5572 2139 5642">
    <p class='ocr_par' dir='ltr' id='par_1_73' title="bbox 555 5572 2139 5642">
     <span class='ocr_line' id='line_1_73' title="bbox 555 5572 2139 5642; baseline 0 -15"><span class='ocrx_word' id='word_1_555' title='bbox 555 5572 841 5628; x_wconf 75' lang='lat' dir='ltr'><strong>Manifesta</strong></span> <span class='ocrx_word' id='word_1_556' title='bbox 892 5574 1038 5628; x_wconf 88' lang='lat' dir='ltr'><strong>enim</strong></span> <span class='ocrx_word' id='word_1_557' title='bbox 1074 5573 1195 5629; x_wconf 87' lang='lat' dir='ltr'><strong>illos</strong></span> <span class='ocrx_word' id='word_1_558' title='bbox 1242 5573 1482 5627; x_wconf 88' lang='lat' dir='ltr'><strong>latrones</strong></span> <span class='ocrx_word' id='word_1_559' title='bbox 1532 5573 1853 5637; x_wconf 88' lang='lat' dir='ltr'><strong>nominavit,</strong></span> <span class='ocrx_word' id='word_1_560' title='bbox 1890 5572 2035 5642; x_wconf 91' lang='lat' dir='ltr'><strong>quod</strong></span> <span class='ocrx_word' id='word_1_561' title='bbox 2071 5588 2139 5627; x_wconf 78' lang='lat' dir='ltr'><strong>ex</strong></span> 
     </span>
    </p>
   </div>
   <div class='ocr_carea' id='block_1_74' title="bbox 558 5663 2139 5735">
    <p class='ocr_par' dir='ltr' id='par_1_74' title="bbox 558 5663 2139 5735">
     <span class='ocr_line' id='line_1_74' title="bbox 558 5663 2139 5735; baseline 0 -16"><span class='ocrx_word' id='word_1_562' title='bbox 558 5663 775 5733; x_wconf 81' lang='lat' dir='ltr'><strong>injustis</strong></span> <span class='ocrx_word' id='word_1_563' title='bbox 806 5663 981 5719; x_wconf 91' lang='lat' dir='ltr'><strong>modis</strong></span> <span class='ocrx_word' id='word_1_564' title='bbox 1012 5665 1221 5721; x_wconf 89' lang='lat' dir='ltr'><strong>lucrum</strong></span> <span class='ocrx_word' id='word_1_565' title='bbox 1262 5664 1526 5720; x_wconf 84' lang='lat' dir='ltr'><strong>facerent.</strong></span> <span class='ocrx_word' id='word_1_566' title='bbox 1558 5665 1786 5730; x_wconf 84' lang='lat' dir='ltr'><strong>Quando</strong></span> <span class='ocrx_word' id='word_1_567' title='bbox 1829 5668 1974 5719; x_wconf 90' lang='lat' dir='ltr'><strong>enim</strong></span> <span class='ocrx_word' id='word_1_568' title='bbox 2016 5667 2139 5735; x_wconf 91' lang='lat' dir='ltr'><strong>quis</strong></span> 
     </span>
    </p>
   </div>
   <div class='ocr_carea' id='block_1_75' title="bbox 628 5842 2225 5917">
    <p class='ocr_par' dir='ltr' id='par_1_75' title="bbox 628 5842 2225 5917">
     <span class='ocr_line' id='line_1_75' title="bbox 628 5842 2225 5917; baseline 0.004 -22"><span class='ocrx_word' id='word_1_569' title='bbox 628 5842 670 5873; x_wconf 80' lang='grc'><strong>⁸⁷</strong></span> <span class='ocrx_word' id='word_1_570' title='bbox 697 5843 843 5898; x_wconf 84' lang='lat' dir='ltr'><strong>Psal.</strong></span> <span class='ocrx_word' id='word_1_571' title='bbox 874 5860 1030 5910; x_wconf 74' lang='lat' dir='ltr'><strong>xvm,</strong></span> <span class='ocrx_word' id='word_1_572' title='bbox 1064 5844 1149 5901; x_wconf 81' lang='lat' dir='ltr'><strong>lO.</strong></span> <span class='ocrx_word' id='word_1_573' title='bbox 1226 5850 1269 5882; x_wconf 80' lang='lat'><strong>“</strong></span> <span class='ocrx_word' id='word_1_574' title='bbox 1291 5846 1426 5905; x_wconf 89' lang='lat' dir='ltr'><strong>an.</strong></span> <span class='ocrx_word' id='word_1_575' title='bbox 1459 5864 1515 5915; x_wconf 74' lang='grc' dir='ltr'>ι,</span> <span class='ocrx_word' id='word_1_576' title='bbox 1548 5847 1633 5904; x_wconf 79' lang='grc'>15.</span> <span class='ocrx_word' id='word_1_577' title='bbox 1712 5848 1755 5882; x_wconf 81' lang='grc'><strong>⁶⁹</strong></span> <span class='ocrx_word' id='word_1_578' title='bbox 1786 5846 1974 5906; x_wconf 81' lang='lat' dir='ltr'><strong>Matth.</strong></span> <span class='ocrx_word' id='word_1_579' title='bbox 2003 5863 2114 5917; x_wconf 78' lang='lat' dir='ltr'><strong>ut,</strong></span> <span class='ocrx_word' id='word_1_580' title='bbox 2146 5850 2225 5907; x_wconf 72' lang='lat' dir='ltr'><strong>l2.</strong></span> 
     </span>
    </p>
   </div>
   <div class='ocr_carea' id='block_1_76' title="bbox 2253 2019 3851 2095">
    <p class='ocr_par' dir='ltr' id='par_1_76' title="bbox 2253 2019 3851 2095">
     <span class='ocr_line' id='line_1_76' title="bbox 2253 2019 3851 2095; baseline -0.004 -16"><span class='ocrx_word' id='word_1_581' title='bbox 2253 2026 2468 2091; x_wconf 85' lang='grc' dir='ltr'><strong>νόησον,</strong></span> <span class='ocrx_word' id='word_1_582' title='bbox 2497 2024 2619 2078; x_wconf 79' lang='grc' dir='ltr'>ἀντὶ</span> <span class='ocrx_word' id='word_1_583' title='bbox 2643 2023 2761 2090; x_wconf 89' lang='grc' dir='ltr'>τοῦ,</span> <span class='ocrx_word' id='word_1_584' title='bbox 2799 2024 2985 2078; x_wconf 87' lang='grc' dir='ltr'>πίστιν</span> <span class='ocrx_word' id='word_1_585' title='bbox 3010 2021 3410 2095; x_wconf 79' lang='grc' dir='ltr'><strong>περισσοτέραν</strong></span> <span class='ocrx_word' id='word_1_586' title='bbox 3446 2021 3553 2075; x_wconf 70' lang='grc' dir='ltr'>καὶ</span> <span class='ocrx_word' id='word_1_587' title='bbox 3584 2019 3851 2092; x_wconf 74' lang='grc' dir='ltr'>βεϐαιοτέ-</span> 
     </span>
    </p>
   </div>
   <div class='ocr_carea' id='block_1_77' title="bbox 2256 2114 3849 2189">
    <p class='ocr_par' dir='ltr' id='par_1_77' title="bbox 2256 2114 3849 2189">
     <span class='ocr_line' id='line_1_77' title="bbox 2256 2114 3849 2189; baseline -0.004 -15"><span class='ocrx_word' id='word_1_588' title='bbox 2256 2134 2354 2189; x_wconf 83' lang='grc' dir='ltr'><strong>ραν</strong></span> <span class='ocrx_word' id='word_1_589' title='bbox 2387 2117 2579 2173; x_wconf 73' lang='grc' dir='ltr'>ἔλαϐον</span> <span class='ocrx_word' id='word_1_590' title='bbox 2618 2120 2698 2181; x_wconf 82' lang='grc' dir='ltr'><strong>είς</strong></span> <span class='ocrx_word' id='word_1_591' title='bbox 2743 2117 2942 2173; x_wconf 77' lang='grc' dir='ltr'>αὐτόν·</span> <span class='ocrx_word' id='word_1_592' title='bbox 2986 2118 3110 2170; x_wconf 73' lang='grc' dir='ltr'>ἐπεὶ</span> <span class='ocrx_word' id='word_1_593' title='bbox 3156 2117 3252 2170; x_wconf 74' lang='grc' dir='ltr'>καὶ</span> <span class='ocrx_word' id='word_1_594' title='bbox 3305 2114 3593 2187; x_wconf 85' lang='grc' dir='ltr'>πρότερον</span> <span class='ocrx_word' id='word_1_595' title='bbox 3649 2114 3849 2173; x_wconf 73' lang='grc' dir='ltr'>πάντως</span> 
     </span>
    </p>
   </div>
   <div class='ocr_carea' id='block_1_78' title="bbox 2252 2212 3302 2285">
    <p class='ocr_par' dir='ltr' id='par_1_78' title="bbox 2252 2212 3302 2285">
     <span class='ocr_line' id='line_1_78' title="bbox 2252 2212 3302 2285; baseline 0.001 -18"><span class='ocrx_word' id='word_1_596' title='bbox 2252 2214 2563 2281; x_wconf 77' lang='grc' dir='ltr'>ἐπίστευον,</span> <span class='ocrx_word' id='word_1_597' title='bbox 2596 2213 2713 2267; x_wconf 81' lang='grc' dir='ltr'>ἀλλ’</span> <span class='ocrx_word' id='word_1_598' title='bbox 2740 2213 2839 2285; x_wconf 85' lang='grc' dir='ltr'>οὑχ</span> <span class='ocrx_word' id='word_1_599' title='bbox 2872 2214 3016 2268; x_wconf 74' lang='grc' dir='ltr'>οὕτω</span> <span class='ocrx_word' id='word_1_600' title='bbox 3044 2212 3302 2284; x_wconf 82' lang='grc' dir='ltr'>βεϐαίως.</span> 
     </span>
    </p>
   </div>
   <div class='ocr_carea' id='block_1_79' title="bbox 2330 2301 3851 2375">
    <p class='ocr_par' dir='ltr' id='par_1_79' title="bbox 2330 2301 3851 2375">
     <span class='ocr_line' id='line_1_79' title="bbox 2330 2301 3851 2375; baseline -0.004 -17"><span class='ocrx_word' id='word_1_601' title='bbox 2330 2325 2349 2358; x_wconf 70' lang='grc' dir='ltr'>ι</span> <span class='ocrx_word' id='word_1_602' title='bbox 2392 2305 2549 2359; x_wconf 77' lang='grc' dir='ltr'>Μετὰ</span> <span class='ocrx_word' id='word_1_603' title='bbox 2572 2305 2734 2359; x_wconf 86' lang='grc' dir='ltr'>τοῦτο</span> <span class='ocrx_word' id='word_1_604' title='bbox 2758 2305 2969 2375; x_wconf 86' lang='grc' dir='ltr'>κατέϐη</span> <span class='ocrx_word' id='word_1_605' title='bbox 3001 2307 3080 2369; x_wconf 85' lang='grc' dir='ltr'><strong>είς</strong></span> <span class='ocrx_word' id='word_1_606' title='bbox 3115 2303 3505 2375; x_wconf 76' lang='grc' dir='ltr'>Καπερναοὺμ</span> <span class='ocrx_word' id='word_1_607' title='bbox 3538 2302 3736 2369; x_wconf 75' lang='grc' dir='ltr'>αὐτὸς,</span> <span class='ocrx_word' id='word_1_608' title='bbox 3770 2301 3851 2355; x_wconf 70' lang='grc' dir='ltr'>καὶ</span> 
     </span>
    </p>
   </div>
   <div class='ocr_carea' id='block_1_80' title="bbox 2252 2394 3853 2471">
    <p class='ocr_par' dir='ltr' id='par_1_80' title="bbox 2252 2394 3853 2471">
     <span class='ocr_line' id='line_1_80' title="bbox 2252 2394 3853 2471; baseline -0.009 -11"><span class='ocrx_word' id='word_1_609' title='bbox 2252 2400 2286 2471; x_wconf 80' lang='grc' dir='ltr'><strong>ή</strong></span> <span class='ocrx_word' id='word_1_610' title='bbox 2326 2399 2512 2469; x_wconf 83' lang='grc' dir='ltr'><strong>μήτηρ</strong></span> <span class='ocrx_word' id='word_1_611' title='bbox 2544 2398 2735 2463; x_wconf 85' lang='grc' dir='ltr'>αὐτοῦ,</span> <span class='ocrx_word' id='word_1_612' title='bbox 2768 2399 2865 2452; x_wconf 84' lang='grc' dir='ltr'>καὶ</span> <span class='ocrx_word' id='word_1_613' title='bbox 2902 2399 2953 2451; x_wconf 87' lang='lat' dir='ltr'><strong>el</strong></span> <span class='ocrx_word' id='word_1_614' title='bbox 2976 2394 3198 2467; x_wconf 76' lang='grc' dir='ltr'>ἀδελφοὶ</span> <span class='ocrx_word' id='word_1_615' title='bbox 3231 2396 3424 2461; x_wconf 81' lang='grc' dir='ltr'>αὐτοῦ,</span> <span class='ocrx_word' id='word_1_616' title='bbox 3466 2397 3574 2450; x_wconf 76' lang='grc' dir='ltr'>καὶ</span> <span class='ocrx_word' id='word_1_617' title='bbox 3602 2398 3657 2449; x_wconf 78' lang='lat' dir='ltr'><strong>oi</strong></span> <span class='ocrx_word' id='word_1_618' title='bbox 3693 2395 3853 2467; x_wconf 69' lang='grc' dir='ltr'>μαθη-</span> 
     </span>
    </p>
   </div>
   <div class='ocr_carea' id='block_1_81' title="bbox 2252 2488 3853 2561">
    <p class='ocr_par' dir='ltr' id='par_1_81' title="bbox 2252 2488 3853 2561">
     <span class='ocr_line' id='line_1_81' title="bbox 2252 2488 3853 2561; baseline -0.003 -16"><span class='ocrx_word' id='word_1_619' title='bbox 2252 2492 2343 2545; x_wconf 74' lang='grc' dir='ltr'>ταὶ</span> <span class='ocrx_word' id='word_1_620' title='bbox 2372 2491 2536 2544; x_wconf 85' lang='grc' dir='ltr'>αὐτοῦ</span> <span class='ocrx_word' id='word_1_621' title='bbox 2561 2507 2573 2519; x_wconf 92' lang='grc'><strong>·</strong></span> <span class='ocrx_word' id='word_1_622' title='bbox 2611 2492 2706 2545; x_wconf 78' lang='grc' dir='ltr'>καὶ</span> <span class='ocrx_word' id='word_1_623' title='bbox 2731 2494 2849 2545; x_wconf 78' lang='grc' dir='ltr'>ἐκεῖ</span> <span class='ocrx_word' id='word_1_624' title='bbox 2882 2490 3105 2561; x_wconf 64' lang='grc' dir='ltr'>ἔμειναν</span> <span class='ocrx_word' id='word_1_625' title='bbox 3136 2492 3196 2543; x_wconf 77' lang='grc' dir='ltr'>οὐ</span> <span class='ocrx_word' id='word_1_626' title='bbox 3228 2488 3434 2553; x_wconf 81' lang='grc' dir='ltr'>πολλὰς</span> <span class='ocrx_word' id='word_1_627' title='bbox 3462 2491 3725 2561; x_wconf 72' lang='grc' dir='ltr'>ἡμέρας.</span> <span class='ocrx_word' id='word_1_628' title='bbox 3764 2491 3853 2543; x_wconf 70' lang='lat' dir='ltr'><strong>Kal</strong></span> 
     </span>
    </p>
   </div>
   <div class='ocr_carea' id='block_1_82' title="bbox 2252 2578 3854 2654">
    <p class='ocr_par' dir='ltr' id='par_1_82' title="bbox 2252 2578 3854 2654">
     <span class='ocr_line' id='line_1_82' title="bbox 2252 2578 3854 2654; baseline -0.001 -18"><span class='ocrx_word' id='word_1_629' title='bbox 2252 2586 2421 2653; x_wconf 74' lang='grc' dir='ltr'>ἐγγὺς</span> <span class='ocrx_word' id='word_1_630' title='bbox 2447 2578 2515 2654; x_wconf 79' lang='grc' dir='ltr'>ἦν</span> <span class='ocrx_word' id='word_1_631' title='bbox 2562 2584 2625 2637; x_wconf 82' lang='grc' dir='ltr'>τὸ</span> <span class='ocrx_word' id='word_1_632' title='bbox 2656 2584 2849 2654; x_wconf 79' lang='grc' dir='ltr'>Πάσχα</span> <span class='ocrx_word' id='word_1_633' title='bbox 2898 2583 3009 2638; x_wconf 84' lang='grc' dir='ltr'><strong>τῶν</strong></span> <span class='ocrx_word' id='word_1_634' title='bbox 3058 2582 3348 2648; x_wconf 76' lang='grc' dir='ltr'>Ἰουδαίων,</span> <span class='ocrx_word' id='word_1_635' title='bbox 3406 2585 3509 2636; x_wconf 78' lang='grc' dir='ltr'>καὶ</span> <span class='ocrx_word' id='word_1_636' title='bbox 3567 2582 3753 2653; x_wconf 82' lang='grc' dir='ltr'>ἀνέϐη</span> <span class='ocrx_word' id='word_1_637' title='bbox 3791 2584 3854 2642; x_wconf 72' lang='grc' dir='ltr'><strong>είς</strong></span> 
     </span>
    </p>
   </div>
   <div class='ocr_carea' id='block_1_83' title="bbox 2263 2671 3853 2749">
    <p class='ocr_par' dir='ltr' id='par_1_83' title="bbox 2263 2671 3853 2749">
     <span class='ocr_line' id='line_1_83' title="bbox 2263 2671 3853 2749; baseline -0.001 -19"><span class='ocrx_word' id='word_1_638' title='bbox 2263 2677 2615 2749; x_wconf 85' lang='grc' dir='ltr'>Ἰεροσόλυμα</span> <span class='ocrx_word' id='word_1_639' title='bbox 2641 2680 2669 2731; x_wconf 98' lang='lat'><strong>6</strong></span> <span class='ocrx_word' id='word_1_640' title='bbox 2711 2677 2943 2749; x_wconf 81' lang='grc' dir='ltr'>Ἰησοῦς.</span> <span class='ocrx_word' id='word_1_641' title='bbox 2978 2678 3087 2731; x_wconf 70' lang='grc' dir='ltr'><strong>Καὶ</strong></span> <span class='ocrx_word' id='word_1_642' title='bbox 3133 2671 3293 2747; x_wconf 77' lang='grc' dir='ltr'>εὗρεν</span> <span class='ocrx_word' id='word_1_643' title='bbox 3332 2679 3394 2731; x_wconf 81' lang='grc' dir='ltr'>ὲν</span> <span class='ocrx_word' id='word_1_644' title='bbox 3429 2676 3517 2747; x_wconf 82' lang='grc' dir='ltr'>τῷ</span> <span class='ocrx_word' id='word_1_645' title='bbox 3556 2678 3703 2748; x_wconf 78' lang='grc' dir='ltr'>ἱερῷ</span> <span class='ocrx_word' id='word_1_646' title='bbox 3744 2677 3853 2739; x_wconf 64' lang='grc' dir='ltr'>τοὺς</span> 
     </span>
    </p>
   </div>
   <div class='ocr_carea' id='block_1_84' title="bbox 2253 2770 3853 2844">
    <p class='ocr_par' dir='ltr' id='par_1_84' title="bbox 2253 2770 3853 2844">
     <span class='ocr_line' id='line_1_84' title="bbox 2253 2770 3853 2844; baseline 0.002 -21"><span class='ocrx_word' id='word_1_647' title='bbox 2253 2771 2574 2836; x_wconf 78' lang='grc' dir='ltr'>πωλοῦντας</span> <span class='ocrx_word' id='word_1_648' title='bbox 2625 2771 2773 2843; x_wconf 83' lang='grc' dir='ltr'>βόας,</span> <span class='ocrx_word' id='word_1_649' title='bbox 2820 2774 2917 2825; x_wconf 80' lang='grc' dir='ltr'>καὶ</span> <span class='ocrx_word' id='word_1_650' title='bbox 2982 2770 3253 2844; x_wconf 85' lang='grc' dir='ltr'>πρόϐατα,</span> <span class='ocrx_word' id='word_1_651' title='bbox 3323 2771 3424 2825; x_wconf 70' lang='grc' dir='ltr'>καὶ</span> <span class='ocrx_word' id='word_1_652' title='bbox 3500 2773 3853 2843; x_wconf 66' lang='grc' dir='ltr'>περιστεράς,</span> 
     </span>
    </p>
   </div>
   <div class='ocr_carea' id='block_1_85' title="bbox 2255 2865 3856 2937">
    <p class='ocr_par' dir='ltr' id='par_1_85' title="bbox 2255 2865 3856 2937">
     <span class='ocr_line' id='line_1_85' title="bbox 2255 2865 3856 2937; baseline 0 -20"><span class='ocrx_word' id='word_1_653' title='bbox 2255 2866 2348 2917; x_wconf 84' lang='grc' dir='ltr'><strong>καί</strong></span> <span class='ocrx_word' id='word_1_654' title='bbox 2401 2866 2528 2928; x_wconf 76' lang='grc' dir='ltr'>τοὺς</span> <span class='ocrx_word' id='word_1_655' title='bbox 2580 2865 2954 2935; x_wconf 76' lang='grc' dir='ltr'>κερματιστὰς</span> <span class='ocrx_word' id='word_1_656' title='bbox 3009 2865 3377 2934; x_wconf 73' lang='grc' dir='ltr'>καθημένους.</span> <span class='ocrx_word' id='word_1_657' title='bbox 3444 2866 3567 2919; x_wconf 74' lang='grc' dir='ltr'><strong>Καὶ</strong></span> <span class='ocrx_word' id='word_1_658' title='bbox 3633 2868 3856 2937; x_wconf 75' lang='grc' dir='ltr'>ποιήσας</span> 
     </span>
    </p>
   </div>
   <div class='ocr_carea' id='block_1_86' title="bbox 2254 2957 3855 3031">
    <p class='ocr_par' dir='ltr' id='par_1_86' title="bbox 2254 2957 3855 3031">
     <span class='ocr_line' id='line_1_86' title="bbox 2254 2957 3855 3031; baseline -0.002 -19"><span class='ocrx_word' id='word_1_659' title='bbox 2254 2959 2621 3031; x_wconf 84' lang='grc' dir='ltr'>φραγγέλλιον</span> <span class='ocrx_word' id='word_1_660' title='bbox 2662 2961 2728 3012; x_wconf 75' lang='grc' dir='ltr'><strong>εκ</strong></span> <span class='ocrx_word' id='word_1_661' title='bbox 2773 2958 3046 3027; x_wconf 86' lang='grc' dir='ltr'>σχοινίων,</span> <span class='ocrx_word' id='word_1_662' title='bbox 3099 2959 3307 3021; x_wconf 80' lang='grc' dir='ltr'>πάντας</span> <span class='ocrx_word' id='word_1_663' title='bbox 3361 2957 3647 3022; x_wconf 74' lang='grc' dir='ltr'>ἐξέϐαλεν</span> <span class='ocrx_word' id='word_1_664' title='bbox 3680 2962 3748 3015; x_wconf 82' lang='grc' dir='ltr'>ὲκ</span> <span class='ocrx_word' id='word_1_665' title='bbox 3780 2958 3855 3011; x_wconf 68' lang='grc' dir='ltr'><strong>τοῦ</strong></span> 
     </span>
    </p>
   </div>
   <div class='ocr_carea' id='block_1_87' title="bbox 2256 3044 3859 3121">
    <p class='ocr_par' dir='ltr' id='par_1_87' title="bbox 2256 3044 3859 3121">
     <span class='ocr_line' id='line_1_87' title="bbox 2256 3044 3859 3121; baseline 0 -18"><span class='ocrx_word' id='word_1_666' title='bbox 2256 3046 2426 3121; x_wconf 77' lang='grc' dir='ltr'>ἱεροῦ,</span> <span class='ocrx_word' id='word_1_667' title='bbox 2460 3052 2528 3104; x_wconf 82' lang='grc' dir='ltr'>τά</span> <span class='ocrx_word' id='word_1_668' title='bbox 2556 3044 2615 3104; x_wconf 80' lang='grc' dir='ltr'><strong>τε</strong></span> <span class='ocrx_word' id='word_1_669' title='bbox 2641 3051 2915 3119; x_wconf 89' lang='grc' dir='ltr'>πρόϐατα,</span> <span class='ocrx_word' id='word_1_670' title='bbox 2945 3052 3041 3105; x_wconf 79' lang='grc' dir='ltr'>καὶ</span> <span class='ocrx_word' id='word_1_671' title='bbox 3066 3051 3192 3114; x_wconf 76' lang='grc' dir='ltr'>τοὺς</span> <span class='ocrx_word' id='word_1_672' title='bbox 3222 3050 3347 3121; x_wconf 86' lang='grc' dir='ltr'>βόας</span> <span class='ocrx_word' id='word_1_673' title='bbox 3372 3068 3385 3080; x_wconf 87' lang='grc'><strong>·</strong></span> <span class='ocrx_word' id='word_1_674' title='bbox 3428 3052 3539 3105; x_wconf 70' lang='grc' dir='ltr'>καὶ</span> <span class='ocrx_word' id='word_1_675' title='bbox 3590 3053 3714 3105; x_wconf 82' lang='grc' dir='ltr'><strong>τῶν</strong></span> <span class='ocrx_word' id='word_1_676' title='bbox 3756 3054 3859 3106; x_wconf 75' lang='grc' dir='ltr'>κολ-</span> 
     </span>
    </p>
   </div>
   <div class='ocr_carea' id='block_1_88' title="bbox 2252 3142 3857 3218">
    <p class='ocr_par' dir='ltr' id='par_1_88' title="bbox 2252 3142 3857 3218">
     <span class='ocr_line' id='line_1_88' title="bbox 2252 3142 3857 3218; baseline 0.001 -23"><span class='ocrx_word' id='word_1_677' title='bbox 2252 3142 2519 3199; x_wconf 83' lang='grc' dir='ltr'>λυϐιστῶν</span> <span class='ocrx_word' id='word_1_678' title='bbox 2535 3143 2715 3214; x_wconf 73' lang='grc' dir='ltr'>ἐξέχεε</span> <span class='ocrx_word' id='word_1_679' title='bbox 2733 3143 2793 3209; x_wconf 73' lang='grc' dir='ltr'>τὸ</span> <span class='ocrx_word' id='word_1_680' title='bbox 2806 3142 2901 3213; x_wconf 57' lang='grc' dir='ltr'><strong>κάρ</strong></span> <span class='ocrx_word' id='word_1_681' title='bbox 2910 3160 3010 3211; x_wconf 89' lang='grc' dir='ltr'><strong>μα,</strong></span> <span class='ocrx_word' id='word_1_682' title='bbox 3030 3145 3125 3197; x_wconf 68' lang='grc' dir='ltr'>καὶ</span> <span class='ocrx_word' id='word_1_683' title='bbox 3139 3144 3237 3207; x_wconf 81' lang='grc' dir='ltr'>τὰς</span> <span class='ocrx_word' id='word_1_684' title='bbox 3254 3144 3557 3213; x_wconf 73' lang='grc' dir='ltr'>τραπέζας</span> <span class='ocrx_word' id='word_1_685' title='bbox 3575 3147 3857 3218; x_wconf 67' lang='grc' dir='ltr'>ἀνέτρεψε,</span> 
     </span>
    </p>
   </div>
   <div class='ocr_carea' id='block_1_89' title="bbox 2255 3232 3858 3311">
    <p class='ocr_par' dir='ltr' id='par_1_89' title="bbox 2255 3232 3858 3311">
     <span class='ocr_line' id='line_1_89' title="bbox 2255 3232 3858 3311; baseline 0.003 -26"><span class='ocrx_word' id='word_1_686' title='bbox 2255 3233 2349 3286; x_wconf 74' lang='grc' dir='ltr'>καὶ</span> <span class='ocrx_word' id='word_1_687' title='bbox 2388 3235 2498 3295; x_wconf 70' lang='grc' dir='ltr'>τοῖς</span> <span class='ocrx_word' id='word_1_688' title='bbox 2552 3232 2653 3296; x_wconf 83' lang='grc' dir='ltr'><strong>τὰς</strong></span> <span class='ocrx_word' id='word_1_689' title='bbox 2699 3234 3032 3305; x_wconf 70' lang='grc' dir='ltr'>περιστερὰς</span> <span class='ocrx_word' id='word_1_690' title='bbox 3079 3233 3352 3289; x_wconf 84' lang='grc' dir='ltr'>πωλοῦσιν</span> <span class='ocrx_word' id='word_1_691' title='bbox 3394 3232 3611 3292; x_wconf 79' lang='grc' dir='ltr'>εἶπεν·</span> <span class='ocrx_word' id='word_1_692' title='bbox 3666 3241 3858 3311; x_wconf 74' lang='grc' dir='ltr'>’Δρστε</span> 
     </span>
    </p>
   </div>
   <div class='ocr_carea' id='block_1_90' title="bbox 2253 3323 3863 3397">
    <p class='ocr_par' dir='ltr' id='par_1_90' title="bbox 2253 3323 3863 3397">
     <span class='ocr_line' id='line_1_90' title="bbox 2253 3323 3863 3397; baseline 0.006 -20"><span class='ocrx_word' id='word_1_693' title='bbox 2253 3323 2429 3381; x_wconf 65' lang='grc' dir='ltr'>ταῦτα</span> <span class='ocrx_word' id='word_1_694' title='bbox 2475 3323 2747 3393; x_wconf 75' lang='grc' dir='ltr'>ἐντεῦθεν,</span> <span class='ocrx_word' id='word_1_695' title='bbox 2780 3326 2877 3380; x_wconf 73' lang='grc' dir='ltr'>καὶ</span> <span class='ocrx_word' id='word_1_696' title='bbox 2915 3327 2991 3397; x_wconf 80' lang='grc' dir='ltr'>μὴ</span> <span class='ocrx_word' id='word_1_697' title='bbox 3028 3329 3233 3380; x_wconf 81' lang='grc' dir='ltr'>ποιεῖτε</span> <span class='ocrx_word' id='word_1_698' title='bbox 3280 3328 3379 3382; x_wconf 80' lang='grc' dir='ltr'>τὸν</span> <span class='ocrx_word' id='word_1_699' title='bbox 3415 3326 3583 3382; x_wconf 83' lang='grc' dir='ltr'>οἷκον</span> <span class='ocrx_word' id='word_1_700' title='bbox 3636 3332 3738 3386; x_wconf 85' lang='grc' dir='ltr'><strong>τοῦ</strong></span> <span class='ocrx_word' id='word_1_701' title='bbox 3766 3334 3863 3387; x_wconf 69' lang='grc' dir='ltr'>Πα-</span> 
     </span>
    </p>
   </div>
   <div class='ocr_carea' id='block_1_91' title="bbox 2255 3412 3858 3493">
    <p class='ocr_par' dir='ltr' id='par_1_91' title="bbox 2255 3412 3858 3493">
     <span class='ocr_line' id='line_1_91' title="bbox 2255 3412 3858 3493; baseline -0.006 -23"><span class='ocrx_word' id='word_1_702' title='bbox 2255 3418 2379 3487; x_wconf 85' lang='grc' dir='ltr'>τρός</span> <span class='ocrx_word' id='word_1_703' title='bbox 2411 3433 2514 3488; x_wconf 85' lang='grc' dir='ltr'>μου</span> <span class='ocrx_word' id='word_1_704' title='bbox 2568 3412 2717 3472; x_wconf 77' lang='grc' dir='ltr'>οἷκον</span> <span class='ocrx_word' id='word_1_705' title='bbox 2747 3417 3041 3491; x_wconf 72' lang='grc' dir='ltr'>ιμπορίου.</span> <span class='ocrx_word' id='word_1_706' title='bbox 3066 3418 3455 3489; x_wconf 77' lang='grc' dir='ltr'>Ἐμνήσθησαν</span> <span class='ocrx_word' id='word_1_707' title='bbox 3491 3421 3558 3475; x_wconf 81' lang='grc' dir='ltr'><strong>δὲ</strong></span> <span class='ocrx_word' id='word_1_708' title='bbox 3598 3424 3654 3477; x_wconf 71' lang='lat' dir='ltr'><strong>oi</strong></span> <span class='ocrx_word' id='word_1_709' title='bbox 3694 3424 3858 3493; x_wconf 61' lang='grc' dir='ltr'>μαθη.</span> 
     </span>
    </p>
   </div>
   <div class='ocr_carea' id='block_1_92' title="bbox 2252 3509 3859 3585">
    <p class='ocr_par' dir='ltr' id='par_1_92' title="bbox 2252 3509 3859 3585">
     <span class='ocr_line' id='line_1_92' title="bbox 2252 3509 3859 3585; baseline 0.001 -21"><span class='ocrx_word' id='word_1_710' title='bbox 2252 3511 2345 3564; x_wconf 77' lang='grc' dir='ltr'><strong>ταὶ</strong></span> <span class='ocrx_word' id='word_1_711' title='bbox 2391 3509 2580 3579; x_wconf 82' lang='grc' dir='ltr'>αὑτοῦ,</span> <span class='ocrx_word' id='word_1_712' title='bbox 2632 3512 2715 3563; x_wconf 84' lang='grc' dir='ltr'>ὅτι</span> <span class='ocrx_word' id='word_1_713' title='bbox 2761 3510 3153 3582; x_wconf 80' lang='grc' dir='ltr'>γεγραμμένον</span> <span class='ocrx_word' id='word_1_714' title='bbox 3204 3511 3351 3565; x_wconf 73' lang='grc' dir='ltr'>ἐστίν</span> <span class='ocrx_word' id='word_1_715' title='bbox 3378 3530 3392 3543; x_wconf 88' lang='grc'>·</span> <span class='ocrx_word' id='word_1_716' title='bbox 3446 3512 3514 3567; x_wconf 88' lang='grc' dir='ltr'>Ὀ</span> <span class='ocrx_word' id='word_1_717' title='bbox 3551 3514 3731 3585; x_wconf 76' lang='grc' dir='ltr'>ζῆλος</span> <span class='ocrx_word' id='word_1_718' title='bbox 3779 3516 3859 3567; x_wconf 55' lang='grc' dir='ltr'>τοί</span> 
     </span>
    </p>
   </div>
   <div class='ocr_carea' id='block_1_93' title="bbox 2254 3601 3860 3677">
    <p class='ocr_par' dir='ltr' id='par_1_93' title="bbox 2254 3601 3860 3677">
     <span class='ocr_line' id='line_1_93' title="bbox 2254 3601 3860 3677; baseline 0.001 -21"><span class='ocrx_word' id='word_1_719' title='bbox 2254 3604 2402 3656; x_wconf 82' lang='grc' dir='ltr'>οἴκου</span> <span class='ocrx_word' id='word_1_720' title='bbox 2448 3619 2540 3655; x_wconf 87' lang='grc' dir='ltr'>σου</span> <span class='ocrx_word' id='word_1_721' title='bbox 2596 3601 2876 3671; x_wconf 75' lang='grc' dir='ltr'>κατέφαγε</span> <span class='ocrx_word' id='word_1_722' title='bbox 2925 3618 3016 3672; x_wconf 89' lang='grc' dir='ltr'><strong>με.</strong></span> <span class='ocrx_word' id='word_1_723' title='bbox 3065 3620 3083 3655; x_wconf 77' lang='grc' dir='ltr'><strong>ι</strong></span> <span class='ocrx_word' id='word_1_724' title='bbox 3120 3603 3468 3673; x_wconf 80' lang='grc' dir='ltr'>Κατὲρχεται</span> <span class='ocrx_word' id='word_1_725' title='bbox 3520 3608 3610 3669; x_wconf 82' lang='grc' dir='ltr'><strong>είς</strong></span> <span class='ocrx_word' id='word_1_726' title='bbox 3647 3608 3860 3677; x_wconf 59' lang='grc' dir='ltr'>Κακερ-</span> 
     </span>
    </p>
   </div>
   <div class='ocr_carea' id='block_1_94' title="bbox 2252 3693 3856 3766">
    <p class='ocr_par' dir='ltr' id='par_1_94' title="bbox 2252 3693 3856 3766">
     <span class='ocr_line' id='line_1_94' title="bbox 2252 3693 3856 3766; baseline -0.001 -15"><span class='ocrx_word' id='word_1_727' title='bbox 2252 3695 2429 3766; x_wconf 83' lang='grc' dir='ltr'>ναοὺμ</span> <span class='ocrx_word' id='word_1_728' title='bbox 2463 3695 2491 3747; x_wconf 94' lang='lat'><strong>6</strong></span> <span class='ocrx_word' id='word_1_729' title='bbox 2520 3693 2737 3765; x_wconf 80' lang='grc' dir='ltr'>Κύριος,</span> <span class='ocrx_word' id='word_1_730' title='bbox 2774 3694 3034 3766; x_wconf 75' lang='grc' dir='ltr'>οὐδεμιᾶς</span> <span class='ocrx_word' id='word_1_731' title='bbox 3062 3694 3230 3763; x_wconf 74' lang='grc' dir='ltr'>ἄλλης</span> <span class='ocrx_word' id='word_1_732' title='bbox 3255 3694 3454 3764; x_wconf 78' lang='grc' dir='ltr'>χρείας</span> <span class='ocrx_word' id='word_1_733' title='bbox 3478 3696 3725 3764; x_wconf 77' lang='grc' dir='ltr'>ἕνεκεν,</span> <span class='ocrx_word' id='word_1_734' title='bbox 3755 3702 3856 3751; x_wconf 61' lang='grc' dir='ltr'>ἀλλ’</span> 
     </span>
    </p>
   </div>
   <div class='ocr_carea' id='block_1_95' title="bbox 2250 3790 3859 3865">
    <p class='ocr_par' dir='ltr' id='par_1_95' title="bbox 2250 3790 3859 3865">
     <span class='ocr_line' id='line_1_95' title="bbox 2250 3790 3859 3865; baseline 0 -21"><span class='ocrx_word' id='word_1_735' title='bbox 2250 3790 2427 3865; x_wconf 74' lang='grc' dir='ltr'>ἢτοῦ</span> <span class='ocrx_word' id='word_1_736' title='bbox 2479 3791 2935 3863; x_wconf 81' lang='grc' dir='ltr'>ἀποκαταστῆσαι</span> <span class='ocrx_word' id='word_1_737' title='bbox 3000 3790 3100 3861; x_wconf 74' lang='grc' dir='ltr'>τὴν</span> <span class='ocrx_word' id='word_1_738' title='bbox 3184 3790 3404 3862; x_wconf 83' lang='grc' dir='ltr'>μητέρα</span> <span class='ocrx_word' id='word_1_739' title='bbox 3470 3791 3664 3847; x_wconf 83' lang='grc' dir='ltr'>αὐτοῦ</span> <span class='ocrx_word' id='word_1_740' title='bbox 3738 3798 3859 3851; x_wconf 71' lang='grc' dir='ltr'>ἐκεῖ,</span> 
     </span>
    </p>
   </div>
   <div class='ocr_carea' id='block_1_96' title="bbox 2252 3882 3861 3958">
    <p class='ocr_par' dir='ltr' id='par_1_96' title="bbox 2252 3882 3861 3958">
     <span class='ocr_line' id='line_1_96' title="bbox 2252 3882 3861 3958; baseline 0 -23"><span class='ocrx_word' id='word_1_741' title='bbox 2252 3883 2339 3936; x_wconf 82' lang='grc' dir='ltr'><strong>ἴνα</strong></span> <span class='ocrx_word' id='word_1_742' title='bbox 2369 3882 2445 3955; x_wconf 74' lang='grc' dir='ltr'>μὴ</span> <span class='ocrx_word' id='word_1_743' title='bbox 2470 3882 2749 3954; x_wconf 83' lang='grc' dir='ltr'>πανταχοῦ</span> <span class='ocrx_word' id='word_1_744' title='bbox 2779 3884 2951 3954; x_wconf 81' lang='grc' dir='ltr'>αὐτὴν</span> <span class='ocrx_word' id='word_1_745' title='bbox 2971 3884 3291 3953; x_wconf 70' lang='grc' dir='ltr'>ἐφέλκηται.</span> <span class='ocrx_word' id='word_1_746' title='bbox 3335 3883 3495 3936; x_wconf 73' lang='grc' dir='ltr'>Ἐπεὶ</span> <span class='ocrx_word' id='word_1_747' title='bbox 3520 3888 3647 3958; x_wconf 78' lang='grc' dir='ltr'><strong>γὰρ</strong></span> <span class='ocrx_word' id='word_1_748' title='bbox 3671 3888 3763 3941; x_wconf 74' lang='grc' dir='ltr'>διὰ</span> <span class='ocrx_word' id='word_1_749' title='bbox 3784 3889 3861 3938; x_wconf 67' lang='grc' dir='ltr'>τὸν</span> 
     </span>
    </p>
   </div>
   <div class='ocr_carea' id='block_1_97' title="bbox 2250 3970 3861 4047">
    <p class='ocr_par' dir='ltr' id='par_1_97' title="bbox 2250 3970 3861 4047">
     <span class='ocr_line' id='line_1_97' title="bbox 2250 3970 3861 4047; baseline 0.002 -20"><span class='ocrx_word' id='word_1_750' title='bbox 2250 3973 2429 4043; x_wconf 84' lang='grc' dir='ltr'>γάμον</span> <span class='ocrx_word' id='word_1_751' title='bbox 2455 3970 2616 4045; x_wconf 77' lang='grc' dir='ltr'>ἦλθον</span> <span class='ocrx_word' id='word_1_752' title='bbox 2648 3975 2725 4037; x_wconf 85' lang='grc' dir='ltr'><strong>είς</strong></span> <span class='ocrx_word' id='word_1_753' title='bbox 2766 3975 2942 4039; x_wconf 79' lang='grc' dir='ltr'>Κανᾶ,</span> <span class='ocrx_word' id='word_1_754' title='bbox 2973 3973 3067 4027; x_wconf 85' lang='grc' dir='ltr'><strong>τοῦ</strong></span> <span class='ocrx_word' id='word_1_755' title='bbox 3097 3975 3279 4044; x_wconf 81' lang='grc' dir='ltr'>γάμου</span> <span class='ocrx_word' id='word_1_756' title='bbox 3313 3975 3737 4047; x_wconf 77' lang='grc' dir='ltr'>παρελθόντος,</span> <span class='ocrx_word' id='word_1_757' title='bbox 3779 3982 3861 4031; x_wconf 72' lang='lat' dir='ltr'><strong>t1:-</strong></span> 
     </span>
    </p>
   </div>
   <div class='ocr_carea' id='block_1_98' title="bbox 2252 4067 3858 4142">
    <p class='ocr_par' dir='ltr' id='par_1_98' title="bbox 2252 4067 3858 4142">
     <span class='ocr_line' id='line_1_98' title="bbox 2252 4067 3858 4142; baseline 0.003 -23"><span class='ocrx_word' id='word_1_758' title='bbox 2252 4067 2445 4136; x_wconf 81' lang='grc' dir='ltr'>ανάγει</span> <span class='ocrx_word' id='word_1_759' title='bbox 2476 4068 2577 4135; x_wconf 85' lang='grc' dir='ltr'>τὴν</span> <span class='ocrx_word' id='word_1_760' title='bbox 2604 4068 2823 4142; x_wconf 82' lang='grc' dir='ltr'>μητέρα</span> <span class='ocrx_word' id='word_1_761' title='bbox 2848 4068 2929 4131; x_wconf 86' lang='grc' dir='ltr'><strong>είς</strong></span> <span class='ocrx_word' id='word_1_762' title='bbox 2950 4068 3044 4121; x_wconf 84' lang='grc' dir='ltr'>τὸν</span> <span class='ocrx_word' id='word_1_763' title='bbox 3073 4068 3132 4122; x_wconf 80' lang='grc' dir='ltr'>ὲν</span> <span class='ocrx_word' id='word_1_764' title='bbox 3158 4068 3551 4141; x_wconf 80' lang='grc' dir='ltr'>Καπερναοὺμ</span> <span class='ocrx_word' id='word_1_765' title='bbox 3583 4068 3749 4126; x_wconf 74' lang='grc' dir='ltr'>οἶκον</span> <span class='ocrx_word' id='word_1_766' title='bbox 3773 4074 3858 4124; x_wconf 66' lang='lat' dir='ltr'><strong>a5-</strong></span> 
     </span>
    </p>
   </div>
   <div class='ocr_carea' id='block_1_99' title="bbox 2248 4156 3855 4229">
    <p class='ocr_par' dir='ltr' id='par_1_99' title="bbox 2248 4156 3855 4229">
     <span class='ocr_line' id='line_1_99' title="bbox 2248 4156 3855 4229; baseline 0.004 -20"><span class='ocrx_word' id='word_1_767' title='bbox 2248 4158 2369 4229; x_wconf 81' lang='grc' dir='ltr'>τῆς.</span> <span class='ocrx_word' id='word_1_768' title='bbox 2401 4157 2569 4228; x_wconf 82' lang='grc' dir='ltr'>Δῆλον</span> <span class='ocrx_word' id='word_1_769' title='bbox 2602 4158 2657 4211; x_wconf 79' lang='grc' dir='ltr'><strong>δὲ</strong></span> <span class='ocrx_word' id='word_1_770' title='bbox 2686 4156 2864 4224; x_wconf 86' lang='grc' dir='ltr'>τοῦτο,</span> <span class='ocrx_word' id='word_1_771' title='bbox 2893 4158 2974 4213; x_wconf 85' lang='grc' dir='ltr'>ὅτι</span> <span class='ocrx_word' id='word_1_772' title='bbox 3003 4157 3091 4211; x_wconf 83' lang='grc' dir='ltr'><strong>διὰ</strong></span> <span class='ocrx_word' id='word_1_773' title='bbox 3116 4158 3322 4229; x_wconf 72' lang='grc' dir='ltr'>ταύτην</span> <span class='ocrx_word' id='word_1_774' title='bbox 3353 4161 3459 4229; x_wconf 79' lang='grc' dir='ltr'>τὴν</span> <span class='ocrx_word' id='word_1_775' title='bbox 3481 4161 3691 4215; x_wconf 71' lang='grc' dir='ltr'>αἰτίαν</span> <span class='ocrx_word' id='word_1_776' title='bbox 3731 4178 3855 4216; x_wconf 65' lang='grc' dir='ltr'>κατι</span> 
     </span>
    </p>
   </div>
   <div class='ocr_carea' id='block_1_100' title="bbox 2248 4251 3857 4329">
    <p class='ocr_par' dir='ltr' id='par_1_100' title="bbox 2248 4251 3857 4329">
     <span class='ocr_line' id='line_1_100' title="bbox 2248 4251 3857 4329; baseline -0.001 -23"><span class='ocrx_word' id='word_1_777' title='bbox 2248 4252 2347 4324; x_wconf 82' lang='grc' dir='ltr'>έϐη</span> <span class='ocrx_word' id='word_1_778' title='bbox 2399 4254 2479 4317; x_wconf 87' lang='grc' dir='ltr'><strong>είς</strong></span> <span class='ocrx_word' id='word_1_779' title='bbox 2523 4254 2922 4323; x_wconf 82' lang='grc' dir='ltr'>Καπερναοὺμ,</span> <span class='ocrx_word' id='word_1_780' title='bbox 2970 4252 3036 4307; x_wconf 67' lang='lat' dir='ltr'><strong>lx</strong></span> <span class='ocrx_word' id='word_1_781' title='bbox 3072 4251 3167 4306; x_wconf 78' lang='grc' dir='ltr'><strong>τοῦ</strong></span> <span class='ocrx_word' id='word_1_782' title='bbox 3216 4256 3356 4325; x_wconf 82' lang='grc' dir='ltr'>μήτε</span> <span class='ocrx_word' id='word_1_783' title='bbox 3402 4254 3625 4321; x_wconf 82' lang='grc' dir='ltr'>πολλὰς</span> <span class='ocrx_word' id='word_1_784' title='bbox 3683 4260 3857 4329; x_wconf 73' lang='grc' dir='ltr'>μεῖνα.</span> 
     </span>
    </p>
   </div>
   <div class='ocr_carea' id='block_1_101' title="bbox 2246 4344 3854 4419">
    <p class='ocr_par' dir='ltr' id='par_1_101' title="bbox 2246 4344 3854 4419">
     <span class='ocr_line' id='line_1_101' title="bbox 2246 4344 3854 4419; baseline 0.001 -19"><span class='ocrx_word' id='word_1_785' title='bbox 2246 4349 2367 4401; x_wconf 73' lang='grc' dir='ltr'>ἐκεῖ</span> <span class='ocrx_word' id='word_1_786' title='bbox 2395 4345 2630 4417; x_wconf 76' lang='grc' dir='ltr'>ἡμέρας,</span> <span class='ocrx_word' id='word_1_787' title='bbox 2667 4346 2807 4417; x_wconf 79' lang='grc' dir='ltr'>μήτε</span> <span class='ocrx_word' id='word_1_788' title='bbox 2840 4344 3096 4414; x_wconf 84' lang='grc' dir='ltr'>θαύματα</span> <span class='ocrx_word' id='word_1_789' title='bbox 3123 4347 3182 4399; x_wconf 86' lang='grc' dir='ltr'>ὲν</span> <span class='ocrx_word' id='word_1_790' title='bbox 3211 4348 3348 4417; x_wconf 76' lang='grc' dir='ltr'>αὐτῇ</span> <span class='ocrx_word' id='word_1_791' title='bbox 3390 4350 3660 4419; x_wconf 77' lang='grc' dir='ltr'>ποιῆσαι.</span> <span class='ocrx_word' id='word_1_792' title='bbox 3710 4350 3854 4404; x_wconf 78' lang='grc' dir='ltr'>’Δπί-</span> 
     </span>
    </p>
   </div>
   <div class='ocr_carea' id='block_1_102' title="bbox 2250 4438 3853 4513">
    <p class='ocr_par' dir='ltr' id='par_1_102' title="bbox 2250 4438 3853 4513">
     <span class='ocr_line' id='line_1_102' title="bbox 2250 4438 3853 4513; baseline -0.004 -16"><span class='ocrx_word' id='word_1_793' title='bbox 2250 4460 2395 4507; x_wconf 87' lang='grc' dir='ltr'>στως</span> <span class='ocrx_word' id='word_1_794' title='bbox 2449 4444 2559 4512; x_wconf 81' lang='grc' dir='ltr'><strong>γὰρ</strong></span> <span class='ocrx_word' id='word_1_795' title='bbox 2608 4438 2755 4513; x_wconf 76' lang='grc' dir='ltr'>εἶχον</span> <span class='ocrx_word' id='word_1_796' title='bbox 2804 4442 2942 4513; x_wconf 79' lang='grc' dir='ltr'>πρὸς</span> <span class='ocrx_word' id='word_1_797' title='bbox 2985 4440 3152 4496; x_wconf 73' lang='grc' dir='ltr'>αὐτὸν</span> <span class='ocrx_word' id='word_1_798' title='bbox 3191 4439 3242 4492; x_wconf 75' lang='grc' dir='ltr'>οἱ</span> <span class='ocrx_word' id='word_1_799' title='bbox 3273 4438 3372 4511; x_wconf 79' lang='grc' dir='ltr'>τὴν</span> <span class='ocrx_word' id='word_1_800' title='bbox 3418 4440 3591 4495; x_wconf 82' lang='grc' dir='ltr'>πόλιν</span> <span class='ocrx_word' id='word_1_801' title='bbox 3647 4444 3853 4513; x_wconf 69' lang='grc' dir='ltr'>ταύτην</span> 
     </span>
    </p>
   </div>
   <div class='ocr_carea' id='block_1_103' title="bbox 2248 4531 3851 4605">
    <p class='ocr_par' dir='ltr' id='par_1_103' title="bbox 2248 4531 3851 4605">
     <span class='ocr_line' id='line_1_103' title="bbox 2248 4531 3851 4605; baseline 0.001 -16"><span class='ocrx_word' id='word_1_802' title='bbox 2248 4535 2527 4598; x_wconf 74' lang='grc' dir='ltr'>οἰκοῦντες</span> <span class='ocrx_word' id='word_1_803' title='bbox 2548 4552 2561 4566; x_wconf 88' lang='grc'><strong>·</strong></span> <span class='ocrx_word' id='word_1_804' title='bbox 2595 4534 2676 4587; x_wconf 78' lang='grc' dir='ltr'>διὸ</span> <span class='ocrx_word' id='word_1_805' title='bbox 2706 4537 2802 4588; x_wconf 71' lang='grc' dir='ltr'>καὶ</span> <span class='ocrx_word' id='word_1_806' title='bbox 2844 4533 3080 4605; x_wconf 78' lang='grc' dir='ltr'>ἀλλαχοῦ</span> <span class='ocrx_word' id='word_1_807' title='bbox 3106 4536 3134 4587; x_wconf 94' lang='lat'><strong>6</strong></span> <span class='ocrx_word' id='word_1_808' title='bbox 3163 4531 3370 4603; x_wconf 79' lang='grc' dir='ltr'>Κύριος</span> <span class='ocrx_word' id='word_1_809' title='bbox 3421 4532 3729 4601; x_wconf 70' lang='grc' dir='ltr'>ταλανίζει</span> <span class='ocrx_word' id='word_1_810' title='bbox 3764 4540 3851 4590; x_wconf 66' lang='lat' dir='ltr'><strong>atl-</strong></span> 
     </span>
    </p>
   </div>
   <div class='ocr_carea' id='block_1_104' title="bbox 2250 4627 3852 4699">
    <p class='ocr_par' dir='ltr' id='par_1_104' title="bbox 2250 4627 3852 4699">
     <span class='ocr_line' id='line_1_104' title="bbox 2250 4627 3852 4699; baseline -0.002 -16"><span class='ocrx_word' id='word_1_811' title='bbox 2250 4631 2372 4699; x_wconf 81' lang='grc' dir='ltr'>τήν.</span> <span class='ocrx_word' id='word_1_812' title='bbox 2431 4630 2531 4681; x_wconf 83' lang='grc' dir='ltr'><strong>Διὰ</strong></span> <span class='ocrx_word' id='word_1_813' title='bbox 2579 4628 2637 4682; x_wconf 74' lang='grc' dir='ltr'><strong>δι</strong></span> <span class='ocrx_word' id='word_1_814' title='bbox 2669 4627 2764 4682; x_wconf 84' lang='grc' dir='ltr'><strong>τοῦ</strong></span> <span class='ocrx_word' id='word_1_815' title='bbox 2809 4628 2983 4681; x_wconf 68' lang='grc' dir='ltr'>είπεῖν</span> <span class='ocrx_word' id='word_1_816' title='bbox 3011 4629 3040 4681; x_wconf 90' lang='lat'><strong>6</strong></span> <span class='ocrx_word' id='word_1_817' title='bbox 3071 4628 3491 4699; x_wconf 76' lang='grc' dir='ltr'>εὐαγγελιστὴς,</span> <span class='ocrx_word' id='word_1_818' title='bbox 3552 4631 3642 4684; x_wconf 81' lang='grc' dir='ltr'>ὅτι</span> <span class='ocrx_word' id='word_1_819' title='bbox 3694 4649 3715 4683; x_wconf 82' lang='grc' dir='ltr'><strong>ι</strong></span> <span class='ocrx_word' id='word_1_820' title='bbox 3756 4628 3852 4685; x_wconf 81' lang='grc' dir='ltr'>Ἦν</span> 
     </span>
    </p>
   </div>
   <div class='ocr_carea' id='block_1_105' title="bbox 2248 4723 3848 4803">
    <p class='ocr_par' dir='ltr' id='par_1_105' title="bbox 2248 4723 3848 4803">
     <span class='ocr_line' id='line_1_105' title="bbox 2248 4723 3848 4803; baseline 0.003 -24"><span class='ocrx_word' id='word_1_821' title='bbox 2248 4727 2415 4794; x_wconf 74' lang='grc' dir='ltr'><strong>ιγγὺς</strong></span> <span class='ocrx_word' id='word_1_822' title='bbox 2440 4725 2501 4778; x_wconf 83' lang='grc' dir='ltr'>τὸ</span> <span class='ocrx_word' id='word_1_823' title='bbox 2523 4725 2736 4801; x_wconf 77' lang='grc' dir='ltr'>Πᾴσχα,</span> <span class='ocrx_word' id='word_1_824' title='bbox 2773 4744 2792 4777; x_wconf 74' lang='grc' dir='ltr'><strong>ι</strong></span> <span class='ocrx_word' id='word_1_825' title='bbox 2821 4723 3094 4779; x_wconf 84' lang='grc' dir='ltr'>δείκνυσιν</span> <span class='ocrx_word' id='word_1_826' title='bbox 3127 4726 3206 4779; x_wconf 84' lang='grc' dir='ltr'>ὅτι</span> <span class='ocrx_word' id='word_1_827' title='bbox 3236 4726 3297 4779; x_wconf 82' lang='grc' dir='ltr'>οὐ</span> <span class='ocrx_word' id='word_1_828' title='bbox 3324 4727 3432 4795; x_wconf 74' lang='grc' dir='ltr'>πρὸ</span> <span class='ocrx_word' id='word_1_829' title='bbox 3462 4727 3696 4783; x_wconf 74' lang='grc' dir='ltr'>πολλῶν</span> <span class='ocrx_word' id='word_1_830' title='bbox 3723 4732 3848 4803; x_wconf 75' lang='grc' dir='ltr'>ήμεο</span> 
     </span>
    </p>
   </div>
   <div class='ocr_carea' id='block_1_106' title="bbox 2254 4820 3850 4897">
    <p class='ocr_par' dir='ltr' id='par_1_106' title="bbox 2254 4820 3850 4897">
     <span class='ocr_line' id='line_1_106' title="bbox 2254 4820 3850 4897; baseline 0.007 -24"><span class='ocrx_word' id='word_1_831' title='bbox 2254 4821 2361 4891; x_wconf 86' lang='grc' dir='ltr'><strong>ρῶν</strong></span> <span class='ocrx_word' id='word_1_832' title='bbox 2392 4820 2488 4875; x_wconf 89' lang='grc' dir='ltr'><strong>τοῦ</strong></span> <span class='ocrx_word' id='word_1_833' title='bbox 2530 4823 2725 4893; x_wconf 84' lang='grc' dir='ltr'>Πάσχα</span> <span class='ocrx_word' id='word_1_834' title='bbox 2774 4821 3129 4877; x_wconf 65' lang='grc' dir='ltr'>ἐϐαπτίσατο.</span> <span class='ocrx_word' id='word_1_835' title='bbox 3175 4822 3444 4877; x_wconf 82' lang='grc' dir='ltr'>Ἀνελοὼν</span> <span class='ocrx_word' id='word_1_836' title='bbox 3470 4825 3531 4879; x_wconf 82' lang='grc' dir='ltr'><strong>δὲ</strong></span> <span class='ocrx_word' id='word_1_837' title='bbox 3564 4830 3650 4891; x_wconf 85' lang='grc' dir='ltr'><strong>είς</strong></span> <span class='ocrx_word' id='word_1_838' title='bbox 3692 4830 3850 4897; x_wconf 70' lang='grc' dir='ltr'>Ἰεροο</span> 
     </span>
    </p>
   </div>
   <div class='ocr_carea' id='block_1_107' title="bbox 2251 4918 3848 4993">
    <p class='ocr_par' dir='ltr' id='par_1_107' title="bbox 2251 4918 3848 4993">
     <span class='ocr_line' id='line_1_107' title="bbox 2251 4918 3848 4993; baseline -0.003 -23"><span class='ocrx_word' id='word_1_839' title='bbox 2251 4918 2481 4988; x_wconf 85' lang='grc' dir='ltr'>σόλυμα,</span> <span class='ocrx_word' id='word_1_840' title='bbox 2514 4920 2655 4971; x_wconf 83' lang='grc' dir='ltr'>ποιεῖ</span> <span class='ocrx_word' id='word_1_841' title='bbox 2678 4920 2910 4988; x_wconf 76' lang='grc' dir='ltr'>πρᾶγμα</span> <span class='ocrx_word' id='word_1_842' title='bbox 2934 4918 3137 4989; x_wconf 76' lang='grc' dir='ltr'>πολλῆς</span> <span class='ocrx_word' id='word_1_843' title='bbox 3160 4918 3447 4984; x_wconf 85' lang='grc' dir='ltr'>αὐθεντίας</span> <span class='ocrx_word' id='word_1_844' title='bbox 3475 4922 3687 4993; x_wconf 78' lang='grc' dir='ltr'>γέμον.</span> <span class='ocrx_word' id='word_1_845' title='bbox 3718 4926 3848 4985; x_wconf 13' lang='lat' dir='ltr'><strong>Teii;</strong></span> 
     </span>
    </p>
   </div>
   <div class='ocr_carea' id='block_1_108' title="bbox 2251 5010 3843 5083">
    <p class='ocr_par' dir='ltr' id='par_1_108' title="bbox 2251 5010 3843 5083">
     <span class='ocr_line' id='line_1_108' title="bbox 2251 5010 3843 5083; baseline 0.003 -18"><span class='ocrx_word' id='word_1_846' title='bbox 2251 5010 2358 5083; x_wconf 81' lang='grc' dir='ltr'><strong>γὰρ</strong></span> <span class='ocrx_word' id='word_1_847' title='bbox 2383 5011 2691 5076; x_wconf 79' lang='grc' dir='ltr'>πωλοῦντας</span> <span class='ocrx_word' id='word_1_848' title='bbox 2716 5014 2784 5067; x_wconf 81' lang='grc' dir='ltr'>τὰ</span> <span class='ocrx_word' id='word_1_849' title='bbox 2812 5011 3078 5083; x_wconf 88' lang='grc' dir='ltr'>πρόϐατα,</span> <span class='ocrx_word' id='word_1_850' title='bbox 3105 5014 3201 5066; x_wconf 80' lang='grc' dir='ltr'>καὶ</span> <span class='ocrx_word' id='word_1_851' title='bbox 3228 5014 3353 5076; x_wconf 80' lang='grc' dir='ltr'>τοὺς</span> <span class='ocrx_word' id='word_1_852' title='bbox 3377 5014 3532 5083; x_wconf 78' lang='grc' dir='ltr'>βόας,</span> <span class='ocrx_word' id='word_1_853' title='bbox 3566 5018 3843 5072; x_wconf 65' lang='grc' dir='ltr'>ἐκϐάλλει.</span> 
     </span>
    </p>
   </div>
   <div class='ocr_carea' id='block_1_109' title="bbox 2254 5101 3841 5175">
    <p class='ocr_par' dir='ltr' id='par_1_109' title="bbox 2254 5101 3841 5175">
     <span class='ocr_line' id='line_1_109' title="bbox 2254 5101 3841 5175; baseline 0.005 -20"><span class='ocrx_word' id='word_1_854' title='bbox 2254 5103 2316 5155; x_wconf 81' lang='lat' dir='ltr'><strong>El</strong></span> <span class='ocrx_word' id='word_1_855' title='bbox 2353 5101 2409 5156; x_wconf 80' lang='grc' dir='ltr'><strong>δὲ</strong></span> <span class='ocrx_word' id='word_1_856' title='bbox 2432 5102 2525 5155; x_wconf 80' lang='grc' dir='ltr'>καὶ</span> <span class='ocrx_word' id='word_1_857' title='bbox 2549 5104 2576 5155; x_wconf 91' lang='lat'><strong>6</strong></span> <span class='ocrx_word' id='word_1_858' title='bbox 2597 5101 2875 5167; x_wconf 82' lang='grc' dir='ltr'>Ματθαῖός</span> <span class='ocrx_word' id='word_1_859' title='bbox 2898 5119 3031 5175; x_wconf 87' lang='grc' dir='ltr'>φησι</span> <span class='ocrx_word' id='word_1_860' title='bbox 3059 5102 3218 5156; x_wconf 86' lang='grc' dir='ltr'>τοῦτο</span> <span class='ocrx_word' id='word_1_861' title='bbox 3245 5107 3622 5173; x_wconf 74' lang='grc' dir='ltr'>πεποιηκέναι</span> <span class='ocrx_word' id='word_1_862' title='bbox 3655 5112 3841 5171; x_wconf 66' lang='grc' dir='ltr'>αὑτὸν,</span> 
     </span>
    </p>
   </div>
   <div class='ocr_carea' id='block_1_110' title="bbox 2250 5194 3844 5273">
    <p class='ocr_par' dir='ltr' id='par_1_110' title="bbox 2250 5194 3844 5273">
     <span class='ocr_line' id='line_1_110' title="bbox 2250 5194 3844 5273; baseline 0.001 -25"><span class='ocrx_word' id='word_1_863' title='bbox 2250 5194 2367 5248; x_wconf 81' lang='grc' dir='ltr'>ἀλλ’</span> <span class='ocrx_word' id='word_1_864' title='bbox 2397 5196 2501 5249; x_wconf 82' lang='grc' dir='ltr'>ἴσθι</span> <span class='ocrx_word' id='word_1_865' title='bbox 2534 5196 2609 5259; x_wconf 86' lang='grc' dir='ltr'>ὼς</span> <span class='ocrx_word' id='word_1_866' title='bbox 2654 5197 2751 5266; x_wconf 84' lang='grc' dir='ltr'>οὑχ</span> <span class='ocrx_word' id='word_1_867' title='bbox 2786 5197 2935 5259; x_wconf 75' lang='grc' dir='ltr'>ἅπαξ</span> <span class='ocrx_word' id='word_1_868' title='bbox 2966 5197 3126 5249; x_wconf 83' lang='grc' dir='ltr'>τοῦτο</span> <span class='ocrx_word' id='word_1_869' title='bbox 3165 5198 3450 5267; x_wconf 78' lang='grc' dir='ltr'>εποίησεν,</span> <span class='ocrx_word' id='word_1_870' title='bbox 3478 5201 3622 5255; x_wconf 69' lang='grc' dir='ltr'>ἀλλὰ</span> <span class='ocrx_word' id='word_1_871' title='bbox 3654 5204 3723 5256; x_wconf 79' lang='grc' dir='ltr'>τὸ</span> <span class='ocrx_word' id='word_1_872' title='bbox 3757 5206 3844 5273; x_wconf 57' lang='grc' dir='ltr'><strong>μὲ,</strong></span> 
     </span>
    </p>
   </div>
   <div class='ocr_carea' id='block_1_111' title="bbox 2250 5290 3843 5361">
    <p class='ocr_par' dir='ltr' id='par_1_111' title="bbox 2250 5290 3843 5361">
     <span class='ocr_line' id='line_1_111' title="bbox 2250 5290 3843 5361; baseline 0.002 -18"><span class='ocrx_word' id='word_1_873' title='bbox 2250 5291 2398 5361; x_wconf 82' lang='grc' dir='ltr'>παρὰ</span> <span class='ocrx_word' id='word_1_874' title='bbox 2431 5290 2510 5361; x_wconf 82' lang='grc' dir='ltr'>τῷ</span> <span class='ocrx_word' id='word_1_875' title='bbox 2560 5290 2849 5360; x_wconf 83' lang='grc' dir='ltr'>Ματθαίῳ,</span> <span class='ocrx_word' id='word_1_876' title='bbox 2882 5291 3049 5358; x_wconf 77' lang='grc' dir='ltr'>ἐγγὺς</span> <span class='ocrx_word' id='word_1_877' title='bbox 3089 5290 3185 5343; x_wconf 87' lang='grc' dir='ltr'><strong>τοῦ</strong></span> <span class='ocrx_word' id='word_1_878' title='bbox 3225 5291 3431 5354; x_wconf 84' lang='grc' dir='ltr'>πάθους</span> <span class='ocrx_word' id='word_1_879' title='bbox 3477 5299 3630 5347; x_wconf 80' lang='grc' dir='ltr'>ποιεῖ</span> <span class='ocrx_word' id='word_1_880' title='bbox 3653 5314 3667 5326; x_wconf 74' lang='grc' dir='ltr'><strong>ο</strong></span> <span class='ocrx_word' id='word_1_881' title='bbox 3704 5301 3766 5351; x_wconf 78' lang='grc' dir='ltr'>τὸ</span> <span class='ocrx_word' id='word_1_882' title='bbox 3798 5301 3843 5351; x_wconf 70' lang='grc' dir='ltr'><strong>δὲ</strong></span> 
     </span>
    </p>
   </div>
   <div class='ocr_carea' id='block_1_112' title="bbox 2248 5382 3843 5459">
    <p class='ocr_par' dir='ltr' id='par_1_112' title="bbox 2248 5382 3843 5459">
     <span class='ocr_line' id='line_1_112' title="bbox 2248 5382 3843 5459; baseline 0.004 -22"><span class='ocrx_word' id='word_1_883' title='bbox 2248 5382 2342 5437; x_wconf 90' lang='grc' dir='ltr'><strong>νῦν</strong></span> <span class='ocrx_word' id='word_1_884' title='bbox 2373 5384 2524 5455; x_wconf 72' lang='grc' dir='ltr'>παρὰ</span> <span class='ocrx_word' id='word_1_885' title='bbox 2554 5383 2632 5452; x_wconf 84' lang='grc' dir='ltr'>τῷ</span> <span class='ocrx_word' id='word_1_886' title='bbox 2672 5384 2915 5454; x_wconf 77' lang='grc' dir='ltr'>Ἰωάννῃ,</span> <span class='ocrx_word' id='word_1_887' title='bbox 2950 5384 3061 5439; x_wconf 86' lang='grc' dir='ltr'>τῶν</span> <span class='ocrx_word' id='word_1_888' title='bbox 3101 5384 3346 5456; x_wconf 85' lang='grc' dir='ltr'>σημείων</span> <span class='ocrx_word' id='word_1_889' title='bbox 3381 5387 3741 5459; x_wconf 79' lang='grc' dir='ltr'>ἀρχόμενος·</span> <span class='ocrx_word' id='word_1_890' title='bbox 3776 5394 3843 5443; x_wconf 68' lang='grc' dir='ltr'><strong>διὸ</strong></span> 
     </span>
    </p>
   </div>
   <div class='ocr_carea' id='block_1_113' title="bbox 2247 5473 3839 5548">
    <p class='ocr_par' dir='ltr' id='par_1_113' title="bbox 2247 5473 3839 5548">
     <span class='ocr_line' id='line_1_113' title="bbox 2247 5473 3839 5548; baseline 0.003 -19"><span class='ocrx_word' id='word_1_891' title='bbox 2247 5478 2480 5532; x_wconf 72' lang='grc' dir='ltr'>ἐνταῦθα</span> <span class='ocrx_word' id='word_1_892' title='bbox 2519 5478 2835 5547; x_wconf 83' lang='grc' dir='ltr'>ἀφειμένως</span> <span class='ocrx_word' id='word_1_893' title='bbox 2891 5473 3049 5531; x_wconf 80' lang='grc' dir='ltr'>εἶπε’</span> <span class='ocrx_word' id='word_1_894' title='bbox 3101 5497 3120 5529; x_wconf 77' lang='grc' dir='ltr'><strong>ι</strong></span> <span class='ocrx_word' id='word_1_895' title='bbox 3160 5480 3254 5548; x_wconf 81' lang='grc' dir='ltr'><strong>Μὴ</strong></span> <span class='ocrx_word' id='word_1_896' title='bbox 3304 5483 3514 5533; x_wconf 84' lang='grc' dir='ltr'>ποιεῖτε</span> <span class='ocrx_word' id='word_1_897' title='bbox 3556 5484 3649 5536; x_wconf 74' lang='grc' dir='ltr'><strong>τὸν</strong></span> <span class='ocrx_word' id='word_1_898' title='bbox 3702 5482 3839 5537; x_wconf 54' lang='grc' dir='ltr'>οἷκον.</span> 
     </span>
    </p>
   </div>
   <div class='ocr_carea' id='block_1_114' title="bbox 2246 5568 3841 5649">
    <p class='ocr_par' dir='ltr' id='par_1_114' title="bbox 2246 5568 3841 5649">
     <span class='ocr_line' id='line_1_114' title="bbox 2246 5568 3841 5649; baseline 0.006 -27"><span class='ocrx_word' id='word_1_899' title='bbox 2246 5571 2339 5624; x_wconf 86' lang='grc' dir='ltr'><strong>τοῦ</strong></span> <span class='ocrx_word' id='word_1_900' title='bbox 2372 5573 2583 5642; x_wconf 86' lang='grc' dir='ltr'>Πατρός</span> <span class='ocrx_word' id='word_1_901' title='bbox 2625 5588 2748 5641; x_wconf 88' lang='grc' dir='ltr'>μου,</span> <span class='ocrx_word' id='word_1_902' title='bbox 2782 5568 2929 5625; x_wconf 75' lang='grc' dir='ltr'>οἷκον</span> <span class='ocrx_word' id='word_1_903' title='bbox 2958 5572 3249 5644; x_wconf 74' lang='grc' dir='ltr'>ἐμπορίου.</span> <span class='ocrx_word' id='word_1_904' title='bbox 3286 5594 3305 5626; x_wconf 72' lang='grc' dir='ltr'><strong>ι</strong></span> <span class='ocrx_word' id='word_1_905' title='bbox 3352 5574 3525 5649; x_wconf 75' lang='grc' dir='ltr'>Ἀρχὴ</span> <span class='ocrx_word' id='word_1_906' title='bbox 3568 5580 3682 5645; x_wconf 74' lang='grc' dir='ltr'>γὰρ</span> <span class='ocrx_word' id='word_1_907' title='bbox 3717 5582 3841 5637; x_wconf 73' lang='grc' dir='ltr'>τέως</span> 
     </span>
    </p>
   </div>
   <div class='ocr_carea' id='block_1_115' title="bbox 2248 5662 3839 5744">
    <p class='ocr_par' dir='ltr' id='par_1_115' title="bbox 2248 5662 3839 5744">
     <span class='ocr_line' id='line_1_115' title="bbox 2248 5662 3839 5744; baseline 0.001 -25"><span class='ocrx_word' id='word_1_908' title='bbox 2248 5662 2315 5738; x_wconf 79' lang='grc' dir='ltr'>ἦν</span> <span class='ocrx_word' id='word_1_909' title='bbox 2361 5666 2466 5721; x_wconf 84' lang='grc' dir='ltr'><strong>τῶν</strong></span> <span class='ocrx_word' id='word_1_910' title='bbox 2518 5668 2779 5738; x_wconf 80' lang='grc' dir='ltr'>σημείων,</span> <span class='ocrx_word' id='word_1_911' title='bbox 2831 5668 2920 5720; x_wconf 80' lang='grc' dir='ltr'>καὶ</span> <span class='ocrx_word' id='word_1_912' title='bbox 2958 5666 3112 5722; x_wconf 77' lang='grc' dir='ltr'>οὔπω</span> <span class='ocrx_word' id='word_1_913' title='bbox 3157 5669 3397 5740; x_wconf 84' lang='grc' dir='ltr'>τοσαύτη</span> <span class='ocrx_word' id='word_1_914' title='bbox 3456 5674 3751 5744; x_wconf 63' lang='grc' dir='ltr'>παρρησία</span> <span class='ocrx_word' id='word_1_915' title='bbox 3789 5668 3839 5741; x_wconf 60' lang='grc' dir='ltr'>ἦν</span> 
     </span>
    </p>
   </div>
  </div>
