3936 6424
56 512 188 577 lli)?

782 506 1244 600 ENARRATIO
1276 506 1358 568 IN
1400 501 1915 568 EVANGELIUM
1943 488 2388 564 JOANNIS.—
2425 498 2587 560 CAP.
2621 495 2710 558 II.

3257 488 3402 560 1198

46 623 199 693 αὐτῷ
242 622 352 680 ἀπὸ
396 622 496 694 τῆς
541 622 652 676 τῶν
690 620 941 694 σημείων
991 617 1334 686 ἐπιδείξεως.
1396 615 1547 670 Ἐκεῖ
1575 613 1656 678 δὲ,

1769 627 1837 670 ex
1870 625 1939 669 eo
1969 609 2119 682 quod
2160 608 2320 681 parvi
2353 608 2517 679 pretii
2553 616 2665 673 est,
2695 601 2926 660 multum
2959 601 3125 675 pretii
3147 605 3313 676 petit,
3343 616 3404 662 et

48 717 199 790 παρὰ
223 719 301 788 τῷ
329 716 621 787 Ματθαίῳ,
654 715 801 786 φημί
821 729 836 745 ⁸
877 733 896 767 ‹
930 711 1022 786 Μὴ
1057 715 1288 778 ποιεῖτε,
1321 712 1479 782 φησὶ,
1513 709 1661 780 σπή-

45 812 200 865 λαιον
245 809 482 885 λῃστῶν.
524 827 545 862 ι
579 806 841 880 Φανερῶς
870 805 986 879 γὰρ
1036 805 1244 879 λῃστὰς
1289 803 1492 866 αὐτοὺς
1526 800 1662 854 ὠνέ-

49 920 217 975 μασε,
249 901 327 967 ὡς
360 903 422 970 ἐξ
456 901 663 956 ἀδίκων
696 900 1088 971 κερδαίνοντας
1116 898 1327 970 πόρων.
1357 897 1532 950 Ὅταν
1555 893 1663 967 γάρ

45 1014 127 1060 τις
155 996 218 1050 τὸ
245 996 431 1065 ὀλίγον
454 996 770 1066 τιμώμενον
798 992 1004 1074 πολλοῦ
1025 993 1345 1065 τιμήματος
1369 990 1534 1058 ἀξιοῖ,
1567 990 1664 1043 καὶ

43 1090 154 1145 ἀπὸ
195 1089 451 1160 πενήτων
483 1090 648 1162 τυχὸν
672 1089 768 1144 καὶ
803 1087 994 1161 χηρῶν
1020 1087 1084 1141 τδ
1118 1084 1315 1157 κέρδος
1338 1083 1665 1155 έρανίξηται

46 1184 142 1254 (ὡς
181 1183 273 1236 ἐπὶ
300 1183 362 1236 τὸ
387 1182 525 1237 πολὺ
559 1185 668 1253 γὰρ
702 1176 852 1236 οὗτοι
885 1181 935 1234 οἱ
964 1179 1037 1234 τὰ
1063 1177 1299 1250 χρειώδη
1357 1174 1667 1242 ἐξωνούμε-

42 1271 144 1343 νοι,
206 1277 303 1331 καὶ
353 1277 836 1350 πιπράσκοντες),
885 1275 937 1329 τί
990 1273 1143 1340 ἄλλο,
1177 1271 1211 1345 ἦ
1247 1271 1410 1343 ἔργον
1458 1265 1662 1341 λῃστοῦ

40 1373 214 1436 ποιεῖ,
243 1373 306 1424 ἐκ
334 1371 637 1441 συμφορῶν
660 1369 868 1440 ἑτέρων
893 1367 1064 1439 κέρδη
1090 1362 1625 1439 πραγματευόμενος
1647 1380 1660 1423 ;

42 1463 206 1527 Τίνος
234 1463 289 1518 δὲ
318 1463 509 1518 ἕνεκεν
536 1463 677 1527 ὅλως
705 1461 961 1516 ἐκϐάλλει
990 1461 1120 1523 τοὺς
1155 1457 1444 1520 τοιούτους
1475 1457 1542 1508 ὲκ
1563 1453 1661 1508 τοῦ

43 1557 195 1628 ίεροῦ
221 1574 235 1624 ;
270 1559 384 1611 Ούκ
446 1558 661 1626 ἀλόγως
684 1573 698 1588 °
737 1555 855 1612 ἀλλ’
890 1555 1019 1611 ἐπεὶ
1050 1553 1280 1627 ἔμελλεν
1309 1555 1369 1607 ὲν
1393 1550 1661 1620 Σαϐϐάτῳ

38 1649 398 1721 Θεραπεύειν,
450 1650 547 1704 καὶ
582 1647 896 1720 παραλύειν
929 1645 1023 1700 τὸν
1062 1646 1253 1718 νόμον,
1301 1643 1389 1697 ἵνα
1423 1641 1500 1714 μὴ
1530 1639 1661 1714 δόξῃ

35 1742 292 1806 ἀντίθεος
336 1737 520 1806 εἶναι,
565 1740 877 1813 διορθοῦται
929 1737 1189 1793 ἐντεῦθεν
1246 1735 1348 1809 τὴν
1400 1732 1664 1804 τοιαύτην

34 1832 338 1903 ὑπόληψιν.
376 1833 454 1887 Ού
484 1831 596 1904 γὰρ
645 1832 712 1887 ἂν
742 1834 771 1887 ὀ
797 1831 1064 1886 τοσοῦτον
1103 1827 1268 1901 ζῆλον
1319 1825 1666 1898 ἐπιδειξάμε-

34 1939 130 1992 νος
172 1927 316 2000 ὑπὲρ
342 1927 436 1982 τοῦ
466 1929 642 1994 οἴκου,
678 1927 772 1981 τὸν
798 1925 896 1981 τοῦ
922 1929 1077 1980 οῐκου
1106 1923 1381 1996 δεσπότην
1407 1922 1501 1977 τὸν
1527 1922 1664 1976 Θεὸν

34 2022 330 2093 noenum
374 2024 450 2075 Οὐ
491 2023 600 2095 γὰρ
634 2022 826 2087 ἁπλῶς
872 2019 1155 2086 ἐξέϐαλεν,
1207 2015 1346 2073 ἀλλὰ
1381 2016 1475 2102 καὶ
1516 2033 1661 2088 φρα-

34 2114 246 2184 γελλίῳ
296 2114 522 2185 πλεκτῷ
572 2114 822 2180 τύπτων,
877 2114 974 2168 καὶ
1015 2111 1348 2185 ἀνατρέπων
1386 2110 1489 2175 τὰς
1526 2125 1661 2181 τρα-

34 2209 241 2274 πέζας,
276 2208 372 2261 καὶ
399 2208 460 2262 τὸ
484 2209 693 2280 κέρμα,
725 2210 848 2281 ἢτοι
880 2208 944 2262 τὸ
976 2207 1225 2278 νόμισμα
1257 2205 1368 2260 τῶν
1400 2202 1660 2259 κολλυϐι-

34 2301 211 2368 στῶν,
263 2301 498 2372 ὲκχέων,
551 2303 648 2355 καὶ
689 2301 840 2372 ἔργῳ
872 2299 1511 2373 παρακικινδυνευμένῳ
1538 2297 1660 2351 ἑπι-

34 2395 266 2467 χειρῶν.
317 2397 434 2450 Οὐκ
474 2394 541 2450 ἂν
580 2391 674 2450 οὖν
703 2397 732 2449 ό
758 2396 840 2458 είς
894 2394 1146 2450 κίνδυνον
1195 2393 1409 2466 ῥίπτων
1461 2391 1659 2446 ἑαυτὸν

34 2489 186 2556 ὑπὲρ
217 2489 312 2543 τοῦ
348 2489 501 2543 οἴκου
553 2487 650 2542 τοῦ
682 2487 845 2553 Θεοῦ,
905 2487 1150 2560 παρέλυε
1198 2487 1290 2540 τὸν
1337 2486 1504 2558 νόμον
1561 2483 1658 2540 τοῦ

34 2580 177 2635 Θεοῦ
213 2581 287 2644 ὡς
319 2580 588 2648 ἀντίθεος,
615 2581 755 2635 ἀλλὰ
783 2581 1005 2643 πάντως
1037 2561 1277 2646 orm;
1300 2579 1399 2645 ὢν,
1430 2581 1528 2634 και
1557 2578 1658 2649 τὴν

34 2677 163 2747 ἴσην
209 2675 461 2742 ἐξουσίαν
505 2675 646 2746 ἔχων
695 2675 775 2746 τῷ
805 2674 928 2744 Θεῷ
974 2674 1072 2729 καὶ
1101 2675 1300 2746 Πατρὶ,
1333 2674 1412 2747 τῷ
1442 2673 1539 2728 καὶ
1566 2671 1659 2727 τὸν

34 2769 173 2840 περὶ
204 2768 297 2823 τοῦ
335 2768 624 2824 Σαδσάτου
660 2771 828 2841 νόμον
866 2770 1036 2824 δόντι.
1070 2767 1163 2822 Διὸ
1193 2768 1318 2823 οὐδὲ
1371 2763 1518 2822 εἷπε
1551 2767 1659 2821 Τὸν

34 2858 185 2916 οἶκον
217 2861 310 2916 τοῦ
347 2863 509 2927 Θεοῦ,
536 2862 695 2930 ἀλλὰ,
725 2882 743 2915 ι
783 2863 890 2919 Τὸν
912 2859 1068 2923 οἷκον
1094 2862 1189 2916 τοῦ
1210 2863 1429 2934 Πατρός
1455 2881 1562 2934 μου
1583 2878 1596 2892 ’
1633 2867 1652 2916 ὀ

34 2955 306 3010 Ξεικνύων
342 2957 428 3010 ὅτι
465 2956 799 3025 ἐξουσιάζει,
833 2956 910 3022 ὡς
953 2957 1105 3023 Υίδς,
1145 2957 1258 3011 τῶν
1307 2956 1403 3011 τοῦ
1442 2957 1658 3030 Πατρος

34 3050 280 3104 πάντων.
313 3049 685 3104 Κολλυσισταὶ
716 3050 772 3104 δὲ
799 3049 944 3104 είσὶν
965 3051 1016 3104 οί
1041 3051 1111 3104 τὰ
1137 3049 1314 3104 λεπτὰ
1338 3049 1657 3122 νομίσματα

34 3139 375 3210 πωλοῦντες,
411 3143 535 3214 ἦτοι
569 3144 698 3208 τοὺς
738 3142 1046 3215 νούμμους.
1101 3143 1383 3210 Κόλλυϐος
1413 3145 1525 3217 γὰρ
1564 3144 1656 3199 λέ-

34 3251 195 3303 γεται
229 3235 290 3289 τὸ
320 3234 517 3291 λεπτὸν
551 3237 798 3310 νόμισμα
834 3238 965 3310 παρ’
995 3237 1282 3310 Ἕλλησιν,
1317 3239 1346 3294 ὃ
1391 3235 1655 3310 Ῥωμαῖοι

1775 721 1807 760 a
1843 701 2192 776 pauperibus
2245 701 2503 758 fortassis
2538 708 2596 756 et
2625 696 2808 754 viduis
2857 696 3078 754 lucrum
3128 699 3403 768 corradit,

1772 801 1918 856 sicut
1959 798 2138 854 ferme
2167 796 2348 853 solent
2375 795 2436 851 hi
2466 795 2559 866 qui
2590 792 2908 851 necessaria
2933 792 3240 861 venditant,
3272 793 3405 865 quid

1770 894 1918 949 aliud
1970 908 2138 963 quam
2188 905 2328 962 opus
2375 889 2611 946 latronis
2660 887 2818 953 facit,
2865 901 2933 944 ex
2991 885 3407 944 calamitatibus

1770 987 2007 1043 aliorum
2059 986 2213 1042 lucra
2243 982 2651 1054 comportans?
2682 980 2750 1037 Et
2781 997 2954 1053 quare
2987 981 3111 1038 illos
3139 997 3172 1038 e
3202 980 3407 1052 templo

1773 1082 1925 1154 ejicit
1944 1080 1968 1135 ?
1989 1079 2108 1137 Non
2144 1078 2444 1135 immerito.
2472 1076 2610 1146 Quia
2640 1078 2789 1134 enim
2816 1077 2870 1132 in
2901 1075 3150 1133 Sabbato
3176 1088 3408 1133 sanatu-

1775 1191 1868 1232 rus
1906 1187 2051 1239 erat,
2089 1184 2144 1230 et
2179 1173 2463 1231 soluturus
2509 1173 2685 1244 legem
2722 1187 2737 1227 ;
2772 1179 2831 1226 ut
2861 1185 2934 1228 ne
2966 1171 3222 1227 videatur
3265 1186 3405 1228 con-

1771 1271 1980 1325 trarius
2034 1269 2168 1335 Deo,
2223 1268 2453 1341 corrigit
2508 1268 2614 1324 hoc
2671 1267 2797 1324 loco
2847 1266 3166 1337 opinionem
3226 1266 3401 1324 illam.

1770 1357 1967 1429 Neque
1993 1361 2144 1414 enim
2196 1367 2430 1430 tantum
2461 1358 2640 1413 zelum
2674 1369 2905 1429 propter
2946 1360 3170 1415 domum
3205 1369 3400 1418 osten-

1770 1450 1931 1520 dens,
1963 1453 2271 1525 sprevisset
2302 1451 2499 1521 Deum,
2544 1453 2832 1507 dominum
2861 1453 3079 1509 domus.
3110 1452 3230 1509 Non
3251 1455 3399 1511 enim

1771 1547 2101 1618 simpliciter
2153 1548 2327 1621 ejicit,
2379 1548 2476 1606 sed
2507 1558 2563 1605 ct
2590 1548 2810 1620 flagello
2843 1549 3006 1621 plexo
3038 1548 3310 1620 percutit,
3345 1559 3402 1605 et

1762 1631 2042 1697 subvertit
2071 1656 2318 1712 mensas,
2352 1654 2410 1700 et
2438 1659 2535 1710 aes,
2570 1644 2677 1700 hoc
2705 1654 2790 1702 est
2818 1642 3110 1716 pecuniam
3141 1658 3404 1702 nummu-

1773 1731 2036 1788 lariorum
2092 1731 2348 1792 effundit.
2384 1734 2453 1790 Et
2485 1750 2626 1808 opus
2678 1735 3050 1807 periculosum
3087 1743 3397 1805 attentans,

1773 1839 1883 1880 non
1913 1838 1976 1881 se
2009 1824 2066 1880 in
2099 1825 2410 1897 periculum
2445 1827 2781 1899 coniecisset
2808 1840 2910 1899 pro
2939 1827 3106 1883 domo
3139 1826 3259 1896 Dei,
3288 1827 3402 1885 sol-

1775 1930 1910 1974 vrns
1983 1917 2160 1990 legem
2216 1916 2316 1976 Dei
2369 1920 2882 1977 ut-adversarius:
2925 1920 3024 1976 sed
3073 1922 3303 1978 omnino
3336 1935 3402 1979 ut

1694 1982 1738 2046 Β
1765 2007 1940 2066 Filius
1966 1982 2084 2077 Dei,
2111 2021 2167 2068 et
2189 2012 2460 2084 aequalem
2496 2013 2708 2070 habens
2733 2022 3063 2086 potestatem
3098 2014 3277 2084 Patri,
3300 2017 3400 2090 qui

1765 2106 1942 2178 legem
1977 2108 2046 2164 de
2083 2105 2331 2164 Sabbato
2381 2117 2674 2164 statuerat.
2714 2107 2840 2165 Ideo
2867 2118 3053 2165 autem
3098 2124 3208 2166 non
3257 2110 3402 2167 dixit

1764 2200 1989 2256 domum
2031 2200 2153 2269 Dei,
2181 2201 2280 2257 sed
2324 2218 2344 2253 ι
2374 2201 2600 2258 domum
2641 2199 2827 2260 Patris
2860 2204 2992 2266 mei,
3037 2223 3057 2256 ι
3093 2205 3399 2262 ostendens

1764 2292 1909 2362 quod
1960 2301 2292 2364 potestatem
2327 2292 2529 2350 habeat
2575 2295 2724 2351 sicut
2751 2293 2926 2352 Filius
2969 2296 3026 2351 in
3056 2299 3242 2353 omnia
3273 2312 3399 2369 qua

1765 2386 1947 2444 Patris
1982 2398 2165 2444 erant.
2200 2388 2568 2445 Nummularii
2601 2400 2812 2459 autem,
2845 2392 2942 2464 qui
2976 2402 3032 2447 et
3061 2392 3395 2464 eollybistte,

1763 2491 1891 2537 sunt
1915 2481 1970 2536 hi
1991 2483 2082 2553 qui
2104 2498 2274 2554 parva
2308 2483 2642 2540 numisntata
2667 2485 2936 2542 vendunt.
2962 2485 3224 2559 Collybos
3246 2486 3396 2544 enim

1765 2576 1907 2643 apud
1944 2573 2168 2632 Grecos
2201 2575 2471 2631 minutum
2517 2577 2794 2632 nomisma
2828 2589 2937 2645 est,
2970 2581 3119 2650 quod
3161 2580 3397 2636 Romani

1764 2683 2053 2724 nummum
2101 2679 2324 2725 vocant.
2372 2668 2528 2725 Multi
2581 2680 2768 2727 autem
2814 2687 2882 2727 ex
2933 2672 3292 2743 pontiﬁcibus
3339 2675 3396 2730 in

1763 2762 1910 2817 hunc
1969 2763 2192 2817 modum
2245 2767 2504 2834 peccant.
2567 2761 2709 2821 Nam
2744 2753 2813 2822 et
2868 2765 2972 2838 ipsi
3024 2768 3397 2838 negotiatores

1763 2859 2013 2912 vendunt
2052 2858 2218 2914 boves
2246 2858 2300 2913 in
2324 2860 2558 2916 ecclesia
2595 2877 2609 2915 :
2649 2861 2753 2917 hoc
2787 2869 2896 2929 est,
2933 2862 3028 2933 qui
3065 2873 3396 2934 praestantes

1763 2959 1889 3006 sunt
1919 2951 1972 3005 in
2009 2952 2174 3008 rerho
2206 2938 2495 3022 doctrinae,
2531 2970 2637 3010 non
2685 2966 3002 3025 assumunt,
3037 2957 3136 3015 sed
3166 2961 3397 3016 tradunt

1764 3045 1850 3101 his
1881 3047 1975 3116 qui
2012 3045 2259 3118 affligere
2305 3049 2521 3106 volunt.
2565 3049 2815 3124 insuper
2859 3062 2914 3110 et
2949 3068 3104 3120 oves,
3151 3054 3260 3112 hoc
3285 3066 3392 3122 est,

1761 3139 2162 3211 sintpliciorem
2192 3150 2248 3198 et
2276 3157 2629 3200 communem
2657 3146 2922 3218 populum
2950 3164 2966 3203 :
2999 3158 3055 3204 et
3080 3147 3393 3220 columbas,

1765 3234 1868 3290 hoc
1894 3243 1999 3291 est.
2025 3236 2340 3305 spiritualia
2372 3236 2519 3294 dona
2557 3241 2823 3308 vendunt,
2856 3241 3183 3312 et/majores
3215 3243 3398 3316 digni-

34 3326 284 3399 ιοῦμμον
337 3330 694 3402 ὀνομάζουσι.
764 3331 963 3386 Πολλοὶ
1021 3333 1119 3386 καὶ
1177 3331 1290 3405 τῶν
1345 3333 1655 3406 ἀρχιερέων

1766 3337 1907 3385 tates
1938 3330 2236 3387 conterunt
2272 3331 2359 3388 his
2394 3331 2489 3403 qui
2522 3331 2682 3403 plura
2719 3333 2896 3390 dant:
2926 3350 3068 3407 quos
3121 3337 3397 3394 Dominus

34 3422 422 3493 Ξιμαρτάνουσι
455 3423 708 3488 τοιαῦτα,
733 3420 827 3479 οἷα
849 3425 972 3478 τότε
996 3427 1046 3478 oi
1078 3424 1343 3498 κάπηλοι,
1375 3429 1503 3490 τοὺς
1524 3425 1656 3498 βόας

34 3514 350 3580 τωλοῦντες
383 3519 441 3570 ἐν
476 3519 535 3589 τῇ
585 3513 908 3591 Ἐκκλησία,
937 3518 1086 3590 λέγω
1129 3520 1218 3592 δὴ,
1247 3520 1376 3586 τοὺς
1408 3523 1466 3575 ἐν
1511 3521 1657 3593 λόγῳ

34 3610 411 3683 ;;δασκαλικῷ
444 3610 856 3684 διαπρέποντας
893 3613 968 3684 μὴ
1005 3614 1491 3686 περιποιούμενοι,
1538 3615 1655 3670 ἀλλ’

34 3701 340 3766 ;κδιδόντες
375 3704 490 3766 τοῖς
525 3707 870 3774 κακουργεῖν
930 3705 1321 3776 βουλομένοις·
1366 3706 1505 3760 ἀλλὰ
1560 3708 1657 3760 καὶ

34 3796 92 3848 ιὰ
139 3794 419 3866 πρόῦατα,
452 3794 544 3849 τὸν
580 3796 952 3869 ἀφελέστερον
998 3797 1095 3853 καὶ
1144 3799 1328 3853 κοινὸν
1356 3799 1510 3866 λαὸν,
1559 3802 1657 3855 καὶ

34 3889 128 3953 τὰς
177 3887 541 3961 περιστερὰς,
572 3889 642 3943 τὰ
692 3891 1047 3961 πνευματικά
1105 3910 1251 3964 φημι
1307 3895 1654 3966 χαρίσματα,

34 3981 470 4053 πιπράσκοντες,
506 3983 603 4036 καὶ
642 3984 771 4047 τοὺς
803 3984 1034 4040 πλείονα
1082 3985 1348 4052 διδόντας,
1376 3989 1490 4052 τοῖς
1534 3989 1658 4060 μεί-

34 4078 153 4134 ζοσι
187 4072 421 4147 βαθμοῖς
449 4075 961 4146 ἑγκατατάττοντες
982 4093 995 4107 ο
1033 4076 1134 4141 οὒς
1165 4080 1194 4132 ὁ
1217 4080 1426 4150 Κύριος
1457 4081 1658 4135 ὲκσάλ-

34 4187 109 4222 .ει
143 4168 244 4222 τοῦ
283 4168 455 4241 ίεροῦ,
491 4169 750 4236 ἀναξίους
804 4170 904 4242 τῆς
953 4170 1378 4244 ἀρχιερωσύνης
1425 4173 1653 4246 κρίνων.

34 4263 217 4318 Ἀλλὰ
253 4263 355 4318 κᾶν
389 4280 475 4329 τις
508 4265 695 4336 κέρμα
727 4266 827 4319 καὶ
878 4265 1152 4338 νόμισμα,
1185 4267 1304 4339 ἦτοι
1346 4269 1524 4340 δόγμα
1560 4271 1657 4323 καὶ

40 4361 211 4427 όγον,
250 4359 431 4430 πωλῇ,
465 4360 562 4412 καὶ
586 4359 751 4431 τυχὸν
777 4359 1104 4426 διδάσκαλος
1127 4361 1225 4426 ὢν,
1258 4363 1320 4416 οὐ
1340 4362 1654 4432 καταγγέλ-

40 4471 104 4506 ει
162 4451 257 4506 τὸν
304 4450 489 4519 λόγον,
523 4453 572 4505 εί
606 4453 684 4523 μὴ
716 4451 913 4523 κέρδος
973 4453 1111 4526 εχει,
1165 4457 1262 4509 καὶ
1316 4455 1512 4509 τούτου
1555 4455 1656 4528 τὴν

42 4542 321 4619 ράπεζαν
360 4546 664 4619 ἀνατρέπει
693 4549 722 4601 6
750 4547 983 4619 Κύριος,
1013 4549 1106 4603 τὸν
1141 4548 1338 4622 θρόνον
1377 4550 1522 4621 λέγω
1551 4552 1656 4623 τῆς

37 4644 417 4711 ιδασκαλίας,
466 4645 568 4700 καὶ
617 4647 710 4699 τὸν
739 4646 924 4714 λόγον,
966 4643 1026 4696 ὃν
1055 4645 1265 4705 ἐκεῖνος
1322 4643 1539 4715 συνέχει
1567 4643 1656 4699 διὰ

1761 3423 1912 3494 ejicit
1936 3439 1967 3480 e
1995 3424 2220 3497 templo,
2251 3425 2784 3499 indignosjudicans
2813 3429 3150 3486 sacerdotio.
3178 3433 3251 3486 At
3275 3431 3397 3488 [me

1762 3518 1806 3572 si
1841 3519 1967 3587 quis
2005 3533 2083 3575 tes
2117 3529 2173 3575 et
2224 3536 2535 3588 nummum,
2591 3522 2696 3580 hoc
2740 3533 2848 3592 est,
2886 3533 2942 3582 et
2989 3541 3307 3585 sermonem
3339 3539 3397 3583 et

1763 3609 1960 3680 dogma
1992 3613 2218 3682 vendat,
2248 3624 2304 3670 et
2338 3614 2598 3673 fortassis
2641 3634 2770 3675 cum
2799 3620 2876 3676 sit
2905 3621 3118 3687 doctor,
3157 3639 3264 3679 non
3290 3639 3394 3679 an-

1764 3705 1985 3761 'tunliet
2029 3707 2287 3775 verbum,
2337 3709 2445 3764 nisi
2497 3710 2710 3766 lucrum
2769 3715 3006 3782 habeat,
3058 3715 3223 3771 etiam
3273 3717 3394 3790 ejus

1763 3814 2013 3856 mensam
2063 3803 2337 3857 subvertit
2384 3803 2677 3874 Dominus,
2715 3808 2905 3863 sedem
2948 3809 3072 3864 dico
3103 3812 3391 3878 doctrinae,

1763 3903 1818 3948 et
1848 3909 2162 3951 sermonem
2196 3911 2360 3967 quem
2405 3897 2498 3953 ille
2545 3899 2767 3957 cohibet
2808 3911 3038 3973 propter
3088 3906 3392 3973 malitiam,

1764 3987 1929 4060 537
1984 4005 2092 4046 non
2130 3992 2269 4047 dans
2303 3991 2457 4047 illum
2500 3993 2760 4052 omnibus
2790 4011 2955 4066 quem
2989 3996 3260 4056 Dominus
3298 4002 3391 4058 Je-

1762 4097 1856 4138 sus
1877 4098 1975 4152 per
1992 4085 2436 4143 misericordiam
2460 4086 2714 4157 eﬁ‘undit,
2739 4093 3070 4165 populisque
3091 4096 3211 4163 dat,
3239 4097 3391 4152 illum

1763 4176 1984 4247 quidem
2016 4194 2044 4233 a
2071 4179 2387 4250 principatu
2424 4181 2715 4253 dejiciens,
2751 4195 2808 4242 et
2837 4187 3008 4244 alium
3044 4191 3098 4245 in
3126 4193 3395 4249 doctrina:

1763 4271 1948 4326 sedem
1976 4272 2276 4330 collocans.
2301 4266 2601 4334 Recordati
2626 4289 2758 4335 sunt
2780 4291 2964 4338 autem
2989 4283 3250 4355 discipuli
3271 4287 3394 4359 ejus

1762 4365 1908 4435 quod
1939 4368 2208 4438 scriptum
2237 4370 2331 4436 sit,
2363 4390 2381 4423 ι
2419 4371 2586 4430 Zelus
2609 4375 2806 4433 domus
2834 4385 2944 4434 tute
2964 4380 3208 4436 comedit
3233 4397 3343 4438 me.
3367 4404 3388 4437 ι

1762 4458 2034 4516 Paulatim
2051 4464 2196 4518 enim
2224 4465 2564 4524 incrementa
2584 4470 2714 4527 boni
2744 4486 3052 4542 sumentes,
3068 4486 3123 4533 et
3144 4475 3396 4551 Scriptu-

1764 4568 1950 4609 rarum
1981 4560 2373 4627 recordentur,
2402 4563 2551 4619 unde
2577 4566 2895 4622 testimonia
2924 4571 3265 4641 recipiendo,
3291 4573 3395 4629 fir-

1765 4647 1999 4704 miorem
2037 4651 2104 4706 de
2135 4649 2364 4710 Christo
2418 4657 2710 4714 scientiam
2744 4662 2892 4732 apud
2922 4678 2984 4720 se
3019 4667 3393 4727 constituunt.

34 4742 266 4808 ;α.κίαν,
297 4742 375 4815 μὴ
399 4738 575 4807 διδοὺς
608 4741 775 4797 αὐτὸν
809 4743 1005 4806 πᾶσιν,
1041 4740 1100 4794 ὃν
1131 4741 1160 4793 6
1191 4740 1398 4835 Κύριος
1461 4741 1690 4835 -Ίησοῦς
1739 4745 1926 4816 ὲκχέει
1971 4748 2060 4802 διὰ
2109 4749 2559 4825 φιλανθρωπίαν,
2606 4757 2708 4812 καί⁸
2774 4761 2892 4826 τοῖς
2939 4762 3092 4831 λαοῖς
3146 4763 3392 4835 δίδωσιν,

36 4837 250 4894 κεῖνον
307 4835 407 4906 μὲν
458 4833 760 4906 παραλύων
821 4833 922 4904 τῆς
975 4832 1180 4905 ἀρχῆς,
1243 4831 1406 4888 ἄλλον
1454 4833 1513 4888 δὲ
1561 4834 1653 4889 τὸν
1693 4837 1848 4906 ἄξιον
1899 4839 1992 4891 ἐπὶ
2055 4839 2150 4895 τὸν
2216 4842 2318 4913 τῆς

34 4931 439 5005 Εμνήσθησαν
463 4930 522 4985 δὲ
546 4932 597 4984 oi
631 4929 898 5002 μαθηταὶ,
926 4930 1011 4984 ὅτι
1040 4931 1438 5002 γεγραμμένον
1503 4933 1654 4987 ἐστίν
1675 4949 1689 4964 ο

2408 4844 2768 4914 διδασκαλίας
2865 4850 3059 4923 θρόνον
3121 4856 3394 4922 καθίζων.

1780 4954 1800 4988 ι
1852 4935 1912 4990 '0
1964 4935 2129 5009 ζῆλος
2176 4939 2274 4993 τοῦ
2324 4942 2480 4997 οἴκου
2536 4963 2632 5001 σου
2691 4948 2980 5022 κατέφαγέ
3031 4970 3122 5024 με.
3168 4973 3188 5007 ι
3232 4956 3396 5012 Κατὰ

34 5030 217 5104 ιραχὺ
250 5027 362 5101 γὰρ
399 5027 502 5100 τὴν
533 5029 628 5082 ὲπλ⁵
657 5028 720 5082 τδ
752 5029 1008 5098 κρεῖττον
1058 5028 1306 5082 ἐπίδοσιν
1380 5029 1783 5100 λαμϐάνοντες,
1855 5034 1958 5107 ἤδη
1985 5037 2082 5090 καὶ
2143 5037 2254 5092 τῶν
2327 5039 2564 5111 Γραφων
2609 5044 3157 5120 ἀναμιμνήσκονται,
3203 5053 3395 5109 nim;

40 5145 118 5183 εν
165 5124 272 5188 τὰς
322 5122 636 5196 μαρτυρίας
689 5122 1090 5194 λαμϐάνοντες,
1148 5122 1504 5196 βεϐαιοτέραν
1551 5125 1651 5197 τὴν
1695 5129 1828 5201 περὶ
1858 5131 2099 5200 Χριστοῦ
2128 5132 2335 5201 γνῶσιν
2364 5137 2705 5195 καθιστῶσιν
2746 5143 2988 5208 ἑαυτοῖς.

94 5246 124 5281 s
171 5223 589 5296 Ἀπεκρίθησαν
621 5220 718 5277 οὖν
754 5223 803 5276 oi
845 5221 1115 5290 Ἰουδαῖοι,
1154 5224 1253 5278 καὶ
1285 5218 1442 5278 εἷπον
1465 5224 1616 5296 αὑτῷ
1641 5241 1655 5256 ·

1842 5227 2010 5287 Vens.
2047 5232 2239 5290 18-32.
2275 5254 2294 5287 ‹
2331 5234 2758 5312 Responderunt
2795 5257 2928 5312 ergo
2961 5242 3167 5312 Judaei,
3207 5258 3264 5304 et
3295 5250 3396 5306 di-

34 5323 80 5376 ’ί
127 5319 364 5390 σημεῖον
399 5316 670 5382 δεικνύεις
712 5319 867 5388 ἡμῖν,
905 5316 1012 5386 ὅτις
1044 5315 1223 5371 ταῦτα
1273 5319 1486 5386 ποιεῖς;
1529 5320 1665 5372 Ἀπ-

34 5410 234 5486 xpth
268 5413 297 5465 6
336 5409 570 5483 Ἰησοῦς,
605 5411 704 5466 καὶ
726 5405 882 5464 εἶπεν
914 5412 1123 5475 αὐτοῖς·
1158 5411 1375 5467 Λύσατε
1400 5411 1494 5465 τὸν
1526 5413 1656 5467 ναδν

34 5508 251 5571 οὖτον,
285 5505 382 5560 καὶ
407 5507 468 5559 ὲν
490 5507 672 5577 τρισὶν
715 5505 964 5576 ἡμέραις
998 5504 1180 5577 ἐγερῶ
1231 5505 1420 5560 αὐτόν.
1486 5502 1660 5561 Εἶπον

34 5604 116 5659 ὒν
159 5597 215 5652 oi
261 5596 508 5653 Ἰουδαῖοι
535 5615 549 5630 ·
585 5598 1018 5672 Τεσσαράκοντα
1061 5597 1160 5652 καὶ
1193 5595 1254 5663 ἓξ
1288 5597 1471 5652 ἐτεσιν
1511 5597 1657 5669 ᾠκο-

34 5690 254 5767 ομήθη
287 5691 315 5744 6
338 5690 467 5754 ναὸς
496 5684 676 5758 οὗτος,
718 5691 816 5748 καὶ
849 5691 915 5745 σὺ
941 5691 1002 5745 ἐν
1029 5690 1214 5761 τρισὶν
1249 5691 1492 5764 ἡμέραις
1524 5693 1654 5762 ἐγε-

34 5790 156 5850 ,εἶς
198 5784 406 5852 αὐτόνς
450 5785 696 5850 Ἐκεῖνος
744 5785 803 5839 δὲ
854 5785 1014 5855 ἔλεγε
1053 5785 1186 5859 περὶ
1213 5786 1311 5839 τοῦ
1366 5785 1498 5840 ναοῦ
1556 5786 1654 5841 τοῦ

39 5885 298 5951 ώματος
338 5879 532 5936 αὐτοῦ.
563 5879 698 5934 Ὅτε
724 5878 818 5934 οὖν
843 5879 1056 5953 ἠγέρθη
1097 5883 1163 5936 ὲκ
1217 5880 1454 5952 νεκρῶν,
1490 5882 1658 5952 ἐμνή-

37 5979 253 6045 6ησαν
279 5974 331 6027 οἱ
370 5973 618 6046 μαθηταὶ
649 5973 844 6042 αὐτοῦ,
879 5975 964 6028 ὅτι
1004 5973 1167 6029 τοῦτο
1222 5975 1414 6045 ἔλεγεν
1445 5975 1656 6045 αὐτοῖς,

41 6071 124 6127 αἱ
158 6065 498 6128 ἐπίστευσαν
545 6073 614 6144 τῇ
641 6070 864 6145 Γραφῇ,
892 6072 988 6128 καὶ
1020 6070 1102 6143 τῷ
1152 6070 1295 6142 λόγῳ
1341 6063 1386 6143 ᾧ
1421 6065 1580 6128 εἶπεν
1630 6073 1659 6127 6

1767 5335 1973 5380 xerunt
2003 5327 2054 5381 ei
2085 5343 2102 5386 :
2139 5326 2298 5395 Quod
2336 5333 2553 5402 signum
2584 5336 2833 5393 ostendis
2895 5338 3057 5394 nobis
3092 5341 3240 5410 quod
3285 5343 3392 5400 ista

1763 5417 1974 5474 facias?
2031 5419 2343 5494 Respondit
2393 5427 2580 5493 Jesus,
2635 5442 2692 5484 et
2763 5429 2903 5485 dixit
2940 5432 3074 5488 eis:
3116 5437 3393 5493 Destruite

1766 5513 2029 5582 templum
2075 5515 2204 5583 hoc,
2252 5528 2308 5573 et
2348 5519 2402 5574 iu
2458 5521 2637 5576 tribus
2699 5521 2902 5580 diebus
2945 5526 3158 5597 erigam
3227 5529 3386 5586 illud.

1763 5604 2031 5665 Dixerunt
2064 5625 2198 5684 ergo
2229 5611 2404 5669 Judazi
2429 5632 2442 5669 :
2468 5613 2849 5689 Quadraginta
2883 5633 2981 5675 sex
3015 5621 3176 5678 annis
3197 5634 3389 5680 extru-

1763 5706 1911 5754 ctum
1953 5710 2038 5757 est
2074 5703 2342 5774 templum
2365 5705 2489 5770 hoc,
2519 5716 2573 5762 et
2601 5715 2658 5761 tu
2686 5709 2741 5763 in
2784 5711 2960 5767 tribus
2987 5710 3188 5768 diebus
3207 5714 3388 5785 erigas

1765 5791 1940 5848 illud?
1969 5793 2040 5849 At
2067 5795 2158 5849 ille
2182 5797 2400 5854 dicebat
2423 5799 2493 5855 de
2538 5805 2738 5872 ζτηιξιῖδ
2775 5805 3026 5874 corporis
3079 5807 3189 5862 sui.
3244 5806 3388 5865 Cum

1765 5897 1898 5954 ergo
1931 5886 2334 5944 resurrexisset
2363 5904 2393 5944 ι
2430 5891 2691 5962 mortuis,
2726 5896 3005 5952 recordati
3039 5906 3170 5953 sunt
3219 5899 3387 5957 disci.

1767 5976 1879 6046 puli
1921 5977 2040 6049 ejus
2099 5978 2246 6050 quod
2288 5981 2392 6037 hoc
2422 5980 2683 6052 dixisset,
2730 5994 2787 6041 et
2827 5988 3188 6044 crediderunt
3234 5988 3386 6047 Scri-

1769 6081 1968 6146 ptum,
1995 6082 2051 6133 et
2079 6077 2325 6135 sermoni
2362 6092 2528 6138 quem
2564 6079 2779 6138 dixerat
2805 6078 2989 6139 Jesus.
3031 6101 3050 6135 ι
3078 6081 3379 6144 Posutuam
