3936 6402
585 431 722 496 lla!)

1441 429 1540 488 ΤΗ
1553 426 2023 488 EOPHYLACTI
2061 424 2474 488 BULGARIIE
2513 425 2876 486 ARCHIEP.

3747 419 3860 486 12C.)

577 547 831 599 viderunt
871 540 1038 596 Judaei
1109 540 1396 594 Dominum
1457 556 1656 611 magna
1723 547 1994 610 potestate
2048 538 2153 593 inet

2281 537 2508 609 Ἰησοῦς.
2555 555 2572 588 t
2638 538 2844 607 Επειδὴ
2875 537 3105 591 ἒῦλεπον
3136 537 3230 592 τὸν
3257 536 3470 609 Κύριον
3523 536 3579 590 οι
3639 533 3857 589 Ἰουδαῖοι

580 639 779 701 lat-ere,
808 645 860 688 et
901 635 1082 688 dicere
1111 651 1122 686 :
1169 650 1186 684 ι
1228 632 1303 687 Ne
1334 631 1575 688 feceritis
1598 633 1817 686 domum
1850 630 2027 686 Patris
2060 635 2162 688 mei

577 739 898 789 mercatum,
942 743 960 776 ι
997 724 1224 778 dicunt:
1254 723 1522 778 Persuade
1563 725 1721 777 nobis
1767 724 1921 793 signo
1955 725 2159 792 aliquo,

576 823 716 892 quod
754 821 923 875 Ftlius
958 820 1050 874 Dei
1091 821 1168 875 sis
1219 829 1297 885 tu,
1337 829 1391 872 et
1429 819 1572 888 quod
1620 817 1771 872 illinc
1814 820 2015 874 missus
2066 821 2159 874 sis.

578 913 731 969 Unde
766 915 912 968 cttittt
963 913 1309 968 manifestum
1364 910 1507 980 quod
1584 907 1746 965 Pater
1797 920 1923 967 tuus
1958 911 2029 966 sit
2069 911 2162 980 qui

574 1007 766 1060 demus
819 1004 976 1059 istius
1034 1012 1117 1058 est
1160 1002 1458 1057 Dominus?
1512 1001 1584 1056 At
1633 1001 1724 1057 ille
1788 1017 1882 1071 per
1933 1003 2158 1073 azttigttta

573 1101 652 1154 eis
713 1098 994 1169 rCSpontlit
1041 1113 1054 1150 :
1102 1115 1118 1148 ι
1164 1096 1370 1150 Solvite
1442 1094 1702 1164 templum
1774 1094 1897 1159 ltoc,
1954 1115 1971 1148 ι
2039 1110 2162 1148 cor-

569 1206 669 1262 pus
709 1190 932 1244 omnino
966 1204 1122 1244 suum
1156 1188 1366 1254 dicens,
1398 1188 1541 1256 quod
1579 1188 1631 1241 itt
1702 1189 1818 1256 ipso
1871 1189 2155 1242 habitabat

568 1284 748 1339 omnis
780 1283 1040 1338 divinitas
1071 1281 1363 1352 Unigeniti.
1399 1278 1498 1334 Ubi
1537 1290 1714 1333 autem
1757 1281 1930 1345 dixit,
1972 1299 1990 1332 ι
2041 1279 2159 1335 Sol-

566 1376 697 1440 \‘itt',
734 1394 751 1427 ι
798 1391 904 1428 non
941 1375 1264 1429 exhortatus
1323 1379 1408 1425 est
1439 1370 1507 1423 ad
1565 1370 1789 1434 caedem,
1843 1368 2028 1422 absit:
2063 1369 2161 1422 sed

566 1469 821 1536 quoniam
843 1467 1048 1521 sciebat
1075 1465 1339 1528 facturos,
1373 1472 1522 1518 certo
1551 1471 1875 1518 eventurum
1900 1461 2154 1516 aﬂirtnal.

564 1561 804 1614 Audiant
838 1574 966 1614 vero
1018 1559 1206 1612 Ariani
1259 1558 1532 1627 quomodo
1598 1557 1742 1610 sicut
1793 1557 2060 1610 Dominus
2105 1565 2159 1610 et

563 1656 755 1710 mortis
806 1653 1115 1708 destructor
1158 1653 1332 1716 dicat,
1388 1670 1404 1702 ι
1444 1650 1728 1707 Excitabo.
1771 1669 1787 1701 ι
1837 1649 1952 1704 Non
2005 1649 2150 1704 enim

562 1749 713 1812 dicit,
746 1746 1020 1802 Excitabit
1061 1744 1245 1810 Pater,
1275 1746 1393 1810 sed,
1444 1762 1460 1794 ι
1513 1744 1624 1813 Ego
1658 1743 1933 1805 excitabo,
1967 1761 1984 1795 ι
2021 1758 2150 1813 pro-

562 1841 678 1909 pria
723 1841 926 1894 virtute
955 1855 1106 1903 usus,
1140 1837 1398 1909 nullaque
1439 1847 1667 1891 externa
1705 1837 1979 1905 indigens.
2030 1835 2150 1888 Cte-

2270 630 2407 702 μετὰ
2431 629 2633 700 πολλῆς
2668 630 2920 693 ἐξουσίας
2951 631 3129 686 ταῦτα
3156 631 3446 693 ποιοῦντα,
3493 630 3595 684 καὶ
3628 629 3854 697 λέγοντι,

2272 740 2290 774 ‹
2325 722 2430 775 Τὸν
2461 717 2609 775 οἷκον
2633 721 2726 774 τοῦ
2754 723 2965 792 Πατρός
3001 739 3102 792 μου
3144 724 3218 794 μὴ
3251 725 3461 774 ποιεῖτε
3520 721 3809 790 ἐμπόριον,
3841 740 3853 769 ι

2265 815 2399 885 φασί
2430 833 2444 847 ·
2480 816 2674 869 Πεῖσον
2701 817 2848 888 ἡμᾶς
2881 815 2970 868 διά
2999 833 3145 878 τινος
3198 817 3458 884 σημείου,
3521 816 3611 867 ὅτι
3667 816 3790 877 Υἱὸς
3824 811 3860 865 εἴ

2262 910 2356 964 τοῦ
2385 910 2543 975 Θεοῦ,
2607 913 2704 964 καὶ
2763 913 2846 965 ὅτι
2899 910 3113 965 ἐκεῖθεν
3166 912 3465 981 ἐπέμφθης
3497 927 3510 939 ο
3547 911 3727 963 πόθεν
3773 928 3858 979 γαρ

2261 1005 2441 1074 δῆλον,
2470 1007 2550 1058 ὅτι
2577 1006 2769 1077 Πατήρ
2805 1004 2898 1058 σού
2925 1007 3072 1058 ἐστιν
3104 1007 3130 1058 ὁ
3161 1004 3257 1058 τοῦ
3307 1005 3463 1057 οἴκου
3520 1004 3727 1057 τούτου
3771 1006 3860 1056 ιιι-

2267 1118 2416 1170 ρεος;
2457 1099 2514 1154 '0
2547 1101 2604 1154 δὲ
2630 1100 3047 1171 αἰνιγματωδῶς
3072 1100 3261 1161 αὐτοῖς
3293 1097 3698 1168 ἀποκρίνεται,
3730 1117 3745 1148 ι
3777 1101 3862 1149 ft;-

2267 1211 2418 1256 σατε,
2451 1194 2650 1257 λέγων,
2693 1194 2784 1246 τὸν
2841 1193 2964 1248 ναὸν
2999 1193 3214 1255 τοῦτον,
3257 1210 3272 1244 t
3317 1192 3378 1244 τὸ
3426 1190 3601 1257 σῶμα
3665 1191 3863 1249 παντως

2264 1285 2438 1338 λέγων
2474 1285 2664 1351 αὑτοῦ,
2697 1285 2888 1353 ἐπειδὴ
2924 1289 2982 1338 ὲν
3013 1285 3164 1354 αὐτῷ
3205 1282 3453 1353 κατῴκει
3494 1285 3661 1336 πᾶσα
3698 1284 3731 1352 ή
3766 1283 3865 1334 θεό-

2261 1397 2362 1449 της
2389 1379 2482 1432 τοῦ
2516 1380 2885 1448 Μονογενοῦς.
2916 1379 3100 1432 Εἰπὼν
3136 1378 3216 1442 δὲ,
3253 1397 3270 1429 ι
3306 1376 3556 1437 Λύσατε,
3596 1395 3616 1426 ι
3655 1377 3718 1428 οὐ
3749 1393 3865 1444 προ-

2261 1474 2453 1543 τρέπει
2480 1475 2677 1536 αὺτοὺς
2702 1475 2782 1536 εἰς
2812 1472 3154 1542 μιαιφονίαν,
3185 1470 3403 1538 ἁπαγεῑ
3459 1470 3584 1521 ἀλλ’
3648 1469 3863 1538 ἐπείπερ

2259 1564 2532 1634 ἠπίστατο
2588 1565 2890 1634 δράσοντας
2949 1561 3128 1626 τοῦτο,
3173 1560 3580 1629 ἀνυπερθὲτως
3639 1559 3776 1613 αὐτὸ
3821 1562 3867 1610 τὺ

2263 1643 2686 1728 συμϐησόμενον
2715 1657 3111 1710 ὑπαινίττεται.
3131 1653 3516 1706 Ἀκουέτωσαν
3536 1653 3640 1706 καὶ
3670 1651 3869 1722 Ἀρεία-

2259 1749 2362 1814 vol,
2395 1748 2511 1812 πῶς
2538 1748 2566 1799 ὁ
2589 1749 2814 1819 Κύριος,
2849 1746 3056 1801 καὶτοῦ
3089 1747 3324 1800 Θανάτου
3363 1745 3718 1814 καταλυτὴς,
3751 1746 3868 1812 ς-ςσὶ

2258 1839 2341 1904 τὸ,
2379 1858 2397 1891 ι
2457 1839 2692 1910 Ἐγερῶ.
2727 1859 2745 1892 t
2775 1840 2850 1892 Οὐ
2880 1839 2990 1910 γὰρ
3009 1837 3187 1904 εἶπεν,
3219 1839 3302 1892 ὅτι
3341 1839 3573 1909 Ἐγερεῖ
3601 1839 3630 1890 ό
3668 1839 3866 1907 Πατήρ,

566 1944 742 1986 terntn
788 1931 958 1986 Judaei
1015 1931 1082 1986 de
1134 1931 1434 1985 inanimato
1484 1929 1683 1998 templo
1735 1929 1910 1998 ipsum
1966 1927 2148 1980 dicere

2262 1932 2374 1986 ἀλλ’
2408 1926 2583 1998 εἶπεν,
2612 1933 2694 1987 ὅτι
2765 1951 2781 1983 ι
2830 1931 3041 2018 Ἐγερῶ
3074 1932 3210 2000 ἐγὼ,
3254 1951 3274 1983 ι
3311 1934 3380 2002 τῇ
3423 1933 3620 2000 οἰκείᾳ
3653 1931 3870 2002 δυνάμει

569 2035 919 2078 autuntatttes
965 2024 1085 2090 hoc,
1138 2022 1393 2077 derident
1423 2039 1568 2077 eum.
1625 2023 1758 2075 Cum
1792 2021 2150 2090 quadraginta

559 2127 616 2170 et
647 2131 739 2171 sex
769 2115 926 2170 annis
970 2116 1040 2170 sit
1073 2114 1425 2178 atdilicatutn,
1479 2129 1586 2182 quo
1628 2123 1809 2180 pacto,
1849 2113 2062 2176 dicunt,
2097 2121 2150 2165 tu

558 2207 698 2263 dicis
747 2208 801 2260 in
842 2205 1015 2260 tribus
1048 2206 1240 2260 diebus
1309 2214 1360 2258 te
1419 2204 1821 2258 excitaturum?
1859 2203 2151 2256 Sciendum

561 2309 743 2353 autem
773 2298 943 2368 quod,
975 2296 1192 2367 quando
1225 2311 1250 2348 a
1301 2295 1594 2350 StllOll'Oltc
1637 2295 1895 2364 tt-tttplntn
1930 2303 2153 2348 extinc-

560 2402 674 2448 tum
705 2402 790 2447 est
827 2391 1014 2460 viginti
1036 2391 1218 2454 annis,
1251 2390 1432 2444 omnia
1476 2389 1716 2458 perfecte
1751 2387 1998 2440 absoluta
2030 2385 2151 2439 fue-

558 2495 707 2552 runt,
745 2494 931 2554 postea
965 2493 1148 2537 autem
1196 2492 1312 2550 pust
1351 2481 1753 2550 captivitatettt,
1811 2479 2025 2532 llebraai
2061 2495 2151 2532 ac-

557 2587 715 2648 cepta
738 2585 1007 2646 potestate
1040 2573 1169 2627 illttd
1206 2572 1590 2634 retedilicattdi,
1620 2581 1905 2639 cmpernttt
1931 2570 2148 2634 quidem

556 2673 657 2726 sub
697 2669 839 2739 Cyro
892 2683 1018 2738 rege
1067 2667 1340 2720 aediﬁcare
1377 2682 1392 2717 :
1445 2664 1688 2733 impediti
1731 2675 1912 2715 autem
1967 2665 2032 2715 alt
2073 2662 2156 2716 Itis

559 2761 651 2830 qui
695 2759 1004 2814 invidebant
1043 2757 1143 2822 eis,
1189 2767 1555 2826 prorogarunt
1610 2763 1941 2809 structuram
1985 2768 2156 2822 usque

559 2856 627 2909 ad
660 2854 1024 2908 Artaxerxem
1069 2866 1272 2921 regem,
1307 2850 1406 2902 sub
1452 2863 1558 2916 quo
1596 2847 1742 2900 nacti
1804 2847 2155 2900 securitatrtn

560 2946 880 3004 maximam,
906 2945 1052 2996 omni
1076 2942 1257 2995 studio
1285 2942 1368 2992 vix
1394 2951 1691 3008 potuerunt
1713 2939 1976 3006 perlicere
1998 2951 2154 3007 Opus.

559 3036 713 3094 Unde
743 3045 796 3090 ct
841 3035 1043 3089 dicitur
1093 3031 1316 3087 Judazos
1369 3032 1707 3085 atdilicantcs
1758 3031 1931 3084 altera
1990 3045 2156 3084 manu

562 3128 822 3199 gladium,
856 3125 1026 3180 altera
1076 3125 1316 3179 tenuisse
1349 3125 1766 3179 acditicatoriunt
1817 3123 2154 3179 instrntnen-

561 3231 674 3276 tum
703 3238 718 3276 :
751 3235 925 3289 usque
965 3217 1101 3274 adeo
1133 3219 1400 3272 timebant
1455 3216 1664 3271 vicinos
1715 3216 2001 3279 Idumaeos,
2047 3231 2154 3270 non

2257 2023 2566 2094 χρώμενος,
2606 2026 2703 2077 καὶ
2749 2024 2848 2077 οὐκ
2881 2023 3050 2092 ἄλλης
3101 2023 3305 2090 ἔξωθεν
3330 2023 3781 2093 προσδεόμενος.
3818 2025 3869 2074 Ut

2256 2117 2310 2170 δὲ
2340 2117 2606 2183 Ἰουδαῖοι,
2643 2116 2896 2186 περὶτοῦ
2933 2116 3147 2188 ἀψύχου
3184 2115 3316 2169 ναοῦ
3375 2117 3685 2182 δοκοῦντες
3719 2120 3868 2171 αὐτὶ-ν

2257 2209 2463 2278 λέγειν,
2507 2210 2892 2279 καταγελῶσιν
2925 2211 3117 2265 αὑτοῦ.
3170 2211 3269 2264 Διὰ
3297 2210 3410 2280 γὰρ
3450 2215 3870 2280 τεσσαράκοντι

2261 2307 2351 2357 καὶ
2387 2305 2446 2368 ἓξ
2472 2305 2611 2358 ἐτῶν
2646 2303 3098 2376 οἰκοδομηθέντα,
3129 2305 3270 2368 πῶς,
3300 2306 3461 2372 φασὶ,
3495 2306 3692 2374 λέγεις
3725 2308 3869 2367 αὑτξςς

2260 2398 2317 2450 ὲν
2357 2397 2540 2467 τρισὶν
2587 2397 2824 2466 ἡμέραις
2857 2397 3102 2465 ὲγερεῖν;
3172 2395 3374 2449 ’ἰστέον
3403 2397 3463 2450 δὲ
3496 2399 3610 2464 δτι,
3654 2399 3746 2450 ὅτε
3789 2399 3869 2468 με.

2259 2491 2411 2558 παρὰ
2443 2486 2536 2541 τοῦ
2563 2489 2909 2556 Σολομῶντος
2937 2487 3267 2559 ᾠκοδομήθη
3301 2490 3328 2540 δ
3365 2489 3501 2551 ναὸς
3545 2489 3611 2542 τὸ
3643 2492 3868 2560 πρῶτον,

2257 2580 2344 2633 διὰ
2379 2581 2551 2632 εἴκοσι
2611 2580 2749 2634 ἐτῶν
2813 2581 2996 2634 πάντα
3053 2581 3327 2642 ἀνενδεῶς
3388 2581 3871 2652 ἀπήρτίσθήσαν·

2260 2672 2490 2742 ὓστερον
2539 2672 2597 2725 δὲ
2667 2671 2807 2743 μετὰ
2856 2671 2955 2743 τὴν
3021 2673 3434 2743 αἰχμαλωσίαν,

2273 2765 2520 2835 Ἐὗραῖοι
2549 2765 2802 2829 ἐξουσίαν
2840 2765 3206 2835 οἰκοδομῆσαι
3239 2767 3432 2828 αὐτὸν,
3475 2766 3740 2836 ἤρξαντο
3793 2767 3870 2833 μὲν

2267 2860 2360 2911 ἐπὶ
2397 2863 2498 2929 τῆς
2538 2859 2818 2928 βασιλείας
2843 2862 3031 2929 Κύρου
3063 2860 3444 2928 ἀνοικοδομεῖν
3473 2878 3488 2893 ·
3523 2857 3657 2914 εἶτα
3717 2863 3871 2931 ἔμπτ-

2260 2953 2533 3024 διζάμενοι
2595 2955 2745 3026 παρὰ
2779 2955 2888 3008 τῶν
2948 2956 3383 3026 διαφθονούντων
3453 2960 3700 3022 αυτοῖς,
3755 2975 3872 3025 ππρ-

2261 3046 2474 3100 έτειναν
2506 3047 2605 3117 τήν
2644 3049 2940 3120 οίκοδομήν
2971 3049 3101 3120 ἄχρι
3141 3053 3237 3118 τῆς
3294 3050 3690 3122 Ἀρταξέρξου
3727 3052 3874 3119 811-.—

2260 3143 2411 3206 λείας
2441 3160 2453 3172 ·
2500 3143 2594 3194 ἐπὶ
2623 3143 2817 3196 τούτου
2864 3145 2919 3198 δὲ
2964 3145 3150 3211 πάσης
3189 3145 3374 3208 ἁδείας
3432 3147 3874 3206 ἀπολαύσαντες,

2267 3235 2407 3305 μετὰ
2446 3236 2648 3304 πολλῆς
2695 3237 2936 3306 σπουδῆς
3010 3238 3362 3307 ἠδυνήθησαν
3420 3239 3542 3310 (18)
3602 3243 3874 3293 εκτελέςςι

3516 2674 3788 2737 λαϐόντες
3835 2678 3870 2725 εἰ

561 3327 740 3369 autem
763 3313 981 3378 Persas,
1007 3329 1036 3367 a
1065 3311 1288 3383 quibus,
1321 3322 1379 3366 ut
1403 3311 1538 3377 dixi,
1559 3311 1912 3366 securitatem
1936 3327 2151 3364 ontttctn

2262 3328 2319 3380 τὸ
2361 3329 2522 3399 ἔργον
2547 3346 2560 3360 ο
2595 3331 2685 3383 ὅτε
2720 3330 2784 3398 δή
2820 3328 2913 3383 καὶ
2943 3330 3162 3398 λέγεται
3217 3335 3347 3393 τοὺς
3403 3333 3727 3395 Ἰουδαίους
3778 3335 3874 3386 xti-

559 3417 908 3478 acccperant.
940 3407 1106 3460 lstatn
1136 3407 1318 3476 itaque
1354 3415 1712 3467 structuram,
1753 3415 1872 3470 post
1923 3404 2152 3473 captivi-

561 3511 730 3558 tatem
791 3503 946 3555 aiunt
1002 3501 1360 3572 quadraginta
1429 3515 1525 3556 sex
1584 3500 1742 3554 annis
1796 3499 2020 3563 factam,
2090 3517 2155 3554 co

571 3592 715 3662 quod
749 3593 1177 3664 prohiberentur
1211 3601 1264 3646 et
1308 3591 1702 3662 impedirentur
1739 3588 1909 3646 Judaei
1946 3611 1974 3646 a
2011 3591 2155 3663 Cyro

568 3699 740 3753 u5que
789 3686 856 3739 ad
894 3685 1274 3740 Artaxerxem.
1309 3684 1372 3738 Et
1405 3701 1512 3740 non
1544 3693 1628 3740 est
1665 3685 1973 3740 mirandum
2008 3687 2154 3755 quod

556 3776 727 3834 Judaei
762 3792 869 3832 non
899 3777 1293 3843 intellexerint,
1319 3776 1484 3848 538
1513 3778 1953 3847 quandoquidem
1978 3795 2154 3847 neque

560 3869 812 3938 discipuli
842 3867 1242 3939 intelligebant.
1276 3865 1578 3922 Obstabant
1599 3869 1744 3922 enim
1773 3869 1882 3924 duo
1917 3885 2108 3940 magna
2137 3889 2149 3925 :

557 3977 750 4029 unum,
788 3964 934 4032 quod
964 3961 1298 4017 resurrecrio
1342 3974 1440 4030 per
1465 3970 1526 4015 se
1561 3969 1669 4014 tant
1708 3961 1939 4016 diﬂicilis
1968 3975 2152 4032 captu,

557 4054 671 4108 into
703 4054 957 4108 omnibus
988 4053 1170 4121 ignota
1195 4059 1339 4106 esset
1363 4066 1376 4102 :
1399 4052 1652 4116 alterum,
1677 4052 1819 4121 quod
1855 4052 1998 4106 Deus
2028 4068 2152 4107 coro

557 4160 662 4214 pus
691 4145 1162 4214 ejusinhabitaret
1196 4161 1210 4199 :
1242 4161 1261 4195 ι
1293 4143 1508 4200 Etenim
1540 4154 1662 4214 post
1691 4145 2152 4199 resurrectionem

558 4247 936 4309 cognoverunt
965 4237 1242 4307 discipuli,
1281 4245 1335 4292 et
1357 4238 1708 4292 crediderunt
1743 4236 2048 4308 Scriptura:
2078 4254 2091 4290 :
2127 4258 2144 4290 ι

560 4333 650 4386 cui
679 4330 1019 4400 Scriptum?
1048 4330 1212 4385 Omni
1252 4343 1375 4400 qua:
1402 4329 1466 4385 de
1498 4332 1902 4387 resurrectione
1943 4333 2109 4385 tradit
2134 4349 2147 4385 :

559 4422 1009 4478 manifestissime
1055 4431 1234 4478 autem
1292 4423 1340 4478 ei
1374 4436 1498 4493 quae
1552 4423 1707 4487 dicit,
1747 4441 1766 4474 ι
1821 4420 1939 4477 Non
1999 4424 2155 4478 dere-

557 4516 778 4587 linques
799 4515 1038 4570 animam
1071 4529 1248 4570 meam
1278 4515 1334 4570 in
1369 4515 1581 4572 inferno
1605 4516 1684 4582 7°;
1725 4533 1742 4566 t
1772 4525 1825 4571 et
1857 4515 1954 4582 illi,
1993 4534 2010 4566 ι
2047 4514 2152 4569 Do-

560 4610 741 4663 minus
779 4607 947 4661 voluit
978 4606 1270 4676 purillcare
1311 4623 1434 4663 eum
1473 4625 1500 4662 a
1535 4608 1710 4678 plaga,
1770 4617 1829 4664 et
1863 4609 2154 4663 ostendere

559 4703 609 4758 ei
641 4701 908 4755 lumen“.
953 4717 972 4751 ›
1009 4698 1298 4755 Manifeste
1324 4702 1468 4756 enim
1503 4703 1591 4756 illa
1642 4702 1709 4757 de
1747 4703 2152 4758 resurrectione

562 4799 838 4854 dicuntur.
869 4794 1245 4866 Apollinarius
1279 4803 1462 4850 autem
1517 4805 1690 4852 tentat
1735 4797 1839 4852 hoc
1899 4798 2019 4854 loco
2055 4813 2152 4865 pa-

565 4892 857 4945 trocinium
915 4907 1027 4946 sua:
1081 4892 1354 4945 haereseos
1411 4890 1678 4944 invenire.
1745 4890 1944 4943 Valens
2005 4892 2148 4945 enim

563 4984 891 5054 petsnadere
943 4983 1298 5036 inanimatam
1331 4997 1451 5038 esse
1483 4996 1702 5036 carnem
1751 4979 1988 5045 Domini.
2021 4983 2155 5037 dicit

562 5075 706 5145 quod
743 5073 1002 5144 templum
1033 5076 1242 5129 dicatur
1285 5091 1433 5142 caro,
1479 5075 1738 5144 templum
1780 5087 1960 5131 autem
2031 5079 2154 5132 ina-

563 5169 826 5222 niutatntn
864 5167 956 5234 sit,
1020 5167 1320 5222 ittanimata
1357 5184 1486 5239 ergo
1522 5179 1576 5223 et
1613 5185 1742 5225 caro
1777 5179 1880 5224 est.
1908 5172 2156 5226 Attonite

561 5271 616 5316 et
652 5271 910 5316 versute:
961 5271 1016 5315 tu
1049 5271 1104 5316 et
1145 5261 1288 5332 ligna
1314 5277 1367 5317 et
1420 5263 1652 5334 lapides,
1688 5265 1901 5318 Domini
1933 5280 2152 5318 catnctn

569 5355 756 5420 facies,
784 5355 1004 5426 quando
1034 5356 1252 5424 quidem
1275 5372 1340 5412 ex
1368 5358 1452 5412 his
1483 5368 1568 5412 est
1600 5357 1899 5428 templum?
1929 5356 2156 5423 Quando

564 5457 744 5502 autent
773 5449 1013 5502 audieris
1055 5449 1364 5513 Dominum,
1408 5469 1426 5502 ι
1463 5450 1616 5506 Nune
1656 5453 1872 5518 turbata
1910 5463 1995 5506 est
2029 5452 2149 5506 ani-

564 5555 652 5595 ma
680 5557 800 5596 mea
823 5545 866 5573 τ¹
903 5562 915 5598 :
962 5562 980 5595 ι
1015 5553 1092 5611 et,
1140 5562 1157 5594 ι
1192 5541 1521 5600 Potestatetn
1559 5546 1730 5602 habeo
1759 5549 1992 5616 ponendi
2018 5547 2154 5600 iani-

635 5684 681 5714 "
713 5681 856 5738 Psal.
885 5697 972 5749 xv,
999 5685 1084 5740 l0.
1163 5685 1204 5715 '“
1241 5681 1345 5738 lsa.
1380 5698 1494 5751 LIII,
1526 5684 1592 5739 10
1622 5683 1772 5754 juxta
1805 5683 1971 5738 LXX.

2259 3420 2478 3487 ζοντας,
2516 3425 2581 3492 τῇ
2619 3424 2718 3492 μὲν
2781 3423 2946 3494 ἑτέρᾳ
2978 3427 3100 3476 ταῖν
3151 3428 3336 3496 χεροῖν
3371 3425 3546 3495 δόρυ,
3578 3426 3798 3499 θατέρᾳ
3836 3427 3876 3478 δὲ

2260 3515 2604 3584 οἰκοδομικὸν
2626 3514 2910 3584 ἐργαλεῖον
2941 3517 3196 3587 κατέχειν
3225 3535 3235 3546 ·
3264 3517 3443 3582 οὕτως
3472 3514 3632 3591 ἦσαν
3656 3523 3720 3573 ἐν
3751 3520 3876 3587 gitis;

2259 3606 2440 3676 πολλῷ
2475 3609 2602 3669 τοὺς
2653 3608 3072 3680 πλησιοχώρους
3126 3610 3430 3674 δεδοικότες
3512 3614 3873 3683 Ἰδουμαίους,

2257 3699 2318 3752 οὔ
2348 3701 2397 3752 τί
2427 3719 2530 3753 που
2549 3703 2676 3765 τοὺς
2711 3703 2929 3774 Πέρσας
2952 3720 2965 3734 ·
2997 3704 3128 3774 παρ’
3161 3705 3390 3756 ἐκείνων
3421 3707 3567 3775 γὰρ,
3602 3709 3684 3770 ὡς
3714 3707 3872 3770 εἷπον,

2260 3791 2404 3862 φημὶ
2435 3791 2522 3862 δὴ,
2560 3791 2670 3845 τῶν
2712 3793 2966 3863 Περσῶν,
3010 3794 3197 3847 ἄδειαν
3231 3795 3420 3848 πᾶσαν
3461 3796 3698 3851 ἔλαϐον.
3753 3800 3875 3852 T1;-

2259 3901 2364 3952 την
2398 3885 2576 3937 τοίνυν
2604 3884 2702 3956 τὴν
2739 3886 3035 3958 οἰκοδομὴν
3058 3886 3158 3957 τὴν
3181 3887 3318 3956 μετὰ
3347 3888 3448 3958 τὴν
3482 3891 3878 3960 αἰχμαλωσίαν

2261 3977 2426 4043 φασιν
2462 3978 2520 4028 ὲν
2556 3979 2974 4048 τεσσαράκοντα
3008 3980 3101 4032 καὶ
3157 3979 3217 4044 ἓξ
3277 3979 3428 4032 ἔτεσι
3473 3985 3777 4049 γενέσθαι,
3817 3987 3875 4042 ta,-

2261 4068 2616 4122 κωλυθέντων
2639 4071 2748 4123 τῶν
2769 4072 3064 4135 Ἰουδαίων,
3110 4073 3206 4124 καὶ
3240 4073 3328 4126 διὰ
3387 4073 3563 4127 τοῦτο
3610 4093 3873 4146 παρατει-

2259 4162 2466 4216 νάντων
2489 4163 2595 4215 ἀπὸ
2618 4162 2717 4233 τῆς
2740 4163 2925 4234 Κύρου
2951 4163 3236 4234 βασιλείας
3259 4165 3387 4235 ἄχρι
3424 4167 3652 4238 καὶτῆς
3696 4170 3851 4239 Ἀρτσ

2257 4253 2468 4324 ξέρξου.
2505 4255 2616 4308 Καὶ
2658 4257 2718 4309 οὐ
2776 4255 3118 4327 θαυμαστὸν,
3174 4257 3335 4326 εἰπερ
3387 4261 3437 4311 οἱ
3495 4259 3762 4315 Ἰουδαῖοι
3791 4266 3871 4315 ορι

2258 4346 2528 4413 ἔγνωσαν,
2572 4349 2710 4402 ὅπου
2763 4367 2826 4418 γε
2891 4351 3015 4404 οὐδὲ
3050 4351 3099 4403 οἱ
3142 4351 3410 4422 μαθηταί.
3472 4353 3595 4406 Καὶ
3643 4357 3764 4426 γὰρ
3793 4357 3870 4408 63-:

2260 4439 2458 4502 αὐτοὺς
2483 4440 2551 4493 τὰ
2586 4441 2822 4509 μέγιστα
2849 4442 3162 4504 ἐνεπόδιζον
3189 4459 3200 4471 °
3237 4443 3296 4494 ἓν
3331 4445 3431 4512 μὲν
3474 4446 3540 4497 τὸ
3594 4451 3735 4518 περὶ
3787 4453 3869 4516 τῆς

2261 4529 2620 4594 ἀναστάσεως
2653 4532 3118 4604 δυσκατάληπτον
3175 4533 3255 4601 θλ,
3296 4535 3499 4604 μᾶλλον
3548 4537 3609 4591 δὲ
3676 4545 3868 4594 tam.

2262 4638 2431 4674 πασιν
2459 4622 2737 4690 ἄγνωστον
2795 4627 3018 4688 αὐτοῖς·
3063 4627 3253 4698 ἕτερον
3285 4627 3362 4692 δὲ,
3424 4633 3506 4682 ὅτι
3542 4631 3689 4695 Θεὸς
3729 4638 3864 4687 ἐστιν

2259 4717 2288 4769 ὁ
2330 4717 2559 4770 ἑνοικῶν
2604 4719 2685 4789 τῷ
2730 4717 2946 4789 σώματι
3033 4723 3172 4790 μετᾶ
3207 4724 3392 4792 μέντοι
3431 4725 3534 4794 τὴν
3570 4728 3867 4780 ἀνάστασιν

2261 4809 2511 4878 ἔγνωσαν
2556 4814 2604 4863 οἱ
2665 4812 2932 4883 μαθηταὶ,
2985 4815 3080 4866 καὶ
3131 4817 3467 4869 ἐπίστευσαν
3526 4821 3599 4890 τῇ
3653 4820 3859 4891 Γραφῇ·

2263 4902 2392 4972 ποίᾳ
2429 4903 2654 4973 Γραφῇ;
2697 4904 2805 4957 Καὶ
2847 4905 2993 4977 πάσῃ
3034 4906 3135 4976 μὲν
3173 4911 3240 4978 τῇ
3291 4910 3420 4977 περὶ
3480 4911 3583 4980 τῆς
3634 4914 3863 4965 ἀγαστά,

2264 5011 2401 5056 σεως
2442 4993 2888 5068 διαλαμϐανούσῃ
2927 5016 2938 5026 ·
3005 4999 3386 5070 προδηλότατα
3429 5002 3487 5054 δὲ
3541 5007 3635 5074 τῇ,
3692 5025 3711 5056 ι
3764 5008 3861 5059 Ul-x

2264 5085 2682 5155 ἐγκαταλείψεις
2721 5088 2819 5158 τὴν
2849 5090 3028 5160 ψυχήν
3069 5109 3172 5159 μου
3219 5096 3298 5156 είς
3326 5094 3497 5164 ᾇῖην·
3551 5117 3570 5147 ι
3638 5105 3738 5152 καὶ
3789 5105 3858 5166 τῆ.

2270 5195 2287 5226 ι
2320 5175 2524 5247 Κύριος
2550 5175 2802 5245 βούλεται
2833 5178 3127 5248 καθαρίσαι
3158 5181 3323 5234 αὑτὸν
3355 5184 3463 5234 ἀπὸ
3495 5184 3601 5250 τῆς
3635 5187 3858 5254 πληγῆς.

2264 5269 2358 5320 καὶ
2411 5268 2584 5335 δεῖξαι
2622 5271 2772 5341 αὐτῷ
2809 5271 2944 5340 φῶς.
2987 5291 3004 5321 ι
3061 5272 3490 5341 Ἑμφανέστατα
3531 5281 3643 5346 γὰρ
3709 5274 3856 5330 εἶτα.

2262 5364 2317 5414 αἱ
2351 5362 2570 5432 Γραιραὶ
2619 5366 2745 5437 περὶ
2794 5366 2893 5435 τῆς
2952 5366 3314 5429 ἀναστάσεως
3368 5369 3854 5439 διαλαμὸἀνουςν.ι.

2278 5457 2652 5528 Ἀπολινάριος
2677 5457 2732 5510 δὲ
2764 5459 3015 5512 ἐντεῦθεν
3043 5464 3305 5530 πειρᾶται
3340 5469 3683 5533 συνηγορίαν
3719 5468 3858 5534 εὑρέ·

2263 5549 2389 5602 σθαι
2425 5551 2524 5621 τῆς
2577 5552 2786 5615 οἰκείας
2823 5555 3117 5625 αἱρέσεως.
3157 5554 3347 5610 Θέλσον
3399 5559 3509 5630 γὰρ
3579 5561 3855 5630 συστήσει,

2052 5686 2097 5716 ⁷⁹
2126 5685 2285 5743 Joan.
2321 5706 2421 5756 xu,
2467 5691 2558 5746 97.

1526 5803 1617 5863 Ex
1646 5801 1990 5866 collatione
2025 5803 2215 5866 codd.
2251 5807 2481 5872 Venet.
2517 5813 2581 5875 S.
2617 5813 2840 5876 Marci.

638 5921 748 5996 (l8)
780 5923 914 5980 Cod.
948 5925 1035 5980 51.
1066 5924 1219 5995 μόλις
1259 5922 1628 5996 ἠδυνήθησαν.
