3936 6398
596 250 740 319 1203

1457 266 2041 333 THEOPHYLACTI
2076 272 2487 339 BULGARIE
2529 277 2889 342 ARCHIEP.

3749 282 3863 353 mn

660 370 901 479 Vatis-5.
923 374 1225 448 Respondit
1242 379 1422 450 Jesus,
1450 387 1655 443 etdixit
1680 391 1729 446 ei
1756 408 1771 443 :
1796 391 1989 457 Amen,
2020 407 2135 447 anne

2243 411 2259 452 ι
2361 414 2380 447 ι
2433 398 2793 479 ’ᾼπεκρίθηό
2832 398 3066 471 Ἰησοῦς,
3118 400 3210 455 καὶ
3244 394 3409 458 εἶπεν
3453 402 3656 476 αὐτῷ·
3708 405 3863 479 ἰμὴ-γ,

585 464 708 520 dico
746 466 866 531 tibi,
911 470 1015 526 nisi
1050 472 1176 542 quis
1208 484 1373 533 natus
1423 477 1587 535 fuerit
1618 495 1874 551 superne,
1910 498 2020 537 non
2074 500 2173 555 pn-

2282 488 2429 559 ἁμὴν
2461 478 2604 558 λέγω
2648 509 2753 557 σοι,
2785 491 2881 546 ἐὰν
2916 493 2991 563 μή
3017 511 3102 558 τις
3126 497 3375 569 γεννηθῇ
3408 497 3673 567 ἄνωθεν,
3701 501 3759 554 οὺ
3798 502 3864 557 δύα

584 566 688 612 test
718 558 905 617 videre
951 579 1176 637 regnum
1230 567 1349 626 Dei.
1394 591 1413 623 ι
1454 571 1721 629 Videntur
1772 577 1937 632 verba
1988 594 2109 649 quae

2278 558 2436 637 ναται
2474 584 2602 638 ἰδεῖν
2657 586 2760 657 τὴν
2820 558 3109 657 βασιλείαν
3166 588 3264 643 τοῦ
3286 558 3479 645 Θεοῦ.
3543 610 3565 644 ι
3614 558 3774 647 Δοκεῖ
3814 598 3861 650 τι

581 651 869 712 Salvatore
895 657 1062 726 dicta,
1106 662 1243 718 nihil
1295 664 1537 723 alludere
1564 670 1631 723 ad
1658 685 1743 734 ea,
1780 687 1902 741 qnte
1933 686 1961 725 a
2017 671 2135 727 Nicr

2277 676 2431 745 παρὰ
2484 674 2579 729 τοῦ
2926 678 3063 750 προς
3096 679 3189 733 τὸν
3223 680 3563 752 Νικόδημον
3622 683 3855 755 ρηθέντα,

578 746 739 803 demo
773 750 916 806 dicta
949 769 964 807 :
996 764 1047 808 at
1076 756 1122 812 si
1151 758 1276 825 quis
1323 769 1468 816 recte
1512 764 1832 831 attenderit,
1868 767 2023 822 valde
2044 783 2173 822 con-

580 852 780 907 gruere
820 843 1083 901 inveniet.
1126 848 1579 919 Quandoquidem
1632 853 1965 913 Nicodcmus
1994 861 2170 914 humi-

480 1004 483 1009 ,
574 928 681 985 lem
714 933 781 989 de
819 933 1037 993 Christo
1094 940 1329 997 habebat
1372 945 1710 1010 opinionem,
1777 964 1972 1016 nempe
2023 950 2167 1019 quod

576 1023 843 1092 magister
876 1038 1045 1094 esset,
1105 1045 1169 1095 ac
1206 1031 1349 1087 Dens
1383 1047 1530 1089 esset
1577 1052 1700 1091 cum
1756 1039 1870 1102 illo,
1931 1039 2070 1096 dicit
2117 1043 2166 1098 ei

573 1111 875 1173 Dominus:
908 1119 1103 1177 Merito
1135 1123 1209 1178 ita
1242 1125 1311 1179 de
1359 1142 1447 1183 me
1478 1130 1681 1197 sentis;
1743 1131 1980 1186 nondum
2017 1136 2164 1190 enim

569 1216 730 1263 natus
757 1224 817 1265 es
834 1226 1091 1283 superne,
1129 1216 1230 1271 hoc
1271 1228 1375 1283 cst,
1414 1234 1441 1272 a
1484 1221 1591 1275 Deo
1636 1220 1905 1289 spiritnaii
1963 1224 2166 1279 nativi-

572 1309 703 1366 tatc,
726 1305 835 1358 .sed
868 1306 1106 1362 carnalis
1133 1324 1226 1363 es:
1258 1308 1564 1381 ctcOgnitio
1581 1329 1747 1383 quam
1779 1316 1950 1372 deme
1970 1318 2160 1383 habes,

566 1407 673 1447 non
708 1408 790 1450 est
817 1397 1145 1467 spirittmlis,
1196 1404 1290 1455 sed
1326 1406 1599 1471 animalis,
1651 1415 1707 1460 et
1751 1407 2013 1462 humana.
2052 1410 2163 1478 Ego

564 1495 747 1539 autem
778 1487 901 1541 dico
935 1490 1058 1555 tibi,
1116 1494 1261 1559 quod
1316 1494 1419 1548 nisi
1477 1504 1556 1562 tu,
1610 1506 1665 1551 ct
1710 1498 1962 1567 quisquis
2022 1499 2160 1553 alius

561 1575 749 1644 fuerit,
786 1595 1026 1650 superne
1060 1593 1115 1657 ct
1147 1602 1213 1641 cx
1252 1586 1361 1642 Deo
1389 1588 1498 1642 nati
1545 1588 1781 1645 fueritis.
1827 1602 1883 1646 et
1918 1591 2062 1660 piam
2104 1601 2159 1646 et

561 1670 782 1741 dignam
821 1675 888 1728 de
912 1691 997 1730 me
1026 1676 1341 1747 Opinionem
1374 1681 1695 1750 habueritis,
1735 1694 1887 1739 extra
1924 1700 2153 1755 regnum

2273 767 2531 837 οὖδεμιαν
2560 772 2840 824 κοινωνίαν
2862 771 3007 843 ἔχειν
3048 770 3187 843 πρὸς
3231 771 3267 827 ἃ
3302 771 3547 844 εἴρηκεν
3580 776 3611 829 6
3658 773 3863 848 Νικόδη-

2277 878 2375 931 μος
2406 876 2418 890 ·
2447 861 2526 933 τῷ
2548 862 2604 916 δὲ
2634 863 2964 935 προσέχοντι
3014 865 3111 918 καὶ
3145 865 3319 936 πολλὴ
3363 868 3648 921 κοινωνία
3704 868 3857 937 ipa:-

2272 953 2517 1021 νήσεται.
2563 953 2716 1007 Ἐπεὶ
2746 956 2855 1025 γὰρ
2878 958 2906 1010 6
2927 956 3242 1028 Νικόδημος
3274 956 3571 1029 ὑπόληψιν
3616 953 3741 1031 εἶχε
3760 963 3864 1031 περὶ

2275 1051 2519 1123 Χριστοῦ
2570 1055 2859 1123 ταπεινὴν,
2915 1055 2999 1109 ὃτι
3041 1055 3370 1120 διδάσκαλός
3406 1058 3561 1124 ἔστι,
3599 1058 3703 1111 καὶ
3737 1060 3807 1112 ὃτι
3844 1059 3864 1111 ί

2268 1142 2403 1207 Θεός
2429 1146 2546 1200 ἔστι
2586 1147 2706 1217 μετ’
2739 1147 2928 1213 αὐτοῦ,
2969 1149 3108 1219 φησὶ
3159 1149 3298 1220 πρὸς
3343 1148 3524 1203 αὐτὸν
3577 1152 3610 1204 6
3662 1149 3863 1219 Κύριος,

2264 1235 2349 1289 ὃτι
2367 1236 2608 1304 Εἰκότως
2622 1238 2769 1311 ἔχεις
2789 1238 3047 1313 τοιαύτην
3073 1240 3348 1312 ὑπόληψιν
3366 1258 3439 1294 πε
3448 1242 3508 1311 pi.
3528 1240 3702 1313 ὶμοῦ.
3724 1242 3865 1298 Οὔπω

2265 1329 2374 1400 γὰρ
2403 1332 2701 1403 ἐγεννήθης
2743 1333 2978 1394 ἄνωθεν.
3003 1335 3309 1398 τουτέστιν,
3347 1336 3414 1388 ὲκ
3450 1335 3603 1388 Θεοῦ
3638 1354 3865 1406 πνευμα-

2263 1421 2424 1493 τικὴν
2450 1423 2731 1495 γέννησιν,
2774 1425 2891 1479 ἀλλ’
2929 1426 3010 1481 ἔτι
3052 1428 3320 1499 σαρκικδς
3347 1424 3422 1495 εἴ,
3457 1430 3560 1482 καὶ
3594 1431 3629 1498 ἡ
3658 1430 3865 1497 γνῶσις.

2262 1512 2329 1583 ἢν
2346 1513 2493 1584 ἔχεις
2512 1532 2577 1569 πε
2586 1515 2644 1587 pi
2662 1517 2820 1587 ἐμοῦ.
2846 1520 2946 1573 οὐκ
2966 1519 3084 1574 ἔστι
3106 1538 3239 1574 πνευ
3250 1539 3361 1591 ματ
3389 1521 3488 1592 κὴ,
3517 1521 3665 1575 ἀλλὰ
3681 1522 3864 1595 ψυχικὴ

2262 1604 2359 1657 καὶ
2393 1605 2742 1680 ἀνθρωπική.
2788 1609 2934 1677 Ἐγὼ
2955 1610 3012 1663 δὲ
3048 1610 3194 1679 λέγω
3232 1629 3340 1680 σοι,
3371 1614 3459 1667 ὄτι
3506 1616 3615 1667 καὶ
3660 1614 3749 1677 σὺ,
3783 1615 3863 1667 καὶ

2262 1697 2421 1762 ἄλλος
2451 1699 2728 1767 ὁστισοῦν,
2766 1700 2864 1756 ἐὰν
2916 1701 2993 1774 μὴ
3017 1702 3228 1758 ἄνωθεν
3274 1706 3371 1759 καὶ
3404 1707 3473 1759 ὲκ
3509 1706 3661 1761 Θεοῦ
3684 1724 3864 1775 γεννη-

557 1765 823 1820 cmlorum
853 1769 1025 1826 estis.‘
1050 1768 1327 1836 Nativitas
1378 1776 1522 1829 enim
1556 1790 1655 1846 per
1700 1778 2053 1847 baptismum,
2092 1779 2126 1833 il

2261 1789 2467 1857 θέντες,
2504 1792 2605 1863 τὴν
2630 1765 2793 1856 ἀξίαν
2821 1765 2992 1861 δόξαν.
3017 1797 3149 1868 περὶ
3170 1798 3308 1868 ἐμοῦ
3341 1799 3601 1862 λάϐοιτε..
3637 1765 3749 1864 εξζυ
3772 1765 3859 1867 τῆις

556 1856 971 1916 luminationem
1021 1863 1269 1932 praebens
1318 1867 1538 1932 animae,
1588 1883 1814 1939 regnum
1872 1869 1987 1937 Dei,
2054 1872 2156 1927 hoc

556 1959 663 2012 est,
708 1952 1052 2024 unigenitum
1091 1956 1244 2038 illius
1272 1958 1493 2027 Filium,
1520 1962 1729 2029 videre,
1760 1964 1867 2020 hoc
1905 1975 2011 2026 est.
2073 1966 2157 2021 in-

553 2042 800 2115 telligere
825 2046 939 2100 dat.
971 2046 1109 2103 Nam
1133 2049 1277 2106 sicut
1310 2049 1402 2107 Dei
1428 2053 1700 2123 sapientia
1738 2054 1912 2113 Filius
1939 2069 2045 2123 est,
2076 2060 2150 2114 ita

552 2148 603 2190 et
632 2151 863 2208 regnum
896 2154 1118 2211 quoque
1175 2143 1271 2201 Dei
1304 2146 1527 2202 dicitur.
1565 2147 1679 2204 lloc
1736 2166 1872 2208 sane
1922 2167 2149 2224 regnum

547 2242 714 2284 nemo
747 2229 915 2297 videt,
954 2232 1059 2289 hoc
1101 2244 1229 2304 est,»
1258 2236 1534 2310 intelligit,
1589 2255 1624 2296 o
1669 2241 1987 2306 Nicodemo.
2044 2246 2147 2301 nisi

546 2326 712 2375 natus
742 2318 908 2377 fuerit
943 2337 973 2378 a
1022 2323 1171 2380 Deo:
1205 2334 1372 2397 atque
1424 2328 1498 2383 ita
1541 2330 1708 2386 etiam
1745 2342 1822 2400 tu,
1885 2336 2144 2405 quoniam

546 2413 790 2470 nondum
818 2425 979 2473 natus
1008 2432 1068 2475 es
1091 2419 1477 2490 spiritualiter,
1510 2432 1803 2494 propterea
1853 2442 1959 2482 non
1991 2429 2147 2484 vides

546 2520 633 2560 me
665 2522 889 2579 regnum
928 2510 1047 2577 Dei,
1091 2514 1235 2569 sicut
1263 2524 1504 2585 oportet,
1558 2517 1657 2575 sed
1711 2519 1976 2578 humilem
2026 2524 2146 2595 opi-

547 2600 767 2657 nionem
796 2602 864 2660 de
908 2619 997 2661 me
1040 2605 1231 2663 habes.

610 2880 783 2942 Vens.
817 2885 873 2956 4,
905 2884 962 2945 5.
990 2908 1009 2942 ε
1038 2884 1178 2945 Dicit
1201 2888 1269 2945 ad
1303 2902 1426 2944 eum
1456 2887 1784 2946 Nicodcmus
1811 2908 1823 2945 :
1853 2888 2140 2959 Quomodo

538 2988 721 3050 potest
753 2981 918 3037 homo
946 2982 1125 3049 nasci,
1153 2996 1278 3037 cum
1326 2982 1397 3038 sit
1436 2982 1643 3039 senex?
1678 2982 1819 3039 Num
1854 2994 2037 3053 potest
2082 2984 2135 3039 in

2259 1884 2545 1955 βασιλείας
2573 1890 2720 1942 me.
2770 1888 2832 1942 'H
2862 1888 2973 1960 γὰρ
3009 1890 3101 1944 διὰ
3134 1889 3230 1944 τοῦ
3290 1890 3699 1962 βαπτίσματος
3755 1890 3864 1957 τίνι

2256 1996 2412 2049 νησις
2473 1980 2759 2053 φωτισμὸν
2793 1982 3101 2052 ἐμποιοῦσα
3137 1986 3204 2053 τῇ
3241 1982 3414 2054 ψυχῇ,
3459 1982 3569 2053 τὴν
3600 1982 3706 2037 τοῦ
3738 1980 3861 2035 Θεοῦ

2256 2072 2558 2144 βασιλείαν,
2592 2075 2713 2146 ἦτοι
2762 2075 2858 2129 τὸν
2918 2078 3189 2146 μονογενῆ
3243 2077 3376 2130 Υίὶιν
3402 2077 3587 2132 αὐτοῦ
3629 2076 3861 2147 βλέπειν,

2252 2167 2524 2228 τουτέστι,
2559 2168 2725 2230 νοεῖν,
2760 2167 3003 2223 δίδωσιν.
3044 2168 3259 2239 Ὠσπερ
3288 2170 3401 2241 γὰρ
3432 2169 3585 2223 Θεοῦ
3624 2171 3791 2239 σοφία
3838 2172 3859 2224 ὁ

2251 2256 2401 2320 νίὸς,
2436 2258 2582 2312 οὕτω
2610 2258 2676 2330 δὴ
2708 2260 2803 2313 καὶ
2831 2258 3085 2330 βασιλεία
3116 2260 3256 2314 Θεοῦ
3293 2262 3465 2324 αὐτὸς
3506 2261 3581 2316 ἂν
3636 2261 3861 2329 λέγοιτο.

2249 2347 2470 2419 Ταύτην
2502 2350 2559 2403 δὲ
2597 2350 2705 2423 τὴν¹
2731 2350 3015 2422 βασιλείαν
3048 2353 3149 2407 οὐκ
3181 2352 3251 2407 ἂν
3282 2353 3384 2407 ῐδοι
3417 2371 3535 2419 τις,
3598 2357 3860 2422 τουτέστι,

2247 2442 2455 2512 νοήσοι,
2484 2434 2530 2495 ὦ
2557 2442 2868 2514 Νικόδημε,
2904 2446 2954 2498 εἰ
2989 2445 3066 2516 μὴ
3117 2444 3361 2517 γεννηθῇ
3418 2447 3491 2500 ὲκ
3546 2446 3658 2500 τοῦ
3707 2447 3855 2504 Θεοῦ.

2248 2537 2416 2591 Ὥστε
2451 2538 2546 2591 καὶ⁵
2576 2537 2665 2603 σὺ,
2697 2539 2824 2592 ἐπεὶ
2894 2539 2996 2594 οὐκ
3036 2540 3338 2612 ἐγεννήθης
3386 2540 3556 2596 οὔπω
3611 2560 3857 2613 πνευμα-

2245 2626 2436 2692 τικῶς,
2468 2628 2557 2683 διὰ
2575 2629 2733 2683 τοῦτο
2764 2631 2825 2684 οὐ
2859 2631 3085 2702 βλέπεις
3121 2633 3245 2705 ἐμὲ,
3281 2632 3381 2703 τὴν
3418 2634 3726 2705 βασιλείαν
3772 2636 3853 2690 τοῦ

2244 2716 2406 2783 Θεοῦ,
2452 2717 2597 2773 καθὰ
2640 2721 2743 2787 δεῖ,
2798 2721 2938 2776 ἀλλὰ
2987 2722 3251 2795 ταπεινὴν
3304 2723 3469 2790 δόξαν
3518 2726 3683 2798 ἔχεις
3740 2728 3855 2797 περὶ

2242 2810 2404 2883 ἐμοῦ.

2323 2928 2343 2961 ‹
2394 2908 2561 2979 Λέγει
2614 2909 2755 2983 πρὸς
2802 2910 2968 2966 αὐτὸν
3006 2913 3034 2965 6
3094 2910 3425 2985 Νικόδημος,
3463 2914 3606 2980 Πῶς
3637 2914 3853 2972 δύναται

2242 3002 2537 3076 ἅνθρωπος
2571 3005 2927 3076 γεννηθῆναι,
2985 3006 3168 3078 γέρων
3198 3005 3309 3072 ὥν;
3345 3008 3442 3079 Μὴ
3472 3008 3726 3064 δύναται
3779 3010 3849 3073 εἰς

539 3080 791 3130 ventrem
831 3076 1024 3130 matris
1078 3089 1194 3130 sum
1233 3075 1435 3130 iterum
1472 3073 1735 3144 introire,
1760 3090 1825 3133 ac
1875 3076 2135 3171 renasci?

541 3167 839 3203 Rnnnnnﬂil
881 3166 1029 3203 Ιοιτηα
1062 3183 1078 3198 ο
1121 3169 1287 3203 Aman
1348 3169 1509 3203 dnann
1545 3168 1668 3203 Αἷηη
1710 3170 1804 3203 εἶιιῖ
1864 3170 1971 3203 ιιἰηῖ
2009 3170 2133 3203 ηηῖο

2243 3073 2592 3173 τὴν-κοιλίαν
2633 3073 2736 3170 τῆς
2770 3073 2979 3172 μητρὸς
3032 3073 3204 3155 αὐτοῦ
3238 3073 3509 3173 δεύτερον
3559 3103 3851 3167 είσελθεῖν,

536 3167 844 3239 Respondit
870 3166 1031 3225 Jesus
1062 3183 1078 3220 :
1113 3169 1314 3235 Amen,
1348 3169 1509 3225 amen
1544 3168 1668 3226 dico
1710 3170 1829 3239 tibi,
1864 3170 1971 3227 nisi
2008 3154 2135 3240 qu°is

536 3275 761 3318 renatus
787 3261 950 3317 fuerit
972 3278 1038 3319 ex
1074 3277 1213 3334 aqua
1235 3272 1291 3317 et
1319 3248 1555 3333 Spiritu,
1590 3277 1698 3319 non
1722 3274 1906 3335 potest
1927 3265 2136 3321 intrare

532 3357 590 3412 in
626 3371 855 3426 regnum
912 3356 1031 3413 Dei.
1070 3375 1091 3410 ι
1132 3356 1379 3413 Audiens
1428 3356 1763 3414 Nicodcmus
1822 3358 2131 3413 doctrinam

530 3448 656 3519 plus
701 3464 868 3519 quam
901 3449 1227 3518 humanam,
1268 3452 1558 3519 stupescit,
1586 3460 1641 3506 ct
1689 3467 1888 3522 passus
1934 3453 2135 3507 imma-

530 3556 662 3596 num
686 3540 945 3609 quiddam
984 3543 1309 3611 interrogat,
1334 3541 1625 3610 Quomodo
1655 3544 1871 3614 potest?
1903 3545 1955 3600 ld
1983 3546 2129 3615 quod

530 3632 936 3689 incredulitatis
972 3641 1058 3689 est
1078 3632 1316 3705 signum.
1349 3632 1451 3691 Ubi
1484 3635 1632 3689 enim
1681 3634 1818 3689 ﬁdes
1877 3650 1986 3689 non
2021 3644 2127 3701 est,

456 3772 457 3789 η
529 3723 699 3798 540
734 3724 842 3779 illic
860 3726 1150 3795 quaeritur,
1170 3724 1464 3793 Quomodo
1495 3724 1632 3783 hoc?
1649 3735 1703 3782 et
1726 3767 1743 3793 ,
1777 3725 1961 3795 Quare
1985 3726 2134 3784 hoc?

526 3818 828 3889 Propterea
863 3819 1098 3875 ridicula
1123 3817 1405 3877 Nicodemi
1436 3820 1601 3876 verba
1627 3831 1919 3892 apparent.
1941 3818 2129 3893 Neque

527 3913 673 3969 enim
709 3913 975 3969 intellexit
1024 3914 1367 3985 spiritualem
1404 3915 1777 3978 nativitatem,
1819 3916 1915 3971 sed
1978 3931 2129 3970 men-

528 4008 732 4063 tionem
790 4008 1096 4077 rorporalis
1161 4008 1372 4063 ventris
1424 4009 1577 4064 facit.
1622 4007 1920 4080 Postquam
1975 4010 2122 4065 enim

526 4100 761 4163 audivit,
804 4118 825 4151 ι
857 4100 968 4155 Nisi
1004 4101 1131 4169 quis
1177 4100 1412 4168 ἄνωθεν,
1462 4118 1482 4153 ι
1536 4116 1568 4158 e
1617 4102 1897 4173 supernis,
1956 4100 2123 4156 fuerit

525 4202 714 4259 natus,
769 4193 1126 4249 existimatur
1174 4194 1388 4250 ἄνωθεν
1438 4195 1507 4251 ab
1566 4196 1748 4260 initio,
1804 4207 1863 4251 et
1914 4197 2122 4259 denuo,

524 4292 690 4354 atque
739 4286 850 4341 tale
884 4285 1165 4356 quippiam
1197 4285 1343 4343 dici:
1397 4286 1515 4343 Nisi
1552 4290 1679 4360 quis
1722 4290 1793 4345 ab
1865 4288 2027 4345 initio
2071 4297 2127 4343 et

521 4382 702 4435 denuo
737 4388 999 4435 nascatur
1029 4397 1044 4432 :
1074 4388 1131 4435 et
1160 4390 1447 4451 propterea
1494 4381 1628 4438 dicit
1662 4400 1677 4438 :
1703 4383 1993 4451 Quomodo
2022 4402 2123 4457 po-

2240 3194 2339 3249 καὶ
2369 3195 2742 3265 γεννηθῆναι;
2796 3196 3106 3267 Ἀπεκρίθη
3156 3193 3371 3267 Ἰησοῦς
3398 3211 3413 3227 ’
3463 3197 3687 3270 ⁹Δμὴν,
3719 3198 3853 3270 ἀμην

2254 3284 2403 3355 λέγω
2425 3302 2531 3351 σοι,
2571 3286 2668 3339 ἐὰν
2701 3287 2870 3358 μήτις
2910 3286 3148 3359 γεννηθῇ
3190 3286 3250 3351 ἐξ
3303 3286 3511 3353 ὕδατος
3551 3294 3658 3343 καὶ
3695 3289 3851 3348 Πνεῦ-

2240 3396 2436 3450 ματος,
2467 3379 2530 3433 οὐ
2549 3379 2778 3433 δύναται
2814 3379 2898 3443 είς
2926 3380 3025 3451 τὴν
3064 3378 3345 3450 βασιλείαν
3506 3380 3662 3448 Θεοῦ
3694 3384 3853 3447 εἰσιν

2236 3464 2373 3525 θεῖν.
2404 3489 2425 3523 ι
2463 3469 2713 3526 ’Δκούων
2749 3472 2778 3525 6
2812 3470 3129 3541 Νικόδημος
3165 3470 3339 3541 μείζω
3378 3469 3760 3545 ἀνθρωπίνης
3795 3473 3853 3527 δι»

2234 3561 2557 3629 δασκαλίας,
2584 3562 2971 3633 ἐκπλήττεται,
3002 3563 3100 3616 καὶ
3128 3562 3320 3617 παθὼν
3339 3562 3720 3635 ἀνθρώπινον
3749 3564 3846 3619 πά-

2235 3653 2351 3720 θος,
2380 3654 2594 3726 ὲρωτᾷ·
2634 3672 2653 3705 ι
2686 3652 2814 3716 Πῶς
2861 3650 3129 3721 δύναται;
3160 3672 3180 3705 ι
3221 3654 3360 3725 ὅπερ
3405 3656 3701 3721 ἀπιστίας
3749 3656 3851 3711 ἐστὶ

2235 3745 2489 3814 σημεῖον.
2519 3745 2697 3799 Ὅπου
2725 3745 2836 3815 γὰρ
2861 3745 3048 3810 πίστις
3071 3746 3174 3800 οὐκ
3219 3745 3391 3811 ἐστιν,
3441 3748 3573 3801 ἐκεῖ
3603 3750 3691 3815 τὸ,
3742 3749 3851 3814 Πῶς

2232 3837 2380 3903 τῦδες
2412 3838 2527 3903 καὶ,
2562 3838 2659 3892 Διά
2682 3837 2735 3891 τί
2766 3838 2922 3907 τόδε;
2950 3839 3043 3893 Διὸ
3072 3842 3166 3894 καὶ
3201 3840 3612 3908 καταγέλαστα
3654 3844 3731 3897 τὰ
3766 3841 3850 3897 τοῦ

2232 3930 2553 4003 Νικοδήμου
2617 3934 2843 4003 ῥήματα
2897 3933 3209 4002 φαίνονται.
3272 3933 3348 3988 Οὖ
3414 3932 3537 4007 γὰρ
3596 3936 3849 4005 ἑνενόητε

2231 4022 2492 4092 γέννησιν
2543 4024 2955 4096 πνευματικὴν,
3014 4024 3154 4080 ἀλλὰ
3213 4026 3459 4096 γαστρὸς
3517 4032 3849 4101 σωματικῆς

2231 4117 2532 4189 μέμνηται.
2570 4117 2725 4173 Ἱίἰπελ⁵
2748 4116 3093 4191 γὰρλῆκουσε
3122 4118 3204 4182 τὺ,
3238 4138 3257 4171 ι
3316 4119 3448 4172 Ἐὰν
3478 4121 3562 4191 μή
3600 4138 3693 4185 τις
3735 4138 3847 4189 γενο

2228 4208 2369 4280 νηθῇ
2396 4209 2628 4274 ἄνωθεν,
2667 4228 2687 4263 ι
2722 4210 2943 4281 ἐνόμισε
2966 4211 3028 4265 τὸ
3063 4210 3300 4266 ἄνωθεν
3348 4209 3502 4264 οὕτω
3554 4212 3841 4280 λέγεσθαι,

2228 4300 2354 4354 ἀντὶ
2379 4302 2500 4362 τοῦ,
2545 4301 2605 4369 ἐξ
2655 4304 2860 4373 ἀρχῆς,
2915 4303 2984 4356 ἐκ
3025 4302 3285 4375 δευτέρου
3317 4318 3332 4334 °
3380 4303 3535 4359 ὥστε
3598 4304 3749 4363 εἶναι
3790 4309 3843 4362 τὸ

2229 4393 2526 4465 λεγόμενον
2556 4396 2799 4449 τοιοῦτον
2821 4409 2838 4428 ⁸
2877 4395 3004 4449 Ἐὰν
3038 4396 3114 4469 μή
3151 4413 3237 4460 τις
3258 4399 3502 4470 γεννηθῇ
3561 4401 3626 4467 ἐξ
3675 4403 3843 4472 ἀρχῆς

520 4483 626 4529 test
661 4474 708 4528 is
737 4474 828 4544 qui
866 4489 1032 4530 senex
1064 4483 1171 4537 est,
1196 4476 1377 4530 denuo
1404 4476 1612 4534 intrare
1654 4480 1708 4532 in
1741 4487 1957 4534 uterum
1996 4495 2117 4536 mae

2243 4484 2323 4540 ιαὶ
2354 4487 2419 4539 ἐκ
2448 4486 2729 4560 δευτέρου.
2774 4486 2875 4542 Διὰ
2916 4486 3078 4543 τοῦτο
3107 4485 3203 4543 οὖν
3250 4506 3411 4560 φησι,
3442 4490 3580 4556 Πῶς
3616 4494 3840 4551 δύναται

523 4567 622 4620 tris
654 4566 809 4621 suae?
835 4565 968 4619 Nam
1006 4568 1114 4621 duo
1144 4567 1294 4622 illum
1319 4569 1597 4624 iaciebant
1626 4572 1970 4641 perplexum,
2014 4590 2114 4628 na-

522 4659 711 4713 tivitas
739 4658 951 4714 scilicet
980 4660 1307 4727 spiritualis,
1340 4671 1393 4717 et
1416 4676 1668 4732 regnum.
1722 4666 1915 4736 Neque
1964 4669 2111 4725 enim

517 4764 716 4805 nomen
750 4750 900 4819 regni
933 4750 1197 4806 caelorum
1231 4750 1478 4807 auditum
1505 4754 1943 4826 erataliquando
1974 4762 2115 4829 apud

516 4838 757 4896 Iudaeos.
788 4841 945 4895 Nunc
970 4841 1138 4911 igitur
1161 4843 1229 4898 de
1260 4843 1548 4901 nativitate
1567 4848 1804 4915 dubitat,
1829 4862 2113 4920 propterea

518 4944 574 4989 et
621 4936 876 4991 Christus
934 4938 983 4993 ei
1035 4936 1385 4995 manifestius
1439 4941 1748 5011 spiritualis
1809 4946 2115 5002 nativitatis

517 5028 738 5082 modum
769 5028 974 5084 revelat
1008 5048 1020 5084 :
1062 5048 1081 5081 ι
1130 5028 1249 5087 Nisi
1298 5033 1425 5097 quis
1463 5044 1748 5105 nascatur,
1799 5038 2009 5105 dicens,
2043 5055 2110 5095 ex

518 5136 661 5190 aqua
691 5132 745 5178 et
775 5122 1009 5193 Spiritn.
1044 5140 1064 5175 ι
1105 5121 1281 5179 Homo
1310 5140 1433 5181 cum
1465 5142 1529 5182 ex
1555 5128 1767 5184 duobus
1791 5139 2026 5194 constet,
2048 5148 2113 5189 ex

518 5230 753 5286 corpore
791 5227 845 5270 et
880 5220 1090 5285 anima,
1133 5219 1302 5275 habet
1329 5222 1639 5277 nativitatis
1669 5239 1891 5293 quoque
1933 5226 2114 5298 dupli-

518 5324 638 5365 cem
676 5312 921 5365 modum.
966 5314 1119 5383 Aqua
1158 5314 1307 5369 enim
1362 5317 1406 5370 si
1436 5316 1730 5373 visibiliter
1779 5322 2108 5393 accipiatur,

520 5403 584 5457 ad
621 5404 871 5471 corporis
892 5407 1128 5476 pertinet
1169 5407 1648 5477 purilicationem;
1688 5410 1933 5483 Spiritus
1984 5431 2111 5472 vero

520 5495 869 5552 invisibiliter
899 5512 1261 5567 concurrens,
1284 5502 1351 5557 ad
1375 5504 1667 5561 invisibilis
1715 5508 1913 5565 animae
1946 5526 2105 5581 rege-

521 5591 855 5646 nerationem
884 5591 1142 5662 pertinet.
1172 5595 1326 5661 Quod
1358 5597 1403 5652 si
1428 5612 1611 5669 rogas,
1635 5603 1910 5670 quomodo
1970 5620 2109 5676 aqua

520 5688 697 5749 potest
717 5684 1379 5760 generare?interrogabo
1401 5699 1456 5745 ct
1477 5705 1598 5764 ego,
1621 5698 1896 5765 quomodo
1919 5714 2107 5756 semen

519 5786 574 5830 et
609 5776 784 5847 ipsum
845 5790 1109 5847 aquosam
1136 5782 1430 5852 exsistens,
1477 5795 1657 5857 potest
1709 5789 1763 5846 in
1827 5792 2107 5852 hominem

2222 4580 2404 4652 γέρων
2424 4578 2500 4636 ὢν
2528 4580 2783 4653 δεύτερον
2807 4580 3078 4636 εἰσελθεῖν
3110 4582 3193 4646 είς
3221 4582 3321 4655 τὴν
3344 4584 3569 4640 κοιλίαν
3604 4588 3717 4658 τῆς
3744 4605 3836 4660 μη-

2219 4673 2348 4745 τρὸς
2368 4674 2570 4740 αὐτοῦ;
2603 4674 2711 4728 Δύο
2744 4676 2858 4746 γὰρ
2885 4670 3031 4747 ἦσαν
3070 4674 3139 4729 τὰ
3181 4675 3447 4732 ποιοῦντα
3479 4680 3662 4735 αὐτὸν
3712 4685 3835 4737 rim-

2226 4769 2361 4837 ρεῖν,
2400 4767 2434 4839 ἧ
2469 4785 2529 4820 τε
2564 4767 2821 4841 γέννησις
2866 4771 2898 4841 ἡ
2952 4770 3331 4844 πνευματικὴ,
3364 4773 3400 4844 ἦ
3433 4783 3493 4827 τε
3552 4775 3829 4846 βασιλεία.

2222 4859 2358 4913 Οὐδὲ
2393 4861 2503 4932 γὰρ
2532 4861 2707 4931 ὄνομα
2740 4861 3028 4933 βασιλείας
3085 4863 3337 4935 οὐρανῶν
3390 4866 3655 4937 ἠκούσθη
3711 4871 3833 4922 ποτε

2222 4953 2375 5024 παρὰ
2418 4953 2718 5018 Ἰουδαίοις.
2749 4955 2903 5020 Τέως
2940 4956 2986 5009 δ’
3026 4952 3123 5011 οὖν
3164 4958 3295 5030 περὶ
3352 4958 3455 5028 τῆς
3510 4964 3833 5032 γεννήσεως

2220 5046 2438 5118 ἀπορεῖ,
2485 5047 2568 5102 διὸ
2624 5049 2721 5103 καὶ
2754 5048 2783 5101 6
2845 5050 3088 5121 Χριστὸς
3126 5050 3469 5123 σαφέστερον
3535 5057 3694 5127 αὐτῷ
3749 5058 3831 5111 τὸν

2216 5138 2316 5209 τῆς
2352 5141 2668 5210 γεννήσεως
2710 5142 2813 5211 τῆς
2850 5146 3241 5214 πνευματικῆς
3271 5146 3482 5216 τρόπον
3539 5149 3826 5205 ἀποκαλύ-

2217 5250 2365 5297 πτει,
2400 5251 2420 5284 ι
2447 5233 2572 5287 Ἐὰν
2602 5236 2681 5306 μή
2722 5252 2810 5297 τις
2840 5237 3079 5309 γεννηθῇ
3118 5238 3181 5304 ἐξ
3211 5238 3431 5305 ὓδατος,
3488 5242 3699 5311 λέγων,
3741 5247 3827 5299 καὶ

2216 5328 2559 5397 Πνεύματος.
2594 5347 2612 5379 ι
2650 5328 2887 5395 Διπλοῦς
2914 5332 3026 5401 γὰρ
3051 5330 3128 5385 ὢν
3155 5332 3186 5385 6
3206 5332 3521 5405 ἄνθρωπος,
3557 5338 3625 5390 ἐκ
3645 5337 3823 5409 ψυχῆς

2216 5421 2311 5475 καὶ
2358 5421 2633 5491 σώματος,
2671 5422 2900 5478 διπλοῦν
2936 5423 3051 5501 ἔχει
3094 5427 3189 5480 καὶ
3223 5425 3317 5480 τὸν
3359 5428 3460 5498 τῆς
3505 5433 3821 5501 γεννήσεως

2217 5514 2439 5583 τρόπον.
2475 5513 2552 5567 Τὸ
2580 5515 2680 5585 μὲν
2706 5518 2818 5587 γὰρ
2841 5515 2990 5589 ὕδωρ
3026 5518 3242 5589 ὁρατῶς
3263 5519 3718 5593 λαμϐανόμενον,
3749 5527 3820 5586 εἰς

2215 5606 2314 5679 τὴν
2344 5607 2440 5662 τοῦ
2480 5609 2737 5682 σώματος
2773 5610 3048 5682 κάθαρσιν
3082 5615 3328 5669 νοεῖται·
3370 5614 3431 5668 τὸ
3480 5616 3536 5670 δὲ
3591 5617 3815 5687 Πνεῦμα

2217 5702 2472 5773 ἀοράτως
2513 5704 2829 5775 συντρέχον,
2888 5708 2969 5771 είς
3024 5706 3127 5778 τὴν
3166 5707 3268 5779 τῆς
3326 5710 3571 5781 ἀοράτου
3640 5712 3817 5782 ψυχῆς
3934 5734 3936 5743 ι

2213 5796 2599 5871 ἁναγὲννησιν.
2650 5800 2709 5853 Ei
2739 5798 2794 5853 δὲ
2827 5800 3041 5872 ἐρωτᾷς
3073 5818 3085 5835 ·
3138 5802 3261 5867 Πῶς
3303 5803 3365 5857 τὸ
3400 5802 3546 5875 ὕδωρ
3591 5805 3811 5860 δύναται
