3936 6406
118 334 140 395 1
153 335 268 400 205

812 331 1265 393 ENARRATIO
1310 330 1390 391 IN
1425 329 1935 392 EVANUELIUM
1986 324 2334 391 JOANNIS.
2363 323 2619 387 -ΟᾹΡ,
2664 321 2780 383 Ῑῐῐ.

3314 318 3451 386 1206

115 453 409 521 γεννῆσαι,
464 450 732 522 ἐρωτήσω
776 450 973 519 κάγώ’
1007 450 1134 513 Πῶς
1189 452 1251 503 τὸ
1304 449 1555 521 σπέρμα,
1607 450 1733 503 ὑδα-

1869 444 2267 504 ranslormari?
2296 447 2470 521 igitur
2499 444 2646 501 sicut
2703 444 2755 498 in
2782 439 3062 513 corporali
3111 440 3325 497 semine
3371 452 3453 496 to-

115 542 295 605 τῶδες
336 541 398 597 δν
436 543 531 595 καὶ
571 542 727 607 αὐτὸ,
765 541 996 596 δύναται
1030 543 1113 613 είς
1153 540 1446 614 ἄνθρωπον
1499 542 1732 597 διαπλα-

120 633 357 706 σθῆναις
393 634 610 707 Ὥσπερ
645 634 739 688 οὖν
768 635 861 688 ἐπὶ
888 634 985 688 τοῦ
1012 635 1345 706 σωματικοῦ·
1381 634 1726 706 σπέρματος,

120 730 190 781 τὸ
221 729 347 788 πᾶν,
380 728 483 798 τῆς
512 728 607 781 τοῦ
653 727 793 782 Θεοῦ
826 730 1055 801 χάριτός
1101 729 1255 783 ἔστιν
1288 746 1303 761 ο
1337 729 1484 783 οὕτω
1520 730 1617 784 καὶ
1641 731 1735 784 ἐπὶ

118 820 222 873 τοῦ
250 820 656 891 βαπτίσματος,
682 820 831 893 ὕδωρ
864 823 1176 876 ὑπόκειται.
1224 822 1384 877 Ἀλλὰ
1414 823 1476 877 τὺ
1508 822 1736 895 Πνεῦμα

119 913 197 965 τὰ
231 914 412 967 πάντα
443 914 682 984 ἐνεργεῖ,
720 916 816 968 καὶ
840 917 873 985 ἡ
935 915 1025 968 διὰ
1052 916 1163 970 τῶν
1196 916 1375 988 εὐχῶν
1419 916 1731 989 ἐπίκλησις,

120 1003 227 1055 τοῦ
257 1004 393 1057 Θεοῦ
430 1004 488 1058 δὲ
525 1005 731 1074 μᾶλλον
766 1006 1069 1076 παρουσία.
1097 1007 1291 1076 Ταφῆς
1316 1006 1429 1077 γὰρ
1456 1008 1552 1064 καὶ
1601 1008 1733 1060 ἀνα-

123 1100 378 1159 στάσεως
425 1096 674 1168 σύμϐολα
704 1100 800 1150 καὶ
830 1097 999 1151 εἰκὼν
1046 1099 1108 1151 ἐν
1142 1099 1223 1165 τῷ
1248 1098 1405 1152 ὕδατι
1432 1097 1612 1170 τούτῳ
1639 1115 1731 1151 τε-

100 1188 331 1244 ¹λεῖτιιι.
362 1190 426 1242 Δί
470 1190 621 1259 τρεῖς
667 1189 1019 1253 καταδύσεις,
1050 1190 1151 1259 τῆς
1196 1190 1506 1263 τριημὲρου
1551 1191 1734 1261 ταφῆς

1842 551 1953 596 tum
1984 550 2069 597 est
2095 540 2290 613 gratiae
2319 538 2540 605 divinae,
2581 537 2653 590 ita
2689 544 2744 590 et
2796 533 2853 588 in
2922 532 3255 603 baptismate
3312 547 3454 602 aqua

1840 634 2199 702 subdita‘cst,
2232 644 2283 689 et
2312 632 2555 705 Spiritus
2573 633 2758 686 omnia
2790 635 3072 697 operatur,
3095 637 3151 682 et
3183 625 3457 682 invocatio

1842 745 1939 801 per
1980 744 2193 800 preces,
2231 728 2344 783 imo
2383 725 2476 781 Dei
2526 721 2840 795 praesentia.
2886 720 3145 794 Symbola
3182 721 3329 775 enim
3368 734 3457 775 se-

1844 824 2080 891 pulturae
2111 832 2165 877 et
2202 818 2623 877 resurrectionis
2653 820 2705 873 in
2740 832 2879 884 aqua
2920 816 3011 871 illa
3067 810 3454 886 perficiuntur.

1845 915 1985 972 Tres
2010 916 2313 971 mersiones
2342 914 2612 969 triduana:
2638 912 2935 981 sepulturae
2975 909 3225 981 symbola
3286 919 3454 963 sunt:

1844 1007 2045 1063 deinde
2076 1009 2313 1077 emergit
2354 990 2541 1071 homo,
2599 1006 2745 1060 sicut
2772 1003 3064 1066 Dominus,
3119 1000 3379 1073 l’nlgidior
3404 1011 3457 1056 et

1846 1100 2070 1166 clarior,
2131 1098 2568 1169 incorruptionis
2625 1096 2811 1153 ferens
2861 1095 3208 1161 indumenta,
3248 1095 3340 1165 qui
3404 1095 3458 1147 in

1845 1206 1985 1262 aqua
2023 1190 2430 1260 corruptionem
2463 1187 2807 1245 summersit.

124 1285 380 1351 σύμϐολα
409 1301 423 1314 ·
448 1279 571 1338 εἶτα
596 1284 852 1339 ἀναδύνει
884 1287 913 1339 6
942 1286 1235 1356 ἄνθρωπος
1265 1287 1463 1357 ὥσπερ
1486 1288 1515 1341 6
1587 1288 1821 1359 Κύριος,
1857 1287 2254 1360 λαμπρότερον
2302 1287 2401 1341 καὶ
2446 1284 2810 1357 φαιδρότερον
2882 1284 2947 1337 τὸ
2990 1286 3091 1356 τῆς
3144 1281 3463 1356 ἀφθαρσίας

125 1378 344 1449 ἔνδυμα
378 1379 584 1451 φορῶν,
616 1380 712 1432 καὶ
759 1380 860 1449 τὴν
906 1380 1119 1450 φθορὰν
1163 1380 1612 1449 ἐγκατασυθίσας
1664 1383 1744 1454 τῷ
1774 1382 1951 1437 ὕδατι.

211 1489 230 1521 ε
260 1471 333 1525 Τὸ
361 1473 767 1543 γεγεννημένον
790 1476 854 1526 ὲκ
876 1476 977 1545 τῆς
1015 1476 1244 1545 σαρκὸς,
1278 1476 1419 1548 σάρξ
1446 1478 1566 1530 εστι
1602 1494 1616 1507 ·
1643 1478 1741 1531 καὶ

123 1566 195 1616 τὸ
226 1566 629 1635 γεγεννημένον
680 1568 746 1619 ἐκ
795 1566 893 1619 τοῦ
915 1568 1264 1638 Πνεῦματος.
1312 1570 1539 1639 πνεῦμά
1590 1572 1732 1625 ἐστι.

1926 1477 2094 1533 Vens.
2125 1478 2246 1533 6-8.
2286 1496 2304 1531 ι
2333 1476 2488 1544 Quod
2533 1485 2722 1532 uatum
2754 1484 2840 1532 est
2870 1475 2923 1530 in
2952 1488 3140 1537 carne,
3175 1489 3307 1529 caro
3329 1481 3414 1529 est
3444 1490 3461 1529 :

1852 1583 1905 1628 et
1942 1575 2301 1643 quod'uatum
2336 1583 2413 1625 est
2441 1587 2507 1626 ex
2536 1571 2771 1640 Spiritu,
2802 1569 3030 1641 spiritus
3054 1578 3158 1625 est.
3177 1564 3257 1622 Ne
3286 1568 3464 1622 admi-

125 1659 227 1729 Μὴ
255 1658 569 1730 θαυμάσῃς,
614 1660 699 1713 ὅτι
754 1655 910 1713 εἶπόν
960 1678 1065 1727 σοι,
1108 1663 1192 1717 ὄτι
1223 1664 1306 1717 δεῖ
1357 1665 1503 1736 ὑμᾶς
1544 1682 1742 1737 γεννη-

1863 1668 1993 1721 reris
2051 1667 2197 1738 quod
2239 1666 2379 1729 dixi,
2439 1664 2670 1731 Oportet
2724 1677 2823 1717 vos
2889 1660 3039 1716 nasci
3092 1676 3125 1716 e
3185 1659 3461 1729 superuis.

128 1750 300 1821 θῆναι
328 1751 558 1806 ἄνωθεν.
596 1753 670 1807 T6
699 1754 921 1825 πνεῦμα
952 1754 1089 1810 ὅπου
1121 1756 1291 1816 θέλει.
1330 1761 1478 1821 πνεῖ,
1518 1759 1615 1813 καὶ
1640 1759 1742 1831 τὴν

129 1846 326 1915 φωνὴν
354 1845 521 1899 αὑτοῦ
556 1846 804 1913 ἀκούεις,
834 1848 953 1901 ἀλλ’
982 1850 1084 1902 οὐκ
1109 1845 1260 1913 οἶδας
1292 1851 1463 1905 πόθεν
1492 1850 1738 1923 ἔρχεται,

131 1934 236 1988 καὶ
278 1934 380 1989 ποῦ
408 1936 639 2005 ὑπάγει.
672 1936 861 2000 Οῦτως
896 1939 1013 1991 ἐστὶ
1046 1940 1154 2001 πᾶς
1184 1941 1212 1993 6
1245 1941 1647 2011 γεγεννημένος
1678 1943 1744 1994 ὲκ

131 2028 233 2083 τοῦ
272 2028 611 2100 Πνεῦματος.
649 2049 667 2083 ι
729 2031 987 2099 ’Δπάγων
1013 2032 1106 2085 τὸν
1132 2033 1451 2104 Νικόδημον
1482 2035 1510 2087 6
1540 2034 1744 2104 Κύριος

132 2122 250 2176 ἀπὸ
288 2122 387 2192 τῆς
430 2124 704 2194 σαρκικῆς
733 2125 1067 2193 γεννήσεως,
1104 2126 1239 2196 φησί
1272 2142 1285 2157 ο
1323 2144 1340 2175 ι
1381 2127 1455 2179 T6
1482 2144 1747 2196 γεγεννη-

138 2216 305 2287 μένον
335 2216 399 2269 ὲκ
421 2214 518 2287 τῆς
543 2216 768 2288 σαρκὸς,
802 2217 943 2287 σάρξ
968 2220 1087 2271 ὲστι
1116 2233 1129 2247 ⁸
1160 2219 1221 2272 τὸ
1248 2219 1306 2273 δὲ
1339 2220 1746 2292 γεγεννημένον

134 2312 205 2363 ἐκ
230 2310 322 2363 τοῦ
348 2309 687 2381 Πλεῦματος,
715 2310 935 2382 πνεῦμα
962 2333 981 2366 ι
1022 2330 1035 2342 ’
1057 2312 1330 2376 τουτέστι,
1369 2315 1749 2386 πνευματικός

135 2402 290 2454 ἐστιν
324 2402 352 2454 6
398 2400 687 2473 ἄνθρωπος
735 2404 763 2456 6
812 2407 1218 2476 γεγεννημένος
1267 2405 1358 2461 διὰ
1406 2407 1502 2460 τοῦ
1544 2406 1744 2477 βαπτίο

139 2508 390 2563 σματος’
440 2495 500 2547 τὸ
552 2495 662 2567 γὰρ
715 2495 962 2568 πνεῦμα,
1000 2499 1123 2552 ἀντὶ
1176 2498 1295 2564 τοῦ,
1347 2500 1748 2571 πνευματικὸς,

140 2593 386 2661 ὀφείλεις
412 2593 627 2665 νοῆσαι.
659 2596 734 2649 Οὐ
759 2596 871 2667 γὰρ
907 2595 974 2667 δὴ
1004 2596 1235 2668 Πνεῦμα
1264 2597 1413 2651 θεῖον
1459 2598 1675 2667 γίνεται
1721 2598 1751 2651 6

150 2684 499 2756 βαπτισθεὶς,
548 2688 689 2743 ἀλλὰ
744 2690 845 2760 τὴν
898 2690 957 2742 ἐν
998 2690 1283 2766 [ivstitiam
1326 2690 1608 2746 υἱοθεσίαν
1657 2692 1752 2746 καὶ

141 2777 307 2849 χάριν
330 2778 423 2833 καὶ
447 2781 615 2850 τιμὴν
644 2781 849 2848 λαϐὼν,
880 2782 976 2837 τοῦ
1014 2785 1391 2855 πνευματικὸς
1436 2780 1583 2840 εἶναι
1618 2803 1753 2840 κατ-

141 2870 417 2938 αξιυῦται.
464 2872 641 2944 Ὁρῶν
682 2875 739 2928 δι
782 2876 877 2931 τδν
897 2872 1217 2948 Νικόδημον
1242 2878 1753 2952 ἔτιθορυΰούμενον

141 2964 284 3034 φησί
315 2980 328 2996 ’
374 2984 393 3018 ε
434 2966 527 3037 Μὴ
564 2968 876 3043 θαυμάσῃς.
927 2988 945 3022 ι
980 2966 1117 3025 Εἶτα
1146 2972 1255 3026 ἀπὸ
1275 2972 1542 3043 αἰσθητοῦ
1568 2992 1751 3047 παρα-

1852 1759 2091 1828 Spiritus
2124 1758 2215 1813 ubi
2256 1758 2367 1811 vult
2399 1758 2596 1826 spirat,
2627 1763 2683 1810 et
2736 1768 2926 1810 vocem
2968 1752 3089 1821 eius
3136 1752 3316 1816 audis,
3371 1751 3466 1807 sed

1852 1852 2034 1908 nescis
2069 1852 2213 1905 unde
2242 1852 2448 1914 veniat,
2485 1858 2540 1904 et
2579 1862 2691 1917 quo
2719 1848 2906 1903 vadat.
2933 1844 3026 1901 Sic
3060 1853 3147 1901 est
3171 1843 3355 1899 omnis
3373 1844 3466 1912 qui

1852 1957 2013 2003 natus
2043 1955 2216 2001 estex
2252 1944 2486 2014 Spiritu.
2531 1961 2547 1994 ι
2587 1942 2890 1998 Abduceus
2923 1940 3190 1996 Dominus
3230 1935 3472 1993 Nicode-

1853 2055 2002 2094 nmm
2039 2039 2297 2094 acarnali
2328 2036 2643 2103 nativitate,
2676 2035 2851 2090 dicit:
2892 2052 2911 2087 ι
2956 2032 3117 2101 Quod
3150 2042 3339 2088 natum
3382 2036 3470 2086 est

1851 2147 1919 2187 ex
1954 2146 2143 2196 carne,
2170 2146 2301 2185 caro
2332 2138 2447 2195 est;
2497 2137 2553 2183 et
2588 2128 2735 2199 quod
2781 2136 2969 2183 natum
3011 2136 3098 2184 est
3126 2142 3192 2182 es
3232 2124 3466 2195 Spiritu,

1852 2227 2079 2297 spiritus
2103 2238 2207 2281 est.
2241 2244 2259 2277 ι
2302 2222 2418 2278 lioc
2438 2233 2545 2291 est,
2578 2221 2880 2292 spiritualis
2910 2230 2996 2277 est
3026 2220 3216 2286 homo,
3243 2221 3337 2291 qui
3374 2234 3471 2274 na-

1854 2331 1942 2379 tus
1973 2331 2055 2377 est
2084 2336 2182 2390 per
2217 2319 2573 2391 baptismum.
2610 2317 2716 2374 Per
2769 2317 3028 2389 spiritum
3076 2316 3248 2383 enim,
3293 2313 3471 2387 spiri-

1858 2415 2059 2469 lualcm
2087 2413 2397 2484 intelligere
2415 2414 2604 2469 debes.
2640 2409 2827 2482 Neque
2870 2412 3021 2467 enim
3051 2407 3298 2479 Spiritus
3334 2407 3475 2465 divi-

1856 2525 1961 2565 nus
2004 2509 2063 2563 lit
2107 2506 2446 2579 baptizatus,
2477 2507 2575 2563 sed
2633 2522 2758 2561 cum
2808 2504 3161 2574 adoptionem
3234 2502 3471 2559 tiliorum

1858 2603 1911 2657 in
1952 2600 2191 2667 Spiritu,
2225 2611 2277 2655 et
2308 2602 2545 2672 gratiam
2573 2610 2629 2655 et
2662 2601 2935 2655 honorem
2969 2598 3306 2668 susceperit,
3359 2598 3473 2667 spi-

1858 2697 2075 2753 ritualis
2122 2711 2246 2753 esse
2297 2705 2564 2752 meretur.
2621 2692 2824 2749 Vidsns
2862 2703 3051 2750 autem
3110 2690 3471 2749 Nicodemum

1858 2793 2037 2848 adlmc
2077 2789 2412 2862 perturbari,
2456 2790 2631 2844 dicit:
2697 2807 2715 2840 ι
2766 2788 2846 2843 Ne
2908 2787 3147 2843 mireris.
3197 2805 3216 2839 ι
3264 2785 3474 2840 Deinde

1859 2884 2102 2943 sensibili
2122 2883 2371 2954 exetnplo
2389 2882 2589 2939 docere
2608 2898 2732 2939 eum
2756 2890 2959 2938 tentat:
2995 2899 3015 2934 ι
3043 2877 3283 2949 Spiritus
3301 2878 3475 2941 enim,

1862 2980 2064 3053 inquit,
2090 2980 2182 3037 ubi
2235 2979 2375 3047 vult,
2416 2979 2610 3049 spirat.
2652 2996 2671 3031 ι
2720 2978 2766 3032 Α
2814 2984 3001 3041 vento,
3058 2972 3260 3044 inquit,
3320 2973 3476 3028 disce

142 3058 442 3129 δείγματος
485 3064 751 3132 πειρᾶται
794 3063 1074 3119 διδάσκειν
1119 3066 1309 3121 αὐτόν.
1366 3086 1383 3118 ι
1420 3068 1494 3121 Τὸ
1528 3067 1751 3141 πνεῦμα

1863 3074 2095 3144 majora.
2150 3073 2355 3128 Ventus
2391 3073 2565 3136 enim,
2625 3086 2789 3141 quem
2851 3071 2954 3125 hoc
3028 3070 3153 3126 loco
3217 3069 3476 3140 spiritum

142 3150 281 3221 γὰρ,
304 3153 494 3239 φησὶν.
524 3154 662 3208 ὅπου
697 3155 867 3221 θέλει,
901 3160 1051 3214 πνεῖ.
1092 3179 1110 3211 ι
1160 3159 1295 3213 Ἀπὸ
1331 3161 1562 3231 ἀνέμου,
1595 3165 1753 3233 φησὶ,

147 3246 392 3316 μάνθανε
442 3248 511 3303 τὰ
572 3252 817 3321 μείζονα.
862 3253 920 3308 'O
977 3256 1089 3326 γὰρ
1142 3257 1347 3327 ἄνεμος
1385 3257 1601 3329 (τοῦτον
1637 3258 1747 3328 γὰρ

145 3343 388 3399 ἐνταῦθά
417 3362 553 3414 φησι
585 3347 829 3419 πνεῦμα)
886 3350 1023 3403 ὅπου
1075 3350 1244 3414 θέλει,
1308 3355 1478 3405 πνεῖο
1520 3353 1614 3406 καὶ
1662 3354 1758 3408 τὸν

141 3432 283 3506 ἦχον
313 3436 477 3489 αὐτοῦ
503 3437 747 3505 ἀκούεις,
780 3441 897 3495 ἀλλ’
924 3443 1076 3509 ὅμως
1116 3442 1219 3496 οὐκ
1260 3438 1409 3507 οἶδας
1448 3445 1549 3515 τὴν
1575 3444 1757 3515 φορὰν

146 3530 338 3584 αὑτοῦ.
382 3530 715 3597 Ἀκάθεκτος
772 3535 882 3605 γάρ
947 3537 1091 3603 ἐστι,
1142 3538 1237 3591 καὶ
1308 3538 1757 3599 ἀκώλυτος..καὶ

146 3628 353 3695 φυσικῇ
384 3626 602 3697 ἐξουσίᾳ
636 3628 735 3698 τὴν
760 3629 1088 3700 ὁποιδήπι›τε
1117 3630 1300 3700 ὁρμὴν
1334 3630 1472 3699 ἔχει.
1533 3632 1607 3685 Τὸ
1674 3632 1754 3693 δὲ.

152 3736 174 3773 ε
214 3718 390 3772 Ὅπου
422 3718 570 3771 θέλει
614 3722 757 3784 πνεῖ,
807 3741 824 3773 ι
871 3724 1060 3791 φησιν,
1095 3722 1194 3793 οὐχ
1228 3722 1304 3787 ὡς
1354 3723 1755 3793 προαιρετικοῦ

144 3812 303 3875 δντος
328 3811 425 3865 τοῦ
450 3812 677 3882 ἀνέμου,
704 3813 799 3866 καὶ
820 3812 1039 3885 θέλησιν
1062 3815 1301 3886 ἔχοντος,
1332 3816 1450 3869 ἀλλ’
1495 3817 1569 3879 ὡς
1593 3819 1753 3889 ἔφην,

144 3905 253 3975 ’τὴν
283 3905 392 3957 ἀπὸ
418 3905 635 3975 φύσεως
667 3906 819 3977 αὐτῴ
844 3908 1161 3979 προσοῦσαν
1210 3910 1387 3978 φορὰν
1417 3912 1511 3963 καὶ
1540 3910 1757 3965 ἀκώλυ-

146 4016 243 4051 τον
267 3997 516 4062 ἐξουσίαν
550 4000 723 4067 δεῖξαι
753 4000 1104 4072 βουλόμενος.
1145 4004 1207 4056 Ei
1256 4000 1351 4057 οῦν
1385 4004 1479 4057 τον
1525 4004 1755 4075 ἄνεμον,

150 4089 314 4143 τοῦτο
343 4092 408 4161 δὴ
442 4094 503 4145 τὸ
554 4094 809 4163 αἰσθήσει
861 4095 1176 4149 ῦποπίπτον
1208 4096 1460 4166 πνεῦμα,
1514 4097 1755 4165 ἀγνοεῖς,

153 4182 275 4248 πῶς
309 4184 403 4238 καὶ
433 4184 538 4238 ποῦ
568 4188 712 4253 πνεῖ,
752 4186 871 4251 πῶς
900 4188 999 4258 τὴν
1029 4189 1141 4243 ἀπὸ
1172 4189 1267 4242 τοῦ
1308 4188 1456 4244 θείου
1494 4189 1759 4260 Πνεύμαα

149 4292 245 4338 τος
268 4277 635 4346 ἀναγὲννησιν
659 4281 1004 4353 περιεργάζῃ
1030 4300 1045 4345 ;
1074 4283 1137 4335 Εἰ
1169 4282 1331 4335 τοῦτο
1350 4283 1410 4336 τὸ
1441 4283 1665 4351 πνεῦμα
1696 4284 1757 4337 οὐ

150 4370 378 4425 δύναται
420 4372 854 4443 κατασχεθῆναι,
912 4376 1097 4447 πολλῷ
1136 4378 1341 4447 μᾶλλον
1375 4380 1407 4447 ἡ
1468 4378 1564 4431 τοῦ
1597 4378 1757 4446 ἁγίου

152 4463 476 4533 Πνεῦματος
509 4466 696 4537 χάρις,
736 4469 926 4539 νόμοις
975 4471 1195 4538 φύσεως
1226 4473 1325 4543 οὐχ
1385 4473 1759 4543 ὑπενεχθήσεο

151 4575 264 4614 ται.
328 4559 684 4630 Αἰσχυνέσθω
750 4564 1092 4629 Μακεδονιος
1158 4568 1187 4619 6
1265 4568 1761 4637 Πνευματομάχος,

153 4652 251 4705 καὶ
286 4652 393 4722 πρὸ
438 4652 633 4707 τούτου
666 4654 933 4725 Εὑνόμιος
961 4673 975 4687 ⁶
1022 4657 1050 4711 6
1108 4657 1210 4729 μὲν
1260 4659 1450 4713 δοῦλον
1495 4659 1669 4712 ποιῶν
1701 4659 1763 4712 τὸ

157 4743 411 4815 Πνεῦμα,
466 4747 646 4800 καίτοι
675 4766 737 4817 γε
783 4751 1022 4819 ἤκουσεν
1070 4751 1333 4819 ἐνταῦθα,
1384 4754 1467 4806 ὅτι
1523 4754 1763 4823 ’Ἄνεμος

152 4838 291 4891 ὅπου
326 4838 495 4903 θέλει,
548 4845 709 4896 πνεῖο
769 4843 956 4916 πολλῷ
1000 4841 1095 4899 οῦν
1156 4846 1363 4916 μᾶλλον
1414 4846 1476 4899 τὸ
1536 4846 1765 4917 Πνεῦμα

153 4930 664 5007 αὑτεξουσιωτὲραν
708 4935 820 5002 ἕξει
870 4938 970 5008 τὴν
1027 4938 1265 5005 κίνησιν,
1300 4942 1398 4992 καὶ
1427 4941 1563 4993 ὅπου
1589 4940 1754 5005 θέλει,

156 5024 256 5078 καὶ
303 5024 381 5090 ὡς
410 5026 579 5094 θέλει,
638 5032 926 5101 ἐνεργήσει
1030 5034 1057 5085 ὁ
1104 5032 1161 5085 δὲ
1192 5032 1467 5104 Εὐνόμιος
1525 5034 1671 5089 αὐτά
1702 5052 1762 5087 τε

154 5118 336 5175 ταῦτα
385 5124 652 5195 πρότερος
714 5124 1008 5195 ἁμαρτὼν,
1072 5128 1166 5179 καὶ
1211 5128 1419 5198 κτίσμα
1471 5127 1647 5181 εἰπὼν
1706 5128 1767 5181 τὸ

159 5216 409 5287 Πνεῦμα,
439 5217 536 5271 καὶ
566 5220 705 5290 πρός
729 5236 794 5288 γε
816 5220 1404 5289 ἀπαυθαδιασάμενος,
1456 5221 1606 5276 οὕτω
1659 5221 1957 5289 γινώσκειν
2017 5224 2178 5285 Θεὸν,
2239 5222 2312 5285 ὡς
2371 5222 2569 5275 ἑαυτὸν
2624 5220 2813 5285 αὐτός.

1864 3175 2046 3231 vocat,
2104 3165 2194 3222 ubi
2226 3164 2363 3228 vult,
2420 3163 2637 3234 spirat:
2691 3171 2747 3218 et
2776 3178 2972 3219 sonum
3027 3159 3151 3232 eius
3184 3162 3364 3224 audis,
3425 3170 3483 3215 ct

1862 3259 2086 3329 ignoras
2118 3266 2299 3310 tamen
2346 3255 2493 3310 unde
2526 3254 2738 3309 teratur
2772 3273 2788 3321 ;
2827 3255 3020 3324 nequit
3050 3252 3195 3308 enim
3227 3267 3481 3324 compre-

1864 3349 2029 3405 hendi
2063 3348 2147 3403 vel
2177 3346 2498 3417 prohiberi;
2526 3346 2763 3401 naturali
2801 3347 2949 3402 enim
2983 3354 3255 3416 potestate
3307 3345 3483 3402 fertur

1865 3443 1919 3497 in
1951 3441 2188 3511 aliquem
2205 3438 2365 3515 541
2389 3440 2567 3496 locum
2593 3441 2889 3497 incertum.
2933 3440 3210 3497 Caeterum
3246 3441 3340 3495 ubi
3368 3440 3480 3495 vult

1863 3538 2064 3606 spirat,
2096 3535 2301 3605 inquit,
2336 3551 2443 3589 non
2475 3536 2622 3604 quod
2653 3544 2849 3589 \entus
2872 3534 3217 3589 voluntatem
3257 3534 3479 3598 habeat,

1863 3629 1983 3695 sed,
2024 3637 2086 3684 ut
2123 3629 2260 3690 dixi,
2299 3642 2327 3682 a
2363 3637 2561 3683 natura
2588 3627 2757 3683 indita
2789 3628 2861 3681 illi
2905 3631 3303 3697 potestas'qua:
3356 3643 3484 3699 pro-

1865 3721 2042 3778 hiberi
2098 3722 2309 3791 nequit,
2352 3720 2688 3776 ostenditur.
2743 3720 2798 3774 Si
2861 3720 3031 3791 igitur
3076 3729 3335 3786 ventum,
3388 3721 3483 3791 qui

1865 3817 2089 3884 spiritus
2110 3824 2193 3870 est
2220 3815 2477 3870 sensibus
2500 3814 2803 3883 subjectus,
2840 3814 3089 3886 ignoras,
3119 3817 3397 3885 quomodo
3427 3825 3482 3867 et

1864 3925 1972 3979 quo
1995 3912 2187 3981 spiret,
2208 3911 2483 3980 quomodo
2514 3911 2991 3981 regenerationem
3013 3924 3043 3964 a
3064 3910 3252 3966 divino
3272 3908 3482 3979 Spiritu

1865 4004 2137 4059 curiosius
2171 4002 2442 4072 inquiris?
2474 4003 2532 4057 Si
2566 4004 2653 4057 hic
2682 4003 2910 4073 spiritus
2943 4003 3342 4074 comprehendi
3381 4020 3483 4058 nc-

1864 4096 2006 4166 qnit,
2040 4096 2213 4151 multo
2244 4098 2424 4150 minus
2457 4096 2635 4151 sancti
2667 4095 2906 4164 Spiritus
2928 4096 3105 4166 gratia
3138 4095 3354 4166 legibus
3384 4113 3485 4151 na-

1863 4197 2003 4244 turae
2035 4188 2327 4245 subdetur.
2385 4188 2770 4243 Coniundatur
2829 4187 3205 4253 Macedonius,
3242 4188 3486 4259 Spiritus

1864 4293 2231 4352 Oppugnator,
2258 4291 2311 4337 et
2342 4281 2761 4349 quiantecessit
2806 4280 2957 4335 illum
3002 4280 3329 4337 Eunomius.
3393 4281 3488 4336 llle

1866 4374 2012 4429 cnim
2049 4390 2273 4429 servum
2303 4374 2435 4429 facit
2466 4374 2759 4443 Spiritum,
2790 4374 3045 4444 quamvis
3094 4374 3339 4430 audierit
3377 4375 3484 4431 hoc

1871 4470 1993 4525 loco
2053 4469 2201 4538 quod
2252 4478 2450 4523 ventus
2509 4484 2618 4539 quo
2671 4468 2788 4523 vult
2845 4470 3041 4538 spirat,
3094 4469 3266 4526 multo
3322 4470 3489 4540 igitur

1869 4566 2041 4634 magis
2080 4564 2323 4635 Spiritus
2347 4574 2573 4620 sanctus
2602 4564 2923 4620 liberiorem
2963 4564 3133 4619 habet
3161 4565 3486 4629 motionem,

1870 4670 1923 4715 ct
1967 4677 2080 4729 quo
2117 4660 2252 4721 vult,
2305 4668 2361 4713 et
2411 4660 2553 4714 sicut
2592 4659 2729 4726 vult,
2783 4659 3125 4728 operahitur.
3184 4658 3492 4714 Eunomius

1869 4768 2002 4808 vero
2036 4754 2089 4806 in
2121 4752 2214 4807 illo
2248 4754 2364 4823 ipso
2392 4768 2653 4822 peccans,
2689 4761 2743 4807 et
2777 4761 3090 4809 creaturam
3132 4751 3274 4807 dixit
3310 4749 3490 4821 Spiri-

1871 4856 2005 4911 tum,
2034 4858 2081 4901 et
2125 4846 2177 4899 in
2221 4857 2425 4901 tantum
2461 4848 2712 4916 pervenit
2758 4847 3153 4916 pervicaciam,
3204 4847 3359 4913 quasi
3393 4860 3491 4900 co-
3542 4834 3545 4839 ⁴

1871 4951 2163 5011 gnnsceret
2197 4940 2367 5008 Deum
2406 4942 2551 4995 sicut
2584 4942 2698 5010 ipse
2744 4942 3017 5011 seipsum.
3077 4940 3281 4994 Audiat
3321 4939 3492 5009 igitur

1876 5038 2020 5102 quod
2056 5049 2235 5103 neque
2270 5036 2417 5089 venti
2449 5035 2713 5103 impetum
2746 5049 2925 5105 neque
2950 5036 3110 5088 linem
3130 5035 3290 5090 sciat.
3333 5034 3490 5100 Quo-

1880 5128 2042 5182 modo
2088 5130 2250 5198 igitur
2287 5128 2377 5185 Dei
2435 5128 2808 5184 substantiam
2839 5136 3135 5197 cognoscet
3180 5127 3491 5196 impostor?

2889 5222 3169 5275 Ἀκουέτω
3221 5220 3343 5288 οὖν,
3406 5223 3489 5275 ὅτι

154 5314 279 5368 οὐδὲ
333 5312 422 5366 τοῦ
453 5313 661 5382 ἀνέμου
718 5314 816 5384 τὴν
867 5316 1067 5383 φορὰν,
1130 5317 1225 5367 καὶ
1255 5316 1357 5383 τὴν
1389 5317 1571 5386 ὁρμὴν
1603 5314 1714 5369 οἶδε
1744 5332 1757 5349 ’
1830 5316 1948 5380 πῶς
1982 5317 2077 5371 οῦν
2102 5318 2240 5371 Θεοῦ
2276 5318 2470 5383 οὐσίας
2504 5317 2886 5388 κατατολμᾷς,
2925 5316 3204 5386 ἀλιτήριε.

240 5425 258 5458 ε
311 5406 618 5478 Ἀπεκρίθη
667 5405 1007 5476 Νικόδημος,
1056 5408 1152 5461 καὶ
1206 5404 1363 5461 εἷπεν
1400 5407 1581 5479 αὐτῷ·
1642 5407 1767 5472 Πῶς

154 5498 384 5555 δύναται
430 5499 609 5555 ταῦτα
651 5498 944 5566 γενέσθαι;
990 5500 1297 5571 Ἀπεκρίθη
1366 5500 1615 5570 Ἰησοῦς,
1673 5504 1768 5557 καὶ

154 5592 312 5650 εἶπεν
360 5594 514 5667 αὐτῷ
540 5612 553 5625 ·
604 5592 677 5645 Σὺ
713 5586 767 5644 εἶ
801 5592 831 5645 6
876 5591 1202 5657 διδάσκοι).ος
1237 5594 1332 5648 τοῦ
1381 5596 1599 5669 Ἰσραὴλ
1625 5638 1637 5659 ,
1672 5596 1769 5649 καὶ

156 5687 327 5742 ταῦτα
360 5686 422 5737 οὐ
476 5683 816 5750 γινώσκειςς
862 5684 1061 5756 ’Δμὴν,
1106 5686 1255 5758 ἀμὴν
1304 5686 1450 5756 λέγω
1484 5706 1587 5755 σοι,
1624 5689 1705 5742 ὅτι
1740 5688 1768 5741 ὃ

152 5781 400 5841 ,,ἱ’δαμε·δ,
430 5772 705 5844 λαλοῦμεν
727 5816 741 5841 ,
768 5778 862 5830 καὶ
893 5776 920 5830 ὃ
952 5778 1307 5850 ἑωράκαμεν,
1340 5783 1757 5854 μαρτυροῦμεν,

155 5869 249 5918 καί
281 5868 380 5941 την
416 5870 732 5942 μαρτυρίαν
778 5872 937 5943 ἡμῶν
967 5875 1027 5929 οῦ
1069 5875 1403 5947 λαμϐάνετε.
1448 5880 1504 5933 Εἰ
1541 5881 1605 5933 τὰ
1638 5880 1755 5933 ἐπί-

1951 5411 2117 5467 νειις.
2156 5413 2310 5468 9-!‘2.
2346 5413 2653 5482 Respondit
2689 5412 3048 5474 Nicodemus,
3082 5424 3138 5468 et
3186 5414 3319 5468 dixit
3368 5415 3416 5467 ei
3471 5430 3486 5466 :

1874 5508 2169 5573 Quomodo
2225 5519 2459 5578 possunt
2510 5509 2625 5564 hac
2678 5509 2838 5564 ﬂeri?
2876 5507 3179 5579 Respondit
3222 5508 3402 5573 Jesus,
3435 5519 3487 5562 et

1874 5603 2015 5656 dixit
2044 5620 2057 5657 :
2093 5602 2172 5657 Tu
2202 5618 2262 5659 es
2298 5604 2387 5657 ille
2420 5606 2682 5675 magister
2734 5603 2971 5667 lsraclis,
3001 5613 3056 5659 et
3089 5604 3201 5657 haec
3234 5602 3493 5671 ignoras?

1878 5699 2071 5761 Amen,
2099 5710 2259 5751 amen
2304 5698 2425 5752 ilico
2456 5698 2573 5761 tibi,
2599 5697 2743 5765 quod
2774 5698 3000 5759 scimus,
3054 5694 3330 5765 loquimur
3385 5714 3397 5751 :
3435 5705 3489 5749 et

1876 5790 2021 5855 quod
2069 5788 2328 5851 vidimus,
2377 5798 2685 5843 testamur:
2731 5798 2785 5841 ct
2828 5786 3207 5841 testimonium
3238 5796 3484 5840 nostrum

1872 5895 1982 5935 non
2017 5881 2293 5951 accipitis.
2327 5881 2383 5937 Si
2420 5894 2639 5939 terrena
2662 5881 2777 5938 dixi
2807 5883 2986 5947 vobis,
3012 5892 3065 5939 et
3091 5900 3195 5940 non
3222 5882 3481 5940 creditis;
