3936 6420
206 439 345 505 1909

885 419 1335 495 ENARBATIO
1365 429 1447 492 IN
1480 429 1997 493 EVANGELIUM
2023 429 2449 494 JOANNIS.-
2475 430 2639 494 CAP.
2664 429 2781 492 III.

3367 423 3507 492 12l0

203 565 313 617 ἔστι
332 561 519 616 λοιπὸν
546 558 605 612 ἐν
624 552 862 626 οὐρανῷ,
893 552 1080 625 φησιν,
1112 571 1132 603 ι
1154 552 1216 605 '0
1236 550 1310 604 ὢν
1329 553 1387 605 ὲν
1413 550 1493 622 τῷ
1520 550 1794 622 οὐρανῷ.»

1918 553 2002 623 qui
2050 562 2135 608 est
2180 553 2236 608 in
2296 552 2455 610 emlo.
2500 572 2520 607 ι
2555 550 2679 608 Noli
2735 549 2881 606 enim
2914 548 3185 620 suspicari
3241 564 3330 605 me
3384 564 3513 621 pro-

201 654 289 727 Μὴ
344 655 456 724 γὰρ
498 651 565 720 δὴ
602 645 793 716 ἐπειδὴ
842 646 1107 716 ἡκουσας,
1148 643 1232 697 ὅτι
1265 641 1525 713 κατέϐην,
1563 643 1797 714 νομίσῃς

205 747 279 820 μὴ
313 742 454 799 εἷναί
489 761 557 810 με
605 741 701 794 καὶ
730 740 878 792 ἐκεῖο
917 738 1055 791 ἀλλὰ
1086 734 1369 789 κάνταῦθα
1409 736 1649 806 πάρειμι
1692 752 1799 788 σω-

205 838 472 912 ματικῶς’
503 835 667 888 κάκεῖ
704 831 1067 901 συγκάθημαι
1096 828 1173 899 τῷ
1206 829 1387 899 Πατρὶ
1414 827 1637 891 θεῖκῶς.

281 951 300 984 ι
339 931 445 984 Καὶ
470 927 655 991 καθὼς
684 926 891 993 Μωσῆς
916 923 1101 991 ὖψωσε
1132 921 1224 973 τὸν
1250 920 1374 991 ὄφιν
1403 921 1463 972 ὲν
1485 922 1550 989 τῇ
1583 920 1797 991 ἐρήμῳ,

202 1025 374 1087 οὕτως
405 1023 691 1092 ὑψωθῆναι
715 1021 795 1073 δεῖ
815 1019 908 1071 τὸν
936 1018 1066 1070 Υίὺν
1088 1015 1183 1068 τοῦ
1208 1012 1503 1083 ἀνθρώπου
1527 1029 1540 1043 ⁸
1575 1013 1663 1066 ἵνα
1689 1015 1800 1077 πᾶς

201 1122 227 1173 6
268 1115 542 1177 πιστεύων
574 1115 653 1177 εἰς
683 1111 848 1165 αὑτὸν
897 1110 973 1181 μὴ
1017 1110 1345 1179 ἀπόλληται,
1379 1108 1496 1161 ἀλλ’
1529 1106 1628 1179 ἔχῃ
1653 1108 1800 1177 ζωὴν

203 1209 437 1263 αἰώνιον.
480 1228 497 1259 ι
540 1198 827 1279 Πρόειπὼν
860 1204 991 1271 περὶ
1034 1203 1135 1271 τῆς
1167 1202 1257 1254 διὰ
1280 1202 1375 1254 τοῦ
1419 1201 1801 1271 βαπτίσματος

201 1303 638 1370 ἀναγεννὴσεως,
672 1297 840 1365 λέγει
887 1296 1077 1347 λοιπὸν
1125 1297 1221 1348 καὶ
1267 1296 1397 1365 περὶ
1433 1294 1532 1364 τῆς
1572 1293 1661 1349 διὰ
1702 1291 1799 1345 τοῦ

204 1396 441 1465 σταυροῦ
473 1393 775 1463 γενομένης
818 1392 955 1459 ἡμῖν
986 1390 1334 1460 εὐεργεσίας.
1386 1389 1446 1442 Ὀ
1480 1388 1591 1457 γὰρ
1633 1405 1802 1441 σταυ-

206 1490 295 1559 pb:
318 1529 330 1550 ,
363 1489 457 1539 καὶ
483 1488 509 1537 6
536 1484 789 1546 θάνατος,
830 1482 1006 1545 αἴτιος
1044 1484 1175 1551 ἡμῖν
1218 1480 1317 1550 τῆς
1349 1481 1438 1534 διὰ
1471 1480 1563 1533 τοῦ
1603 1480 1802 1549 βαπτίο

203 1596 410 1649 σματος
438 1577 683 1647 χάριτος,
717 1575 832 1642 εἴγε
873 1574 1291 1644 βαπτιζόμενοι,
1320 1573 1413 1626 τὸν
1442 1572 1675 1627 θάνατον
1705 1570 1801 1624 τοῦ

201 1677 408 1745 Κυρίου
473 1674 835 1742 είκονίςομεν.
888 1672 965 1723 Οὐ
1012 1670 1164 1738 λέγει
1223 1669 1281 1721 δὲ
1332 1669 1665 1740 προφανῶς,
1716 1670 1801 1721 ὅτι

198 1768 396 1824 Μέλλω
423 1766 849 1833 σταυρωθῆναι·
879 1764 1019 1817 ἀλλὰ
1046 1764 1141 1816 τοῦ
1167 1763 1345 1831 ὄφεως
1376 1754 1679 1833 μέμνηται,
1707 1764 1802 1815 καὶ

200 1863 299 1930 τῆς
332 1862 575 1919 Παλαιᾶς
610 1859 855 1925 ἱστορίας
877 1873 889 1887 ·
925 1856 1044 1927 ἅμα
1076 1856 1176 1925 μὲν
1207 1856 1478 1909 διδάσκων
1511 1856 1685 1924 ἡμᾶς,
1718 1855 1800 1908 ὅτι

202 1954 442 2021 συγγενῆ
470 1952 539 2004 τὰ
574 1950 783 2003 παλαιὰ
813 1951 924 2007 τοῖς
952 1950 1186 2012 καινοῖς,
1213 1948 1312 2000 καὶ
1343 1942 1422 2011 εἷς
1447 1948 1540 2000 καὶ
1582 1950 1610 2001 6
1633 1948 1800 2012 αύτός

203 2049 320 2100 ἐστι
352 2045 646 2115 νομοθέτης
686 2045 929 2107 Ιιαλαιᾶς
951 2060 1010 2096 τε
1046 2042 1141 2095 καὶ
1173 2041 1321 2105 Νέας
1357 2041 1657 2111 Διαθήκης,
1693 2040 1799 2094 κᾶν

201 2139 489 2210 Μαρκίων,
538 2140 632 2190 καὶ
677 2138 892 2206 Μάνης,
946 2137 1042 2188 καὶ
1074 2136 1101 2188 6
1152 2134 1342 2197 λοιπὸς
1387 2134 1495 2186 τῶν
1539 2133 1802 2187 τοιούτων

203 2232 501 2301 αἱρετικίὶιν
558 2230 894 2296 κατάλογος,
944 2227 1184 2280 ἁθετῶσι
1240 2228 1341 2298 τὴν
1393 2226 1662 2288 Παλαιὰν,
1704 2225 1800 2279 τοῦ

204 2325 443 2395 πονηροῦ
476 2322 815 2392 δημιουργοῦ
860 2322 1114 2386 λέγοντες
1182 2321 1356 2392 αὐτὴν
1402 2314 1544 2372 εἶναι
1578 2320 1804 2390 νομοθε-

206 2419 369 2471 σίαν·
421 2418 537 2487 ἅμα
586 2417 641 2466 δὲ
698 2417 793 2466 καὶ
852 2413 1150 2474 παιδεύων,
1204 2413 1288 2465 ὅτι
1337 2414 1383 2465 εί
1428 2412 1563 2482 πρὸς
1618 2413 1800 2465 εἰκόνα

201 2511 412 2582 χαλκῆν
447 2510 739 2580 βλέποντες
791 2508 967 2575 ὄφεως
1006 2508 1055 2559 οἱ
1116 2507 1400 2570 Ἰουδαῖοι,
1432 2506 1524 2558 τὸν
1572 2506 1803 2560 θάνατον

203 2608 437 2673 ἔφευγον
468 2622 481 2631 ·
518 2602 701 2673 πολλῷ
736 2602 935 2671 μᾶλλον
966 2602 1149 2670 ἡμεῖς,
1204 2603 1282 2663 εἰς
1313 2601 1403 2653 τὸν
1448 2600 1807 2670 ἐσταυρωμέ-

208 2716 299 2752 νον
340 2697 653 2766 βλέποντες,
682 2693 779 2745 καὶ
813 2693 1184 2757 πιττεύοντες,
1216 2693 1304 2744 τὸν
1332 2693 1565 2762 ψυχικὸν
1597 2693 1805 2760 ἐκφεύ-

205 2808 374 2860 γομεν
408 2790 660 2842 θάνατον.
701 2788 843 2857 Ὅρα
888 2786 946 2838 δέ
1000 2804 1089 2855 μοι
1145 2784 1237 2837 τὸν
1292 2784 1463 2837 τύπον
1510 2786 1647 2857 πρὸς
1704 2785 1805 2854 τὴν

205 2883 489 2950 ἀλήθειαν.
562 2883 713 2933 Ἐκεῖ
772 2880 950 2949 ὄφεως
999 2879 1291 2949 ὁμοίωμα,
1346 2877 1485 2941 εἶδος
1534 2880 1633 2947 μὲν
1683 2879 1806 2947 ἕχον

208 2978 425 3047 θηρίου,
457 2976 549 3028 τὸν
578 2976 651 3027 ἱὸν)
684 2976 739 3027 δὲ
770 2975 870 3026 οὐκ
894 2974 1013 3041 ἕχον
1038 2990 1050 3003 ·
1079 2973 1222 3025 οὓτω
1255 2972 1561 3035 κάνταῦθα,
1590 2972 1805 3039 ἄνθρω-

210 3084 309 3128 πος
360 3067 387 3118 6
444 3065 687 3134 Κύριος,
748 3064 864 3116 ἀλλ’
913 3064 1190 3133 ἁμαρτίας
1246 3064 1325 3115 ίοῦ
1384 3064 1687 3132 ἐλεύθερος,
1750 3066 1806 3115 ὲν

206 3156 519 3227 ὁμοιώματι
574 3156 777 3227 σαρκὸς
810 3159 1089 3226 ἁμαρτίας
1146 3155 1339 3216 ἐλθὼν,
1395 3157 1699 3220 τουτέστιν,
1750 3159 1808 3215 ὲν

1901 656 2086 717 pterea
2124 660 2232 702 non
2260 660 2386 703 esse
2413 645 2548 712 illic,
2576 646 2709 717 quia
2744 644 3001 701 descendi
3032 660 3048 698 :
3082 644 3176 699 sed
3207 650 3261 699 et
3299 643 3387 697 hic
3416 643 3514 699 ad-

1902 756 2023 798 sum
2066 741 2435 813 corporaliter
2466 752 2522 797 et
2555 742 2667 797 illic
2696 740 2865 797 sedeo
2894 754 3019 794 cum
3049 737 3217 793 Patre
3251 748 3312 793 ut
3344 738 3510 795 Deus.

1985 920 2148 978 Vsus.
2181 923 2270 987 14,
2302 922 2392 976 15.
2426 939 2447 973 ι
2488 920 2554 975 Ει
2581 920 2726 976 sicut
2758 919 2973 989 Moyses
3008 919 3265 973 exaltavit
3289 934 3514 989 serpen-

1900 1025 2015 1070 tem
2050 1019 2101 1070 in
2134 1030 2344 1081 eremo,
2380 1015 2451 1069 ita
2496 1014 2727 1069 exaltari
2755 1025 2975 1083 oportet
3008 1014 3209 1068 Filium
3244 1012 3511 1079 hominis,

1906 1116 1967 1163 ut
1993 1108 2174 1161 omnis
2214 1108 2308 1177 qui
2339 1106 2516 1161 credit
2546 1106 2599 1161 in
2631 1106 2931 1173 illum,nuu
2963 1116 3165 1176 pereat,
3197 1107 3291 1161 sed
3316 1105 3517 1160 haheat

1908 1202 2075 1255 vitam
2106 1209 2425 1255 aeternam.»
2460 1199 2761 1269 Postquam
2780 1201 2918 1255 dixit
2953 1203 3019 1255 de
3041 1200 3397 1272 generatione
3420 1214 3516 1269 per

1908 1295 2259 1363 baptismum,
2288 1311 2433 1350 nunc
2462 1295 2591 1350 dicit
2622 1296 2689 1350 de
2706 1294 2978 1349 beneﬁcio
3004 1297 3148 1365 quod
3170 1310 3267 1366 per
3294 1308 3515 1351 crucem

1906 1388 2068 1442 nobis
2098 1387 2304 1443 factum
2333 1399 2437 1444 est.
2467 1388 2613 1443 Crux
2670 1390 2816 1443 enim
2848 1399 2901 1444 et
2933 1403 3087 1444 mors
3123 1399 3316 1443 auctor
3355 1388 3515 1443 nobis

1908 1482 1963 1537 ﬁt
2006 1481 2217 1551 gratim,
2264 1497 2387 1551 quae
2424 1497 2520 1552 per
2552 1482 2884 1553 baptismum
2926 1483 3053 1537 data
3096 1490 3205 1547 est,
3242 1482 3516 1551 siquidem

1908 1589 2032 1628 cum
2070 1574 2445 1643 baptizamur,
2489 1585 2726 1630 mortem
2757 1574 2974 1630 Domini
3027 1583 3516 1644 reprresentamus.

1906 1664 2024 1722 Non
2052 1667 2186 1722 dicit
2216 1678 2398 1722 autem
2435 1669 2749 1733 manifeste,
2769 1666 3192 1738 Crueiligendus
3214 1680 3374 1721 sum:
3414 1663 3518 1721 sed

1909 1759 2556 1828 meminitserpentis",
2603 1768 2660 1814 et
2712 1758 2915 1813 veteris
2965 1756 3234 1820 historiae,
3291 1754 3516 1811 interim

1910 1862 2112 1909 docens
2142 1866 2327 1907 vetera
2349 1864 2580 1922 cognata
2610 1855 2792 1918 novis,
2824 1862 2879 1907 et
2906 1867 3075 1906 unum
3100 1866 3223 1907 esse
3245 1848 3518 1920 legislatoo

1908 1962 2023 2003 rem
2062 1944 2276 2001 Veteris
2303 1958 2355 2001 et
2375 1944 2507 1999 Novi
2538 1946 2878 2001 Testamenti
2910 1945 3163 2001 :tametsi
3194 1942 3435 1999 Marcion
3463 1950 3522 1999 et

1906 2040 2241 2095 Mauicltteus
2264 2051 2317 2095 et
2344 2042 2554 2106 reliqua
2591 2040 2644 2094 id
2679 2053 2853 2109 genus
2882 2037 3263 2093 Itaereticorum
3291 2036 3514 2103 cohors,

1912 2131 2079 2188 Vetus
2111 2132 2389 2201 rejiciaut,
2423 2133 2671 2187 dicentes
2709 2133 2890 2201 ipsum
2922 2146 2951 2185 a
2983 2130 3129 2185 malo
3161 2129 3360 2197 opiﬁce
3394 2142 3520 2185 esse

1907 2228 2212 2285 conditum.
2251 2226 2419 2283 Docet
2476 2230 2627 2291 item,
2681 2242 2808 2282 cum
2862 2224 3033 2280 Judmi
3090 2225 3339 2281 videntes
3388 2224 3520 2281 aerei

1907 2321 2177 2389 serpentis
2250 2321 2565 2391 imaginem,
2653 2329 2886 2375 mortem
2951 2319 3281 2390 etfugerint,
3342 2318 3521 2375 multo

1911 2415 2083 2483 magis
2116 2428 2213 2467 nos
2246 2415 2313 2467 ad
2342 2415 2667 2468 crucifixum
2722 2414 3083 2482 reapicientes
3131 2424 3187 2469 et
3228 2413 3529 2470 credentes

1909 2511 2107 2563 anima:
2133 2519 2362 2562 mortem
2392 2506 2879 2575 cllugiturosNide
2896 2492 3101 2572 autem,
3123 2522 3241 2571 oro,
3262 2507 3518 2578 ﬁguram,

1909 2612 1963 2655 et
1986 2603 2175 2656 confer
2208 2618 2330 2655 etin)
2374 2604 2622 2655 veritate.
2646 2601 2755 2654 Illic
2781 2602 3051 2671 serpentis
3082 2600 3382 2655 similitudo
3417 2601 3522 2657 for-

1912 2709 2055 2747 mam
2082 2696 2301 2760 quidem
2338 2695 2499 2748 habet
2534 2696 2739 2760 bestia),
2773 2708 3042 2747 venenum
3076 2707 3256 2750 autem
3286 2711 3394 2750 non
3426 2697 3522 2751 ha-

1912 2786 1995 2841 bet
2032 2786 2219 2858 5&3.
2263 2787 2341 2841 Ita
2392 2797 2440 2840 et
2498 2787 2603 2839 hoc
2651 2786 2770 2839 loco
2815 2788 2979 2839 homo
3021 2787 3314 2852 Dominus,
3356 2787 3450 2843 sed
3490 2802 3523 2843 α

1912 2884 2122 2950 peccati
2159 2896 2369 2933 veneno
2400 2879 2559 2941 liber,
2601 2880 2651 2933 in
2689 2879 3057 2934 similitudine
3092 2880 3277 2935 carnis
3309 2880 3522 2949 peccati

1913 2977 2083 3041 venit,
2118 2976 2221 3029 hoc
2251 2984 2371 3041 est,
2426 2974 2477 3027 itt
2526 2974 2889 3029 similitudine
2936 2974 3122 3028 carnis
3162 2982 3391 3042 peccato
3421 2975 3524 3030 0b-

1916 3072 2114 3135 noxiae,
2175 3085 2292 3137 quae
2340 3068 2568 3123 minime
2620 3084 2749 3123 caro
2788 3067 3002 3135 peccati
3054 3078 3218 3123 esset.
3276 3066 3341 3121 Et
3394 3076 3525 3125 tunc

1916 3163 2136 3232 quidem
2170 3162 2418 3216 videntes
2451 3162 2757 3216 evadebant
2793 3171 3025 3217 mortem
3054 3162 3302 3230 corporis
3331 3179 3341 3214 :
3375 3177 3527 3218 nunc

208 3252 521 3321 ὁμοιώματι
556 3250 759 3319 σαρκὸς
806 3251 1050 3320 ἁμαρτίᾳ
1083 3249 1476 3319 ὑποκειμένης,
1519 3249 1635 3303 ἀλλ’
1687 3250 1809 3319 οὐχὶ

1918 3262 2098 3305 autem
2132 3253 2222 3321 qui
2262 3251 2491 3314 vident,
2549 3260 2780 3304 mortem
2837 3251 3058 3305 animm.
3094 3249 3248 3305 Tunc
3303 3250 3526 3321 quidem

210 3344 349 3411 σὰρξ
386 3342 660 3412 ἁμαρτίας
696 3341 979 3412 ὑπάρχων.
1028 3342 1141 3394 Καὶ
1168 3340 1290 3391 τότε
1328 3340 1426 3408 μὲν
1468 3342 1516 3392 oi
1548 3339 1807 3408 ὁρῶντες,

209 3435 550 3504 σωματικὸν,
584 3436 744 3503 ἡμεῖς
778 3434 835 3487 δὲ
894 3434 1125 3504 ψυχικὸν
1159 3432 1509 3503 ἐκφεύγομεν
1543 3432 1808 3487 θάνατον’

208 3530 305 3581 καὶ
343 3528 467 3579 τότε
522 3526 620 3596 μὲν
656 3529 910 3596 δήγματα
946 3526 1125 3595 ὄφεων
1183 3528 1301 3579 ἰᾶτο
1348 3526 1376 3577 ὁ
1419 3528 1809 3595 κρεμάμενος,

208 3621 307 3675 νῦν
337 3620 395 3674 δὲ
418 3618 517 3672 τοῦ
551 3619 749 3689 νοητοῦ
774 3620 1072 3689 δράκοντος
1114 3620 1212 3679 τὰς
1254 3619 1473 3688 πληγὰς
1512 3619 1814 3689 θεραπεύει

210 3714 467 3785 Χριστός.
525 3731 544 3764 ‹
607 3712 924 3780 ’Υψωθῆναι
972 3731 991 3763 ι
1034 3712 1091 3764 δὲ
1127 3711 1365 3776 ἀκούων,
1399 3712 1511 3764 νόει
1549 3712 1641 3775 τὸ,
1680 3728 1813 3781 κρε-

216 3808 517 3877 μασθῆναι.
574 3806 690 3875 Ἐφ’
728 3804 897 3872 ὕψους
930 3805 1038 3875 γὰρ
1081 3805 1425 3875 ἐκρεμάσθη,
1472 3806 1560 3858 ἵνα
1594 3807 1688 3858 καὶ
1720 3805 1815 3857 τὸν

209 3900 349 3969 ἀέρα
378 3899 604 3970 ἁγιάσῃ,
635 3900 662 3950 ὁ
697 3896 796 3963 τὴν
827 3896 933 3966 γῆν
974 3898 1209 3965 ἁγιάσας
1250 3896 1341 3949 διὰ
1371 3896 1467 3950 τοῦ
1504 3898 1604 3950 ἐπ’
1638 3897 1815 3967 αὐτῆς

212 3991 614 4061 περιπατῆσαι.
664 3989 796 4041 Νόει
822 3989 878 4042 δὲ
913 3992 1008 4042 και
1056 3990 1137 4053 τὺ,
1168 3988 1521 4059 δοξασθῆναι.
1558 3992 1671 4043 Καὶ
1703 3990 1815 4060 γὰρ

209 4084 383 4145 ὅντως
418 4081 551 4150 ῦιῖιος
578 4082 672 4133 καὶ
696 4081 823 4147 δόξα
844 4081 939 4132 τοῦ
968 4079 1207 4150 Χριστοῦ
1240 4080 1267 4131 6
1304 4084 1540 4151 σταυρὸς
1563 4082 1812 4150 γέγονεν.

225 4176 313 4228 Ἐν
341 4167 384 4242 ᾧ
416 4176 527 4243 γὰρ
559 4172 734 4226 ἐδόκει
762 4173 1196 4242 κατακριθῆναι,
1230 4175 1287 4226 ὲν
1309 4173 1485 4242 τούτῳ
1520 4175 1813 4245 κατέκρινε

210 4267 303 4319 τὸν
342 4267 583 4336 ἄρχοντα
612 4264 706 4317 τοῦ
744 4264 951 4335 κόσμου
994 4265 1209 4318 τούτου.
1267 4262 1395 4320 Οίόν
1440 4284 1496 4319 τι
1537 4266 1713 4332 λέγω·
1757 4266 1815 4317 '0

224 4359 401 4426 Ἀδὰμ
449 4359 677 4421 δικαίως
725 4358 1031 4411 ἀπέθανενο
1067 4359 1287 4429 ἥμαρτε
1336 4360 1469 4430 γάρ.
1513 4360 1573 4412 'U
1614 4359 1816 4431 Κύριος

213 4452 417 4515 ἀδίκως
468 4453 778 4504 ἀπέθανεν*
815 4451 913 4519 οὐχ
947 4451 1165 4520 ἥμαρτε
1214 4452 1343 4521 γάρ.
1380 4454 1559 4521 Μέχρι
1596 4456 1695 4521 μὲν
1722 4449 1818 4505 οὖν

212 4548 316 4618 τῆς
359 4544 455 4599 τοῦ
502 4545 710 4614 Κυρίου
760 4544 1161 4613 σταυρώσεως,
1199 4544 1424 4608 δικαίως
1479 4548 1816 4616 κατεκράτει

1917 3358 2244 3410 suspensus,
2281 3332 2618 3411 serpentium
2662 3342 2804 3397 ictus
2831 3341 3067 3397 sanabat
3103 3361 3115 3396 :
3164 3358 3310 3396 nunc
3341 3350 3527 3399 autem

1917 3435 2223 3506 spiritualis
2262 3435 2520 3490 draconis
2566 3435 2751 3505 plagas
2802 3444 2961 3490 curat
2991 3435 3267 3491 Christus.
3305 3435 3530 3491 Exulta-

1920 3527 2031 3583 tiun
2066 3540 2251 3583 autem
2279 3530 2532 3592 audiens,
2568 3528 2811 3598 intellige
2857 3529 3081 3599 quidem
3114 3538 3169 3585 et
3190 3543 3529 3600 suspensum

1919 3636 2062 3675 esse.
2098 3622 2151 3673 In
2190 3637 2406 3675 summo
2448 3624 2591 3676 enim
2628 3636 2930 3691 suspensus
2965 3630 3071 3689 est,
3132 3631 3189 3676 ut
3233 3632 3287 3677 et
3339 3637 3529 3678 aerem

1921 3714 2323 3776 Sanetiliearet,
2379 3715 2470 3782 qui
2512 3724 2715 3769 terram
2753 3715 3139 3770 sanctiﬁcarat
3169 3716 3224 3770 in
3271 3716 3362 3770 illa
3408 3730 3532 3770 am-

1920 3802 2181 3857 bulando.
2227 3801 2475 3872 intellige
2511 3814 2695 3857 autem
2751 3805 2883 3873 quid
2922 3804 2995 3859 sit
3035 3805 3355 3875 gloriﬁcari.
3394 3805 3533 3861 Nam

1922 3909 2137 3958 revera,
2169 3895 2480 3950 sublimitas
2510 3905 2566 3950 et
2616 3896 3038 3967 gloria’Christi
3083 3897 3186 3969 (a),
3236 3914 3369 3953 crux
3402 3897 3529 3955 luit.

1920 3986 2026 4042 Per
2062 3988 2165 4041 hoc
2198 3988 2344 4041 enim
2384 4003 2492 4058 quo
2523 3990 2675 4044 visus
2702 3998 2786 4044 est
2826 3989 3223 4055 condemnari,
3272 3991 3534 4045 condem-

1923 4079 2075 4133 navit
2124 4078 2287 4148 hujus
2326 4078 2517 4132 mundi
2572 4080 2897 4148 principem.
2942 4078 3016 4135 Ut
3068 4080 3274 4136 clarius
3326 4080 3531 4148 dicam,

1926 4176 2101 4229 Adam
2132 4175 2276 4244 juste
2316 4186 2571 4229 mortuus
2604 4184 2710 4239 est,
2751 4184 3004 4246 peccarat
3037 4177 3182 4232 enim
3221 4196 3233 4230 :
3266 4176 3535 4232 Dominus

1923 4268 2127 4336 injuste
2180 4279 2433 4323 mortuus
2486 4278 2603 4331 est,
2665 4272 2771 4322 non
2823 4269 2967 4321 enim
3027 4279 3305 4337 peccarat.
3364 4267 3538 4339 Igitur

1930 4377 2103 4431 usque
2156 4363 2221 4414 ad
2265 4362 2684 4416 erucilixioucm
2712 4362 2861 4432 juste
2889 4363 3177 4432 praevaluit
3216 4362 3535 4419 hominibus

1926 4470 2094 4507 mors.
2150 4454 2289 4520 Quia
2351 4465 2535 4509 autem
2589 4457 2797 4523 absque
2858 4467 3086 4526 peccato
3148 4456 3406 4513 iuVentus
3454 4466 3539 4513 est

1926 4550 2205 4614 Cbrisms,
2246 4549 2377 4617 quid
2406 4549 2578 4619 igitur
2612 4550 2667 4603 in
2704 4549 2792 4603 illo
2818 4549 2961 4619 juris
2997 4551 3231 4605 habebat
3263 4549 3537 4618 diabolus,

212 4642 326 4695 τῶν
384 4638 692 4710 ἀνθρώπων
739 4639 766 4691 6
828 4637 1088 4701 θάνατος’
1127 4639 1249 4691 ἐπεὶ
1316 4639 1373 4691 δὲ
1427 4640 1809 4710 ἀναμάρτητος

1930 4653 1991 4697 ιιι
2027 4644 2302 4697 occideret
2335 4644 2553 4717 ipsum?
2576 4645 2752 4712 Atque
2788 4644 2861 4697 ita
2892 4645 3018 4713 quia
3055 4645 3252 4715 injuste
3286 4656 3538 4702 mortuus

213 4733 420 4803 εὑρέθη
451 4736 478 4785 6
510 4731 739 4801 Κύριος,
786 4732 838 4782 τί
871 4731 1059 4784 λοιπδν
1103 4732 1312 4785 δίκαιον
1360 4734 1446 4785 ἐπ’
1488 4734 1636 4802 αύτῷ
1670 4732 1818 4804 εἶχεν

213 4829 244 4880 6
273 4826 545 4891 διάϐολος,
583 4826 669 4877 ἵνα
697 4825 989 4895 θανατώσῃ
1024 4824 1222 4889 αύτόν;
1259 4825 1425 4877 Ὥστε
1462 4825 1589 4878 ἐπεὶ
1616 4827 1817 4890 ἀδίκως

215 4919 561 4986 ἐθανατώθη,
600 4919 855 4987 νενίκηκε
910 4919 1001 4970 τὸν
1053 4917 1451 4972 θανατώσαντα
1500 4920 1686 4985 αὐτὸν,
1724 4922 1821 4974 καὶ

214 5010 392 5073 οὕτως
426 5008 775 5081 ἠλευθέρωσε
814 5009 911 5063 καὶ
949 5010 1040 5062 τὸν
1092 5010 1272 5080 Ἀδὰμ
1322 5012 1386 5063 ὲκ
1431 5012 1526 5065 τοῦ
1560 5013 1821 5076 θανάτου,

214 5105 313 5157 τοῦ
363 5104 589 5165 δικαίως
636 5102 973 5172 ἐπαχθέντος
1038 5103 1224 5173 αύτῷ,
1276 5104 1352 5166 ὼς
1411 5106 1821 5175 ἁμαρτήσαντι.

224 5198 338 5249 Καὶ
368 5195 545 5258 ἄλλως
576 5195 634 5248 δέ
659 5213 673 5226 ο
705 5197 810 5249 Δύο
841 5192 985 5269 ἦσαν
1024 5197 1093 5249 τὰ
1124 5198 1436 5267 κρατοῦντα
1476 5200 1572 5253 τοῦ
1608 5201 1828 5272 ἀνθρω-

136 5320 141 5325 ›
219 5291 379 5341 πίλου
421 5290 639 5355 γένους,
670 5289 853 5359 ἡδονὴ,
890 5291 985 5343 καὶ
1042 5291 1192 5361 λύπη
1219 5307 1231 5319 ·
1264 5292 1352 5345 διὰ
1401 5294 1465 5362 δὴ
1504 5295 1688 5347 τοίνυν
1714 5296 1825 5350 τῶν

218 5384 316 5436 δύο
338 5382 545 5434 τούτων
566 5381 737 5433 ἐλθὼν
762 5384 789 5434 6
826 5384 1057 5453 Κύριος,
1084 5386 1354 5454 ἀήττητος
1400 5388 1621 5458 εὑρέθη.
1650 5390 1827 5459 [lpos-

223 5476 389 5528 έδαλε
427 5474 525 5544 μὲν
552 5473 659 5544 γὰρ
680 5474 831 5546 αὐτῷ
850 5476 1121 5547 πρότερον
1150 5478 1208 5531 ἐν
1236 5478 1311 5548 τῷ
1336 5480 1451 5549 ὄρει
1487 5480 1514 5531 6
1542 5482 1825 5551 πειράζων

220 5567 293 5619 δι’
324 5567 546 5635 ἡδονῆς⁹
591 5567 765 5636 εὑρὼν
814 5567 871 5620 δὲ
912 5569 1087 5641 ταύτῃ
1136 5571 1435 5636 ἀνάλωτον,
1484 5570 1715 5640 ὕστερον
1765 5575 1825 5627 τὸ

226 5661 371 5728 μέγα
420 5657 726 5727 μηχάνημα
777 5658 877 5728 τὴν
932 5658 1111 5727 λύπην
1158 5661 1537 5731 προσήγαγεν,
1592 5661 1677 5715 ἵνα
1719 5662 1824 5716 κᾶν

296 5802 341 5833 ⁷⁷
371 5801 529 5855 Num.
570 5818 718 5866 xxvi,
754 5800 786 5857 9

302 5916 379 5982 (α)
414 5915 535 5972 Edit
566 5914 688 5973 Lut.
720 5916 848 5986 legit
881 5925 1114 5985 tantum,
1150 5916 1322 5985 gloria
1357 5916 1573 5971 Christi.

1928 4748 2034 4799 est,
2091 4736 2223 4790 vicit
2253 4751 2375 4791 eum
2409 4752 2436 4788 a
2482 4753 2593 4807 quo
2628 4738 2845 4792 occisus
2877 4746 2961 4793 est
2996 4754 3013 4792 :
3064 4750 3121 4794 et
3166 4740 3245 4794 sic
3283 4739 3540 4795 liberavit

1929 4830 2197 4882 Adamum
2230 4846 2256 4882 ιι
2293 4838 2489 4884 morte.
2520 4845 2639 4898 ane
2666 4829 2740 4883 illi
2777 4831 2926 4900 juste
2960 4830 3321 4897 inferebatur,
3353 4842 3541 4903 utpote

1929 4921 1976 4973 ci
2014 4920 2105 4988 qui
2140 4932 2412 4988 peccarat.
2451 4920 2517 4975 Et
2550 4924 2748 4977 aliter:
2791 4924 2908 4979 Duo
2944 4924 3159 4979 fuerunt
3192 4942 3315 4997 qua:
3364 4927 3541 4983 domi-

1934 5013 2082 5065 nium
2130 5012 2406 5067 habebant
2454 5014 2507 5067 in
2560 5014 2859 5069 humanum
2890 5034 3111 5085 genus:
3164 5020 3438 5087 voluptas,
3486 5030 3543 5075 et.

1933 5104 2179 5158 tristitia.
2218 5105 2258 5157 Α
2293 5104 2513 5159 duobus
2547 5117 2728 5159 autem
2762 5107 2871 5161 illis
2908 5109 3144 5163 invictus
3181 5121 3431 5179 repertus
3461 5105 3557 5166 est'

1932 5200 2219 5253 Dominus.
2279 5199 2411 5252 Nam
2466 5201 2747 5256 invaserat
2807 5204 3029 5272 quidem
3084 5206 3238 5273 prius
3292 5204 3443 5258 illum
3489 5206 3544 5260 in

1933 5302 2138 5359 monte,
2174 5303 2391 5346 tentaus
2422 5310 2517 5360 per
2552 5294 2886 5363 voluptatem
2920 5314 2931 5347 :
2962 5306 3013 5349 et
3043 5313 3166 5350 cum
3195 5300 3545 5366 experiretur

1937 5385 2040 5438 hac.
2088 5387 2173 5439 via
2216 5386 2358 5439 vinci
2402 5402 2509 5439 non
2548 5402 2747 5455 posse,
2785 5388 3051 5455 majorem
3104 5401 3289 5460 postea
3330 5392 3545 5445 machi-

1938 5494 2087 5542 nam,
2124 5478 2406 5533 tristitiam
2461 5480 2693 5541 scilicet,
2752 5480 3039 5547 adhibuit,
3092 5491 3150 5534 ut
3201 5482 3395 5537 saltem
3448 5498 3546 5551 per

1937 5572 2085 5625 illam
2141 5572 2456 5627 devinceret
2502 5590 2513 5625 :
2578 5582 2633 5626 et
2671 5583 2959 5640 prepterea
3002 5578 3301 5629 commovit
3360 5578 3542 5629 omnia

1934 5675 2125 5724 contra
2160 5666 2309 5721 illum
2351 5682 2364 5719 :
2399 5666 2718 5736 discipulos,
2754 5678 2814 5723 ut
2865 5680 3162 5737 negarent;
3220 5672 3452 5735 milites,
3487 5682 3545 5729 ut
