3936 6402
483 329 617 394 1211
1331 324 1882 389 THEOPHYLACT
1887 323 1913 384 Ι
1956 322 2364 386 BULGARle
2393 321 2745 383 ARCHIEP.
3622 309 3735 374 1212

467 445 790 507 illuderent;
826 428 1239 512 praetereuntes,
1276 448 1334 494 ιιι
1363 438 1806 509 blasphemarent
1837 455 1852 504 ;
1913 448 1967 493 et
2002 441 2053 493 in

2187 438 2252 492 ;ιὰ
2280 437 2487 510 ταύτης
2513 437 2647 506 γοῦν
2680 434 2938 507 κρατήσῃ
2960 432 3125 488 αὐτοῦ
3148 450 3163 467 ο
3192 431 3288 488 καὶ
3318 432 3406 487 διὰ
3440 428 3601 486 τοῦτο
3623 450 3740 504 ιιιιρ⁴

468 556 679 597 summa
713 537 946 600 Judmos,
981 544 1040 588 ut
1066 534 1447 603 cruciligerent
1483 551 1498 599 ;
1535 543 1590 588 et
1619 535 1697 588 sic.
1726 547 1945 603 quoque
1975 532 2058 587 in-

2187 532 2384 600 κίνησε
2426 532 2603 587 πάντα
2640 530 2764 584 κατ’
2811 528 3003 593 αὑτοῦ,
3034 529 3165 593 τοὺς
3219 528 3476 600 μαθητὰς
3520 528 3741 601 ἀρνήσα-

472 632 677 686 νίοιιιιιι
720 627 1005 696 comperit.
1049 625 1166 678 Non
1230 624 1377 677 enim
1444 623 1621 691 potuit
1675 624 1857 677 crucis
1906 614 2067 679 dolor

2187 624 2323 685 ιθαι,
2344 623 2472 686 τοὺς
2495 620 2835 694 στρατιώτας
2866 620 3183 692 ἐμπαίζειν,
3215 622 3344 685 τοῦς
3376 636 3745 693 παραπορευο-

469 719 687 776 ellicere
720 729 779 771 ut
808 714 1194 785 cruciﬁgentes
1230 714 1455 769 haberet
1482 714 1608 767 odio
1632 753 1646 777 ,
1678 716 1773 768 sed
1804 714 2061 783 diligebat

2187 716 2370 779 ιένους
2424 715 2792 786 βλασφημεῖν,
2861 716 2960 771 καὶ
3030 716 3221 778 ἁπλῶς
3278 717 3410 775 τοὺς
3480 715 3746 777 Ἰουδαίους

471 827 585 877 eos,
622 817 675 864 et
733 824 830 877 pro
863 809 940 861 eis
1004 808 1193 862 orabat
1226 805 1412 859 dicens
1444 822 1457 857 :
1495 822 1513 855 ι
1554 802 1631 857 Ne
1676 812 1889 858 statuas
1931 803 2058 865 illis,

2187 807 2502 860 lava'rt‘bcat.
2563 806 2725 861 Ἀλλὰ
2750 806 2846 860 καὶ
2878 805 3053 870 οὕτως
3085 801 3247 878 εὗρεν
3278 806 3447 860 αὐτὸν
3476 807 3745 875 ἀήττητον.

473 903 653 964 Pater,
688 912 969 971 peccatmu
1028 901 1206 953 hocm
1244 896 1411 953 Vides
1439 898 1713 966 quomodo
1741 896 1933 950 vicerit
1962 910 2058 962 per

2187 901 2243 954 )6
2278 901 2388 972 γὰρ
2421 901 2662 972 ἠδυνήθη
2692 902 2749 954 ὲν
2775 900 2854 972 τῷ
2879 899 3102 973 σταυρῷ
3127 900 3275 969 λύπη
3310 902 3507 953 πεῖσαι
3541 898 3632 952 τὸν
3658 899 3750 951 Κύ-

474 1001 577 1052 hoc
636 998 834 1067 ipsum,
890 1012 986 1066 per
1036 996 1178 1062 quod
1220 995 1508 1050 videbatur
1565 995 1745 1048 victus
1783 993 1940 1048 esse?
1969 990 2061 1047 Sic

2187 1010 2292 1046 οιον
2346 993 2580 1063 μισῆσαι
2628 995 2755 1059 τοὺς
2797 995 3205 1066 σταυροῦντας,
3248 993 3385 1048 ἀλλά
3418 994 3535 1064 γὰρ
3581 993 3749 1063 ἠγάπα

474 1090 637 1157 igitur
672 1088 932 1142 exaltatio
965 1095 1020 1141 et
1049 1086 1217 1155 gloria
1250 1086 1389 1153 ejus,
1420 1099 1553 1140 crux
1587 1083 1709 1138 fuit.

2173 1086 2338 1139 πάλιν
2368 1087 2462 1140 καὶ
2489 1086 2832 1159 ύπερηύχετς
2862 1087 3069 1157 λέγων’
3117 1107 3137 1139 ι
3182 1089 3277 1157 Μὴ
3313 1088 3526 1161 στήσῃς
3554 1087 3747 1149 αὒτθῖςι

474 1183 682 1251 Πάτερ,
716 1180 815 1251 τὴν
846 1180 1128 1251 ἁμαρτίαν
1155 1178 1381 1251 ταύτην.
1429 1196 1447 1229 ι
1497 1178 1665 1249 Ὀρᾷς
1725 1193 1843 1241 πως
1900 1176 2187 1249 νενίκηκεν
2227 1180 2286 1232 ὲν
2326 1171 2372 1247 ᾧ
2403 1180 2577 1233 ἐδόκει
2644 1179 2956 1251 ἠττᾶσθαι;
3004 1179 3193 1245 Οὕτως
3231 1174 3327 1234 οῦν
3394 1179 3501 1234 καὶ
3566 1178 3752 1249 ὕψωσις

472 1274 640 1327 αὐτοῦ
674 1274 769 1326 καὶ⁵
798 1270 925 1337 δόξα
955 1271 1179 1340 γέγονεν
1216 1272 1244 1323 6
1276 1269 1530 1340 παυρῦς.

549 1364 714 1419 Vens.
750 1363 936 1419 l5-l7.
976 1382 994 1416 ι
1045 1364 1138 1419 Sic
1186 1364 1331 1418 enim
1377 1366 1518 1420 Deus
1557 1366 1747 1422 dilexit
1780 1366 2061 1430 mundum,

474 1464 533 1511 ut
587 1455 781 1510 Filium
835 1470 993 1509 suum
1033 1454 1373 1522 unigenitum
1422 1455 1612 1520 daret,
1648 1465 1704 1510 ut
1742 1457 1923 1512 omnis
1972 1457 2063 1527 qui

480 1548 649 1604 credit
682 1548 734 1601 in
766 1562 889 1603 eum
912 1587 927 1609 ,
961 1562 1063 1602 non
1098 1554 1322 1613 pereat,
1362 1548 1455 1602 sed
1486 1548 1681 1604 habeat
1716 1549 1880 1603 vitam
1908 1559 2068 1605 aeter-

479 1654 625 1695 nam.
660 1636 776 1692 Non
825 1638 972 1692 enim
1008 1637 1157 1691 misit
1196 1637 1338 1693 Deus
1368 1637 1566 1694 Filium
1624 1656 1782 1697 suum
1816 1642 1872 1695 in
1910 1657 2065 1696 mun-

480 1732 610 1786 dum
642 1740 700 1784 ut
726 1732 1055 1785 condemnet
1081 1731 1341 1785 mundum
1372 1748 1386 1785 :
1422 1732 1520 1788 sed
1550 1741 1608 1786 ut
1637 1744 1887 1789 servetur
1909 1750 2065 1789 mun—

488 1822 590 1877 dus
621 1836 717 1891 per
748 1834 895 1875 eum.
934 1840 951 1873 ι
986 1820 1118 1876 Mira
1152 1822 1244 1875 Dei
1277 1835 1403 1891 erga
1439 1826 1699 1880 mundum
1740 1825 1979 1893 dilectio,
2011 1836 2068 1883 et

484 1923 657 1979 tanta,
700 1924 761 1968 ut
790 1930 895 1969 non
926 1914 1139 1975 dederit
1175 1915 1261 1970 vel
1292 1918 1638 1984 prophetam,
1672 1919 1755 1973 vel
1785 1920 2063 1991 angelum,

482 2006 578 2061 sed
610 2003 805 2059 Filium
852 2020 1035 2067 suum,
1088 2016 1253 2075 atque
1293 2006 1446 2062 illum
1475 2009 1841 2078 unigenitum.
1884 2012 2067 2083 Ange-

483 2096 593 2151 lum
629 2099 673 2152 si
706 2097 924 2168 quidem
951 2099 1207 2167 dedisset,
1234 2115 1339 2155 non
1363 2112 1483 2157 erat
1511 2118 1597 2159 res
1627 2118 1814 2172 parva.
1846 2104 2072 2172 Quare?

482 2188 623 2257 Quia
654 2192 893 2262 angelus
926 2194 1145 2262 quidem
1178 2194 1433 2250 minister
1482 2195 1601 2265 ejus
1636 2195 1812 2252 ﬁdelis
1854 2208 1909 2254 et
1950 2214 2071 2255 ser-

483 2297 603 2346 vus,
626 2298 721 2338 nos
737 2293 914 2339 autem
938 2284 1142 2339 inimici
1171 2293 1225 2340 et
1244 2295 1544 2355 apostata:
1574 2301 1717 2341 nunc
1740 2297 1924 2343 autem
1943 2290 2073 2345 dato

486 2370 648 2441 Filio,
674 2382 878 2441 quanto
917 2372 1358 2429 excellentiorem
1406 2374 1658 2431 exhibuit
1702 2378 2067 2432 charitateml

486 2462 619 2520 Item
655 2466 701 2518 si
738 2467 936 2521 multos
965 2466 1174 2521 habens
1224 2465 1365 2521 ﬁlios
1403 2482 1569 2521 unum
1604 2466 1861 2530 dedisset.
1892 2477 1944 2521 et
1973 2468 2076 2522 hoc

489 2558 785 2615 maximum
822 2558 1015 2615 fuisset
1043 2578 1059 2627 ;
1092 2574 1235 2616 nunc
1265 2574 1395 2615 vero
1430 2560 1773 2630 Unigenitum
1800 2559 1963 2633 5“
1984 2561 2077 2617 de—

499 2652 600 2707 dit.
632 2651 805 2723 lgitur
850 2652 1064 2705 bonitas
1095 2652 1255 2721 digne
1293 2652 1563 2708 laudanda
1609 2662 1713 2709 est.
1756 2654 1945 2707 Ariani
1982 2669 2078 2707 au-

494 2744 832 2823 tem'dicunt
864 2746 1011 2812 quod
1045 2742 1369 2814 Unigeuitu:
1420 2745 1633 2799 dicatur
1660 2760 1724 2799 eo
1762 2747 1905 2815 quod
1933 2747 2079 2802 solus

499 2833 617 2905 ipse
644 2834 825 2891 factus
851 2835 920 2889 sit
959 2844 1014 2890 et
1042 2837 1295 2891 conditus
1321 2852 1350 2891 a
1381 2835 1511 2904 Deo,
1546 2838 1730 2893 omnia
1766 2848 1946 2894 autem
1973 2842 2077 2895 alia

497 2928 566 2983 ab
589 2926 700 2984 illo.
729 2928 935 2994 Quibus
964 2927 1285 2998 simpliciter
1316 2931 1741 3000 respondemus:
1775 2931 1831 2988 Si
1858 2934 2076 3003 quidem

498 3019 821 3091 Unigenitus
852 3019 1030 3074 dictus
1067 3018 1279 3085 fuisset,
1313 3035 1411 3076 nec
1452 3022 1692 3077 additum
1718 3032 1862 3079 esset
1885 3025 2076 3091 Filius,

2096 1776 2144 1833 B

2249 1384 2269 1417 α
2315 1364 2474 1419 Οὕτω
2513 1364 2621 1435 γὰρ
2662 1364 2953 1436 ἠγάπησεν
2992 1366 3022 1418 6
3055 1363 3191 1427 Θεὸς
3247 1364 3341 1417 τὸν
3372 1363 3606 1435 κόσμον,
3632 1360 3753 1416 ὥστε

2169 1458 2261 1511 τὸν
2308 1457 2437 1510 Υίὸν
2490 1454 2659 1510 αὐτοῦ
2702 1456 2796 1509 τδν
2849 1457 3119 1527 μονογενῆ
3171 1455 3398 1516 ῐδωκεν,
3459 1456 3554 1509 ἵνα
3609 1454 3755 1515 πᾶςό

2176 1550 2456 1604 πιστεύων
2486 1550 2566 1613 είς
2598 1549 2787 1613 αὑτὸν,
2830 1549 2906 1621 μὴ
2939 1549 3269 1619 ἁπόλληται,
3306 1546 3428 1602 ἀλλ’
3480 1547 3586 1621 Im
3630 1544 3757 1613 ζωὴν

2170 1642 2409 1698 αἰώνιον.
2440 1643 2518 1697 Ού
2558 1642 2668 1714 γὰρ
2691 1643 3011 1696 ἀπέστειλεν
3059 1643 3088 1695 6
3127 1641 3263 1705 Θιδς
3294 1641 3389 1693 τὸν
3420 1638 3563 1693 Υίὸν
3596 1637 3750 1692 αὐτοῦ

2158 1738 2255 1813 sic
2321 1736 2415 1789 τὸν
2474 1736 2680 1806 κόσμον
2727 1736 2815 1789 ἵνα
2870 1736 3034 1807 κρίνῃ
3072 1734 3165 1788 τὸν
3216 1735 3455 1804 κόσμον,
3518 1732 3636 1785 ἀλλ’
3683 1732 3759 1785 ἵνα

2173 1828 2320 1899 σωθῇ
2345 1830 2374 1882 6
2406 1828 2613 1899 κόσμος
2643 1828 2710 1882 δι’
2741 1827 2934 1882 αὑτοῦ.
2974 1848 2993 1880 ι
3027 1825 3206 1897 Πολλὴ
3229 1828 3264 1898 ἡ
3288 1827 3390 1897 τῆς
3423 1828 3655 1896 ἀγάπης
3678 1824 3758 1879 τοῦ

2172 1923 2311 1977 Θεοῦ
2357 1924 2493 1991 πρὸς
2536 1922 2627 1975 τὸν
2656 1922 2862 1991 κόσμον
2903 1921 3175 1986 ιπίτασις,
3208 1920 3303 1975 καὶ
3331 1919 3609 1989 τοσαύτη,
3636 1917 3760 1972 ὥστε

2139 2066 2147 2071 .
2174 2018 2275 2071 οὐκ
2298 2016 2554 2085 ἄγγελον,
2586 2016 2647 2069 ού
2678 2016 2970 2087 προφήτην
2999 2014 3205 2077 δοῦναι,
3240 2012 3378 2066 ἀλλὰ
3399 2012 3499 2066 τὸν
3532 2012 3658 2065 Υίδν
3680 2011 3762 2062 αύ-

2174 2110 2293 2175 τοῦ,
2340 2110 2435 2163 καὶ
2476 2109 2665 2162 τοῦτον
2701 2108 2989 2178 μονογενῆ.
3030 2108 3136 2161 Καὶ
3170 2105 3406 2174 ἄγγελον
3430 2104 3540 2176 μὲν
3586 2105 3694 2174 γὰρ
3718 2104 3761 2155 εί

2175 2204 2397 2269 ἔδωκεν,
2430 2202 2583 2255 οὐδὲν
2598 2201 2740 2255 οὔτω
2764 2198 2961 2271 μικρὸν
2980 2195 3047 2271 ἦν
3063 2198 3124 2253 τδ
3147 2200 3403 2269 πρᾶγμα.
3429 2196 3617 2265 Διατίς
3635 2196 3763 2251 Διότι

2176 2300 2205 2353 6
2231 2298 2334 2367 μὶν
2357 2296 2609 2365 ἄγγελος,
2643 2292 3076 2359 διάκονοςῐαύτοῦ
3105 2294 3297 2355 πιστὸς
3327 2292 3425 2346 καὶ
3455 2291 3763 2363 ὐπηρέτης·

2178 2392 2339 2462 ἡμεῖς
2380 2389 2458 2452 δὲ,
2497 2388 2682 2457 ἐχθροὶ
2717 2388 2815 2441 καὶ
2846 2386 3178 2442 ἀποστάται.
3214 2386 3333 2440 Νῦν
3365 2386 3424 2439 δὲ
3466 2386 3607 2440 Υίδν
3635 2386 3766 2447 δοὺς,

2180 2482 2343 2537 ποίαν
2393 2480 2696 2549 ὑπερϐολὴν
2733 2481 2961 2549 ἀγάπης
3002 2479 3215 2551 παρῆκε
3248 2497 3263 2547 ;
3310 2479 3511 2545 Πάλιν,
3569 2481 3619 2532 εί
3653 2478 3767 2531 πολ-

2184 2576 2311 2639 λοὺς
2340 2575 2479 2645 ἔχων
2511 2574 2681 2640 υἱοὺς,
2710 2574 2809 2629 ἕνα
2850 2573 3051 2628 δέδωκε
3074 2615 3089 2641 ,
3132 2574 3229 2628 καὶ
3257 2572 3419 2627 τοῦτο
3447 2572 3767 2644 ὑπέρμεγα·

2182 2670 2278 2721 νῦν
2312 2669 2367 2721 δὲ
2402 2666 2494 2720 τὸν
2528 2666 2809 2737 Μονογενῆ
2840 2666 3093 2721 δέδωκεν.
3128 2667 3274 2736 ’Δρα
3306 2664 3402 2719 οῦν
3428 2665 3589 2718 ἔστιν
3620 2664 3770 2730 ἀξίως

2183 2763 2422 2833 ὑμνῆσαι
2462 2760 2559 2833 τὴν
2607 2760 2947 2831 ἀγαθότητα.
2987 2760 3050 2811 Οί
3090 2760 3148 2812 δὲ
3200 2759 3479 2827 ’Δρειανοὶ
3522 2758 3770 2824 λέγουσιν

2184 2856 2269 2909 ὅτι
2320 2852 2633 2924 Μονογενὴς
2680 2853 2923 2922 λέγεται,
2970 2852 3107 2905 διότι
3153 2851 3319 2913 αὐτὸς
3350 2850 3520 2921 μόνος
3568 2851 3769 2919 γέγονε,

2185 2950 2282 3006 καὶ
2310 2951 2539 3019 ἐκτίσθη
2570 2950 2676 3003 ὑπὸ
2708 2947 2869 3012 Θεοῦ,
2914 2948 2985 3001 τὰ
3017 2944 3062 3001 δ’
3089 2946 3225 3000 ἄλλα
3254 2944 3436 2999 πάντα
3463 2944 3568 2998 ὑπ’
3595 2942 3769 2998 αὐτοῦ.

2186 3046 2329 3115 Πρὸς
2368 3042 2464 3107 οὒς
2519 3043 2724 3107 ἁπλοῦς
2771 3044 2801 3096 6
2848 3043 3029 3111 λόγος,
3078 3040 3161 3094 ὅτι
3193 3041 3256 3093 Εἰ
3307 3040 3410 3110 μὲν
3464 3039 3773 3108 Μονογινὴς

504 3116 734 3172 haberet
764 3114 1026 3169 rationem
1067 3114 1353 3183 impudens
1384 3126 1622 3170 vestrum
1656 3128 2023 3173 commentum
2060 3138 2072 3172 :

2187 3114 2411 3205 ἐλέγετο
2445 3136 2616 3206 χωρὶς
2647 3134 2742 3189 τοῦ
2775 3134 2925 3198 Υἱὸς,
2974 3127 3123 3205 εἶχεν
3173 3132 3241 3186 ἂν
3278 3132 3437 3199 λόγον
3463 3131 3531 3184 τὸ
3578 3130 3777 3200 κομψὸν

501 3219 555 3264 at
590 3223 735 3263 nunc
766 3224 889 3264 cum
940 3226 1048 3264 non
1094 3209 1269 3264 solum
1301 3209 1648 3279 Uuigenitus,
1693 3215 1787 3266 sed
1819 3221 1873 3267 et
1913 3212 2081 3267 Filius

495 3301 727 3366 dicatur,
750 3316 858 3355 non
884 3302 1147 3371 permittit
1170 3303 1250 3356 sic
1275 3304 1576 3374 intelligere
1602 3304 1949 3373 Unigenitum
1977 3306 2081 3375 (a),

497 3391 593 3447 Sed
624 3392 734 3446 vult
772 3391 917 3447 illum
946 3394 1121 3448 solum
1154 3408 1218 3448 ex
1251 3392 1416 3450 Patre
1449 3406 1654 3451 uatum.
1693 3397 1825 3452 Vide
1877 3402 2082 3465 autenf,

503 3498 624 3550 oro,
652 3486 794 3554 quod
828 3486 970 3540 sicut
999 3501 1160 3556 supra
1191 3488 1324 3542 dixit
1363 3488 1556 3564 Filium
1590 3491 1827 3547 hominis
1858 3494 2084 3548 descen-

502 3576 652 3631 disse
702 3578 769 3632 de
808 3579 969 3645 caelo,
1006 3582 1257 3649 quamvis
1318 3597 1423 3636 non
1475 3583 1815 3639 descenderit
1850 3600 1978 3639 caro
2018 3585 2086 3640 de

503 3664 665 3730 caelo,
693 3666 789 3745 sed
814 3678 1032 3737 prepter
1057 3686 1216 3723 unam
1243 3687 1530 3739 personam
1557 3684 1610 3727 et
1638 3690 1800 3727 uuam
1832 3675 2087 3745 liyposta-

502 3756 629 3821 sim,
672 3744 735 3812 ea
763 3774 884 3829 qua)
927 3761 1019 3815 Dei
1050 3774 1201 3831 sunt,
1236 3764 1485 3817 attribuit
1516 3764 1723 3819 homini
1756 3784 1767 3819 :
1795 3744 1879 3819 ita
1904 3779 1958 3820 ct
1984 3766 2088 3821 hoc

501 3848 642 3915 loco,
679 3865 740 3907 ea
772 3866 893 3921 qum
943 3854 1176 3909 hominis
1225 3866 1371 3922 sunt,
1425 3858 1678 3913 attribuit
1720 3859 1899 3916 Verbo
1956 3860 2085 3915 Deo.

503 3940 662 3997 Dedit
686 3943 851 4011 enim,
884 3946 1078 4015 inquit,
1124 3947 1264 4003 Deus
1297 3947 1490 4004 Filium
1522 3965 1680 4005 suum
1721 3952 1772 4005 in
1803 3964 2033 4007 mortem
2066 3974 2080 4010 :

502 4034 750 4103 quamvis
800 4036 1151 4103 impassibilis
1198 4042 1557 4109 permanserit
1610 4040 1807 4098 Deus:
1848 4054 2085 4099 attamen

505 4124 630 4195 quia
660 4140 803 4181 untts
836 4136 891 4182 et
931 4129 1071 4183 idem
1109 4130 1209 4184 fuit
1243 4147 1337 4199 per
1366 4133 1725 4204 hypostasim,
1753 4146 1808 4189 et
1832 4137 1921 4204 qui
1954 4135 2089 4191 Ver-

505 4217 632 4271 bum
665 4219 779 4283 Dei,
810 4227 865 4274 et
900 4221 1064 4277 homo
1092 4225 1183 4292 qui
1222 4240 1316 4294 pro
1338 4227 1496 4282 nobis
1527 4228 1758 4295 patiens,
1793 4229 1963 4283 Filius
2017 4232 2093 4285 di-

503 4308 647 4362 citur
675 4309 833 4365 datus
904 4327 1048 4376 esse,
1080 4314 1136 4369 in
1174 4326 1435 4386 quantum
1475 4328 1529 4374 et
1567 4334 1695 4375 vere
1736 4336 1950 4389 passus,
1982 4339 2089 4375 non

504 4399 559 4454 in
596 4416 690 4457 sua
722 4411 940 4471 natura,
982 4408 1075 4462 sed
1113 4410 1164 4461 in
1204 4424 1301 4465 sua
1350 4427 1537 4467 carne.
1584 4412 1735 4480 Quod
1784 4424 1965 4469 autem
2006 4415 2088 4469 lu-

504 4510 681 4561 crum,
713 4497 831 4551 dari
865 4496 1105 4553 Filium?
1133 4500 1178 4556 Ο
1212 4518 1487 4573 magnum,
1518 4514 1573 4559 et
1601 4521 1764 4577 supra
1795 4508 2086 4561 humanam
2122 4480 2165 4535 ί)

505 4596 741 4641 mentem
776 4590 788 4641 ί
826 4598 883 4642 ιιι
918 4592 1098 4646 omnis
1126 4595 1216 4662 qui
1249 4597 1419 4650 credit
1446 4598 1497 4652 in
1530 4598 1703 4665 illum,
1732 4598 1841 4655 duo
1879 4602 1965 4655 illa
2002 4601 2088 4655 lu-

506 4684 691 4730 cretur
728 4694 741 4731 :
779 4694 941 4733 unum
981 4683 1195 4748 quidem
1220 4726 1234 4748 ,
1285 4688 1428 4753 quod
1480 4704 1585 4743 non
1623 4691 1761 4757 perit
1793 4710 1805 4759 ;
1836 4692 2090 4757 alterum,

506 4769 649 4838 quod
696 4770 859 4824 vitam
920 4774 1116 4842 habet,
1152 4788 1316 4847 atque
1367 4780 1535 4833 vitam
1590 4793 1876 4839 mternam.
1926 4785 2093 4841 Vetus

505 4860 649 4914 enim
681 4862 763 4917 lex
806 4866 1155 4933 promittebat
1183 4884 1279 4943 eos
1310 4872 1399 4939 qui
1440 4873 1491 4926 in
1520 4873 1608 4927 illa
1644 4874 1753 4929 Deo
1786 4878 2088 4945 placebant,

509 4951 811 5022 implendas
848 4959 1184 5028 longitudine
1226 4965 1435 5019 dierum
1473 4985 1486 5021 :
1526 4968 1878 5039 Evangelium
1908 4981 2087 5027 autem

514 5058 624 5097 non
691 5052 1074 5117 temporariam
1127 5056 1289 5110 vitam
1346 5058 1596 5128 largitur,
1670 5064 1763 5116 sed
1830 5074 2087 5119 aeternam

510 5141 568 5186 et
607 5134 1061 5195 indissolubilem.
1098 5145 1233 5209 Quia
1286 5149 1429 5201 enim
1488 5152 1594 5205 duo
1647 5163 1775 5209 sunt
1824 5156 2090 5211 adventus

509 5222 735 5295 Christi,
765 5237 819 5283 et
854 5229 945 5285 ille
969 5234 1059 5299 qui
1099 5234 1220 5302 fuit,
1251 5246 1307 5292 et
1331 5237 1417 5294 ille
1444 5244 1533 5311 qui
1564 5254 1822 5301 venturus
1857 5258 1940 5302 est
1972 5265 1985 5302 :
2024 5250 2091 5301 de

576 5384 626 5417 "
654 5385 787 5443 Luc.
810 5405 967 5457 xxm,
999 5392 1089 5448 54.
1170 5396 1257 5451 "I
1288 5396 1443 5455 Joan.
1482 5419 1555 5458 ιν.
1589 5404 1641 5459 9.

2189 3230 2344 3298 ὑμῶν
2399 3228 2620 3297 εὕρημα
2648 3246 2658 3258 ·
2692 3229 2787 3281 νῦν
2817 3228 2873 3281 δὲ
2912 3232 3052 3298 μετὰ
3085 3225 3180 3279 τοῦ
3205 3223 3561 3292 Μονογενοῦς
3594 3226 3688 3277 καὶ
3725 3222 3779 3274 τδ

2189 3326 2319 3387 Υἱὸς
2350 3323 2667 3391 λεγόμενον,
2697 3322 2757 3373 οὐ
2781 3321 2996 3373 δίδωσιν
3016 3317 3159 3371 οὕτω
3183 3320 3325 3370 νοεῖν
3352 3315 3445 3369 τὸν
3469 3314 3775 3383 Μονογενῆ,

2186 3417 2323 3473 ἀλλὰ
2356 3417 2446 3469 τὸν
2483 3416 2645 3485 μόνον
2678 3412 3010 3482 γεννηοέντα
3041 3412 3105 3477 ὲκ
3149 3409 3243 3463 τοῦ
3274 3409 3516 3477 Πατρὸς.
3556 3409 3702 3479 Ὅρα
3729 3405 3779 3460 δέ

2192 3528 2303 3581 μοι,
2334 3510 2415 3562 ὅτι
2445 3508 2634 3578 ὥσπερ
2671 3507 2783 3560 ἄνω
2809 3502 2985 3569 εἶπεν,
3018 3505 3099 3557 ὅτι
3139 3506 3166 3557 6
3192 3503 3321 3566 Υίδς
3352 3502 3447 3555 τοῦ
3487 3500 3778 3571 ἀνθρώπου

2190 3602 2396 3671 κατέῦη
2434 3604 2498 3653 ὲκ
2537 3598 2633 3653 τοῦ
2664 3597 2924 3669 ούρανοῦ,
2953 3596 3131 3650 καίτοι
3163 3596 3224 3649 οὐ
3256 3593 3463 3664 κατέϐη
3495 3594 3532 3663 ἡ
3565 3593 3703 3665 σὰρξ
3727 3593 3781 3643 ἐκ

2188 3696 2282 3749 τοῦ
2315 3692 2579 3762 ούρανοῦ,
2622 3691 2738 3743 ἀλλ’
2782 3691 2933 3760 ὅμως
2990 3688 3080 3741 διὰ
3124 3686 3186 3739 τὸ
3226 3686 3283 3739 ἓν
3317 3686 3646 3756 πρόσωπον,
3698 3682 3782 3736 καὶ

2189 3790 2289 3851 τὴν
2340 3786 2471 3855 μίαν
2513 3784 2843 3845 ὑπόστασιν,
2894 3780 2965 3833 τὰ
3010 3779 3105 3833 τοῦ
3157 3778 3294 3832 Θεοῦ
3345 3778 3669 3848 προσέθηκε
3714 3775 3781 3842 τῷ

2192 3877 2497 3949 ἀνθρώπῳο
2524 3876 2669 3929 οῦτω
2696 3872 2979 3927 κάνταῦθα
3007 3874 3067 3924 τὸ
3089 3870 3328 3941 ἔμπαλιν
3350 3868 3419 3922 τὰ
3448 3869 3551 3922 τοῦ
3584 3866 3784 3935 ἀνθρώ-

2193 3989 2296 4024 που
2327 3968 2650 4040 προστίθησι
2677 3965 2755 4036 τῷ
2785 3964 2904 4034 Θεῷ
2934 3965 3111 4034 Λόγῳ.
3142 3963 3354 4017 Ἔδωκε
3383 3962 3517 4033 γὰρ,
3551 3962 3784 4033 φησὶν,ό

2192 4059 2327 4115 Θεὸς
2354 4057 2445 4109 τὸν
2473 4056 2603 4109 Υἱὺν
2630 4052 2798 4108 αὑτοῦ
2832 4056 2913 4117 εἰς
2940 4052 3193 4106 θάνατον·
3225 4053 3402 4106 καίτοι
3424 4054 3453 4106 6
3485 4052 3629 4116 Θεὸς
3655 4056 3785 4107 dna-

2194 4150 2291 4221 Θὴς
2322 4149 2593 4219 διέμεινεν
2618 4165 2631 4179 ·
2664 4146 2784 4200 ἀλλ’
2816 4146 2938 4201 ἐπεὶ
2987 4140 3071 4209 εἷς
3102 4147 3195 4200 καὶ
3222 4147 3250 4199 6
3294 4146 3458 4209 αὐτὸς
3498 4146 3632 4200 καθ’
3666 4146 3785 4199 ὑπό-

2196 4260 2388 4297 στασιν
2434 4238 2500 4313 ἦν
2541 4244 2568 4295 ὅ
2616 4259 2676 4295 τε
2711 4242 2806 4295 τοῦ
2857 4241 2994 4295 Θεοῦ
3050 4242 3255 4310 Λόγος,
3316 4240 3413 4293 καὶ
3462 4242 3491 4293 6
3538 4242 3617 4294 τὰ
3654 4240 3786 4309 πάύη

2197 4336 2564 4403 ὑφιστάμενος
2591 4334 2880 4404 ἄνθρωπος
2903 4353 2915 4366 ·
2952 4336 2981 4388 ὁ
3018 4334 3146 4397 Υἱὸς
3174 4332 3394 4401 λέγεται
3435 4331 3709 4396 διδῧσθαι,
3738 4331 3787 4393 ὃς

2198 4428 2291 4480 καὶ
2336 4426 2553 4496 ἀληθῶς
2585 4427 2828 4495 ἔπασχεν
2864 4428 2924 4481 ὲν
2954 4429 3021 4497 τῇ
3051 4426 3231 4497 οίκείᾳ
3260 4423 3424 4495 σαρκί
3456 4424 3599 4493 (I9).
3638 4425 3701 4479 Τί
3741 4425 3789 4477 δὲ

2195 4516 2257 4569 τὸ
2286 4516 2475 4585 κέρδος
2503 4515 2597 4569 τοῦ
2631 4516 2856 4587 δοθῆναι
2890 4516 2983 4570 τὸν
3016 4517 3181 4581 Υίόν;
3230 4516 3317 4578 '0;
3353 4516 3500 4585 μέγα
3530 4520 3633 4569 καὶ
3663 4516 3789 4585 ὑπὲρ

2197 4608 2410 4661 ἔννοιαν
2445 4607 2825 4678 ἀνθρωπίνην,
2862 4607 2951 4661 ἴνα
2982 4608 3090 4671 πᾶς
3121 4609 3149 4659 6
3183 4605 3460 4660 πιστεύων
3507 4607 3592 4669 είς
3616 4606 3786 4670 αὐτὸν,

2195 4699 2287 4753 δύο
2316 4700 2490 4753 ταῦτα
2531 4700 2768 4773 κερδάνῃ
2790 4715 2803 4728 ⁵
2838 4700 2897 4754 ἓν
2932 4702 3055 4770 μὲν,
3088 4700 3148 4753 τὺ
3181 4700 3257 4769 μὴ
3305 4700 3617 4753 ἀπολέσθαι
3640 4718 3656 4731 '
3686 4702 3789 4754 Ξτε-

2201 4810 2291 4863 ρον
2329 4793 2425 4856 δὲ,
2474 4793 2535 4845 τὸ
2579 4793 2677 4845 καὶ
2725 4791 2873 4861 ζωὴν
2918 4792 3086 4864 ἔχειν,
3137 4794 3233 4846 καὶ
3285 4794 3496 4864 ταύτην
3553 4794 3785 4847 αἰώνιον.

2209 4882 2269 4936 'll
2309 4883 2408 4953 μὲν
2443 4884 2549 4953 γὰρ
2592 4883 2826 4948 Παλαιὰ,
2885 4886 3013 4946 τοὺς
3064 4888 3123 4939 ἐν
3148 4885 3319 4955 ταύτῃ
3359 4885 3787 4957 εύαρεστοῦντας

2200 4976 2276 5047 τῷ
2309 4978 2450 5048 Θεῷ,
2492 4977 2839 5049 μικρότητος
2866 4979 3095 5049 ἡμερῶν
3130 4980 3414 5051 ὲμπιπλᾷν
3452 4980 3784 5051 ὑπισχνεῖτο*

2200 5070 2260 5122 τὸ
2304 5071 2361 5123 δὲ
2390 5070 2747 5138 Εὑαγγέλιον,
2774 5072 2834 5123 οὐ
2868 5072 3195 5143 προσκαίρῳ
3223 5071 3336 5143 ζωῇ
3389 5073 3783 5143 φιλοτιμεῖται,

2198 5162 2334 5215 ἀλλὰ
2361 5164 2455 5215 καὶ
2489 5165 2695 5235 αἰωνίῳ
2720 5166 2818 5219 καὶ
2850 5164 3201 5237 ἁκαταλύτῳ.
3254 5167 3412 5220 Ἐπεὶ
3441 5167 3502 5221 δὲ
3536 5168 3629 5221 δύο
3661 5166 3786 5220 είσὶν

2200 5254 2256 5305 αἱ
2290 5252 2383 5307 τοῦ
2436 5255 2673 5325 Χριστοῦ
2715 5256 3041 5327 παρουσίαι,
3085 5258 3121 5329 ἠ
3165 5274 3226 5310 τι
3281 5257 3386 5328 ήδη
3421 5260 3784 5331 γεγενημένη,

1468 5522 1559 5581 Ex
1594 5521 1941 5586 collatione
1974 5531 2157 5593 codd.
2196 5532 2427 5593 Venet.
2462 5531 2522 5592 S.
2558 5532 2780 5594 Muret.

580 5634 691 5705 (l9)
731 5635 866 5691 Cod.
920 5638 981 5692 31
1018 5639 1268 5710 plenius:
1309 5645 1404 5708 ’ος
1433 5647 1523 5699 καὶ
1554 5648 1769 5719 ἀληθῶς
1796 5652 2052 5724 ἔπασχεν,

2196 5656 2259 5723 τῇ
2291 5655 2470 5724 οἰκεία
2507 5654 2690 5721 φύσει,
2729 5655 2866 5711 ἀλλὰ
2902 5659 2965 5728 τῇ
2996 5655 3173 5728 οἰκείᾳ
3204 5658 3391 5731 σαρκί.

583 5775 659 5845 (α)
688 5776 827 5833 Εᾱίι.
862 5778 980 5836 Lut.
1017 5802 1119 5839 non
1152 5789 1303 5843 habet
1344 5789 1685 5853 unigenitum.
