3936 6432
240 371 379 441 12H

912 372 1372 436 ENARRATIO
1412 373 1498 436 IN
1538 372 1855 437 EVANGE

1963 369 2055 435 1M
2093 372 2717 443 JOANNIS.—CAP.
2766 377 2891 442 III.

3449 377 3592 450 1214

238 494 386 567 καὶή
412 491 700 565 μέλλουσα,
728 491 858 563 περὶ
881 492 985 563 τῆς.
1032 489 1312 565 προτέρας
1340 493 1494 563 λέγει
1517 495 1850 567 παρουσίας,

1963 494 2145 565 priore
2172 498 2409 554 adventu
2447 498 2603 567 dicit,
2633 497 2783 571 quod
2817 512 2927 555 non
2960 495 3167 556 missus
3196 496 3269 555 sit
3298 495 3475 554 Filius
3513 508 3581 556 ut

237 588 321 642 δτι
352 588 455 640 οὐκ
484 584 767 656 ἀπεστάλη
800 587 828 638 6
852 583 981 649 Υἰδς
1039 585 1129 646 ἵνα
1158 586 1470 659 κατακρίνῃ
1497 585 1590 640 τὸν
1622 587 1849 657 κόσμον.

253 678 411 735 Ἐπεὶ
441 680 490 734 εί
524 680 618 732 ἰπὶ
670 676 833 733 τοῦτο
857 674 1016 752 ἦλθε,
1055 681 1262 744 πάντες
1286 680 1356 736 ἂν
1398 683 1814 756 κατεκρίθησαν
1834 701 1849 716 ο

241 772 446 837 πάντες
472 771 581 842 γάρ
615 771 893 842 ἥμαρτον,
921 771 1067 827 καθά
1099 774 1197 827 καὶ
1227 773 1446 839 Παῦλός
1478 792 1650 845 φησιν
1669 792 1684 808 ·
1714 775 1855 830 ἀλλά

243 862 681 934 προηγουμένως
716 863 808 917 ἐπὶ
850 864 911 918 τὸ
944 864 1123 919 σῶσαι
1177 864 1272 920 τδν
1325 866 1534 937 κόσμον
1564 862 1723 939 ἦλθε,
1756 870 1855 924 καὶ

242 958 403 1013 τοῦτο
432 958 636 1022 σκοπὸς
664 953 734 1029 ἦν
761 958 911 1030 αὐτῷ
934 974 949 989 ·
985 958 1129 1014 κατά
1178 960 1536 1032 συμϐεϐηκὸς
1575 962 1633 1016 δὲ
1670 963 1852 1035 κρίνει

240 1056 369 1119 τοὺς
402 1054 478 1126 μὴ
516 1055 946 1120 πιστεύσαντας.
992 1057 1054 1111 'O
1089 1058 1279 1129 μέντοι
1312 1058 1615 1123 Μωσαῖκὸς
1658 1061 1849 1133 νόμος,

241 1149 680 1220 προηγουμένως
711 1150 794 1213 είς
826 1149 1054 1221 ἔλεγχον
1082 1149 1187 1221 τῆς
1237 1150 1520 1223 ἁμαρτίας
1548 1147 1683 1224 ἦλθε
1703 1192 1721 1220 ,
1756 1155 1855 1208 καὶ

238 1240 579 1312 κατάκρισιν
605 1239 717 1294 τῶν
737 1241 1221 1311 παραόαινόντων.
1251 1243 1448 1297 Οὐδενὶ
1477 1244 1590 1317 ⁸σάρ
1616 1243 1855 1316 συνεχώ-

241 1349 345 1402 ρει,
378 1332 496 1386 ἀλλ’
532 1332 651 1403 ἅμα
696 1350 759 1387 τε
805 1326 969 1405 εὗρεν
1017 1334 1414 1405 ἁμαρτάνοντά
1451 1353 1541 1404 τι,
1591 1337 1689 1391 καὶ
1732 1337 1853 1408 ἅμα

236 1426 339 1495 τὴν
376 1425 534 1496 δίκην
568 1426 796 1496 ἐπῆγεν.
838 1427 903 1482 Ἥ
944 1428 1047 1499 μὲν
1083 1424 1179 1483 οὖν
1212 1429 1408 1501 πρώτη
1439 1431 1717 1502 παρουσία
1750 1431 1854 1487 οὐκ

238 1515 355 1592 εἶχε
384 1519 590 1574 σκοπὸν
612 1520 674 1572 τδ
698 1521 934 1592 κρίνειν.
959 1523 1008 1575 εί
1038 1522 1114 1594 μὴ
1155 1524 1301 1577 κατά
1327 1524 1700 1597 ωμδεδηκδς’
1723 1526 1854 1592 τοὺς

238 1612 696 1685 ἀπιστήσαντας·’
729 1608 879 1669 οὗτοι
925 1615 1037 1687 γάρ
1075 1616 1178 1688 ήδη
1218 1616 1507 1690 κέκρινται
1549 1637 1563 1651 ο
1623 1620 1655 1689 ἠ
1698 1619 1757 1673 δέ
1786 1636 1853 1690 γε

1958 588 2297 646 condemnet
2322 594 2628 657 mundum;
2665 591 2796 665 quia
2827 590 2873 647 si
2908 598 3135 662 propter
3170 590 3276 648 hoc
3310 591 3585 662 venisset,

1957 676 2312 739 condemnati
2365 684 2601 742 fuissent
2656 684 2848 755 utique
2898 698 3115 742 omnes.
3167 682 3375 742 Omnes
3425 684 3581 741 enim

1957 785 2337 845 peccaverunt
2359 773 2432 842 ⁸⁸,
2466 776 2613 833 sicut
2640 783 2704 830 ει
2733 774 2937 831 Paulus
2961 775 3120 832 dicit.
3155 775 3267 832 Sed
3303 789 3585 846 praecipue

1957 868 2025 923 ad
2058 869 2164 924 hoc
2197 869 2370 935 venit,
2417 878 2479 923 ut
2510 867 2780 924 mundum
2829 877 3102 935 servaret,
3136 877 3301 939 atque
3330 869 3447 926 haec
3487 868 3589 925 in-

1960 962 2135 1017 tentio
2167 962 2289 1034 eius
2333 961 2439 1018 fuit
2480 978 2496 1015 :
2555 976 2657 1040 per
2693 961 2956 1017 accidens
2991 972 3179 1017 autem
3225 959 3440 1030 iudicat
3484 974 3584 1017 eos

1959 1053 2054 1123 qui
2105 1068 2217 1109 non
2262 1050 2642 1109 crediderunt.
2692 1046 2807 1107 Lex
2839 1065 2972 1105 vero
3022 1048 3267 1106 Mosaica
3309 1050 3590 1123 przecipue

1957 1144 2131 1209 venit,
2165 1153 2225 1200 ut
2260 1144 2698 1216 reprehenderet
2753 1153 3069 1215 peccatum,
3100 1153 3158 1201 et
3188 1144 3593 1207 condemnaret

1956 1238 2412 1309 prmvaricantes.
2443 1237 2767 1295 Nuilienim
2794 1238 3057 1309 ignoscit,
3090 1238 3188 1295 sed
3209 1236 3375 1294 simul
3409 1247 3585 1310 atque

1959 1330 2249 1393 invenerit,
2278 1338 2605 1403 peccantem
2652 1330 2709 1386 in
2746 1330 2960 1404 aliquo,
2995 1344 3219 1402 poenam
3259 1330 3451 1388 infert.
3484 1329 3594 1388 ita-

1958 1438 2068 1495 que
2099 1424 2316 1497 primus
2346 1424 2620 1481 adventus
2652 1436 2761 1481 non
2811 1434 3044 1498 propter
3068 1424 3342 1496 judicium
3383 1426 3589 1494 factus.

1958 1519 2065 1574 nisi
2094 1533 2194 1590 per
2217 1518 2498 1584 accidens,
2525 1516 2788 1586 iudicans
2818 1531 2916 1575 eos
2940 1518 3036 1589 qui
3063 1534 3176 1575 non
3207 1517 3586 1585 crediderunt,

1957 1613 2049 1685 qui
2083 1612 2452 1683 iamiudicati
2491 1620 2657 1681 sunt;
2689 1610 2972 1670 secundus
3000 1627 3134 1669 vero
3156 1612 3265 1669 erit
3295 1620 3357 1668 ut
3392 1626 3589 1668 omnes

235 1706 473 1777 δευτέρα
503 1708 800 1779 παρουσία,
822 1709 1044 1774 πάντως
1060 1711 1153 1764 ἐπὶ
1183 1710 1262 1780 τῷ
1287 1711 1500 1777 πάντας
1524 1713 1733 1784 κρῖναι,
1754 1712 1851 1767 καὶ

1963 1708 2190 1780 ludicet,
2233 1716 2288 1763 et
2317 1707 2619 1779 unicuique
2652 1707 2963 1764 secundum
2989 1721 3160 1779 opera
3196 1722 3297 1764 sua
3322 1707 3517 1764 faciat.

242 1799 540 1857 ἀποδοῦναι
582 1801 800 1875 ἑκάστῳ
848 1803 996 1858 κατά
1050 1804 1122 1881 τά
1168 1804 1309 1878 ἔργα
1380 1805 1575 1870 αὐτοῦ,
1623 1806 1853 1878 γενήσε-

240 1910 353 1950 ται.

319 2009 339 2043 ε
400 1991 443 2045 O
485 1990 761 2046 πιστεύων
795 1992 877 2055 είς
905 1990 998 2046 τὸν
1029 1992 1182 2059 Υίὸν,
1215 1992 1276 2047 ού
1308 1993 1563 2066 κρίνεται
1586 2010 1600 2023 θ
1634 1997 1663 2049 ὁ
1685 1995 1743 2050 δὲ
1776 1994 1853 2067 μὴ

242 2083 541 2152 πιστεύων,
576 2084 679 2157 ήδη
704 2084 990 2157 κέκριται,
1023 2087 1107 2141 ὃτι
1140 2088 1215 2157 μὴ
1248 2089 1624 2143 πεπίστευκεν
1670 2091 1753 2152 είς
1791 2090 1854 2144 τὸ

236 2173 413 2246 ὄνομα
441 2172 539 2229 τοῦ
571 2175 903 2246 μονογενοῦς
943 2174 1074 2229 Υίοῦ
1103 2174 1199 2230 τοῦ
1240 2175 1401 2231 Θεοῦ.
1436 2176 1588 2249 Αὕτη
1618 2176 1676 2232 δέ
1702 2178 1856 2232 ἐστιν

237 2265 274 2337 ή
321 2265 541 2337 κρίσις,
575 2265 658 2321 ὅτι
703 2267 763 2320 τὸ
821 2267 941 2338 φῶς
988 2264 1156 2341 ἦλθεν
1207 2269 1289 2330 είς
1337 2268 1432 2324 τὸν
1478 2270 1706 2341 κόσμον,
1758 2272 1855 2325 καὶ

237 2358 541 2430 ἠγάπησαν
593 2362 643 2415 oi
696 2359 984 2432 ἄνθρωποι
1049 2360 1256 2432 μᾶλλον
1304 2361 1367 2417 τὸ
1423 2363 1653 2431 σκότος,
1698 2364 1733 2437 ἢ
1792 2364 1857 2419 τὸ

241 2450 387 2521 φῶς·
434 2446 504 2522 ἦν
561 2452 674 2523 γὰρ
719 2454 939 2525 πονηρὰ
1001 2455 1187 2509 αὐτῶν
1227 2454 1299 2510 τὰ
1364 2454 1527 2526 ἔργα.
1575 2456 1692 2522 Πᾶς
1742 2456 1854 2527 γὰρ

235 2544 269 2597 6
310 2541 495 2613 φαῦλα
530 2545 830 2617 πράσσων,
868 2549 1023 2618 μισεῖ
1074 2546 1136 2604 τὸ
1170 2547 1311 2618 φῶς,
1354 2549 1452 2602 καὶ
1496 2549 1599 2603 οὐκ
1630 2548 1855 2621 ἔρχεται

241 2640 382 2706 πρὸς
425 2636 489 2691 τὸ
536 2637 677 2708 φῶς,
726 2640 816 2694 ἵνα
865 2641 943 2712 μὴ
1005 2642 1243 2716 ἐλεγχθῇ
1306 2642 1378 2697 τά
1444 2641 1584 2715 ἔργα
1645 2644 1853 2700 αὐτοῦ’

238 2730 267 2786 δ
312 2730 371 2785 δὲ
410 2731 583 2786 ποιῶν
630 2732 733 2807 τὴν
786 2733 1075 2807 ἀλήθειαν,
1112 2736 1340 2808 ερχεται
1390 2738 1530 2810 πρὸς
1590 2739 1654 2792 τὸ
1712 2740 1853 2809 φῶς,

240 2822 331 2879 ἵνα
372 2824 667 2898 φανερωθῇ
724 2827 895 2881 αὑτοῦ
950 2829 1021 2884 τὰ
1072 2828 1235 2899 ἔργα,
1285 2830 1370 2885 ὅτι
1422 2832 1483 2885 ιν
1529 2831 1653 2903 Θεῷ
1706 2832 1856 2887 ἐστιν

238 2916 606 2987 εἰργασμένα.
638 2936 657 2977 ι
697 2918 763 2971 Τί
795 2920 967 2985 ἐστιν,
1005 2938 1025 2974 ε
1075 2919 1134 2975 'O
1164 2921 1443 2976 πιστεύων
1471 2923 1555 2987 είς
1580 2923 1673 2977 τὸν
1700 2923 1852 2991 Υἱὸν,

240 3010 301 3063 οὐ
333 3011 619 3080 κρίνεταις
660 3029 679 3063 ι
720 3006 868 3085 Ἆρα
899 3013 1032 3086 γὰρ,
1067 3014 1165 3068 εὰν
1206 3014 1531 3087 ἀκάθαρτον
1566 3018 1671 3091 ἔχῃ
1707 3015 1852 3089 βίον,

239 3101 300 3155 ού
328 3102 575 3173 κρίνεται
598 3120 613 3171 ;
639 3104 897 3160 Μάλιστα
937 3108 1039 3177 μὲν
1087 3108 1217 3172 τοὺς
1258 3108 1542 3173 τοιούτους
1564 3107 1689 3162 οὐδὲ
1721 3126 1856 3183 γνη-

1884 1858 1929 1914 Β

2036 1980 2202 2037 Vens.
2229 1976 2419 2037 1841.
2448 1996 2466 2032 ι
2494 1977 2599 2046 Qui
2624 1977 2804 2036 credit
2822 1977 2876 2034 in
2899 1976 3249 2046 Filium,non
3264 1977 3588 2052 iudicatur:

1960 2074 2056 2147 qui
2088 2088 2221 2132 vero
2265 2088 2372 2130 nou
2415 2072 2630 2139 credit,
2676 2073 2791 2144 iam
2819 2072 3102 2140 judicatus
3139 2081 3248 2140 est,
3305 2075 3435 2145 quia
3472 2090 3585 2134 non

1960 2154 2200 2226 credidit
2225 2168 2277 2224 in
2300 2182 2498 2224 nomen
2524 2166 2796 2239 unigeniti
2821 2165 2947 2222 Filii
2981 2164 3106 2223 Dei.
3134 2165 3264 2225 Haec
3286 2175 3375 2225 est
3399 2177 3583 2225 autem

1962 2262 2385 2331 condemnatio,
2420 2261 2570 2332 quod
2616 2261 2708 2317 lux
2738 2260 2895 2317 venit
2948 2260 3006 2316 iu
3048 2260 3319 2317 mundum
3346 2300 3364 2328 ,
3400 2270 3457 2319 et
3500 2261 3592 2320 di-

1961 2357 2222 2413 lexerunt
2244 2355 2505 2412 homines
2526 2353 2702 2427 magis
2718 2352 2983 2410 tenebras
3002 2368 3172 2425 quam
3192 2353 3394 2412 lucem.
3414 2354 3591 2412 Erant

1962 2453 2111 2509 enim
2158 2446 2351 2507 eorum
2403 2464 2571 2522 opera
2612 2447 2785 2506 maia.
2837 2446 3037 2507 Omnis
3084 2449 3234 2507 enim
3289 2449 3385 2520 qui
3442 2449 3631 2507 mala‘

1962 2546 2098 2613 agit,
2128 2543 2247 2598 odit
2276 2542 2485 2608 lucem,
2546 2554 2652 2596 nec
2680 2538 2832 2595 venit
2861 2538 2930 2594 ad
2956 2538 3159 2604 lucem,
3189 2552 3261 2593 ne
3283 2545 3593 2610 arguantur

1960 2653 2131 2709 opera
2162 2637 2357 2705 ipsius.
2389 2632 2495 2703 Qui
2545 2643 2731 2689 autem
2761 2642 3033 2707 operatur
3068 2634 3385 2701 veritatem,
3436 2635 3593 2691 venit

1963 2733 2028 2786 ad
2063 2733 2243 2787 lucem
2266 2774 2284 2798 ,
2312 2739 2375 2784 ut
2404 2728 2703 2801 conspicua
2747 2728 2884 2784 ﬂant
2914 2726 3057 2784 facta
3091 2728 3293 2801 ipsius,
3320 2727 3467 2799 quod
3488 2742 3595 2801 per

1964 2825 2134 2881 Deum
2158 2825 2269 2880 sint
2293 2824 2462 2881 facta.
2508 2842 2527 2876 ι
2559 2822 2701 2888 Quid
2743 2830 2847 2887 est,
2899 2841 2918 2875 ι
2954 2821 3058 2890 Qui
3085 2822 3263 2878 credit
3291 2821 3346 2876 in
3385 2819 3591 2878 Filium

1963 2919 2127 2993 55.5
2158 2912 2267 2975 non
2297 2917 2620 2989 iudicatur?
2656 2936 2675 2971 ι
2714 2915 2975 2987 Nunquid
3006 2916 3052 2972 si
3088 2916 3429 2973 immundam
3461 2930 3593 2986 ege-

1964 3018 2035 3072 rit
2086 3017 2291 3081 vitam,
2344 3028 2453 3068 non
2507 3011 2826 3084 iudicatur?
2874 3010 3115 3067 Maxime
3167 3010 3411 3081 quidem.
3464 3007 3590 3068 Non

1960 3112 2108 3169 enim
2142 3125 2270 3167 vere
2297 3108 2489 3166 iideles
2539 3116 2669 3164 sunt
2704 3106 3003 3178 eiusmodi,
3054 3116 3113 3162 ut
3162 3106 3367 3162 Paulus
3394 3106 3531 3163 dicit
3569 3123 3585 3162 :

242 3196 374 3261 σίως
413 3200 644 3263 πιστοὺς
684 3200 712 3253 6
746 3199 961 3265 Παῦλός
1001 3218 1161 3272 φησι.
1215 3221 1235 3255 ε
1282 3202 1417 3256 Θεὸν
1466 3202 1598 3275 γάρ,
1649 3204 1848 3275 φησὶν.

1966 3223 1985 3258 ε
2031 3206 2198 3260 Deum
2236 3205 2384 3260 enim
2409 3244 2424 3265 ,
2473 3201 2689 3269 inquit,
2727 3200 2973 3257 fatentur
3006 3215 3068 3256 se
3109 3199 3293 3264 scire,
3326 3200 3591 3271 operibus

237 3288 601 3360 ὁμολογοῦσιν
622 3292 844 3359 εἰδέναι,
867 3297 982 3359 τοῖς
1008 3294 1065 3349 δὲ
1089 3295 1276 3367 ἔργοις
1299 3295 1620 3366 ἀρνοῦνται.
1659 3315 1678 3349 ι
1704 3296 1855 3369 Πλὴν

239 3380 478 3436 ἐνταῦθα
512 3382 671 3436 τοῦτό
706 3401 894 3455 φησιν,
923 3385 1005 3439 ὅτι
1037 3385 1163 3440 κατ’
1192 3386 1327 3441 αὐτὸ
1353 3385 1515 3441 τοῦτο
1536 3388 1596 3442 τὸ
1628 3389 1857 3443 πιστεῦ-

242 3487 367 3536 σαι,
400 3474 461 3527 οὐ
504 3474 777 3546 κρίνεται·
809 3476 921 3529 τῶν
951 3477 1139 3549 μέντοι
1173 3478 1429 3551 πονηρῶν
1479 3479 1665 3552 ἔργων
1692 3481 1856 3552 χαλεα

243 3567 500 3637 πωτέρας
536 3568 771 3635 εὐθύνας
810 3570 1003 3625 δώσει·
1047 3572 1312 3639 ἀπιστίας
1344 3573 1402 3628 δὲ
1442 3574 1631 3629 Ξνεκεν
1655 3575 1720 3628 ού
1760 3592 1858 3630 xo-

239 3659 501 3726 λάζεται·
536 3663 687 3732 suae
713 3663 822 3736 γάρ
847 3666 1196 3721 ἐπίστευσεν.
1229 3685 1248 3719 ι
1286 3666 1346 3722 '0
1366 3663 1424 3721 δὲ
1450 3668 1527 3739 μὴ
1554 3669 1853 3735 πιστεύων,

238 3754 342 3827 ἥδη
381 3757 666 3830 κέκριται.
710 3776 728 3810 ι
766 3742 926 3826 Πῶς;
960 3759 1191 3831 Πρῶτον
1229 3761 1367 3832 μὲν,
1400 3761 1486 3815 δτι
1520 3762 1616 3816 καὶ
1643 3761 1786 3836 αῦτη
1819 3764 1854 3835 ή

239 3849 472 3906 ἀπιστία
516 3850 852 3924 κατάκρισίς
897 3853 1040 3909 ἐστι.
1081 3853 1158 3908 Τὸ
1203 3854 1317 3926 γάρ
1351 3854 1514 3919 ἐκτὸς
1559 3852 1704 3911 εἶναι
1757 3855 1854 3913 τοῦ

240 3944 445 4015 φωτὸς,
472 3943 608 3999 αύτδ
640 3946 803 4017 μόνον
832 3946 1080 4019 τιμωρία
1127 3948 1386 4021 μεγίστη.
1424 3950 1663 4005 Ἔπειτα
1693 3952 1741 4005 εί
1777 3950 1855 4025 μὴ
1882 4010 1885 4011 ν

238 4036 337 4091 καὶ
369 4037 628 4093 ιντεῦθεν
677 4039 778 4111 ήδη
830 4042 897 4112 τῇ
953 4041 1149 4114 γεέννῃ
1199 4042 1425 4109 δίδοται,
1463 4044 1584 4099 ἀλλ’
1628 4041 1725 4099 οῦν
1753 4046 1856 4113 τάς

239 4132 499 4204 ἀφορμὰς
532 4134 636 4204 τῆς
673 4134 984 4206 μελλούσης
1011 4136 1291 4207 τνκωρίας
1325 4136 1582 4193 ἐντεῦθεν
1619 4138 1850 4211 ωνῆξε·

240 4225 498 4298 καθάπερ
546 4227 643 4281 καὶ
674 4227 705 4281 ό
739 4228 971 4298 φονεὺς,
1009 4244 1114 4282 κων
1165 4228 1242 4299 μὴ
1286 4230 1354 4301 τῇ
1403 4228 1572 4303 ψήφῳ
1604 4231 1701 4286 τοῦ
1734 4233 1857 4305 κρίο

239 4337 423 4383 νοντος
470 4319 882 4393 καταδικασθῇ,
930 4323 997 4393 τῇ
1082 4319 1145 4375 οῦ
1193 4322 1527 4395 πράγματος
1571 4325 1857 4380 καταδεδί-

239 4428 441 4469 κασται
469 4414 633 4486 φύσει
653 4430 668 4445 ’
703 4416 800 4469 καὶ
827 4416 856 4469 6
898 4415 1077 4487 ’Δδὲμ
1102 4416 1179 4482 δὲ,
1214 4410 1249 4491 ᾖ
1285 4416 1472 4492 ἡμέρᾳ
1504 4418 1716 4488 ἔφαγεν
1745 4420 1856 4474 ἀπὸ

238 4506 336 4562 τοῦ
365 4507 525 4573 ξύλου
545 4551 560 4575 ,
603 4507 845 4563 ἀπέθανε
868 4550 885 4575 ,
914 4507 1097 4564 καίτοι
1138 4508 1235 4582 εζη
1254 4549 1270 4576 ,
1304 4510 1444 4565 ἀλλά
1471 4514 1541 4586 τῇ
1574 4513 1854 4585 ἀποφάσει

1962 3307 2144 3354 autem
2178 3307 2381 3370 negant
2403 3296 2474 3352 “.
2508 3314 2527 3347 ι
2555 3295 2949 3351 Verumtamen
2983 3294 3088 3352 hoc
3109 3294 3233 3358 loco
3252 3294 3408 3361 dicit,
3440 3293 3590 3366 quod

1961 3401 2187 3464 pr0pter
2230 3392 2408 3462 ipsum
2456 3390 2690 3446 credere
2727 3404 2837 3443 non
2865 3387 3148 3459 iudicatur
3176 3405 3192 3444 :
3224 3387 3376 3444 dabit
3403 3397 3591 3444 autem

1963 3501 2156 3558 pwnas
2189 3498 2387 3557 graves
2419 3482 2695 3539 malorum
2731 3495 2964 3551 operum
3000 3499 3016 3537 :
3064 3490 3293 3552 propter
3327 3479 3591 3538 incredu-

1964 3582 2173 3637 litatem
2212 3588 2396 3635 autem
2429 3591 2594 3648 quan.
2630 3591 2737 3631 non
2776 3574 2969 3641 habet,
3010 3589 3123 3629 non
3154 3574 3419 3644 punietur
3452 3589 3467 3627 :
3501 3587 3595 3629 se-

1962 3675 2073 3733 mel
2108 3673 2255 3730 enim
2288 3670 2551 3728 credidit.
2590 3687 2610 3722 ι
2655 3669 2728 3725 At
2757 3669 2852 3738 qui
2888 3683 2999 3723 nou
3033 3666 3299 3734 credidit,
3349 3666 3463 3738 iam
3492 3664 3591 3737 iu-

1962 3770 2180 3827 dicatus
2218 3775 2327 3823 est.
2365 3784 2383 3819 ι
2419 3762 2750 3833 Quomodo?
2784 3761 3036 3820 Primum
3067 3761 3294 3833 quidem
3321 3759 3592 3832 quoniam

1961 3871 2017 3918 et
2065 3862 2181 3933 ipsa
2234 3856 2601 3915 incredulitas
2643 3856 3037 3913 condemnatio
3082 3862 3169 3911 est
3209 3871 3223 3908 :
3262 3866 3387 3911 esse
3438 3852 3591 3912 enim

1959 3964 2115 4013 extra
2170 3953 2385 4016 lucem,
2443 3965 2543 4021 per
2583 3965 2643 4005 se
2698 3950 3003 4005 maximum
3062 3946 3399 4018 supplicium
3456 3953 3590 4013 est;

1960 4047 2161 4104 deinde
2198 4042 2453 4114 quamvis
2485 4056 2596 4097 non
2632 4041 2722 4097 hic
2769 4040 3039 4112 gehennae
3084 4038 3324 4095 traditus
3351 4038 3460 4105 sit,
3491 4034 3594 4095 sed

1962 4137 2326 4208 congregavit
2356 4136 2449 4191 hic
2480 4133 2652 4190 futuri
2686 4134 2940 4206 supplicii
2972 4132 3320 4200 occasiones,
3350 4131 3499 4190 sicut
3533 4140 3593 4189 et

1963 4232 2261 4299 homicida,
2284 4229 2502 4285 tametsi
2524 4244 2634 4285 non
2654 4228 2927 4284 sententia
2942 4226 3149 4298 iudicis
3166 4227 3593 4292 condemnetur,

1962 4339 2159 4384 natura
2200 4336 2386 4380 tamen
2426 4324 2502 4379 rei
2559 4308 2969 4379 condemnatus
3015 4330 3122 4377 est.
3166 4319 3233 4377 Et
3274 4321 3452 4376 Adam
3504 4320 3596 4377 die

1960 4435 2071 4490 quo
2119 4418 2364 4474 comedit
2394 4416 2464 4472 de
2510 4415 2681 4485 ligno,
2720 4424 2972 4470 mortuus
3015 4412 3187 4480 est”,
3246 4421 3306 4469 et
3336 4411 3596 4485 quamvis

1962 4515 2202 4578 viveret,
2228 4510 2509 4567 sententia
2545 4517 2732 4565 tamen
2758 4516 2814 4565 et
2844 4519 3041 4563 natura
3071 4507 3151 4563 rei
3184 4518 3437 4563 mortuus
3465 4504 3591 4563 iuit.

242 4602 338 4655 καὶ
374 4603 441 4675 τῇ
471 4601 566 4655 τοῦ
598 4602 930 4674 πράγματος
958 4601 1121 4673 φύσει
1150 4604 1438 4676 τεθνηκὼς
1474 4602 1567 4679 ἦν.
1615 4610 1729 4674 Πᾶς
1758 4608 1855 4665 οὖν

1968 4606 2163 4662 Omnis
2192 4605 2365 4676 igitur
2396 4602 2721 4660 incredulus
2756 4602 2848 4658 hic
2882 4601 2998 4673 iam
3036 4601 3444 4659 condemnatus
3472 4608 3593 4669 est,

240 4695 495 4761 ἄπιστος,
541 4696 877 4765 κατάκριτός
912 4696 1063 4752 ἔστιν
1094 4697 1352 4753 ιντεῦθεν
1381 4699 1509 4771 ήδη,
1548 4700 1625 4766 ὡς
1656 4703 1725 4773 τῇ
1757 4720 1854 4757 κο-

238 4781 398 4844 λάσει
421 4788 647 4853 πάντως
686 4789 1241 4862 παραδοθησόμενος,
1280 4792 1376 4846 καὶ
1407 4792 1532 4847 οὐδὲ
1558 4796 1641 4859 εἰς
1672 4796 1856 4865 κρίσιν

240 4881 642 4955 ἀχθησόμενος,
680 4883 825 4937 κατά
856 4881 938 4947 τὸ,
989 4900 1010 4929 σ
1046 4882 1163 4937 Οὐκ
1194 4884 1600 4955 ἀναστήσονται
1634 4887 1857 4952 ἀσεϐεῖς

242 4977 303 5031 έν
343 4977 548 5049 κρίσειο
590 4994 609 5028 ι
651 4976 773 5031 οὐδὲ
820 4977 933 5049 γὰρ
982 4976 1146 5047 λόγου
1193 4976 1476 5045 ἀξιοῦνται
1512 4980 1564 5034 οἱ
1595 4982 1853 5052 ἀσεϐεῖς,

240 5069 432 5143 ὥσπερ
470 5070 596 5125 οὐδὲ
625 5072 655 5125 6
682 5070 955 5137 διάϐολος.
993 5072 1085 5127 Ἐν
1110 5074 1296 5144 κρίσει
1331 5074 1432 5146 μὲν
1461 5070 1556 5130 οὖν
1590 5076 1693 5130 οὐκ
1718 5078 1856 5131 ἀνα-

241 5163 540 5235 στήσονται
564 5204 577 5229 ,
614 5165 673 5219 έν
707 5162 1039 5237 κατακρίσει
1064 5165 1143 5219 δέ.
1161 5158 1328 5222 Ὸῦτω
1354 5168 1451 5222 καὶ
1482 5169 1541 5222 ὲν
1568 5168 1648 5240 τῷ
1674 5169 1859 5240 Εύαγ-

242 5257 411 5329 γελίῳ
442 5259 609 5331 φησιν
638 5258 667 5313 6
699 5258 927 5330 Κύριος,
962 5261 1046 5314 ὅτι
1070 5260 1099 5313 6
1132 5260 1321 5333 ἄρχων
1352 5261 1448 5316 τοῦ
1489 5262 1701 5334 κόσμου
1730 5262 1859 5318 τού-

241 5368 360 5413 του,
395 5352 498 5425 ἤδη
533 5351 823 5422 κέκριται,
874 5352 939 5406 ού
980 5351 1147 5421 μόνον
1175 5353 1253 5417 ὡς
1290 5353 1460 5417 αὐτὸς
1508 5355 1855 5427 ἀπιστήσας,

240 5445 381 5501 ἀλλά
430 5445 527 5500 καὶ
577 5444 671 5499 τὸν
719 5445 927 5500 Ἰούδαν
977 5447 1251 5520 προδότην
1292 5432 1553 5521 ποιήσας,
1604 5452 1701 5504 καὶ
1742 5452 1859 5515 τοῖς

241 5540 428 5605 ἄλλοις
458 5540 561 5610 τῆς
597 5539 879 5604 ἀπωλείας
912 5541 1159 5610 γεγονὼς
1190 5542 1477 5614 πρόξενος.
1505 5545 1569 5599 Εί
1602 5544 1660 5599 δὲ
1692 5545 1723 5598 6
1746 5545 1861 5599 Κύ-

246 5650 364 5704 ριος
404 5633 464 5687 ἐν
510 5632 858 5704 παρασολαίς
906 5634 1123 5704 είσάγει
1168 5636 1297 5701 τοὺς
1335 5637 1857 5709 κολασθησομένους

240 5726 406 5797 λόγου
451 5726 835 5799 ἀξιουμένους,
888 5726 965 5801 μὴ
994 5726 1321 5803 θαυμάσῃς·
1356 5728 1579 5803 πρῶτον
1627 5730 1732 5800 μὲν
1770 5735 1855 5789 ὅτι

319 5906 365 5941 ⁸ο
416 5906 574 5966 Rom.
619 5925 703 5977 ιιι,
748 5908 843 5966 25.
918 5910 962 5944 ⁸⁸
993 5908 1106 5968 Tit.
1162 5929 1204 5973 ι.
1240 5911 1331 5969 ‘6.
1404 5913 1452 5946 ³³
1505 5912 1643 5970 Gen.
1672 5928 1757 5983 tu,
1797 5911 1883 5970 i7.

1966 4709 2024 4755 ut
2054 4700 2150 4771 qui
2196 4698 2428 4755 omnino
2452 4697 2749 4769 supplicio
2785 4695 3095 4751 tradendus
3138 4704 3255 4760 est,
3295 4702 3352 4749 et
3394 4708 3506 4750 non
3536 4693 3594 4749 in

1960 4790 2232 4863 iudicium
2259 4790 2674 4861 producendus,
2718 4787 2876 4860 iuxta
2904 4787 3057 4854 illud,
3094 4804 3115 4839 ι
3146 4784 3265 4841 Νοη
3300 4792 3597 4859 resurgens

1967 4885 2121 4954 impii
2155 4884 2211 4939 in
2245 4882 2458 4954 iudicio
2486 4882 2556 4937 ⁸³.
2599 4898 2619 4934 ι
2665 4880 2884 4951 Iudigni
2919 4881 3066 4935 enim
3104 4880 3382 4936 habentur
3411 4888 3468 4933 ut
3505 4892 3593 4933 ra-

1968 4979 2174 5034 tionem
2210 4979 2341 5035 deut
2378 4978 2555 5053 impii,
2601 4976 2749 5033 sicut
2791 4985 2849 5031 et
2898 4974 3174 5031 diabolus.
3225 4972 3280 5029 lu
3320 4971 3594 5045 judicium

1962 5072 2134 5144 igitur
2168 5088 2276 5129 non
2312 5079 2645 5143 resurgent,
2687 5071 2783 5126 sed
2836 5071 2891 5125 in
2939 5068 3481 5126 condemnationem.
3517 5066 3596 5122 Ita

1962 5174 2022 5222 et
2052 5166 2106 5221 in
2145 5164 2445 5237 Evangelia
2479 5164 2615 5221 dicit
2646 5164 2938 5231 Dominus,
2970 5164 3116 5235 quod
3142 5164 3401 5235 princeps
3427 5161 3597 5233 hujus

1963 5258 2181 5325 mundi,
2211 5258 2327 5330 iam
2356 5257 2639 5330 iudicatus
2685 5268 2771 5314 est
2814 5258 2888 5325 ⁸⁸,
2924 5272 3035 5314 non
3069 5258 3251 5315 solum
3282 5258 3431 5327 quod
3476 5258 3597 5328 ipse

1966 5365 2077 5405 non
2111 5349 2438 5417 crediderit,
2486 5350 2583 5407 sed
2614 5351 2763 5420 quod
2795 5360 2851 5406 et
2893 5348 3095 5406 ludam
3131 5349 3476 5424 prodit’orem
3512 5349 3596 5405 fe-

1967 5446 2129 5513 cerit,
2169 5455 2226 5501 et
2275 5444 2401 5501 aliis
2445 5445 2779 5515 perditionis
2834 5444 3003 5501 fuerit
3049 5452 3272 5500 auctor.
3330 5442 3596 5512 Quamvis

1968 5550 2155 5595 autem
2213 5539 2483 5596 Dominus
2531 5541 2587 5596 in
2646 5540 2929 5612 parabolis
2984 5541 3226 5597 adducat
3283 5540 3597 5611 puniendos

1965 5634 2124 5704 quasi
2155 5648 2254 5690 eos
2287 5650 2316 5689 a
2347 5632 2556 5706 quibus
2586 5645 2842 5690 sumatur
2878 5635 3044 5699 ratio,
3082 5651 3153 5692 ne
3187 5634 3434 5691 mireris.
3472 5632 3595 5689 Pri-

1968 5745 2119 5787 mum
2149 5729 2376 5799 quidem
2407 5743 2476 5787 eo
2509 5730 2652 5800 ipso,
2699 5728 2830 5803 quia
2876 5731 3156 5802 parabolae
3186 5737 3317 5788 sunt
3353 5744 3421 5787 ea
3470 5742 3596 5803 qum

2001 5912 2048 5948 ⁸³
2113 5914 2263 5972 Pssl.
2298 5930 2336 5984 ι,
2370 5914 2425 5973 5.
2504 5915 2551 5951 “
2581 5914 2748 5972 Joan.
2781 5930 2896 5989 xvi,
2931 5915 3021 5972 ιι.
