3936 6406
234 450 374 513 1217

229 566 293 616 ὲν
341 560 518 616 Αἰνὼν
567 557 732 626 ἐγγὺς
765 555 858 607 τοῦ
909 556 1147 625 Σαλείμ,
1215 557 1296 609 ὅτι
1346 555 1515 609 ὕδατα
1561 557 1736 611 πολλὰ
1770 551 1830 628 ἦν

1939 557 2090 626 juxta
2137 555 2309 612 Salim
2350 575 2364 611 :

229 659 372 713 ἐκεῖ.
407 656 502 707 καὶ
545 649 913 721 παρεγένοντο
959 651 1052 700 καὶ
1086 648 1468 711 ἐϐαπτίζοντο.
1513 647 1684 702 Οὔπω
1728 650 1836 718 γὰρ

227 744 298 817 ἦν
332 745 666 816 βεϐλημένος
695 743 771 805 εἰς
805 741 902 812 τὴν
932 741 1180 811 φυλακὴν
1215 744 1241 794 6
1284 742 1562 810 Ἰωάννης.
1604 760 1621 791 ι
1655 741 1834 812 Μέχρι

235 841 334 908 μὲν
369 840 398 908 ἡ
430 835 590 905 ἑορτὴ
624 834 716 886 τοῦ
748 835 939 903 Πάσχα
979 835 1291 896 συνίστατο,
1335 833 1392 884 ἑν
1431 833 1836 903 Ἱεροσολυμοις

229 928 300 1001 ἦν
335 934 362 982 6
408 927 648 996 Ἰησοῦς·
698 925 818 979 ἐπεὶ
854 928 910 980 δὲ
951 927 1236 996 παρῆλθεν
1272 927 1434 997 αῦτη,
1469 927 1696 995 ἐξῆλθεν
1745 927 1836 980 ἐπὶ

228 1027 330 1094 τὴν
376 1022 636 1074 Ἰουδαίαν
678 1021 811 1088 γῆν,
851 1019 947 1071 καὶ
993 1019 1224 1087 πλητίον
1280 1019 1374 1071 τοῦ
1440 1020 1711 1089 Ἰορδάνου
1753 1019 1834 1071 διι

233 1115 471 1185 έτριὸεν,
505 1111 636 1166 ἔνθα
667 1111 848 1163 πολλοὶ
885 1112 1232 1180 συνέτρεχον.
1267 1113 1378 1164 Οὐκ
1410 1112 1594 1179 ἐζήτει
1626 1113 1680 1165 δὲ
1710 1114 1834 1177 τοὺς

232 1207 671 1278 πολυοχλοῦντας
709 1206 907 1268 τόπους
939 1205 1024 1256 διά
1066 1204 1380 1273 φιλοτιμίαν
1414 1204 1601 1272 κενὴν,
1645 1204 1676 1272 ἦ
1713 1206 1836 1256 ὲπί-

227 1301 416 1367 δειξιν,
448 1302 584 1354 ἀλλὰ
615 1299 826 1352 πλείοσι
858 1298 957 1365 τὴν
981 1297 1254 1364 ὠφέλειαν
1287 1300 1381 1348 καὶ
1404 1297 1461 1347 τὸ
1487 1297 1691 1362 ἀγαθον
1723 1314 1836 1348 κοι-

227 1395 453 1447 νοῦσθαι
502 1393 708 1446 θέλων·
758 1390 880 1443 ἐπεὶ
923 1388 1017 1440 καὶ
1050 1390 1128 1450 είς
1169 1387 1264 1449 τὰς
1315 1387 1507 1459 ἑορτὰς
1557 1387 1833 1451 ἀνέϐαινε,

228 1489 301 1540 δι’
339 1487 472 1538 αὐτὸ
518 1485 699 1548 τοῦτο,
748 1483 822 1544 ὡς
871 1482 1128 1544 πλείονας
1182 1479 1490 1548 ὠφελήσων
1531 1479 1627 1532 καὶ
1668 1481 1833 1547 λόγῳ,

229 1581 327 1632 καὶ
361 1578 657 1646 θαυμάτων
685 1573 1038 1640 ἐπιδείξεσιν.
1077 1574 1319 1624 Ἀκονων
1351 1572 1406 1623 δὲ
1437 1573 1518 1623 ὅτι
1549 1572 1833 1634 ἐϐάπτιζε,

231 1670 309 1741 μὴ
342 1669 503 1724 αὑτὸν
536 1670 744 1720 ἐκεῖνον
779 1665 965 1735 νόμιζε
995 1665 1306 1735 βαπτίζειν.
1340 1664 1476 1715 ἀλλά
1507 1667 1633 1726 τοίς
1667 1665 1835 1715 αὑτοῦ

229 1761 513 1831 μαθητάς·
562 1760 622 1811 τὸ
658 1760 713 1811 δὲ
750 1759 856 1810 τῶν
897 1758 1160 1826 μαθητῶν
1203 1757 1385 1826 ἔργον,
1437 1759 1516 1816 είς
1550 1757 1640 1808 τὸν
1676 1756 1837 1809 Διδά-

228 1855 425 1907 σκαλον
449 1853 713 1921 ἀναφέρει
737 1852 764 1902 6
797 1850 1216 1918 εὐαγγελιστής,
1268 1849 1502 1901 Ἰθῖπείτοι
1533 1864 1594 1918 γε
1630 1849 1833 1920 προϊὼν

226 1945 388 2006 αὐτὸς
441 1937 596 2006 οὗτος
652 1944 679 1995 6
735 1940 1160 2011 εὐαγγελιστὴς,
1208 1941 1396 2012 φησιν,
1436 1943 1569 1994 ὃτιι
1624 1943 1832 2012 Ἰησοῦς

225 2040 327 2089 οὐκ
364 2039 680 2101 εὸάπτιιζεν,
738 2036 851 2087 ἀλλ’
891 2038 937 2087 οί
991 2036 1237 2104 μαθηταὶ
1283 2035 1474 2088 αὑτοῦ.
1519 2054 1535 2086 ι
1590 2037 1829 2107 Ἐρωτᾷς

225 2129 316 2181 δέ·
373 2131 529 2192 Τίνος
577 2131 766 2180 ἕνεκεν
805 2129 968 2191 αὐτὸς
1026 2131 1124 2180 οὐκ
1182 2129 1479 2193 ὲϐάπτιζε;
1533 2129 1828 2183 Μάνθανε·

226 2221 526 2289 Προλαὸὼν
560 2216 713 2272 εἶπεν
749 2223 774 2272 6
823 2221 1099 2286 Ἰωάννης,
1146 2221 1226 2272 ὅτι
1268 2240 1284 2269 ι
1324 2223 1497 2284 Αὐτὸς
1537 2224 1682 2292 ὑμᾶς
1733 2222 1830 2291 βα-

229 2313 412 2364 πτίσει
446 2316 502 2365 ἐν
539 2313 820 2381 Πνεῦματι
852 2314 992 2382 ἁγίῳ
1015 2329 1026 2340 ⁸
1070 2331 1087 2362 ι
1140 2314 1364 2381 Πνεῦμα
1399 2316 1454 2368 δὲ
1488 2316 1642 2383 ἅγιον
1677 2315 1831 2369 οῠπω

223 2401 292 2473 ἦν
323 2405 594 2469 δεδωκὼς,
628 2405 762 2457 διότι
789 2406 912 2456 οὑδὲ
947 2402 1138 2472 καιρὸς
1170 2401 1258 2472 ἦν.
1297 2405 1359 2458 Εἰ
1393 2408 1576 2460 τοίνυν
1608 2409 1831 2462 ἐϐάπτι-

225 2497 339 2561 ζεν,
373 2497 403 2567 ἢ
440 2500 610 2566 χωρίς
644 2498 960 2565 [Ινεύματος
997 2501 1294 2564 ἐδάπτιζεν
1329 2502 1414 2563 ἂν,
1441 2502 1533 2552 καὶ
1562 2502 1613 2553 τί
1641 2503 1830 2555 λοιπὸν

223 2589 439 2660 διέφερε
478 2590 569 2642 τοῦ
608 2591 894 2655 Ἰωάννους
932 2592 962 2661 ἦ
1001 2593 1172 2645 ἐδίδου
1202 2594 1269 2646 ἂν
1329 2595 1552 2664 Πνεῦμα
1585 2596 1684 2646 καὶ
1723 2598 1828 2666 πρὸ

225 2682 442 2749 καιροῦ,
481 2683 618 2751 ὅπερ
656 2682 867 2746 ἀνάξιον
899 2685 991 2734 τοῦ
1027 2687 1206 2737 πάντα
1242 2687 1299 2736 ὲν
1331 2685 1510 2755 καιρῷ
1548 2686 1829 2751 ποιοῦντος

225 2773 387 2826 Θεοῦ.
420 2775 516 2836 Τίς
539 2774 594 2826 δὲ
622 2769 687 2845 ἦν
719 2776 746 2825 6
778 2776 967 2843 καιρδς
1001 2777 1096 2844 τῆς
1127 2777 1220 2829 τοῦ
1252 2779 1568 2846 [Ινεύματος
1596 2779 1825 2844 δύσεως

234 2863 294 2918 Ὅ
330 2865 468 2934 μετὰ
499 2867 597 2934 τὴν
633 2865 927 2936 ἀνάληψιν.
969 2868 1118 2920 Ἔδει
1150 2867 1258 2938 γάρ
1291 2869 1698 2938 ἐμφανισθῆναι
1731 2871 1830 2938 τὴν

223 2958 574 3029 ἀνθρωπίνην
607 2957 772 3026 φύσιν
798 2959 873 3028 τῷ
900 2960 1074 3030 ιιιτρι
1107 2961 1498 3029 ἀναμάρτητον
1527 2962 1582 3013 ὲν
1607 2963 1830 3031 Χριστῷ

238 3050 416 3119 Ἰησοῦ
437 3066 448 3078 ⁸
479 3053 572 3103 καὶ
602 3049 747 3103 οὕτω
777 3053 1167 3118 διαλλαγέντος
1196 3052 1289 3104 τοῦ
1323 3052 1460 3104 Θεοῦ
1487 3054 1624 3122 πρὸς
1659 3056 1826 3123 ἡμᾶς,

223 3142 282 3194 το
318 3143 542 3212 Πνεῦμα
566 3143 638 3206 ὡς
659 3144 886 3196 πλοῦτον
919 3146 1011 3197 καὶ
1044 3145 1362 3213 φιλοτιμίαν
1385 3146 1825 3216 ἐπιπεμφθῆναι.

224 3236 286 3286 Οί
321 3236 502 3288 τοίνυν
535 3236 780 3304 μαθηταὶ
811 3235 903 3288 τοῦ
939 3236 1116 3306 Ἰησοῦ
1147 3236 1461 3300 ἐϐάπτιζον,
1498 3239 1582 3290 ἵνα
1607 3238 1824 3303 πλ;ίους
1854 3261 1896 3316 C

224 3330 290 3398 τῇ
345 3327 687 3397 σωτηριώδει
736 3327 1063 3398 διδασκαλία
1115 3328 1453 3398 προσάξωσι.
1508 3330 1732 3383 Τούτων
1772 3332 1827 3384 δὲ

227 3418 624 3489 βαπτιξόντων,
661 3421 755 3473 καὶ
785 3425 812 3473 6
863 3423 1116 3491 Ἰωάννης
1163 3421 1239 3474 ἔτι
1279 3421 1558 3490 βατίτίςει,
1600 3428 1694 3478 καί
1729 3427 1830 3480 οὐκ

223 3512 529 3578 ἐπαύσατο,
579 3512 673 3566 δύο
706 3515 987 3584 κατορθῶν
1023 3517 1079 3566 ὲν
1129 3517 1331 3586 ταυτῷ·
1373 3518 1431 3569 ἒν
1469 3519 1589 3587 μὲν,
1625 3519 1685 3571 τὸ
1716 3521 1828 3582 τοῖς

226 3604 659 3672 προστρέχουσιν
693 3604 840 3673 αῦτῴ
868 3605 995 3675 περὶ⁹
1019 3607 1258 3676 Χριστοὺ
1291 3607 1491 3676 λέγειν,
1528 3610 1622 3661 καὶ
1657 3626 1830 3680 προσ-

226 3695 380 3762 ἁγειν
409 3697 608 3759 αὐτοὺς
639 3697 787 3766 αὐτῷ
809 3713 823 3726 °
860 3698 1048 3768 ἕτερον
1079 3699 1156 3763 δὲ,
1189 3699 1250 3751 τὸ
1288 3704 1412 3763 τοὺς
1463 3703 1714 3772 μαθητὰς
1753 3701 1829 3772 μὴ

224 3793 304 3850 εἰς
341 3788 526 3857 ζῆλον,
569 3790 662 3842 καὶ
695 3790 918 3842 πλείονα
953 3793 1288 3859 φιλονεικίαν
1322 3796 1588 3863 ἐρεθίσαι.
1628 3796 1688 3847 Εἰ
1720 3795 1828 3866 γάρ

224 3879 508 3933 ἐπαύσατο
534 3881 624 3933 τοῦ
658 3881 963 3950 βαπτίζειν,
1006 3884 1057 3935 τί
1088 3885 1188 3936 οὐκ
1225 3885 1290 3937 ἂν
1340 3887 1607 3958 ἐποίησαν
1636 3890 1683 3939 οἱ
1722 3907 1828 3956 μα-

227 3971 391 4040 θη.αὶ
422 3971 613 4034 αὑτοῦ,
643 3972 984 4043 φθονώτερον
1017 3975 1356 4044 διακείμενοι
1389 3979 1525 4048 πρὸς
1559 3978 1827 4047 Χριστόνς

223 4063 285 4115 Εί
317 4063 426 4133 γὰρ
479 4063 739 4134 μυριάκις
787 4062 946 4133 βοῶν,
997 4069 1090 4118 καὶ
1145 4067 1253 4120 τῶν
1307 4069 1599 4136 πρωτείων
1634 4070 1721 4122 ἀεὶ
1753 4070 1830 4140 τῷ

229 4156 452 4225 Χριστῷ
479 4156 852 4227 παραχωρῶν,
886 4157 986 4209 οὐκ
1010 4158 1228 4212 ἔπεισεν
1257 4160 1454 4222 αὐτοὺς
1486 4161 1637 4230 αὑτῷ
1662 4179 1832 4231 προσ-

224 4247 489 4320 δραμεῖν·
523 4250 601 4311 είς
637 4249 800 4302 πόσον
829 4249 894 4301 ἂν
940 4249 1134 4318 φθόνον
1167 4253 1266 4303 οὐκ
1296 4253 1552 4321 ἐκίνησεν
1608 4253 1828 4317 αὐτοὺς,

223 4344 338 4408 εἴγε
368 4341 463 4393 τοῦ
494 4341 781 4411 βαπτίζειν
811 4343 1122 4410 ὲπαύσατο;
1150 4347 1242 4396 Διὸ
1269 4347 1363 4398 καὶ
1390 4349 1417 4399 6
1447 4347 1685 4416 Χριστὸς
1709 4348 1830 4399 τότε

229 4431 463 4501 μάλιστα
481 4432 687 4503 ἦρξατο
705 4433 1018 4503 κηρύττειν,
1043 4435 1133 4487 ὅτε
1165 4436 1418 4504 Ἰωάννης
1443 4436 1829 4506 κατεκλείαθη,

227 4523 315 4575 διὰ
343 4523 435 4576 τὸν
473 4523 668 4593 φθόνον
701 4526 808 4577 τῶν
839 4526 932 4577 τοῦ
978 4527 1290 4579 Βαπτιστοῦ
1344 4528 1628 4596 μαθητῶν.
1663 4523 1830 4598 Οἶμαι

919 443 1371 505 ENARRATIO
1416 444 1499 506 ΙΝ
1536 443 2049 507 EVANGELIUM
2085 443 2674 507 JOANNIS.—CAP.
2718 445 2830 506 Ill.

3420 439 3558 507 1218

2419 556 2547 626 quia
2585 571 2740 627 aqua:
2775 556 2965 610 multa:
3002 565 3164 611 erant
3206 555 3337 624 illic,
3375 569 3429 614 et
3465 574 3560 615 ve-

1946 649 2171 702 niebant
2215 657 2270 702 et
2307 648 2753 717 baptizabantur.
2791 645 3042 701 Nondum
3080 647 3226 701 enim
3275 649 3562 721 epujectus

1943 739 2126 794 fuerat
2157 738 2400 794 Joannes
2434 739 2484 793 in
2527 754 2834 794 carcerem.
2879 757 2896 788 ι
2941 738 3069 792 Erat
3103 736 3264 792 Jesus
3302 740 3561 793 Hieroso-

1943 833 2103 904 lymis
2143 819 2316 902 usque
2349 835 2414 886 ad
2465 831 2663 886 festum
2705 832 2935 886 l’aschze
2967 849 2980 884 :
3013 843 3068 886 et
3101 841 3391 902 postquam
3429 833 3560 891 illud

1942 925 2229 994 praeteriit,
2266 926 2436 979 exivit
2469 926 2522 980 in
2563 936 2764 980 terram
2809 923 3184 989 ,Ιιι‹ιίηςιιιι,-οι
3231 942 3400 996 prope
3435 926 3561 981 Jor-

1942 1024 2137 1072 danem
2195 1021 2543 1083 versabatur,
2609 1020 2700 1073 ubi
2754 1019 2907 1073 multi
2958 1020 3383 1074 convcnielmnt.
3442 1019 3558 1074 Non

1943 1109 2222 1176 qttzercbat
2254 1121 2437 1164 autem
2473 1111 2731 1179 populosa
2769 1109 2886 1165 loca
2920 1122 3148 1180 promer
3186 1113 3404 1164 inanem
3447 1112 3561 1180 glo-

1945 1203 2117 1265 riam,
2171 1203 2254 1256 vel
2308 1205 2730 1258 ostentationem
2784 1222 2797 1256 :
2854 1205 2949 1258 sed
3007 1204 3264 1271 cupiebat
3307 1204 3560 1273 pluribus

1941 1310 2094 1348 suam
2146 1296 2448 1349 bonitatem
2485 1297 2921 1361 communicare,
2962 1305 3016 1349 et
3055 1296 3174 1348 usui
3210 1311 3328 1349 esse
3367 1312 3379 1349 :
3419 1310 3559 1364 quo-

1944 1388 2088 1440 niam
2128 1399 2180 1440 et
2214 1403 2332 1442 eam
2371 1390 2441 1440 ob
2475 1403 2700 1441 oausam
2736 1391 2802 1441 ad
2838 1387 3037 1441 festum
3077 1389 3439 1450 ascenderat,
3473 1397 3558 1440 ut-

1941 1487 2065 1544 pote
2098 1475 2347 1542 plurimis
2385 1478 2706 1544 profuturus
2737 1477 2988 1531 doctrina
3017 1486 3070 1530 et
3103 1477 3404 1530 miraculis.
3442 1478 3554 1528 Au-

1942 1568 2097 1620 diens
2138 1581 2320 1621 autem
2355 1569 2500 1637 quod
2536 1568 2866 1636 baptizarit,
2904 1584 2970 1622 ne
3005 1579 3161 1635 putes
3192 1569 3336 1638 quod
3371 1583 3468 1636 per
3499 1582 3559 1623 se

1929 1660 2258 1736 bap'iaarit,
2291 1661 2388 1716 sed
2432 1677 2530 1731 per
2571 1662 2894 1732 discipulos.
2936 1661 3048 1716 lloc
3076 1663 3221 1715 enim
3256 1662 3558 1730 discipulo-

1944 1770 2061 1806 rum
2096 1771 2237 1824 opus
2271 1755 2325 1808 in
2365 1754 2689 1824 Magistrum
2724 1754 2889 1808 refert
2921 1755 3280 1824 evangelista.
3325 1755 3464 1808 Nam
3499 1755 3554 1810 in

1942 1861 2238 1915 progressu
2287 1847 2430 1899 idem
2485 1845 2573 1899 hic
2608 1846 2947 1914 evangelista
2979 1845 3114 1899 dicit
3152 1847 3298 1914 quod
3339 1864 3356 1898 ι
3394 1844 3556 1900 Jesus

1869 1913 1906 1969 θ
1939 1913 2064 1989 non
2102 1939 2418 2006 baptizarit,
2467 1939 2562 1991 sed
2606 1913 2858 2006 discipuli
2887 1937 3051 2007 -cjus.
3093 1956 3111 1988 ›
3157 1913 3262 1993 Sed
3315 1939 3552 2009 quaeris,

1938 2028 2118 2094 Quare
2150 2046 2253 2083 non
2285 2032 2399 2097 ipse
2424 2030 2758 2098 baptizavit?
2782 2030 2959 2084 Disce.
2988 2029 3388 2100 Praaoccupans
3420 2033 3560 2088 dixit

1935 2118 2175 2175 Joannes
2210 2139 2222 2174 ε
2263 2139 2280 2172 ι
2318 2119 2412 2176 Ille
2447 2136 2541 2175 vos
2563 2121 2860 2190 baptizahit
2891 2122 3096 2190 Spiritu
3130 2134 3344 2177 sancto.
3385 2143 3402 2175 ι
3436 2123 3559 2191 Spi-

1937 2214 2076 2267 ritus
2105 2222 2286 2267 a‘utem
2306 2224 2529 2267 sanctus
2549 2214 2788 2267 nondum
2816 2225 2937 2267 erat
2959 2217 3138 2279 datus,
3162 2231 3225 2269 eo
3250 2215 3391 2280 quod
3421 2231 3558 2269 non-

1934 2307 2060 2360 dum
2092 2319 2306 2376 tempus
2329 2317 2465 2361 erat.
2488 2307 2656 2378 Igitur
2670 2310 2713 2364 si
2735 2311 3087 2376 baptizasset,
3104 2307 3187 2362 vel
3212 2311 3416 2378 absque
3432 2307 3558 2377 Spi-

1938 2401 2040 2454 ritu
2061 2400 2222 2472 547
2245 2400 2577 2469 baptizasset
2605 2419 2752 2466 :qua:
2786 2404 3189 2457 intercessisset
3206 2403 3348 2457 inter
3372 2403 3552 2472 ipsmu

1933 2503 1986 2547 et
2007 2492 2271 2546 Joannem
2300 2493 2647 2549 diﬂerentia?
2674 2495 2756 2548 vel
2784 2496 3028 2550 dedisset
3071 2493 3362 2563 Spiritum,
3391 2504 3556 2564 atque

1935 2599 2060 2639 ante
2099 2597 2338 2656 tempus,
2375 2593 2468 2641 sed
2505 2590 2554 2642 id
2587 2589 2877 2659 indignum
2923 2587 3055 2655 Deo,
3091 2589 3182 2658 qui
3219 2591 3272 2642 in
3312 2599 3557 2657 tempore

1936 2679 2065 2731 facit
2115 2682 2322 2734 omnia.
2357 2681 2511 2747 Quod
2546 2689 2727 2736 autem
2765 2691 2981 2748 tempus
3028 2683 3190 2736 dandi
3251 2681 3558 2751 Spiritum?

1935 2768 2172 2838 Tempus
2205 2780 2324 2839 post
2355 2774 2810 2842 assumptiouem.
2844 2773 3140 2842 Oportebat
3177 2776 3322 2829 enim
3354 2785 3411 2828 ut
3447 2774 3554 2829 hu-

1937 2880 2091 2916 mana
2143 2875 2334 2920 natura
2385 2865 2494 2920 Deo
2536 2866 2684 2921 Patri
2739 2869 3272 2922 demonstraretura
3329 2879 3556 2939 peccato

1936 2956 2196 3011 immunis
2230 2959 2282 3012 in
2318 2960 2543 3013 Christo
2572 2958 2701 3013 Jesu
2748 2980 2760 3014 :
2791 2972 2958 3030 atque
3005 2961 3078 3014 ita
3127 2961 3236 3016 Deo
3269 2963 3426 3019 nobis
3463 2980 3556 3019 rea’

1934 3049 2250 3114 cent‘iliato,
2287 3049 2528 3118 Spiritus
2583 3060 2842 3119 tanquam
2890 3052 3148 3120 opulenta
3198 3053 3451 3121 quaedam
3490 3056 3556 3108 li-

1937 3140 2193 3196 beralitas
2224 3144 2553 3197 mitteretur.
2586 3143 2823 3200 Proinde
2865 3147 3114 3217 discipuli
3143 3145 3271 3202 Jesu
3312 3149 3531 3216 baptiza

1935 3233 2088 3296 bant,
2118 3244 2174 3288 ut
2205 3235 2388 3304 plures
2417 3236 2483 3290 ad
2519 3236 2824 3293 Salvatoris
2849 3239 3156 3294 doctrinam
3186 3241 3549 3300 adducerem.

1938 3329 2090 3385 Unde
2127 3340 2182 3384 et
2222 3332 2305 3385 his
2339 3333 2770 3401 haptizantibus,
2811 3337 2977 3390 etiam
3019 3335 3262 3393 Joannes
3307 3339 3555 3407 baptiza-

1935 3426 2045 3487 bat,
2081 3434 2136 3478 et
2170 3441 2275 3478 non
2311 3428 2586 3491 cessabat,
2623 3429 2728 3481 duo
2761 3416 2896 3481 bona
2932 3429 3178 3484 faciens:
3220 3446 3385 3484 unum
3435 3433 3557 3502 qui-

1934 3518 2088 3579 dem,
2127 3521 2251 3587 quia
2299 3521 2365 3572 ad
2418 3537 2477 3574 se
2508 3521 2789 3575 venientes
2825 3523 2888 3576 de
2940 3522 3162 3578 Christo
3213 3524 3444 3593 loquens
3485 3525 3555 3580 ad

1933 3611 2084 3664 illum
2121 3611 2464 3680 adducebat;
2523 3614 2758 3668 alterum
2810 3630 2975 3681 vero,
3033 3619 3158 3685 quia
3203 3618 3432 3674 curabat
3484 3635 3555 3675 ne

1935 3703 2188 3773 discipuli
2238 3705 2320 3759 sui
2358 3706 2412 3758 in
2462 3707 2726 3776 majorem
2766 3708 2943 3760 zclum
2989 3720 3045 3762 et
3083 3712 3553 3780 contemptionem

1933 3811 2392 3866 provocarentur.
2442 3799 2498 3853 Si
2550 3801 2696 3854 enim
2745 3813 3017 3856 cessasset
3071 3803 3385 3872 baptizare,
3422 3807 3555 3876 quid

1935 3903 2042 3940 non
2077 3887 2339 3942 iecissent
2369 3889 2622 3958 discipuli
2660 3889 2806 3959 ejus,
2842 3891 3047 3961 alioqui
3089 3894 3299 3963 majore
3347 3896 3552 3951 invidia

1934 3980 2214 4036 Christum
2259 3984 2701 4051 persequentes?
2735 3983 2867 4037 Nam
2902 4001 3025 4038 cum
3065 4002 3210 4056 scepe
3261 3989 3552 4052 elamarit.

1933 4082 1988 4126 et
2020 4074 2223 4142 primas
2260 4090 2480 4144 semper
2529 4077 2753 4130 Christo
2802 4078 3086 4141 tribuerit,
3127 4095 3231 4133 non
3281 4084 3556 4149 persuasit

1935 4170 2015 4222 eis
2046 4183 2105 4223 ut
2148 4171 2481 4225 accederent
2511 4173 2576 4224 ad
2628 4173 2776 4227 illum
2817 4189 2829 4226 :
2863 4175 2916 4228 in
2953 4186 3214 4243 quautam
3243 4193 3375 4244 ergo
3414 4179 3553 4234 invi-

1934 4259 2081 4311 diam
2114 4259 2440 4328 impulisset,
2488 4261 2530 4314 si
2569 4272 2849 4316 cessasset
2896 4263 3216 4333 baptizare?
3253 4265 3464 4322 Idcirco
3498 4277 3554 4323 et

1935 4350 2377 4418 Christustunc
2425 4355 2665 4408 maxime
2714 4355 2888 4425 cuspit
2945 4360 3283 4427 praedicare,
3331 4365 3554 4429 quando

1934 4442 2175 4498 Joannes
2207 4445 2452 4499 inclusus
2481 4457 2587 4514 est,
2614 4458 2835 4515 propter
2859 4449 3122 4504 invidiam
3157 4452 3552 4523 discipulormn

1940 4533 2218 4603 Baptistae.
2245 4535 2457 4606 Opinor
2489 4547 2670 4591 autem
2701 4540 3026 4607 permissam
3057 4539 3286 4598 Joannis
3320 4557 3552 4600 mortem

228 4615 284 4668 δὲ
323 4617 416 4667 καὶ
447 4618 544 4686 τὴν
577 4617 840 4687 τελευτὴν
891 4619 1142 4671 Ἰωάννου
1196 4618 1283 4671 διὰ
1337 4620 1496 4671 τοῦτο
1538 4636 1828 4691 συγχωρη.

1943 4629 2232 4692 maturari,
2283 4641 2340 4684 ut
2389 4630 2572 4684 omnis
2614 4631 2843 4700 populus
2895 4645 3120 4701 paratus
3168 4636 3234 4688 ad
3271 4637 3550 4693 Christum

227 4708 386 4777 θῆναι
417 4711 682 4778 ταχίστην
719 4711 999 4777 γενέσθαι,
1029 4713 1169 4765 ὥστε
1209 4715 1390 4765 πάσαν
1418 4713 1516 4783 τὴν
1546 4713 1639 4765 τοῦ
1681 4715 1824 4783 πλή-

228 4801 353 4866 θους
388 4802 630 4856 διάθεσιν
659 4805 751 4855 ἐπὶ
777 4805 867 4857 τὸν
895 4805 1133 4875 Χριστὸν
1164 4805 1465 4874 μετελθεῖν,
1503 4806 1597 4857 καὶ
1628 4809 1826 4875 μηκέτι

227 4897 348 4957 ταῖς
387 4895 516 4964 περ)⁸
552 4897 907 4969 ἀμφοτέρων,
963 4899 1216 4950 Ἰωάννου
1259 4899 1353 4952 καὶ
1398 4898 1661 4967 Χριστοῦ,
1707 4899 1826 4968 σχί-

229 4987 418 5053 ζεσθαι
453 4988 726 5060 γνώμαις.
773 4991 1109 5055 Βαπτίζουσι
1144 4993 1327 5043 τοίνυν
1375 4994 1421 5044 οί
1453 4993 1546 5043 τοῦ
1585 4992 1827 5060 Χριστοῦ
1856 5046 1862 5052 ,

231 5083 476 5154 μαθηταὶ
505 5084 792 5154 βάπτισμα
825 5084 995 5152 μηδὲν
1032 5084 1195 5135 πλέον
1223 5083 1345 5152 ἕχον
1377 5082 1472 5134 τοῦ
1508 5083 1823 5153 βαπτίσμα-

228 5191 320 5240 τος
354 5176 624 5229 Ἰωάννου.
670 5178 873 5245 Ἀμςςω
905 5179 1013 5247 γὰρ
1042 5175 1239 5240 ὰτελῆ.
1270 5175 1342 5236 ὡς
1375 5175 1468 5228 τοῦ
1508 5176 1828 5243 live-optato;

220 5268 464 5338 ἄμοιρα·
501 5270 649 5321 αἰτία
687 5271 873 5338 μέντοι
910 5269 1245 5338 ἀμφοτέροις
1279 5269 1398 5337 μία,
1435 5267 1496 5320 τὸ
1528 5269 1829 5338 προσάγειν

229 5358 454 5432 Χριστῷ
491 5361 617 5422 τοὺς
660 5361 1114 5430 βαπτιζομένους.

310 5472 326 5504 ι
379 5454 628 5522 Ἐγένετο
655 5453 747 5506 οῦν
781 5455 1008 5523 ζήτησις
1045 5456 1108 5506 ἐκ
1139 5455 1246 5506 τῶν
1277 5455 1537 5524 μαθητών
1583 5454 1827 5508 Ἰωάννου

237 5546 378 5615 μετὰ
432 5547 708 5600 Ἰουδαίων
755 5550 884 5617 περὶ
921 5547 1290 5618 καθαρισμοῦ.
1336 5550 1443 5600 Καὶ
1491 5545 1655 5617 ἦλθον
1693 5533 1830 5618 πρὸς

231 5639 321 5690 τὸν
365 5639 640 5710 Ἰωάννην,
675 5641 768 5693 καὶ
803 5635 956 5692 εἷπον
989 5641 1170 5712 αὐτῷ·
1253 5642 1464 5704 Ῥαῦὄὶ,
1499 5641 1555 5701 ὃς
1586 5637 1654 5711 ἦν
1693 5643 1829 5709 μετὰ

235 5730 328 5783 σοῦ
363 5734 535 5785 πέοαν
582 5733 675 5787 τοῦ
721 5733 1010 5803 Ἰορδάνου,
1055 5728 1098 5802 ᾧ
1127 5735 1189 5787 σὺ
1235 5736 1696 5805 μεμαρτύρηκας,
1727 5735 1824 5799 ἴδε,

233 5814 389 5888 οὗτος
440 5823 714 5894 βαπτίζει,
767 5831 860 5881 καὶ
910 5830 1111 5891 πάντες
1160 5828 1412 5898 ἔρχονται
1456 5828 1594 5896 πρὸς
1642 5828 1831 5883 αὐτόν.

247 5913 573 5990 ⁹Λιτεκρίθη,
617 5920 712 5976 καὶ
752 5915 906 5974 εἶπεν
947 5923 975 5974 6
1023 5922 1299 5994 Ἰωάννης·
1346 5921 1421 5975 Οὐ
1468 5921 1692 5974 δύναται
1735 5919 1830 5975 ἄνα

1940 4724 2221 4786 transiret,
2251 4732 2303 4775 et
2342 4739 2446 4776 non
2497 4725 2876 4778 dividerentur
2910 4727 3197 4781 sententia:
3227 4729 3294 4783 de
3327 4729 3552 4786 Christo

1938 4824 1989 4869 et
2005 4813 2236 4869 Joanne.
2255 4817 2548 4884 Baptizant
2570 4817 2735 4886 igitur
2751 4817 3000 4886 discipuli
3025 4819 3230 4874 Christi
3253 4821 3549 4890 baptismo,

1939 4905 2032 4976 qui
2064 4906 2199 4960 nihil
2231 4906 2469 4960 habebat
2492 4908 2728 4976 amplius
2752 4925 2916 4978 quam
2949 4911 3244 4980 baptistuus
3272 4914 3504 4971 Joannis
3532 4932 3546 4970 :

1941 5000 2104 5054 ambo
2137 5002 2284 5053 enim
2324 5002 2657 5069 imperfecti,
2701 5012 2754 5056 et
2790 5005 3031 5058 nondum
3071 5006 3341 5063 habentes
3377 5006 3549 5079 Spiri-

1944 5100 2095 5157 tum,
2152 5091 2456 5160 eademque
2507 5095 2724 5164 utrique
2770 5111 2969 5164 causa,
3012 5107 3068 5152 ut
3107 5099 3452 5158 adducantur
3481 5105 3552 5158 ad

1946 5184 2228 5238 Christum
2270 5185 2557 5254 baptizati.

2019 5457 2178 5512 Vsus.
2214 5456 2406 5512 25-27.
2448 5476 2465 5507 ι
2503 5455 2634 5511 Orta
2686 5467 2866 5512 autem
2906 5468 2989 5513 est
3028 5463 3258 5528 qumstio
3291 5479 3355 5517 ex
3389 5463 3554 5518 disci-

1942 5550 2084 5620 pnlis
2115 5548 2344 5603 Joannis
2375 5565 2496 5604 tum
2537 5549 2737 5605 Judmis
2789 5552 2856 5607 de
2893 5553 3297 5622 puriﬁcatione.
3346 5556 3412 5610 Et
3460 5572 3554 5613 vc-

1943 5654 2143 5694 ιιοιιιιιι
2173 5645 2239 5694 ad
2268 5641 2536 5695 Joannem
2572 5653 2625 5695 et
2658 5644 2914 5697 dixerunt
2948 5648 2997 5699 ei
3039 5666 3052 5701 :
3085 5647 3280 5709 Rahhi.
3310 5651 3550 5719 quierat

1945 5747 2120 5789 tecum
2175 5747 2324 5788 trans
2363 5735 2681 5798 Jordauem,
2732 5739 2816 5790 cui
2856 5749 2911 5792 tu
2955 5741 3328 5795 testimonium
3365 5744 3551 5812 perhi-

1941 5828 2130 5891 buisti,
2180 5843 2309 5880 ecce
2347 5828 2390 5880 is
2425 5830 2688 5895 baptizat,
2717 5837 2770 5882 et
2805 5844 2998 5882 omnes
3034 5835 3255 5884 veniunt
3303 5836 3369 5886 ad
3399 5852 3545 5887 eum.

1941 5919 2242 5990 Respondit
2269 5917 2531 5990 Joannes.
2563 5930 2616 5978 et
2650 5923 2786 5977 dixit
2814 5939 2828 5977 :
2861 5920 2975 5978 Non
3000 5933 3182 5993 potest
3215 5927 3378 5980 homo
3402 5927 3540 5981 acc)"
