3936 6412
187 480 321 549 1221
874 489 1332 554 ΕΝΑΒΒΑΤΙΟ
1368 491 1453 555 IN
1491 490 1776 557 EVANGI

1885 488 1999 550 ΗΜ
2030 486 2385 557 IOANNIS.
2426 512 2495 524 -
2523 487 2685 551 CAP.
2722 487 2841 551 IlI.
3118 498 3123 501 '
3385 481 3528 551 1222

180 604 573 676 τὴνικφανσιν
600 607 699 662 καὶ
727 607 998 675 ἐπίδειξιν
1019 611 1123 683 τῆς
1149 610 1430 685 θεότητος.
1458 611 1601 668 Κατ’
1619 609 1773 681 δλίγο

1910 607 2216 677 declaravit
2262 621 2324 664 se
2370 607 2543 663 Deum
2590 620 2740 674 esse,
2790 616 2848 664 ει
2896 616 3004 662 non
3052 612 3278 674 repente
3308 604 3520 664 simul.

182 697 320 769 γάρ,
376 698 461 754 ὅτι
509 699 647 764 Θεός
694 701 867 769 ἐστιν,
915 702 1212 774 ἐξέφαινε,
1257 706 1354 759 καὶ
1397 706 1502 760 οὐκ
1556 705 1776 777 ἁθρόως

1914 716 1934 750 ι
1957 697 2246 770 lmpletum
2265 698 2456 770 igitur,
2476 696 2677 768 inquit,
2690 711 2872 752 meum
2891 696 3151 769 gaudium
3173 696 3228 751 in
3244 709 3470 767 sponso.
3496 715 3516 749 ι

184 789 560 863 Πεπλήρωται
589 786 707 856 οὖν,
735 793 929 864 φησιν,
953 795 987 866 ἡ
1015 795 1126 868 ἐμὴ
1153 796 1300 867 χαρὰ
1325 796 1419 850 ἐπί
1448 795 1527 866 τῷ
1548 795 1775 868 νυμφίῳ

1903 786 2041 844 Nam
2070 803 2255 853 meum
2284 802 2456 858 opus,
2493 790 2643 859 quod
2682 788 2816 844 mihi
2846 798 2905 843 ut
2939 786 3195 859 pronubo
3230 787 3525 844 concredi-

182 881 262 935 T6
304 883 414 953 γὰρ
444 883 632 955 ἐργον,
678 882 709 937 δ
754 885 1091 958 ἐπιστεύθην
1121 887 1200 952 ὡς
1229 887 1637 960 νυμφαγωγὸς,
1683 887 1776 959 δρᾶ

1904 884 2045 942 tum,
2072 872 2235 930 video
2262 873 2585 945 profecisse.
2615 872 2809 931 Omnis
2839 876 3007 947 Igitur
3033 876 3234 931 animae
3261 890 3521 947 sputisus,

184 975 579 1047 προχωρῆσαν.
604 975 796 1048 Πάσης
816 977 1007 1032 τοίνυν
1033 977 1215 1050 ψυχῆς
1236 980 1493 1050 νυμφίος,
1512 980 1542 1033 6
1564 979 1772 1049 Κύριος

1900 965 2171 1023 Dominus
2219 983 2235 1021 :
2277 965 2553 1023 thalamus
2603 977 2788 1022 autem
2838 968 2927 1022 ubi
2965 968 3161 1037 copula
3213 966 3307 1032 lit,
3362 967 3521 1025 locus

180 1065 414 1137 νυμφὼν
440 1066 519 1135 δέ,
553 1065 685 1121 ἔνθα
728 1070 760 1137 ἡ
816 1068 1087 1137 συνάφεια
1131 1070 1366 1140 γίνεται,
1402 1073 1431 1125 6
1478 1070 1643 1136 τόπος
1695 1068 1776 1126 soi

1898 1057 2246 1127 baptismatis
2268 1097 2285 1125 ,
2317 1057 2423 1115 hoc
2448 1067 2562 1126 est,
2593 1058 2857 1115 Ecclesia.
2886 1057 2992 1114 Dat
3028 1067 3214 1115 autem
3242 1059 3519 1118 arrhabo-

182 1156 592 1229 βαπτίσματος,
618 1160 739 1231 ἢτοι
762 1161 796 1231 ἡ
843 1160 1165 1233 Ἐκκλησία.
1192 1163 1387 1218 Δίδωσι
1413 1164 1475 1218 δέ
1492 1163 1776 1237 ἀρραϐῶνα

1898 1169 2022 1209 nem
2075 1168 2326 1223 sponsae,
2381 1162 2739 1223 peccatorum
2804 1153 3220 1220 remissionem,
3277 1152 3518 1225 Spiritus

179 1254 253 1323 τῇ
272 1250 483 1326 νύμφῃ,
503 1251 796 1324 ἁμαρτιῶν
836 1253 1049 1322 ἄφεσιν.
1075 1255 1395 1329 Πνεύματος
1414 1256 1573 1326 άγίου
1592 1274 1791 1312 κοινω-

183 1347 329 1397 νίαν·
355 1342 422 1397 τὰ
448 1342 506 1396 δὲ
528 1343 835 1415 τελεώτερα
857 1346 915 1398 ἐν
938 1345 1017 1417 τῷ
1047 1348 1325 1417 μέλλοντι,
1348 1350 1437 1403 ὅτε
1460 1349 1531 1403 τά
1554 1354 1791 1421 κρείττω

178 1437 276 1490 καὶ
305 1436 619 1508 ὑψηλὰτερα
646 1440 1081 1511 μυσταγωγήσει
1104 1442 1220 1505 τοῖς
1239 1441 1434 1507 ἀξίοις.
1467 1443 1787 1514 Σημείωσαι

174 1529 259 1595 δέ,
297 1530 379 1583 ὅτι
426 1530 605 1594 οὐδεὶς
644 1529 806 1594 ἄλλος
851 1532 971 1584 ἐστὶ
1014 1534 1286 1604 νυμφίος,
1344 1535 1394 1589 εί
1442 1534 1520 1606 μὴ
1568 1536 1730 1606 μόνος
1759 1538 1788 1591 6

174 1622 454 1696 Χριστός·
512 1623 717 1687 πάντες
768 1624 829 1679 δέ
880 1625 929 1679 οί
980 1624 1366 1693 διδάσκοντες,
1420 1627 1786 1698 νυμφαγωγοί

176 1718 341 1783 εἰσιν,
375 1716 575 1787 ῶσπερ
601 1711 696 1771 οὖν
723 1718 818 1770 καὶ
848 1718 876 1772 6
906 1717 1245 1789 Πρόδρομος.
1277 1719 1469 1783 Οὐδεὶς
1494 1720 1605 1789 γὰρ
1624 1719 1785 1784 ἄλλος

174 1808 364 1880 δωτήρ
389 1810 508 1863 ἐστι
542 1809 655 1864 τῶν
686 1810 934 1880 ἀγαθῶν,
967 1813 1016 1865 εί
1050 1812 1127 1883 μὴ
1157 1813 1186 1866 6
1214 1814 1445 1884 Κύριοςο
1470 1814 1522 1867 oi
1551 1813 1608 1868 δέ
1631 1814 1784 1868 ἄλλοι

174 1905 403 1971 πάντες,
436 1906 680 1978 μῖεσῖται,
715 1908 814 1963 καὶ
844 1908 954 1964 τῶν
985 1908 1143 1982 παρὰ
1168 1910 1263 1966 τοῦ
1314 1910 1525 1983 Κυρίου
1555 1909 1781 1983 δεδομέ-

173 2018 289 2054 νων
318 1998 543 2069 ἀγαθῶν
573 2002 835 2057 διάκονοι.

251 2112 276 2149 ε
328 2091 389 2149 ⁸0
420 2094 630 2151 ἄνωθεν
664 2097 986 2169 ἐρχόμενος,
1032 2099 1223 2154 ἐπάνω
1271 2098 1493 2154 πάντων
1536 2097 1721 2153 ἐστίν·
1758 2099 1787 2152 6

174 2186 256 2242 ὢν
290 2189 356 2243 ἐκ
385 2189 485 2261 τῆς
509 2188 634 2259 γῆς,
668 2191 735 2245 ἐκ
765 2191 866 2262 τῆς
896 2190 1003 2262 γῆς
1027 2194 1168 2260 ἐστι,
1194 2194 1291 2247 καὶ
1320 2194 1387 2247 ἐκ
1412 2194 1513 2263 τῆς
1544 2195 1649 2264 γῆς
1685 2192 1785 2245 λα-

173 2285 279 2341 λεῖ.
324 2285 386 2341 '0
414 2287 480 2339 ἐκ
512 2285 607 2340 τοῦ
656 2286 891 2357 ούρανοῦ
933 2287 1260 2359 ἐρχόμενος,
1316 2289 1508 2343 ἐπάνω
1562 2289 1787 2343 πάντων

176 2378 330 2433 ἐστί·
362 2378 458 2431 καὶ
500 2378 529 2431 δ
573 2377 819 2451 ἑώρακε,
860 2380 957 2432 καὶ
1008 2380 1235 2451 ἢκουσε,
1280 2380 1441 2435 τοῦτο
1478 2383 1780 2453 μαρτυρεῖ⁶

176 2473 276 2527 καὶ
316 2472 417 2542 τὴν
466 2480 788 2546 [adpropich
812 2471 981 2533 αυτοῦ
1031 2473 1210 2539 οὐδεὶς
1240 2474 1538 2545 λαμϐάνει.
1598 2475 1656 2528 '0
1689 2476 1786 2528 λα-

175 2567 292 2621 ϐὼν
336 2567 503 2621 αὑτοῦ
543 2585 642 2637 την
687 2569 1023 2640 μαρτυρίαν,
1057 2571 1396 2640 ἐσφράγισεν
1442 2570 1525 2624 ὅτι
1572 2572 1602 2624 6
1649 2570 1785 2636 Θεὸς

173 2658 387 2729 ἀληθής
431 2661 604 2713 ιστιν-
664 2658 761 2715 “Ov
798 2660 906 2730 γὰρ
959 2661 1284 2715 ἀπέστειλεν
1316 2665 1344 2716 6
1375 2662 1530 2727 Θεὸς,
1573 2662 1642 2716 τὰ
1682 2664 1782 2734 ῥή-

176 2768 328 2821 ματα
354 2751 449 2805 τοῦ
480 2752 616 2806 Θεοῦ
662 2752 827 2804 λαλεῖη
872 2754 948 2807 Οὐ
979 2755 1090 2825 γὰρ
1124 2756 1189 2808 ὲκ
1246 2756 1452 2825 μέτρου
1503 2756 1723 2809 δίδωσιν
1754 2758 1783 2810 6

171 2844 308 2907 Θεὸς
341 2846 402 2899 τὸ
426 2846 673 2916 Πνεῦμα.
710 2864 725 2898 i
768 2849 1061 2917 Συγκρίνει
1092 2850 1329 2903 ἑαυτὸνδ
1354 2850 1671 2920 Πρόδρομος
1703 2849 1781 2919 τῷ

172 2936 422 3007 Χριστῷ,
456 2940 551 2991 καί
583 2944 770 3009 φησιν,
800 2941 882 2993 ὅτι
913 2940 1155 3004 Ἐκεῖνος
1183 2940 1283 3011 μὲν
1315 2940 1524 2995 ἄνωθεν
1558 2941 1779 3012 ἔρχεται

172 3030 241 3082 ἐκ
265 3028 360 3082 τοῦ
381 3030 615 3101 Πατρὸς,
640 3034 737 3085 καὶ
770 3033 955 3086 ἐπάνω
980 3032 1200 3087 πάντων
1231 3032 1403 3095 ἐστὶν,
1436 3032 1779 3105 ἐξῃρημένος

173 3121 396 3175 πάντων
424 3125 519 3176 καὶ
546 3126 643 3193 τὴν
674 3125 949 3196 Πατρῴαν
991 3125 1269 3197 ὑπεροχὴν
1293 3125 1599 3190 άποσὼζων
1623 3141 1636 3155 ⁸
1665 3125 1778 3193 ἐγὼ

169 3213 230 3267 δέ
271 3214 337 3267 ἐκ
361 3215 463 3283 γῆς
496 3214 595 3281 ὢν,
622 3220 787 3285 γήϊνα
828 3216 997 3281 λαλῶ,
1036 3218 1227 3288 εὐτελῆ
1280 3219 1375 3273 καὶ
1413 3218 1667 3283 ταπεινὰ,
1695 3217 1779 3293 ,ὡς

171 3304 312 3375 πρὸς
342 3307 636 3378 σύγκρισιν
663 3309 761 3377 τῆς
788 3308 883 3361 τοῦ
912 3309 1155 3378 Χριστοῦ
1182 3308 1556 3373 διδασκαλίας.
1595 3310 1769 3363 Ἐπεί·
1805 3336 1851 3396 c

168 3410 322 3463 τοιγε
353 3398 449 3450 καὶ
478 3399 547 3451 τὰ
587 3397 757 3450 αὑτοῦ
802 3397 897 3451 τοῦ
943 3400 1288 3470 Προδρόμου,
1327 3401 1447 3453 θεῖα
1494 3396 1667 3472 ἦσαν’
1701 3400 1779 3463 ὡς

168 3486 228 3541 δέ
263 3488 398 3558 πρὸς
424 3489 491 3543 τὰ
520 3488 616 3543 τοῦ
646 3491 888 3560 Χριστοῦ
917 3493 1343 3563 συγκρινόμενα,
1368 3494 1504 3547 πολὺ
1540 3494 1601 3546 τὸ
1645 3494 1779 3565 x00.-

173 3580 346 3648 μαλὶν
367 3580 608 3651 ἔχουσιν.
649 3584 909 3650 Ἐκεῖνος,
929 3586 1117 3656 φησὶν,
1141 3585 1169 3638 ὃ
1192 3586 1409 3657 ἑώρακε
1432 3587 1529 3639 καὶ
1549 3588 1683 3657 ἡκου
1693 3603 1773 3651 σε,

168 3674 356 3727 λαλεί-
392 3676 697 3741 τουτέστιν,
722 3676 758 3731 δ.
783 3681 935 3747 παρᾶ
976 3678 1072 3733 τοῦ
1106 3680 1317 3750 Πατρὸς
1358 3678 1584 3750 ἢκουσε,
1617 3680 1714 3733 καὶ
1742 3678 1778 3733 ἃ

167 3766 438 3838 ἑώρακεν,
474 3770 665 3839 ἤγουν,
698 3770 734 3826 ἃ
783 3772 1031 3843 ἀκριϐῶς
1066 3768 1229 3840 οἶδεν,
1274 3773 1459 3825 ἐκεῖνα
1492 3773 1647 3827 λαλεῖ
1683 3776 1779 3827 καὶ

170 3859 466 3926 μαρτυρεῖ.
532 3857 698 3912 Ἀλλὰ
731 3859 833 3930 τὴν
868 3859 1183 3929 μαρτυρίαν
1232 3860 1400 3912 αὑτοῦ
1432 3860 1613 3923 οὐδεὶς
1664 3861 1774 3913 τῶν

172 3944 251 4014 μὴ
296 3946 362 4013 τῇ
395 3944 628 4017 ἀληθεία
660 3948 1041 4017 προσεχόντων
1072 3942 1362 4017 λαμϐάνει.
1408 3951 1506 4011 ’ος
1535 3949 1592 4001 δὲ
1632 3949 1775 4024 λάϐῃ

166 4031 268 4100 τὴν
305 4034 637 4105 μαρτυρίαν,
672 4035 795 4107 ἦτοι
828 4035 929 4104 τὴν
958 4036 1317 4091 διδασκαλίαν
1345 4037 1537 4103 αὑτοῦ,
1564 4040 1771 4109 ἐσφρά-

166 4140 344 4192 γισεν,
384 4126 511 4180 ἀντὶ
562 4126 684 4190 τοῦ,
738 4126 964 4194 ἔδειξεν,
1021 4128 1379 4195 ἐϐεϐαίωσεν,
1434 4130 1518 4183 ὅτι
1563 4132 1592 4183 6
1641 4132 1776 4195 Θεὸς

164 4215 380 4287 ἀληθής
433 4218 605 4271 ἐστιν.
649 4218 710 4271 Ὁ
735 4219 844 4290 γὰρ
881 4218 960 4290 τῷ
990 4222 1145 4289 παρὰ
1194 4220 1329 4275 Θεοῦ
1372 4222 1775 4293 άπεσταλμένῳ

164 4310 466 4377 πιστεύων,
500 4310 578 4381 τῷ
611 4311 733 4383 Θεῷ
766 4312 1036 4381 πιστεύει,
1082 4316 1182 4367 καὶ
1215 4314 1405 4369 λοιπὸν
1452 4315 1770 4384 σφραγίζει,

164 4404 263 4458 καὶ
293 4404 703 4471 ἀποδείκνυσιν,
744 4407 825 4459 ὅτι
875 4404 952 4470 ὡς
999 4406 1193 4477 ἀληθεῖ
1245 4407 1361 4461 ὄντι
1406 4409 1769 4460 ἐπίστευσεν

160 4497 357 4567 ὥσπερ
410 4494 503 4553 οὖν
556 4499 719 4553 πάλιν
766 4500 796 4553 ὀ
829 4500 1081 4554 ἀπιστῶν
1132 4502 1211 4572 τῷ
1269 4501 1425 4573 παρὰ
1475 4501 1571 4555 τοῦ
1633 4503 1771 4557 Θεοῦ

161 4592 587 4665 ἁπεσταλμένῳ,
645 4594 908 4663 δεικνύει,
940 4596 1025 4649 ὅτι
1060 4596 1305 4666 ψεύστης
1362 4598 1503 4663 ἐστὶ,
1556 4599 1652 4652 καὶ
1684 4597 1774 4652 διὰ

1811 1977 1860 2037 Β

1896 1246 2073 1302 sancti
2102 1246 2601 1303 communionem:
2651 1245 2983 1317 perfectiora
3030 1261 3162 1302 vero
3207 1248 3260 1302 in
3299 1246 3511 1315 futuro,

1893 1342 2116 1411 quando
2146 1342 2343 1412 dignos
2378 1340 2433 1395 in
2474 1340 2702 1397 meliora
2731 1349 2781 1395 et
2818 1338 3143 1395 sublimiora
3176 1340 3511 1396 introducet.

1890 1432 2031 1491 Nota
2058 1442 2239 1489 autem
2290 1433 2439 1505 quod
2496 1434 2678 1491 nullus
2724 1433 2866 1488 alius
2905 1443 2993 1490 est
3040 1448 3301 1504 sponsus,
3346 1449 3513 1503 quam

1891 1526 2041 1584 solus
2056 1526 2319 1584 Christus
2343 1546 2357 1582 :
2384 1541 2582 1583 omnes
2604 1538 2789 1582 autem
2817 1529 3079 1583 docentes
3102 1525 3335 1597 prouubi
3357 1538 3509 1594 sunt,

1889 1622 2032 1679 sicut
2060 1630 2118 1678 et
2159 1619 2478 1677 Pracursor
2504 1634 2747 1691 quoque.
2775 1618 2971 1676 Nullus
3000 1621 3145 1677 enim
3177 1621 3321 1677 alius
3351 1621 3513 1676 dator

1888 1724 1971 1769 est
2023 1714 2325 1779 bonorum,
2381 1728 2547 1785 quam
2603 1714 2759 1769 solus
2815 1714 3081 1770 Dominus
3137 1713 3277 1771 :alii
3320 1723 3509 1769 autem

1886 1821 2081 1865 omnes
2105 1807 2459 1875 mediatores,
2496 1815 2553 1865 et
2588 1808 2830 1865 ministri
2862 1811 3135 1865 bonorum
3168 1824 3293 1882 quae
3324 1824 3357 1866 a
3394 1808 3508 1868 Do-

1886 1901 2036 1958 mino
2070 1903 2290 1958 dantur.

1963 2082 2133 2141 Vens.
2163 2083 2354 2141 διατι.
2392 2102 2413 2138 ι
2448 2084 2553 2154 Qui
2581 2098 2614 2140 e
2636 2084 2893 2156 supernis
2919 2084 3091 2151 venit,
3132 2100 3298 2154 super
3325 2085 3496 2161 559

1890 2191 2086 2234 omnes
2117 2190 2202 2235 est
2233 2194 2249 2235 :
2279 2178 2371 2250 qui
2400 2194 2430 2233 a
2467 2189 2611 2235 terra
2653 2177 2939 2249 profectus
2958 2190 3065 2246 est,
3111 2189 3368 2238 terrenus
3389 2190 3502 2248 est,

1890 2279 1943 2326 et
1978 2271 2047 2325 de
2071 2282 2217 2326 terra
2250 2271 2515 2343 loquitur.
2550 2272 2652 2341 Qui
2681 2286 2713 2327 e
2745 2272 2892 2329 coelo
2915 2274 3085 2339 venit,
3115 2289 3278 2346 supra
3307 2290 3504 2333 omnes

1890 2368 1997 2431 est,
2059 2373 2116 2419 et
2145 2366 2289 2434 quod
2333 2364 2469 2421 vidit
2498 2376 2553 2422 et
2586 2366 2823 2431 audivit,
2857 2366 2961 2423 hoc
2993 2375 3247 2435 testatur,
3296 2378 3353 2426 et
3387 2380 3503 2428 tes-

1890 2458 2182 2514 timonium
2209 2458 2329 2529 ejus
2365 2475 2529 2516 nemo
2562 2462 2781 2532 accipit.
2806 2460 2911 2529 Qui
2951 2462 3153 2534 accipit
3199 2463 3319 2533 ejus
3348 2464 3506 2521 testi-

1842 2597 1848 2602 .
1888 2555 2155 2620 monium,
2198 2556 2246 2611 is
2277 2556 2590 2628 obsignavit
2612 2558 2756 2627 quod
2788 2559 2932 2615 Deus
2958 2572 3124 2614 verax
3155 2559 3248 2615 sit.
3282 2558 3417 2614 Nam
3453 2560 3500 2616 is

1887 2661 2052 2717 quem
2091 2647 2239 2703 misit
2264 2645 2430 2715 Deus,
2462 2651 2625 2705 verba
2657 2650 2750 2707 Dei
2790 2651 3055 2722 loquitur.
3087 2652 3206 2708 Non
3253 2653 3400 2708 enim
3430 2656 3499 2709 ad

1888 2755 2205 2796 mensuram
2251 2742 2344 2797 dat
2372 2741 2519 2797 Deus
2556 2742 2844 2813 Spiritum.
2890 2763 2909 2796 ι
2946 2745 3244 2815 Comparat
3273 2762 3333 2802 se
3358 2744 3503 2802 Prte-

1885 2847 2079 2888 cursor
2102 2833 2346 2901 Christo,
2383 2843 2439 2889 et
2474 2835 2607 2890 dicit
2638 2837 2783 2906 quod
2809 2837 2897 2892 ille
2932 2837 3154 2908 quidem
3179 2855 3209 2894 e
3239 2840 3499 2911 supernis

1888 2924 2101 2979 venerit
2131 2939 2161 2978 a
2202 2924 2389 2988 Patre.
2420 2936 2477 2981 et
2520 2941 2688 2997 super
2713 2942 2910 2984 onmes
2932 2930 3024 2994 sit,
3059 2933 3310 3001 egregius
3335 2948 3501 3002 super

1884 3032 2097 3083 omnes,
2116 3027 2169 3072 ct
2186 3018 2477 3074 Paternam
2496 3034 2722 3075 servans
2737 3021 3117 3077 excellentiam
3142 3042 3155 3078 :
3181 3025 3295 3094 Ego
3313 3033 3497 3081 autent

1885 3109 1975 3177 qui
2007 3109 2073 3164 de
2107 3118 2250 3165 terra
2293 3126 2440 3177 sum,
2474 3120 2689 3167 terrena
2726 3112 2946 3183 loquor,
2984 3116 3111 3172 vilia
3140 3126 3194 3172 et
3230 3119 3456 3174 humilia
3480 3159 3497 3185 ,

1884 3202 1928 3257 si
1965 3217 2087 3257 cum
2118 3203 2369 3259 doctrina
2384 3205 2595 3260 Christi
2626 3206 3006 3263 conferantur.
3031 3207 3296 3277 Quamvis
3313 3218 3499 3268 autem

1883 3309 2004 3362 qnte
2040 3310 2069 3349 a
2111 3294 2461 3354 Praecursore
2492 3298 2718 3365 ﬂebant,
2753 3301 2938 3356 divina
2968 3316 3147 3372 erant,
3204 3306 3396 3362 collata
3417 3320 3501 3363 ta-

1883 3402 2009 3443 men
2043 3403 2169 3443 cum
2207 3389 2293 3445 his
2314 3404 2437 3460 qua
2464 3406 2495 3445 a
2528 3390 2770 3458 Christo,
2804 3395 2963 3450 valde
3004 3398 3231 3453 humilia
3266 3414 3501 3470 appare-

1881 3479 2033 3535 bant.
2058 3479 2173 3545 llie,
2208 3480 2407 3551 inquit,
2438 3484 2583 3553 quod
2605 3483 2812 3539 viditet
2843 3486 3078 3554 audivit,
3102 3488 3369 3559 loquitur,
3396 3492 3499 3549 hoc

1880 3582 1987 3638 est,
2012 3588 2133 3643 qua:
2156 3589 2186 3627 a
2218 3574 2378 3631 Patre
2402 3577 2631 3643 audivit,
2658 3590 2713 3632 et
2742 3594 2865 3649 qua:
2895 3581 3053 3647 vidit,
3088 3583 3191 3639 hoc
3208 3596 3314 3649 est,
3346 3587 3500 3644 clare

1880 3668 2053 3733 novit,
2083 3667 2171 3722 illa
2205 3668 2448 3741 loquitur
2468 3680 2524 3726 et
2561 3680 2817 3727 testatur.
2848 3674 2917 3728 Et
2966 3677 3340 3734 testimonium
3379 3682 3500 3751 ejus

1882 3760 2065 3815 nullus
2089 3776 2153 3816 ex
2188 3762 2274 3818 his
2307 3764 2402 3833 qui
2430 3764 2718 3820 veritatem
2748 3782 2857 3822 non
2892 3771 3207 3839 attendunt,
3272 3776 3494 3845 recipit.

1881 3852 1983 3918 Qui
2013 3863 2193 3909 autem
2222 3856 2415 3926 recipit
2439 3859 2838 3928 testimonium,
2864 3861 2968 3918 hoc
3023 3873 3127 3932 est,
3179 3865 3496 3923 doctrinam

1878 3947 2017 4015 ejus,
2059 3946 2393 4019 obsignavit,
2430 3951 2534 4008 hoc
2565 3964 2673 4019 est,
2733 3957 3064 4012 monstravit
3095 3969 3150 4014 et
3206 3963 3495 4030 stabilivit,

1878 4039 2028 4109 quod
2090 4042 2232 4097 Deus
2274 4059 2438 4100 verus
2468 4052 2562 4101 sit.
2596 4046 2698 4114 Qui
2727 4051 2872 4105 enim
2916 4052 3091 4107 credit
3121 4052 3168 4109 ei
3205 4056 3348 4125 quia
3385 4054 3498 4111 Deo

1880 4134 2081 4221 missus
2112 4146 2219 4201 est,
2250 4136 2364 4193 Deo
2388 4140 2588 4205 credit,
2620 4153 2676 4197 et
2708 4156 3117 4216 consequenter
3146 4150 3401 4220 obsignat
3442 4160 3497 4208 et

1877 4228 2223 4285 demonstrat
2256 4232 2398 4300 quod
2431 4232 2479 4288 ei
2505 4234 2594 4304 qui
2624 4242 2799 4290 ‘verax
2857 4237 2950 4303 sit,
2983 4239 3281 4302 crediderit
3311 4260 3325 4297 :
3354 4245 3497 4299 sicut

1878 4336 1908 4375 e
1934 4321 2151 4377 diverso
2175 4324 2265 4391 qui
2293 4339 2398 4377 non
2425 4326 2576 4380 credi
2622 4326 2675 4382 ei
2705 4329 2797 4400 qui
2836 4346 2865 4384 a
2896 4330 3012 4386 Deo
3036 4333 3236 4388 missus
3260 4345 3366 4399 est,
3399 4351 3494 4390 os-

1878 4414 2050 4468 tendit
2086 4417 2231 4484 quod
2266 4420 2497 4472 mendax
2524 4421 2613 4486 sit,
2656 4432 2712 4477 et
2744 4434 2971 4493 propter
3015 4426 3118 4480 hoc
3145 4443 3256 4482 non
3314 4432 3496 4487 credit

1878 4509 1951 4571 ei,
1991 4518 2179 4578 utpote
2200 4513 2478 4567 mendaci.
2501 4512 2566 4566 Et
2588 4514 2662 4567 ita
2689 4516 2799 4583 qui'
2830 4516 3049 4572 Cliristo
3080 4520 3276 4585 credit,
3309 4532 3495 4579 osten-

1879 4602 1958 4655 dit
1988 4605 2133 4671 quod
2157 4601 2302 4657 Deus
2326 4613 2409 4658 est
2447 4620 2638 4673 verax,
2670 4622 2737 4661 ex
2774 4621 2839 4662 eo
2870 4610 3013 4679 quod
3058 4613 3292 4669 credidit
3324 4618 3371 4669 ei
3398 4617 3491 4685 qui

161 4689 323 4744 τοῦτο
346 4692 448 4744 οὐκ
478 4692 801 4745 ἐπίστευσεν
828 4692 1002 4763 αὐτῷ,
1031 4686 1120 4746 οἷα
1143 4694 1207 4765 δὴ
1241 4692 1560 4763 ψευδομένῳ
1588 4708 1602 4724 ο
1626 4692 1768 4745 ὥστε

1884 4692 1943 4745 ab
1975 4692 2092 4759 ipso
2128 4693 2328 4747 missus
2361 4700 2468 4749 est.
2520 4693 2867 4752 Manifestum
2928 4702 3072 4755 enim
3108 4706 3254 4773 quod
3318 4706 3393 4760 illi
3434 4717 3495 4761 ut

161 4783 193 4834 6
225 4782 304 4853 τῷ
335 4783 560 4854 Χριστῷ
594 4784 893 4853 πιστεύων,
926 4784 1170 4837 δείκνυσι
1199 4786 1291 4839 τὸν
1317 4785 1452 4839 Θεὸν
1475 4786 1676 4856 ἀληθῆ,
1708 4785 1768 4849 ἐξ

161 4877 332 4932 αὑτοῦ
366 4878 561 4931 τούτου
598 4878 841 4945 πάντως,
882 4879 977 4934 τοῦ
1005 4878 1296 4934 πιστεῦσαι
1328 4880 1406 4950 τῷ
1439 4882 1569 4950 παρ’
1599 4880 1766 4933 αὑτοῦ

164 4970 594 5042 ἁπεσταλμένῳ.
658 4971 933 5043 Πρόδηλον
987 4974 1119 5044 γὰρ,
1176 4974 1258 5026 ὃτι
1304 4972 1380 5035 ὡς
1412 4972 1606 5041 ἀληθεῖ
1654 4974 1768 5025 ὄντι

162 5057 315 5129 αὑτῷ
373 5060 690 5126 ἐπίστευσε,
734 5062 829 5115 καὶ
887 5063 1137 5125 εἰκότως.
1198 5066 1261 5117 υἱ
1312 5064 1411 5132 μὲν
1451 5062 1562 5134 γάρ
1615 5064 1767 5117 ἄλλοι

165 5152 389 5219 πάντες,
435 5154 591 5222 φησι,
661 5155 849 5224 μέτρῳ
914 5156 1017 5227 τὴν
1078 5157 1368 5225 ἐνέργειαν
1432 5156 1625 5210 ἔλαϐον
1670 5156 1765 5209 τοῦ

165 5241 515 5311 Πνεύματος·
548 5244 701 5314 αὑτῷ
750 5246 807 5298 δὲ
837 5245 914 5315 τῷ
945 5248 1168 5316 Χριστῴ
1212 5249 1312 5301 οὐκ
1344 5251 1407 5300 ἐκ
1441 5250 1645 5319 μέτρου
1680 5250 1760 5302 δέ·

164 5335 304 5388 δωκε
344 5336 475 5405 μίαν
523 5338 689 5407 τυχὸν
738 5340 771 5409 ἢ
825 5340 917 5391 δύο
972 5342 1281 5411 ἐνεργείας,
1343 5342 1457 5395 ἀλλ’
1495 5344 1657 5405 αὐτὸς
1705 5343 1767 5395 τὸ

166 5428 395 5499 Πνεῦμα
429 5430 725 5503 ὁλόκληρον
755 5432 869 5501 ἔχει
896 5434 1172 5497 οὑσιωδῶς
1223 5436 1346 5497 Τοῖς
1382 5436 1479 5504 μὲν
1506 5431 1599 5487 οὖν
1632 5452 1768 5504 προ-

164 5522 365 5591 φήταις
392 5524 420 5575 6
446 5524 581 5586 Θεὸς
615 5526 711 5577 καὶ
746 5526 930 5578 δίδωσι
962 5528 1023 5579 τὸ
1059 5529 1307 5597 Πνεῦμα,
1343 5529 1463 5598 ἢτοι
1487 5530 1586 5599 τὴν
1616 5532 1768 5599 ἐνέρ-

163 5630 323 5680 γειαν
353 5615 447 5669 τοῦ
482 5616 828 5687 Πνεύματος,
860 5619 954 5672 καὶ
982 5622 1039 5673 ἐν
1072 5622 1257 5691 μέτρῳ
1285 5621 1469 5673 δίδωσι
1496 5638 1509 5652 ⁸
1542 5622 1767 5692 Χριστῷ

168 5708 226 5761 δὲ
258 5706 380 5761 οῦτε
422 5713 482 5765 ἐν
517 5713 726 5782 μέτρῳ,
756 5711 881 5766 οὔτε
914 5713 1050 5777 ὅλως
1072 5716 1290 5769 δίδωσιν
1310 5734 1321 5746 ·
1349 5717 1461 5787 ἔχει
1494 5718 1605 5787 γὰρ
1636 5718 1769 5771 αὐτὸ

166 5802 443 5865 οὐσιωδῶς
469 5806 497 5857 6
525 5806 789 5877 Χριστός.
833 5806 1004 5860 Ὅταν
1044 5808 1101 5860 δὲ
1138 5809 1405 5881 ἀκούσῃς,
1446 5812 1584 5862 ὃτιό
1634 5812 1769 5881 Χρι-

166 5891 313 5958 στδς,
342 5893 379 5949 ἃ
420 5897 623 5967 ἢκουσε
664 5899 817 5970 παρὰ
847 5900 941 5954 τοῦ
972 5902 1211 5973 Πατρὸς,
1252 5904 1437 5957 ἐκεῖνα
1467 5902 1640 5970 λαλεῖ,
1694 5904 1769 5976 μὴ

170 5985 357 6057 νόμιζε
387 5988 552 6047 αὐτὸν
575 5992 734 6051 ἐνδεᾶ
762 5993 893 6051 ὄντα
921 5996 1203 6067 γνώσεως,
1236 5997 1389 6071 παρὰ
1427 5998 1523 6055 τοῦ
1554 6000 1772 6073 Πατρὸς

1877 4783 2061 4837 veraci
2096 4784 2417 4841 crediderit.
2458 4785 2526 4840 Et
2569 4789 2787 4844 merito.
2824 4789 2939 4845 Nos
2972 4794 3117 4847 enim
3151 4797 3241 4849 alii
3297 4813 3492 4853 omnes

1877 4872 1943 4926 ad
2002 4888 2321 4929 mensuram
2388 4878 2706 4947 accepimus
2768 4885 3151 4950 operationem
3228 4883 3489 4955 Spiritus,

1878 4964 1979 5033 ipsi
2014 4976 2195 5022 autem
2223 4966 2447 5024 Christo
2482 4972 3007 5030 nonadmensuram
3035 4978 3184 5033 dedit
3208 4997 3372 5036 unam
3406 4986 3491 5039 vel

1879 5058 2019 5113 duas
2048 5061 2308 5129 virtutes,
2366 5064 2461 5117 sed
2520 5064 2635 5133 ipse
2671 5065 2937 5135 Spiritum
3012 5070 3284 5143 integrum
3328 5076 3493 5132 habet

1878 5151 2336 5209 substantialiter.
2358 5155 2533 5225 Igitur
2555 5168 2610 5211 et
2640 5161 2919 5229 prophetis
2944 5164 3096 5218 dedit
3131 5168 3273 5221 Deus
3310 5168 3489 5237 Spiri-

1877 5250 2011 5306 tum,
2042 5243 2145 5299 hoc
2172 5254 2279 5308 est,
2328 5248 2711 5315 operationem
2778 5249 3046 5319 Spiritus,
3083 5269 3139 5309 et
3166 5262 3233 5311 ad
3265 5276 3489 5317 mensu-

1879 5352 1995 5391 ram
2030 5339 2179 5393 dedit
2220 5356 2234 5393 :
2289 5339 2512 5396 Christo
2544 5354 2726 5399 autem
2762 5361 2871 5401 non
2941 5350 3006 5403 ad
3039 5366 3380 5417 mensuram,
3436 5367 3491 5411 et

1877 5446 2055 5498 neque
2099 5433 2324 5487 omnino
2373 5434 2525 5492 dedit
2562 5451 2577 5493 :
2613 5436 2777 5491 habet
2827 5440 2972 5493 enim
3036 5444 3185 5505 illum
3234 5448 3491 5505 Christus

1878 5528 2335 5583 substantialiter.
2361 5528 2590 5596 Quando
2627 5540 2805 5589 autem
2833 5536 2993 5591 audis
3051 5540 3193 5606 quod
3234 5539 3489 5599 Christus

1878 5626 2119 5695 loquitur
2154 5628 2243 5683 illa
2280 5644 2402 5698 qua:
2428 5630 2638 5685 audivit
2696 5647 2726 5685 a
2788 5630 2973 5698 Patre,
3017 5648 3084 5688 ne
3119 5645 3279 5703 putes
3338 5637 3487 5693 illum

1878 5719 2125 5790 indigere
2158 5731 2215 5775 ut
2242 5722 2531 5778 scientiam
2561 5725 2747 5781 abillo
2779 5726 2984 5791 discat,
3034 5729 3129 5782 sed
3158 5730 3284 5797 quia
3336 5746 3488 5799 qutu-

1877 5827 2095 5881 cunque
2122 5812 2227 5868 scit
2258 5812 2446 5877 Filius,
2482 5832 2511 5871 a
2568 5817 2730 5873 Patre
2760 5822 3087 5874 naturaliter
3138 5824 3265 5888 scit,
3330 5827 3486 5893 quasi

1877 5905 1955 5962 illi
1988 5907 2500 5973 consubstantialis,
2532 5910 2653 5979 ejus
2680 5914 2855 5982 gratia
2887 5912 3088 5967 dicitur
3115 5928 3143 5966 a
3172 5914 3335 5970 Patre
3380 5930 3485 5975 au-

1880 5999 1998 6061 dire
2015 6016 2136 6074 qua:
2158 6004 2260 6061 scit
2284 6020 2295 6058 :
2318 6006 2783 6075 quemadmodum
2810 6007 2857 6064 si
2886 6006 3090 6064 videris
3116 6006 3292 6064 ﬁlium
3342 6009 3485 6070 patri
