3936 6416
462 419 598 487 1223

1313 406 1897 474 THEOPHYLACTI
1939 401 2352 466 BULGARLE
2400 399 2758 462 ARCHIEP.

3625 386 3749 450 1‘22!

455 552 551 608 per
577 535 758 592 omnia
829 533 1082 600 similem,
1123 529 1300 586 dicis:
1345 530 1539 583 (lumia
1591 544 1620 582 a
1669 536 1821 596 patre
1863 523 2044 587 habet,

2158 519 2451 589 μανθάνειν
2475 537 2486 549 ·
2531 519 2648 572 ἀλλ’
2671 518 2795 571 ἐπεὶ
2835 517 3035 578 πάντα,
3068 513 3169 566 ὅσα
3201 508 3344 563 εῖδεν
3375 509 3404 560 6
3443 507 3577 567 Υίιις
3606 523 3753 573 φυσι-

457 633 560 685 hoc
595 640 700 696 est,
734 628 875 682 Nulli
917 624 1111 681 similis
1143 631 1224 679 est
1247 637 1409 692 quam
1433 621 1593 691 patri.
1620 620 1859 673 Audiens
1883 617 2048 686 igitur

459 726 684 778 missum
701 737 838 787 esse,
862 720 1016 789 quasi
1035 717 1244 771 radium
1260 714 1498 783 intellige
1521 728 1642 768 eum
1659 711 1836 777 asole,
1855 723 2049 777 nempe

458 814 638 881 Patre,
672 818 844 880 ipsum
878 813 1102 867 missum
1127 824 1267 866 esse.
1295 809 1482 862 Nonne
1508 817 1562 860 et
1595 806 1667 858 ita
1696 804 1876 857 dicere
1904 803 2046 855 sote-

461 924 602 968 ltttts,
635 908 776 976 quod
802 906 880 960 sol
903 905 1084 958 radios
1119 901 1383 964 emiserit,
1441 901 1541 953 hoc
1601 906 1705 961 est,
1752 895 1963 949 ntiserit
1993 893 2046 946 in

461 1010 686 1063 terram,
725 1009 779 1052 et
814 1011 1076 1064 nusquam
1109 996 1320 1047 radium
1364 991 1588 1045 alterius
1615 989 1937 1043 substantia:
1962 987 2047 1039 di-

460 1089 634 1143 cimus
661 1105 802 1153 esse,
838 1089 917 1143 vel
950 1089 1306 1156 posteriorem
1356 1101 1517 1154 quam
1551 1085 1631 1139 sol
1659 1085 1681 1138 ?
1712 1083 1802 1138 Sic
1837 1097 2049 1159 quoque

458 1191 511 1236 et
545 1182 736 1235 Filium
781 1182 1002 1235 missum
1037 1194 1160 1234 esse
1187 1195 1216 1232 a
1248 1179 1514 1249 spirituali
1543 1178 1678 1243 sole,
1714 1177 1924 1232 scilicet
1950 1175 2047 1228 Pa-

462 1287 541 1330 tre
566 1277 709 1340 huic,
747 1275 967 1335 mundo,
1005 1274 1166 1326 veluti
1198 1271 1648 1335 deradtationcm,
1699 1278 1753 1324 et
1814 1269 2046 1333 radium,

460 1381 510 1422 et
540 1370 741 1431 lumen,
760 1368 1270 1438 etqualitercunque
1295 1378 1556 1435 quantum
1585 1364 1837 1434 congruit
1853 1377 2049 1417 vocare

462 1462 607 1512 illum
638 1460 890 1513 volueris.
925 1458 1041 1512 Non
1074 1458 1234 1528 550
1266 1458 1705 1526 intempestivum
1728 1467 1908 1509 antem
1933 1455 2048 1508 lue-

462 1553 527 1605 rit
560 1553 658 1606 hoc
685 1552 799 1604 loco
827 1553 1005 1605 dicere
1029 1553 1301 1620 quomodo
1331 1550 1529 1604 habeat
1561 1546 1730 1602 Filius
1760 1549 2048 1617 Spiritum,

457 1652 511 1699 ct
553 1645 822 1713 quomodo
871 1645 1083 1698 dicatur
1129 1643 1366 1711 Spiritus
1423 1642 1566 1696 Filii.
1617 1641 1754 1694 Dicit
1808 1642 1954 1694 enim
1995 1652 2049 1695 et

456 1736 774 1804 Apostolus:
801 1755 816 1787 ι
860 1737 1119 1804 Spiritum
1142 1735 1260 1789 Filii
1289 1737 1370 1791 sui
1401 1737 1451 1789 in
1479 1735 1639 1789 corda
1669 1744 1844 1788 vestra
1875 1735 2043 1801 misit,

457 1827 801 1892 clamantem,
855 1829 1004 1880 Abba
1060 1828 1221 1881 Pater
1243 1827 1309 1882 ⁸³.
1351 1847 1368 1878 ι
1409 1828 1467 1880 Et
1496 1828 1703 1880 iterum
1734 1845 1745 1880 :
1780 1846 1798 1879 ι
1857 1825 1915 1879 Si
1949 1842 2046 1878 au—

459 1928 566 1972 tem
599 1919 720 1986 quis
737 1919 1216 1987 SpiriltnnCttristi
1257 1934 1358 1973 non
1389 1920 1666 1983 habuerit,
1704 1920 1790 1972 hic
1827 1935 1932 1972 non
1966 1926 2048 1972 est

459 2011 574 2077 eius
608 2012 703 2063 ³⁸.»
753 2011 892 2065 Sane
943 2012 1115 2065 Latini
1150 2011 1288 2065 male
1320 2014 1430 2066 IIIBC
1466 2023 1802 2079 exponentes
1833 2013 1935 2083 (α),
1992 2021 2046 2066 et

459 2104 636 2156 minus
658 2116 802 2157 recte
840 2105 1222 2173 intelligentes,
1244 2105 1427 2158 dicunt
1453 2106 1592 2173 quod
1617 2104 1852 2174 Spiritus
1885 2108 2046 2159 etiam

456 2211 521 2252 ex
555 2196 689 2251 Filio
710 2198 985 2267 procedat.
1006 2197 1115 2252 Nos
1139 2209 1317 2251 autem
1346 2199 1445 2251 hoc
1469 2197 1685 2266 quidem
1712 2214 1761 2267 pi
1779 2199 1943 2250 intum
1967 2197 2047 2250 di-

457 2290 630 2343 cimus
650 2289 711 2342 ad
738 2305 854 2354 eos,
879 2291 1022 2359 quod
1046 2289 1187 2341 aliud
1213 2289 1281 2342 sit
1303 2303 1421 2342 esse
1444 2305 1505 2343 ex
1538 2289 1814 2357 quopiam,
1833 2299 1886 2341 et
1905 2289 2044 2341 aliud

456 2394 576 2432 esse
603 2382 881 2446 cujusdam
906 2399 919 2434 :
945 2390 998 2433 ιιι
1017 2380 1251 2449 Spiritus
1278 2391 1361 2435 est
1389 2381 1605 2449 quidem
1635 2381 1873 2449 Spiritus
1923 2378 2046 2433 Filii

458 2473 662 2541 absque
684 2473 864 2536 dubio,
896 2475 1030 2527 etab
1067 2476 1213 2526 omni
1254 2474 1532 2542 Scriptura
1560 2474 1661 2527 hoc
1693 2473 2044 2542 approbatum

457 2577 538 2618 est
569 2582 580 2627 ;
607 2575 858 2618 caeterum
885 2580 1006 2619 esse
1026 2581 1093 2619 ex
1118 2565 1273 2628 Filio,
1303 2568 1442 2619 nulla
1469 2566 1752 2635 Scriptura
1795 2577 2044 2629 testatur,

457 2668 515 2709 ut
545 2672 612 2711 ne
642 2657 749 2712 duo
770 2658 1030 2729 principia
1063 2658 1297 2727 Spiritus
1326 2661 1734 2714 introducamus
1753 2660 1966 2714 Patrem
1995 2670 2047 2713 et

398 2748 404 2754 ’
456 2748 674 2804 Filium.
711 2751 981 2816 Profecto,
1016 2752 1269 2819 inquiunt
1301 2771 1315 2807 :
1349 2768 1471 2806 nam
1507 2753 2050 2822 etinSpiravltdisci-

461 2844 620 2911 pulis,
672 2855 725 2898 et
766 2843 900 2896 dixit
935 2863 947 2897 :
993 2864 1008 2895 ι
1057 2845 1299 2912 Accipite
1335 2845 1597 2913 Spiritum
1645 2854 1890 2899 sanctum
1920 2847 1986 2898 ⁸⁷.
2026 2866 2044 2899 ι

463 2933 508 2989 Ο
539 2937 956 3005 desipientia")!
999 2935 1055 2990 Si
1083 2947 1212 2990 tunc
1262 2935 1410 2989 dedit
1459 2935 1742 3003 discipulis
1786 2935 2048 3007 Spiritum

456 3027 674 3096 quando
716 3025 1023 3094 insumavit,
1066 3029 1333 3097 quomodo
1366 3038 1554 3095 postea
1586 3029 1846 3095 dixitcis,
1895 3047 1914 3080 ι
1939 3029 2048 3085 Ac-

455 3118 670 3188 cipietis
704 3119 958 3174 virtutem
1013 3120 1447 3189 supervenientis
1474 3117 1711 3188 Spiritus
1754 3121 1929 3175 sancti
1959 3137 2052 3176 su-

457 3225 552 3279 per
582 3225 698 3272 vos.
734 3227 836 3266 non
866 3222 984 3281 post
1017 3212 1210 3266 multos
1237 3213 1334 3267 hos
1361 3210 1478 3267 dies
1506 3210 1584 3278 ⁸⁸;
1619 3212 1750 3279 ψει
1774 3215 2046 3282 quomodo

461 3303 515 3357 in
546 3303 866 3358 Pentecoste
901 3304 1171 3359 credimus
1210 3306 1407 3359 factum
1437 3305 1760 3360 descensum
1787 3305 2044 3376 Spiritus,

461 3395 732 3464 siquidem
760 3397 812 3449 in
845 3411 1069 3466 vespera
1101 3397 1203 3450 diei
1243 3399 1661 3452 resurrectionis
1685 3398 1829 3452 dedit
1858 3400 2048 3454 illum?

456 3495 586 3541 tunc
612 3488 756 3541 enim
783 3489 1083 3557 inSpiravit.
1115 3489 1182 3542 At
1212 3490 1324 3543 hate
1355 3492 1570 3559 quidem
1593 3491 1749 3546 valde
1797 3492 2044 3547 ridiculi.

392 3606 394 3608 -
455 3578 807 3636 Manifestum
834 3581 976 3635 enim
1009 3584 1152 3650 quod
1193 3591 1323 3636 tunc
1354 3583 1458 3637 illis
1493 3584 1756 3652 Spiritum
1797 3595 2045 3639 sanctqu

457 3688 566 3730 non
591 3672 819 3735 dederit,
847 3675 940 3727 sed
965 3675 1161 3727 donum
1186 3691 1350 3728 unum
1377 3674 1612 3744 Spiritus
1631 3677 1825 3739 sancti,
1854 3679 2046 3733 remis-

455 3765 668 3820 sionem
695 3764 905 3818 scilicet
934 3765 1164 3832 peccati.
1193 3766 1392 3819 Statim
1426 3768 1568 3818 enim
1597 3769 1775 3822 subdit
1802 3784 1814 3820 :
1841 3788 1858 3820 ι
1898 3772 2043 3834 011οο

456 3867 574 3907 rum
613 3844 1202 3928 remiseritispeccata.
1257 3871 1275 3904 ι
1319 3852 1492 3925 liabet
1544 3866 1723 3908 autem
1781 3856 2045 3922 Spiritum

456 3943 627 4000 Filius
661 3924 1121 4009 substantialiter:
1150 3955 1206 3997 ιιι
1242 3924 1759 4001 censubstanlialem
1780 3949 1907 4011 sibi,
1941 3965 2046 4002 nou

455 4054 486 4093 a
527 4053 634 4108 quo
665 4039 1039 4107 operatimiem
1073 4039 1325 4107 recipiat,
1350 4042 1811 4109 sicutprophetze.
1841 4040 2048 4096 Dicitur

455 4139 636 4185 autem
673 4129 912 4199 Spiritus
937 4146 1059 4185 esse
1091 4131 1211 4185 Filii
1241 4134 1539 4185 secundum
1569 4134 1712 4200 quod
1740 4133 1942 4188 veritas
1965 4143 2048 4189 est

454 4220 643 4287 Filius,
665 4232 717 4276 et
735 4224 925 4290 virtus,
946 4235 999 4278 et
1019 4224 1308 4292 sapientia,
1336 4224 1574 4293 Spiritus
1597 4235 1775 4278 autem
1800 4238 2042 4293 sanctus,

454 4325 512 4371 et
537 4316 780 4372 veritatis
828 4329 882 4371 et
917 4316 1255 4372 fortitudinis
1289 4329 1343 4370 et
1379 4319 1662 4386 sapientiae
1706 4317 1942 4386 Spiritus
1979 4322 2046 4374 ab

455 4406 593 4463 lsaia
625 4409 993 4476 describitur;
1040 4420 1093 4463 et
1121 4410 1438 4477 aliter,qnia
1471 4425 1564 4478 per
1587 4409 1780 4464 Filium
1813 4411 2046 4466 homini-

457 4500 563 4556 bus
593 4501 772 4568 datur,
808 4511 1091 4570 propterea
1127 4502 1248 4555 Filii
1307 4503 1528 4558 dicitur.
1567 4503 1741 4560 Crede
1771 4507 1933 4574 igitur
1993 4520 2046 4562 tu

2154 614 2287 675 κῶς,
2321 612 2500 666 πάντα
2527 614 2590 665 ἐκ
2620 611 2714 664 τοῦ
2747 609 2957 680 Πατρδς
2983 609 3095 677 ἕχει
3139 604 3216 667 ὡς
3246 601 3546 671 ὁμοούσιος
3591 597 3753 666 αὐτῷ,

2154 706 2345 759 τούτου
2397 705 2584 757 ἕνεκεν
2637 704 2855 770 λέγεται
2895 702 3044 770 παρὰ
3093 699 3188 750 τοῦ
3235 695 3455 764 Πατρὸς
3513 691 3756 748 ἀκούειν,

2154 799 2251 850 ὅσα
2274 792 2445 849 οἶδεν·
2483 796 2668 865 ὥσπερ
2701 797 2746 847 εί
2776 793 2902 857 ἴδοῖς
2936 793 3048 844 υίὸν
3085 791 3227 842 κατα
3265 791 3444 841 πάντα
3476 786 3561 855 τῷ
3599 787 3758 855 πατρὶ

2157 892 2392 952 ἐοικότα,
2424 892 2602 958 λέγεις
2635 892 2716 940 ὅτι
2770 889 2954 940 Πάντα
2982 888 3046 938 ὲκ
3088 884 3182 937 τοῦ
3222 883 3430 952 πατρὸς
3469 882 3610 950 ἔχει.
3646 879 3757 930 ἀντὶ

2155 983 2272 1044 τοῦ,
2304 984 2497 1036 Ούδενὶ
2528 984 2672 1052 ἄλλῳ
2701 983 2882 1051 ὅμοιος
2909 981 3111 1048 ἀπέϐη,
3137 979 3170 1046 ἦ
3199 978 3274 1044 τῷ
3302 977 3497 1046 πατρί.
3519 973 3757 1027 Ἀκούων

2154 1076 2211 1128 δὲ
2245 1074 2608 1138 ἀπεστάλθαι,
2644 1075 2717 1136 ὡς
2749 1075 2945 1125 ἀκτῖνα
2977 1072 3169 1138 νόησον
3205 1070 3422 1121 επδττιῦ
3454 1069 3613 1137 ἡλίου
3652 1065 3756 1131 τοῗ,

2158 1169 2393 1238 Πατρὺς,
2412 1166 2979 1232 αύτὸνάττοσταλῆναι.
3013 1163 3076 1215 “ll
3104 1164 3201 1231 οὺχ
3225 1162 3369 1213 οὕτω
3395 1161 3662 1229 λέγομεν,
3688 1160 3758 1209 ὅτι

2157 1264 2470 1316 ’Λπέστειλε
2501 1264 2596 1325 τὰς
2615 1263 2838 1321 ἀκτῖνας
2862 1261 2888 1311 6
2920 1259 3106 1328 ἥλιος;
3139 1261 3230 1309 καὶ
3269 1256 3481 1324 utea»;
3512 1256 3575 1305 τὶ
3602 1253 3760 1320 φῶςό

2155 1356 2329 1425 ἥλιος,
2384 1357 2506 1409 ἀντὶ
2554 1355 2668 1418 τοῦ,
2708 1353 2921 1422 ἔπεμψε
2949 1357 3013 1421 τῇ
3057 1354 3168 1420 γῇ,
3209 1351 3318 1402 Καὶ
3361 1349 3487 1400 οὐδὲ
3530 1364 3637 1397 που
3670 1349 3760 1413 τὴν

2156 1449 2376 1513 ἀκτῖνα,
2408 1448 2602 1519 ἑτέρας
2637 1447 2824 1505 οὐσίας
2855 1446 3087 1513 λέγομεν
3130 1439 3292 1505 εἶναι,
3320 1442 3352 1511 ἦ
3391 1443 3462 1493 ῦσ
3502 1440 3642 1509 ἐραν
3675 1438 3760 1490 τεῦ

2156 1543 2330 1611 ἡλίου.
2363 1541 2548 1603 Οὕτως
2576 1541 2669 1594 οῦν
2698 1541 2791 1592 καὶ
2823 1541 2910 1591 τὸν
2941 1538 3065 1590 Υίὸν
3088 1535 3432 1589 ἀπεστάλθαι
3458 1534 3539 1602 τῷ
3575 1535 3761 1599 κόσμῳ

2157 1631 2310 1700 παρά
2343 1630 2436 1682 τοῦ
2462 1630 2654 1700 νοητοῦ
2690 1630 2864 1700 ἡλίου,
2897 1628 2989 1681 τοῦ
3024 1629 3260 1698 Πατρὸς.
3301 1628 3376 1687 ὡς
3411 1623 3762 1691 ἀπαύγασμα

2156 1725 2251 1776 καὶ
2285 1727 2498 1784 ἀκτῖνα.
2533 1726 2625 1776 καὶ
2654 1725 2792 1794 φῶς,
2838 1723 2930 1775 καὶ
2961 1723 3035 1784 ὡς
3088 1723 3154 1776 ἂν
3187 1722 3424 1790 βούλοιο,
3477 1720 3610 1772 καθ’
3647 1722 3762 1770 ὅσον

2157 1821 2414 1890 ἐγχωρεῖ,
2453 1821 2639 1871 καλεῖν
2687 1818 2869 1872 αὐτόν.
2910 1819 3024 1870 Οὐκ
3059 1817 3288 1886 ἄκαιρον
3329 1815 3383 1866 δὲ
3425 1815 3633 1876 εἰπεῖν,
3688 1812 3762 1862 ἐν·

2085 1922 2123 1974 Β
2156 1916 2330 1967 ταῦθα
2373 1913 2466 1965 τοῦ
2519 1914 2678 1981 λόγου
2725 1912 3048 1982 γενομένου,
3105 1911 3224 1973 πῶς
3273 1911 3385 1979 ἔχει
3443 1911 3473 1961 6
3526 1909 3663 1970 Υἱὸς
3707 1906 3764 1959 τὸ

2159 2005 2406 2073 Πνεῦμα,
2441 2005 2535 2057 καὶ
2563 2004 2680 2066 πῶς
2713 2004 2935 2071 λέγεται
2958 2003 3017 2054 τὸ
3045 2001 3272 2070 Πνεῦμα
3301 2000 3395 2052 τοῦ
3429 1997 3594 2055 Υἰοῦ.
3629 1998 3764 2068 Φησὶ

2152 2103 2260 2170 γὰρ
2281 2099 2375 2152 καὶ
2404 2102 2431 2152 6
2470 2099 2826 2161 ’Λπόστολοςο
2863 2117 2880 2148 ‹
2924 2097 2998 2148 Τὸ
3031 2096 3258 2164 Πνεῦμα
3290 2096 3382 2148 τοῦ
3417 2096 3561 2148 Υἱοῦ
3591 2094 3756 2148 αὑτοῦ

2155 2193 2211 2244 ἐν
2254 2196 2374 2255 ταῖς
2409 2192 2661 2262 καρδίαις
2701 2192 2854 2260 ὑμῶν
2886 2190 3197 2253 ἀπέστειλε,
3240 2190 3446 2258 κράζον
3470 2205 3484 2218 ο
3534 2189 3709 2242 Ἀὅὸἇ
3735 2189 3760 2240 6

2154 2287 2379 2354 Πατήρυ
2422 2306 2439 2337 ι
2482 2288 2575 2338 καὶ
2624 2285 2810 2348 πάλ.ν,
2849 2303 2863 2334 ι
2912 2284 2971 2335 Ei
3019 2283 3076 2336 δέ
3108 2300 3192 2346 τις
3241 2282 3472 2351 Πνεῦμα
3517 2280 3759 2351 Χριστοῦ

2154 2380 2255 2430 οὐκ
2290 2380 2422 2448 ἔχει,
2459 2374 2615 2442 οὗτος
2641 2379 2740 2431 οὐκ
2782 2377 2926 2429 ἔστιν
2970 2375 3171 2430 αὑτοῦ.
3217 2393 3236 2427 ι
3271 2378 3334 2430 Ol
3369 2376 3482 2446 γὰρ
3519 2379 3759 2436 Λατῖνοι,

2154 2471 2341 2533 κακῶς
2374 2472 2546 2525 ταῦτα
2589 2472 2936 2541 ἐκδεχόμενοι
2970 2471 3064 2523 καὶ
3107 2470 3540 2541 παρανοοῦντες,
3573 2474 3758 2538 φασιν,

2154 2566 2234 2617 ὅτι
2266 2563 2326 2619 τὸ
2361 2565 2586 2635 Πνεῦμα
2634 2569 2701 2618 ὲκ
2738 2565 2831 2618 τοῦ
2868 2566 2995 2618 Υίοῦ
3035 2566 3420 2634 ἐκπορεύεται.
3477 2566 3680 2632 ’Πμεῖς
3709 2565 3760 2615 ἑὲ

2155 2662 2374 2732 πρῶτον
2407 2661 2505 2732 μὲν
2537 2660 2698 2712 τοῦτό
2731 2676 2913 2729 φαμεν
2939 2659 3076 2729 πρὸς
3112 2659 3331 2722 αὐτοὺς,
3362 2659 3442 2710 ὅτι
3482 2659 3622 2711 ἄλλο
3655 2659 3764 2708 ἐστὶ

2153 2757 2215 2808 τὸ
2240 2750 2380 2808 εἶναι
2420 2755 2486 2807 εκ
2516 2771 2685 2818 τινος,
2722 2754 2814 2806 καὶ
2859 2751 2988 2806 ἀλλο
3022 2751 3083 2804 τὸ
3129 2749 3270 2804 εἷναί
3310 2767 3455 2812 τινος
3483 2768 3494 2779 ⁵
3534 2745 3674 2811 οἷον,
3709 2753 3764 2802 τὸ

2159 2847 2385 2917 Πνεῦμα
2418 2844 2558 2899 εἶναι
2604 2847 2702 2916 μὲν
2731 2844 2826 2898 τοῦ
2871 2845 3003 2897 Υἱοῦ
3048 2843 3295 2913 Πνεῦμα,
3355 2844 3760 2911 diaetae-.5915",

2159 2939 2255 2993 καὶ
2291 2939 2441 3010 παρά
2460 2938 2560 3006 τῆς
2592 2937 2816 3009 Γραφῆς
2850 2938 3032 3005 πάσης
3059 2935 3449 3005 βεϐαιούμενον
3471 2951 3484 2964 ⁸
3521 2929 3672 2989 εἶναι
3709 2936 3762 2989 ἃ

2157 3032 2222 3082 ἐκ
2259 3029 2354 3082 τοῦ
2399 3028 2550 3095 Υίοῦ,
2591 3029 2820 3097 οὐδεμία
2851 3028 3039 3099 Γραφὴ
3076 3030 3367 3099 μαρτυρεῖ,
3402 3028 3496 3079 ἵνα
3552 3030 3632 3099 μὴ
3677 3029 3763 3080 δύο

2155 3123 2282 3185 τοὺς
2311 3121 2519 3185 αίτίους
2560 3121 2655 3177 τοῦ
2705 3121 3025 3190 Πνεύματος
3054 3121 3383 3190 ε’ίσάξωμεν,
3413 3124 3511 3176 τόν
3544 3141 3607 3177 τε
3653 3125 3762 3176 Πα·

2155 3216 2293 3287 τέρα
2333 3217 2427 3269 καὶ
2461 3216 2554 3268 τὸν
2601 3214 2751 3269 Υἱόν.
2784 3213 2914 3280 Ναὶ,
2943 3214 3131 3284 φασὶν,
3170 3215 3286 3267 ἀλλ’
3311 3215 3628 3288 sva-stican
3659 3220 3764 3282 τοῖς

2163 3311 2455 3381 μαθηταῖς,
2485 3312 2580 3364 καὶ
2607 3308 2730 3364 εἷπε
2750 3327 2764 3342 ⁸
2796 3327 2814 3362 ι
2850 3309 3059 3364 Λάϐετε
3086 3310 3309 3380 Πνεῦμα
3330 3311 3513 3379 ἆγιον.
3539 3333 3558 3364 ι
3591 3312 3764 3366 Βαϐαῖ

2158 3407 2258 3476 τῆς
2302 3405 2626 3476 παροινίαςί
2685 3405 2750 3458 Εἰ
2791 3404 2912 3456 τότε
2978 3405 3145 3456 ἔδωκε
3201 3406 3311 3468 τοῖς
3363 3405 3650 3476 μαθηταῖς
3709 3406 3766 3459 τὺ

2160 3499 2408 3568 Πνεῦμα,
2443 3499 2531 3550 ὅτε
2566 3496 2894 3566 ἐνεφύσησε,
2930 3497 3049 3559 πῶς
3102 3496 3288 3549 λοιπὸν
3328 3497 3522 3567 ἔλεγεν
3556 3500 3762 3561 αὐτοῖς,

2158 3590 2240 3642 ὃτι
2267 3607 2282 3639 ι
2315 3589 2569 3660 Λήψεσθε
2595 3589 2828 3659 δύναμιν
2850 3589 3170 3652 ἐπελθόντος
3192 3589 3287 3641 τοῦ
3312 3589 3472 3656 ἁγίου
3511 3592 3763 3661 Πνεῦμα-

2157 3699 2246 3742 τος
2281 3681 2365 3750 ἐφ’
2403 3682 2548 3751 ὑμᾶς
2583 3680 2644 3733 οὐ
2679 3678 2820 3749 μετά
2876 3679 3079 3742 πολλὰς
3103 3664 3324 3742 ’ταύτας
3361 3682 3622 3751 ἡμέρας;
3674 3703 3692 3735 ι
3733 3683 3761 3751 ἢ

2159 3775 2276 3837 πῶς
2312 3775 2369 3826 ἐν
2398 3777 2462 3844 τῇ
2503 3776 2851 3844 ιῘεντηκοστῇ
2892 3775 3224 3842 πιστεύομεν
3262 3773 3362 3842 τὴν
3403 3775 3642 3828 κάθοδον
3674 3792 3763 3842 γε·

2158 3866 2344 3919 νέσθαι
2380 3864 2473 3917 τοῦ
2507 3865 2845 3935 Πνεύματος,
2881 3866 2998 3931 εἴγε
3032 3865 3089 3917 ἐν
3121 3867 3188 3935 τῇ
3217 3864 3345 3936 ὀψίᾳ
3385 3868 3486 3936 τῇς
3523 3868 3762 3920 ἀναστα-

2161 3959 2323 4027 σίμου
2371 3957 2587 4027 ἡμέρας
2615 3958 2816 4011 ἔδωκεν
2854 3958 3022 4024 nimi;
3055 3957 3178 4010 τότε
3216 3961 3322 4028 γὰρ
3353 3959 3537 4028 δήπου
3570 3963 3764 4030 ἐνεφύ-

2163 4065 2351 4118 σησεν.
2395 4048 2556 4101 Ἀλλά
2576 4049 2748 4102 ταῦτα
2777 4050 2875 4119 μέν
2900 4053 3018 4104 ἐστι
3053 4052 3263 4114 πλατὺς
3294 4051 3495 4119 γέλως.
3525 4055 3764 4124 Φανερόν

2158 4142 2290 4210 γὰρ,
2325 4141 2402 4203 ὡς
2440 4142 2563 4194 τότε
2616 4142 2801 4202 αὐτοῖς
2830 4144 2892 4195 οὐ
2939 4144 2999 4195 τὸ
3057 4145 3214 4212 ἅγιον
3255 4145 3477 4215 Πνεῦρα
3512 4147 3763 4211 δέεωκεν,

2158 4235 2296 4288 ἀλλὰ
2327 4236 2577 4304 χάρισμα
2627 4233 2684 4286 ἓν
2719 4233 2830 4286 τῶν
2876 4235 2971 4287 τοῦ
3022 4235 3366 4305 Πνεύματος,
3426 4238 3489 4290 τὸ
3544 4240 3762 4308 ἀφιέναι

2157 4330 2256 4393 τὰς
2317 4329 2616 4399 ἁμαρτίας.
2678 4328 2856 4390 Εὐθὺς
2913 4329 3022 4398 γὰρ
3073 4330 3307 4397 ἐπάγει¹
3362 4349 3380 4382 ι
3443 4332 3550 4384 Ἀν
3605 4351 3762 4387 τινων

2158 4423 2331 4492 ἀφῆτε
2366 4423 2460 4486 τὰς
2487 4421 2785 4490 ἁμαρτίας.
2821 4441 2839 4473 ι
2875 4421 2945 4473 Τὸ
2977 4421 3034 4474 δὲ
3067 4422 3298 4492 Πνεῦμα
3329 4422 3617 4489 οὐσιωδῶς
3655 4426 3761 4497 ἔχει

2158 4515 2186 4566 6
2218 4514 2363 4577 Υἱὸς,
2416 4514 2490 4575 ὡς
2538 4513 2827 4581 ὀμοούσιος
2867 4512 3043 4583 αὐτῷ,
3081 4514 3178 4584 οὐχ
3231 4514 3308 4576 ὡς
3362 4517 3763 4589 ἑνεργούμενος

459 4592 718 4662 Spiritum
756 4608 786 4646 a
836 4592 998 4648 Patre
1025 4594 1242 4662 quidem
1274 4596 1569 4663 proﬁcisci,
1603 4612 1697 4666 per
1734 4597 1931 4652 Filium
1959 4616 2046 4653 au-

2161 4607 2249 4659 ὑπ’
2277 4604 2444 4658 αὑτοῦ
2468 4621 2480 4633 ·
2505 4610 2553 4656 oi
2579 4607 2687 4673 γὰρ
2717 4610 2997 4676 προφῆται
3025 4607 3402 4676 ὲνεργοῦνται.
3437 4612 3684 4680 Λέγεται
3710 4613 3761 4667 δὲ

457 4694 566 4739 tem
594 4686 707 4763 dari
741 4697 1024 4754 creaturae,
1068 4697 1230 4757 atque
1260 4689 1347 4744 hic
1379 4691 1449 4744 sit
1507 4692 1602 4745 tibi
1655 4706 1832 4745 canon
1857 4694 2047 4747 ortho-

456 4776 610 4833 doxae
641 4780 921 4834 doctrinae.

2156 4693 2218 4744 1:6
2251 4693 2477 4761 Πνεῦμα
2510 4689 2649 4745 εἶναι
2677 4693 2774 4747 τοῦ
2810 4695 2963 4759 Υξοῦ,
2996 4695 3133 4749 καθὸ
3158 4696 3392 4767 ἀλήθεια
3427 4701 3532 4771 μέν
3556 4703 3706 4757 ἐστιν
3736 4704 3761 4753 6

2158 4787 2308 4850 Υἱὸς,
2349 4788 2444 4839 καὶ
2472 4787 2723 4856 δύναμις,
2759 4790 2856 4842 καὶ
2903 4791 3097 4859 σοφίαο
3129 4791 3192 4844 τὸ
3228 4791 3287 4844 δὲ
3320 4793 3480 4860 ἅγιον
3515 4795 3758 4868 Πνεῦμα,

458 4873 554 4925 καὶ
591 4872 870 4942 ἀληθείας,
908 4889 1004 4927 και
1039 4873 1246 4942 ἰσχύος,
1296 4876 1390 4926 καὶ
1423 4875 1613 4941 σοφίας
1638 4878 1866 4949 Πνεῦμα
1900 4881 2052 4951 παρὰ
2093 4881 2188 4934 τοῦ
2228 4883 2450 4935 Ἠσαίου
2501 4884 2934 4952 ἀναγέγραπται.
2978 4885 3087 4938 Καὶ
3132 4885 3312 4952 ἄλλως
3362 4887 3444 4954 δὲ,
3495 4893 3626 4945 ἐπεὶ
3678 4894 3757 4946 διὰ

455 4965 590 5018 Υίοῦ
619 4968 961 5036 χορηγεῖται,
990 4967 1100 5027 τοῖς
1127 4966 1460 5036 ἀνθρώποις,
1497 4966 1586 5020 διὰ
1616 4969 1775 5021 τοῦτο
1808 4971 1902 5024 τοῦ
1933 4973 2064 5025 Υίοῦ
2113 4975 2350 5042 λέγεται.

2439 4975 2669 5027 Πίστευε
2713 4977 2777 5028 σὺ
2836 4978 2896 5031 τὸ
2947 4977 3195 5048 Πνεῦμα,
3256 4981 3318 5033 ἐκ
3370 4983 3465 5038 τοῦ
3546 4984 3758 5057 llatpb;

459 5059 559 5129 μὲν
593 5059 865 5128 προϊέναι,
891 5057 958 5112 δι’
991 5057 1121 5110 Υίοῦ
1151 5058 1207 5110 δὲ
1243 5058 1599 5128 χορηγεῖσθαι
1624 5061 1689 5130 τῇ
1722 5060 1917 5126 κτίσει,
1955 5064 2052 5116 καὶ
2085 5058 2239 5128 οὗτος
2263 5065 2417 5119 ἔσται
2444 5083 2526 5118 σοι
2558 5066 2738 5120 κανὼν
2764 5068 3094 5137 ὀρθοδοξίας.

526 5147 694 5203 Vens.
725 5147 816 5210 55,
839 5147 928 5203 56.
972 5165 990 5198 ι
1024 5147 1184 5202 Pater
1203 5149 1380 5218 diligit
1403 5149 1625 5215 Filium,
1655 5161 1708 5206 et
1737 5154 1918 5206 omnia
1953 5156 2047 5208 de-

458 5244 536 5300 bit
581 5243 655 5297 illi
687 5244 736 5296 in
771 5257 951 5296 manu.
986 5242 1090 5309 Qui
1119 5245 1294 5298 credit
1320 5246 1371 5297 in
1399 5244 1616 5311 Filium,
1657 5248 1819 5301 habet
1881 5247 2046 5302 vitam

457 5352 755 5394 aeternam:
793 5339 885 5409 qui
913 5347 1091 5391 autem
1127 5339 1436 5392 incredulus
1467 5347 1550 5392 est
1577 5339 1735 5406 Filio,
1767 5355 1872 5391 non
1899 5341 2052 5395 vide-

456 5431 537 5486 bit
569 5431 756 5495 vitam,
781 5432 874 5483 sed
909 5431 982 5482 ira
1006 5428 1096 5482 Dei
1137 5440 1317 5484 manet
1345 5445 1506 5498 super
1535 5444 1680 5484 cum.
1712 5450 1727 5482 ι
1755 5429 2049 5498 Postquam

459 5523 596 5576 dixit
634 5524 698 5574 de
753 5522 973 5574 Christo
1034 5520 1311 5586 sublimia,
1376 5537 1521 5575 nunc
1577 5522 1771 5575 iterum
1826 5524 2050 5577 humilia

463 5615 723 5681 loquitur,
777 5629 1085 5667 sermonem
1151 5614 1492 5667 auditoribus
1547 5626 1938 5683 attemperans,
1997 5627 2054 5668 ut

461 5707 580 5774 capi
621 5707 811 5773 possit.
847 5705 968 5759 Ideo
1002 5705 1153 5769 dicit,
1193 5705 1354 5760 Pater
1388 5707 1562 5776 diligit
1615 5706 1831 5774 Filium,
1893 5709 2048 5778 quasi

529 5823 576 5854 "
607 5823 782 5878 Galat.
815 5839 885 5888 vr,
915 5826 965 5878 6.
1041 5825 1088 5856 ⁸⁸
1139 5827 1292 5881 ltom.
1351 5841 1468 5895 vui,
1507 5826 1560 5884 9.

1643 5827 1685 5859 ⁸⁷
1710 5827 1865 5883 Joan.
1898 5845 1992 5896 xx,
2020 5829 2110 5884 22.

2239 5177 2256 5209 ι
2304 5158 2361 5209 '0
2392 5158 2580 5228 Πατὴρ
2605 5161 2798 5230 ἀγαπᾷ
2820 5161 2909 5212 τὸν
2937 5161 3192 5230 Υίὸν,καὶ
3223 5167 3405 5221 πάντα
3439 5170 3680 5228 δέδωκεν
3704 5179 3757 5230 έν

2160 5253 2224 5322 τῇ
2263 5251 2409 5322 χειρὶ
2439 5251 2630 5307 αὐτοῦ.
2670 5253 2725 5305 Ὀ
2754 5254 3028 5307 πιστεύων
3059 5257 3141 5319 εἰς
3168 5258 3261 5312 τὸν
3295 5261 3444 5324 Υἰὸν,
3470 5264 3586 5334 ἔχει
3616 5269 3754 5335 ζωὴν

2160 5345 2399 5397 αἰώνιον·
2431 5346 2458 5396 6
2487 5345 2542 5397 δὲ
2569 5345 2810 5398 ἀπειθῶν
2824 5346 2900 5416 τῷ
2925 5347 3055 5419 Υἱῷ,
3079 5351 3178 5402 οὐκ
3197 5354 3388 5422 ὄψεται
3409 5357 3577 5424 ζωὴν,
3595 5361 3752 5428 ἀλλ’ἢ

2159 5437 2296 5507 ὀργὴ
2320 5437 2412 5490 τοῦ
2438 5437 2573 5489 Θεοῦ
2604 5441 2855 5508 μενεῖέπ’
2886 5442 3102 5497 αὐτόν.»
3136 5445 3322 5498 Εἰπὼν
3355 5453 3481 5518 περὶ
3503 5453 3597 5503 τοῦ
3627 5455 3751 5521 Χρι-

2162 5529 2286 5581 στοῦ
2322 5531 2391 5582 τὰ
2450 5531 2651 5602 ὑψηλὰ,
2690 5531 2784 5584 νῦν
2835 5536 2995 5588 πάλιν
3040 5538 3110 5590 τὰ
3161 5545 3395 5593 ταπεινά
3433 5545 3748 5612 φθέγγεται,

2160 5621 2571 5692 εύπαράδεκτον
2602 5625 2692 5676 τὸν
2727 5626 2889 5692 λόγον
2938 5631 3051 5690 τοῖς
3087 5632 3389 5700 ἀκροαταῖς
3431 5637 3623 5689 ποιῶν,
3660 5640 3748 5690 ,ιιά

2159 5713 2337 5778 τοῦτο,
2369 5715 2558 5782 φησιν,
2590 5716 2778 5786 ἀγαπᾷ
2808 5719 2835 5770 6
2871 5719 3063 5791 Πατὴρ
3093 5723 3184 5776 τὸν
3220 5724 3370 5794 Υἱὸν,
3401 5726 3474 5791 ὼς
3505 5733 3631 5799 περὶ
3661 5733 3751 5782 ἀν-

2187 5832 2231 5863 ιε
2262 5833 2383 5890 Act.
2411 5851 2447 5904 ι,
2482 5836 2534 5890 5.

526 5949 597 6003 ta}
635 5941 759 5992 Vide
786 5945 1198 5995 Dtssertationem
1221 5947 1472 6008 praeviam,
1497 5961 1612 5998 num
1636 5947 1763 6010 XIX,
1786 5949 1972 6003 col.8[.
1998 5950 2137 6003 Enn.
2165 5951 2313 6004 Pam.
