3936 6454
141 425 270 497 12:25

791 416 1246 480 ENARRATiO
1284 416 1363 477 [Ν
1394 414 1906 476 EVANGELIUM
1939 413 2286 475 JOANNIS.
2315 436 2381 448 -
2406 412 2576 475 CAP.
2618 413 2716 473 IV.

3305 412 3443 480 1226

137 541 352 610 θρωπου
401 534 548 600 τινος
585 531 906 603 θαυμαστοῦ
951 530 1363 602 διαλεγόμενος,
1407 531 1502 584 καὶ
1552 529 1731 583 πάντα

1850 530 1902 584 ie
1935 528 2156 584 homine
2187 528 2425 598 quodam
2456 525 2765 583 admirabiii
2825 525 3080 596 loquens.
3145 524 3213 582 Et
3257 528 3442 587 omnia

139 630 364 684 δέδωκεν
398 629 455 682 ἐν
481 629 548 698 τῇ
579 625 729 698 χειρὶ
757 623 851 677 τοῦ
905 621 1058 687 Υίοῦ,
1099 623 1240 678 κατὰ
1268 624 1330 675 τὸ
1363 620 1726 693 ἀνθρώπινον.

140 724 199 776 Ei
224 723 279 776 66
324 721 420 774 καὶ
463 719 604 773 κατὰ
651 718 711 771 τὸ
753 717 957 782 θεῖκδν,
992 715 1046 768 τί
1077 714 1270 780 τοῦτο;
1316 714 1527 768 Δέδωκε
1561 716 1589 768 6
1620 717 1731 768 Πα-

138 812 239 885 τὴρ
262 812 326 865 τὰ
359 811 541 865 πάντα
585 809 664 880 τῷ
697 807 832 878 Υίῷ,
868 808 1014 877 λόγῳ
1045 806 1287 875 φύσεως,
1319 806 1434 859 ἀλλ’
1465 807 1527 859 οὐ
1573 806 1731 878 χάρι-

137 921 250 968 τος.
296 900 447 956 Ἐπεὶ
498 903 606 971 γὰρ
652 901 748 954 καὶ
801 899 862 952 τὺ
909 897 1046 953 εἶναι
1091 901 1157 953 ἐκ
1204 898 1299 952 τοῦ
1344 898 1562 970 Πατρὸς
1593 899 1728 970 ἔχει,

139 998 355 1060 εἰκότως
399 996 496 1050 καὶ
546 996 727 1049 πάντα
773 995 838 1047 ὲκ
891 992 985 1046 τοῦ
1043 992 1257 1063 Πατρὺς
1303 992 1523 1061 λέγεται
1558 991 1728 1062 ἔχειν.

141 1090 288 1160 Ἔχει
315 1088 496 1142 τοίνυν
525 1089 595 1142 τὰ
637 1089 814 1147 πάντα
849 1087 877 1139 6
915 1086 1063 1152 Υίὸς,
1100 1085 1167 1139 τά
1204 1102 1261 1139 τε
1296 1087 1354 1138 ὲν
1380 1085 1618 1156 οὐρανῷ,
1663 1086 1733 1140 τά

134 1201 193 1242 τε
226 1186 314 1237 ἐπὶ
337 1184 468 1254 γῆς’
499 1181 755 1247 δεσπόζει
789 1181 898 1251 γὰρ
929 1181 1215 1245 ἁπάντων,
1244 1180 1349 1233 κᾶν
1380 1179 1456 1250 μὴ
1494 1178 1734 1246 βούλων-

134 1294 244 1330 ται.
275 1277 544 1348 ’Ὕστερον
583 1275 791 1346 μέντοι,
828 1273 917 1326 ὅτε
954 1277 1096 1326 κατὰ
1143 1271 1245 1344 τὴν
1296 1272 1555 1341 δευτέραν
1587 1287 1733 1342 παρ-

131 1369 320 1432 ουσίαν
352 1370 461 1422 πᾶν
511 1368 642 1436 γόνυ
674 1365 885 1436 κάμψει
917 1365 1093 1436 αὐτῷ,
1142 1363 1242 1436 τὴν
1271 1364 1512 1434 παντελῆ
1540 1364 1736 1417 δεσπο-

133 1459 284 1521 τείαν
319 1460 539 1512 πάντων
574 1458 839 1527 λήψεται·
879 1458 968 1510 ὅτε
995 1457 1184 1510 οὐκέτι
1215 1458 1248 1528 ἡ
1293 1459 1464 1510 κακία
1500 1456 1735 1526 δύναμιν

135 1553 276 1622 ἔχει,
308 1552 423 1605 ἀλλ’
451 1550 816 1621 ἀνενέργητος
858 1549 1120 1620 μένουσα,
1153 1547 1401 1601 δείκνυσι
1433 1548 1533 1617 τὴν
1570 1549 1735 1617 φύσιν

132 1645 228 1697 τοῦ
275 1644 481 1715 ἀγαθοῦ
520 1644 577 1710 ἐξ
617 1645 792 1715 ἀρχῆς
826 1645 998 1696 πᾶσιν
1037 1641 1285 1708 ἐνοῦσαν,
1322 1645 1419 1696 καὶ
1450 1643 1520 1696 τὰ
1557 1644 1736 1697 πάντα

136 1739 486 1806 συνέχολσαν.
519 1754 536 1787 t
589 1735 648 1788 '0
700 1733 976 1788 πιστεύων
1011 1733 1092 1796 είς
1137 1733 1230 1787 τὸν
1277 1733 1429 1801 Υἱὸν,
1475 1733 1589 1804 ἔχει
1636 1733 1736 1802 τὴν

135 1830 354 1882 αἰώνιον
383 1829 528 1900 ζωὴν
574 1830 632 1881 ἐν
676 1827 849 1898 αὐτῷ,
891 1845 908 1878 ι
950 1826 1115 1880 αὐτὸν
1147 1826 1293 1895 λέγω
1328 1826 1422 1879 τὸν
1473 1825 1732 1896 Χριστὸν,

131 1923 189 1984 ὃς
232 1923 344 1994 ζωή
394 1893 543 1976 ἐστὶν
586 1893 824 1994 ἀληθῶς.
879 1941 896 1973 ι
923 1921 1011 1974 Ἐν
1056 1893 1230 1990 αὐτῷ
1256 1921 1366 1991 γὰρ
1412 1893 1597 1990 ζῶμεν
1641 1921 1737 1971 και
1772 1893 1813 1951 Β

135 2016 459 2085 κινούμεθα.
522 2034 637 2066 ›-
670 2033 687 2066 ι
751 2015 813 2068 '0
844 2014 900 2067 δὲ
952 2013 1199 2068 ἀπειθῶν
1252 2014 1354 2066 οὐκ
1408 2013 1600 2082 θείνεται
1641 2012 1738 2078 τὴν

133 2111 300 2182 ζωήν.
350 2129 368 2162 ι
417 2111 474 2162 Ὀ
508 2109 616 2180 γὰρ
649 2108 895 2172 ἀποστὰς
943 2107 1207 2171 ἑκουσίως
1238 2107 1338 2174 τῆς
1393 2106 1563 2176 ζωῆς,
1620 2106 1738 2169 πῶς

129 2199 243 2268 ἕξει
289 2199 483 2271 αὐτὴν,
523 2200 644 2271 ἥτις
691 2200 839 2253 ἐστὶν
881 2200 909 2252 6
941 2199 1208 2270 Χριστός;
1258 2202 1349 2263 Ὠς
1395 2201 1491 2253 καὶ
1525 2199 1740 2261 Habiti;

135 2311 323 2364 φησιν·
347 2311 368 2347 ο
397 2295 606 2348 Ὀτανό
633 2293 869 2366 Χριστὸς
897 2293 1191 2365 φανερωθῇ
1212 2291 1381 2366 ήξζωὴ
1411 2292 1589 2364 ἡμῶν,
1619 2295 1740 2355 τότε

134 2391 231 2442 καὶ
263 2390 442 2459 ὑμεῖς,
469 2389 518 2442 οί
567 2389 705 2459 προς
751 2388 852 2458 τὴν
900 2387 1107 2442 κακίαν
1141 2387 1328 2458 νεκροὶ
1359 2389 1456 2440 καὶ
1491 2386 1740 2457 ἀκίνητοι

133 2482 440 2552 γενόμενοι,
470 2481 927 2554 φανερωθήσεσθε
953 2483 1010 2536 ὲν
1031 2481 1179 2554 δόξῃ.
1213 2500 1336 2534 »-‹
1371 2481 1568 2553 mw)
1602 2482 1742 2552 ὀργὴ

133 2573 229 2626 τοῦ
284 2572 420 2627 Θεοῦ
473 2575 629 2644 μενεῖ
678 2575 767 2626 ἐπ’
813 2574 1000 2629 αὐτόν.
1038 2594 1057 2627 ι
1093 2575 1210 2629 υύκ
1258 2569 1435 2640 εἶπεν,
1493 2574 1577 2627 ὃτι
1639 2591 1741 2644 μεο

135 2666 220 2716 νεῖ
243 2664 428 2729 αὑτὸν,
452 2665 587 2731 ἀλλ’,
622 2683 640 2716 ι
669 2664 757 2718 ἐπ’
803 2665 992 2732 αὑτὸν,
1025 2683 1043 2716 ι
1107 2663 1323 2741 δεικνὺς
1348 2665 1434 2717 ὅτι
1481 2665 1742 2724 οὐδέποτε

135 2756 303 2810 αὑτοῦ
373 2759 768 2825 ἀποστήσεται.
832 2757 954 2811 Ἵνα
1017 2757 1129 2829 γὰρ
1187 2759 1262 2828 μὴ
1328 2757 1572 2821 ἀκούσας
1646 2758 1743 2815 θά-

136 2866 316 2910 νλτον,
363 2850 704 2921 πρόσκαιρον
753 2847 946 2902 τοῦτον
993 2851 1214 2923 νοήσῃς,
1257 2848 1444 2920 φησὶν,
1471 2850 1553 2902 ὄτι
1595 2867 1612 2899 ι
1645 2866 1740 2919 με·

134 2943 221 2994 νεῖ
254 2941 339 2994 ἐπ’
374 2942 536 2995 αὐτὸν
559 2982 574 3006 ,
638 2961 655 2994 ι
692 2945 785 2997 ἐπὶ
836 2942 929 2995 τὸν
961 2942 1340 3013 ἀπειθήσαντα
1364 2981 1379 3004 ,
1429 2943 1521 2995 καὶ
1573 2942 1744 3008 ἀΐδιος

139 3033 300 3086 ἔσται
347 3035 379 3104 ἡ
413 3032 654 3095 κόλασις.
700 3034 801 3087 Διὰ
833 3033 1042 3097 τούτων
1069 3034 1126 3086 δὲ
1169 3035 1388 3089 πάντων
1412 3034 1522 3088 τῶν
1565 3037 1742 3105 ῥημά-

135 3143 246 3178 των
278 3126 464 3194 ὲνάγει
490 3125 518 3177 6
549 3124 867 3197 Βαπτιστὴς
896 3126 994 3181 καὶ
1025 3126 1257 3179 συνωθεῖ
1284 3127 1408 3189 τοὺς
1439 3125 1745 3191 ἀκούοντας

1835 622 1985 678 dedit
2012 624 2064 676 in
2094 638 2258 676 manu
2295 621 2417 677 Filii
2441 621 2596 692 juxta
2627 621 3048 676 humanitatem.
3076 620 3132 676 Si
3161 632 3343 677 autem
3387 633 3445 678 et

1832 717 2136 770 secundum
2167 714 2537 779 divinitatem,
2565 713 2696 784 quid
2731 712 3046 768 hoc?Dedit
3069 713 3234 770 Pater
3258 716 3442 774 omnia

1835 806 1973 862 Filio
1996 808 2206 862 ratione
2235 817 2465 875 naturae,
2499 805 2594 862 sed
2620 822 2726 861 non
2753 808 2974 877 gratiae;
3003 805 3262 876 quoniam
3296 809 3443 862 enim

1835 909 1890 956 et
1916 916 2038 957 esse
2067 917 2094 955 a
2126 901 2287 955 Patre
2319 900 2504 966 habet,
2541 900 2740 955 merito
2765 909 2822 956 et
2847 902 3030 954 omnia
3069 900 3273 955 dicitur
3299 915 3328 954 a
3350 901 3448 956 Pa-

1839 1004 1920 1050 tre
1950 996 2173 1050 ha-bere.
2211 993 2389 1051 Habet
2418 995 2586 1067 igitur
2624 997 2808 1050 omnia
2837 993 3030 1060 Filius,
3091 1006 3198 1049 tam
3231 1010 3351 1065 qua:
3394 996 3446 1050 in

1837 1091 2000 1154 casio,
2029 1106 2193 1161 quam
2215 1107 2335 1162 qua:
2360 1092 2415 1146 in
2445 1102 2612 1147 terra.
2643 1091 2968 1145 Dominatur
2992 1090 3135 1146 enim
3165 1091 3446 1147 omnibus.

1838 1183 2056 1238 etiamsi
2085 1183 2309 1253 quidam
2347 1184 2540 1240 nolint.
2580 1185 2778 1240 Postea
2806 1199 2937 1239 vero
2967 1184 3019 1239 in
3047 1185 3288 1240 secundo
3349 1184 3438 1238 adv

1837 1289 2027 1343 ventu,
2060 1279 2278 1347 quando
2315 1294 2480 1334 omne
2512 1293 2651 1350 genu
2707 1277 2957 1346 (lectetur
3013 1279 3085 1342 ei,
3140 1275 3444 1347 perfectum

1838 1371 2081 1431 omnium
2113 1371 2349 1440 accipiet
2382 1372 2731 1426 dominium:
2784 1374 3006 1443 quando
3065 1370 3273 1426 malitia
3336 1384 3447 1425 non

1839 1462 1980 1516 ultra
2008 1463 2224 1518 habebit
2263 1462 2432 1534 551»
2479 1464 2761 1530 virtutem,
2797 1463 2893 1520 sed
2939 1461 3188 1518 ineﬂicax
3218 1475 3450 1517 manens

1839 1559 2091 1611 ostendet
2114 1565 2368 1612 naturam
2388 1557 2515 1612 boni
2544 1572 2572 1613 a
2598 1557 2869 1627 principio
2903 1557 3158 1612 omnibus
3193 1557 3446 1619 inditam,

1840 1659 1894 1702 et
1935 1649 2117 1702 omnia
2154 1649 2552 1704 continentem.
2583 1649 2687 1717 Qui
2720 1649 2900 1705 credit
2922 1650 2978 1704 in
3004 1649 3229 1717 Filium,
3284 1649 3455 1706 habet

1843 1742 2008 1795 vitam
2041 1751 2304 1797 aeternam
2335 1741 2548 1812 inipso,
2587 1761 2606 1795 ι
2641 1742 2818 1807 ipsum
2851 1742 2974 1797 dico
3007 1741 3312 1810 Christum,
3354 1740 3450 1812 qui

1842 1853 1972 1892 vere
1991 1837 2100 1890 vita
2118 1846 2221 1892 est.
2251 1855 2270 1888 ι
2297 1835 2356 1890 In
2391 1839 2511 1907 ipso
2529 1836 2677 1891 enim
2698 1836 2933 1892 vivimus
2951 1844 3003 1891 et
3033 1834 3402 1889 movemur".
3427 1851 3446 1890 ι

1854 1949 1872 1983 ι
1894 1929 1996 1997 Qui
2031 1940 2212 1984 autem
2236 1929 2552 1984 incredulus
2570 1924 2676 1996 est,
2699 1943 2806 1983 non
2827 1927 3240 1983 videbitvitam.
3269 1945 3286 1978 ι
3314 1925 3450 1981 Nam

1845 2023 1936 2092 qui
1970 2029 2166 2092 sponte
2201 2019 2431 2074 recessit
2459 2036 2488 2074 a
2525 2021 2660 2084 vita,
2703 2033 2811 2088 quo
2853 2027 3015 2087 pacto
3062 2017 3452 2082 habebiteam,

1845 2127 1965 2181 qua:
2016 2119 2102 2168 est
2129 2110 2429 2166 Christus?
2458 2111 2596 2165 sicut
2625 2118 2678 2163 et
2708 2107 2912 2163 Paulus
2937 2108 3147 2178 inquit:
3175 2125 3193 2158 ‹
3223 2107 3454 2175 Quando

1845 2205 2101 2260 Christus
2128 2202 2574 2258 manifestabitur
2602 2203 2709 2256 vita
2746 2211 2959 2268 nostra,
2997 2212 3129 2255 tunc
3153 2213 3209 2257 et
3234 2217 3331 2256 vos
3361 2203 3452 2270 qui

1847 2294 1912 2347 ad
1940 2292 2202 2347 malitiam
2234 2291 2434 2346 mortui
2467 2300 2522 2346 et
2548 2291 2856 2346 immobiles
2891 2289 3038 2356 facti,
3066 2289 3450 2346 manifeSIabi-

1848 2384 2050 2456 mini,iu
2069 2382 2240 2452 gloria
2263 2383 2362 2437 θ’.»
2387 2411 2458 2422 -
2482 2378 2623 2437 «Sed
2643 2383 2721 2435 ira
2745 2381 2837 2436 Dei
2857 2391 3038 2437 manet
3061 2382 3414 2450 superillum.
3431 2401 3451 2435 ι

1851 2477 1972 2534 Non
2024 2476 2165 2532 dixit
2197 2473 2343 2546 quod
2405 2484 2627 2530 maneat
2661 2474 2839 2544 illum,
2875 2475 2969 2531 sed
3034 2491 3200 2546 super
3255 2475 3454 2544 illum,

1846 2572 2145 2631 ostendens
2173 2570 2319 2641 quod
2352 2585 2634 2639 nunquam
2659 2572 2728 2625 al)
2759 2585 2824 2625 eo
2852 2570 3092 2626 recedat.
3121 2568 3190 2626 Ut
3210 2585 3278 2626 ne
3305 2587 3457 2626 mor-

1850 2677 1957 2722 tem
1983 2666 2180 2720 credas
2207 2664 2590 2734 temporalem,
2627 2662 2763 2719 dicit
2816 2665 2964 2734 quod
3018 2674 3242 2719 maneat
3293 2679 3458 2734 super

1849 2772 1973 2812 cum
2011 2758 2102 2828 qui
2131 2756 2446 2812 incredulus
2478 2755 2665 2822 fuerit,
2694 2766 2752 2811 et
2796 2766 3120 2828 perpetuum
3163 2758 3270 2814 erit
3323 2774 3460 2831 sup-

1845 2850 2099 2922 ‘plicium.
2127 2849 2234 2907 Per
2263 2852 2447 2907 omnia
2478 2861 2660 2906 autem
2699 2851 2866 2906 verba
2894 2850 3013 2906 haec
3054 2851 3269 2908 inducit
3318 2853 3461 2924 Bap-

1851 2947 1976 3000 tista
2027 2954 2082 3000 et
2114 2944 2398 3014 compellit
2425 2944 2707 3000 auditores
2735 2958 2926 3000 omnes
2945 2945 3012 3001 ad
3040 2943 3200 3001 fidem
3225 2937 3454 3017 Christi,

1847 3037 1967 3093 Non
1999 3038 2147 3094 enim
2181 3037 2236 3093 in
2265 3053 2464 3093 vanum
2508 3039 2626 3094 haec
2665 3037 2827 3106 dixit,
2865 3040 2960 3095 sed
2995 3053 3127 3095 suos
3159 3039 3460 3112 discipulos

1849 3140 1904 3185 ct
1941 3130 2079 3186 alios
2103 3146 2299 3188 omnes
2323 3132 2548 3188 instruit
2579 3147 2648 3189 ne
2679 3131 2966 3190 invideant
2997 3132 3242 3204 Christo,
3280 3133 3378 3202 sed
3402 3147 3462 3200 .2;

139 3218 350 3282 πάντας
384 3220 464 3282 είς
495 3219 596 3292 τὴν
632 3217 734 3276 τοῦ·
761 3219 1002 3297 Χριστοῦ
1044 3221 1246 3276 πίστιν.
1296 3222 1369 3274 Οὐ
1407 3220 1517 3291 γὰρ
1565 3223 1742 3293 μάτην

1851 3220 1965 3277 Dco
1992 3221 2324 3278 auscultant.

135 3311 317 3367 ταῦτα
356 3329 546 3384 φησιν,
591 3312 730 3367 ἀλλὰ
765 3314 858 3367 καί⁸
919 3315 1047 3377 τοὺς
1094 3315 1332 3376 οἰκείους
1368 3314 1618 3386 μαθητὰς
1651 3317 1746 3368 καὶ

137 3409 266 3471 τοὺς
297 3406 491 3471 ἄλλους
539 3407 750 3472 πάντας
800 3406 1074 3471 παιδεύει,
1137 3407 1336 3477 μηκέτι
1404 3404 1624 3476 φθονεῖν
1665 3408 1746 3476 τῷ

136 3503 388 3576 Χριστῷ,
418 3503 538 3559 ἀλλ’
564 3502 640 3567 ὡς
672 3502 792 3574 Θεῷ
823 3503 1137 3576 προσέχειν.

748 3622 1006 3681 ΚΕΦΛΛ.
1041 3623 1117 3679 Δ’.

137 3716 286 3786 Περὶ
326 3715 428 3785 τῆς
480 3713 926 3839 Σαμαρείτιδοῗὶ
975 3713 1116 3795 Περὶ
1156 3713 1264 3767 τοῦ
1302 3716 1437 3769 υἱοῦ
1477 3715 1586 3771 τοῦ
1629 3718 1746 3782 βα-

817 3802 878 3839 σι
928 3802 1083 3838 mou.

817 3802 1083 3840 σιυιικου.

221 3924 240 3956 ι
289 3901 375 3966 Ὠς
422 3895 514 3954 οὖν
550 3898 691 3967 ἔγνω
738 3900 766 3951 6
806 3897 1012 3970 Κύριος
1058 3898 1141 3952 ὅτι
1195 3899 1438 3970 ἤκουσαν
1481 3899 1532 3953 ot
1578 3901 1748 3970 Φαρι-ι-
1818 3919 1822 3922 ·

140 4001 291 4052 σαίοι
330 3997 413 4050 ὅτι
450 3995 661 4066 Ἰησοῦς
709 3995 964 4059 πλείονας
1009 3994 1260 4067 μαθητὰς
1305 3998 1457 4050 ποιεῖ
1502 3997 1597 4050 καὶ
1650 3999 1744 4065 βα-

138 4091 354 4158 πτίζει,
395 4088 427 4160 ἢ
474 4089 731 4160 Ἰωάννης
784 4088 988 4158 (καίτοι
1055 4106 1118 4157 γε
1152 4088 1314 4152 αὐτὸς
1341 4091 1368 4142 6
1404 4090 1614 4160 Ἰησοῦς
1644 4090 1745 4144 οὐκ

133 4187 460 4251 ἐϐάπτιζεν,
498 4185 612 4238 ἀλλ’
641 4187 689 4237 οί
720 4185 967 4254 μαθηταὶ
992 4183 1206 4254 αὑτοῦ),
1245 4185 1431 4254 ἀφῆκε
1459 4186 1564 4256 τὴν
1609 4186 1743 4238 ἰου-

135 4281 304 4335 δαίαν
353 4281 481 4350 γῆν,
513 4281 611 4331 καὶ
669 4278 880 4348 ἀπῆλθε
925 4278 1090 4332 πάλιν
1138 4281 1218 4341 εἰς
1269 4279 1370 4349 τὴν
1424 4279 1744 4336 Γαλιλαίαν.

144 4373 302 4424 Ἔδει
332 4372 387 4424 δὲ
432 4373 597 4424 αὐτὺν
631 4369 944 4440 διέρχεσθαι
973 4370 1065 4427 διὰ
1093 4370 1192 4440 τῆς
1227 4371 1570 4441 Σαμαρείας.
1609 4391 1627 4423 ι
1687 4373 1744 4425 Ὀ

141 4464 561 4535 φιλάνθρωπος,
587 4462 738 4527 ἅπαξ
764 4464 833 4517 δι’
855 4464 1007 4533 ἡμᾶς
1034 4463 1369 4534 σαρκωθεὶς,
1401 4465 1580 4518 πάντα
1608 4467 1702 4534 πρ⁵
1720 4484 1745 4528 ς

139 4557 431 4626 ἡμετέραν
462 4555 735 4624 ὠφέλειαν
778 4555 1197 4626 διαπράττεται.
1245 4555 1466 4624 Ἀμέλει
1500 4559 1595 4610 καὶ
1649 4559 1745 4609 νῦν

2466 3622 2700 3678 CAPUT
2753 3621 2842 3677 IV.

2166 3716 2240 3771 De
2275 3716 2646 3772 Samaritana.
2693 3714 2767 3768 De
2800 3716 2914 3784 ﬁlio
2961 3716 3150 3786 reguli.

1925 3897 2093 3953 Vsus.
2129 3897 2248 3951 1-4.
2282 3914 2302 3948 ι
2341 3894 2407 3951 Ut
2434 3895 2692 3965 cognovit
2717 3892 2982 3948 Dominus
3013 3885 3238 3950 audisse
3265 3893 3466 3955 Phari—

1851 4007 1989 4048 szcos
2013 3994 2157 4062 quod
2189 3988 2349 4045 Jesus
2396 3987 2579 4059 plures
2609 3987 2910 4057 discipulos
2951 3986 3158 4045 faceret
3198 4005 3264 4047 ac
3288 3990 3469 4062 bapti-

1851 4093 2001 4139 zaret
2053 4097 2218 4154 quam
2269 4080 2510 4137 Joannes
2571 4083 2909 4151 (quanquam
2974 4078 3133 4137 Jesus
3193 4082 3309 4153 ipse
3360 4099 3467 4147 non

1850 4178 2178 4248 baptizaret,
2205 4175 2303 4231 sed
2339 4175 2591 4246 discipuli
2639 4173 2804 4245 ejus),
2835 4173 3058 4244 reliquit
3082 4173 3327 4230 Judaeam
3363 4185 3472 4234 ter-

1851 4287 1992 4339 ram,
2039 4280 2094 4324 et
2123 4269 2255 4323 abiit
2279 4269 2475 4323 iterum
2512 4267 2565 4321 in
2610 4267 2919 4322 Galilaeam.
2949 4265 3253 4336 Oportebat
3281 4277 3466 4324 autem

1851 4380 1974 4420 eum
2031 4363 2267 4419 transire
2315 4377 2412 4431 per
2437 4358 2806 4415 Samariam.»
2841 4360 3156 4417 Misericors
3211 4361 3475 4421 Dominus

1852 4456 2022 4512 semel
2071 4464 2296 4525 pr0pter
2375 4468 2472 4508 nos
2521 4452 2863 4519 incarnatus,
2899 4455 3084 4510 omnia
3123 4453 3189 4508 ad
3224 4465 3472 4509 nostram

1852 4551 2078 4605 salutem
2135 4547 2289 4602 facit.
2350 4545 2540 4615 Itaque
2585 4553 2639 4601 et
2702 4562 2844 4600 nunc
2867 4562 2996 4601 cum
3056 4548 3297 4603 audisset
3327 4549 3474 4619 quod

138 4649 413 4713 ἀκούσας,
461 4649 543 4701 ὅτι
596 4650 645 4702 οί
699 4649 986 4719 Φαρισαῖοι
1040 4648 1310 4717 περὶτῆς
1369 4649 1527 4719 δόξης
1577 4651 1743 4704 αὑτοῦ

1862 4643 2123 4700 Pharismi
2179 4643 2246 4696 de
2288 4640 2460 4710 gloria
2499 4638 2671 4707 ipsius
2704 4638 3039 4705 audiverunt,
3070 4643 3476 4696 etsciretcon-

137 4739 414 4813 ἥκουσαν,
467 4743 564 4795 καὶ
617 4743 820 4810 γνοὺς,
878 4744 960 4796 ὅτι
1011 4742 1090 4802 εἰς
1126 4740 1321 4807 φθόνον
1358 4743 1754 4813 κινηθήσονται

135 4840 239 4892 τὸν
296 4837 418 4888 κατ’
470 4833 660 4901 αὑτοῦ,
697 4835 976 4904 ὑποχωρεῖ
1003 4833 1084 4896 εἰς
1124 4832 1224 4902 τὴν
1259 4833 1555 4888 Γαλιλαίαν
1585 4850 1598 4864 ·
1653 4835 1748 4887 δύο

135 4929 326 4983 ταῦτα
378 4927 650 4984 διδάσκων
687 4929 872 4997 ἡμᾶς·
910 4926 970 4978 ἓν
1007 4925 1127 4995 μὲν,
1190 4926 1250 4977 τὸ
1307 4927 1588 4995 φείδεσθαι
1643 4928 1754 4979 τῶν

136 5020 384 5091 ἐχθρῶν,
433 5020 528 5073 καὶ
565 5021 743 5072 πάντα
798 5018 1003 5088 τρόπον
1061 5018 1364 5086 πειρᾶσθαι
1424 5021 1498 5088 μὴ
1551 5018 1752 5071 διδόναι

138 5115 341 5174 αὐτοῖς
379 5112 644 5181 ἀφορμὴν
680 5110 984 5163 σκανδάλου
1018 5108 1051 5177 ἦ
1085 5107 1285 5176 φθόνου
1313 5125 1324 5138 ·
1352 5108 1542 5178 ἕτερον
1579 5109 1656 5174 δὲ,
1694 5109 1754 5161 τὸ

139 5207 224 5276 μὴ
268 5205 622 5276 ὲπιρῤίπτειν
668 5203 898 5265 ἑαυτοὺς
943 5204 1059 5262 τοῖς
1116 5205 1450 5271 πειρασμοῖς
1503 5204 1748 5272 ἀνοήτως

137 5299 245 5352 καὶ
272 5299 573 5367 ἁνονήτως,
611 5295 726 5348 ἀλλ’
773 5295 1086 5364 ὑποχωρεῖν
1119 5294 1258 5364 πρὸς
1290 5297 1505 5364 καιρὸν,
1553 5297 1748 5366 μέχρις

137 5391 211 5445 ἂν
243 5395 277 5460 ἡ
318 5390 485 5460 μανία
527 5390 718 5462 ῥαῖσῃ.
771 5389 970 5441 Καίτοι
1010 5387 1066 5438 δὲ
1116 5388 1344 5450 δυνατὸς
1373 5388 1449 5440 ὢν
1499 5391 1750 5459 ἐπισχεῖν

133 5488 276 5550 τοὺς
313 5485 465 5555 αὑτῴ
496 5484 849 5553 φθονοῦντας,
879 5481 981 5535 κᾶν
1015 5483 1065 5534 εἰ
1098 5483 1220 5534 κατ’
1247 5482 1413 5534 αὑτοῦ
1446 5481 1747 5553 ὥρμησαν,

134 5582 301 5650 ὅμως
334 5577 719 5641 ὑπεξίσταται,
758 5573 903 5627 ὣστε
963 5575 1039 5645 μὴ
1108 5575 1417 5642 φαντασίαν
1466 5574 1620 5639 δόξαι
1650 5579 1750 5645 τὴν

135 5673 468 5742 οἰκονομίαν
502 5671 601 5739 τῆς
648 5671 874 5740 σαρκός.
924 5668 986 5720 Εἰ
1021 5668 1129 5738 γὰρ
1164 5669 1426 5737 συχνάκις
1456 5668 1547 5720 διὰ
1585 5669 1752 5738 μέσου

133 5760 333 5817 αὐτῶν
356 5759 640 5831 ἐξήρχετο,
674 5759 727 5810 τί
752 5761 856 5811 οὐκ
875 5756 938 5810 ἂν
965 5752 1125 5810 εἷπον
1149 5756 1198 5807 οἱ
1225 5757 1751 5827 Φαντασιοὸογ.ἦται,

225 5929 270 5960 ⁰¹
306 5928 428 5982 Act.
459 5942 593 5991 xm,
650 5925 741 5979 ‘23.
821 5925 866 5956 ⁹¹
897 5924 1109 5979 Coloss.
1152 5940 1230 5982 ιιι,
1267 5924 1317 5977 εί.

493 6023 766 6083 PA'mOL.
821 6023 936 6081 Cn.
976 6020 1266 6082 CXXI“.

1858 4746 1939 4790 tra
1974 4737 2154 4805 ipsum
2183 4733 2250 4788 ad
2281 4734 2542 4786 invidiam
2573 4733 2958 4797 concitandos,
3002 4734 3211 4788 secedit
3242 4735 3294 4788 in
3318 4735 3440 4790 Gali
3460 4766 3475 4776 -

1856 4829 2035 4891 Iream,
2083 4825 2190 4879 duo
2252 4839 2350 4878 nos
2410 4825 2654 4877 docens:
2714 4839 2880 4877 unum
2911 4824 3158 4891 quidem,
3192 4835 3250 4878 ut
3281 4840 3474 4894 parca-

1855 4936 1976 4974 mus
2028 4918 2285 4982 inimicis,
2348 4926 2402 4970 et
2460 4917 2610 4971 omni
2651 4918 2813 4970 modo
2865 4927 3144 4972 tcntcmus
3203 4933 3311 4974 non
3346 4920 3477 4974 dare

1854 5013 1935 5067 eis
1991 5011 2338 5065 occasionem
2389 5009 2636 5064 SCundali
2674 5009 2759 5062 vel
2816 5010 3070 5078 invidiae;
3121 5009 3374 5076 alterum,
3410 5029 3478 5064 ne

1855 5102 2166 5174 injiciamus
2224 5118 2322 5157 nos
2379 5103 2429 5155 in
2479 5102 2839 5156 tentationem
2892 5104 3217 5172 insipienter
3270 5115 3325 5160 et
3358 5107 3467 5159 inu-

1865 5199 2050 5265 tiliter,
2085 5199 2178 5252 sed
2213 5199 2535 5254 secedamus
2566 5198 2630 5250 ad
2682 5206 2917 5267 tempus,
2944 5198 3120 5254 donec
3146 5201 3359 5254 insania
3391 5217 3480 5254 rc-

1862 5294 2056 5346 sidcat.
2083 5291 2345 5357 Quamvis
2377 5300 2558 5346 autem
2604 5300 2797 5359 potens
2831 5292 2901 5345 sit
2928 5293 3188 5346 cohibere
3224 5294 3479 5349 inviden-

1865 5396 1946 5440 tes
1989 5385 2113 5448 sibi,
2164 5386 2376 5438 etiamsi
2426 5385 2630 5454 impetu
2689 5387 2924 5452 quodam
2973 5401 3120 5458 nunc
3173 5399 3480 5456 urgerent,

1869 5497 1975 5536 non
2019 5489 2197 5533 tamen
2237 5481 2339 5534 hoc
2372 5481 2502 5550 egit,
2536 5493 2602 5532 ne
2640 5479 2917 5533 videretur
2945 5481 3352 5550 phantasticum
3384 5482 3483 5535 ha-

1869 5570 1998 5623 bere
2064 5585 2262 5639 corpus
2296 5588 2309 5623 :
2349 5570 2392 5622 si
2416 5571 2562 5622 enim
2619 5583 2765 5639 εωρο
2813 5584 2910 5637 per
2964 5571 3202 5623 medium
3265 5571 3481 5636 illorum

1867 5663 2116 5728 exiisset,
2141 5663 2267 5732 quid
2312 5678 2418 5717 nou
2452 5662 2717 5717 dixissent
2751 5661 3484 5729 Phantasiodocetzc,Mani-

1868 5759 2024 5824 chwi,
2081 5758 2326 5827 inquam,
2369 5768 2424 5812 ct
2461 5755 2822 5812 Valentiniani
2847 5767 2899 5812 ct
2932 5757 3255 5827 Eutyehiaui
3285 5756 3309 5810 ?
3345 5755 3484 5822 Insi-

3079 6015 3149 6037 ειη

3094 6043 3149 6074 ‘_J
