3936 6400
507 417 639 483 12ἓῖ

495 626 839 689 calumniam,
878 621 1043 687 dicit,
1094 619 1343 691 quamvis
1393 614 1550 672 Jesus
1606 626 1713 668 non
1763 610 2089 680 baptizarit,

497 715 660 774 invidi
698 725 892 770 tamen
943 714 1185 767 volentes
1230 709 1505 765 concitare
1556 701 1864 760 Pharisaaos
1901 709 2090 755 contra

491 812 792 874 Christum,
839 805 1312 861 ealutnniabantur
1365 813 1488 856 eum
1541 796 1694 867 quasi
1740 792 2088 863 baptizassel.

501 922 520 955 ι
555 901 845 972 Oportebat
875 907 1055 952 autem
1088 894 1264 964 ipsum
1288 890 1523 946 transire
1551 902 1652 958 per
1703 883 2034 942 Samariam.
2066 901 2085 934 ι

497 995 673 1050 Veluti
711 992 887 1047 obiter
935 998 1123 1044 etnon
1170 985 1441 1041 destinato
1483 982 1677 1037 itinere
1714 977 2089 1034 Samaritanos

501 1089 697 1145 adibat.
756 1084 890 1140 Vide
956 1082 1102 1138 enim
1165 1080 1308 1150 quod
1355 1092 1463 1136 non
1524 1074 1743 1139 dixerit,
1800 1069 2094 1139 Oportebat

499 1183 672 1246 ipsum
757 1177 907 1231 abire
955 1175 1008 1230 itt
1081 1172 1405 1236 Samariam,
1458 1167 1578 1232 sed,
1623 1185 1641 1217 ι
1713 1164 1944 1219 transire
1998 1174 2096 1229 per

503 1271 830 1325 Samariam.
875 1287 894 1320 ι
933 1265 1159 1321 Volebat
1201 1262 1348 1317 enim
1381 1259 1725 1315 occasionem
1750 1267 1968 1310 onmem
1998 1265 2092 1304 ca-

490 1363 720 1425 lumnia:
775 1360 976 1416 iudicis
1032 1355 1372 1418 exscindere,
1406 1349 1490 1406 'ut
1547 1351 1728 1404 dicere
1786 1344 1948 1416 552
1986 1356 2092 1396 non

503 1455 708 1523 possint
731 1436 896 1521 quod,
927 1435 1125 1504 relictis
1153 1450 1255 1514 eis,
1281 1443 1610 1502 concesserit
1641 1442 1706 1496 ad
1727 1449 1934 1511 gentes,
1961 1450 2096 1506 quas

502 1546 974 1600 almminabantur.
1049 1541 1274 1610 Quando
1339 1549 1519 1592 autem
1578 1534 1878 1605 abcgerunt
1928 1544 2093 1590 eum,

505 1653 632 1693 tunc
673 1639 904 1691 accessit
945 1634 1010 1689 ad
1040 1633 1288 1705 gentiles,
1329 1642 1386 1684 et
1419 1642 1592 1700 neque
1635 1637 1761 1681 tunc
1791 1640 1856 1681 ex
1895 1637 2092 1695 propo-

504 1733 631 1796 sito,
667 1729 760 1785 sed
783 1728 976 1784 obiter.

579 1994 739 2048 Vens.
776 1993 829 2059 5,
855 1992 906 2047 6.
940 2010 957 2042 ι
981 1989 1136 2044 Venit
1160 2003 1290 2058 ergo
1321 1988 1372 2042 in
1400 1986 1674 2042 civitatem
1696 1983 1958 2040 Samaria:
1979 1997 2101 2053 quae

510 2085 707 2139 dicitur
747 2083 978 2154 Syt-har,
1030 2082 1184 2149 juxta
1237 2080 1498 2148 praedium
1532 2075 1673 2146 quod
1731 2075 1880 2130 dedit
1932 2073 2102 2129 Jacob

505 2177 705 2247 Juseph
764 2176 872 2230 lilio
926 2189 1024 2230 suo
1071 2174 1138 2228 ".
1195 2172 1322 2227 Erat
1347 2181 1524 2226 autem
1576 2169 1645 2224 ibi
1690 2169 1811 2222 fons
1855 2166 2040 2222 Jacob.
2080 2184 2098 2218 ι

510 2269 698 2339 Opera:
737 2269 968 2339 pretium
1030 2265 1191 2321 fuerit
1237 2265 1419 2321 dicere
1449 2263 1590 2318 unde
1621 2261 1952 2316 Samaritaui
1992 2261 2097 2314 ori-

513 2368 691 2434 ginem
720 2362 994 2428 duxerint,
1029 2370 1083 2415 et
1124 2361 1265 2414 unde
1292 2357 1706 2427 appellationem
1742 2354 1888 2408 illam
1929 2355 2106 2408 sortiti

516 2456 735 2509 iuerint.
786 2453 981 2508 Somor
1033 2453 1176 2506 enim
1215 2465 1372 2505 mons
1413 2449 1712 2504 vocabatur
1740 2451 1808 2503 ab
1835 2462 1900 2503 eo
1937 2463 1963 2500 a
2001 2463 2110 2515 quo

513 2546 923 2618 possidebatur,
982 2542 1124 2596 sicut
1175 2549 1230 2595 et
1280 2541 1447 2594 Isaias
1496 2539 1627 2594 dicit
1678 2557 1746 2592 ιο
1818 2536 1885 2590 Ει
1945 2546 2110 2606 caput

514 2641 708 2693 Sotnor
747 2635 1002 2708 Ephraim
1031 2635 1097 2688 ".
1141 2652 1160 2685 ι
1195 2632 1296 2699 Qui
1345 2642 1525 2686 autem
1561 2631 1627 2686 ad
1675 2641 1914 2699 montem
1957 2629 2108 2683 illum

517 2731 855 2795 habitabant,
902 2729 1135 2797 primum
1199 2740 1306 2780 non
1375 2725 1709 2779 vocabantur
1755 2721 2108 2786 Satttaritani,

517 2822 611 2874 sed
633 2819 892 2874 lsraelitm
945 2816 1268 2871 dicebantur
1325 2815 1389 2867 ".
1451 2815 1585 2870 Cum
1643 2823 1824 2868 autem
1857 2811 2113 2867 edendis-

517 2921 639 2965 seut
672 2893 860 2976 Deutit,
911 2909 1088 2962 traditi
1127 2916 1254 2961 sunt
1287 2905 1454 2962 variis
1493 2905 1827 2976 temporibus
1851 2903 2109 2975 Assyriis,

521 3001 757 3056 Tandem
811 3000 1084 3069 Assyrius,
1127 3012 1250 3052 cmn
1281 2996 1639 3052 defectionem
1686 2997 2106 3059 meditarentur,

519 3094 831 3163 supervenit
860 3093 1134 3162 tenuitque
1179 3091 1443 3161 captivos,
1478 3099 1664 3146 etnon
1699 3089 1836 3144 ultra
1875 3089 1926 3143 in
1954 3103 2109 3142 suam

1355 398 1935 465 THEOPHYLACTI
1985 393 2394 458 BULGARIE
2435 388 2794 451 ARCIIIEP.

496 553 666 592 ..ωηο
707 543 885 587 autem
927 525 1258 598 evangelista
1300 521 1554 580 invidiam
1609 531 1835 589 pronam
1870 529 1990 571 esse
2019 516 2085 570 ad

2216 517 2240 569 .i
2276 513 2403 583 περὶ
2450 510 2729 570 Μάνεντα,
2781 504 2950 572 λέγω,
3009 500 3104 554 καὶ
3143 497 3540 555 Οὑαλεντῖνον,

3669 368 3797 434 12³ὶὲ

3591 494 3690 546 καὶ
3719 492 3800 542 τὸν

2197 607 2508 676 κατάρατον
2546 600 2763 669 Εὐτυχῆ
2785 613 2801 662 ;
2827 593 3217 664 Αίνιττόμενος
3245 592 3305 645 δὲ
3337 591 3366 642 ό
3393 583 3800 654 εὑαγγελιστὴς

2196 700 2258 753 τὸ
2290 695 2382 751 τοῦ
2421 696 2618 765 φθόνου
2649 686 3072 759 συκοφαντικὸν,
3107 684 3300 754 φησὶν,
3331 683 3419 735 ὅτι
3452 680 3645 733 καίτοι
3687 692 3748 744 γε
3773 674 3799 724 ο

2176 779 2548 861 ”Ιησοῦςόύκ
2601 784 2918 846 ἐϐάπτιζεν,
2970 779 3085 834 ἀλλ’
3126 778 3280 846 ὅμως
3333 776 3384 828 οἱ
3442 769 3796 842 φθονοῦντετ,

2198 883 2518 956 βουλόμενοι
2567 877 2884 941 ὐποκνίζειν
2932 873 3061 937 τοὺς
3107 869 3442 941 Φαρισαίους
3483 863 3635 918 κατά
3669 862 3799 931 Χρι-

2198 975 2349 1039 στοῦ,
2381 971 2790 1041 ἐσυκοφάντουν
2839 965 3004 1021 αὑτὸν
3058 964 3136 1026 ὼς
3175 960 3544 1032 βαπτίζοντα.
3595 975 3614 1008 t
3656 955 3797 1008 Ἔδει

2195 1066 2453 1126 δὲ-αὐτδν
2482 1061 2794 1136 διέρχεσθαι
2836 1060 2925 1113 διὰ
2956 1059 3056 1126 τῆς
3104 1053 3452 1124 Σαμαρείας.
3489 1070 3508 1102 ι
3532 1049 3626 1110 '0;
3663 1047 3798 1115 παρα

2197 1180 2362 1235 εργον
2413 1160 2522 1230 γὰρ
2570 1156 2694 1212 ὀδοῦ
2751 1156 2993 1209 ἐποιεῖτο
3037 1151 3167 1212 τοὺς
3214 1147 3609 1216 Σαμαρείτας.
3658 1142 3797 1210 Ὀρα

2196 1258 2305 1328 γὰρ
2326 1257 2408 1310 ὅτι
2435 1255 2534 1308 οὐκ
2564 1249 2740 1314 εἶπεν,
2790 1249 2939 1302 Ἔδει
2993 1245 3157 1297 αὐτὸν
3202 1238 3554 1311 ἀπέρχεσθαι
3588 1238 3672 1298 είς
3706 1235 3796 1285 £1-

2202 1350 2455 1419 μάρειαν,
2502 1345 2658 1406 ἀλλὰ,
2698 1361 2715 1394 t
2755 1337 3065 1410 διέρχεσθαι
3111 1335 3200 1387 διὰ
3249 1333 3347 1402 τῆς
3391 1328 3742 1398 Σαμαρείας.
3779 1345 3794 1374 ι

2211 1440 2496 1494 Ἐϐούλετο
2551 1437 2663 1507 γὰρ
2708 1438 2982 1506 πρόφασιν
3047 1431 3229 1482 πᾶσαν
3281 1421 3632 1492 κατηγορίας
3693 1422 3797 1474 τοῖς

2211 1533 2489 1594 Ἰουδαίοις
2524 1528 2794 1599 ἐκκόψαι,
2847 1526 2991 1579 ὥστε
3047 1524 3122 1595 μὴ
3149 1523 3297 1592 ἔχειν
3350 1519 3556 1579 αὐτοὺς
3599 1515 3794 1582 λέγειν,

2199 1627 2282 1680 ὅτι
2305 1627 2464 1694 ἀφεὶς
2497 1623 2698 1685 αὐτοὺς
2755 1621 2836 1682 είς
2862 1621 2926 1671 τὰ
2955 1617 3083 1687 ἔθνη
3107 1617 3179 1668 τὰ
3210 1612 3482 1686 βδελυκτὰ
3507 1607 3798 1680 μετῆλθεν.

2200 1721 2370 1773 Ὅταν
2395 1718 2504 1786 γὰρ
2540 1714 2853 1785 ἀπήλαυνον
2881 1712 3068 1778 αὐτὸν,
3093 1711 3214 1763 τότε
3246 1711 3360 1771 τοῖς
3380 1706 3628 1767 ἐθειικοὶς
3662 1720 3803 1772 παρ·

2202 1811 2362 1866 ἐϐαλε
2393 1827 2407 1842 ·
2456 1809 2554 1862 καὶ
2630 1807 2751 1860 οὐδὲ
2825 1805 2946 1858 τότε
3019 1801 3503 1875 προηγουμένως,
3572 1796 3694 1850 ἀλλ’
3750 1797 3805 1846 ἐκ

2206 1905 2516 1977 παρέργου.
2585 1953 2588 1957 ,

2284 2018 2302 2051 t
2349 1999 2612 2068 Ἔρχεται
2645 1994 2737 2049 οῦν
2770 1995 2850 2056 είς
2897 1990 3055 2045 πόλιν
3085 1989 3185 2059 τῆς
3219 1986 3546 2058 Σαμαρείας
3579 1984 3807 2052 λεγομέ-

2207 2111 2305 2164 νην
2336 2093 2543 2163 Συχὰρ,
2576 2088 2807 2156 πλησίον
2861 2086 2958 2140 τοῦ
2993 2083 3218 2156 χωρίου,
3265 2083 3295 2136 ὃ
3341 2081 3550 2134 ἔδωκεν
3613 2075 3806 2131 Ἰακὼϐ

2221 2187 2424 2256 Ἰωσὴφ
2445 2184 2523 2253 τῷ
2549 2182 2652 2254 υίῷ
2671 2179 2858 2236 αὑτοῦ.
2879 2175 2988 2232 Ἦν
3011 2178 3067 2231 δὲ
3089 2179 3208 2231 ἐκεῖ
3232 2175 3387 2244 πηγὴ
3411 2173 3509 2226 τοῦ
3532 2168 3759 2226 Ἰακὼϐ.
3787 2188 3802 2218 ι

2216 2279 2400 2346 Ἀξιον
2432 2279 2630 2340 εἰπεῖν,
2658 2274 2822 2329 πόθεν
2852 2273 2903 2326 οι
2938 2271 3278 2341 Σαμαρεῖται
3315 2268 3691 2335 συνέστησαν,
3719 2262 3808 2314 καὶ

2213 2371 2379 2424 πόθεν
2411 2369 2512 2438 τὴν
2547 2363 2928 2438 προσηγορίαν
2995 2361 3199 2431 ταύτην
3254 2358 3476 2412 ἔλαϐον.
3517 2356 3706 2422 Σομδρ
3758 2354 3811 2404 τὸ

2211 2463 2336 2533 ὅρος
2365 2461 2619 2516 ἐκαλεῖτο
2664 2458 2774 2512 ἀπὸ
2806 2456 2903 2511 τοῦ
2952 2453 3300 2525 κτησαμένου
3331 2451 3492 2514 αὐτὸ,
3526 2447 3678 2501 καθὰ
3725 2450 3812 2500 καὶ

2223 2554 2454 2616 Ἡσαΐας
2485 2550 2686 2623 φησίν·
2716 2569 2735 2601 ι
2786 2549 2852 2602 Ἠ
2889 2547 3100 2618 κεφαλὴ
3145 2544 3405 2616 Σομόρων
3477 2541 3756 2611 Ἐφραῖμ.
3793 2557 3809 2590 i

2213 2648 2278 2704 Οἱ
2309 2646 2365 2699 δὲ
2399 2645 2506 2698 ὑπὸ
2531 2644 2593 2698 τδ
2619 2642 2747 2713 ὅρος
2769 2639 3070 2703 οἰκοῦντες,
3103 2638 3165 2692 οὐ
3193 2637 3541 2706 Σαμαρεῖται
3577 2633 3641 2685 τὸ
3668 2633 3813 2700 τρεῖ.-

2216 2758 2326 2806 τον,
2358 2739 2474 2793 ἀλλ’
2520 2736 2858 2808 Ἰσραηλῖται
2890 2734 3167 2802 ἐλέγοντο.
3215 2728 3724 2802 Προσκρούσαντες
3765 2726 3813 2776 δὲ

2215 2833 2296 2903 τῷ
2317 2830 2460 2903 Θεῷ,
2507 2828 2891 2902 παρεδόθησαν
2915 2825 3056 2888 κατᾲ
3085 2823 3381 2893 διαφόρους
3420 2819 3660 2889 καιροὺς
3709 2818 3816 2877 τοῖς

2231 2926 2564 2997 Ἀσσυρίοις.
2609 2921 2777 2986 Τέλος
2810 2921 2866 2974 δὲ
2901 2921 2928 2973 ὁ
2969 2916 3262 2987 ’Δσσύριος
3306 2913 3563 2967 ἐπελθὼν
3607 2913 3812 2976 αὐτοῖς,

2215 3018 2557 3077 ἀποστασίαν
2613 3015 3001 3086 μελετήσασιν,
3033 3005 3148 3064 εἷλέ
3192 3026 3252 3063 τε
3300 3007 3530 3071 αὐτοὺς,
3579 3005 3682 3058 καὶ
3725 3005 3816 3056 οῦκ

2218 3114 2300 3168 ἐτι
2366 3113 2549 3186 μένειν
2604 3109 2745 3164 κατὰ
2793 3105 2982 3178 χώραν
3033 3102 3284 3174 ἀφίησιν,
3332 3098 3679 3154 ὑποπτεύων
3727 3097 3820 3165 τὴν

523 3186 791 3254 regionem
833 3185 984 3238 abire
1014 3185 1281 3252 permisit,
1326 3183 1608 3254 suspicans
1640 3183 1837 3237 iterum
1869 3181 2107 3237 defectu-

2216 3181 2379 3271 αὖθις*
2393 3205 2760 3261 ἀποστασίαν·
2790 3200 2928 3256 ἀλλὰ
2955 3198 3184 3262 τούτους
3207 3196 3307 3267 μὲν
3324 3195 3414 3258 εἰς
3432 3192 3821 3252 Βαϐυλωνίους

524 3293 615 3333 ros
664 3278 802 3332 :sed
834 3277 956 3331 illos
983 3277 1199 3344 quidem
1246 3276 1517 3331 transtulit
1567 3275 1621 3331 itt
1677 3275 2001 3347 Babylonios
2057 3285 2112 3329 et

525 3369 726 3434 Medos,
763 3369 1068 3422 Samariam
1118 3379 1298 3423 autem
1342 3368 1594 3436 gentibus
1621 3382 1686 3423 ex
1723 3367 1952 3423 diversis
1983 3367 2114 3421 locis

523 3463 870 3532 congregatis
905 3463 1166 3518 coloniam
1216 3461 1382 3518 dedit.
1411 3463 1576 3517 Porro
1615 3477 1782 3531 quum
1816 3464 1929 3517 haec
1969 3461 2110 3516 facta

524 3563 729 3621 essent,
788 3556 928 3610 Deus
977 3566 1279 3610 monstrare
1329 3555 1515 3611 volens
1556 3555 1801 3610 barbaris
1825 3557 1968 3626 quod
2006 3571 2111 3609 non

526 3659 746 3719 propter
819 3649 1216 3720 impotentiam,
1288 3647 1386 3702 sed
1450 3657 1670 3718 propter
1736 3658 1960 3717 peccata
2006 3648 2113 3702 illis

525 3739 742 3795 Judaeos
797 3744 1004 3796 servire
1061 3741 1267 3804 iecerit,
1303 3740 1528 3793 immisit
1571 3739 1754 3794 leones
1794 3740 1844 3792 in
1880 3753 1995 3803 eos,
2023 3739 2112 3807 qui

531 3835 583 3886 in
633 3832 880 3886 Samaria
930 3832 1267 3898 habitabant,
1313 3831 1596 3896 barbaros,
1654 3830 1743 3899 qni
1767 3830 1888 3885 illos
1922 3833 2113 3900 perde-

531 3925 893 3978 bantomnes.
942 3922 1054 3976 [lex
1097 3938 1223 3978 vero
1252 3938 1373 3976 cum
1425 3923 1524 3977 hoc
1560 3923 1826 3988 audisset,
1871 3923 2019 3976 misit
2049 3921 2115 3976 ad

530 4017 791 4086 quosdam
837 4031 905 4074 ex,
938 4018 1240 4070 senioribus
1284 4014 1503 4080 Judaeis,
1547 4025 1601 4069 et
1633 4015 1841 4086 rogavit
1874 4014 2002 4084 quid
2034 4013 2114 4066 ia-

533 4110 803 4175 ciendum,
837 4120 895 4161 ttt
943 4125 1050 4167 non
1103 4109 1243 4163 ultra
1289 4109 1475 4164 leones
1523 4111 1751 4179 perdant
1789 4122 1903 4173 eos,
1943 4108 2112 4176 quiin

533 4204 804 4267 Samaria,
860 4203 1141 4257 barbaros.
1187 4203 1266 4259 Ilii
1332 4212 1510 4257 autem
1567 4203 1901 4258 enarrabunt
1949 4202 2114 4256 Deum

534 4295 698 4349 Israel
724 4298 998 4365 suspicere
1030 4298 1204 4351 locum
1232 4298 1402 4362 illum,
1435 4307 1488 4352 et
1523 4312 1627 4352 non
1669 4297 1850 4351 sinere
1872 4295 2117 4349 habitare

536 4384 644 4438 illic
685 4400 779 4439 eos
823 4387 913 4455 qui
948 4401 1042 4441 sua
1096 4387 1330 4458 legitima
1384 4389 1652 4457 ignorent.
1687 4386 1856 4457 Igitur
1895 4387 1938 4442 si
1971 4401 2116 4441 cura:

534 4477 636 4532 sibi
679 4477 788 4532 sint
821 4479 1037 4532 barbari
1066 4479 1155 4550 qui
1189 4479 1316 4544 illic,
1348 4467 1525 4532 mittat
1552 4477 1771 4535 Judwos
1802 4481 2114 4536 sacerdotes

532 4569 622 4638 qui
693 4569 785 4624 Dei
851 4571 1088 4639 legitima
1143 4571 1392 4625 barbaris
1439 4571 1675 4636 tradant,
1717 4581 1773 4625 et
1797 4573 1875 4626 sic
1905 4571 2118 4640 placent
2155 4564 2197 4619 D

450 4723 454 4729 ι
535 4661 730 4715 Deum.
786 4660 1136 4731 Obtemperat
1180 4657 1285 4716 illis
1339 4677 1454 4726 rex,
1484 4668 1539 4716 et
1580 4663 1745 4715 mittit
1777 4664 2114 4717 sacerdotem

536 4756 822 4822 quemdam
858 4754 1178 4806 traditurum
1232 4753 1336 4818 his,
1373 4755 1462 4822 qui
1494 4753 1544 4806 in
1565 4750 1834 4820 Samaria,
1871 4753 2118 4808 barbaris

537 4847 709 4915 legem
776 4845 890 4899 Dei.
929 4846 997 4898 At
1051 4845 1128 4898 illi
1170 4858 1273 4898 non
1301 4858 1489 4898 omnes
1519 4844 1686 4898 libros
1723 4846 1935 4900 divinos
1966 4860 2119 4899 rece-

541 4949 752 5008 perunt,
789 4939 881 4992 sed
916 4948 1120 4990 tantum
1144 4939 1379 5007 quinque
1403 4938 1566 4991 libros
1591 4935 1810 5007 Moysis,
1841 4937 2117 5004 Gettesim,

541 5031 805 5096 Exedunt,
838 5029 1163 5093 Leviticutn,
1211 5026 1478 5084 Numeros
1508 5039 1564 5083 et
1594 5028 2068 5084 Deuteronomium
2103 5045 2116 5081 :

541 5135 715 5189 neque
744 5120 982 5190 perfecte
1011 5121 1080 5174 ab
1111 5121 1386 5189 impietate
1422 5122 1814 5186 discesserunt,
1856 5130 1911 5175 et
1939 5132 2123 5190 poste-

545 5215 778 5268 rioribus
801 5216 1015 5282 quidem
1043 5214 1376 5283 temporibus
1402 5213 1734 5270 abstiterunt
1757 5218 1825 5269 ah
1859 5215 2122 5270 idolorum

547 5307 716 5371 cultu,
751 5305 1026 5377 Deumque
1069 5288 1375 5362 coluerunt.
1420 5308 1799 5377 ltaqueJttdzei
1834 5324 1862 5361 a
1893 5311 2126 5378 captivi-

540 5411 653 5482 tate
717 5404 944 5473 regressi
993 5402 1385 5457 :nmulabantur
1434 5403 1571 5468 illos,
1626 5413 1812 5472 utpote
1863 5402 2119 5472 Assyrios

544 5509 761 5561 genere,
798 5505 850 5547 et
881 5511 907 5546 a
942 5505 1124 5547 monte
1156 5492 1536 5548 Samaritanos
1562 5496 1844 5548 vocabant.
1880 5494 1958 5549 Illi
1994 5511 2120 5550 vero

544 5590 816 5640 Abraham
846 5597 898 5639 et
951 5585 1117 5640 Jacob
1154 5587 1526 5655 progenitores
1555 5601 1681 5640 suos
1721 5589 2075 5641 nominabant
2107 5606 2118 5639 :

547 5681 796 5747 quoniam
835 5679 1106 5732 Abraham
1140 5680 1425 5733 Chaldaeus
1461 5679 1658 5744 fuerat,
1690 5693 1740 5734 et
1773 5679 1958 5745 λάροι),
1996 5697 2122 5748 pro--

621 5875 663 5901 ’3
693 5877 823 5928 (Ion.
872 5893 1058 5938 ττι-ιιι,
1091 5874 1177 5926 9.9.
1259 5872 1302 5905 θ’
1337 5877 1437 5929 lsi.
1469 5890 1565 5936 VII,
1609 5874 1657 5926 9.

2219 3302 2314 3355 καὶ
2337 3299 2553 3371 Μήδους
2583 3297 2914 3369 μετήγαγεν,
2946 3290 3157 3346 ἐκεῖθεν
3185 3289 3244 3343 δὲ
3278 3286 3410 3356 ἔθνη
3443 3288 3511 3338 ἐκ
3542 3286 3820 3355 διαφόρων

2216 3391 2402 3444 τόπων
2440 3387 2692 3457 ἀγαγὼν,
2721 3383 3030 3455 κατῴκισεν
3060 3383 3118 3443 ἐν
3146 3382 3212 3452 τῇ
3248 3377 3571 3448 Σαμαρείᾳ.
3601 3375 3820 3428 Τούτων

2216 3484 2272 3537 δὲ
2305 3480 2641 3552 γενομένων,
2673 3477 3000 3550 βουλόμενος
3023 3477 3051 3528 ό
3081 3473 3212 3536 Θεὸς
3244 3472 3417 3536 δεῖξαι
3447 3471 3568 3532 τοῖς
3623 3466 3820 3538 βαρϐα-

2222 3594 2361 3646 ροις,
2390 3576 2472 3627 ὅτι
2500 3573 2574 3644 μὴ
2592 3572 2659 3626 δι’
2690 3571 3002 3634 ἀσθένειαν,
3027 3566 3165 3621 ἀλλὰ
3183 3565 3250 3619 δι’
3273 3562 3562 3634 ἁμαρτίαν
3587 3562 3818 3627 ἐξέδωκε

2216 3669 2342 3730 τοὺς
2388 3665 2676 3728 Ἰουδαίους
2712 3663 2918 3725 αὐτοῖς,
2944 3659 3212 3728 ἐπαφίησι
3243 3657 3471 3718 λέοντας
3527 3656 3652 3717 τοῖς
3691 3671 3821 3724 μετ-

2215 3757 2546 3813 οικισθεῖσιν
2573 3757 2631 3809 ἐν
2657 3755 2946 3824 Σαμαρείᾳ
2995 3749 3311 3820 βαρϐάροις,
3357 3747 3566 3809 οἵτινες
3602 3743 3824 3805 τούτους

2221 3847 2579 3919 ἐλυμαίνοντο
2609 3843 3034 3910 ἁπαξάπαντας.
3078 3836 3562 3908 ’Δπαγγελθέντος
3609 3837 3670 3889 δὲ
3707 3837 3821 3891 τού-

2219 3958 2315 3995 του
2349 3938 2426 4008 τῷ
2461 3937 2688 4008 βασιλεῖ,
2744 3931 3170 4005 μεταστέλλεταί
3202 3946 3353 3991 τινας
3395 3927 3512 3981 τῶν
3536 3928 3596 3979 ἐν
3628 3927 3824 3995 αίχμα-

2219 4033 2391 4103 λωσίᾳ
2430 4030 2704 4102 γερόντων
2753 4026 3051 4090 Ἰουδαίων,
3090 4023 3184 4077 καὶ
3234 4022 3438 4093 ἐρωτᾷ,
3468 4021 3526 4074 τί
3573 4022 3824 4090 ποιητέον

2219 4126 2326 4194 εἴη,
2361 4123 2435 4185 ὡς
2469 4123 2535 4176 ἂν
2563 4121 2763 4191 μηκέτι
2787 4119 2837 4170 oi
2862 4117 3074 4177 λέοντες
3103 4114 3488 4185 λυμαίνωνται
3513 4113 3652 4176 τοὺς
3686 4117 3742 4165 ἐν
3768 4115 3823 4180 τῇ

2219 4215 2507 4286 Σαμαρείᾳ
2558 4212 2888 4283 βαρϐάρους.
2935 4211 2997 4262 Οί
3031 4208 3086 4261 δὲ
3127 4205 3467 4276 ὑφηγοῦνται
3535 4205 3721 4275 αὐτῷ,
3754 4206 3825 4258 ὃτι

2218 4309 2246 4362 ό
2275 4307 2406 4368 Θεὸς
2437 4305 2534 4358 τοῦ
2564 4303 2785 4374 Ἰσραὴλ
2815 4302 2991 4374 ἐφορᾷ
3014 4301 3106 4354 τὸν
3130 4300 3296 4352 τόπον
3333 4298 3577 4362 ἐκεῖνον,
3608 4301 3711 4350 καὶ
3735 4297 3824 4349 οὐκ

2220 4398 2469 4467 ἀνέχεται
2502 4397 2780 4450 κατοικεῖν
2829 4396 2945 4446 ἐκεῖ
2983 4392 3110 4455 τοὺς
3162 4391 3236 4462 μὴ
3291 4388 3361 4441 τὰ
3401 4388 3581 4441 αὑτοῦ
3619 4389 3822 4450 εἰδότας

2224 4492 2451 4562 νόμιμα.
2486 4491 2551 4548 El
2578 4508 2628 4542 τι
2659 4489 2753 4544 οῦν
2805 4487 2954 4559 αὑτῷ
2991 4488 3144 4558 μέλει
3171 4485 3282 4538 τῶν
3326 4485 3445 4536 ἐκεῖ
3501 4483 3819 4554 βαρϐάρων,

2225 4584 2432 4635 στεῖλαι
2469 4583 2635 4652 ἱερεῖς
2670 4582 2982 4647 Ἰουδαίους,
3012 4580 3062 4633 οἳ
3091 4579 3159 4636 τὰ
3185 4577 3278 4631 τοῦ
3304 4576 3444 4630 Θεοῦ
3473 4579 3704 4648 νόμιμα
3725 4579 3823 4636 τοῖς

2226 4673 2524 4746 βαρϐάροις
2563 4673 3006 4744 παραδώσουσιν,
3033 4673 3129 4725 καὶ
3155 4669 3328 4733 οῦτως
3357 4669 3821 4741 semisomnes;

2223 4768 2316 4821 τὸν
2351 4767 2508 4820 Θεόν.
2543 4767 2801 4820 Πείθεται
2840 4764 3050 4828 τούτοις
3080 4765 3109 4816 ό
3145 4763 3428 4832 βασιλεὺς,
3463 4763 3569 4816 καὶ
3618 4764 3822 4834 πέμπει

2228 4859 2379 4929 ἱερέα
2405 4858 2530 4910 τινὰ
2569 4856 2964 4926 παραδώσοντα
2999 4858 3113 4917 τοῖς
3161 4856 3221 4907 ἐν
3266 4854 3566 4927 Σαμαρείᾳ
3617 4855 3819 4925 βαρϐά-

2231 4969 2344 5022 ροις
2372 4952 2466 5003 τὸν
2499 4949 2595 5003 τοῦ
2626 4948 2761 5002 Θεοῦ
2792 4948 2978 5019 νόμον.
3023 4948 3088 5000 Οἱ
3120 4947 3180 5001 δὲ
3223 4947 3403 5001 πάντα
3455 4947 3562 5016 μὲν
3596 4948 3671 5001 τὰ
3713 4950 3819 5000 (cia

2225 5043 2406 5113 βιϐλία
2433 5043 2535 5095 οὐκ
2573 5042 2843 5108 ἐδέξαντο,
2876 5043 3012 5111 μόνα
3041 5041 3099 5097 δὲ
3130 5042 3199 5094 τὰ
3223 5041 3385 5093 πέντε
3418 5040 3517 5094 τοῦ
3551 5042 3815 5103 Μωσέως,

2223 5136 2320 5207 τὴν
2360 5135 2597 5200 Γένεαιν,
2633 5135 2731 5206 τὴν
2772 5134 3013 5200 Ἔξοδον,
3040 5133 3102 5188 τὸ
3132 5134 3448 5197 Λευῖτικὺν,
3493 5135 3629 5198 τοὺς
3685 5136 3820 5205 Ἀρι·

2228 5227 2402 5296 θμοὺς
2441 5229 2536 5279 καὶ
2569 5228 2629 5279 τὸ
2656 5227 3098 5297 Δευτερονόμιον.
3132 5227 3272 5280 Ἀλλ’
3305 5228 3427 5280 οὐδὲ
3467 5228 3703 5290 τελείως
3731 5229 3818 5295 τῆς

2225 5319 2546 5383 δυσσεϐείας
2582 5317 2901 5389 ἀπέστησαν
2926 5335 2940 5349 ·
2979 5321 3196 5390 χρόνοις
3231 5320 3288 5371 δὲ
3316 5320 3550 5390 ὕστερον
3575 5321 3687 5374 τῶν
3730 5322 3819 5389 μὲν

2229 5411 2463 5464 εἰδώλων
2498 5413 2843 5482 ἀπέστησαν,
2875 5413 3128 5465 ἐσέϐοντο
3158 5412 3216 5465 δὲ
3240 5414 3333 5465 τὸν
3367 5415 3522 5467 Θεὸν.
3556 5416 3620 5466 ΟΞ
3649 5413 3817 5467 τ-ῖιίνυν

2228 5506 2471 5560 Ἰουδαῖοι
2493 5507 2558 5558 ἐκ
2582 5507 2681 5576 τῆς
2713 5507 3094 5576 αἰχμαλωσίας
3137 5509 3532 5569 ἐπανελθόντες
3593 5506 3812 5577 ζηλιτὺ-

2232 5613 2347 5659 πως
2386 5597 2473 5650 ἀεὶ
2515 5597 2651 5667 πρὸς
2684 5597 2880 5659 αὐτοὺς
2910 5595 3080 5668 εἶχον,
3128 5598 3224 5650 ἆτε
3287 5600 3612 5669 Ἀσσυρίους
3670 5601 3815 5658 ὄντας

2233 5687 2292 5739 τὸ
2340 5690 2532 5756 γένος,
2572 5690 2664 5740 καὶ
2698 5688 2807 5766 απὸ
2851 5688 2946 5741 τοῦ
3007 5688 3170 5758 ὄρους
3222 5690 3581 5762 Σαμαρείτας
3630 5693 3810 5749 αὐτοὺς

1742 5875 1784 5905 θ’
1819 5878 1878 5932 ιν
1912 5879 2039 5949 ἔζης.
2085 5891 2212 5939 \Vll,
2251 5874 2302 5928 ii.
