3936 6454
157 477 287 551 1722')

833 467 1286 535 ENARRATIO
1327 468 1412 531 IN
1448 466 1961 531 EVANGELIUM
2001 463 2352 529 IOANNIS.
2389 487 2461 499 -
2499 461 2804 523 CAP.,.IV.

3318 455 3462 524 12'13

152 590 395 645 ἐκάλουν.
445 587 680 646 Ἐκεῖνοι
716 584 774 648 δὲ
831 583 930 640 τοῦ
953 583 1211 656 ’Δϐραὰμ
1241 583 1340 638 καὶ
1385 580 1588 637 Ἰακὼϐ
1621 583 1752 635 ἐαυ-

1864 590 1980 651 pter
2005 579 2209 633 fontem
2239 591 2401 647 quem
2465 574 2579 631 illic
2638 575 2926 638 habuerat,
2968 570 3222 643 praprius
3245 569 3462 626 illorum

153 683 272 747 τοὺς
343 680 652 748 ἀπογόνους
695 677 1006 748 ὠνόμαζον.
1065 678 1133 732 Ὀ
1189 692 1250 731 τε
1316 673 1428 745 γὰρ
1496 674 1752 746 Ἀϐραὰμ

155 773 413 837 Χαλδαῖος
454 768 546 844 ἦν,
591 772 619 824 ὃ
653 787 714 824 τε
766 768 968 826 Ἰακὼϐ
1026 769 1116 824 διὰ
1166 769 1268 841 τὴν
1318 771 1500 822 ἐκεῖσε
1565 766 1751 840 πηγὴν

155 867 342 930 ,οἰκεῖος
391 864 579 928 αὐτοῖς
609 860 908 931 ἐλογίζετο.
988 862 1055 916 01
1101 860 1234 929 γοῦν
1307 860 1556 914 Ἰουδαῖοι
1611 859 1752 928 μετὰ

155 960 370 1014 πάντων
416 957 529 1011 τῶν
586 956 822 1011 ἐθνικῶν
878 955 977 1009 καὶ
1039 955 1244 1018 αὐτοὺς
1314 953 1748 1008 ἐϐδελύσσοντο·

151 1053 269 1107 ὅθεν
299 1051 397 1106 καὶ
423 1049 503 1121 τῷ
534 1050 730 1123 Κυρίῳ
777 1048 1286 1122 προσονειδίζοντες
1323 1047 1516 1117 ἔλεγον
1535 1063 1549 1078 ο
1589 1067 1608 1100 ι
1641 1049 1751 1101 Σα-

154 1144 416 1216 μαρείτης
447 1137 520 1196 εί.
571 1160 591 1195 ι
629 1142 741 1196 Καὶ
774 1138 940 1207 αὐτὸς
983 1139 1042 1194 δέ
1075 1142 1192 1204 τοῖς
1248 1138 1522 1213 μαθηταῖς
1558 1138 1746 1206 ἔλεγε·

157 1254 176 1286 ι
219 1236 310 1298 Εἰς
344 1234 504 1288 πόλιν
549 1232 912 1306 Σαμαρειτῶν
965 1233 1042 1305 μὴ
1075 1231 1385 1305 εἰσέλθητε.
1419 1250 1440 1284 ι
1489 1231 1649 1294 Τίνος
1695 1232 1751 1286 δὲ

150 1329 336 1382 ἐνεκεν
367 1332 395 1382 ό
429 1329 832 1397 εὐαγγελιστὴς
863 1325 1120 1398 περὶτοῦ
1157 1326 1366 1398 χωρίου
1401 1325 1499 1380 τοῦ
1551 1325 1751 1379 Ἰακὼϐ

150 1423 245 1483 καὶ
271 1423 370 1494 τῆς
427 1423 621 1493 πηγῆς
663 1421 1156 1493 ἀκριϐολογεῖται;
1213 1422 1440 1493 Πρῶτον
1497 1421 1620 1491 μὲν,
1664 1420 1753 1474 ἵνα

149 1516 274 1568 ὅταν
303 1514 544 1586 ἀκούσῃς
590 1513 690 1584 τῆς
724 1513 990 1581 γυναικὸς
1023 1511 1314 1584 λεγούσης,
1350 1512 1432 1566 ὃτι
1479 1530 1498 1564 ι
1548 1509 1751 1565 Ἰακὼϐ

148 1613 179 1665 ό
215 1610 398 1681 πατὴρ
444 1607 608 1681 ἡμῶν
653 1605 857 1662 ἔδωκεν
894 1607 1032 1678 ἡμῖν
1083 1605 1183 1676 τὴν
1227 1607 1416 1678 πηγὴν
1450 1604 1682 1677 ταύτην,
1728 1623 1747 1656 ι

154 1703 227 1776 μὴ
258 1703 532 1772 ξενισθῇς.
589 1700 652 1754 '0
678 1699 790 1772 γὰρ
837 1699 1007 1761 τόπος
1048 1697 1261 1760 ἐκεῖνος
1291 1693 1361 1769 ἦν
1404 1697 1473 1750 τὰ
1510 1696 1750 1768 Σύκιμα,

153 1796 279 1849 ἔνθα
315 1795 366 1849 οί
406 1792 516 1848 υἱοὶ
563 1791 765 1847 Ἰακὼϐ
794 1789 1022 1862 Συμεὼν
1070 1790 1167 1843 καὶ
1222 1790 1359 1845 Λευῒ
1385 1789 1480 1844 τὸν
1512 1789 1752 1860 χαλεπὸν

150 1889 358 1941 ἐκεῖνον
388 1883 726 1956 εἰργάσαντο
749 1883 938 1954 φόνον,
963 1882 1052 1944 διὰ
1083 1881 1146 1935 τὺ
1174 1881 1275 1954 τὴν
1301 1880 1540 1950 ἀδελφὴν
1568 1879 1752 1934 αὐτῶν

1854 671 2169 743 putabatur.
2217 666 2478 724 AtJudaei
2517 682 2641 722 cum
2675 666 2933 738 gentibus
2962 665 3086 720 aliis
3119 665 3290 720 etiam
3332 664 3468 724 istos

1853 761 2318 819 abominabautur
2351 781 2364 817 :
2395 760 2542 814 unde
2575 768 2629 815 et
2664 759 2899 816 Domino
2943 758 3349 829 opprobrantes
3385 757 3469 814 di-

1855 855 2073 921 cebant,
2108 873 2128 914 .1
2160 852 2540 910 Samaritanus
2569 868 2632 909 es
2689 856 2758 909 ³⁸.
2825 871 2846 906 ι
2883 852 2952 908 Ει
3005 854 3122 923 ipse
3183 851 3469 925 discipulis

1853 949 1970 1004 suis
2012 948 2249 1013 dicebat,
2284 963 2304 998 ι
2355 944 2412 1006 lu
2441 947 2722 1002 civitatem
2772 946 3250 1002 Samaritanorum
3287 961 3358 1002 ne
3384 947 3472 1001 in-

1857 1043 2133 1099 traveritis
2168 1042 2240 1099 ".
2299 1060 2319 1096 ι
2351 1041 2532 1109 Quare
2584 1049 2768 1096 autem
2828 1040 3170 1111 evangelista
3218 1038 3288 1095 de
3350 1040 3470 1095 loco

1852 1135 2026 1193 Jacob
2049 1146 2105 1192 et
2133 1135 2282 1192 fonte
2313 1144 2423 1190 tam
2447 1134 2738 1206 diligenter
2764 1133 3023 1190 disserit?
3051 1133 3295 1188 Primum
3346 1133 3472 1204 qui.-

1855 1230 2002 1294 dem,
2027 1239 2086 1284 ut
2108 1228 2329 1300 quando
2360 1227 2602 1283 audieris
2634 1228 2904 1283 (licentem
2929 1226 3240 1292 mulierem,
3267 1245 3288 1280 ι
3311 1227 3470 1282 Pater

1857 1333 2043 1379 noster
2070 1321 2239 1378 Jacob
2267 1323 2419 1378 dedit
2442 1323 2602 1377 nobis
2623 1320 2830 1376 fontem
2865 1321 3040 1386 illum,
3081 1339 3100 1374 ι
3129 1336 3197 1376 ne
3223 1320 3466 1377 mireris.

1857 1417 2037 1473 Locus
2062 1417 2208 1473 enim
2241 1415 2331 1470 ille
2355 1427 2475 1470 erat
2499 1413 2662 1488 553
2683 1413 2929 1486 Sycima,
2952 1415 3040 1469 ubi
3067 1412 3162 1468 lilii
3186 1413 3360 1471 Jacob
3387 1413 3473 1468 Si-

1859 1527 2017 1566 meon
2047 1521 2103 1564 et
2131 1509 2259 1566 Levi
2300 1522 2520 1580 gravem
2553 1508 2701 1561 illam
2742 1507 2944 1561 caedem
2972 1504 3467 1574 commiserunt”,

1856 1619 1921 1659 eo
1943 1604 2086 1675 quod
2114 1619 2358 1660 sororem
2383 1602 2597 1657 illorum
2625 1600 2821 1658 Dinam
2847 1608 3200 1670 oppresserat
3219 1596 3471 1670 Sycimo-

1859 1716 1978 1754 rum
2013 1699 2292 1774 princeps.
2325 1695 2555 1766 Insuper
2581 1705 2637 1751 et
2669 1697 2771 1752 hoc
2805 1695 3090 1762 discimus,
3125 1710 3192 1748 ex
3226 1707 3295 1748 eo
3326 1693 3473 1763 quod

1855 1791 2190 1863 evangelista
2255 1791 2415 1846 nobis
2477 1799 2669 1849 narrat
2711 1804 2774 1844 ea
2803 1804 2923 1858 qure
2953 1788 3022 1846 de
3072 1787 3222 1843 fonte
3249 1797 3304 1843 et
3325 1790 3470 1854 loco,

1856 1889 2000 1957 quod
2024 1885 2189 1940 etiam
2219 1885 2352 1940 olim
2385 1883 2574 1954 rejeeti
2605 1883 3056 1953 fuerintpropter
3107 1891 3333 1952 peccata
3375 1898 3472 1938 sua

149 1983 338 2042 Δεῖναν
395 1977 692 2047 βιασθῆναι
759 1975 868 2031 ὑπὸ
935 1975 1034 2031 τοῦ
1093 1974 1410 2047 Συκιμιτῶν
1461 1974 1750 2045 ἄρχοντος.

1864 1978 2055 2046 Judaei,
2101 1989 2157 2034 et
2214 1993 2338 2033 cum
2392 1976 2754 2034 offendissent
2793 1976 2984 2044 Deum,
3037 1988 3228 2049 gentes
3255 1975 3472 2032 illorum

155 2073 388 2126 Ἔπειτα
407 2072 464 2125 δὲ
497 2072 594 2125 καὶ
617 2069 780 2125 τοῦτο
806 2069 1160 2141 μανθάνομεν
1188 2069 1297 2123 ἀπὸ
1331 2067 1426 2120 τοῦ
1465 2070 1551 2120 τὶν
1579 2067 1750 2133 εύαγ-

147 2167 403 2236 γελιττὴν
425 2164 761 2232 καταλέγειν
797 2165 933 2234 ἡμῖν
984 2164 1053 2216 τὰ
1087 2163 1220 2234 περὶ
1259 2160 1354 2215 τοῦ
1410 2162 1616 2232 χωρίου
1656 2161 1751 2214 καὶ

147 2263 248 2332 τῆς
281 2260 490 2334 πηγῆς,
536 2261 620 2316 ὅτι
674 2261 710 2330 ἡ
761 2259 873 2314 τῶν
939 2257 1243 2314 Ἰουδαίων
1272 2257 1518 2328 ἀποϐολὴ
1579 2259 1749 2311 πάλαι

149 2359 379 2425 ἐγένετο
403 2355 490 2409 διὰ
515 2356 615 2418 τὰς
643 2354 924 2426 ἁμαρτίας
957 2354 1184 2409 αὐτῶν
1213 2353 1309 2407 καὶ
1331 2351 1753 2424 προσκρουσάν-

147 2467 257 2504 των
282 2448 463 2503 αὐτῶν
490 2447 569 2519 τῷ
591 2445 734 2519 Θεῷ,
762 2449 811 2500 οἱ
839 2447 1052 2501 ἐθνικοὶ
1075 2446 1350 2516 κατέσχον
1371 2445 1501 2508 τοὺς
1522 2445 1745 2508 τόπους·

146 2547 244 2600 καὶ
277 2542 314 2598 ἃ.
357 2545 405 2596 οῖ
459 2544 801 2614 πατριάρχαι
835 2543 925 2596 δια
981 2539 1083 2611 τὴν
1137 2541 1219 2604 είς
1274 2539 1517 2610 Χριστὸν
1562 2537 1750 2592 πίστιν

146 2637 474 2704 ἐκτήσαντο,
508 2635 682 2689 ταῦτα
731 2635 892 2688 αὐτοὶ
923 2633 1013 2688 διὰ
1043 2634 1145 2704 τὴν
1175 2631 1502 2688 δυσσέϐειαν
1532 2629 1753 2685 ἀπώλε-

149 2746 273 2783 σαν.
312 2727 477 2782 Ὥστε
508 2725 665 2787 οίδὶν
694 2727 906 2793 καινὸν,
939 2726 1064 2780 οὐδὲ
1104 2725 1202 2780 νῦν
1227 2726 1276 2777 εί
1305 2726 1355 2778 oi
1386 2723 1597 2778 ἐθνικοὶ
1625 2723 1750 2779 ἀντὶ

145 2821 260 2873 τῶν
305 2821 582 2875 Ἰουδαίων
634 2819 979 2892 εἰσήχθησαν
1035 2819 1116 2880 είς
1165 2819 1267 2889 τὴν
1301 2815 1590 2888 βασιλείαν
1638 2815 1750 2868 τῶν

1857 2072 1972 2128 [nea
2002 2070 2350 2142 possederint
2382 2090 2397 2123 :
2433 2078 2489 2125 et
2524 2085 2646 2140 quae
2675 2071 3003 2140 patriarchte
3038 2080 3263 2142 propter
3315 2085 3472 2126 suam

1859 2166 1910 2220 in
1948 2163 2118 2220 Deum
2155 2165 2713 2235 lldempossederant,
2747 2179 2811 2219 ea
2840 2165 2931 2236 illi
2967 2177 3193 2237 propter
3219 2166 3473 2237 impieta‘
3538 2162 3541 2166 ’

1857 2266 1968 2313 tem
1998 2258 2302 2313 amiserunt
2335 2275 2347 2311 :
2378 2265 2434 2314 et
2461 2259 2530 2312 ita
2565 2258 2703 2314 nihil
2737 2274 2942 2336 novum
2975 2261 3020 2314 si
3052 2271 3107 2316 et
3151 2276 3296 2316 nunc
3339 2276 3475 2332 gen-

1799 2379 1808 2391 ι
1860 2351 1982 2407 tiles
2013 2366 2113 2421 pro
2147 2348 2350 2407 Judreis
2381 2352 2433 2406 in
2465 2367 2696 2422 regnum
2724 2353 2990 2408 caelorum
3019 2356 3132 2410 sint
3154 2354 3470 2411 introducti.

1860 2434 2358 2501 Pra'dium'autem
2395 2445 2540 2517 quod
2583 2445 2734 2501 dedit
2773 2444 2944 2502 Jacob
2983 2447 3208 2519 Ioseph,
3252 2445 3474 2520 Sycima

1862 2535 2169 2592 dicebatur.
2219 2534 2492 2601 Quoniam
2561 2538 2710 2593 enim
2782 2538 2878 2592 lilii
2942 2539 3109 2594 Jacoli
3175 2537 3475 2610 Sycimitas

1861 2630 2231 2698 perdiderant,
2261 2638 2319 2684 et
2349 2629 2632 2685 civitatem
2665 2629 3053 2686 desolaverant
3086 2648 3100 2686 :
3128 2645 3251 2685 eam
3283 2641 3475 2701 utpote

1861 2721 2163 2783 desolatam
2228 2731 2386 2793 pater
2449 2724 2504 2778 in
2592 2724 2972 2782 hereditatem
3081 2725 3193 2781 lilio
3272 2722 3476 2795 Ioseph

1860 2815 2030 2869 dedit.

147 2915 416 2987 οὐρανῶν.
442 2913 518 2967 τὸ
549 2914 608 2967 δὲ
639 2916 839 2986 χωρίον
876 2915 905 2968 ὃ
940 2915 1150 2970 ἔδωκεν
1181 2912 1386 2967 Ἰακὼϐ
1411 2912 1490 2984 τῷ
1521 2913 1752 2984 Ἰωσὴφ,
1822 2912 2038 2982 Σύκιμα
2093 2911 2338 2982 ἕλεγετο.
2420 2913 2579 2968 Ἐπεὶ
2609 2915 2722 2994 γὰρ
2776 2916 2827 2970 οἱ
2874 2915 3067 2982 παῖδες
3125 2914 3223 2972 τοῦ
3276 2914 3477 2998 Ἰακὼϐ

148 3012 276 3072 τοὺς
306 3009 606 3081 Συκιμίτας
632 3010 1026 3076 ἀπολέσαντες,
1049 3008 1152 3080 τὴν
1182 3008 1341 3064 πόλιν
1401 3008 1795 3081 ἐξερήμωοαν,
1837 3011 2048 3080 ταύτην
2085 3007 2149 3078 δὴ
2216 3009 2320 3081 τὴν
2361 3008 2820 3081 ἐξερημωθεῖσαν
2861 3013 3097 3066 δέδωκεν
3153 3011 3237 3077 είς
3268 3010 3474 3087 κλῆρον

148 3103 229 3173 τῷ
256 3102 457 3176 Ἰωσὴφ
481 3103 512 3156 ὁ
547 3104 754 3174 πατήρ.

228 3213 247 3246 ι
294 3195 354 3248 '0
386 3194 481 3249 οόν
518 3195 732 3266 Ἰησοῦς
776 3195 1134 3260 κεκοπιακὼς
1170 3197 1236 3250 ἐκ
1265 3198 1366 3267 τῆς
1413 3193 1750 3265 ὁδοιπορίας,

1935 3189 2106 3246 Vens.
2139 3190 2264 3247 6-8.
2301 3209 2321 3244 ι
2357 3189 2518 3249 Jcsns
2556 3207 2691 3264 ergo
2726 3190 2992 3265 fatigatus
3021 3211 3090 3249 ex
3126 3196 3347 3265 itinere,
3383 3215 3476 3258 se:-

148 3287 442 3353 ἐκαθέζετο
472 3287 649 3351 οὕτως
680 3289 772 3341 ἐπὶ
803 3291 869 3360 τῇ
916 3291 1094 3360 πηγῇ.
1135 3289 1277 3360 Ὦρα
1309 3283 1379 3360 ἦν
1428 3288 1565 3343 ὼσεὶ
1593 3289 1753 3357 ἕκτη.

154 3380 418 3450 Ἔρχεται
463 3379 604 3450 γυνὴ
663 3381 725 3434 ἐκ
772 3380 873 3452 τῆς
914 3381 1239 3452 Σαμαρείας
1270 3382 1538 3453 ἀντλῆσαι
1584 3379 1753 3450 ὕδωρ.

148 3474 319 3541 Λέγει
364 3474 503 3544 αὐτῇ
539 3475 567 3525 ὁ
600 3473 810 3543 Ἰησοῦς
835 3490 847 3504 ·
885 3474 985 3535 Δός
1041 3493 1132 3545 μοι
1190 3477 1358 3530 πιεῖν.
1424 3477 1487 3528 0i
1518 3472 1627 3542 γὰρ
1657 3489 1759 3540 μα-

148 3565 320 3636 θηταὶ
358 3566 524 3619 αὑτοῦ
558 3565 1004 3637 ἀπεληλύθεισαν
1041 3570 1120 3630 είς
1153 3568 1254 3638 τὴν
1290 3568 1472 3633 πόλιν,
1516 3568 1605 3620 ἵνα
1635 3583 1760 3638 τρο-

160 3660 276 3729 φὰς
326 3661 702 3732 ἀγοράσωσιν.
759 3678 779 3711 ι
835 3660 1255 3714 Κεκοπιακέναι
1303 3663 1395 3716 τὸν
1447 3661 1655 3731 Κύριον
1695 3662 1760 3713 ἐκ

147 3751 254 3820 τῆς
303 3752 616 3823 ὁδοιπορίας
660 3754 892 3821 φάσκων
938 3755 966 3806 ὁ
997 3752 1433 3825 εύαγγελιστὴς,
1483 3753 1759 3806 δείκνυειν

148 3847 290 3914 ἡμῖν
349 3843 468 3914 ἅμα
500 3845 602 3914 μὲν
626 3845 690 3899 τὸ
719 3845 928 3915 ἄτυφον
951 3846 1120 3899 αὑτοῦ
1163 3845 1261 3898 καὶ
1295 3847 1593 3916 ἀπέριττον
1617 3845 1759 3917 (οὐδὲ

146 3938 266 4007 γὰρ
299 3937 617 4006 ὑποζυγίοις
673 3940 879 4010 ἐχρᾶτο
927 3940 1064 4011 πρὸς
1117 3939 1219 4011 τὴν
1249 3939 1589 4010 ὁδοιπορίαν,
1621 3937 1760 3991 ἀλλὰ

148 4028 322 4090 πεζὸς
379 4029 570 4094 ῶδευε,
619 4030 897 4084 παιδεύων
965 4030 1061 4085 καὶ
1119 4032 1269 4101 ἡμᾶς
1309 4032 1369 4084 τὸ
1421 4033 1496 4103 μὴ
1543 4029 1760 4084 πολλῶν

144 4121 409 4191 δ-ῖσθαι),
443 4121 562 4191 ἅμα
593 4122 650 4175 δὲ
686 4125 780 4175 καὶ
832 4123 893 4176 τὸ
923 4123 1197 4186 συντόνως
1230 4124 1396 4178 αὐτὸν
1424 4123 1633 4177 ὁδεύειν
1666 4124 1761 4176 καὶ

152 4215 236 4286 μὴ
275 4213 567 4285 ῥᾳθύμως.
607 4214 700 4280 Ἐξ
729 4209 790 4269 οὗ
828 4217 1182 4288 μανθάνομεν
1212 4219 1310 4272 καὶ
1341 4219 1504 4288 ἡμεῖς
1528 4219 1590 4271 τὸ
1622 4219 1762 4288 μετὰ

149 4307 443 4371 συντονίας
509 4309 604 4360 καὶ
645 4310 972 4379 ἐπιμελείας
1018 4310 1286 4373 πράττειν
1342 4310 1406 4363 τὸ
1454 4309 1615 4380 ἔργον
1666 4311 1760 4363 τοῦ

145 4398 318 4453 Θεοῦ.
349 4399 422 4452 Τὸ
448 4398 529 4464 δὲ,
583 4417 602 4450 ι
657 4398 989 4464 Ἐκαθέζετο
1017 4398 1183 4465 οὕτω,
1220 4417 1239 4451 ›
1276 4399 1542 4469 σημαίνοι
1584 4399 1651 4452 ἂν
1700 4403 1762 4451 τὸ

146 4490 348 4555 ἁπλῶς
383 4493 480 4546 καὶ
522 4491 597 4556 ὡς
630 4491 812 4561 ἔτυχε,
850 4491 946 4543 καὶ
979 4490 1065 4544 ὅτι
1099 4489 1202 4544 οὐκ
1252 4491 1346 4543 ἐπὶ
1382 4491 1598 4561 θρόνου,
1643 4491 1760 4545 ἀλλ’

1863 3283 2026 3338 debat
2074 3283 2155 3338 sic
2202 3298 2371 3352 super
2401 3282 2633 3341 fontem.
2692 3285 2844 3354 Hora
2901 3296 3022 3343 erat
3069 3287 3244 3348 ferme
3277 3301 3474 3363 sexta;

1862 3373 2013 3429 venit
2043 3374 2240 3429 mulier
2267 3372 2639 3441 Samaritana,
2686 3387 2745 3434 ut
2773 3380 3024 3438 hauriret
3067 3397 3291 3452 aquam,
3332 3385 3477 3442 Dicit
3508 3452 3515 3457 .

1811 3487 1814 3490 ·
1862 3469 1911 3523 ei
1941 3466 2105 3524 Jesns
2137 3487 2150 3523 :
2190 3467 2263 3522 Da
2301 3469 2432 3524 mihi
2466 3471 2612 3540 quod
2645 3473 2855 3530 bibam.
2907 3474 3043 3530 Nam
3074 3478 3328 3549 discipuli
3358 3481 3478 3551 ejus

1865 3563 2114 3616 abierant
2165 3562 2217 3615 in
2272 3563 2554 3617 civitatem
2590 3574 2648 3618 ut
2676 3566 2830 3622 cibos
2868 3580 3140 3625 emerent.
3179 3590 3197 3623 ι
3260 3570 3480 3644 Fatiga—

1867 3663 1982 3708 tum
2048 3653 2336 3709 Dominum
2399 3670 2466 3710 ex
2540 3657 2740 3714 itinere
2805 3675 3038 3718 narrans
3112 3665 3474 3735 evangelista,

1865 3750 2107 3805 OSIeudit
2159 3748 2317 3803 nobis
2367 3750 2653 3804 Dominum
2700 3768 2730 3805 ιι
2773 3753 2920 3808 fastu
2961 3764 3016 3808 et
3057 3746 3244 3810 rerum
3298 3759 3476 3812 aliun-

1865 3843 2047 3897 dantia
2082 3843 2323 3897 alienum
2355 3842 2551 3898 fuisse.
2587 3843 2706 3899 Non
2737 3847 2881 3900 enim
2916 3826 3186 3917 jumentis
3218 3847 3479 3907 utebatur

1865 3935 1932 3987 ad
1985 3936 2110 4000 iter,
2159 3935 2255 3989 sed
2300 3936 2468 4002 pedes
2515 3936 2647 4002 ibat,
2678 3937 2963 3994 instruens
2998 3943 3166 3996 etiam
3219 3959 3319 3999 nos
3369 3960 3476 4000 non

1868 4025 2053 4081 multis
2083 4040 2221 4096 opus
2253 4027 2480 4081 habere.
2505 4027 2736 4098 insuper
2766 4032 2898 4087 dicit
2919 4042 2973 4087 et
3005 4034 3182 4103 ipsum
3217 4037 3477 4093 incedere

1865 4129 2113 4184 strenue,
2159 4129 2213 4172 et
2249 4133 2356 4171 non
2398 4121 2693 4191 ignaviter.
2732 4123 2804 4177 Ex
2850 4139 2960 4194 quo
2994 4128 3258 4182 discimus
3291 4139 3346 4183 et
3380 4149 3480 4186 nos

1868 4219 1924 4266 ut
1955 4227 2080 4275 eum
2121 4213 2429 4266 constantia
2471 4223 2525 4268 et
2561 4214 2844 4284 diligentia
2891 4219 3159 4281 iaciamus
3189 4236 3325 4292 Opus
3357 4224 3478 4279 Dei.

1867 4307 2022 4373 Quod
2072 4318 2256 4362 autem
2303 4308 2532 4363 sedebat
2578 4308 2682 4376 sic,
2717 4309 2996 4380 significat
3041 4314 3394 4384 simpliciter,
3423 4329 3482 4371 et

1869 4409 1928 4455 ut
1955 4399 2098 4455 forte
2130 4401 2481 4469 oliveniebat,
2518 4409 2573 4456 et
2605 4418 2710 4457 non
2745 4419 2913 4473 super
2942 4387 3097 4474 sede,
3136 4409 3231 4463 sed
3267 4409 3482 4478 simpli-

1869 4491 2007 4546 citer
2044 4492 2292 4548 videlicet
2327 4507 2491 4563 super
2519 4495 2865 4563 pavimento,
2907 4496 3219 4554 refocillans
3251 4515 3480 4573 corpus,

145 4583 358 4650 οὕτως,
389 4584 608 4654 ἀφελῶς
643 4584 910 4657 δηλονότι,
961 4583 1056 4636 ἐπὶ
1104 4583 1335 4652 ἐδάφους
1371 4585 1672 4638 ἀναπαύων
1705 4586 1758 4638 τὸ

1870 4593 1926 4638 et
1973 4583 2118 4652 apud
2154 4585 2358 4639 {utilem
2390 4600 2449 4641 se
2483 4602 2765 4643 recreans.
2806 4589 3014 4645 Deinde
3063 4601 3118 4644 et
3154 4593 3318 4647 aliam
3353 4568 3486 4650 can-

152 4678 344 4748 σῶμα,
374 4679 468 4732 καὶ⁵
501 4677 655 4744 παρὰ
682 4679 747 4748 τῇ
784 4678 939 4747 πηγῇ
973 4675 1271 4747 ἀναψύχων
1311 4676 1465 4730 αὐτό.
1505 4674 1635 4731 Εἶτα
1668 4662 1767 4730 καὶ

148 4769 364 4840 ἑτέραν
397 4767 582 4822 αἰτίαν
608 4769 825 4836 εἰσάγει
857 4767 954 4820 τοῦ
992 4767 1270 4838 καθῆσθαι
1307 4768 1472 4821 αὐτὸν
1506 4770 1657 4842 παρὰ
1697 4773 1763 4839 τῇ

145 4864 338 4932 πηγῇ,
374 4861 434 4914 τὸ
474 4857 618 4915 εἶναι
652 4859 930 4931 σταθερὰν
968 4860 1352 4932 μεσημϐρίαν.
1405 4882 1423 4914 ι
1465 4863 1607 4933 Ὥρα
1633 4863 1764 4934 γὰρ,

143 4958 349 5027 φησὶν,
378 4951 445 5026 ἦν
476 4954 608 5008 ὡσεὶ
646 4954 803 5025 ἐκτη.
855 4973 874 5007 ι
924 4954 1093 5008 Ὥστε
1145 4955 1240 5012 καὶ
1273 4953 1366 5008 διὰ
1392 4955 1455 5008 τὸ
1487 4955 1587 5024 τῆς
1616 4956 1766 5025 ὥρας

147 5049 455 5103 θαλπεινὺν
487 5048 658 5101 ἐδεῖτο
678 5046 1044 5111 ἀναπαύσεώς
1069 5064 1128 5100 τε
1151 5049 1242 5100 καλ¹
1269 5047 1614 5118 ἀναψύξεως.
1651 5048 1763 5101 Καὶ

141 5139 335 5203 ἄλλως
364 5139 420 5192 δέ
447 5155 461 5169 ο
502 5140 590 5192 ἵνα
625 5140 698 5209 μή
755 5155 841 5200 τις
871 5139 1192 5208 αἰτιάσηται
1224 5140 1318 5191 τὸν
1360 5121 1589 5210 Κύριον,
1643 5137 1763 5203 πῶς

141 5234 271 5296 τοῖς
305 5233 578 5301 μαθηταῖς
613 5231 781 5284 αὑτοῦ
829 5229 1264 5300 ἐγκελευόμενος
1312 5233 1396 5295 είς
1439 5232 1559 5284 ὁδὸν
1590 5231 1762 5285 ἐθνῶν

147 5327 236 5398 μὴ
290 5324 577 5386 ἀπελθεῖν,
617 5322 782 5386 αὐτὸς
834 5322 916 5385 είς
964 5322 1314 5392 Σαμαρείτας
1362 5321 1619 5392 ἔρχεται,
1670 5323 1764 5375 διὰ

141 5417 319 5470 τοῦτό
346 5433 535 5486 φησιν,
567 5417 651 5469 ὃτι
690 5417 724 5486 ἠ
763 5417 860 5469 ἐπὶ
897 5414 996 5468 τοῦ
1044 5418 1216 5468 τόπου
1272 5416 1516 5487 καθέδρα
1552 5417 1642 5471 διὰ
1668 5419 1761 5470 τὸν

144 5511 328 5563 κόπον
353 5508 570 5575 γέγονε,
603 5507 701 5559 καὶ
727 5507 811 5559 ὅτι
850 5507 883 5578 ή
917 5506 1056 5578 πρὸς
1100 5507 1200 5576 τὴν
1236 5511 1474 5576 γυναῖκα
1528 5509 1766 5574 διάλεξις

145 5601 388 5667 εὔλογον
430 5593 578 5668 εἶχεν
618 5597 902 5668 ἀφορμὴν,
957 5597 1020 5649 τὸ
1058 5596 1232 5666 δίψος.
1278 5597 1434 5649 Ἐπεὶ
1459 5598 1566 5666 γὰρ
1605 5586 1767 5667 ἐδίύα

142 5689 475 5756 ἀκολούθως
517 5687 659 5741 κατὰ
690 5689 752 5739 τὸ
809 5687 1178 5758 ἀνθρώπινον,
1235 5689 1412 5742 ἐδεῖτο
1445 5691 1538 5742 καὶ
1571 5691 1761 5744 ποτοῦ.

141 5785 424 5857 ἱζητοῦντι
454 5784 511 5838 δὲ
539 5784 721 5854 ὁμιλεῖ
754 5783 812 5836 τὸ
856 5784 1086 5852 γύναιον
1137 5784 1357 5855 ὁμιλίαν
1389 5784 1570 5855 ψυχῆς
1610 5787 1761 5854 φιλο-

1868 4689 1988 4731 sam
2026 4675 2236 4730 inducit
2269 4692 2442 4745 quare
2482 4679 2688 4734 sederit
2719 4682 2862 4750 apud
2899 4681 3130 4738 fontem.
3165 4683 3298 4740 Erat
3333 4690 3482 4743 enim

1869 4776 2082 4839 tempus
2105 4771 2504 4826 meridianum:
2532 4789 2550 4824 t
2585 4771 2728 4829 liora
2750 4775 2921 4840 enim,
2953 4777 3151 4848 inquit,
3178 4795 3296 4835 erat
3319 4785 3483 4852 quasi

1867 4873 2021 4916 sexta
2055 4877 2070 4916 :
2107 4880 2127 4912 ι
2169 4873 2335 4932 atque
2383 4865 2550 4918 etiam
2594 4877 2818 4936 propter
2855 4867 3004 4923 horae
3056 4871 3298 4928 Calorem
3344 4891 3484 4945 opus

1867 4953 2108 5014 habebat
2141 4953 2428 5026 refrigerio
2469 4967 2525 5013 et
2581 4961 2946 5016 recreatione.
2999 4961 3092 5019 Vel
3128 4964 3289 5022 aliter
3323 4967 3483 5038 dicit,

1876 5057 1934 5102 ut
1975 5063 2041 5102 ue
2070 5049 2196 5118 quis
2229 5050 2647 5120 reprehenderit
2678 5053 2993 5122 Dominum,
3027 5062 3329 5128 quomodo,
3359 5077 3482 5123 cum

1876 5143 2212 5213 prmcipisset
2248 5144 2534 5214 discipulis
2566 5155 2625 5200 ut
2660 5162 2727 5202 ne
2759 5148 2904 5203 viam
2939 5153 3183 5220 gentium
3223 5155 3484 5225 ingrede-

1879 5245 2087 5299 rentur,
2118 5237 2234 5306 ipse
2283 5239 2350 5292 ad
2386 5236 2768 5296 Samaritanos
2800 5244 3012 5297 venerit
3044 5263 3059 5316 ;
3094 5245 3303 5302 idcirco
3350 5248 3489 5302 dicit

1872 5327 2018 5396 quod
2049 5330 2250 5383 sedens
2283 5328 2336 5382 in
2369 5329 2488 5385 loco
2522 5341 2748 5406 propter
2783 5333 3166 5406 fatigationem
3201 5337 3394 5405 fuerit,
3429 5349 3486 5394 et

1876 5418 2020 5486 quod
2045 5419 2384 5489 coiloquium
2409 5437 2534 5475 cum
2561 5423 2794 5481 muliere
2818 5428 3202 5486 rationabilem
3231 5429 3488 5487 habuerit

1876 5525 2124 5576 causam,
2161 5515 2311 5566 sitim
2339 5514 2572 5570 scilicet.
2601 5517 2872 5585 Quoniam
2901 5522 3049 5576 cnim
3079 5524 3326 5594 sitiebat,
3355 5542 3486 5585 con.-

1877 5613 2176 5674 sequentcr
2222 5605 2467 5663 humano
2506 5627 2660 5667 more
2701 5614 2983 5686 indigebat
3027 5627 3084 5673 et
3131 5631 3285 5688 pom.
3324 5621 3488 5687 Quaa-

1881 5700 2024 5751 renti
2062 5702 2246 5753 antem
2281 5704 2527 5756 occurrit
2561 5707 2778 5771 mulier,
2812 5711 2994 5763 anima
3024 5711 3267 5767 discendi
3301 5715 3486 5768 avida.

1878 5788 2018 5855 Quid
2052 5788 2216 5858 igitur
2248 5805 2384 5861 opus
2418 5803 2535 5848 erat
2569 5795 2753 5852 facto?
2789 5801 3148 5869 repellerelne
3200 5805 3486 5872 mulierem

238 5973 284 6004 "“
316 5971 470 6029 Joan.
505 5987 619 6036 \‘ttt,
660 5973 714 6027 6.
793 5977 837 6007 ’7
884 5973 1050 6028 Matth
1086 5992 1140 6045 κ,
1304 5975 1349 6006 ³⁸
1389 5972 1523 6028 Ceu.
1563 5975 1861 6038 xvx:v,‘27.
