3936 6406
504 222 644 292 1235

1359 226 1948 295 THEOPHYLACTI
1990 234 2404 297 BULGARl/E
2440 239 2806 302 ARCHIEP.

3669 235 3788 303 19.36

505 341 724 398 dicebat
772 361 788 398 :
826 361 846 396 ι
900 343 1185 411 Quomodo
1231 357 1458 417 possunt
1514 350 1633 404 lucc
1681 347 1836 402 ﬁeri?
1891 368 1910 401 ι
1959 348 2078 404 ist:

2203 351 2596 418 ἀνενδοιάστως
2626 354 2897 426 δεξαμένη
2929 355 3020 410 τὸν
3048 355 3229 426 λόγον.
3263 355 3405 429 φησί
3436 372 3449 387 ·
3492 374 3511 408 ι
3545 355 3656 420 Δός
3712 374 3790 426 μοι

503 440 683 490 autem
722 436 908 507 incipit
933 449 1282 498 contemnere
1309 443 1470 497 etiam
1501 440 1703 498 fontem
1731 440 1918 497 Jacob.
1951 439 2085 496 Nam

503 527 670 585 dicit:
703 527 760 584 Si
795 530 957 586 talem
982 547 1179 604 aquam
1201 536 1388 600 habes,
1427 535 1494 590 da
1525 534 1680 602 mihi,
1712 545 1773 590 ut
1795 551 1911 604 non
1945 534 2086 590 ultra

500 624 714 675 veniam
747 624 852 678 huc
874 623 944 678 ad
977 597 1547 685 hauriendum-Vides
1594 597 1740 700 quod
1793 597 2088 701 praetulerit

504 712 601 780 ipsi
628 711 797 770 Jacoh
827 715 1134 774 Dominum.

2197 445 2354 498 τοῦτο
2377 445 2438 500 τὸ
2476 446 2643 519 ὕδωρ.
2683 466 2702 499 ι
2736 449 2956 521 Ἔοικεν
2986 445 3081 505 οὖν
3100 449 3242 521 αὕτη
3272 448 3638 521 συνετωτέρα
3669 443 3793 502 εἶναι

2195 535 2292 591 τοῦ
2340 537 2678 610 Νικοδήμου.
2717 540 2957 606 Ἐκεῖνος
2993 541 3094 612 μὲν
3121 542 3253 613 γὰρ,
3288 541 3509 614 μυρίων
3561 541 3794 604 ἀκούσας

2195 623 2486 696 τοιούτων,
2515 632 2690 702 ελεγε·
2721 652 2740 685 ι
2780 634 2904 699 Πῶς
2958 634 3132 688 ταῦτα
3175 635 3436 702 γενέσθαι
3459 633 3739 700 δύναται;
3773 653 3788 684 ι

2194 720 2334 793 αὕτη
2364 722 2420 778 δὲ
2457 723 2687 796 ἄρχεται
2706 730 3075 796 καταφρονεῖν
3108 722 3210 799 ἠδη
3233 729 3333 783 καὶ
3361 728 3464 798 τῆς
3481 727 3678 797 πηγῆς
3709 723 3792 778 ττιῦ

500 805 718 864 Ἰακώϐ.
748 805 812 865 Et
850 813 981 884 γὰρ,
1010 816 1167 886 φησι,
1205 816 1450 871 τοιοῦτον
1487 817 1630 890 ὕδωρ
1659 816 1826 889 ἔχεις,
1855 807 1942 881 δός
1994 833 2107 888 μοι,
2150 821 2243 872 καὶ
2267 820 2369 875 οὐκ
2392 819 2474 875 ἔτι
2503 821 2801 880 ἀλεύσοιιαι
2841 817 2970 890 ὧδε,
3002 817 3146 878 ὥστε
3169 823 3406 880 ἀντλεῖν.
3463 823 3642 895 Ὁρᾷς
3689 820 3795 884 RF»;

501 900 794 972 προέκρινε
813 904 906 958 τὸν
941 906 1146 978 Κύριον
1172 908 1265 962 τοῦ
1323 909 1543 966 Ἰακώϐ.

570 997 737 1055 Vens.
763 1000 956 1058 16-22.
981 1022 999 1056 ι
1031 1005 1234 1061 Dicitei
1251 1006 1438 1063 Jesus:
1467 1008 1632 1081 556
1655 1005 1819 1074 Vade,
1852 1021 1984 1063 voca
2009 1008 2091 1062 vi-

507 1107 628 1146 rum
656 1102 834 1162 tuum,
852 1107 904 1152 et
928 1098 1050 1152 veni
1076 1099 1201 1154 huc.
1223 1098 1518 1168 Respondit
1543 1101 1758 1168 mulier,
1785 1101 2088 1156 etdixitei:

497 1181 612 1237 Non
639 1183 814 1241 habeo
841 1188 1037 1243 virum.
1067 1189 1204 1244 Dicit
1232 1191 1280 1245 ei
1317 1189 1476 1247 Jesus
1505 1210 1518 1245 :
1556 1191 1701 1247 Bene
1729 1192 1938 1258 dixisti,
1967 1191 2090 1246 Non

500 1277 673 1332 habeo
704 1281 881 1334 virum
923 1299 933 1334 :
961 1281 1200 1353 quinque
1223 1283 1368 1339 enim
1402 1285 1546 1340 viros
1573 1284 1832 1349 habuisti,
1854 1295 1910 1341 et
1940 1299 2087 1340 nunc

500 1382 659 1437 quem
711 1371 901 1440 babes,
935 1388 1039 1426 non
1097 1384 1182 1429 est
1230 1383 1355 1430 tuus
1399 1375 1501 1431 vir.
1534 1373 1645 1430 lloc
1694 1389 1822 1431 vere
1872 1376 2083 1430 dixisti.

501 1460 644 1516 Dicit
693 1464 740 1516 ei
783 1465 978 1519 mulier
1010 1485 1022 1519 :
1051 1465 1298 1532 Domine,
1321 1468 1480 1523 video
1530 1470 1676 1538 quod
1724 1469 1992 1538 propheta
2025 1483 2086 1524 es

499 1566 575 1612 ttt.
604 1553 795 1612 Patres
826 1559 998 1614 nostri
1031 1560 1082 1613 in
1119 1571 1300 1614 monte
1337 1562 1438 1616 hoc
1470 1561 1858 1628 adoraverunt,
1889 1571 1945 1617 et
1990 1576 2085 1617 vos

497 1648 680 1704 dicitis
721 1653 866 1720 quod
927 1653 1318 1724 Hierosolymis
1370 1664 1454 1709 est
1511 1655 1661 1710 locus
1693 1655 1783 1710 ubi
1836 1665 2083 1724 Oporteat
2120 1631 2158 1686 Β

501 1740 750 1795 adorare.
789 1743 928 1797 Dicit
978 1745 1026 1798 ei
1069 1742 1228 1800 Jesus
1261 1764 1276 1801 :
1311 1746 1524 1813 Mulier,
1553 1749 1712 1802 crede
1750 1747 1902 1806 mihi.
1936 1748 2085 1803 venit

501 1833 634 1886 hora
672 1834 889 1902 quando
942 1852 1116 1906 neque
1148 1838 1202 1892 in
1246 1849 1427 1894 monte
1453 1841 1574 1905 hoc,
1609 1854 1784 1910 neque
1810 1840 1864 1894 in
1890 1839 2084 1894 Hiero-

500 1924 725 1994 solymis
756 1925 1054 1983 adorabitis
1077 1927 1318 1984 Patrem.
1341 1929 1449 1985 Vos
1479 1931 1719 1986 adoratis
1769 1933 1911 1999 quod
1950 1945 2080 1986 nes-

497 2017 619 2071 citis
647 2034 661 2071 :
704 2032 802 2073 nos
819 2020 1108 2076 adoramus
1133 2023 1274 2092 quod
1297 2023 1498 2078 scimus
1530 2043 1540 2077 :
1566 2026 1691 2094 quia
1725 2025 1870 2078 salus
1900 2039 1965 2079 ex
1990 2021 2085 2077 Ju-

499 2111 631 2166 dzeis
663 2112 1089 2181 esu—«Vade,
1113 2130 1244 2170 voca
1264 2116 1436 2170 virum
1464 2127 1637 2171 tuum.
1655 2135 1672 2167 ι
1706 2116 1840 2182 Quia
1864 2116 2084 2171 videbat

499 2206 646 2260 illam
685 2218 967 2278 urgentem
1001 2210 1066 2263 ad
1102 2210 1492 2280 recipiendum,
1529 2219 1582 2265 et
1610 2220 1894 2281 cogentem
1934 2225 1994 2265 se
2017 2209 2083 2264 ad

497 2299 757 2364 dandum,
787 2303 958 2357 dicit:
995 2322 1012 2354 ι
1057 2302 1226 2370 Vade,
1260 2320 1391 2359 voca
1430 2305 1608 2358 virum
1660 2315 1832 2369 tuum,
1876 2323 1894 2356 ι
1927 2303 2082 2372 quasi

496 2392 746 2447 Ostendat
767 2393 906 2462 quod
934 2393 1097 2448 etiam
1128 2393 1275 2449 illum
1306 2403 1554 2464 Oporteat
1577 2409 1700 2450 esse
1760 2392 2081 2463 participem

500 2487 655 2555 lmjns
676 2487 800 2540 doni
830 2486 956 2540 mei.
993 2486 1087 2541 illa
1116 2499 1296 2542 autem
1322 2487 1604 2550 festinans,
1642 2493 1697 2539 et
1723 2494 1781 2539 ιιι
1831 2484 2079 2553 recipiat,

497 2589 550 2631 et
580 2580 637 2631 ut
667 2579 828 2632 simul
859 2578 1042 2643 lateat,
1077 2580 1208 2633 dicit
1239 2597 1251 2631 :
1287 2598 1304 2631 ι
1333 2579 1452 2634 Non
1500 2579 1677 2633 habeo
1726 2582 1925 2639 virum.
1973 2600 1992 2633 ι
2014 2582 2084 2637 Αι

497 2667 760 2722 Dominus
790 2683 885 2738 per
923 2670 1264 2738 pmphetiam
1305 2685 1451 2724 nunc
1472 2673 1676 2728 revelat
1701 2687 1861 2730 Suam
1908 2677 2082 2730 virlu-

496 2769 627 2826 tem,
679 2770 732 2816 et
767 2761 976 2830 priores
1017 2762 1136 2831 ejus
1190 2763 1336 2817 viros
1399 2777 1650 2821 numerat
1702 2781 1757 2821 et
1806 2782 1929 2822 enm
1988 2769 2080 2837 qui

495 2867 639 2907 nunc
685 2853 1039 2924 ignorabatur
1085 2856 1281 2924 arguit.
1316 2853 1568 2926 Nunquid
1606 2857 1771 2928 igitur
1801 2859 1890 2914 illa
1937 2875 2082 2932 aegre

2273 1026 2291 1058 ι
2327 1009 2490 1076 Λέγει
2549 1009 2685 1080 αὐτῇ
2741 1010 2769 1062 ὁ
2813 1006 3056 1080 Ἰησοῦς“’
3093 1005 3340 1075 Ὕπαγε,
3380 1005 3650 1076 φώνησον
3705 1003 3791 1057 τέον

2195 1099 2367 1170 ἄνδρα
2411 1099 2656 1166 σουίκαὶ
2704 1099 2826 1153 ἐλθὲ
2873 1098 3087 1153 ἐνθάδε.
3122 1097 3427 1170 Ἀπεκρίθη
3450 1096 3507 1150 δὲ
3546 1100 3582 1169 ὴ
3642 1097 3788 1166 γυνὴ,

2193 1186 2286 1239 καὶ
2322 1181 2476 1238 εἶπεν
2507 1185 2659 1256 αύτῷ
2698 1200 2714 1217 ο
2752 1184 2868 1238 Ούκ
2900 1184 3010 1256 ἔχω
3038 1182 3228 1256 ἄνδρα.
3255 1183 3421 1252 Λέγει
3454 1183 3602 1254 αὐτῇ
3631 1186 3659 1236 δ
3695 1182 3790 1251 Ἰη-

2194 1277 2321 1341 σοῦς
2353 1293 2367 1306 ο
2430 1277 2629 1340 Καλῶς
2669 1272 2856 1344 εἶπας,
2902 1277 2984 1331 δτι
3034 1275 3238 1348 Ἄνδρα
3287 1277 3389 1330 οὐκ
3448 1275 3587 1347 ἔχω.
3633 1276 3790 1329 Πέντε

2193 1369 2304 1438 γὰρ
2333 1369 2533 1440 ἄνδρας
2579 1368 2760 1440 ἔσχες,
2791 1370 2888 1423 καὶ
2938 1368 3036 1422 νῦν
3078 1367 3137 1422 δν
3184 1367 3352 1439 ἔχεις,
3390 1368 3500 1431 οὑκ,
3546 1367 3669 1420 ἔστι
3707 1383 3790 1419 σου

2192 1463 2332 1532 ἁνήρ
2358 1479 2373 1494 ο
2416 1461 2575 1515 τοῦτο
2608 1461 2825 1532 ἀληθῶς
2882 1462 3134 1531 εἴρηκας.
3170 1460 3333 1530 Λέγει
3366 1459 3519 1530 αύτῷ
3550 1461 3587 1529 ἡ
3625 1461 3788 1529 γυνή·

2195 1554 2390 1625 Κύριε,
2423 1553 2635 1624 θεωρῶ,
2665 1554 2748 1607 ὅτι
2777 1553 3068 1626 προφήτης
3091 1547 3144 1607 εἴ
3167 1552 3255 1606 σύ.
3276 1553 3340 1605 Οί
3362 1551 3609 1624 πατέρες
3643 1551 3791 1622 ἡμῶν

2189 1649 2248 1700 ὲν
2275 1645 2450 1717 τούτῳ
2480 1645 2556 1714 τῷ
2585 1645 2703 1717 δρει
2747 1645 3184 1718 προσεκύνησαν,
3221 1643 3319 1698 καὶ
3359 1644 3522 1714 ὑμεῖς
3579 1643 3789 1711 λέγετε,

2189 1741 2270 1794 ὅτι
2329 1741 2386 1792 ὲν
2433 1738 2832 1810 Ἰεροσολύμοις
2885 1740 3035 1792 ἐστὶν
3068 1741 3096 1792 δ
3126 1738 3312 1802 τόπος,
3339 1739 3475 1792 ὅπου
3504 1737 3591 1790 δεῖ
3623 1753 3790 1807 προσ-

2189 1832 2391 1885 κυνεῖν.
2443 1832 2610 1899 Λέγει
2642 1832 2784 1902 αὐτῇ
2814 1833 2842 1885 ὁ
2874 1831 3082 1900 Ἰησοῦς
3105 1848 3116 1862 ·
3138 1830 3329 1892 Γύναι,
3351 1829 3654 1883 πίστευσὸν
3683 1837 3788 1898 μοι,

2187 1929 2271 1981 ὅτι
2332 1927 2552 1996 ἔρχεται
2575 1923 2715 1997 ὥρα,
2757 1926 2847 1978 ὅτε
2873 1924 2995 1978 οὔτε
3028 1928 3086 1978 ὲν
3113 1924 3190 1992 τῷ
3219 1922 3338 1997 ὖρει
3360 1926 3566 1994 τούτῳ,
3592 1921 3720 1976 οὔτε
3740 1925 3792 1974 ἐν

2199 2016 2598 2090 Ἰεροσολύμοις
2634 2017 3043 2087 προσκυνήσετε
3071 2013 3148 2086 τῷ
3171 2015 3368 2085 Πατρί.
3386 2014 3589 2084 Ὑμεῖς
3624 2031 3792 2082 προσ-

2189 2113 2401 2164 κυνεῖτε
2432 2110 2580 2164 δούκ
2626 2110 2825 2174 οἴδατε,
2893 2111 3055 2178 ἡμεῖς
3105 2106 3527 2179 προσκυνοῦμεν
3554 2107 3586 2160 δ
3643 2106 3787 2159 οῖδα-

2192 2220 2290 2272 μεν
2320 2201 2416 2273 (a).
2439 2201 2820 2269 i—t'Trtaye,
2856 2199 3107 2271 φώνησόν
3132 2215 3224 2253 σου
3249 2200 3339 2252 τὸν
3362 2199 3557 2270 ἄνδρα.
3593 2217 3612 2251 ι
3639 2198 3790 2252 Ἐπεὶ

2188 2297 2298 2368 γὰρ
2357 2295 2505 2366 ἑώρα
2555 2295 2729 2362 αὐτὴν
2792 2294 3178 2364 ἐπικειμένην,
3226 2293 3370 2346 ὥστε
3441 2293 3664 2355 λαῦεῖν,
3701 2294 3792 2346 καὶ

2187 2389 2610 2456 ἀναγκάζουσαν
2640 2387 2805 2441 αὐτὸν
2857 2386 3065 2453 δοῦναι,
3092 2385 3225 2457 φησί
3263 2403 3276 2418 ·
3325 2405 3345 2438 ι
3381 2385 3650 2455 Φώνησόν
3701 2402 3789 2438 σου

2186 2482 2279 2535 τὸν
2315 2482 2485 2552 ἄνδρα
2522 2497 2535 2511 ·
2577 2481 2819 2533 »ὡσανεὶ
2878 2477 3316 2548 ἐνδεικνύμενος,
3365 2478 3450 2530 ὅτι
3514 2479 3789 2530 Κάκεῖνον

2187 2575 2268 2628 δεῖ
2299 2575 2556 2628 κοινωνόν
2610 2591 2692 2626 σοι
2751 2571 3007 2640 γενέσθαι
3064 2571 3167 2642 τῆς
3189 2570 3400 2643 δωρεᾶς
3446 2569 3664 2639 ταύτης
3694 2571 3786 2638 τῆς

2188 2669 2350 2740 ἐμῆς.
2377 2667 2593 2736 Ἐκείνη
2617 2667 2674 2721 δὲ
2709 2667 2823 2738 ἅμα
2858 2661 2956 2735 μὲν
2987 2665 3193 2730 λαθεῖν,
3219 2664 3336 2736 ἅμα
3359 2665 3415 2718 δὲ
3448 2665 3546 2718 καὶ
3605 2664 3789 2717 λαὸεῖν

2190 2763 2517 2827 σπεύδουσα,
2549 2762 2735 2832 φησίν·
2776 2779 2794 2812 ι
2823 2761 2937 2814 Οὐκ
2955 2760 3063 2831 ἔχω
3088 2761 3274 2831 ἄνδρα.
3304 2779 3323 2812 ι
3377 2759 3436 2813 '0
3467 2759 3526 2813 δὲ
3560 2759 3787 2830 Κύριος,

2187 2855 2274 2909 διὰ
2327 2854 2666 2926 προφητείας
2709 2854 2899 2907 λοιπὸν
2949 2853 3358 2906 ἀποκαλύπτων
3423 2853 3527 2922 τὴν
3580 2852 3790 2905 οἰκείαν

495 2943 729 3011 ferebat,
757 2961 877 2998 cum
913 2947 1039 3000 talia
1070 2947 1325 3001 audiret?
1362 2949 1444 3003 vel
1466 2949 1658 3006 relicto
1683 2952 1772 3009 illo
1799 2955 2078 3024 fugiebat?

2187 2949 2443 3020 δύναμιν,
2497 2947 2624 3012 τούς
2681 2965 2739 2999 τε
2791 2948 3099 3017 προτέρους
3132 2946 3380 3016 ἀριθμεῖ,
3421 2944 3522 3000 καὶ
3567 2944 3666 2998 τὸν
3703 2944 3791 2996 νῦν

493 3038 633 3102 Non,
654 3039 746 3093 scd
781 3039 950 3107 magis
979 3041 1244 3095 admirata
1275 3051 1358 3096 est
1399 3052 1454 3098 et
1478 3046 1800 3113 confortata,
1844 3049 2031 3104 dicens
2061 3067 2074 3104 :

501 3150 518 3183 ι
559 3132 806 3197 Domine,
836 3133 994 3187 video
1020 3133 1162 3202 quod
1186 3135 1446 3204 propheta
1477 3151 1536 3192 es
1569 3145 1647 3204 tu,
1686 3157 1704 3191 ι
1762 3151 1816 3194 et
1842 3141 1908 3195 de
1947 3142 2079 3213 dog-

495 3225 731 3280 matibus
755 3225 952 3282 divinis
981 3227 1162 3281 statim
1200 3228 1348 3282 illum
1377 3229 1699 3301 interrogat,
1730 3249 1835 3286 non
1867 3234 1934 3289 de
1961 3249 2078 3289 cor-

494 3319 789 3386 poralibus,
823 3328 880 3372 ut
909 3321 976 3374 de
1037 3322 1274 3376 sanitate
1331 3325 1597 3391 corporis,
1626 3326 1708 3380 vel
1731 3327 1936 3384 divitiis
1964 3346 1978 3382 :
2006 3331 2078 3385 ita

490 3413 767 3480 sapientia:
787 3412 1020 3477 avidam,
1037 3424 1088 3468 et
1108 3416 1288 3470 virtuti
1311 3416 1547 3472 deditam
1569 3418 1797 3474 habebat
1816 3422 2075 3490 animam;

491 3505 585 3559 sed
621 3505 781 3573 quid?
827 3524 844 3556 ι
883 3504 1074 3561 Patres
1118 3508 1289 3563 nostri
1338 3509 1388 3563 in
1443 3521 1628 3566 monte
1673 3512 1762 3568 illo
1814 3513 2078 3571 adorave-

496 3608 640 3650 tnut.
674 3617 692 3648 ι
739 3596 892 3663 Quod
923 3600 1055 3653 dicit
1098 3608 1318 3670 propter
1347 3600 1618 3656 Abranam
1651 3616 1704 3658 et
1731 3605 1926 3662 Jacob.
1956 3609 2080 3664 Ete-

492 3690 603 3743 nim
655 3690 1022 3746 illuctraduut
1052 3691 1207 3748 Isaac
1257 3694 1310 3747 in
1356 3694 1684 3750 sacriﬁcium
1715 3701 2074 3755 adductum'.

499 3801 516 3832 ι
554 3782 622 3836 Ει
650 3782 946 3851 quomodo,
988 3783 1186 3852 inquit,
1213 3801 1308 3840 vos
1348 3786 1528 3843 dicitis
1568 3790 1708 3859 quod
1740 3791 1792 3844 itt
1826 3790 2082 3847 Hieroso-

488 3873 650 3943 lymis
669 3875 1164 3944 oportetadorare?
1205 3896 1224 3928 ι
1258 3876 1450 3934 νίιιὶειί
1484 3882 1754 3949 quomodo
1779 3885 2072 3941 sublimior

490 3967 687 4022 fuerit?
718 3967 850 4021 Nam
884 3984 1002 4036 quae
1024 3970 1184 4038 paulo
1213 3981 1342 4025 ante
1374 3971 1602 4028 sollicita
1627 3985 1746 4030 erat
1777 3990 1842 4030 ne
1877 3979 1965 4033 siti
1993 3980 2077 4033 ul-

490 4071 574 4114 tra
623 4070 931 4126 vexaretur,
965 4077 1107 4116 nunc
1163 4065 1229 4119 de
1286 4065 1631 4135 dogmatibus
1661 4080 1832 4138 rogat.
1866 4068 2076 4127 Idcirco

487 4160 541 4204 et
572 4149 826 4206 Christus
883 4152 997 4207 visa
1056 4154 1173 4223 ejus
1229 4158 1493 4226 sapientia
1546 4159 1649 4214 hoc
1680 4161 1896 4228 quidem
1957 4162 2075 4230 ejus

490 4241 680 4309 dogma
733 4257 841 4296 non
870 4242 1050 4296 solvit.
1097 4243 1211 4299 Non
1259 4247 1405 4299 enim
1441 4258 1559 4302 erat
1603 4251 1735 4305 satis
1764 4251 1966 4307 serium
2019 4265 2074 4310 et

2183 3041 2634 3113 ὲγκρνπτόμενον
2658 3041 2904 3111 ἤλεγξεν.
2929 3036 2998 3093 'A
3009 3057 3077 3112 ρα
3090 3039 3186 3093 οὖν
3209 3039 3579 3117 ἐδυσχέρανεν
3604 3039 3788 3106 ἐκείνη

2181 3137 2355 3191 ταῦτα
2381 3135 2666 3192 ἀκούσασα
2695 3154 2706 3203 ;
2760 3135 2792 3206 ἢ
2823 3137 3026 3206 ἀφεῖσα
3069 3135 3261 3189 τοῦτον
3281 3129 3527 3203 ’ἔφυγενς
3553 3133 3790 3198 Οῦκουν,

2183 3233 2321 3287 ἀλλὰ
2338 3232 2667 3302 θαυμάσασα
2689 3231 2891 3301 μᾶλλον
2915 3231 3008 3285 καὶ
3040 3231 3590 3302 προσκαρτερήσασα
3616 3229 3786 3282 πλέον

2183 3324 2333 3392 λέγει
2367 3341 2382 3355 ·
2425 3342 2443 3375 ι
2488 3324 2685 3393 Κύριε,
2719 3322 3034 3394 θεωρῶ,ὅτι
3055 3323 3346 3394 προφήτης
3372 3316 3424 3374 εἶ
3459 3322 3524 3373 σύ
3566 3338 3582 3352 ο
3622 3341 3641 3372 ι
3701 3323 3793 3374 καὶ

2183 3418 2312 3488 περὶ
2337 3417 2627 3487 δογμάτων
2652 3415 2850 3470 ἐνθέων
2880 3415 3045 3470 αὑτὸν
3083 3416 3286 3486 ἐρωτᾷ,
3311 3415 3372 3467 ού
3408 3414 3542 3485 περὶ
3595 3413 3791 3484 βιωτι-

2185 3509 2316 3575 κῶν,
2354 3504 2485 3574 οἷον,
2521 3510 2777 3580 σώματος
2803 3509 3014 3579 ὑγείας,
3045 3507 3078 3578 ἢ
3115 3507 3419 3579 χρημάτων
3446 3520 3460 3533 '
3510 3505 3666 3559 οὕτω
3706 3523 3792 3574 φι-

2181 3603 2405 3672 λόσοφον
2441 3599 2585 3672 εἶχεν
2633 3603 2726 3655 καὶ
2781 3601 2958 3670 εύφυᾶ
3011 3602 3148 3671 πρὸς
3185 3599 3388 3670 ἀρετὴν
3431 3599 3535 3669 τὴν
3583 3599 3792 3669 ψυχήν.

2184 3694 2450 3760 Ἀλλὰτί;
2489 3716 2504 3745 σ
2536 3696 2597 3748 Ol
2631 3693 2870 3764 πατέρες
2897 3693 3052 3764 ἡμῶν
3083 3695 3141 3746 ἐν
3163 3692 3239 3762 τῷ
3258 3692 3375 3763 δρει
3409 3691 3598 3762 τούτῳ
3621 3709 3794 3764 προσ-

2182 3786 2476 3857 εκύνησαν.
2535 3805 2555 3839 ι
2621 3785 2812 3839 Ταῦτα
2869 3786 2927 3838 δὲ
2975 3785 3124 3854 λέγει
3166 3784 3255 3837 διὰ
3300 3784 3428 3848 τοὺς
3505 3786 3647 3855 περὶ
3704 3786 3793 3837 τὶν

2181 3881 2434 3952 Ἀϐραάμ
2472 3896 2484 3908 ·
2527 3881 2623 3932 καὶ⁴
2646 3879 2835 3950 γὰρέν
2868 3878 3064 3948 ἐκείνῳ
3092 3880 3254 3947 φασιν
3278 3877 3372 3930 ὑπ’
3405 3877 3587 3930 αὐτοῦ
3646 3879 3786 3946 ἀνη-

2179 3975 2366 4044 νέχθαι
2396 3972 2486 4026 τὸν
2520 3970 2708 4026 Ἰσαὰκ
2738 3972 2820 4033 εἰς
2839 3970 3055 4024 θυσίαν.
3077 3969 3187 4024 Καὶ
3212 3969 3346 4033 πῶς,
3369 3970 3559 4038 φησὶν,
3597 3971 3792 4040 (ὑμεῖς

2179 4067 2365 4135 λέγετε
2401 4107 2414 4131 ,
2470 4068 2551 4119 ὅτι
2603 4067 2660 4118 ὲν
2719 4063 3118 4134 Ἱεροσολύμοις
3175 4063 3255 4117 δεῖ
3325 4067 3677 4135 προσκυνεῖν
3714 4082 3730 4130 ς
3771 4084 3788 4113 ι

2181 4154 2335 4222 Εἶδες
2377 4157 2492 4222 πῶς
2524 4156 2834 4227 ὑψηλοτέρα
2865 4155 3123 4225 γέγονενς
3177 4155 3241 4208 Ἦ
3273 4155 3384 4228 γὰρ
3431 4155 3542 4227 πρὸ
3583 4155 3792 4230 μικροῦ

2187 4251 2512 4324 μεριμνῶσα
2545 4251 2687 4321 ὑπὲρ
2714 4249 2807 4303 τοῦ
2835 4251 2909 4322 μὴ
2945 4249 3275 4304 σκύλλεσθαι
3305 4248 3394 4301 διὰ
3450 4250 3552 4302 τοῦ
3598 4250 3790 4322 διψῇ-ι,

491 4332 670 4398 magni
698 4334 977 4395 momenti,
1016 4334 1109 4387 sed
1165 4333 1308 4388 aliud
1352 4338 1622 4404 quoddam
1679 4341 1854 4410 majus
1881 4345 2074 4414 dogma

2186 4322 2313 4413 περὶ
2343 4342 2632 4412 δογμάτων
2687 4344 2889 4413 ἐρωτᾷ.
2927 4342 3021 4395 Διὸ
3067 4344 3164 4394 καὶ⁸
3188 4344 3212 4395 ὁ
3236 4343 3474 4413 Χριστδς
3511 4340 3648 4395 ἰδὼν
3696 4344 3793 4412 τὴν

492 4423 824 4488 manifestat,
861 4424 911 4477 id
946 4426 1087 4494 quod
1121 4442 1294 4497 neque
1327 4428 1622 4486 Nicodemo
1652 4449 1829 4503 neque
1871 4435 2074 4492 Natha-

489 4515 628 4569 nacli
667 4516 1020 4570 revelaverant.
1058 4535 1076 4567 ι
1110 4518 1457 4587 Venitenim,
1497 4523 1697 4591 inquit,
1733 4527 1864 4582 hora
1901 4545 2073 4598 quan-

487 4609 554 4658 do
588 4622 764 4675 neque
813 4609 863 4660 in
891 4605 1282 4681 Hierosolymis
1326 4628 1504 4681 neque
1546 4617 1598 4669 in
1633 4618 1734 4672 hoc
1791 4619 1910 4675 loco
1939 4622 2074 4676 ado-

492 4699 705 4753 rabitur
761 4699 923 4754 Deus.
967 4719 984 4751 ι
1022 4701 1160 4754 Nam
1218 4713 1272 4756 tu
1338 4707 1581 4772 quidem,
1615 4708 1814 4777 inquit,
1856 4714 2075 4769 conaris

488 4792 779 4846 ostendere
835 4807 921 4848 res
977 4792 1445 4851 Samaritanorum
1510 4799 1782 4868 digniores
1837 4805 1924 4872 iis,
1953 4823 2074 4876 quae

486 4884 628 4954 apud
660 4883 876 4941 Judatos
925 4898 1156 4957 aguntur
1194 4907 1207 4942 :
1248 4905 1349 4958 ego
1401 4903 1583 4947 autem
1639 4895 1758 4950 dico
1790 4897 1886 4952 tibi
1929 4900 2074 4968 quod

489 4993 669 5045 neque
701 4979 818 5034 hate
846 4995 1021 5050 neque
1057 4981 1142 5035 illa
1189 4984 1393 5038 habent
1427 4986 1770 5055 dignitatem,
1809 4994 1902 5046 sed
1933 4994 2070 5048 alius

487 5069 758 5138 qniSpiam
805 5081 979 5127 status
1011 5074 1116 5126 erit
1169 5075 1274 5129 illis
1323 5077 1558 5146 dignior.
1593 5079 1984 5138 Verumtamen
2020 5095 2073 5140 et

485 5161 564 5214 sic
622 5160 840 5217 Judmos
893 5165 1041 5219 vobis
1102 5165 1462 5224 Samaritanis
1508 5172 1782 5241 digniores
1838 5176 2066 5233 allii-mo.

498 5267 514 5301 ι
556 5249 663 5306 Vos
719 5252 887 5318 enim,
913 5254 1109 5324 inquit,
1146 5261 1384 5314 adoratis
1443 5264 1586 5331 quod
1652 5267 1873 5321 nescitis
1917 5286 1929 5321 :
1969 5286 2067 5326 nos

489 5353 666 5397 autem
725 5343 919 5413 Judaei,
954 5350 1097 5418 quod
1122 5351 1342 5408 scimus.
1383 5372 1400 5405 ›
1461 5355 1629 5413 Porro
1673 5360 1911 5430 seipsum
1969 5361 2064 5417 Ju-

557 5485 575 5512 ¹
609 5481 742 5536 Gen.
770 5500 900 5538 χχιι.

553 5622 628 5701 (ξι)
676 5621 864 5701 ,Ὄτιιή
900 5626 1145 5694 σωτηρία
1169 5629 1258 5701 -εκ
1295 5632 1403 5701 τῶν
1441 5633 1708 5689 Ἰουδαίων
1739 5637 1906 5690 ἐστίν.
1939 5639 2061 5694 ΙΙίρο

485 5687 644 5745 is:th
675 5692 760 5748 hic
791 5687 1001 5764 desunt,
1035 5687 1093 5753 ’ἐι
1132 5699 1402 5770 aliquibus
1433 5687 2060 5768 etiam

2183 4436 2356 4506 αὐτῆς
2388 4435 2634 4500 σύνεσιν,
2679 4435 2840 4488 τοῦτο
2875 4435 2976 4506 μὲν
3001 4435 3062 4488 τὸ
3088 4435 3352 4506 ἀπόρημα
3379 4435 3558 4504 αὐτῆς
3587 4438 3655 4490 οὐ
3676 4437 3791 4491 λύει

2181 4530 2261 4601 (οὐ
2294 4531 2402 4599 γὰρ
2434 4526 2501 4601 ἦν
2535 4529 3050 4600 περισπούδαστον),
3077 4528 3209 4584 ἄλλο
3263 4529 3320 4582 δὲ
3351 4529 3544 4599 μεῖζον
3591 4531 3789 4600 -δόγμα

2177 4622 2580 4688 ἀποκαλύπτει,
2616 4625 2754 4694 ὅπερ
2784 4623 2905 4678 οὐδὲ
2937 4622 3260 4693 Νικοδήμῳ,
3291 4620 3416 4675 οὐδὲ
3473 4623 3787 4694 Ναθαναὴλ

2178 4715 2556 4785 ἀπεκάλυψεν.
2598 4718 2862 4786 Ἔρχεται
2887 4716 3019 4787 γὰρ,
3054 4716 3242 4786 φησὶν,
3275 4715 3531 4784 ὥρα,ὄτε
3560 4717 3698 4771 οὗτε
3732 4722 3786 4770 ὲν

2188 4808 2254 4861 Ἰε
2266 4808 2608 4878 ροσολύμοις,
2624 4808 2750 4862 οὗτε
2771 4808 3010 4863 ἐνταῦθα
3029 4809 3550 4881 προσκυνηθήσεται
3572 4813 3603 4864 ὁ
3623 4810 3784 4874 Θεός.

2173 4901 2247 4954 Σὺ
2283 4901 2384 4972 μὲν
2413 4902 2548 4972 γὰρ,
2581 4902 2737 4970 φησι,
2769 4902 3098 4967 σπουδάζεις
3140 4901 3311 4967 δεῖξαι
3345 4901 3415 4955 τὰ
3448 4903 3564 4954 τῶν
3591 4904 3782 4972 Σαμα-

2175 4995 2372 5066 ρειτῶν
2402 4995 2727 5066 ἐντιμότερα
2761 4994 2870 5047 τῶν
2899 4993 3050 5063 παρά
3073 4995 3186 5057 τοῖς
3217 4994 3502 5057 Ἰουδαίοις
3535 5012 3547 5024 ·
3582 4994 3706 5064 ἐγὼ
3730 4995 3784 5048 δι

2172 5088 2317 5156 λέγω
2345 5104 2448 5149 σοι,
2471 5088 2552 5144 ὅτι
2584 5085 2708 5139 οὔτε
2741 5087 2937 5151 ταῦτα,
2969 5085 3093 5139 οὕτε
3114 5087 3296 5139 ἐκεῖνα
3323 5086 3511 5156 ἔχουσι
3542 5088 3608 5148 τὸ
3647 5105 3782 5157 πρε.

2179 5179 2384 5245 σὸεἰον,
2415 5180 2532 5232 ἀλλ’
2563 5181 2724 5251 ἑτέρα
2749 5197 2830 5242 τις
2861 5181 3016 5232 ἔσται
3042 5181 3402 5242 κατάστασις,
3435 5181 3780 5250 ἀμφοτέρων

2169 5275 2430 5345 ἀμείνων.
2461 5275 2604 5346 Πλὴν
2637 5277 2732 5329 καὶ
2758 5274 2901 5328 οὕτω
2929 5274 3055 5339 τοὺς
3087 5275 3381 5338 Ἰουδαίους
3405 5292 3462 5327 σε
3474 5276 3777 5346 μνοτέρους

2161 5366 2275 5420 τῶν
2296 5367 2655 5438 Σαμαρειτῶν
2690 5369 2842 5439 ὑμῶν
2874 5369 3179 5438 ἀποφαίνω.
3225 5369 3418 5440 Ὑμεῖς
3445 5370 3580 5442 γὰρ,
3613 5389 3693 5441 φη
3709 5369 3774 5432 ςὶ,

2171 5643 2269 5723 [ius
2302 5643 2446 5723 apud
2489 5644 2748 5713 Millium;
2791 5665 2908 5720 qua:
2949 5658 3132 5706 tamen
3180 5649 3323 5706 infra
3362 5664 3764 5723 exponuntur;

2170 5715 2596 5786 'l‘beophylacto.
