  <div class='ocr_page' id='page_1' title='image "/cluster/home/n/w/nwhite01/storage/ocr_20150623/123/ien.35556001659978/624.png"; bbox 0 0 3936 6416; ppageno 0'>
   <div class='ocr_carea' id='block_1_1' title="bbox 185 261 310 332">
    <p class='ocr_par' dir='ltr' id='par_1_1' title="bbox 185 261 310 332">
     <span class='ocr_line' id='line_1_1' title="bbox 185 261 310 332; baseline -0.016 0"><span class='ocrx_word' id='word_1_1' title='bbox 185 261 310 332; x_wconf 71' lang='lat'><strong>1237</strong></span> 
     </span>
    </p>
   </div>
   <div class='ocr_carea' id='block_1_2' title="bbox 178 375 529 448">
    <p class='ocr_par' dir='ltr' id='par_1_2' title="bbox 178 375 529 448">
     <span class='ocr_line' id='line_1_2' title="bbox 178 375 529 448; baseline -0.014 -17"><span class='ocrx_word' id='word_1_2' title='bbox 178 375 529 448; x_wconf 72' lang='grc' dir='ltr'>προσκυνεῖτε</span> 
     </span>
    </p>
   </div>
   <div class='ocr_carea' id='block_1_3' title="bbox 174 458 1770 540">
    <p class='ocr_par' dir='ltr' id='par_1_3' title="bbox 174 458 1770 540">
     <span class='ocr_line' id='line_1_3' title="bbox 174 458 1770 540; baseline -0.006 -17"><span class='ocrx_word' id='word_1_3' title='bbox 174 469 411 540; x_wconf 76' lang='grc' dir='ltr'>οἴδαμεν.</span> <span class='ocrx_word' id='word_1_4' title='bbox 450 465 680 520; x_wconf 81' lang='grc' dir='ltr'>Ἑαυτὸν</span> <span class='ocrx_word' id='word_1_5' title='bbox 734 464 792 518; x_wconf 80' lang='grc' dir='ltr'>δὲ</span> <span class='ocrx_word' id='word_1_6' title='bbox 826 466 967 535; x_wconf 84' lang='grc' dir='ltr'>μετὰ</span> <span class='ocrx_word' id='word_1_7' title='bbox 1021 464 1130 519; x_wconf 82' lang='grc' dir='ltr'>τῶν</span> <span class='ocrx_word' id='word_1_8' title='bbox 1195 458 1469 518; x_wconf 85' lang='grc' dir='ltr'>Ἰουδαίων</span> <span class='ocrx_word' id='word_1_9' title='bbox 1519 460 1770 535; x_wconf 77' lang='grc' dir='ltr'>ἀριθμεῖ,</span> 
     </span>
    </p>
   </div>
   <div class='ocr_carea' id='block_1_4' title="bbox 174 553 1770 632">
    <p class='ocr_par' dir='ltr' id='par_1_4' title="bbox 174 553 1770 632">
     <span class='ocr_line' id='line_1_4' title="bbox 174 553 1770 632; baseline -0.006 -16"><span class='ocrx_word' id='word_1_10' title='bbox 174 563 200 616; x_wconf 90' lang='grc' dir='ltr'><strong>δ</strong></span> <span class='ocrx_word' id='word_1_11' title='bbox 223 563 300 616; x_wconf 83' lang='grc' dir='ltr'>ὁτι</span> <span class='ocrx_word' id='word_1_12' title='bbox 331 566 468 632; x_wconf 83' lang='grc' dir='ltr'>πρὸς</span> <span class='ocrx_word' id='word_1_13' title='bbox 501 559 601 630; x_wconf 81' lang='grc' dir='ltr'>τὴν</span> <span class='ocrx_word' id='word_1_14' title='bbox 631 558 890 614; x_wconf 81' lang='grc' dir='ltr'><strong>ὑπόνοιαν</strong></span> <span class='ocrx_word' id='word_1_15' title='bbox 918 557 1026 628; x_wconf 85' lang='grc' dir='ltr'>τῆς</span> <span class='ocrx_word' id='word_1_16' title='bbox 1047 558 1308 627; x_wconf 83' lang='grc' dir='ltr'>γυναικὸς</span> <span class='ocrx_word' id='word_1_17' title='bbox 1330 554 1658 625; x_wconf 74' lang='grc' dir='ltr'><strong>φθέγγεται⁸</strong></span> <span class='ocrx_word' id='word_1_18' title='bbox 1691 553 1770 617; x_wconf 84' lang='grc' dir='ltr'>ὡς</span> 
     </span>
    </p>
   </div>
   <div class='ocr_carea' id='block_1_5' title="bbox 177 646 1774 724">
    <p class='ocr_par' dir='ltr' id='par_1_5' title="bbox 177 646 1774 724">
     <span class='ocr_line' id='line_1_5' title="bbox 177 646 1774 724; baseline -0.005 -17"><span class='ocrx_word' id='word_1_19' title='bbox 177 655 458 724; x_wconf 72' lang='grc' dir='ltr'>προφήτην</span> <span class='ocrx_word' id='word_1_20' title='bbox 498 651 610 721; x_wconf 72' lang='grc' dir='ltr'>γὰρ</span> <span class='ocrx_word' id='word_1_21' title='bbox 637 650 895 704; x_wconf 74' lang='grc' dir='ltr'><strong>Ἰουδαῖον</strong></span> <span class='ocrx_word' id='word_1_22' title='bbox 937 649 1104 704; x_wconf 86' lang='grc' dir='ltr'>αὑτὸν</span> <span class='ocrx_word' id='word_1_23' title='bbox 1139 649 1359 702; x_wconf 77' lang='grc' dir='ltr'><strong>ὑπενόει</strong></span> <span class='ocrx_word' id='word_1_24' title='bbox 1401 647 1616 718; x_wconf 73' lang='grc' dir='ltr'>ἐκείνη,</span> <span class='ocrx_word' id='word_1_25' title='bbox 1673 646 1774 700; x_wconf 80' lang='grc' dir='ltr'>καὶ</span> 
     </span>
    </p>
   </div>
   <div class='ocr_carea' id='block_1_6' title="bbox 174 739 1773 815">
    <p class='ocr_par' dir='ltr' id='par_1_6' title="bbox 174 739 1773 815">
     <span class='ocr_line' id='line_1_6' title="bbox 174 739 1773 815; baseline -0.004 -16"><span class='ocrx_word' id='word_1_26' title='bbox 174 748 258 800; x_wconf 81' lang='grc' dir='ltr'>διὰ</span> <span class='ocrx_word' id='word_1_27' title='bbox 282 746 438 799; x_wconf 85' lang='grc' dir='ltr'>τοῦτό</span> <span class='ocrx_word' id='word_1_28' title='bbox 470 759 608 814; x_wconf 85' lang='grc' dir='ltr'>φησι</span> <span class='ocrx_word' id='word_1_29' title='bbox 644 760 658 773; x_wconf 81' lang='lat'><strong><em>°</em></strong></span> <span class='ocrx_word' id='word_1_30' title='bbox 697 761 716 795; x_wconf 71' lang='grc' dir='ltr'><strong>ι</strong></span> <span class='ocrx_word' id='word_1_31' title='bbox 768 743 962 814; x_wconf 82' lang='grc' dir='ltr'>Ἡμεῖς</span> <span class='ocrx_word' id='word_1_32' title='bbox 995 741 1445 815; x_wconf 83' lang='grc' dir='ltr'>προσκυνοῦμεν.</span> <span class='ocrx_word' id='word_1_33' title='bbox 1491 760 1512 794; x_wconf 74' lang='grc' dir='ltr'><strong>ι</strong></span> <span class='ocrx_word' id='word_1_34' title='bbox 1550 739 1678 804; x_wconf 85' lang='grc' dir='ltr'><strong>Πῶς</strong></span> <span class='ocrx_word' id='word_1_35' title='bbox 1715 739 1773 793; x_wconf 80' lang='grc' dir='ltr'><strong>δὲ</strong></span> 
     </span>
    </p>
   </div>
   <div class='ocr_carea' id='block_1_7' title="bbox 173 833 1774 908">
    <p class='ocr_par' dir='ltr' id='par_1_7' title="bbox 173 833 1774 908">
     <span class='ocr_line' id='line_1_7' title="bbox 173 833 1774 908; baseline -0.003 -17"><span class='ocrx_word' id='word_1_36' title='bbox 173 841 268 891; x_wconf 61' lang='grc' dir='ltr'>οὔκ</span> <span class='ocrx_word' id='word_1_37' title='bbox 319 838 542 908; x_wconf 76' lang='grc' dir='ltr'>ᾔδεισαν</span> <span class='ocrx_word' id='word_1_38' title='bbox 574 838 623 891; x_wconf 72' lang='lat' dir='ltr'><strong>oi</strong></span> <span class='ocrx_word' id='word_1_39' title='bbox 682 835 1029 908; x_wconf 75' lang='grc' dir='ltr'><strong>Σαμαρεῖται</strong></span> <span class='ocrx_word' id='word_1_40' title='bbox 1083 835 1111 889; x_wconf 88' lang='lat'><strong>6</strong></span> <span class='ocrx_word' id='word_1_41' title='bbox 1151 835 1567 906; x_wconf 88' lang='grc' dir='ltr'>προσεκύνουν;</span> <span class='ocrx_word' id='word_1_42' title='bbox 1602 833 1774 903; x_wconf 85' lang='grc' dir='ltr'>Τόπῳ</span> 
     </span>
    </p>
   </div>
   <div class='ocr_carea' id='block_1_8' title="bbox 174 922 1773 1001">
    <p class='ocr_par' dir='ltr' id='par_1_8' title="bbox 174 922 1773 1001">
     <span class='ocr_line' id='line_1_8' title="bbox 174 922 1773 1001; baseline -0.003 -21"><span class='ocrx_word' id='word_1_43' title='bbox 174 925 579 997; x_wconf 81' lang='grc' dir='ltr'>περικλείεσθαι</span> <span class='ocrx_word' id='word_1_44' title='bbox 611 925 862 994; x_wconf 77' lang='grc' dir='ltr'>ἐνόμιζον</span> <span class='ocrx_word' id='word_1_45' title='bbox 899 925 996 1001; x_wconf 80' lang='grc' dir='ltr'><strong>τὸν</strong></span> <span class='ocrx_word' id='word_1_46' title='bbox 1053 923 1214 978; x_wconf 85' lang='grc' dir='ltr'>Θεόν.</span> <span class='ocrx_word' id='word_1_47' title='bbox 1256 923 1348 977; x_wconf 89' lang='grc' dir='ltr'>Διὸ</span> <span class='ocrx_word' id='word_1_48' title='bbox 1377 923 1472 978; x_wconf 66' lang='grc' dir='ltr'><strong>καλ⁴</strong></span> <span class='ocrx_word' id='word_1_49' title='bbox 1516 922 1773 993; x_wconf 76' lang='grc' dir='ltr'>πέμψαν·-</span> 
     </span>
    </p>
   </div>
   <div class='ocr_carea' id='block_1_9' title="bbox 173 1015 1775 1088">
    <p class='ocr_par' dir='ltr' id='par_1_9' title="bbox 173 1015 1775 1088">
     <span class='ocr_line' id='line_1_9' title="bbox 173 1015 1775 1088; baseline -0.001 -16"><span class='ocrx_word' id='word_1_50' title='bbox 173 1036 277 1084; x_wconf 81' lang='grc' dir='ltr'>τες,</span> <span class='ocrx_word' id='word_1_51' title='bbox 319 1020 407 1073; x_wconf 84' lang='grc' dir='ltr'>ὅτε</span> <span class='ocrx_word' id='word_1_52' title='bbox 445 1019 552 1073; x_wconf 83' lang='grc' dir='ltr'><strong>ὑπὸ</strong></span> <span class='ocrx_word' id='word_1_53' title='bbox 573 1019 681 1074; x_wconf 79' lang='grc' dir='ltr'>τῶν</span> <span class='ocrx_word' id='word_1_54' title='bbox 713 1018 946 1072; x_wconf 86' lang='grc' dir='ltr'><strong>λεόντων</strong></span> <span class='ocrx_word' id='word_1_55' title='bbox 987 1015 1524 1088; x_wconf 72' lang='grc' dir='ltr'>κατεϐισρώσκοντο,</span> <span class='ocrx_word' id='word_1_56' title='bbox 1553 1017 1630 1080; x_wconf 88' lang='grc' dir='ltr'>ὼς</span> <span class='ocrx_word' id='word_1_57' title='bbox 1661 1016 1775 1070; x_wconf 76' lang='grc' dir='ltr'>ἄνω</span> 
     </span>
    </p>
   </div>
   <div class='ocr_carea' id='block_1_10' title="bbox 173 1111 1774 1184">
    <p class='ocr_par' dir='ltr' id='par_1_10' title="bbox 173 1111 1774 1184">
     <span class='ocr_line' id='line_1_10' title="bbox 173 1111 1774 1184; baseline -0.001 -18"><span class='ocrx_word' id='word_1_58' title='bbox 173 1114 410 1184; x_wconf 76' lang='grc' dir='ltr'>εἴρηται,</span> <span class='ocrx_word' id='word_1_59' title='bbox 447 1112 797 1184; x_wconf 83' lang='grc' dir='ltr'>ἀπήγγειλαν</span> <span class='ocrx_word' id='word_1_60' title='bbox 831 1113 909 1182; x_wconf 85' lang='grc' dir='ltr'>τῷ</span> <span class='ocrx_word' id='word_1_61' title='bbox 942 1111 1158 1182; x_wconf 82' lang='grc' dir='ltr'>βασιλεῖ</span> <span class='ocrx_word' id='word_1_62' title='bbox 1189 1111 1301 1166; x_wconf 83' lang='grc' dir='ltr'><strong>τῶν</strong></span> <span class='ocrx_word' id='word_1_63' title='bbox 1325 1111 1658 1182; x_wconf 70' lang='grc' dir='ltr'>’Ᾱσσυρίων,</span> <span class='ocrx_word' id='word_1_64' title='bbox 1691 1111 1774 1164; x_wconf 80' lang='grc' dir='ltr'><strong>ὅτι</strong></span> 
     </span>
    </p>
   </div>
   <div class='ocr_carea' id='block_1_11' title="bbox 171 1202 1776 1275">
    <p class='ocr_par' dir='ltr' id='par_1_11' title="bbox 171 1202 1776 1275">
     <span class='ocr_line' id='line_1_11' title="bbox 171 1202 1776 1275; baseline -0.002 -16"><span class='ocrx_word' id='word_1_65' title='bbox 171 1208 199 1259; x_wconf 90' lang='lat'><strong>6</strong></span> <span class='ocrx_word' id='word_1_66' title='bbox 221 1205 309 1258; x_wconf 81' lang='grc' dir='ltr'><strong>τοῦ</strong></span> <span class='ocrx_word' id='word_1_67' title='bbox 344 1205 512 1259; x_wconf 83' lang='grc' dir='ltr'>τόπου</span> <span class='ocrx_word' id='word_1_68' title='bbox 536 1204 669 1269; x_wconf 83' lang='grc' dir='ltr'><strong>Θεὸς</strong></span> <span class='ocrx_word' id='word_1_69' title='bbox 703 1203 902 1267; x_wconf 75' lang='grc' dir='ltr'>αὐτοὺς</span> <span class='ocrx_word' id='word_1_70' title='bbox 937 1205 1000 1256; x_wconf 88' lang='grc' dir='ltr'><strong>οὐ</strong></span> <span class='ocrx_word' id='word_1_71' title='bbox 1037 1203 1434 1275; x_wconf 78' lang='grc' dir='ltr'><strong>παραδέχεται.</strong></span> <span class='ocrx_word' id='word_1_72' title='bbox 1473 1202 1670 1256; x_wconf 85' lang='grc' dir='ltr'>Ἔνθεν</span> <span class='ocrx_word' id='word_1_73' title='bbox 1691 1219 1776 1255; x_wconf 90' lang='grc' dir='ltr'><strong>τοι</strong></span> 
     </span>
    </p>
   </div>
   <div class='ocr_carea' id='block_1_12' title="bbox 173 1295 1775 1369">
    <p class='ocr_par' dir='ltr' id='par_1_12' title="bbox 173 1295 1775 1369">
     <span class='ocr_line' id='line_1_12' title="bbox 173 1295 1775 1369; baseline -0.001 -18"><span class='ocrx_word' id='word_1_74' title='bbox 173 1297 264 1351; x_wconf 67' lang='grc' dir='ltr'><strong>καὶ</strong></span> <span class='ocrx_word' id='word_1_75' title='bbox 289 1295 512 1366; x_wconf 80' lang='grc' dir='ltr'>ἔμειναν</span> <span class='ocrx_word' id='word_1_76' title='bbox 547 1296 675 1367; x_wconf 79' lang='grc' dir='ltr'>ἄχρι</span> <span class='ocrx_word' id='word_1_77' title='bbox 727 1296 927 1350; x_wconf 85' lang='grc' dir='ltr'>πολλοῦ</span> <span class='ocrx_word' id='word_1_78' title='bbox 961 1297 1056 1350; x_wconf 67' lang='grc' dir='ltr'><strong>καὶ</strong></span> <span class='ocrx_word' id='word_1_79' title='bbox 1090 1298 1291 1352; x_wconf 76' lang='grc' dir='ltr'>εἴδωλα</span> <span class='ocrx_word' id='word_1_80' title='bbox 1343 1297 1775 1369; x_wconf 85' lang='grc' dir='ltr'>θεραπεύοντες,</span> 
     </span>
    </p>
   </div>
   <div class='ocr_carea' id='block_1_13' title="bbox 173 1381 1777 1458">
    <p class='ocr_par' dir='ltr' id='par_1_13' title="bbox 173 1381 1777 1458">
     <span class='ocr_line' id='line_1_13' title="bbox 173 1381 1777 1458; baseline 0.001 -20"><span class='ocrx_word' id='word_1_81' title='bbox 173 1389 262 1441; x_wconf 75' lang='grc' dir='ltr'>καὶ</span> <span class='ocrx_word' id='word_1_82' title='bbox 288 1387 388 1441; x_wconf 75' lang='grc' dir='ltr'><strong>οὐκ</strong></span> <span class='ocrx_word' id='word_1_83' title='bbox 418 1387 582 1441; x_wconf 81' lang='grc' dir='ltr'>αὑτὸν</span> <span class='ocrx_word' id='word_1_84' title='bbox 607 1386 663 1440; x_wconf 87' lang='grc' dir='ltr'>δὲ</span> <span class='ocrx_word' id='word_1_85' title='bbox 696 1388 788 1440; x_wconf 86' lang='grc' dir='ltr'><strong>τὸν</strong></span> <span class='ocrx_word' id='word_1_86' title='bbox 816 1387 971 1443; x_wconf 85' lang='grc' dir='ltr'>Θεόν.</span> <span class='ocrx_word' id='word_1_87' title='bbox 1011 1388 1258 1442; x_wconf 82' lang='grc' dir='ltr'>Ἰουδαῖοι</span> <span class='ocrx_word' id='word_1_88' title='bbox 1285 1387 1343 1441; x_wconf 87' lang='grc' dir='ltr'>δὲ</span> <span class='ocrx_word' id='word_1_89' title='bbox 1395 1386 1603 1458; x_wconf 77' lang='grc' dir='ltr'><strong>ταύτης</strong></span> <span class='ocrx_word' id='word_1_90' title='bbox 1633 1381 1777 1457; x_wconf 78' lang='grc' dir='ltr'>ἦσαν</span> 
     </span>
    </p>
   </div>
   <div class='ocr_carea' id='block_1_14' title="bbox 172 1479 1775 1552">
    <p class='ocr_par' dir='ltr' id='par_1_14' title="bbox 172 1479 1775 1552">
     <span class='ocr_line' id='line_1_14' title="bbox 172 1479 1775 1552; baseline 0 -18"><span class='ocrx_word' id='word_1_91' title='bbox 172 1481 582 1552; x_wconf 75' lang='grc' dir='ltr'>ἀπηλλαγμένοι</span> <span class='ocrx_word' id='word_1_92' title='bbox 622 1482 722 1552; x_wconf 85' lang='grc' dir='ltr'>τῆς</span> <span class='ocrx_word' id='word_1_93' title='bbox 754 1481 1036 1546; x_wconf 79' lang='grc' dir='ltr'>ὑπονοίας,</span> <span class='ocrx_word' id='word_1_94' title='bbox 1073 1479 1170 1534; x_wconf 78' lang='grc' dir='ltr'>καὶ</span> <span class='ocrx_word' id='word_1_95' title='bbox 1203 1480 1340 1534; x_wconf 84' lang='grc' dir='ltr'>Θεὸν</span> <span class='ocrx_word' id='word_1_96' title='bbox 1372 1479 1484 1534; x_wconf 85' lang='grc' dir='ltr'>τῶν</span> <span class='ocrx_word' id='word_1_97' title='bbox 1513 1480 1775 1535; x_wconf 83' lang='grc' dir='ltr'>ἁπάντων</span> 
     </span>
    </p>
   </div>
   <div class='ocr_carea' id='block_1_15' title="bbox 172 1573 1772 1646">
    <p class='ocr_par' dir='ltr' id='par_1_15' title="bbox 172 1573 1772 1646">
     <span class='ocr_line' id='line_1_15' title="bbox 172 1573 1772 1646; baseline -0.001 -18"><span class='ocrx_word' id='word_1_98' title='bbox 172 1576 329 1628; x_wconf 81' lang='grc' dir='ltr'>αὐτὸν</span> <span class='ocrx_word' id='word_1_99' title='bbox 373 1576 619 1646; x_wconf 66' lang='grc' dir='ltr'>ᾔδεισαν,</span> <span class='ocrx_word' id='word_1_100' title='bbox 663 1577 826 1629; x_wconf 74' lang='grc' dir='ltr'>είκαὶ</span> <span class='ocrx_word' id='word_1_101' title='bbox 867 1574 945 1646; x_wconf 82' lang='grc' dir='ltr'>μὴ</span> <span class='ocrx_word' id='word_1_102' title='bbox 988 1575 1211 1639; x_wconf 80' lang='grc' dir='ltr'>πάντες.</span> <span class='ocrx_word' id='word_1_103' title='bbox 1251 1592 1269 1626; x_wconf 73' lang='grc' dir='ltr'><strong>ι</strong></span> <span class='ocrx_word' id='word_1_104' title='bbox 1302 1573 1427 1628; x_wconf 88' lang='grc' dir='ltr'>Ὅτι</span> <span class='ocrx_word' id='word_1_105' title='bbox 1457 1575 1490 1643; x_wconf 83' lang='grc' dir='ltr'><strong>ἡ</strong></span> <span class='ocrx_word' id='word_1_106' title='bbox 1522 1574 1772 1644; x_wconf 81' lang='grc' dir='ltr'>σωτηρία</span> 
     </span>
    </p>
   </div>
   <div class='ocr_carea' id='block_1_16' title="bbox 171 1667 1775 1738">
    <p class='ocr_par' dir='ltr' id='par_1_16' title="bbox 171 1667 1775 1738">
     <span class='ocr_line' id='line_1_16' title="bbox 171 1667 1775 1738; baseline -0.001 -16"><span class='ocrx_word' id='word_1_107' title='bbox 171 1671 232 1722; x_wconf 78' lang='grc' dir='ltr'>ἐκ</span> <span class='ocrx_word' id='word_1_108' title='bbox 257 1667 365 1723; x_wconf 85' lang='grc' dir='ltr'><strong>τῶν</strong></span> <span class='ocrx_word' id='word_1_109' title='bbox 395 1668 670 1721; x_wconf 76' lang='grc' dir='ltr'>Ἰουδαίων</span> <span class='ocrx_word' id='word_1_110' title='bbox 696 1668 834 1722; x_wconf 76' lang='grc' dir='ltr'>ἐστί.</span> <span class='ocrx_word' id='word_1_111' title='bbox 865 1690 883 1721; x_wconf 73' lang='grc' dir='ltr'><strong>ι</strong></span> <span class='ocrx_word' id='word_1_112' title='bbox 907 1668 1116 1738; x_wconf 84' lang='grc' dir='ltr'>Διπλῆν</span> <span class='ocrx_word' id='word_1_113' title='bbox 1140 1669 1350 1722; x_wconf 76' lang='grc' dir='ltr'>ἔννοιαν</span> <span class='ocrx_word' id='word_1_114' title='bbox 1367 1669 1529 1722; x_wconf 87' lang='grc' dir='ltr'>τοῦτο</span> <span class='ocrx_word' id='word_1_115' title='bbox 1552 1667 1775 1722; x_wconf 82' lang='grc' dir='ltr'>δίδωσιν</span> 
     </span>
    </p>
   </div>
   <div class='ocr_carea' id='block_1_17' title="bbox 876 242 2846 325">
    <p class='ocr_par' dir='ltr' id='par_1_17' title="bbox 876 242 2846 325">
     <span class='ocr_line' id='line_1_17' title="bbox 876 242 2846 325; baseline -0.01 0"><span class='ocrx_word' id='word_1_116' title='bbox 876 255 1329 325; x_wconf 77' lang='lat' dir='ltr'><strong>ENARBATIO</strong></span> <span class='ocrx_word' id='word_1_117' title='bbox 1355 254 1448 324; x_wconf 75' lang='lat' dir='ltr'><strong>&#39;l&#39;N</strong></span> <span class='ocrx_word' id='word_1_118' title='bbox 1486 252 2003 320; x_wconf 78' lang='lat' dir='ltr'><strong>EVANGELIUM</strong></span> <span class='ocrx_word' id='word_1_119' title='bbox 2043 249 2396 317; x_wconf 80' lang='lat' dir='ltr'><strong>JOANNIS.</strong></span> <span class='ocrx_word' id='word_1_120' title='bbox 2439 274 2512 285; x_wconf 93' lang='lat'><strong>—</strong></span> <span class='ocrx_word' id='word_1_121' title='bbox 2542 247 2703 310; x_wconf 83' lang='lat' dir='ltr'><strong>CAP.</strong></span> <span class='ocrx_word' id='word_1_122' title='bbox 2745 242 2846 307; x_wconf 84' lang='lat' dir='ltr'><strong>IV.</strong></span> 
     </span>
    </p>
   </div>
   <div class='ocr_carea' id='block_1_18' title="bbox 632 353 1775 443">
    <p class='ocr_par' dir='ltr' id='par_1_18' title="bbox 632 366 1766 443">
     <span class='ocr_line' id='line_1_18' title="bbox 632 366 1766 443; baseline -0.005 -17"><span class='ocrx_word' id='word_1_123' title='bbox 632 373 735 427; x_wconf 83' lang='grc' dir='ltr'><strong>οὐκ</strong></span> <span class='ocrx_word' id='word_1_124' title='bbox 795 371 975 426; x_wconf 73' lang='grc' dir='ltr'>οἴδατε</span> <span class='ocrx_word' id='word_1_125' title='bbox 1000 389 1013 402; x_wconf 89' lang='grc'><strong>·</strong></span> <span class='ocrx_word' id='word_1_126' title='bbox 1043 373 1207 443; x_wconf 75' lang='grc' dir='ltr'>ἡμεῖς</span> <span class='ocrx_word' id='word_1_127' title='bbox 1234 369 1292 424; x_wconf 71' lang='grc' dir='ltr'>δὲ</span> <span class='ocrx_word' id='word_1_128' title='bbox 1315 370 1367 424; x_wconf 75' lang='grc' dir='ltr'>οἱ</span> <span class='ocrx_word' id='word_1_129' title='bbox 1420 368 1692 433; x_wconf 82' lang='grc' dir='ltr'>Ἰουδαῖοι,</span> <span class='ocrx_word' id='word_1_130' title='bbox 1736 366 1766 420; x_wconf 83' lang='lat'><strong>6</strong></span> 
     </span>
    </p>
   </div>
   <div class='ocr_carea' id='block_1_19' title="bbox 1884 353 3489 443">
    <p class='ocr_par' dir='ltr' id='par_1_19' title="bbox 1884 353 3489 430">
     <span class='ocr_line' id='line_1_19' title="bbox 1884 353 3489 430; baseline -0.007 -10"><span class='ocrx_word' id='word_1_131' title='bbox 1884 365 2001 420; x_wconf 74' lang='lat' dir='ltr'><strong>lzeis</strong></span> <span class='ocrx_word' id='word_1_132' title='bbox 2054 370 2418 425; x_wconf 87' lang='lat' dir='ltr'><strong>annumerat,</strong></span> <span class='ocrx_word' id='word_1_133' title='bbox 2473 374 2540 415; x_wconf 89' lang='lat' dir='ltr'><strong>eo</strong></span> <span class='ocrx_word' id='word_1_134' title='bbox 2585 358 2735 430; x_wconf 89' lang='lat' dir='ltr'><strong>quod</strong></span> <span class='ocrx_word' id='word_1_135' title='bbox 2782 357 2936 427; x_wconf 81' lang='lat' dir='ltr'><strong>juxta</strong></span> <span class='ocrx_word' id='word_1_136' title='bbox 2990 353 3306 423; x_wconf 80' lang='lat' dir='ltr'><strong>opinionem</strong></span> <span class='ocrx_word' id='word_1_137' title='bbox 3369 370 3489 409; x_wconf 89' lang='lat' dir='ltr'><strong>mn-</strong></span> 
     </span>
    </p>
   </div>
   <div class='ocr_carea' id='block_1_20' title="bbox 3347 233 3490 306">
    <p class='ocr_par' dir='ltr' id='par_1_20' title="bbox 3347 233 3490 306">
     <span class='ocr_line' id='line_1_20' title="bbox 3347 233 3490 306; baseline -0.014 -2"><span class='ocrx_word' id='word_1_138' title='bbox 3347 233 3490 306; x_wconf 56' lang='lat'><strong>12%</strong></span> 
     </span>
    </p>
   </div>
   <div class='ocr_carea' id='block_1_21' title="bbox 1879 443 3489 527">
    <p class='ocr_par' dir='ltr' id='par_1_21' title="bbox 1879 443 3489 527">
     <span class='ocr_line' id='line_1_21' title="bbox 1879 443 3489 527; baseline -0.007 -14"><span class='ocrx_word' id='word_1_139' title='bbox 1879 458 2030 513; x_wconf 89' lang='lat' dir='ltr'><strong>licris</strong></span> <span class='ocrx_word' id='word_1_140' title='bbox 2075 457 2346 527; x_wconf 63' lang='lat' dir='ltr'><strong>loquitur.</strong></span> <span class='ocrx_word' id='word_1_141' title='bbox 2397 451 2493 508; x_wconf 87' lang='lat' dir='ltr'><strong>llla</strong></span> <span class='ocrx_word' id='word_1_142' title='bbox 2563 443 2714 507; x_wconf 83' lang='lat' dir='ltr'><strong>enim</strong></span> <span class='ocrx_word' id='word_1_143' title='bbox 2759 448 3144 519; x_wconf 83' lang='lat' dir='ltr'><strong>suspicabatur</strong></span> <span class='ocrx_word' id='word_1_144' title='bbox 3201 445 3489 502; x_wconf 83' lang='lat' dir='ltr'><strong>Judaicum</strong></span> 
     </span>
    </p>
   </div>
   <div class='ocr_carea' id='block_1_22' title="bbox 1880 537 3492 622">
    <p class='ocr_par' dir='ltr' id='par_1_22' title="bbox 1880 537 3492 622">
     <span class='ocr_line' id='line_1_22' title="bbox 1880 537 3492 622; baseline -0.011 -16"><span class='ocrx_word' id='word_1_145' title='bbox 1880 551 2200 622; x_wconf 78' lang='lat' dir='ltr'><strong>prophetam</strong></span> <span class='ocrx_word' id='word_1_146' title='bbox 2247 560 2394 612; x_wconf 86' lang='lat' dir='ltr'><strong>esse,</strong></span> <span class='ocrx_word' id='word_1_147' title='bbox 2422 554 2479 602; x_wconf 90' lang='lat' dir='ltr'><strong>et</strong></span> <span class='ocrx_word' id='word_1_148' title='bbox 2528 553 2817 614; x_wconf 85' lang='lat' dir='ltr'><strong>propterea</strong></span> <span class='ocrx_word' id='word_1_149' title='bbox 2857 540 3037 596; x_wconf 89' lang='lat' dir='ltr'><strong>dicit:</strong></span> <span class='ocrx_word' id='word_1_150' title='bbox 3079 556 3098 590; x_wconf 77' lang='grc' dir='ltr'><strong>ι</strong></span> <span class='ocrx_word' id='word_1_151' title='bbox 3135 537 3248 593; x_wconf 84' lang='lat' dir='ltr'><strong>Nos</strong></span> <span class='ocrx_word' id='word_1_152' title='bbox 3294 539 3492 591; x_wconf 77' lang='lat' dir='ltr'><strong>adora-</strong></span> 
     </span>
    </p>
   </div>
   <div class='ocr_carea' id='block_1_23' title="bbox 1880 628 3491 708">
    <p class='ocr_par' dir='ltr' id='par_1_23' title="bbox 1880 628 3491 708">
     <span class='ocr_line' id='line_1_23' title="bbox 1880 628 3491 708; baseline -0.011 -9"><span class='ocrx_word' id='word_1_153' title='bbox 1880 657 2024 699; x_wconf 86' lang='lat' dir='ltr'><strong>mus.</strong></span> <span class='ocrx_word' id='word_1_154' title='bbox 2067 661 2088 696; x_wconf 74' lang='grc' dir='ltr'><strong>ι</strong></span> <span class='ocrx_word' id='word_1_155' title='bbox 2148 639 2436 708; x_wconf 86' lang='lat' dir='ltr'><strong>Quomodo</strong></span> <span class='ocrx_word' id='word_1_156' title='bbox 2498 647 2686 692; x_wconf 86' lang='lat' dir='ltr'><strong>autem</strong></span> <span class='ocrx_word' id='word_1_157' title='bbox 2745 635 3103 690; x_wconf 78' lang='lat' dir='ltr'><strong>nesciverunt</strong></span> <span class='ocrx_word' id='word_1_158' title='bbox 3150 628 3491 686; x_wconf 88' lang='lat' dir='ltr'><strong>Samaritani</strong></span> 
     </span>
    </p>
   </div>
   <div class='ocr_carea' id='block_1_24' title="bbox 1877 723 3488 805">
    <p class='ocr_par' dir='ltr' id='par_1_24' title="bbox 1877 723 3488 805">
     <span class='ocr_line' id='line_1_24' title="bbox 1877 723 3488 805; baseline -0.009 -17"><span class='ocrx_word' id='word_1_159' title='bbox 1877 737 2022 805; x_wconf 90' lang='lat' dir='ltr'><strong>quod</strong></span> <span class='ocrx_word' id='word_1_160' title='bbox 2063 727 2582 790; x_wconf 86' lang='lat' dir='ltr'><strong>adorarunt?Loco</strong></span> <span class='ocrx_word' id='word_1_161' title='bbox 2641 728 2911 799; x_wconf 89' lang='lat' dir='ltr'><strong>putabant</strong></span> <span class='ocrx_word' id='word_1_162' title='bbox 2961 724 3216 782; x_wconf 91' lang='lat' dir='ltr'><strong>concludi</strong></span> <span class='ocrx_word' id='word_1_163' title='bbox 3264 723 3436 778; x_wconf 90' lang='lat' dir='ltr'><strong>Deum</strong></span> <span class='ocrx_word' id='word_1_164' title='bbox 3475 741 3488 773; x_wconf 89' lang='lat'>:</span> 
     </span>
    </p>
   </div>
   <div class='ocr_carea' id='block_1_25' title="bbox 1875 817 3492 894">
    <p class='ocr_par' dir='ltr' id='par_1_25' title="bbox 1875 817 3492 894">
     <span class='ocr_line' id='line_1_25' title="bbox 1875 817 3492 894; baseline -0.01 -10"><span class='ocrx_word' id='word_1_165' title='bbox 1875 829 2001 884; x_wconf 87' lang='lat' dir='ltr'><strong>ideo</strong></span> <span class='ocrx_word' id='word_1_166' title='bbox 2024 839 2079 884; x_wconf 90' lang='lat' dir='ltr'><strong>et</strong></span> <span class='ocrx_word' id='word_1_167' title='bbox 2116 843 2239 883; x_wconf 89' lang='lat' dir='ltr'><strong>cum</strong></span> <span class='ocrx_word' id='word_1_168' title='bbox 2270 827 2576 890; x_wconf 86' lang='lat' dir='ltr'><strong>misissent,</strong></span> <span class='ocrx_word' id='word_1_169' title='bbox 2613 823 2839 894; x_wconf 81' lang='lat' dir='ltr'><strong>quando</strong></span> <span class='ocrx_word' id='word_1_170' title='bbox 2865 837 2897 876; x_wconf 94' lang='lat' dir='ltr'><strong>a</strong></span> <span class='ocrx_word' id='word_1_171' title='bbox 2951 818 3208 875; x_wconf 86' lang='lat' dir='ltr'><strong>leonibus</strong></span> <span class='ocrx_word' id='word_1_172' title='bbox 3258 817 3492 875; x_wconf 84' lang='lat' dir='ltr'><strong>devora-</strong></span> 
     </span>
    </p>
   </div>
   <div class='ocr_carea' id='block_1_26' title="bbox 1877 911 3495 992">
    <p class='ocr_par' dir='ltr' id='par_1_26' title="bbox 1877 911 3495 992">
     <span class='ocr_line' id='line_1_26' title="bbox 1877 911 3495 992; baseline -0.008 -14"><span class='ocrx_word' id='word_1_173' title='bbox 1877 924 2101 989; x_wconf 90' lang='lat' dir='ltr'><strong>bantur,</strong></span> <span class='ocrx_word' id='word_1_174' title='bbox 2137 931 2196 977; x_wconf 92' lang='lat' dir='ltr'><strong>ut</strong></span> <span class='ocrx_word' id='word_1_175' title='bbox 2217 935 2384 992; x_wconf 86' lang='lat' dir='ltr'><strong>supra</strong></span> <span class='ocrx_word' id='word_1_176' title='bbox 2417 920 2622 975; x_wconf 89' lang='lat' dir='ltr'><strong>dictum</strong></span> <span class='ocrx_word' id='word_1_177' title='bbox 2654 915 2816 990; x_wconf 81' lang='lat'><strong>557</strong></span> <span class='ocrx_word' id='word_1_178' title='bbox 2847 924 2955 983; x_wconf 91' lang='lat' dir='ltr'><strong>est,</strong></span> <span class='ocrx_word' id='word_1_179' title='bbox 2987 924 3044 970; x_wconf 88' lang='lat' dir='ltr'><strong>et</strong></span> <span class='ocrx_word' id='word_1_180' title='bbox 3072 911 3495 968; x_wconf 87' lang='lat' dir='ltr'><strong>aununtiasscnt</strong></span> 
     </span>
    </p>
   </div>
   <div class='ocr_carea' id='block_1_27' title="bbox 1877 1007 3494 1089">
    <p class='ocr_par' dir='ltr' id='par_1_27' title="bbox 1877 1007 3494 1089">
     <span class='ocr_line' id='line_1_27' title="bbox 1877 1007 3494 1089; baseline -0.009 -16"><span class='ocrx_word' id='word_1_181' title='bbox 1877 1019 1992 1089; x_wconf 84' lang='lat' dir='ltr'><strong>regi</strong></span> <span class='ocrx_word' id='word_1_182' title='bbox 2031 1017 2391 1088; x_wconf 77' lang='lat' dir='ltr'><strong>Assyriorum</strong></span> <span class='ocrx_word' id='word_1_183' title='bbox 2425 1029 2484 1070; x_wconf 89' lang='lat' dir='ltr'><strong>se</strong></span> <span class='ocrx_word' id='word_1_184' title='bbox 2507 1029 2536 1068; x_wconf 92' lang='lat' dir='ltr'><strong>a</strong></span> <span class='ocrx_word' id='word_1_185' title='bbox 2571 1012 2682 1068; x_wconf 89' lang='lat' dir='ltr'><strong>Deo</strong></span> <span class='ocrx_word' id='word_1_186' title='bbox 2711 1012 2813 1067; x_wconf 91' lang='lat' dir='ltr'><strong>loci</strong></span> <span class='ocrx_word' id='word_1_187' title='bbox 2847 1026 2951 1065; x_wconf 93' lang='lat' dir='ltr'><strong>non</strong></span> <span class='ocrx_word' id='word_1_188' title='bbox 2968 1009 3170 1078; x_wconf 86' lang='lat' dir='ltr'><strong>suscipi</strong></span> <span class='ocrx_word' id='word_1_189' title='bbox 3197 1026 3210 1060; x_wconf 90' lang='lat'>:</span> <span class='ocrx_word' id='word_1_190' title='bbox 3233 1007 3304 1061; x_wconf 87' lang='lat' dir='ltr'><strong>ibi</strong></span> <span class='ocrx_word' id='word_1_191' title='bbox 3338 1020 3494 1059; x_wconf 87' lang='lat' dir='ltr'><strong>man—</strong></span> 
     </span>
    </p>
   </div>
   <div class='ocr_carea' id='block_1_28' title="bbox 1877 1101 3490 1176">
    <p class='ocr_par' dir='ltr' id='par_1_28' title="bbox 1877 1101 3490 1176">
     <span class='ocr_line' id='line_1_28' title="bbox 1877 1101 3490 1176; baseline -0.009 -10"><span class='ocrx_word' id='word_1_192' title='bbox 1877 1117 2070 1166; x_wconf 87' lang='lat' dir='ltr'><strong>serunt</strong></span> <span class='ocrx_word' id='word_1_193' title='bbox 2138 1109 2311 1164; x_wconf 93' lang='lat' dir='ltr'><strong>multo</strong></span> <span class='ocrx_word' id='word_1_194' title='bbox 2373 1117 2642 1176; x_wconf 87' lang='lat' dir='ltr'><strong>tempore,</strong></span> <span class='ocrx_word' id='word_1_195' title='bbox 2682 1113 2733 1159; x_wconf 89' lang='lat' dir='ltr'><strong>et</strong></span> <span class='ocrx_word' id='word_1_196' title='bbox 2766 1104 3053 1161; x_wconf 90' lang='lat' dir='ltr'><strong>coluerunt</strong></span> <span class='ocrx_word' id='word_1_197' title='bbox 3109 1101 3273 1165; x_wconf 86' lang='lat' dir='ltr'><strong>idola,</strong></span> <span class='ocrx_word' id='word_1_198' title='bbox 3303 1109 3490 1154; x_wconf 89' lang='lat' dir='ltr'><strong>etnon</strong></span> 
     </span>
    </p>
   </div>
   <div class='ocr_carea' id='block_1_29' title="bbox 1881 1193 3494 1276">
    <p class='ocr_par' dir='ltr' id='par_1_29' title="bbox 1881 1193 3494 1276">
     <span class='ocr_line' id='line_1_29' title="bbox 1881 1193 3494 1276; baseline -0.007 -17"><span class='ocrx_word' id='word_1_199' title='bbox 1881 1207 2065 1276; x_wconf 90' lang='lat' dir='ltr'><strong>ipsum</strong></span> <span class='ocrx_word' id='word_1_200' title='bbox 2118 1215 2338 1272; x_wconf 87' lang='lat' dir='ltr'><strong>quoque</strong></span> <span class='ocrx_word' id='word_1_201' title='bbox 2385 1215 2576 1258; x_wconf 83' lang='lat' dir='ltr'><strong>verum</strong></span> <span class='ocrx_word' id='word_1_202' title='bbox 2609 1199 2804 1255; x_wconf 85' lang='lat' dir='ltr'><strong>Deum.</strong></span> <span class='ocrx_word' id='word_1_203' title='bbox 2839 1197 3014 1254; x_wconf 59' lang='lat' dir='ltr'><strong>Judaei</strong></span> <span class='ocrx_word' id='word_1_204' title='bbox 3052 1204 3235 1252; x_wconf 91' lang='lat' dir='ltr'><strong>autem</strong></span> <span class='ocrx_word' id='word_1_205' title='bbox 3285 1195 3353 1250; x_wconf 90' lang='lat' dir='ltr'><strong>ah</strong></span> <span class='ocrx_word' id='word_1_206' title='bbox 3390 1193 3494 1248; x_wconf 89' lang='lat' dir='ltr'><strong>hoe</strong></span> 
     </span>
    </p>
   </div>
   <div class='ocr_carea' id='block_1_30' title="bbox 1880 1287 3492 1361">
    <p class='ocr_par' dir='ltr' id='par_1_30' title="bbox 1880 1287 3492 1361">
     <span class='ocr_line' id='line_1_30' title="bbox 1880 1287 3492 1361; baseline -0.008 -9"><span class='ocrx_word' id='word_1_207' title='bbox 1880 1311 2072 1352; x_wconf 89' lang='lat' dir='ltr'><strong>errore</strong></span> <span class='ocrx_word' id='word_1_208' title='bbox 2099 1296 2256 1351; x_wconf 85' lang='lat' dir='ltr'><strong>liberi</strong></span> <span class='ocrx_word' id='word_1_209' title='bbox 2291 1295 2539 1361; x_wconf 78' lang='lat' dir='ltr'><strong>fuerunt,</strong></span> <span class='ocrx_word' id='word_1_210' title='bbox 2566 1303 2624 1349; x_wconf 88' lang='lat' dir='ltr'><strong>et</strong></span> <span class='ocrx_word' id='word_1_211' title='bbox 2649 1293 2930 1350; x_wconf 87' lang='lat' dir='ltr'><strong>sciverunt</strong></span> <span class='ocrx_word' id='word_1_212' title='bbox 2962 1304 3090 1346; x_wconf 90' lang='lat' dir='ltr'><strong>esse</strong></span> <span class='ocrx_word' id='word_1_213' title='bbox 3126 1303 3293 1343; x_wconf 90' lang='lat' dir='ltr'><strong>unum</strong></span> <span class='ocrx_word' id='word_1_214' title='bbox 3321 1287 3492 1341; x_wconf 80' lang='lat' dir='ltr'><strong>Deum</strong></span> 
     </span>
    </p>
   </div>
   <div class='ocr_carea' id='block_1_31' title="bbox 1880 1379 3494 1456">
    <p class='ocr_par' dir='ltr' id='par_1_31' title="bbox 1880 1379 3494 1456">
     <span class='ocr_line' id='line_1_31' title="bbox 1880 1379 3494 1456; baseline -0.009 -7"><span class='ocrx_word' id='word_1_215' title='bbox 1880 1391 2153 1456; x_wconf 88' lang='lat' dir='ltr'><strong>omnium,</strong></span> <span class='ocrx_word' id='word_1_216' title='bbox 2188 1391 2408 1445; x_wconf 88' lang='lat' dir='ltr'><strong>tametsi</strong></span> <span class='ocrx_word' id='word_1_217' title='bbox 2468 1404 2574 1444; x_wconf 94' lang='lat' dir='ltr'><strong>non</strong></span> <span class='ocrx_word' id='word_1_218' title='bbox 2631 1398 2843 1444; x_wconf 75' lang='lat' dir='ltr'><strong>omnes.</strong></span> <span class='ocrx_word' id='word_1_219' title='bbox 2878 1407 2899 1438; x_wconf 74' lang='grc' dir='ltr'><strong>ι</strong></span> <span class='ocrx_word' id='word_1_220' title='bbox 2940 1384 3077 1452; x_wconf 83' lang='lat' dir='ltr'><strong>Quia</strong></span> <span class='ocrx_word' id='word_1_221' title='bbox 3105 1382 3253 1438; x_wconf 89' lang='lat' dir='ltr'><strong>salus</strong></span> <span class='ocrx_word' id='word_1_222' title='bbox 3287 1397 3354 1436; x_wconf 77' lang='lat' dir='ltr'><strong>ex</strong></span> <span class='ocrx_word' id='word_1_223' title='bbox 3391 1379 3494 1434; x_wconf 81' lang='lat' dir='ltr'><strong>Ju-</strong></span> 
     </span>
    </p>
   </div>
   <div class='ocr_carea' id='block_1_32' title="bbox 1879 1471 3495 1550">
    <p class='ocr_par' dir='ltr' id='par_1_32' title="bbox 1879 1471 3495 1550">
     <span class='ocr_line' id='line_1_32' title="bbox 1879 1471 3495 1550; baseline -0.008 -11"><span class='ocrx_word' id='word_1_224' title='bbox 1879 1484 2011 1539; x_wconf 80' lang='lat' dir='ltr'><strong>dacis</strong></span> <span class='ocrx_word' id='word_1_225' title='bbox 2057 1492 2163 1540; x_wconf 89' lang='lat' dir='ltr'><strong>est.</strong></span> <span class='ocrx_word' id='word_1_226' title='bbox 2209 1500 2228 1535; x_wconf 74' lang='grc' dir='ltr'><strong>ι</strong></span> <span class='ocrx_word' id='word_1_227' title='bbox 2285 1481 2564 1550; x_wconf 82' lang='lat' dir='ltr'><strong>Duplicem</strong></span> <span class='ocrx_word' id='word_1_228' title='bbox 2610 1495 2834 1536; x_wconf 85' lang='lat' dir='ltr'><strong>sensum</strong></span> <span class='ocrx_word' id='word_1_229' title='bbox 2903 1479 3008 1534; x_wconf 87' lang='lat' dir='ltr'><strong>hoc</strong></span> <span class='ocrx_word' id='word_1_230' title='bbox 3046 1475 3206 1531; x_wconf 81' lang='lat' dir='ltr'><strong>nobis</strong></span> <span class='ocrx_word' id='word_1_231' title='bbox 3251 1474 3364 1528; x_wconf 86' lang='lat' dir='ltr'><strong>dat.</strong></span> <span class='ocrx_word' id='word_1_232' title='bbox 3400 1471 3495 1528; x_wconf 75' lang='lat' dir='ltr'><strong>Vcl</strong></span> 
     </span>
    </p>
   </div>
   <div class='ocr_carea' id='block_1_33' title="bbox 1879 1570 3497 1649">
    <p class='ocr_par' dir='ltr' id='par_1_33' title="bbox 1879 1570 3497 1649">
     <span class='ocr_line' id='line_1_33' title="bbox 1879 1570 3497 1649; baseline -0.006 -18"><span class='ocrx_word' id='word_1_233' title='bbox 1879 1579 2024 1633; x_wconf 85' lang='lat' dir='ltr'><strong>cnim</strong></span> <span class='ocrx_word' id='word_1_234' title='bbox 2059 1577 2207 1649; x_wconf 87' lang='lat' dir='ltr'><strong>quod</strong></span> <span class='ocrx_word' id='word_1_235' title='bbox 2253 1577 2376 1633; x_wconf 89' lang='lat' dir='ltr'><strong>orbi</strong></span> <span class='ocrx_word' id='word_1_236' title='bbox 2412 1593 2477 1632; x_wconf 81' lang='lat' dir='ltr'><strong>ex</strong></span> <span class='ocrx_word' id='word_1_237' title='bbox 2506 1575 2710 1632; x_wconf 74' lang='lat' dir='ltr'><strong>Judaeis</strong></span> <span class='ocrx_word' id='word_1_238' title='bbox 2745 1575 2888 1631; x_wconf 85' lang='lat' dir='ltr'><strong>bona</strong></span> <span class='ocrx_word' id='word_1_239' title='bbox 2914 1570 3268 1644; x_wconf 86' lang='lat' dir='ltr'><strong>provenerint</strong></span> <span class='ocrx_word' id='word_1_240' title='bbox 3301 1584 3316 1621; x_wconf 89' lang='lat'><strong>:</strong></span> <span class='ocrx_word' id='word_1_241' title='bbox 3349 1570 3497 1623; x_wconf 87' lang='lat' dir='ltr'><strong>scire</strong></span> 
     </span>
    </p>
   </div>
   <div class='ocr_carea' id='block_1_34' title="bbox 1879 1662 3492 1739">
    <p class='ocr_par' dir='ltr' id='par_1_34' title="bbox 1879 1662 3492 1739">
     <span class='ocr_line' id='line_1_34' title="bbox 1879 1662 3492 1739; baseline -0.006 -13"><span class='ocrx_word' id='word_1_242' title='bbox 1879 1672 2027 1726; x_wconf 90' lang='lat' dir='ltr'><strong>enim</strong></span> <span class='ocrx_word' id='word_1_243' title='bbox 2079 1671 2272 1739; x_wconf 88' lang='lat' dir='ltr'><strong>Deum,</strong></span> <span class='ocrx_word' id='word_1_244' title='bbox 2304 1678 2360 1726; x_wconf 92' lang='lat' dir='ltr'><strong>et</strong></span> <span class='ocrx_word' id='word_1_245' title='bbox 2409 1679 2765 1724; x_wconf 85' lang='lat' dir='ltr'><strong>contemnere</strong></span> <span class='ocrx_word' id='word_1_246' title='bbox 2827 1666 2993 1734; x_wconf 90' lang='lat' dir='ltr'><strong>idola,</strong></span> <span class='ocrx_word' id='word_1_247' title='bbox 3025 1664 3151 1719; x_wconf 87' lang='lat' dir='ltr'><strong>inde</strong></span> <span class='ocrx_word' id='word_1_248' title='bbox 3202 1662 3492 1718; x_wconf 76' lang='lat' dir='ltr'><strong>exordium</strong></span> 
     </span>
    </p>
   </div>
   <div class='ocr_carea' id='block_1_35' title="bbox 171 1752 1775 1835">
    <p class='ocr_par' dir='ltr' id='par_1_35' title="bbox 171 1758 1774 1832">
     <span class='ocr_line' id='line_1_35' title="bbox 171 1758 1774 1832; baseline -0.001 -18"><span class='ocrx_word' id='word_1_249' title='bbox 171 1761 416 1830; x_wconf 77' lang='grc' dir='ltr'>ήμῖν.Ἥ</span> <span class='ocrx_word' id='word_1_250' title='bbox 451 1760 557 1831; x_wconf 80' lang='grc' dir='ltr'><strong>γὰρ</strong></span> <span class='ocrx_word' id='word_1_251' title='bbox 597 1763 684 1815; x_wconf 83' lang='grc' dir='ltr'><strong>ὅτι</strong></span> <span class='ocrx_word' id='word_1_252' title='bbox 726 1763 794 1832; x_wconf 83' lang='grc' dir='ltr'>τῇ</span> <span class='ocrx_word' id='word_1_253' title='bbox 853 1762 1154 1832; x_wconf 80' lang='grc' dir='ltr'>οἰκουμένῃ</span> <span class='ocrx_word' id='word_1_254' title='bbox 1195 1761 1265 1814; x_wconf 80' lang='grc' dir='ltr'>τὰ</span> <span class='ocrx_word' id='word_1_255' title='bbox 1301 1759 1494 1829; x_wconf 78' lang='grc' dir='ltr'>ἀγαθὰ</span> <span class='ocrx_word' id='word_1_256' title='bbox 1542 1760 1608 1813; x_wconf 84' lang='grc' dir='ltr'>ὲκ</span> <span class='ocrx_word' id='word_1_257' title='bbox 1662 1758 1774 1813; x_wconf 84' lang='grc' dir='ltr'><strong>τῶν</strong></span> 
     </span>
    </p>
   </div>
   <div class='ocr_carea' id='block_1_36' title="bbox 1884 1752 3492 1835">
    <p class='ocr_par' dir='ltr' id='par_1_36' title="bbox 1884 1756 3492 1835">
     <span class='ocr_line' id='line_1_36' title="bbox 1884 1756 3492 1835; baseline -0.006 -17"><span class='ocrx_word' id='word_1_258' title='bbox 1884 1764 2155 1830; x_wconf 80' lang='lat' dir='ltr'><strong>habuere,</strong></span> <span class='ocrx_word' id='word_1_259' title='bbox 2192 1763 2411 1835; x_wconf 90' lang='lat' dir='ltr'><strong>aliaque</strong></span> <span class='ocrx_word' id='word_1_260' title='bbox 2439 1763 2626 1819; x_wconf 84' lang='lat' dir='ltr'><strong>omnia</strong></span> <span class='ocrx_word' id='word_1_261' title='bbox 2655 1776 2787 1817; x_wconf 84' lang='lat' dir='ltr'><strong>sana</strong></span> <span class='ocrx_word' id='word_1_262' title='bbox 2814 1761 3074 1832; x_wconf 82' lang='lat' dir='ltr'><strong>dogmata</strong></span> <span class='ocrx_word' id='word_1_263' title='bbox 3109 1775 3122 1812; x_wconf 90' lang='lat'><strong>:</strong></span> <span class='ocrx_word' id='word_1_264' title='bbox 3157 1757 3323 1812; x_wconf 89' lang='lat' dir='ltr'><strong>etiam</strong></span> <span class='ocrx_word' id='word_1_265' title='bbox 3376 1756 3492 1826; x_wconf 84' lang='lat' dir='ltr'><strong>ipsa</strong></span> 
     </span>
    </p>
   </div>
   <div class='ocr_carea' id='block_1_37' title="bbox 184 1853 1773 1925">
    <p class='ocr_par' dir='ltr' id='par_1_37' title="bbox 184 1853 1773 1925">
     <span class='ocr_line' id='line_1_37' title="bbox 184 1853 1773 1925; baseline -0.001 -19"><span class='ocrx_word' id='word_1_266' title='bbox 184 1853 454 1908; x_wconf 75' lang='grc' dir='ltr'>Ἰουδαίων</span> <span class='ocrx_word' id='word_1_267' title='bbox 501 1854 696 1921; x_wconf 83' lang='grc' dir='ltr'>γέγονε</span> <span class='ocrx_word' id='word_1_268' title='bbox 751 1854 833 1922; x_wconf 89' lang='grc' dir='ltr'>(τὸ</span> <span class='ocrx_word' id='word_1_269' title='bbox 871 1855 984 1925; x_wconf 79' lang='grc' dir='ltr'>γὰρ</span> <span class='ocrx_word' id='word_1_270' title='bbox 1041 1854 1244 1908; x_wconf 87' lang='grc' dir='ltr'>είδέναι</span> <span class='ocrx_word' id='word_1_271' title='bbox 1276 1853 1433 1918; x_wconf 87' lang='grc' dir='ltr'>Θεὸν,</span> <span class='ocrx_word' id='word_1_272' title='bbox 1461 1858 1558 1906; x_wconf 76' lang='grc' dir='ltr'>καὶ</span> <span class='ocrx_word' id='word_1_273' title='bbox 1598 1870 1773 1908; x_wconf 88' lang='grc' dir='ltr'>κατα-</span> 
     </span>
    </p>
   </div>
   <div class='ocr_carea' id='block_1_38' title="bbox 171 1943 1775 2018">
    <p class='ocr_par' dir='ltr' id='par_1_38' title="bbox 171 1943 1775 2018">
     <span class='ocr_line' id='line_1_38' title="bbox 171 1943 1775 2018; baseline 0.001 -20"><span class='ocrx_word' id='word_1_274' title='bbox 171 1943 460 2012; x_wconf 84' lang='grc' dir='ltr'>γινώσκειν</span> <span class='ocrx_word' id='word_1_275' title='bbox 486 1945 742 2009; x_wconf 76' lang='grc' dir='ltr'>εἰδώλων,</span> <span class='ocrx_word' id='word_1_276' title='bbox 778 1946 992 1999; x_wconf 82' lang='grc' dir='ltr'>ὲκεῖθεν</span> <span class='ocrx_word' id='word_1_277' title='bbox 1022 1945 1122 2018; x_wconf 79' lang='grc' dir='ltr'><strong>τὴν</strong></span> <span class='ocrx_word' id='word_1_278' title='bbox 1173 1945 1351 2018; x_wconf 76' lang='grc' dir='ltr'>ἀρχὴν</span> <span class='ocrx_word' id='word_1_279' title='bbox 1378 1945 1528 2016; x_wconf 79' lang='grc' dir='ltr'>ἔσχε,</span> <span class='ocrx_word' id='word_1_280' title='bbox 1553 1947 1649 1999; x_wconf 77' lang='grc' dir='ltr'><strong>καὶ</strong></span> <span class='ocrx_word' id='word_1_281' title='bbox 1705 1945 1775 1999; x_wconf 83' lang='grc' dir='ltr'>τὰ</span> 
     </span>
    </p>
   </div>
   <div class='ocr_carea' id='block_1_39' title="bbox 169 2034 1776 2111">
    <p class='ocr_par' dir='ltr' id='par_1_39' title="bbox 169 2034 1776 2111">
     <span class='ocr_line' id='line_1_39' title="bbox 169 2034 1776 2111; baseline 0.002 -22"><span class='ocrx_word' id='word_1_282' title='bbox 169 2034 302 2090; x_wconf 80' lang='grc' dir='ltr'>ἄλλα</span> <span class='ocrx_word' id='word_1_283' title='bbox 333 2037 513 2091; x_wconf 83' lang='grc' dir='ltr'>πάντα</span> <span class='ocrx_word' id='word_1_284' title='bbox 551 2038 822 2109; x_wconf 78' lang='grc' dir='ltr'>δόγματα,</span> <span class='ocrx_word' id='word_1_285' title='bbox 848 2040 948 2091; x_wconf 79' lang='grc' dir='ltr'><strong>καὶ</strong></span> <span class='ocrx_word' id='word_1_286' title='bbox 975 2039 1107 2092; x_wconf 77' lang='grc' dir='ltr'>αὐτὸ</span> <span class='ocrx_word' id='word_1_287' title='bbox 1135 2039 1191 2092; x_wconf 84' lang='grc' dir='ltr'>δὲ</span> <span class='ocrx_word' id='word_1_288' title='bbox 1209 2037 1368 2092; x_wconf 79' lang='grc' dir='ltr'>τοῦτο</span> <span class='ocrx_word' id='word_1_289' title='bbox 1398 2038 1576 2109; x_wconf 78' lang='grc' dir='ltr'>τὸτῆς</span> <span class='ocrx_word' id='word_1_290' title='bbox 1603 2056 1776 2111; x_wconf 85' lang='grc' dir='ltr'>προσ-</span> 
     </span>
    </p>
   </div>
   <div class='ocr_carea' id='block_1_40' title="bbox 172 2130 1773 2205">
    <p class='ocr_par' dir='ltr' id='par_1_40' title="bbox 172 2130 1773 2205">
     <span class='ocr_line' id='line_1_40' title="bbox 172 2130 1773 2205; baseline 0.002 -23"><span class='ocrx_word' id='word_1_291' title='bbox 172 2130 446 2200; x_wconf 83' lang='grc' dir='ltr'>κυνήσεως</span> <span class='ocrx_word' id='word_1_292' title='bbox 478 2131 610 2201; x_wconf 85' lang='grc' dir='ltr'>παρ’</span> <span class='ocrx_word' id='word_1_293' title='bbox 640 2132 781 2202; x_wconf 80' lang='grc' dir='ltr'>ἡμῖν</span> <span class='ocrx_word' id='word_1_294' title='bbox 807 2131 884 2202; x_wconf 76' lang='lat' dir='ltr'><strong>(rt)</strong></span> <span class='ocrx_word' id='word_1_295' title='bbox 913 2133 1026 2195; x_wconf 86' lang='grc' dir='ltr'>τοῖς</span> <span class='ocrx_word' id='word_1_296' title='bbox 1059 2132 1459 2202; x_wconf 79' lang='grc' dir='ltr'>Σαμαρείταις,</span> <span class='ocrx_word' id='word_1_297' title='bbox 1482 2132 1530 2185; x_wconf 88' lang='grc' dir='ltr'><strong>εί</strong></span> <span class='ocrx_word' id='word_1_298' title='bbox 1562 2134 1658 2186; x_wconf 76' lang='grc' dir='ltr'>καὶ</span> <span class='ocrx_word' id='word_1_299' title='bbox 1697 2134 1773 2205; x_wconf 85' lang='grc' dir='ltr'>μὴ</span> 
     </span>
    </p>
   </div>
   <div class='ocr_carea' id='block_1_41' title="bbox 169 2221 1768 2297">
    <p class='ocr_par' dir='ltr' id='par_1_41' title="bbox 169 2221 1768 2297">
     <span class='ocr_line' id='line_1_41' title="bbox 169 2221 1768 2297; baseline 0.003 -24"><span class='ocrx_word' id='word_1_300' title='bbox 169 2221 365 2290; x_wconf 77' lang='grc' dir='ltr'>ὀρθῶς,</span> <span class='ocrx_word' id='word_1_301' title='bbox 396 2223 504 2276; x_wconf 83' lang='grc' dir='ltr'><strong>ἀπὸ</strong></span> <span class='ocrx_word' id='word_1_302' title='bbox 537 2224 668 2293; x_wconf 82' lang='grc' dir='ltr'>γοῦν</span> <span class='ocrx_word' id='word_1_303' title='bbox 696 2224 802 2276; x_wconf 81' lang='grc' dir='ltr'><strong>τῶν</strong></span> <span class='ocrx_word' id='word_1_304' title='bbox 836 2223 1111 2277; x_wconf 80' lang='grc' dir='ltr'>Ἰουδαίων</span> <span class='ocrx_word' id='word_1_305' title='bbox 1165 2226 1265 2295; x_wconf 78' lang='grc' dir='ltr'>τὴν</span> <span class='ocrx_word' id='word_1_306' title='bbox 1321 2225 1499 2295; x_wconf 79' lang='grc' dir='ltr'>ἀρχὴν</span> <span class='ocrx_word' id='word_1_307' title='bbox 1560 2225 1768 2297; x_wconf 53' lang='lat' dir='ltr'><strong>taxa)“</strong></span> 
     </span>
    </p>
   </div>
   <div class='ocr_carea' id='block_1_42' title="bbox 1881 1852 3492 1928">
    <p class='ocr_par' dir='ltr' id='par_1_42' title="bbox 1881 1852 3492 1928">
     <span class='ocr_line' id='line_1_42' title="bbox 1881 1852 3492 1928; baseline -0.005 -17"><span class='ocrx_word' id='word_1_308' title='bbox 1881 1857 2156 1923; x_wconf 86' lang='lat' dir='ltr'><strong>adoratio,</strong></span> <span class='ocrx_word' id='word_1_309' title='bbox 2190 1872 2312 1928; x_wconf 79' lang='lat' dir='ltr'><strong>qua:</strong></span> <span class='ocrx_word' id='word_1_310' title='bbox 2366 1858 2510 1928; x_wconf 88' lang='lat' dir='ltr'><strong>apud</strong></span> <span class='ocrx_word' id='word_1_311' title='bbox 2544 1872 2641 1912; x_wconf 80' lang='lat' dir='ltr'><strong>vos</strong></span> <span class='ocrx_word' id='word_1_312' title='bbox 2671 1855 3074 1918; x_wconf 88' lang='lat' dir='ltr'><strong>Samaritanos,</strong></span> <span class='ocrx_word' id='word_1_313' title='bbox 3102 1852 3326 1908; x_wconf 86' lang='lat' dir='ltr'><strong>tametsi</strong></span> <span class='ocrx_word' id='word_1_314' title='bbox 3383 1865 3492 1904; x_wconf 90' lang='lat' dir='ltr'><strong>non</strong></span> 
     </span>
    </p>
   </div>
   <div class='ocr_carea' id='block_1_43' title="bbox 1881 1943 3492 2019">
    <p class='ocr_par' dir='ltr' id='par_1_43' title="bbox 1881 1943 3492 2019">
     <span class='ocr_line' id='line_1_43' title="bbox 1881 1943 3492 2019; baseline -0.007 -15"><span class='ocrx_word' id='word_1_315' title='bbox 1881 1960 2030 2004; x_wconf 89' lang='lat' dir='ltr'><strong>recta</strong></span> <span class='ocrx_word' id='word_1_316' title='bbox 2058 1949 2245 2015; x_wconf 76' lang='lat' dir='ltr'><strong>fuerit,</strong></span> <span class='ocrx_word' id='word_1_317' title='bbox 2281 1950 2537 2005; x_wconf 64' lang='lat' dir='ltr'><strong>aJudatis</strong></span> <span class='ocrx_word' id='word_1_318' title='bbox 2574 1949 2846 2019; x_wconf 82' lang='lat' dir='ltr'><strong>originem</strong></span> <span class='ocrx_word' id='word_1_319' title='bbox 2904 1947 3058 2002; x_wconf 80' lang='lat' dir='ltr'><strong>duxit</strong></span> <span class='ocrx_word' id='word_1_320' title='bbox 3098 1964 3111 2001; x_wconf 92' lang='lat'><strong>:</strong></span> <span class='ocrx_word' id='word_1_321' title='bbox 3147 1943 3230 1999; x_wconf 96' lang='lat' dir='ltr'><strong>vel</strong></span> <span class='ocrx_word' id='word_1_322' title='bbox 3257 1943 3492 1999; x_wconf 84' lang='lat' dir='ltr'><strong>salutem</strong></span> 
     </span>
    </p>
   </div>
   <div class='ocr_carea' id='block_1_44' title="bbox 1883 2035 3497 2112">
    <p class='ocr_par' dir='ltr' id='par_1_44' title="bbox 1883 2035 3497 2112">
     <span class='ocr_line' id='line_1_44' title="bbox 1883 2035 3497 2112; baseline -0.004 -16"><span class='ocrx_word' id='word_1_323' title='bbox 1883 2043 2135 2098; x_wconf 85' lang='lat' dir='ltr'><strong>nominat</strong></span> <span class='ocrx_word' id='word_1_324' title='bbox 2188 2057 2348 2098; x_wconf 88' lang='lat' dir='ltr'><strong>suum</strong></span> <span class='ocrx_word' id='word_1_325' title='bbox 2397 2044 2715 2110; x_wconf 83' lang='lat' dir='ltr'><strong>adventum,</strong></span> <span class='ocrx_word' id='word_1_326' title='bbox 2755 2041 2847 2112; x_wconf 85' lang='lat' dir='ltr'><strong>qui</strong></span> <span class='ocrx_word' id='word_1_327' title='bbox 2885 2054 2952 2096; x_wconf 82' lang='lat' dir='ltr'><strong>ex</strong></span> <span class='ocrx_word' id='word_1_328' title='bbox 2998 2039 3199 2095; x_wconf 64' lang='lat' dir='ltr'><strong>Judaeis</strong></span> <span class='ocrx_word' id='word_1_329' title='bbox 3241 2037 3362 2091; x_wconf 84' lang='lat' dir='ltr'><strong>fuit.</strong></span> <span class='ocrx_word' id='word_1_330' title='bbox 3395 2035 3497 2091; x_wconf 89' lang='lat' dir='ltr'><strong>Po-</strong></span> 
     </span>
    </p>
   </div>
   <div class='ocr_carea' id='block_1_45' title="bbox 1880 2127 3492 2210">
    <p class='ocr_par' dir='ltr' id='par_1_45' title="bbox 1880 2127 3492 2210">
     <span class='ocr_line' id='line_1_45' title="bbox 1880 2127 3492 2210; baseline -0.004 -19"><span class='ocrx_word' id='word_1_331' title='bbox 1880 2145 1987 2192; x_wconf 87' lang='lat' dir='ltr'><strong>test</strong></span> <span class='ocrx_word' id='word_1_332' title='bbox 2019 2146 2201 2193; x_wconf 83' lang='lat' dir='ltr'><strong>anteut</strong></span> <span class='ocrx_word' id='word_1_333' title='bbox 2246 2149 2302 2193; x_wconf 90' lang='lat' dir='ltr'><strong>et</strong></span> <span class='ocrx_word' id='word_1_334' title='bbox 2340 2137 2604 2210; x_wconf 82' lang='lat' dir='ltr'><strong>Dominus</strong></span> <span class='ocrx_word' id='word_1_335' title='bbox 2627 2137 2744 2208; x_wconf 87' lang='lat' dir='ltr'><strong>ipse</strong></span> <span class='ocrx_word' id='word_1_336' title='bbox 2780 2135 2890 2191; x_wconf 91' lang='lat' dir='ltr'><strong>dici</strong></span> <span class='ocrx_word' id='word_1_337' title='bbox 2921 2133 3090 2200; x_wconf 89' lang='lat' dir='ltr'><strong>salus,</strong></span> <span class='ocrx_word' id='word_1_338' title='bbox 3118 2131 3247 2207; x_wconf 83' lang='lat' dir='ltr'><strong>quia</strong></span> <span class='ocrx_word' id='word_1_339' title='bbox 3291 2147 3357 2188; x_wconf 79' lang='lat' dir='ltr'><strong>cx</strong></span> <span class='ocrx_word' id='word_1_340' title='bbox 3392 2127 3492 2186; x_wconf 77' lang='lat' dir='ltr'><strong>Ju-</strong></span> 
     </span>
    </p>
   </div>
   <div class='ocr_carea' id='block_1_46' title="bbox 1885 2227 2768 2285">
    <p class='ocr_par' dir='ltr' id='par_1_46' title="bbox 1885 2227 2768 2285">
     <span class='ocr_line' id='line_1_46' title="bbox 1885 2227 2768 2285; baseline 0 -3"><span class='ocrx_word' id='word_1_341' title='bbox 1885 2227 2018 2285; x_wconf 76' lang='lat' dir='ltr'><strong>daeis</strong></span> <span class='ocrx_word' id='word_1_342' title='bbox 2053 2227 2156 2283; x_wconf 84' lang='lat' dir='ltr'><strong>fuit</strong></span> <span class='ocrx_word' id='word_1_343' title='bbox 2183 2229 2486 2282; x_wconf 86' lang='lat' dir='ltr'><strong>secundum</strong></span> <span class='ocrx_word' id='word_1_344' title='bbox 2517 2243 2768 2283; x_wconf 84' lang='lat' dir='ltr'><strong>carnem.</strong></span> 
     </span>
    </p>
   </div>
   <div class='ocr_carea' id='block_1_47' title="bbox 170 2316 3496 2394">
    <p class='ocr_par' dir='ltr' id='par_1_47' title="bbox 170 2316 3496 2394">
     <span class='ocr_line' id='line_1_47' title="bbox 170 2316 3496 2394; baseline 0.001 -23"><span class='ocrx_word' id='word_1_345' title='bbox 170 2316 205 2394; x_wconf 68' lang='grc' dir='ltr'>ἢ</span> <span class='ocrx_word' id='word_1_346' title='bbox 236 2319 507 2388; x_wconf 84' lang='grc' dir='ltr'>σωτηρίαν</span> <span class='ocrx_word' id='word_1_347' title='bbox 537 2321 636 2391; x_wconf 76' lang='grc' dir='ltr'>τὴν</span> <span class='ocrx_word' id='word_1_348' title='bbox 676 2319 883 2373; x_wconf 79' lang='grc' dir='ltr'>οἰκείαν</span> <span class='ocrx_word' id='word_1_349' title='bbox 918 2321 1227 2391; x_wconf 78' lang='grc' dir='ltr'>παρουσίαν</span> <span class='ocrx_word' id='word_1_350' title='bbox 1251 2320 1537 2391; x_wconf 76' lang='grc' dir='ltr'>δνομάζει,</span> <span class='ocrx_word' id='word_1_351' title='bbox 1573 2322 1697 2392; x_wconf 72' lang='grc' dir='ltr'>ἥτις</span> <span class='ocrx_word' id='word_1_352' title='bbox 1738 2323 1804 2376; x_wconf 81' lang='grc' dir='ltr'>ὲκ</span> <span class='ocrx_word' id='word_1_353' title='bbox 1843 2321 1956 2376; x_wconf 83' lang='grc' dir='ltr'>τῶν</span> <span class='ocrx_word' id='word_1_354' title='bbox 2006 2325 2282 2377; x_wconf 86' lang='grc' dir='ltr'>Ἰουδαίων</span> <span class='ocrx_word' id='word_1_355' title='bbox 2337 2325 2588 2394; x_wconf 83' lang='grc' dir='ltr'>γέγονεν.</span> <span class='ocrx_word' id='word_1_356' title='bbox 2620 2324 2782 2377; x_wconf 87' lang='grc' dir='ltr'>Ἔστι</span> <span class='ocrx_word' id='word_1_357' title='bbox 2810 2322 2868 2377; x_wconf 85' lang='grc' dir='ltr'>δὲ</span> <span class='ocrx_word' id='word_1_358' title='bbox 2898 2322 2994 2377; x_wconf 72' lang='grc' dir='ltr'>καὶ</span> <span class='ocrx_word' id='word_1_359' title='bbox 3027 2321 3194 2375; x_wconf 81' lang='grc' dir='ltr'>αὑτὸν</span> <span class='ocrx_word' id='word_1_360' title='bbox 3248 2320 3342 2375; x_wconf 83' lang='grc' dir='ltr'><strong>τὸν</strong></span> <span class='ocrx_word' id='word_1_361' title='bbox 3381 2318 3496 2374; x_wconf 79' lang='grc' dir='ltr'><strong>Κύ-</strong></span> 
     </span>
    </p>
   </div>
   <div class='ocr_carea' id='block_1_48' title="bbox 174 2412 2284 2489">
    <p class='ocr_par' dir='ltr' id='par_1_48' title="bbox 174 2412 2284 2489">
     <span class='ocr_line' id='line_1_48' title="bbox 174 2412 2284 2489; baseline 0.001 -21"><span class='ocrx_word' id='word_1_362' title='bbox 174 2431 288 2487; x_wconf 85' lang='grc' dir='ltr'>ριον</span> <span class='ocrx_word' id='word_1_363' title='bbox 318 2414 595 2484; x_wconf 86' lang='grc' dir='ltr'>σωτηρίαν</span> <span class='ocrx_word' id='word_1_364' title='bbox 642 2414 858 2485; x_wconf 83' lang='grc' dir='ltr'>νοῆσαι,</span> <span class='ocrx_word' id='word_1_365' title='bbox 892 2412 950 2474; x_wconf 84' lang='lat'><em>6;</em></span> <span class='ocrx_word' id='word_1_366' title='bbox 979 2413 1199 2482; x_wconf 82' lang='grc' dir='ltr'>ἐγένετο</span> <span class='ocrx_word' id='word_1_367' title='bbox 1246 2414 1311 2468; x_wconf 85' lang='grc' dir='ltr'>ὲκ</span> <span class='ocrx_word' id='word_1_368' title='bbox 1339 2412 1452 2467; x_wconf 74' lang='grc' dir='ltr'><strong>τῶν</strong></span> <span class='ocrx_word' id='word_1_369' title='bbox 1494 2413 1773 2469; x_wconf 78' lang='grc' dir='ltr'>Ἰουδαίων</span> <span class='ocrx_word' id='word_1_370' title='bbox 1809 2415 1871 2469; x_wconf 89' lang='grc' dir='ltr'><strong>τὸ</strong></span> <span class='ocrx_word' id='word_1_371' title='bbox 1903 2417 2047 2471; x_wconf 87' lang='grc' dir='ltr'>κατὰ</span> <span class='ocrx_word' id='word_1_372' title='bbox 2080 2418 2284 2489; x_wconf 83' lang='grc' dir='ltr'>σάρκα.</span> 
     </span>
    </p>
   </div>
   <div class='ocr_carea' id='block_1_49' title="bbox 246 2503 1764 2577">
    <p class='ocr_par' dir='ltr' id='par_1_49' title="bbox 246 2503 1764 2577">
     <span class='ocr_line' id='line_1_49' title="bbox 246 2503 1764 2577; baseline 0.001 -21"><span class='ocrx_word' id='word_1_373' title='bbox 246 2525 266 2556; x_wconf 70' lang='grc' dir='ltr'><strong>ι</strong></span> <span class='ocrx_word' id='word_1_374' title='bbox 320 2505 457 2560; x_wconf 85' lang='grc' dir='ltr'>Ἀλλ’</span> <span class='ocrx_word' id='word_1_375' title='bbox 485 2505 708 2577; x_wconf 77' lang='grc' dir='ltr'>ἔρχεται</span> <span class='ocrx_word' id='word_1_376' title='bbox 735 2503 879 2576; x_wconf 83' lang='grc' dir='ltr'>ὥρα,</span> <span class='ocrx_word' id='word_1_377' title='bbox 919 2506 1014 2559; x_wconf 81' lang='grc' dir='ltr'>καὶ</span> <span class='ocrx_word' id='word_1_378' title='bbox 1066 2503 1163 2558; x_wconf 85' lang='grc' dir='ltr'><strong>νῦν</strong></span> <span class='ocrx_word' id='word_1_379' title='bbox 1208 2504 1380 2570; x_wconf 75' lang='grc' dir='ltr'>ἐστιν,</span> <span class='ocrx_word' id='word_1_380' title='bbox 1411 2505 1501 2558; x_wconf 84' lang='grc' dir='ltr'>ὅτε</span> <span class='ocrx_word' id='word_1_381' title='bbox 1525 2507 1576 2560; x_wconf 75' lang='grc' dir='ltr'><strong>οἱ</strong></span> <span class='ocrx_word' id='word_1_382' title='bbox 1628 2504 1764 2576; x_wconf 79' lang='grc' dir='ltr'>ἀλη-</span> 
     </span>
    </p>
   </div>
   <div class='ocr_carea' id='block_1_50' title="bbox 1949 2507 3490 2577">
    <p class='ocr_par' dir='ltr' id='par_1_50' title="bbox 1949 2507 3490 2577">
     <span class='ocr_line' id='line_1_50' title="bbox 1949 2507 3490 2577; baseline -0.003 -13"><span class='ocrx_word' id='word_1_383' title='bbox 1949 2507 2236 2574; x_wconf 70' lang='lat' dir='ltr'><strong>Vcns.23,</strong></span> <span class='ocrx_word' id='word_1_384' title='bbox 2293 2509 2387 2567; x_wconf 70' lang='lat'><strong>24.</strong></span> <span class='ocrx_word' id='word_1_385' title='bbox 2426 2527 2445 2562; x_wconf 77' lang='grc' dir='ltr'><strong>ι</strong></span> <span class='ocrx_word' id='word_1_386' title='bbox 2513 2509 2621 2565; x_wconf 86' lang='lat' dir='ltr'><strong>Sed</strong></span> <span class='ocrx_word' id='word_1_387' title='bbox 2670 2508 2821 2564; x_wconf 88' lang='lat' dir='ltr'><strong>venit</strong></span> <span class='ocrx_word' id='word_1_388' title='bbox 2887 2509 3045 2577; x_wconf 87' lang='lat' dir='ltr'><strong>hora,</strong></span> <span class='ocrx_word' id='word_1_389' title='bbox 3088 2518 3144 2564; x_wconf 88' lang='lat' dir='ltr'><strong>et</strong></span> <span class='ocrx_word' id='word_1_390' title='bbox 3193 2523 3337 2563; x_wconf 88' lang='lat' dir='ltr'><strong>nunc</strong></span> <span class='ocrx_word' id='word_1_391' title='bbox 3384 2517 3490 2562; x_wconf 64' lang='lat' dir='ltr'><strong>est»</strong></span> 
     </span>
    </p>
   </div>
   <div class='ocr_carea' id='block_1_51' title="bbox 173 2595 1775 2670">
    <p class='ocr_par' dir='ltr' id='par_1_51' title="bbox 173 2595 1769 2670">
     <span class='ocr_line' id='line_1_51' title="bbox 173 2595 1769 2670; baseline 0 -19"><span class='ocrx_word' id='word_1_392' title='bbox 173 2597 309 2651; x_wconf 73' lang='lat' dir='ltr'><strong>Otvo‘t</strong></span> <span class='ocrx_word' id='word_1_393' title='bbox 373 2597 756 2666; x_wconf 76' lang='grc' dir='ltr'>προσκυνηταὶ</span> <span class='ocrx_word' id='word_1_394' title='bbox 819 2598 1271 2670; x_wconf 87' lang='grc' dir='ltr'>προσκυνῆσουσι</span> <span class='ocrx_word' id='word_1_395' title='bbox 1333 2595 1413 2667; x_wconf 77' lang='grc' dir='ltr'>τῷ</span> <span class='ocrx_word' id='word_1_396' title='bbox 1479 2598 1654 2669; x_wconf 79' lang='grc' dir='ltr'>Πατρὶ</span> <span class='ocrx_word' id='word_1_397' title='bbox 1710 2598 1769 2651; x_wconf 79' lang='grc' dir='ltr'><strong>έν</strong></span> 
     </span>
    </p>
   </div>
   <div class='ocr_carea' id='block_1_52' title="bbox 1884 2595 3488 2670">
    <p class='ocr_par' dir='ltr' id='par_1_52' title="bbox 1884 2598 3488 2670">
     <span class='ocr_line' id='line_1_52' title="bbox 1884 2598 3488 2670; baseline -0.002 -15"><span class='ocrx_word' id='word_1_398' title='bbox 1884 2602 2094 2670; x_wconf 60' lang='lat' dir='ltr'><strong>quando</strong></span> <span class='ocrx_word' id='word_1_399' title='bbox 2125 2602 2239 2656; x_wconf 91' lang='lat' dir='ltr'><strong>veri</strong></span> <span class='ocrx_word' id='word_1_400' title='bbox 2265 2603 2590 2656; x_wconf 86' lang='lat' dir='ltr'><strong>adoratorcs</strong></span> <span class='ocrx_word' id='word_1_401' title='bbox 2617 2598 3167 2654; x_wconf 74' lang='lat' dir='ltr'><strong>adorabuntPatrcm</strong></span> <span class='ocrx_word' id='word_1_402' title='bbox 3201 2599 3252 2653; x_wconf 91' lang='lat' dir='ltr'><strong>iu</strong></span> <span class='ocrx_word' id='word_1_403' title='bbox 3291 2599 3488 2668; x_wconf 86' lang='lat' dir='ltr'><strong>spiritu</strong></span> 
     </span>
    </p>
   </div>
   <div class='ocr_carea' id='block_1_53' title="bbox 169 2691 1769 2765">
    <p class='ocr_par' dir='ltr' id='par_1_53' title="bbox 169 2691 1769 2765">
     <span class='ocr_line' id='line_1_53' title="bbox 169 2691 1769 2765; baseline -0.001 -18"><span class='ocrx_word' id='word_1_404' title='bbox 169 2693 442 2763; x_wconf 76' lang='grc' dir='ltr'>πνεύματι</span> <span class='ocrx_word' id='word_1_405' title='bbox 476 2693 571 2746; x_wconf 72' lang='grc' dir='ltr'><strong>καὶ</strong></span> <span class='ocrx_word' id='word_1_406' title='bbox 597 2692 862 2764; x_wconf 68' lang='grc' dir='ltr'>ἀληθεία·</span> <span class='ocrx_word' id='word_1_407' title='bbox 896 2693 1126 2765; x_wconf 74' lang='grc' dir='ltr'>καὶγὰρ</span> <span class='ocrx_word' id='word_1_408' title='bbox 1185 2694 1212 2746; x_wconf 98' lang='lat'><strong>6</strong></span> <span class='ocrx_word' id='word_1_409' title='bbox 1247 2691 1439 2764; x_wconf 80' lang='grc' dir='ltr'>Πατὴρ</span> <span class='ocrx_word' id='word_1_410' title='bbox 1487 2693 1769 2758; x_wconf 79' lang='grc' dir='ltr'>τοιούτους</span> 
     </span>
    </p>
   </div>
   <div class='ocr_carea' id='block_1_54' title="bbox 170 2787 1768 2858">
    <p class='ocr_par' dir='ltr' id='par_1_54' title="bbox 170 2787 1768 2858">
     <span class='ocr_line' id='line_1_54' title="bbox 170 2787 1768 2858; baseline 0.002 -20"><span class='ocrx_word' id='word_1_411' title='bbox 170 2787 324 2857; x_wconf 79' lang='grc' dir='ltr'>ζητεῖ</span> <span class='ocrx_word' id='word_1_412' title='bbox 349 2787 476 2850; x_wconf 81' lang='grc' dir='ltr'>τοὺς</span> <span class='ocrx_word' id='word_1_413' title='bbox 536 2787 988 2857; x_wconf 81' lang='grc' dir='ltr'>προσκυνοῦντας</span> <span class='ocrx_word' id='word_1_414' title='bbox 1038 2788 1222 2842; x_wconf 80' lang='grc' dir='ltr'>αὐτόν.</span> <span class='ocrx_word' id='word_1_415' title='bbox 1258 2787 1486 2858; x_wconf 81' lang='grc' dir='ltr'>Πνεῦμα</span> <span class='ocrx_word' id='word_1_416' title='bbox 1541 2787 1570 2841; x_wconf 92' lang='lat'><strong>6</strong></span> <span class='ocrx_word' id='word_1_417' title='bbox 1612 2787 1768 2853; x_wconf 80' lang='grc' dir='ltr'>Θεὸς,</span> 
     </span>
    </p>
   </div>
   <div class='ocr_carea' id='block_1_55' title="bbox 172 2877 1776 2949">
    <p class='ocr_par' dir='ltr' id='par_1_55' title="bbox 172 2877 1776 2949">
     <span class='ocr_line' id='line_1_55' title="bbox 172 2877 1776 2949; baseline -0.001 -17"><span class='ocrx_word' id='word_1_418' title='bbox 172 2880 264 2932; x_wconf 77' lang='grc' dir='ltr'>καὶ</span> <span class='ocrx_word' id='word_1_419' title='bbox 293 2879 419 2941; x_wconf 79' lang='grc' dir='ltr'>τοὺς</span> <span class='ocrx_word' id='word_1_420' title='bbox 446 2878 888 2949; x_wconf 77' lang='grc' dir='ltr'>προσκυνοῦντας</span> <span class='ocrx_word' id='word_1_421' title='bbox 920 2879 1105 2943; x_wconf 79' lang='grc' dir='ltr'>αὑτὸν,</span> <span class='ocrx_word' id='word_1_422' title='bbox 1137 2880 1194 2932; x_wconf 87' lang='grc' dir='ltr'>ὲν</span> <span class='ocrx_word' id='word_1_423' title='bbox 1214 2879 1489 2947; x_wconf 78' lang='grc' dir='ltr'>πνεύματι</span> <span class='ocrx_word' id='word_1_424' title='bbox 1519 2877 1616 2930; x_wconf 75' lang='grc' dir='ltr'><strong>καὶ</strong></span> <span class='ocrx_word' id='word_1_425' title='bbox 1643 2879 1776 2948; x_wconf 85' lang='grc' dir='ltr'>ἁλη-</span> 
     </span>
    </p>
   </div>
   <div class='ocr_carea' id='block_1_56' title="bbox 175 2970 1772 3043">
    <p class='ocr_par' dir='ltr' id='par_1_56' title="bbox 175 2970 1772 3043">
     <span class='ocr_line' id='line_1_56' title="bbox 175 2970 1772 3043; baseline -0.001 -18"><span class='ocrx_word' id='word_1_426' title='bbox 175 2972 294 3043; x_wconf 68' lang='grc' dir='ltr'>θεία</span> <span class='ocrx_word' id='word_1_427' title='bbox 326 2972 407 3024; x_wconf 71' lang='grc' dir='ltr'><strong>δεῖ</strong></span> <span class='ocrx_word' id='word_1_428' title='bbox 439 2974 792 3042; x_wconf 86' lang='grc' dir='ltr'>προσκυνεῖν.</span> <span class='ocrx_word' id='word_1_429' title='bbox 840 2992 858 3024; x_wconf 78' lang='grc' dir='ltr'><strong>ι</strong></span> <span class='ocrx_word' id='word_1_430' title='bbox 895 2971 956 3025; x_wconf 76' lang='lat' dir='ltr'><strong>Et</strong></span> <span class='ocrx_word' id='word_1_431' title='bbox 990 2973 1084 3026; x_wconf 73' lang='lat' dir='ltr'><strong>mi.</strong></span> <span class='ocrx_word' id='word_1_432' title='bbox 1119 2973 1284 3025; x_wconf 84' lang='grc' dir='ltr'>πλέον</span> <span class='ocrx_word' id='word_1_433' title='bbox 1311 2971 1470 3042; x_wconf 83' lang='grc' dir='ltr'>ὑμῶν</span> <span class='ocrx_word' id='word_1_434' title='bbox 1521 2970 1632 3025; x_wconf 85' lang='grc' dir='ltr'><strong>τῶν</strong></span> <span class='ocrx_word' id='word_1_435' title='bbox 1663 2971 1772 3025; x_wconf 87' lang='grc' dir='ltr'><strong>Σα-</strong></span> 
     </span>
    </p>
   </div>
   <div class='ocr_carea' id='block_1_57' title="bbox 177 3063 1774 3138">
    <p class='ocr_par' dir='ltr' id='par_1_57' title="bbox 177 3063 1774 3138">
     <span class='ocr_line' id='line_1_57' title="bbox 177 3063 1774 3138; baseline 0.003 -22"><span class='ocrx_word' id='word_1_436' title='bbox 177 3064 458 3134; x_wconf 84' lang='grc' dir='ltr'>μαρειτῶν</span> <span class='ocrx_word' id='word_1_437' title='bbox 490 3063 688 3134; x_wconf 80' lang='grc' dir='ltr'>ἔχομεν</span> <span class='ocrx_word' id='word_1_438' title='bbox 740 3065 901 3135; x_wconf 78' lang='grc' dir='ltr'>ἡμεῖς</span> <span class='ocrx_word' id='word_1_439' title='bbox 943 3067 992 3118; x_wconf 79' lang='grc' dir='ltr'><strong>οἱ</strong></span> <span class='ocrx_word' id='word_1_440' title='bbox 1040 3068 1290 3120; x_wconf 86' lang='grc' dir='ltr'>Ἰουδαῖοι</span> <span class='ocrx_word' id='word_1_441' title='bbox 1345 3067 1424 3138; x_wconf 84' lang='grc' dir='ltr'>τῷ</span> <span class='ocrx_word' id='word_1_442' title='bbox 1457 3067 1646 3138; x_wconf 87' lang='grc' dir='ltr'>τρόπῳ</span> <span class='ocrx_word' id='word_1_443' title='bbox 1674 3067 1774 3138; x_wconf 80' lang='grc' dir='ltr'><strong>τῆς</strong></span> 
     </span>
    </p>
   </div>
   <div class='ocr_carea' id='block_1_58' title="bbox 174 3158 1775 3226">
    <p class='ocr_par' dir='ltr' id='par_1_58' title="bbox 174 3158 1775 3226">
     <span class='ocr_line' id='line_1_58' title="bbox 174 3158 1775 3226; baseline 0.002 -16"><span class='ocrx_word' id='word_1_444' title='bbox 174 3159 626 3226; x_wconf 83' lang='grc' dir='ltr'>προσκυνήσεως,</span> <span class='ocrx_word' id='word_1_445' title='bbox 685 3158 822 3210; x_wconf 67' lang='grc' dir='ltr'>ἀλλὰ</span> <span class='ocrx_word' id='word_1_446' title='bbox 882 3159 977 3211; x_wconf 74' lang='grc' dir='ltr'>καὶ</span> <span class='ocrx_word' id='word_1_447' title='bbox 1013 3159 1082 3211; x_wconf 69' lang='grc' dir='ltr'>τὰ</span> <span class='ocrx_word' id='word_1_448' title='bbox 1135 3160 1243 3212; x_wconf 81' lang='grc' dir='ltr'><strong>τῶν</strong></span> <span class='ocrx_word' id='word_1_449' title='bbox 1312 3161 1587 3216; x_wconf 75' lang='grc' dir='ltr'>Ἰουδαίων</span> <span class='ocrx_word' id='word_1_450' title='bbox 1617 3161 1775 3225; x_wconf 80' lang='grc' dir='ltr'>τέλος</span> 
     </span>
    </p>
   </div>
   <div class='ocr_carea' id='block_1_59' title="bbox 171 3251 1778 3326">
    <p class='ocr_par' dir='ltr' id='par_1_59' title="bbox 171 3251 1778 3326">
     <span class='ocr_line' id='line_1_59' title="bbox 171 3251 1778 3326; baseline 0.006 -24"><span class='ocrx_word' id='word_1_451' title='bbox 171 3251 284 3316; x_wconf 75' lang='grc' dir='ltr'>ἕξει</span> <span class='ocrx_word' id='word_1_452' title='bbox 317 3251 518 3304; x_wconf 68' lang='grc' dir='ltr'>λοιπόν.</span> <span class='ocrx_word' id='word_1_453' title='bbox 569 3251 644 3304; x_wconf 87' lang='grc' dir='ltr'>Ού</span> <span class='ocrx_word' id='word_1_454' title='bbox 698 3251 809 3322; x_wconf 78' lang='grc' dir='ltr'><strong>γὰρ</strong></span> <span class='ocrx_word' id='word_1_455' title='bbox 840 3252 910 3304; x_wconf 72' lang='grc' dir='ltr'>τὰ</span> <span class='ocrx_word' id='word_1_456' title='bbox 957 3253 1068 3306; x_wconf 72' lang='grc' dir='ltr'>τῶν</span> <span class='ocrx_word' id='word_1_457' title='bbox 1126 3254 1310 3308; x_wconf 82' lang='grc' dir='ltr'>τόπων</span> <span class='ocrx_word' id='word_1_458' title='bbox 1367 3255 1778 3326; x_wconf 77' lang='grc' dir='ltr'>ἀμειφθήσεται</span> 
     </span>
    </p>
   </div>
   <div class='ocr_carea' id='block_1_60' title="bbox 177 3343 1778 3420">
    <p class='ocr_par' dir='ltr' id='par_1_60' title="bbox 177 3343 1778 3420">
     <span class='ocr_line' id='line_1_60' title="bbox 177 3343 1778 3420; baseline 0.004 -25"><span class='ocrx_word' id='word_1_459' title='bbox 177 3343 357 3410; x_wconf 83' lang='grc' dir='ltr'>μόνον,</span> <span class='ocrx_word' id='word_1_460' title='bbox 392 3343 532 3396; x_wconf 75' lang='grc' dir='ltr'>αλλὰ</span> <span class='ocrx_word' id='word_1_461' title='bbox 565 3344 660 3397; x_wconf 72' lang='grc' dir='ltr'><strong>καὶ</strong></span> <span class='ocrx_word' id='word_1_462' title='bbox 693 3345 762 3397; x_wconf 77' lang='grc' dir='ltr'>τὰ</span> <span class='ocrx_word' id='word_1_463' title='bbox 797 3347 892 3398; x_wconf 76' lang='grc' dir='ltr'><strong>τοῦ</strong></span> <span class='ocrx_word' id='word_1_464' title='bbox 955 3348 1164 3416; x_wconf 82' lang='grc' dir='ltr'>τρόπου</span> <span class='ocrx_word' id='word_1_465' title='bbox 1221 3349 1316 3418; x_wconf 76' lang='grc' dir='ltr'>τῆς</span> <span class='ocrx_word' id='word_1_466' title='bbox 1350 3349 1610 3420; x_wconf 80' lang='grc' dir='ltr'>λατρείας</span> <span class='ocrx_word' id='word_1_467' title='bbox 1638 3367 1651 3380; x_wconf 76' lang='grc'>⁸</span> <span class='ocrx_word' id='word_1_468' title='bbox 1682 3349 1778 3404; x_wconf 77' lang='grc' dir='ltr'>καὶ</span> 
     </span>
    </p>
   </div>
   <div class='ocr_carea' id='block_1_61' title="bbox 170 3434 1774 3511">
    <p class='ocr_par' dir='ltr' id='par_1_61' title="bbox 170 3434 1774 3511">
     <span class='ocr_line' id='line_1_61' title="bbox 170 3434 1774 3511; baseline 0.005 -24"><span class='ocrx_word' id='word_1_469' title='bbox 170 3434 350 3488; x_wconf 86' lang='grc' dir='ltr'>ταῦτα</span> <span class='ocrx_word' id='word_1_470' title='bbox 379 3435 475 3488; x_wconf 77' lang='grc' dir='ltr'><strong>ἐπὶ</strong></span> <span class='ocrx_word' id='word_1_471' title='bbox 507 3434 703 3506; x_wconf 83' lang='grc' dir='ltr'>θύραις</span> <span class='ocrx_word' id='word_1_472' title='bbox 733 3437 1027 3508; x_wconf 77' lang='grc' dir='ltr'>ἐφέστηκε,</span> <span class='ocrx_word' id='word_1_473' title='bbox 1068 3440 1159 3492; x_wconf 80' lang='grc' dir='ltr'><strong>καὶ</strong></span> <span class='ocrx_word' id='word_1_474' title='bbox 1185 3439 1282 3493; x_wconf 85' lang='grc' dir='ltr'><strong>νῦν</strong></span> <span class='ocrx_word' id='word_1_475' title='bbox 1317 3441 1468 3495; x_wconf 79' lang='grc' dir='ltr'>ἔστιν</span> <span class='ocrx_word' id='word_1_476' title='bbox 1495 3457 1507 3469; x_wconf 88' lang='grc'><strong>”</strong></span> <span class='ocrx_word' id='word_1_477' title='bbox 1546 3442 1609 3494; x_wconf 88' lang='grc' dir='ltr'><strong>ού</strong></span> <span class='ocrx_word' id='word_1_478' title='bbox 1641 3442 1774 3511; x_wconf 79' lang='grc' dir='ltr'>γὰρ,</span> 
     </span>
    </p>
   </div>
   <div class='ocr_carea' id='block_1_62' title="bbox 171 3527 1776 3605">
    <p class='ocr_par' dir='ltr' id='par_1_62' title="bbox 171 3527 1776 3605">
     <span class='ocr_line' id='line_1_62' title="bbox 171 3527 1776 3605; baseline 0.006 -26"><span class='ocrx_word' id='word_1_479' title='bbox 171 3527 245 3592; x_wconf 86' lang='grc' dir='ltr'><strong>ώς</strong></span> <span class='ocrx_word' id='word_1_480' title='bbox 275 3527 344 3581; x_wconf 67' lang='grc' dir='ltr'><strong>τὰ</strong></span> <span class='ocrx_word' id='word_1_481' title='bbox 383 3527 540 3598; x_wconf 76' lang='grc' dir='ltr'>παρὰ</span> <span class='ocrx_word' id='word_1_482' title='bbox 595 3528 707 3581; x_wconf 87' lang='grc' dir='ltr'><strong>τῶν</strong></span> <span class='ocrx_word' id='word_1_483' title='bbox 743 3531 1048 3600; x_wconf 82' lang='grc' dir='ltr'>προφητῶν</span> <span class='ocrx_word' id='word_1_484' title='bbox 1102 3534 1396 3603; x_wconf 79' lang='grc' dir='ltr'>εἰρημένα,</span> <span class='ocrx_word' id='word_1_485' title='bbox 1458 3535 1776 3605; x_wconf 66' lang='grc' dir='ltr'>παράτασιν</span> 
     </span>
    </p>
   </div>
   <div class='ocr_carea' id='block_1_63' title="bbox 174 3621 1776 3698">
    <p class='ocr_par' dir='ltr' id='par_1_63' title="bbox 174 3621 1776 3698">
     <span class='ocr_line' id='line_1_63' title="bbox 174 3621 1776 3698; baseline 0.006 -26"><span class='ocrx_word' id='word_1_486' title='bbox 174 3623 433 3692; x_wconf 79' lang='grc' dir='ltr'>χρονικὴν</span> <span class='ocrx_word' id='word_1_487' title='bbox 460 3621 746 3691; x_wconf 73' lang='grc' dir='ltr'>λήψονται.</span> <span class='ocrx_word' id='word_1_488' title='bbox 785 3624 1102 3693; x_wconf 82' lang='grc' dir='ltr'>Ἀληθινοὺς</span> <span class='ocrx_word' id='word_1_489' title='bbox 1126 3625 1183 3678; x_wconf 79' lang='grc' dir='ltr'><strong>δὲ</strong></span> <span class='ocrx_word' id='word_1_490' title='bbox 1207 3629 1594 3698; x_wconf 59' lang='grc' dir='ltr'>προσκυνητέκ</span> <span class='ocrx_word' id='word_1_491' title='bbox 1642 3646 1776 3698; x_wconf 84' lang='grc' dir='ltr'>φησι</span> 
     </span>
    </p>
   </div>
   <div class='ocr_carea' id='block_1_64' title="bbox 172 3713 1776 3791">
    <p class='ocr_par' dir='ltr' id='par_1_64' title="bbox 172 3713 1776 3791">
     <span class='ocr_line' id='line_1_64' title="bbox 172 3713 1776 3791; baseline 0.006 -26"><span class='ocrx_word' id='word_1_492' title='bbox 172 3713 301 3777; x_wconf 82' lang='grc' dir='ltr'>τοὺς</span> <span class='ocrx_word' id='word_1_493' title='bbox 354 3714 498 3769; x_wconf 82' lang='grc' dir='ltr'><strong>κατὰ</strong></span> <span class='ocrx_word' id='word_1_494' title='bbox 534 3715 626 3769; x_wconf 88' lang='grc' dir='ltr'><strong>τὸν</strong></span> <span class='ocrx_word' id='word_1_495' title='bbox 673 3715 843 3769; x_wconf 79' lang='grc' dir='ltr'>αὑτοῦ</span> <span class='ocrx_word' id='word_1_496' title='bbox 892 3719 1058 3788; x_wconf 81' lang='grc' dir='ltr'>νόμον</span> <span class='ocrx_word' id='word_1_497' title='bbox 1089 3719 1567 3791; x_wconf 84' lang='grc' dir='ltr'>πολιτευομένους,</span> <span class='ocrx_word' id='word_1_498' title='bbox 1622 3721 1671 3774; x_wconf 75' lang='grc' dir='ltr'>οἳ</span> <span class='ocrx_word' id='word_1_499' title='bbox 1713 3722 1776 3775; x_wconf 81' lang='grc' dir='ltr'>οὐ</span> 
     </span>
    </p>
   </div>
   <div class='ocr_carea' id='block_1_65' title="bbox 170 3809 1776 3887">
    <p class='ocr_par' dir='ltr' id='par_1_65' title="bbox 170 3809 1776 3887">
     <span class='ocr_line' id='line_1_65' title="bbox 170 3809 1776 3887; baseline 0.006 -27"><span class='ocrx_word' id='word_1_500' title='bbox 170 3810 324 3879; x_wconf 67' lang='grc' dir='ltr'><strong>τὶπῳ</strong></span> <span class='ocrx_word' id='word_1_501' title='bbox 378 3809 753 3879; x_wconf 78' lang='grc' dir='ltr'>περικλείουσι</span> <span class='ocrx_word' id='word_1_502' title='bbox 805 3811 897 3864; x_wconf 91' lang='grc' dir='ltr'><strong>τὸν</strong></span> <span class='ocrx_word' id='word_1_503' title='bbox 949 3811 1107 3877; x_wconf 85' lang='grc' dir='ltr'>Θεὸν,</span> <span class='ocrx_word' id='word_1_504' title='bbox 1144 3814 1220 3876; x_wconf 85' lang='grc' dir='ltr'>ὼς</span> <span class='ocrx_word' id='word_1_505' title='bbox 1254 3816 1303 3866; x_wconf 81' lang='lat' dir='ltr'><strong>oi</strong></span> <span class='ocrx_word' id='word_1_506' title='bbox 1335 3815 1700 3886; x_wconf 81' lang='grc' dir='ltr'>Σαμαρεῖται,</span> <span class='ocrx_word' id='word_1_507' title='bbox 1743 3816 1776 3887; x_wconf 82' lang='grc' dir='ltr'>ἦ</span> 
     </span>
    </p>
   </div>
   <div class='ocr_carea' id='block_1_66' title="bbox 171 3901 1776 3978">
    <p class='ocr_par' dir='ltr' id='par_1_66' title="bbox 171 3901 1776 3978">
     <span class='ocr_line' id='line_1_66' title="bbox 171 3901 1776 3978; baseline 0.005 -25"><span class='ocrx_word' id='word_1_508' title='bbox 171 3901 404 3972; x_wconf 72' lang='grc' dir='ltr'>λατρεία</span> <span class='ocrx_word' id='word_1_509' title='bbox 426 3901 826 3975; x_wconf 82' lang='grc' dir='ltr'>θεραπεύουσιν</span> <span class='ocrx_word' id='word_1_510' title='bbox 863 3903 1027 3956; x_wconf 85' lang='grc' dir='ltr'>αὐτὸν</span> <span class='ocrx_word' id='word_1_511' title='bbox 1053 3911 1370 3978; x_wconf 79' lang='grc' dir='ltr'>σωματικῇ,</span> <span class='ocrx_word' id='word_1_512' title='bbox 1395 3909 1471 3972; x_wconf 85' lang='grc' dir='ltr'><strong>ώς</strong></span> <span class='ocrx_word' id='word_1_513' title='bbox 1506 3909 1776 3974; x_wconf 86' lang='grc' dir='ltr'>Ἰουδαῖοι,</span> 
     </span>
    </p>
   </div>
   <div class='ocr_carea' id='block_1_67' title="bbox 173 3993 1778 4071">
    <p class='ocr_par' dir='ltr' id='par_1_67' title="bbox 173 3993 1778 4071">
     <span class='ocr_line' id='line_1_67' title="bbox 173 3993 1778 4071; baseline 0.006 -24"><span class='ocrx_word' id='word_1_514' title='bbox 173 3993 292 4047; x_wconf 82' lang='grc' dir='ltr'>ἀλλ’</span> <span class='ocrx_word' id='word_1_515' title='bbox 349 3997 408 4047; x_wconf 82' lang='grc' dir='ltr'>ὲν</span> <span class='ocrx_word' id='word_1_516' title='bbox 448 3994 725 4066; x_wconf 83' lang='grc' dir='ltr'>πνεύματι</span> <span class='ocrx_word' id='word_1_517' title='bbox 768 3997 864 4050; x_wconf 71' lang='grc' dir='ltr'><strong>καὶ</strong></span> <span class='ocrx_word' id='word_1_518' title='bbox 917 3997 1171 4069; x_wconf 79' lang='grc' dir='ltr'>ἀληθείᾳ,</span> <span class='ocrx_word' id='word_1_519' title='bbox 1226 4000 1478 4054; x_wconf 78' lang='grc' dir='ltr'>τουτέστι</span> <span class='ocrx_word' id='word_1_520' title='bbox 1531 4001 1620 4055; x_wconf 69' lang='grc' dir='ltr'>διὰ</span> <span class='ocrx_word' id='word_1_521' title='bbox 1675 4002 1778 4071; x_wconf 77' lang='grc' dir='ltr'><strong>τῆς</strong></span> 
     </span>
    </p>
   </div>
   <div class='ocr_carea' id='block_1_68' title="bbox 169 4085 1778 4166">
    <p class='ocr_par' dir='ltr' id='par_1_68' title="bbox 169 4085 1778 4166">
     <span class='ocr_line' id='line_1_68' title="bbox 169 4085 1778 4166; baseline 0.004 -27"><span class='ocrx_word' id='word_1_522' title='bbox 169 4085 373 4156; x_wconf 69' lang='grc' dir='ltr'>ψυχῆς,</span> <span class='ocrx_word' id='word_1_523' title='bbox 415 4086 504 4140; x_wconf 69' lang='grc' dir='ltr'>διὰ</span> <span class='ocrx_word' id='word_1_524' title='bbox 538 4088 638 4157; x_wconf 79' lang='grc' dir='ltr'>τῆς</span> <span class='ocrx_word' id='word_1_525' title='bbox 667 4085 762 4140; x_wconf 83' lang='grc' dir='ltr'><strong>τοῦ</strong></span> <span class='ocrx_word' id='word_1_526' title='bbox 798 4087 918 4151; x_wconf 71' lang='grc' dir='ltr'>νοὸς</span> <span class='ocrx_word' id='word_1_527' title='bbox 954 4089 1356 4160; x_wconf 77' lang='grc' dir='ltr'>καθαρότητος.</span> <span class='ocrx_word' id='word_1_528' title='bbox 1403 4092 1558 4146; x_wconf 80' lang='grc' dir='ltr'>Ἐπεὶ</span> <span class='ocrx_word' id='word_1_529' title='bbox 1603 4093 1711 4166; x_wconf 75' lang='grc' dir='ltr'><strong>γὰρ</strong></span> <span class='ocrx_word' id='word_1_530' title='bbox 1750 4097 1778 4147; x_wconf 88' lang='lat'><strong>6</strong></span> 
     </span>
    </p>
   </div>
   <div class='ocr_carea' id='block_1_69' title="bbox 171 4179 1779 4256">
    <p class='ocr_par' dir='ltr' id='par_1_69' title="bbox 171 4179 1779 4256">
     <span class='ocr_line' id='line_1_69' title="bbox 171 4179 1779 4256; baseline 0.006 -24"><span class='ocrx_word' id='word_1_531' title='bbox 171 4179 308 4243; x_wconf 79' lang='grc' dir='ltr'>Θεὸς</span> <span class='ocrx_word' id='word_1_532' title='bbox 342 4179 563 4250; x_wconf 81' lang='grc' dir='ltr'>πνεῦμά</span> <span class='ocrx_word' id='word_1_533' title='bbox 619 4183 758 4248; x_wconf 79' lang='grc' dir='ltr'>ἐστι,</span> <span class='ocrx_word' id='word_1_534' title='bbox 799 4185 1083 4238; x_wconf 83' lang='grc' dir='ltr'>τουτέστιν</span> <span class='ocrx_word' id='word_1_535' title='bbox 1125 4183 1442 4256; x_wconf 77' lang='grc' dir='ltr'>ἀσώματος,</span> <span class='ocrx_word' id='word_1_536' title='bbox 1502 4188 1586 4241; x_wconf 88' lang='grc' dir='ltr'><strong>δεῖ</strong></span> <span class='ocrx_word' id='word_1_537' title='bbox 1611 4188 1779 4242; x_wconf 83' lang='grc' dir='ltr'>αὑτὸν</span> 
     </span>
    </p>
   </div>
   <div class='ocr_carea' id='block_1_70' title="bbox 174 4277 1778 4351">
    <p class='ocr_par' dir='ltr' id='par_1_70' title="bbox 174 4277 1778 4351">
     <span class='ocr_line' id='line_1_70' title="bbox 174 4277 1778 4351; baseline 0.006 -26"><span class='ocrx_word' id='word_1_538' title='bbox 174 4277 508 4344; x_wconf 81' lang='grc' dir='ltr'>προσκυνεῖν</span> <span class='ocrx_word' id='word_1_539' title='bbox 564 4277 897 4346; x_wconf 77' lang='grc' dir='ltr'>ἀσωμάτως,</span> <span class='ocrx_word' id='word_1_540' title='bbox 935 4278 963 4330; x_wconf 85' lang='grc' dir='ltr'>ὃ</span> <span class='ocrx_word' id='word_1_541' title='bbox 1012 4278 1128 4331; x_wconf 78' lang='grc' dir='ltr'>ἔστι</span> <span class='ocrx_word' id='word_1_542' title='bbox 1177 4280 1318 4332; x_wconf 84' lang='grc' dir='ltr'>κατὰ</span> <span class='ocrx_word' id='word_1_543' title='bbox 1369 4280 1572 4351; x_wconf 77' lang='grc' dir='ltr'>ψυχήν.</span> <span class='ocrx_word' id='word_1_544' title='bbox 1606 4280 1778 4334; x_wconf 80' lang='grc' dir='ltr'>Τοῦτο</span> 
     </span>
    </p>
   </div>
   <div class='ocr_carea' id='block_1_71' title="bbox 171 4363 1779 4448">
    <p class='ocr_par' dir='ltr' id='par_1_71' title="bbox 171 4363 1779 4448">
     <span class='ocr_line' id='line_1_71' title="bbox 171 4363 1779 4448; baseline 0.006 -33"><span class='ocrx_word' id='word_1_545' title='bbox 171 4363 405 4448; x_wconf 17' lang='grc' dir='ltr'><strong>γὰρῆ-διὰ</strong></span> <span class='ocrx_word' id='word_1_546' title='bbox 427 4363 542 4430; x_wconf 84' lang='grc' dir='ltr'>τοῦ,</span> <span class='ocrx_word' id='word_1_547' title='bbox 590 4384 606 4416; x_wconf 79' lang='grc' dir='ltr'><strong>ι</strong></span> <span class='ocrx_word' id='word_1_548' title='bbox 664 4368 721 4418; x_wconf 85' lang='grc' dir='ltr'><strong>ἐν</strong></span> <span class='ocrx_word' id='word_1_549' title='bbox 753 4366 1052 4438; x_wconf 85' lang='grc' dir='ltr'>πνεύματι,</span> <span class='ocrx_word' id='word_1_550' title='bbox 1092 4387 1110 4420; x_wconf 69' lang='grc' dir='ltr'><strong>ι</strong></span> <span class='ocrx_word' id='word_1_551' title='bbox 1164 4369 1350 4440; x_wconf 82' lang='grc' dir='ltr'>δηλοῖ·</span> <span class='ocrx_word' id='word_1_552' title='bbox 1395 4373 1490 4424; x_wconf 80' lang='grc' dir='ltr'><strong>καὶ</strong></span> <span class='ocrx_word' id='word_1_553' title='bbox 1519 4375 1631 4441; x_wconf 69' lang='grc' dir='ltr'><strong>γὰρ</strong></span> <span class='ocrx_word' id='word_1_554' title='bbox 1683 4371 1779 4425; x_wconf 75' lang='grc' dir='ltr'>καὶ</span> 
     </span>
    </p>
   </div>
   <div class='ocr_carea' id='block_1_72' title="bbox 174 4451 1775 4535">
    <p class='ocr_par' dir='ltr' id='par_1_72' title="bbox 174 4451 1775 4533">
     <span class='ocr_line' id='line_1_72' title="bbox 174 4451 1775 4533; baseline 0.006 -27"><span class='ocrx_word' id='word_1_555' title='bbox 174 4451 423 4526; x_wconf 70' lang='grc' dir='ltr'>πνεῦμα,</span> <span class='ocrx_word' id='word_1_556' title='bbox 487 4459 580 4512; x_wconf 80' lang='grc' dir='ltr'><strong>καὶ</strong></span> <span class='ocrx_word' id='word_1_557' title='bbox 641 4458 936 4530; x_wconf 79' lang='grc' dir='ltr'>ἀσώματον</span> <span class='ocrx_word' id='word_1_558' title='bbox 973 4463 1006 4531; x_wconf 82' lang='grc' dir='ltr'><strong>ἡ</strong></span> <span class='ocrx_word' id='word_1_559' title='bbox 1067 4461 1239 4533; x_wconf 72' lang='grc' dir='ltr'><strong>ψυχή.</strong></span> <span class='ocrx_word' id='word_1_560' title='bbox 1288 4463 1445 4517; x_wconf 74' lang='grc' dir='ltr'>Ἐπεὶ</span> <span class='ocrx_word' id='word_1_561' title='bbox 1499 4464 1554 4518; x_wconf 78' lang='grc' dir='ltr'>δὲ</span> <span class='ocrx_word' id='word_1_562' title='bbox 1592 4465 1775 4517; x_wconf 68' lang='grc' dir='ltr'>πολλοὶ</span> 
     </span>
    </p>
   </div>
   <div class='ocr_carea' id='block_1_73' title="bbox 1884 4451 2963 4535">
    <p class='ocr_par' dir='ltr' id='par_1_73' title="bbox 1893 4471 2963 4535">
     <span class='ocr_line' id='line_1_73' title="bbox 1893 4471 2963 4535; baseline -0.002 -9"><span class='ocrx_word' id='word_1_563' title='bbox 1893 4473 2094 4527; x_wconf 89' lang='lat' dir='ltr'><strong>habent</strong></span> <span class='ocrx_word' id='word_1_564' title='bbox 2129 4471 2442 4535; x_wconf 75' lang='lat' dir='ltr'><strong>scientiam,</strong></span> <span class='ocrx_word' id='word_1_565' title='bbox 2476 4471 2621 4527; x_wconf 87' lang='lat' dir='ltr'><strong>sicut</strong></span> <span class='ocrx_word' id='word_1_566' title='bbox 2662 4471 2906 4526; x_wconf 77' lang='lat' dir='ltr'><strong>haeretici</strong></span> <span class='ocrx_word' id='word_1_567' title='bbox 2950 4488 2963 4524; x_wconf 89' lang='lat'><strong>:</strong></span> 
     </span>
    </p>
   </div>
   <div class='ocr_carea' id='block_1_74' title="bbox 171 4545 1781 4627">
    <p class='ocr_par' dir='ltr' id='par_1_74' title="bbox 171 4545 1781 4627">
     <span class='ocr_line' id='line_1_74' title="bbox 171 4545 1781 4627; baseline 0.007 -29"><span class='ocrx_word' id='word_1_568' title='bbox 171 4545 398 4600; x_wconf 80' lang='grc' dir='ltr'>δοκοῦσι</span> <span class='ocrx_word' id='word_1_569' title='bbox 433 4549 534 4616; x_wconf 80' lang='grc' dir='ltr'><strong>μὲν</strong></span> <span class='ocrx_word' id='word_1_570' title='bbox 560 4549 724 4604; x_wconf 77' lang='grc' dir='ltr'>αὐτὸν</span> <span class='ocrx_word' id='word_1_571' title='bbox 760 4555 1090 4620; x_wconf 85' lang='grc' dir='ltr'>προσκυνεῖν</span> <span class='ocrx_word' id='word_1_572' title='bbox 1127 4553 1271 4608; x_wconf 69' lang='grc' dir='ltr'>κατὰ</span> <span class='ocrx_word' id='word_1_573' title='bbox 1297 4555 1500 4627; x_wconf 71' lang='grc' dir='ltr'>ψυχὴν,</span> <span class='ocrx_word' id='word_1_574' title='bbox 1548 4556 1651 4610; x_wconf 83' lang='grc' dir='ltr'>οὐκ</span> <span class='ocrx_word' id='word_1_575' title='bbox 1683 4556 1781 4626; x_wconf 62' lang='grc' dir='ltr'><strong>ὀρ-</strong></span> 
     </span>
    </p>
   </div>
   <div class='ocr_carea' id='block_1_75' title="bbox 169 4640 1778 4720">
    <p class='ocr_par' dir='ltr' id='par_1_75' title="bbox 169 4640 1778 4720">
     <span class='ocr_line' id='line_1_75' title="bbox 169 4640 1778 4720; baseline 0.005 -27"><span class='ocrx_word' id='word_1_576' title='bbox 169 4640 278 4711; x_wconf 74' lang='grc' dir='ltr'><strong>θὴν</strong></span> <span class='ocrx_word' id='word_1_577' title='bbox 307 4641 364 4695; x_wconf 69' lang='grc' dir='ltr'>δὲ</span> <span class='ocrx_word' id='word_1_578' title='bbox 404 4641 565 4706; x_wconf 81' lang='grc' dir='ltr'>δόξαν</span> <span class='ocrx_word' id='word_1_579' title='bbox 608 4643 739 4714; x_wconf 73' lang='grc' dir='ltr'>περὶ</span> <span class='ocrx_word' id='word_1_580' title='bbox 761 4644 930 4698; x_wconf 75' lang='grc' dir='ltr'>αὑτοῦ</span> <span class='ocrx_word' id='word_1_581' title='bbox 974 4645 1217 4716; x_wconf 75' lang='grc' dir='ltr'>ἔχουσιν,</span> <span class='ocrx_word' id='word_1_582' title='bbox 1267 4647 1343 4712; x_wconf 83' lang='grc' dir='ltr'>ὡς</span> <span class='ocrx_word' id='word_1_583' title='bbox 1377 4649 1427 4701; x_wconf 78' lang='lat' dir='ltr'><strong>oi</strong></span> <span class='ocrx_word' id='word_1_584' title='bbox 1484 4650 1778 4720; x_wconf 73' lang='grc' dir='ltr'>αἱρετικοὶ,</span> 
     </span>
    </p>
   </div>
   <div class='ocr_carea' id='block_1_76' title="bbox 172 4733 1780 4813">
    <p class='ocr_par' dir='ltr' id='par_1_76' title="bbox 172 4733 1780 4813">
     <span class='ocr_line' id='line_1_76' title="bbox 172 4733 1780 4813; baseline 0.005 -27"><span class='ocrx_word' id='word_1_585' title='bbox 172 4733 264 4786; x_wconf 77' lang='grc' dir='ltr'>διὰ</span> <span class='ocrx_word' id='word_1_586' title='bbox 291 4733 452 4787; x_wconf 76' lang='grc' dir='ltr'>τοῦτο</span> <span class='ocrx_word' id='word_1_587' title='bbox 484 4734 797 4806; x_wconf 88' lang='grc' dir='ltr'>προσέθηκε</span> <span class='ocrx_word' id='word_1_588' title='bbox 847 4737 930 4790; x_wconf 86' lang='grc' dir='ltr'>τὸ.</span> <span class='ocrx_word' id='word_1_589' title='bbox 974 4759 991 4790; x_wconf 72' lang='grc' dir='ltr'><strong>ι</strong></span> <span class='ocrx_word' id='word_1_590' title='bbox 1060 4740 1118 4791; x_wconf 84' lang='grc' dir='ltr'>ὲν</span> <span class='ocrx_word' id='word_1_591' title='bbox 1165 4739 1421 4810; x_wconf 83' lang='grc' dir='ltr'>ἀληθείᾳ.</span> <span class='ocrx_word' id='word_1_592' title='bbox 1482 4758 1501 4792; x_wconf 75' lang='lat' dir='ltr'><strong>t</strong></span> <span class='ocrx_word' id='word_1_593' title='bbox 1541 4743 1631 4794; x_wconf 85' lang='grc' dir='ltr'>Δεῖ</span> <span class='ocrx_word' id='word_1_594' title='bbox 1668 4741 1780 4813; x_wconf 82' lang='grc' dir='ltr'><strong>γὰρ</strong></span> 
     </span>
    </p>
   </div>
   <div class='ocr_carea' id='block_1_77' title="bbox 179 4826 1776 4904">
    <p class='ocr_par' dir='ltr' id='par_1_77' title="bbox 179 4826 1776 4904">
     <span class='ocr_line' id='line_1_77' title="bbox 179 4826 1776 4904; baseline 0.006 -27"><span class='ocrx_word' id='word_1_595' title='bbox 179 4826 280 4878; x_wconf 74' lang='grc' dir='ltr'><strong>καὶ</strong></span> <span class='ocrx_word' id='word_1_596' title='bbox 310 4828 452 4880; x_wconf 84' lang='grc' dir='ltr'>κατὰ</span> <span class='ocrx_word' id='word_1_597' title='bbox 485 4828 613 4881; x_wconf 84' lang='grc' dir='ltr'>νοῦν</span> <span class='ocrx_word' id='word_1_598' title='bbox 653 4831 985 4899; x_wconf 85' lang='grc' dir='ltr'>προσκυνεῖν</span> <span class='ocrx_word' id='word_1_599' title='bbox 1007 4830 1086 4900; x_wconf 83' lang='grc' dir='ltr'>τῷ</span> <span class='ocrx_word' id='word_1_600' title='bbox 1112 4831 1256 4900; x_wconf 84' lang='grc' dir='ltr'>Θεῷ,</span> <span class='ocrx_word' id='word_1_601' title='bbox 1285 4831 1424 4886; x_wconf 76' lang='grc' dir='ltr'>ἀλλὰ</span> <span class='ocrx_word' id='word_1_602' title='bbox 1463 4834 1557 4886; x_wconf 75' lang='grc' dir='ltr'><strong>καὶ</strong></span> <span class='ocrx_word' id='word_1_603' title='bbox 1597 4833 1776 4904; x_wconf 83' lang='grc' dir='ltr'>ἁληθῆ</span> 
     </span>
    </p>
   </div>
   <div class='ocr_carea' id='block_1_78' title="bbox 166 4919 1780 4998">
    <p class='ocr_par' dir='ltr' id='par_1_78' title="bbox 166 4919 1780 4998">
     <span class='ocr_line' id='line_1_78' title="bbox 166 4919 1780 4998; baseline 0.006 -26"><span class='ocrx_word' id='word_1_604' title='bbox 166 4919 340 4987; x_wconf 69' lang='grc' dir='ltr'>’δόξαν</span> <span class='ocrx_word' id='word_1_605' title='bbox 368 4921 496 4992; x_wconf 73' lang='grc' dir='ltr'>περὶ</span> <span class='ocrx_word' id='word_1_606' title='bbox 526 4921 691 4975; x_wconf 81' lang='grc' dir='ltr'>αὑτοῦ</span> <span class='ocrx_word' id='word_1_607' title='bbox 719 4921 885 4993; x_wconf 79' lang='grc' dir='ltr'>ἔχειν.</span> <span class='ocrx_word' id='word_1_608' title='bbox 912 4925 1068 4995; x_wconf 84' lang='grc' dir='ltr'>Τάχα</span> <span class='ocrx_word' id='word_1_609' title='bbox 1092 4925 1147 4978; x_wconf 89' lang='grc' dir='ltr'><strong>δέ</strong></span> <span class='ocrx_word' id='word_1_610' title='bbox 1175 4941 1260 4989; x_wconf 85' lang='grc' dir='ltr'><strong>τις</strong></span> <span class='ocrx_word' id='word_1_611' title='bbox 1303 4927 1440 4998; x_wconf 76' lang='grc' dir='ltr'>ἐρεῖ,</span> <span class='ocrx_word' id='word_1_612' title='bbox 1469 4927 1553 4980; x_wconf 85' lang='grc' dir='ltr'>ὃτι</span> <span class='ocrx_word' id='word_1_613' title='bbox 1592 4928 1661 4982; x_wconf 83' lang='grc' dir='ltr'>τὰ</span> <span class='ocrx_word' id='word_1_614' title='bbox 1684 4927 1780 4981; x_wconf 87' lang='grc' dir='ltr'><strong>δύο</strong></span> 
     </span>
    </p>
   </div>
   <div class='ocr_carea' id='block_1_79' title="bbox 175 5014 1774 5092">
    <p class='ocr_par' dir='ltr' id='par_1_79' title="bbox 175 5014 1774 5092">
     <span class='ocr_line' id='line_1_79' title="bbox 175 5014 1774 5092; baseline 0.006 -27"><span class='ocrx_word' id='word_1_615' title='bbox 175 5018 277 5083; x_wconf 75' lang='grc' dir='ltr'><strong>της</strong></span> <span class='ocrx_word' id='word_1_616' title='bbox 319 5014 444 5068; x_wconf 84' lang='grc' dir='ltr'>καθ’</span> <span class='ocrx_word' id='word_1_617' title='bbox 476 5015 624 5085; x_wconf 72' lang='grc' dir='ltr'>ἡμᾶς</span> <span class='ocrx_word' id='word_1_618' title='bbox 659 5016 983 5087; x_wconf 79' lang='grc' dir='ltr'>φιλοσοφίας</span> <span class='ocrx_word' id='word_1_619' title='bbox 1012 5014 1250 5073; x_wconf 74' lang='grc' dir='ltr'>ἐνταῦθα</span> <span class='ocrx_word' id='word_1_620' title='bbox 1275 5020 1416 5092; x_wconf 87' lang='grc' dir='ltr'>μέρη</span> <span class='ocrx_word' id='word_1_621' title='bbox 1453 5021 1774 5089; x_wconf 78' lang='grc' dir='ltr'>αἰνίττεται,</span> 
     </span>
    </p>
   </div>
   <div class='ocr_carea' id='block_1_80' title="bbox 174 5108 1779 5183">
    <p class='ocr_par' dir='ltr' id='par_1_80' title="bbox 174 5108 1779 5183">
     <span class='ocr_line' id='line_1_80' title="bbox 174 5108 1779 5183; baseline 0.006 -24"><span class='ocrx_word' id='word_1_622' title='bbox 174 5108 380 5178; x_wconf 79' lang='grc' dir='ltr'>πρᾶξιν</span> <span class='ocrx_word' id='word_1_623' title='bbox 405 5109 554 5178; x_wconf 70' lang='grc' dir='ltr'>λέγω</span> <span class='ocrx_word' id='word_1_624' title='bbox 581 5110 677 5163; x_wconf 79' lang='grc' dir='ltr'>καὶ</span> <span class='ocrx_word' id='word_1_625' title='bbox 717 5111 974 5183; x_wconf 87' lang='grc' dir='ltr'>θεωρίαν,</span> <span class='ocrx_word' id='word_1_626' title='bbox 1025 5112 1112 5166; x_wconf 66' lang='grc' dir='ltr'>διὰ</span> <span class='ocrx_word' id='word_1_627' title='bbox 1143 5113 1253 5166; x_wconf 82' lang='grc' dir='ltr'><strong>τῶν</strong></span> <span class='ocrx_word' id='word_1_628' title='bbox 1293 5115 1388 5168; x_wconf 88' lang='grc' dir='ltr'><strong>δύο</strong></span> <span class='ocrx_word' id='word_1_629' title='bbox 1415 5114 1621 5168; x_wconf 91' lang='grc' dir='ltr'>τούτων</span> <span class='ocrx_word' id='word_1_630' title='bbox 1645 5131 1656 5143; x_wconf 89' lang='grc'><strong>·</strong></span> <span class='ocrx_word' id='word_1_631' title='bbox 1690 5115 1779 5169; x_wconf 77' lang='grc' dir='ltr'>διὰ</span> 
     </span>
    </p>
   </div>
   <div class='ocr_carea' id='block_1_81' title="bbox 176 5201 1780 5279">
    <p class='ocr_par' dir='ltr' id='par_1_81' title="bbox 176 5201 1780 5279">
     <span class='ocr_line' id='line_1_81' title="bbox 176 5201 1780 5279; baseline 0.005 -26"><span class='ocrx_word' id='word_1_632' title='bbox 176 5201 287 5270; x_wconf 78' lang='grc' dir='ltr'>μὲν</span> <span class='ocrx_word' id='word_1_633' title='bbox 319 5201 437 5267; x_wconf 88' lang='grc' dir='ltr'>τοῦ,</span> <span class='ocrx_word' id='word_1_634' title='bbox 477 5220 496 5254; x_wconf 82' lang='grc'><strong><em>‹</em></strong></span> <span class='ocrx_word' id='word_1_635' title='bbox 538 5204 595 5256; x_wconf 83' lang='grc' dir='ltr'>ὲν</span> <span class='ocrx_word' id='word_1_636' title='bbox 627 5204 921 5274; x_wconf 79' lang='grc' dir='ltr'>πνεύματι,</span> <span class='ocrx_word' id='word_1_637' title='bbox 955 5206 1050 5260; x_wconf 68' lang='grc' dir='ltr'>»τὸ</span> <span class='ocrx_word' id='word_1_638' title='bbox 1074 5208 1403 5278; x_wconf 86' lang='grc' dir='ltr'>πρακτικόν.</span> <span class='ocrx_word' id='word_1_639' title='bbox 1447 5207 1638 5263; x_wconf 73' lang='grc' dir='ltr'>«Ὅσοι</span> <span class='ocrx_word' id='word_1_640' title='bbox 1670 5210 1780 5279; x_wconf 77' lang='grc' dir='ltr'><strong>γὰρ</strong></span> 
     </span>
    </p>
   </div>
   <div class='ocr_carea' id='block_1_82' title="bbox 173 5293 1780 5373">
    <p class='ocr_par' dir='ltr' id='par_1_82' title="bbox 173 5293 1780 5373">
     <span class='ocr_line' id='line_1_82' title="bbox 173 5293 1780 5373; baseline 0.013 -28"><span class='ocrx_word' id='word_1_641' title='bbox 173 5293 456 5364; x_wconf 65' lang='grc' dir='ltr'>πνεύματι</span> <span class='ocrx_word' id='word_1_642' title='bbox 486 5295 623 5349; x_wconf 87' lang='grc' dir='ltr'>Θεοῦ</span> <span class='ocrx_word' id='word_1_643' title='bbox 680 5297 925 5366; x_wconf 77' lang='grc' dir='ltr'>ἄγονται,</span> <span class='ocrx_word' id='word_1_644' title='bbox 961 5301 1056 5362; x_wconf 74' lang='grc' dir='ltr'>τὰς</span> <span class='ocrx_word' id='word_1_645' title='bbox 1089 5301 1321 5373; x_wconf 79' lang='grc' dir='ltr'>πράξεις</span> <span class='ocrx_word' id='word_1_646' title='bbox 1372 5299 1468 5354; x_wconf 87' lang='grc' dir='ltr'><strong>τοῦ</strong></span> <span class='ocrx_word' id='word_1_647' title='bbox 1524 5300 1780 5372; x_wconf 81' lang='grc' dir='ltr'>σώματος</span> 
     </span>
    </p>
   </div>
   <div class='ocr_carea' id='block_1_83' title="bbox 173 5387 1774 5451">
    <p class='ocr_par' dir='ltr' id='par_1_83' title="bbox 173 5387 1774 5451">
     <span class='ocr_line' id='line_1_83' title="bbox 173 5387 1774 5451; baseline 0.006 -13"><span class='ocrx_word' id='word_1_648' title='bbox 173 5387 528 5450; x_wconf 77' lang='grc' dir='ltr'>θανατοῦσι,»</span> <span class='ocrx_word' id='word_1_649' title='bbox 564 5391 709 5443; x_wconf 82' lang='grc' dir='ltr'>κατὰ</span> <span class='ocrx_word' id='word_1_650' title='bbox 745 5390 836 5445; x_wconf 86' lang='grc' dir='ltr'><strong>τὸν</strong></span> <span class='ocrx_word' id='word_1_651' title='bbox 858 5391 1002 5446; x_wconf 83' lang='grc' dir='ltr'>θεῖον</span> <span class='ocrx_word' id='word_1_652' title='bbox 1046 5394 1379 5448; x_wconf 77' lang='grc' dir='ltr'>’Λπόστολον</span> <span class='ocrx_word' id='word_1_653' title='bbox 1402 5408 1418 5427; x_wconf 78' lang='grc'><strong><em>⁸</em></strong></span> <span class='ocrx_word' id='word_1_654' title='bbox 1451 5395 1546 5448; x_wconf 79' lang='grc' dir='ltr'><strong>καὶ</strong></span> <span class='ocrx_word' id='word_1_655' title='bbox 1587 5395 1774 5451; x_wconf 74' lang='grc' dir='ltr'>πάλινο</span> 
     </span>
    </p>
   </div>
   <div class='ocr_carea' id='block_1_84' title="bbox 179 5482 1778 5560">
    <p class='ocr_par' dir='ltr' id='par_1_84' title="bbox 179 5482 1778 5560">
     <span class='ocr_line' id='line_1_84' title="bbox 179 5482 1778 5560; baseline 0.006 -26"><span class='ocrx_word' id='word_1_656' title='bbox 179 5498 202 5535; x_wconf 78' lang='grc' dir='ltr'><strong>σ</strong></span> <span class='ocrx_word' id='word_1_657' title='bbox 255 5483 322 5535; x_wconf 83' lang='grc' dir='ltr'>Ἢ</span> <span class='ocrx_word' id='word_1_658' title='bbox 355 5482 514 5554; x_wconf 74' lang='grc' dir='ltr'>σὰρξ,</span> <span class='ocrx_word' id='word_1_659' title='bbox 572 5483 833 5555; x_wconf 74' lang='grc' dir='ltr'>ἐπιθυμεῖ</span> <span class='ocrx_word' id='word_1_660' title='bbox 877 5488 1023 5542; x_wconf 69' lang='grc' dir='ltr'>κατὰ</span> <span class='ocrx_word' id='word_1_661' title='bbox 1082 5488 1176 5542; x_wconf 89' lang='grc' dir='ltr'><strong>τοῦ</strong></span> <span class='ocrx_word' id='word_1_662' title='bbox 1220 5489 1576 5560; x_wconf 79' lang='grc' dir='ltr'>πνεύματος·</span> <span class='ocrx_word' id='word_1_663' title='bbox 1609 5490 1670 5544; x_wconf 81' lang='grc' dir='ltr'><strong>τὸ</strong></span> <span class='ocrx_word' id='word_1_664' title='bbox 1721 5490 1778 5543; x_wconf 75' lang='grc' dir='ltr'>δὲ</span> 
     </span>
    </p>
   </div>
   <div class='ocr_carea' id='block_1_85' title="bbox 249 5639 1196 5712">
    <p class='ocr_par' dir='ltr' id='par_1_85' title="bbox 249 5639 1196 5712">
     <span class='ocr_line' id='line_1_85' title="bbox 249 5639 1196 5712; baseline 0.012 -20"><span class='ocrx_word' id='word_1_665' title='bbox 249 5639 270 5672; x_wconf 86' lang='grc'>³</span> <span class='ocrx_word' id='word_1_666' title='bbox 309 5640 464 5696; x_wconf 69' lang='lat' dir='ltr'><strong>lium.</strong></span> <span class='ocrx_word' id='word_1_667' title='bbox 499 5660 616 5712; x_wconf 89' lang='lat' dir='ltr'><strong>vm,</strong></span> <span class='ocrx_word' id='word_1_668' title='bbox 649 5645 734 5701; x_wconf 67' lang='grc' dir='ltr'>ιι.</span> <span class='ocrx_word' id='word_1_669' title='bbox 818 5655 832 5676; x_wconf 79' lang='grc'><em>⁸</em></span> <span class='ocrx_word' id='word_1_670' title='bbox 871 5647 990 5702; x_wconf 56' lang='grc' dir='ltr'>(λιι.</span> <span class='ocrx_word' id='word_1_671' title='bbox 1025 5665 1073 5705; x_wconf 73' lang='grc' dir='ltr'>γ,</span> <span class='ocrx_word' id='word_1_672' title='bbox 1114 5648 1196 5703; x_wconf 85' lang='grc'><strong>17.</strong></span> 
     </span>
    </p>
   </div>
   <div class='ocr_carea' id='block_1_86' title="bbox 249 5765 848 5839">
    <p class='ocr_par' dir='ltr' id='par_1_86' title="bbox 249 5765 848 5839">
     <span class='ocr_line' id='line_1_86' title="bbox 249 5765 848 5839; baseline 0.008 -23"><span class='ocrx_word' id='word_1_673' title='bbox 249 5765 330 5834; x_wconf 75' lang='grc' dir='ltr'>(τι)</span> <span class='ocrx_word' id='word_1_674' title='bbox 378 5765 536 5838; x_wconf 77' lang='grc' dir='ltr'>ὐμῖν</span> <span class='ocrx_word' id='word_1_675' title='bbox 563 5781 662 5838; x_wconf 78' lang='lat' dir='ltr'><strong>pro</strong></span> <span class='ocrx_word' id='word_1_676' title='bbox 696 5767 848 5839; x_wconf 74' lang='grc' dir='ltr'>ὑμῖν.</span> 
     </span>
    </p>
   </div>
   <div class='ocr_carea' id='block_1_87' title="bbox 1873 2692 3493 2763">
    <p class='ocr_par' dir='ltr' id='par_1_87' title="bbox 1873 2692 3493 2763">
     <span class='ocr_line' id='line_1_87' title="bbox 1873 2692 3493 2763; baseline -0.004 -12"><span class='ocrx_word' id='word_1_677' title='bbox 1873 2711 1938 2751; x_wconf 89' lang='lat' dir='ltr'><strong>ac</strong></span> <span class='ocrx_word' id='word_1_678' title='bbox 1969 2697 2220 2753; x_wconf 88' lang='lat' dir='ltr'><strong>veritate.</strong></span> <span class='ocrx_word' id='word_1_679' title='bbox 2260 2695 2396 2750; x_wconf 81' lang='lat' dir='ltr'><strong>Nam</strong></span> <span class='ocrx_word' id='word_1_680' title='bbox 2423 2704 2478 2752; x_wconf 89' lang='lat' dir='ltr'><strong>et</strong></span> <span class='ocrx_word' id='word_1_681' title='bbox 2527 2695 2690 2750; x_wconf 81' lang='lat' dir='ltr'><strong>Pater</strong></span> <span class='ocrx_word' id='word_1_682' title='bbox 2736 2693 2875 2750; x_wconf 85' lang='lat' dir='ltr'><strong>tales</strong></span> <span class='ocrx_word' id='word_1_683' title='bbox 2903 2695 3100 2763; x_wconf 72' lang='lat' dir='ltr'><strong>quaerit</strong></span> <span class='ocrx_word' id='word_1_684' title='bbox 3128 2692 3222 2762; x_wconf 91' lang='lat' dir='ltr'><strong>qui</strong></span> <span class='ocrx_word' id='word_1_685' title='bbox 3261 2693 3493 2748; x_wconf 79' lang='lat' dir='ltr'><strong>adorent</strong></span> 
     </span>
    </p>
   </div>
   <div class='ocr_carea' id='block_1_88' title="bbox 1877 2786 3495 2859">
    <p class='ocr_par' dir='ltr' id='par_1_88' title="bbox 1877 2786 3495 2859">
     <span class='ocr_line' id='line_1_88' title="bbox 1877 2786 3495 2859; baseline -0.002 -17"><span class='ocrx_word' id='word_1_686' title='bbox 1877 2789 2077 2859; x_wconf 91' lang='lat' dir='ltr'><strong>ipsum.</strong></span> <span class='ocrx_word' id='word_1_687' title='bbox 2111 2788 2351 2859; x_wconf 85' lang='lat' dir='ltr'><strong>Spiritus</strong></span> <span class='ocrx_word' id='word_1_688' title='bbox 2408 2797 2492 2844; x_wconf 90' lang='lat' dir='ltr'><strong>est</strong></span> <span class='ocrx_word' id='word_1_689' title='bbox 2543 2786 2710 2853; x_wconf 89' lang='lat' dir='ltr'><strong>Deus,</strong></span> <span class='ocrx_word' id='word_1_690' title='bbox 2740 2797 2798 2844; x_wconf 90' lang='lat' dir='ltr'><strong>et</strong></span> <span class='ocrx_word' id='word_1_691' title='bbox 2830 2803 2924 2842; x_wconf 88' lang='lat' dir='ltr'><strong>eos</strong></span> <span class='ocrx_word' id='word_1_692' title='bbox 2950 2787 3044 2858; x_wconf 86' lang='lat' dir='ltr'><strong>qui</strong></span> <span class='ocrx_word' id='word_1_693' title='bbox 3076 2787 3310 2842; x_wconf 84' lang='lat' dir='ltr'><strong>adorant</strong></span> <span class='ocrx_word' id='word_1_694' title='bbox 3344 2800 3495 2849; x_wconf 90' lang='lat' dir='ltr'><strong>eum,</strong></span> 
     </span>
    </p>
   </div>
   <div class='ocr_carea' id='block_1_89' title="bbox 1883 2865 3500 2952">
    <p class='ocr_par' dir='ltr' id='par_1_89' title="bbox 1883 2865 3500 2952">
     <span class='ocr_line' id='line_1_89' title="bbox 1883 2865 3500 2952; baseline -0.003 -16"><span class='ocrx_word' id='word_1_695' title='bbox 1883 2882 1939 2936; x_wconf 88' lang='lat' dir='ltr'><strong>in</strong></span> <span class='ocrx_word' id='word_1_696' title='bbox 1969 2883 2164 2952; x_wconf 86' lang='lat' dir='ltr'><strong>spiritu</strong></span> <span class='ocrx_word' id='word_1_697' title='bbox 2224 2897 2290 2937; x_wconf 89' lang='lat' dir='ltr'><strong>ac</strong></span> <span class='ocrx_word' id='word_1_698' title='bbox 2326 2865 2563 2938; x_wconf 84' lang='lat' dir='ltr'><strong>veritate</strong></span> <span class='ocrx_word' id='word_1_699' title='bbox 2626 2887 2846 2952; x_wconf 80' lang='lat' dir='ltr'><strong>oportet</strong></span> <span class='ocrx_word' id='word_1_700' title='bbox 2883 2879 3137 2934; x_wconf 86' lang='lat' dir='ltr'><strong>adorare.</strong></span> <span class='ocrx_word' id='word_1_701' title='bbox 3174 2899 3192 2931; x_wconf 78' lang='grc' dir='ltr'><strong>ι</strong></span> <span class='ocrx_word' id='word_1_702' title='bbox 3235 2876 3500 2945; x_wconf 87' lang='lat' dir='ltr'><strong>Quamvis</strong></span> 
     </span>
    </p>
   </div>
   <div class='ocr_carea' id='block_1_90' title="bbox 1889 2971 3494 3046">
    <p class='ocr_par' dir='ltr' id='par_1_90' title="bbox 1889 2971 3494 3046">
     <span class='ocr_line' id='line_1_90' title="bbox 1889 2971 3494 3046; baseline -0.004 -17"><span class='ocrx_word' id='word_1_703' title='bbox 1889 2991 1989 3031; x_wconf 90' lang='lat' dir='ltr'><strong>nos</strong></span> <span class='ocrx_word' id='word_1_704' title='bbox 2017 2974 2215 3043; x_wconf 69' lang='lat' dir='ltr'><strong>Judtci,</strong></span> <span class='ocrx_word' id='word_1_705' title='bbox 2249 2984 2515 3046; x_wconf 87' lang='lat' dir='ltr'><strong>quantum</strong></span> <span class='ocrx_word' id='word_1_706' title='bbox 2547 2978 2613 3030; x_wconf 90' lang='lat' dir='ltr'><strong>ad</strong></span> <span class='ocrx_word' id='word_1_707' title='bbox 2641 2974 2864 3029; x_wconf 89' lang='lat' dir='ltr'><strong>modum</strong></span> <span class='ocrx_word' id='word_1_708' title='bbox 2910 2972 3248 3028; x_wconf 87' lang='lat' dir='ltr'><strong>adorationis</strong></span> <span class='ocrx_word' id='word_1_709' title='bbox 3277 2971 3494 3033; x_wconf 87' lang='lat' dir='ltr'><strong>attinet,</strong></span> 
     </span>
    </p>
   </div>
   <div class='ocr_carea' id='block_1_91' title="bbox 1885 3067 3500 3138">
    <p class='ocr_par' dir='ltr' id='par_1_91' title="bbox 1885 3067 3500 3138">
     <span class='ocr_line' id='line_1_91' title="bbox 1885 3067 3500 3138; baseline -0.002 -16"><span class='ocrx_word' id='word_1_710' title='bbox 1885 3068 2009 3137; x_wconf 88' lang='lat' dir='ltr'><strong>plus</strong></span> <span class='ocrx_word' id='word_1_711' title='bbox 2045 3068 2348 3124; x_wconf 83' lang='lat' dir='ltr'><strong>habeamus</strong></span> <span class='ocrx_word' id='word_1_712' title='bbox 2400 3083 2564 3138; x_wconf 88' lang='lat' dir='ltr'><strong>quam</strong></span> <span class='ocrx_word' id='word_1_713' title='bbox 2622 3083 2722 3124; x_wconf 90' lang='lat' dir='ltr'><strong>vos</strong></span> <span class='ocrx_word' id='word_1_714' title='bbox 2753 3067 3112 3132; x_wconf 88' lang='lat' dir='ltr'><strong>Samaritani,</strong></span> <span class='ocrx_word' id='word_1_715' title='bbox 3165 3075 3404 3120; x_wconf 85' lang='lat' dir='ltr'><strong>attamen</strong></span> <span class='ocrx_word' id='word_1_716' title='bbox 3443 3075 3500 3120; x_wconf 91' lang='lat' dir='ltr'><strong>et</strong></span> 
     </span>
    </p>
   </div>
   <div class='ocr_carea' id='block_1_92' title="bbox 1885 3159 3499 3221">
    <p class='ocr_par' dir='ltr' id='par_1_92' title="bbox 1885 3159 3499 3221">
     <span class='ocr_line' id='line_1_92' title="bbox 1885 3159 3499 3221; baseline -0.004 -3"><span class='ocrx_word' id='word_1_717' title='bbox 1885 3180 1974 3221; x_wconf 89' lang='lat' dir='ltr'><strong>res</strong></span> <span class='ocrx_word' id='word_1_718' title='bbox 2001 3163 2315 3220; x_wconf 66' lang='lat' dir='ltr'><strong>Iudaeorum</strong></span> <span class='ocrx_word' id='word_1_719' title='bbox 2353 3178 2499 3219; x_wconf 93' lang='lat' dir='ltr'><strong>nunc</strong></span> <span class='ocrx_word' id='word_1_720' title='bbox 2525 3163 2690 3218; x_wconf 78' lang='lat' dir='ltr'><strong>tinem</strong></span> <span class='ocrx_word' id='word_1_721' title='bbox 2724 3163 2992 3218; x_wconf 72' lang='lat' dir='ltr'><strong>habitune</strong></span> <span class='ocrx_word' id='word_1_722' title='bbox 3026 3170 3176 3217; x_wconf 91' lang='lat' dir='ltr'><strong>sunt.</strong></span> <span class='ocrx_word' id='word_1_723' title='bbox 3215 3159 3331 3214; x_wconf 80' lang='lat' dir='ltr'><strong>Non</strong></span> <span class='ocrx_word' id='word_1_724' title='bbox 3352 3161 3499 3215; x_wconf 85' lang='lat' dir='ltr'><strong>enim</strong></span> 
     </span>
    </p>
   </div>
   <div class='ocr_carea' id='block_1_93' title="bbox 1883 3256 3498 3325">
    <p class='ocr_par' dir='ltr' id='par_1_93' title="bbox 1883 3256 3498 3325">
     <span class='ocr_line' id='line_1_93' title="bbox 1883 3256 3498 3325; baseline -0.003 -11"><span class='ocrx_word' id='word_1_725' title='bbox 1883 3260 1939 3314; x_wconf 91' lang='lat' dir='ltr'><strong>in</strong></span> <span class='ocrx_word' id='word_1_726' title='bbox 1979 3260 2114 3315; x_wconf 91' lang='lat' dir='ltr'><strong>solis</strong></span> <span class='ocrx_word' id='word_1_727' title='bbox 2151 3259 2286 3315; x_wconf 87' lang='lat' dir='ltr'><strong>locis</strong></span> <span class='ocrx_word' id='word_1_728' title='bbox 2315 3262 2545 3314; x_wconf 88' lang='lat' dir='ltr'><strong>mutatio</strong></span> <span class='ocrx_word' id='word_1_729' title='bbox 2577 3260 2709 3325; x_wconf 90' lang='lat' dir='ltr'><strong>erit,</strong></span> <span class='ocrx_word' id='word_1_730' title='bbox 2741 3258 2837 3315; x_wconf 89' lang='lat' dir='ltr'><strong>sed</strong></span> <span class='ocrx_word' id='word_1_731' title='bbox 2862 3267 2916 3313; x_wconf 89' lang='lat' dir='ltr'><strong>et</strong></span> <span class='ocrx_word' id='word_1_732' title='bbox 2949 3257 3144 3312; x_wconf 89' lang='lat' dir='ltr'><strong>modus</strong></span> <span class='ocrx_word' id='word_1_733' title='bbox 3176 3258 3388 3312; x_wconf 87' lang='lat' dir='ltr'><strong>colendi</strong></span> <span class='ocrx_word' id='word_1_734' title='bbox 3418 3256 3498 3310; x_wconf 82' lang='lat' dir='ltr'><strong>al-</strong></span> 
     </span>
    </p>
   </div>
   <div class='ocr_carea' id='block_1_94' title="bbox 1884 3352 3497 3418">
    <p class='ocr_par' dir='ltr' id='par_1_94' title="bbox 1884 3352 3497 3418">
     <span class='ocr_line' id='line_1_94' title="bbox 1884 3352 3497 3418; baseline -0.004 -10"><span class='ocrx_word' id='word_1_735' title='bbox 1884 3355 2153 3409; x_wconf 82' lang='lat' dir='ltr'><strong>terabitur</strong></span> <span class='ocrx_word' id='word_1_736' title='bbox 2187 3373 2200 3408; x_wconf 92' lang='lat'>:</span> <span class='ocrx_word' id='word_1_737' title='bbox 2231 3363 2285 3408; x_wconf 92' lang='lat' dir='ltr'><strong>et</strong></span> <span class='ocrx_word' id='word_1_738' title='bbox 2310 3354 2425 3409; x_wconf 70' lang='lat' dir='ltr'><strong>hmc</strong></span> <span class='ocrx_word' id='word_1_739' title='bbox 2457 3354 2512 3408; x_wconf 93' lang='lat' dir='ltr'><strong>in</strong></span> <span class='ocrx_word' id='word_1_740' title='bbox 2547 3352 2756 3408; x_wconf 79' lang='lat' dir='ltr'><strong>foribus</strong></span> <span class='ocrx_word' id='word_1_741' title='bbox 2791 3360 2939 3418; x_wconf 68' lang='lat' dir='ltr'><strong>stunt,</strong></span> <span class='ocrx_word' id='word_1_742' title='bbox 2969 3361 3023 3406; x_wconf 94' lang='lat' dir='ltr'><strong>et</strong></span> <span class='ocrx_word' id='word_1_743' title='bbox 3058 3367 3204 3405; x_wconf 93' lang='lat' dir='ltr'><strong>nunc</strong></span> <span class='ocrx_word' id='word_1_744' title='bbox 3229 3361 3313 3406; x_wconf 86' lang='lat' dir='ltr'><strong>est</strong></span> <span class='ocrx_word' id='word_1_745' title='bbox 3340 3352 3497 3403; x_wconf 89' lang='lat' dir='ltr'><strong>hora.</strong></span> 
     </span>
    </p>
   </div>
   <div class='ocr_carea' id='block_1_95' title="bbox 1884 3443 3500 3517">
    <p class='ocr_par' dir='ltr' id='par_1_95' title="bbox 1884 3443 3500 3517">
     <span class='ocr_line' id='line_1_95' title="bbox 1884 3443 3500 3517; baseline -0.003 -16"><span class='ocrx_word' id='word_1_746' title='bbox 1884 3446 2004 3501; x_wconf 82' lang='lat' dir='ltr'><strong>Non</strong></span> <span class='ocrx_word' id='word_1_747' title='bbox 2035 3446 2180 3502; x_wconf 90' lang='lat' dir='ltr'><strong>enim</strong></span> <span class='ocrx_word' id='word_1_748' title='bbox 2217 3447 2360 3504; x_wconf 90' lang='lat' dir='ltr'><strong>sicut</strong></span> <span class='ocrx_word' id='word_1_749' title='bbox 2389 3461 2451 3501; x_wconf 89' lang='lat' dir='ltr'><strong>ea</strong></span> <span class='ocrx_word' id='word_1_750' title='bbox 2493 3461 2617 3517; x_wconf 56' lang='lat' dir='ltr'><strong>quae.</strong></span> <span class='ocrx_word' id='word_1_751' title='bbox 2666 3459 2698 3500; x_wconf 89' lang='lat' dir='ltr'><strong>a</strong></span> <span class='ocrx_word' id='word_1_752' title='bbox 2734 3445 3017 3515; x_wconf 84' lang='lat' dir='ltr'><strong>prophetis</strong></span> <span class='ocrx_word' id='word_1_753' title='bbox 3051 3445 3195 3500; x_wconf 89' lang='lat' dir='ltr'><strong>dicta</strong></span> <span class='ocrx_word' id='word_1_754' title='bbox 3253 3445 3306 3498; x_wconf 92' lang='lat' dir='ltr'><strong>in</strong></span> <span class='ocrx_word' id='word_1_755' title='bbox 3373 3443 3500 3497; x_wconf 87' lang='lat' dir='ltr'><strong>lon-</strong></span> 
     </span>
    </p>
   </div>
   <div class='ocr_carea' id='block_1_96' title="bbox 1884 3535 3502 3608">
    <p class='ocr_par' dir='ltr' id='par_1_96' title="bbox 1884 3535 3502 3608">
     <span class='ocr_line' id='line_1_96' title="bbox 1884 3535 3502 3608; baseline -0.001 -16"><span class='ocrx_word' id='word_1_756' title='bbox 1884 3553 2012 3608; x_wconf 75' lang='lat' dir='ltr'><strong>gum</strong></span> <span class='ocrx_word' id='word_1_757' title='bbox 2046 3548 2258 3608; x_wconf 87' lang='lat' dir='ltr'><strong>tempus</strong></span> <span class='ocrx_word' id='word_1_758' title='bbox 2311 3537 2661 3595; x_wconf 76' lang='lat' dir='ltr'><strong>diﬂ‘ereutur.</strong></span> <span class='ocrx_word' id='word_1_759' title='bbox 2723 3535 2895 3592; x_wconf 84' lang='lat' dir='ltr'><strong>Veros</strong></span> <span class='ocrx_word' id='word_1_760' title='bbox 2938 3545 3124 3592; x_wconf 87' lang='lat' dir='ltr'><strong>autem</strong></span> <span class='ocrx_word' id='word_1_761' title='bbox 3178 3536 3502 3591; x_wconf 87' lang='lat' dir='ltr'><strong>adoratorcs</strong></span> 
     </span>
    </p>
   </div>
   <div class='ocr_carea' id='block_1_97' title="bbox 1886 3623 3498 3699">
    <p class='ocr_par' dir='ltr' id='par_1_97' title="bbox 1886 3623 3498 3699">
     <span class='ocr_line' id='line_1_97' title="bbox 1886 3623 3498 3699; baseline -0.002 -16"><span class='ocrx_word' id='word_1_762' title='bbox 1886 3623 2151 3686; x_wconf 70' lang='lat' dir='ltr'><strong>diciteos</strong></span> <span class='ocrx_word' id='word_1_763' title='bbox 2208 3628 2302 3698; x_wconf 86' lang='lat' dir='ltr'><strong>qui</strong></span> <span class='ocrx_word' id='word_1_764' title='bbox 2351 3631 2656 3686; x_wconf 90' lang='lat' dir='ltr'><strong>secundum</strong></span> <span class='ocrx_word' id='word_1_765' title='bbox 2708 3628 2882 3698; x_wconf 78' lang='lat' dir='ltr'><strong>ipsius</strong></span> <span class='ocrx_word' id='word_1_766' title='bbox 2936 3629 3111 3699; x_wconf 83' lang='lat' dir='ltr'><strong>legent</strong></span> <span class='ocrx_word' id='word_1_767' title='bbox 3145 3627 3360 3692; x_wconf 90' lang='lat' dir='ltr'><strong>vivunt,</strong></span> <span class='ocrx_word' id='word_1_768' title='bbox 3404 3628 3498 3698; x_wconf 93' lang='lat' dir='ltr'><strong>qui</strong></span> 
     </span>
    </p>
   </div>
   <div class='ocr_carea' id='block_1_98' title="bbox 1886 3717 3494 3791">
    <p class='ocr_par' dir='ltr' id='par_1_98' title="bbox 1886 3717 3494 3791">
     <span class='ocr_line' id='line_1_98' title="bbox 1886 3717 3494 3791; baseline -0.003 -14"><span class='ocrx_word' id='word_1_769' title='bbox 1886 3738 1993 3777; x_wconf 88' lang='lat' dir='ltr'><strong>non</strong></span> <span class='ocrx_word' id='word_1_770' title='bbox 2035 3723 2155 3777; x_wconf 90' lang='lat' dir='ltr'><strong>loco</strong></span> <span class='ocrx_word' id='word_1_771' title='bbox 2177 3721 2361 3791; x_wconf 90' lang='lat' dir='ltr'><strong>aliquo</strong></span> <span class='ocrx_word' id='word_1_772' title='bbox 2391 3721 2677 3777; x_wconf 83' lang='lat' dir='ltr'><strong>includunt</strong></span> <span class='ocrx_word' id='word_1_773' title='bbox 2709 3719 2880 3775; x_wconf 91' lang='lat' dir='ltr'><strong>Deum</strong></span> <span class='ocrx_word' id='word_1_774' title='bbox 2927 3721 3071 3776; x_wconf 86' lang='lat' dir='ltr'><strong>sicut</strong></span> <span class='ocrx_word' id='word_1_775' title='bbox 3135 3717 3494 3784; x_wconf 87' lang='lat' dir='ltr'><strong>Samaritani,</strong></span> 
     </span>
    </p>
   </div>
   <div class='ocr_carea' id='block_1_99' title="bbox 1887 3809 3502 3885">
    <p class='ocr_par' dir='ltr' id='par_1_99' title="bbox 1887 3809 3502 3885">
     <span class='ocr_line' id='line_1_99' title="bbox 1887 3809 3502 3885; baseline -0.001 -19"><span class='ocrx_word' id='word_1_776' title='bbox 1887 3814 1968 3869; x_wconf 82' lang='lat' dir='ltr'><strong>vel</strong></span> <span class='ocrx_word' id='word_1_777' title='bbox 2001 3815 2149 3869; x_wconf 87' lang='lat' dir='ltr'><strong>cultu</strong></span> <span class='ocrx_word' id='word_1_778' title='bbox 2187 3814 2375 3868; x_wconf 89' lang='lat' dir='ltr'><strong>colunt</strong></span> <span class='ocrx_word' id='word_1_779' title='bbox 2403 3813 2704 3885; x_wconf 84' lang='lat' dir='ltr'><strong>corporali,</strong></span> <span class='ocrx_word' id='word_1_780' title='bbox 2739 3813 2883 3869; x_wconf 88' lang='lat' dir='ltr'><strong>sicut</strong></span> <span class='ocrx_word' id='word_1_781' title='bbox 2921 3809 3095 3868; x_wconf 82' lang='lat' dir='ltr'><strong>Judaei</strong></span> <span class='ocrx_word' id='word_1_782' title='bbox 3132 3809 3150 3865; x_wconf 75' lang='grc' dir='ltr'><strong>ἐ</strong></span> <span class='ocrx_word' id='word_1_783' title='bbox 3176 3812 3274 3868; x_wconf 89' lang='lat' dir='ltr'><strong>scd</strong></span> <span class='ocrx_word' id='word_1_784' title='bbox 3302 3811 3502 3882; x_wconf 89' lang='lat' dir='ltr'><strong>spiritu</strong></span> 
     </span>
    </p>
   </div>
   <div class='ocr_carea' id='block_1_100' title="bbox 1884 3907 3502 3979">
    <p class='ocr_par' dir='ltr' id='par_1_100' title="bbox 1884 3907 3502 3979">
     <span class='ocr_line' id='line_1_100' title="bbox 1884 3907 3502 3979; baseline -0.002 -15"><span class='ocrx_word' id='word_1_785' title='bbox 1884 3919 1941 3964; x_wconf 87' lang='lat' dir='ltr'><strong>et</strong></span> <span class='ocrx_word' id='word_1_786' title='bbox 2009 3910 2260 3974; x_wconf 79' lang='lat' dir='ltr'><strong>veritate,</strong></span> <span class='ocrx_word' id='word_1_787' title='bbox 2326 3909 2428 3965; x_wconf 88' lang='lat' dir='ltr'><strong>hoc</strong></span> <span class='ocrx_word' id='word_1_788' title='bbox 2464 3917 2569 3969; x_wconf 87' lang='lat' dir='ltr'><strong>est.</strong></span> <span class='ocrx_word' id='word_1_789' title='bbox 2621 3922 2720 3979; x_wconf 87' lang='lat' dir='ltr'><strong>per</strong></span> <span class='ocrx_word' id='word_1_790' title='bbox 2766 3908 3028 3972; x_wconf 90' lang='lat' dir='ltr'><strong>animam,</strong></span> <span class='ocrx_word' id='word_1_791' title='bbox 3060 3923 3159 3977; x_wconf 85' lang='lat' dir='ltr'><strong>per</strong></span> <span class='ocrx_word' id='word_1_792' title='bbox 3206 3907 3502 3976; x_wconf 75' lang='lat' dir='ltr'><strong>puritatem</strong></span> 
     </span>
    </p>
   </div>
   <div class='ocr_carea' id='block_1_101' title="bbox 1886 4000 3503 4072">
    <p class='ocr_par' dir='ltr' id='par_1_101' title="bbox 1886 4000 3503 4072">
     <span class='ocr_line' id='line_1_101' title="bbox 1886 4000 3503 4072; baseline -0.002 -14"><span class='ocrx_word' id='word_1_793' title='bbox 1886 4001 2106 4058; x_wconf 86' lang='lat' dir='ltr'><strong>tuentis.</strong></span> <span class='ocrx_word' id='word_1_794' title='bbox 2144 4001 2281 4069; x_wconf 88' lang='lat' dir='ltr'><strong>Quia</strong></span> <span class='ocrx_word' id='word_1_795' title='bbox 2313 4001 2463 4057; x_wconf 89' lang='lat' dir='ltr'><strong>enim</strong></span> <span class='ocrx_word' id='word_1_796' title='bbox 2494 4001 2637 4057; x_wconf 89' lang='lat' dir='ltr'><strong>Deus</strong></span> <span class='ocrx_word' id='word_1_797' title='bbox 2661 4000 3018 4072; x_wconf 82' lang='lat' dir='ltr'><strong>spiritusest,</strong></span> <span class='ocrx_word' id='word_1_798' title='bbox 3047 4001 3155 4056; x_wconf 88' lang='lat' dir='ltr'><strong>hoc</strong></span> <span class='ocrx_word' id='word_1_799' title='bbox 3188 4005 3278 4055; x_wconf 69' lang='grc' dir='ltr'>εει.</span> <span class='ocrx_word' id='word_1_800' title='bbox 3314 4001 3503 4057; x_wconf 85' lang='lat' dir='ltr'><strong>incor-</strong></span> 
     </span>
    </p>
   </div>
   <div class='ocr_carea' id='block_1_102' title="bbox 1888 4095 3500 4166">
    <p class='ocr_par' dir='ltr' id='par_1_102' title="bbox 1888 4095 3500 4166">
     <span class='ocr_line' id='line_1_102' title="bbox 1888 4095 3500 4166; baseline 0.001 -18"><span class='ocrx_word' id='word_1_801' title='bbox 1888 4110 2110 4164; x_wconf 89' lang='lat' dir='ltr'><strong>poreus,</strong></span> <span class='ocrx_word' id='word_1_802' title='bbox 2146 4105 2363 4166; x_wconf 89' lang='lat' dir='ltr'><strong>oportet</strong></span> <span class='ocrx_word' id='word_1_803' title='bbox 2389 4096 2566 4166; x_wconf 86' lang='lat' dir='ltr'><strong>ipsum</strong></span> <span class='ocrx_word' id='word_1_804' title='bbox 2615 4095 2850 4151; x_wconf 90' lang='lat' dir='ltr'><strong>adorare</strong></span> <span class='ocrx_word' id='word_1_805' title='bbox 2875 4095 3323 4165; x_wconf 85' lang='lat' dir='ltr'><strong>incorporaliter,</strong></span> <span class='ocrx_word' id='word_1_806' title='bbox 3349 4098 3500 4150; x_wconf 72' lang='lat' dir='ltr'><strong>vidc-</strong></span> 
     </span>
    </p>
   </div>
   <div class='ocr_carea' id='block_1_103' title="bbox 1886 4187 3499 4259">
    <p class='ocr_par' dir='ltr' id='par_1_103' title="bbox 1886 4187 3499 4259">
     <span class='ocr_line' id='line_1_103' title="bbox 1886 4187 3499 4259; baseline -0.001 -17"><span class='ocrx_word' id='word_1_807' title='bbox 1886 4189 2014 4245; x_wconf 89' lang='lat' dir='ltr'><strong>licet</strong></span> <span class='ocrx_word' id='word_1_808' title='bbox 2055 4190 2105 4243; x_wconf 92' lang='lat' dir='ltr'><strong>in</strong></span> <span class='ocrx_word' id='word_1_809' title='bbox 2136 4188 2339 4243; x_wconf 82' lang='lat' dir='ltr'><strong>anima.</strong></span> <span class='ocrx_word' id='word_1_810' title='bbox 2372 4187 2487 4245; x_wconf 83' lang='lat' dir='ltr'><strong>Hoc</strong></span> <span class='ocrx_word' id='word_1_811' title='bbox 2522 4190 2670 4244; x_wconf 87' lang='lat' dir='ltr'><strong>enim</strong></span> <span class='ocrx_word' id='word_1_812' title='bbox 2706 4188 3084 4259; x_wconf 45' lang='lat' dir='ltr'><strong>signiticatﬁn</strong></span> <span class='ocrx_word' id='word_1_813' title='bbox 3117 4188 3338 4258; x_wconf 80' lang='lat' dir='ltr'><strong>spiritu.</strong></span> <span class='ocrx_word' id='word_1_814' title='bbox 3368 4191 3499 4242; x_wconf 81' lang='lat' dir='ltr'><strong>Ete-</strong></span> 
     </span>
    </p>
   </div>
   <div class='ocr_carea' id='block_1_104' title="bbox 1889 4284 3503 4354">
    <p class='ocr_par' dir='ltr' id='par_1_104' title="bbox 1889 4284 3503 4354">
     <span class='ocr_line' id='line_1_104' title="bbox 1889 4284 3503 4354; baseline -0.002 -17"><span class='ocrx_word' id='word_1_815' title='bbox 1889 4285 1999 4338; x_wconf 92' lang='lat' dir='ltr'><strong>nim</strong></span> <span class='ocrx_word' id='word_1_816' title='bbox 2033 4285 2213 4338; x_wconf 87' lang='lat' dir='ltr'><strong>auima</strong></span> <span class='ocrx_word' id='word_1_817' title='bbox 2238 4285 2464 4354; x_wconf 84' lang='lat' dir='ltr'><strong>spiritus</strong></span> <span class='ocrx_word' id='word_1_818' title='bbox 2486 4294 2571 4340; x_wconf 84' lang='lat' dir='ltr'><strong>est</strong></span> <span class='ocrx_word' id='word_1_819' title='bbox 2598 4284 2981 4354; x_wconf 76' lang='lat' dir='ltr'><strong>incorporeus.</strong></span> <span class='ocrx_word' id='word_1_820' title='bbox 3016 4285 3288 4350; x_wconf 82' lang='lat' dir='ltr'><strong>Quoniam</strong></span> <span class='ocrx_word' id='word_1_821' title='bbox 3320 4294 3503 4336; x_wconf 87' lang='lat' dir='ltr'><strong>autem</strong></span> 
     </span>
    </p>
   </div>
   <div class='ocr_carea' id='block_1_105' title="bbox 1891 4377 3502 4441">
    <p class='ocr_par' dir='ltr' id='par_1_105' title="bbox 1891 4377 3502 4441">
     <span class='ocr_line' id='line_1_105' title="bbox 1891 4377 3502 4441; baseline 0.001 -11"><span class='ocrx_word' id='word_1_822' title='bbox 1891 4378 2044 4431; x_wconf 88' lang='lat' dir='ltr'><strong>multi</strong></span> <span class='ocrx_word' id='word_1_823' title='bbox 2080 4378 2333 4431; x_wconf 86' lang='lat' dir='ltr'><strong>videntur</strong></span> <span class='ocrx_word' id='word_1_824' title='bbox 2358 4379 2592 4432; x_wconf 85' lang='lat' dir='ltr'><strong>adorare</strong></span> <span class='ocrx_word' id='word_1_825' title='bbox 2617 4377 2668 4432; x_wconf 95' lang='lat' dir='ltr'><strong>iu</strong></span> <span class='ocrx_word' id='word_1_826' title='bbox 2700 4379 2908 4441; x_wconf 88' lang='lat' dir='ltr'><strong>anima,</strong></span> <span class='ocrx_word' id='word_1_827' title='bbox 2941 4393 3048 4432; x_wconf 89' lang='lat' dir='ltr'><strong>non</strong></span> <span class='ocrx_word' id='word_1_828' title='bbox 3081 4387 3266 4432; x_wconf 86' lang='lat' dir='ltr'><strong>tamen</strong></span> <span class='ocrx_word' id='word_1_829' title='bbox 3295 4386 3502 4431; x_wconf 67' lang='lat' dir='ltr'><strong>rei-tam</strong></span> 
     </span>
    </p>
   </div>
   <div class='ocr_carea' id='block_1_106' title="bbox 3009 4469 3504 4532">
    <p class='ocr_par' dir='ltr' id='par_1_106' title="bbox 3009 4469 3504 4532">
     <span class='ocr_line' id='line_1_106' title="bbox 3009 4469 3504 4532; baseline -0.002 -10"><span class='ocrx_word' id='word_1_830' title='bbox 3009 4471 3133 4524; x_wconf 89' lang='lat' dir='ltr'><strong>ideo</strong></span> <span class='ocrx_word' id='word_1_831' title='bbox 3178 4469 3410 4532; x_wconf 72' lang='lat' dir='ltr'><strong>adtliilil,</strong></span> <span class='ocrx_word' id='word_1_832' title='bbox 3450 4482 3504 4522; x_wconf 79' lang='lat' dir='ltr'><strong>rt</strong></span> 
     </span>
    </p>
   </div>
   <div class='ocr_carea' id='block_1_107' title="bbox 1891 4559 3501 4633">
    <p class='ocr_par' dir='ltr' id='par_1_107' title="bbox 1891 4559 3501 4633">
     <span class='ocr_line' id='line_1_107' title="bbox 1891 4559 3501 4633; baseline -0.004 -15"><span class='ocrx_word' id='word_1_833' title='bbox 1891 4565 1945 4618; x_wconf 94' lang='lat' dir='ltr'><strong>in</strong></span> <span class='ocrx_word' id='word_1_834' title='bbox 1990 4565 2242 4619; x_wconf 80' lang='lat' dir='ltr'><strong>veritate.</strong></span> <span class='ocrx_word' id='word_1_835' title='bbox 2278 4563 2509 4633; x_wconf 87' lang='lat' dir='ltr'><strong>Oportet</strong></span> <span class='ocrx_word' id='word_1_836' title='bbox 2546 4562 2770 4616; x_wconf 89' lang='lat' dir='ltr'><strong>enimet</strong></span> <span class='ocrx_word' id='word_1_837' title='bbox 2799 4569 2985 4616; x_wconf 87' lang='lat' dir='ltr'><strong>mente</strong></span> <span class='ocrx_word' id='word_1_838' title='bbox 3026 4563 3261 4618; x_wconf 78' lang='lat' dir='ltr'><strong>adorare</strong></span> <span class='ocrx_word' id='word_1_839' title='bbox 3307 4559 3501 4625; x_wconf 87' lang='lat' dir='ltr'><strong>Deum,</strong></span> 
     </span>
    </p>
   </div>
   <div class='ocr_carea' id='block_1_108' title="bbox 1888 4651 3498 4727">
    <p class='ocr_par' dir='ltr' id='par_1_108' title="bbox 1888 4651 3498 4727">
     <span class='ocr_line' id='line_1_108' title="bbox 1888 4651 3498 4727; baseline -0.004 -17"><span class='ocrx_word' id='word_1_840' title='bbox 1888 4666 1943 4710; x_wconf 90' lang='lat' dir='ltr'><strong>et</strong></span> <span class='ocrx_word' id='word_1_841' title='bbox 1970 4671 2162 4710; x_wconf 85' lang='lat' dir='ltr'><strong>sanam</strong></span> <span class='ocrx_word' id='word_1_842' title='bbox 2199 4656 2515 4727; x_wconf 82' lang='lat' dir='ltr'><strong>Opinionem</strong></span> <span class='ocrx_word' id='word_1_843' title='bbox 2545 4655 2613 4711; x_wconf 86' lang='lat' dir='ltr'><strong>de</strong></span> <span class='ocrx_word' id='word_1_844' title='bbox 2659 4657 2781 4726; x_wconf 90' lang='lat' dir='ltr'><strong>ipso</strong></span> <span class='ocrx_word' id='word_1_845' title='bbox 2813 4654 3040 4709; x_wconf 86' lang='lat' dir='ltr'><strong>habere.</strong></span> <span class='ocrx_word' id='word_1_846' title='bbox 3080 4651 3362 4708; x_wconf 78' lang='lat' dir='ltr'><strong>Fortassis</strong></span> <span class='ocrx_word' id='word_1_847' title='bbox 3393 4670 3498 4704; x_wconf 83' lang='lat' dir='ltr'><strong>att-</strong></span> 
     </span>
    </p>
   </div>
   <div class='ocr_carea' id='block_1_109' title="bbox 1884 4744 3500 4819">
    <p class='ocr_par' dir='ltr' id='par_1_109' title="bbox 1884 4744 3500 4819">
     <span class='ocr_line' id='line_1_109' title="bbox 1884 4744 3500 4819; baseline -0.004 -17"><span class='ocrx_word' id='word_1_848' title='bbox 1884 4758 1999 4804; x_wconf 85' lang='lat' dir='ltr'><strong>tem</strong></span> <span class='ocrx_word' id='word_1_849' title='bbox 2032 4751 2306 4819; x_wconf 84' lang='lat' dir='ltr'><strong>quispiam</strong></span> <span class='ocrx_word' id='word_1_850' title='bbox 2335 4749 2501 4816; x_wconf 86' lang='lat' dir='ltr'><strong>dicet,</strong></span> <span class='ocrx_word' id='word_1_851' title='bbox 2537 4749 2680 4819; x_wconf 85' lang='lat' dir='ltr'><strong>quod</strong></span> <span class='ocrx_word' id='word_1_852' title='bbox 2715 4748 2836 4802; x_wconf 75' lang='lat' dir='ltr'><strong>dua:</strong></span> <span class='ocrx_word' id='word_1_853' title='bbox 2861 4756 3046 4816; x_wconf 87' lang='lat' dir='ltr'><strong>partes</strong></span> <span class='ocrx_word' id='word_1_854' title='bbox 3077 4756 3279 4800; x_wconf 73' lang='lat' dir='ltr'><strong>nostra:</strong></span> <span class='ocrx_word' id='word_1_855' title='bbox 3315 4744 3500 4814; x_wconf 82' lang='lat' dir='ltr'><strong>philo-</strong></span> 
     </span>
    </p>
   </div>
   <div class='ocr_carea' id='block_1_110' title="bbox 1889 4837 3502 4912">
    <p class='ocr_par' dir='ltr' id='par_1_110' title="bbox 1889 4837 3502 4912">
     <span class='ocr_line' id='line_1_110' title="bbox 1889 4837 3502 4912; baseline -0.005 -16"><span class='ocrx_word' id='word_1_856' title='bbox 1889 4843 2096 4912; x_wconf 78' lang='lat' dir='ltr'><strong>sophia:</strong></span> <span class='ocrx_word' id='word_1_857' title='bbox 2123 4841 2210 4895; x_wconf 82' lang='lat' dir='ltr'><strong>hic</strong></span> <span class='ocrx_word' id='word_1_858' title='bbox 2235 4842 2607 4903; x_wconf 87' lang='lat' dir='ltr'><strong>insinuentur,</strong></span> <span class='ocrx_word' id='word_1_859' title='bbox 2638 4840 2827 4908; x_wconf 82' lang='lat' dir='ltr'><strong>praxis</strong></span> <span class='ocrx_word' id='word_1_860' title='bbox 2863 4839 2990 4893; x_wconf 86' lang='lat' dir='ltr'><strong>dico</strong></span> <span class='ocrx_word' id='word_1_861' title='bbox 3014 4849 3071 4893; x_wconf 84' lang='lat' dir='ltr'><strong>et</strong></span> <span class='ocrx_word' id='word_1_862' title='bbox 3102 4837 3502 4907; x_wconf 79' lang='lat' dir='ltr'><strong>contemplatio</strong></span> 
     </span>
    </p>
   </div>
   <div class='ocr_carea' id='block_1_111' title="bbox 1891 4932 3504 5005">
    <p class='ocr_par' dir='ltr' id='par_1_111' title="bbox 1891 4932 3504 5005">
     <span class='ocr_line' id='line_1_111' title="bbox 1891 4932 3504 5005; baseline -0.002 -17"><span class='ocrx_word' id='word_1_863' title='bbox 1891 4951 1988 5005; x_wconf 87' lang='lat' dir='ltr'><strong>per</strong></span> <span class='ocrx_word' id='word_1_864' title='bbox 2027 4936 2133 4988; x_wconf 90' lang='lat' dir='ltr'><strong>duo</strong></span> <span class='ocrx_word' id='word_1_865' title='bbox 2170 4935 2290 4989; x_wconf 90' lang='lat' dir='ltr'><strong>ista.</strong></span> <span class='ocrx_word' id='word_1_866' title='bbox 2329 4932 2464 4989; x_wconf 82' lang='lat' dir='ltr'><strong>Nam</strong></span> <span class='ocrx_word' id='word_1_867' title='bbox 2486 4949 2611 4989; x_wconf 88' lang='lat' dir='ltr'><strong>cum</strong></span> <span class='ocrx_word' id='word_1_868' title='bbox 2648 4933 2804 4998; x_wconf 83' lang='lat' dir='ltr'><strong>dicit,</strong></span> <span class='ocrx_word' id='word_1_869' title='bbox 2848 4933 2932 4987; x_wconf 71' lang='lat' dir='ltr'><strong>«in</strong></span> <span class='ocrx_word' id='word_1_870' title='bbox 2977 4933 3229 5003; x_wconf 66' lang='lat' dir='ltr'><strong>spiritu,»</strong></span> <span class='ocrx_word' id='word_1_871' title='bbox 3260 4932 3504 5003; x_wconf 78' lang='lat' dir='ltr'><strong>practice</strong></span> 
     </span>
    </p>
   </div>
   <div class='ocr_carea' id='block_1_112' title="bbox 1892 5026 3497 5098">
    <p class='ocr_par' dir='ltr' id='par_1_112' title="bbox 1892 5026 3497 5098">
     <span class='ocr_line' id='line_1_112' title="bbox 1892 5026 3497 5098; baseline -0.003 -15"><span class='ocrx_word' id='word_1_872' title='bbox 1892 5030 2141 5084; x_wconf 90' lang='lat' dir='ltr'><strong>docetur.</strong></span> <span class='ocrx_word' id='word_1_873' title='bbox 2181 5047 2200 5080; x_wconf 73' lang='grc' dir='ltr'><strong>ι</strong></span> <span class='ocrx_word' id='word_1_874' title='bbox 2236 5027 2567 5098; x_wconf 89' lang='lat' dir='ltr'><strong>Quicunque</strong></span> <span class='ocrx_word' id='word_1_875' title='bbox 2595 5029 2744 5082; x_wconf 91' lang='lat' dir='ltr'><strong>enim</strong></span> <span class='ocrx_word' id='word_1_876' title='bbox 2771 5028 2972 5098; x_wconf 80' lang='lat' dir='ltr'><strong>Spiritu</strong></span> <span class='ocrx_word' id='word_1_877' title='bbox 2990 5026 3094 5082; x_wconf 80' lang='lat' dir='ltr'><strong>Dei</strong></span> <span class='ocrx_word' id='word_1_878' title='bbox 3132 5036 3370 5098; x_wconf 80' lang='lat' dir='ltr'><strong>aguntur</strong></span> <span class='ocrx_word' id='word_1_879' title='bbox 3396 5026 3440 5091; x_wconf 87' lang='grc'><strong>⁸,</strong></span> <span class='ocrx_word' id='word_1_880' title='bbox 3478 5045 3497 5078; x_wconf 71' lang='grc' dir='ltr'><strong>ι</strong></span> 
     </span>
    </p>
   </div>
   <div class='ocr_carea' id='block_1_113' title="bbox 1890 5119 3501 5192">
    <p class='ocr_par' dir='ltr' id='par_1_113' title="bbox 1890 5119 3501 5192">
     <span class='ocr_line' id='line_1_113' title="bbox 1890 5119 3501 5192; baseline -0.001 -17"><span class='ocrx_word' id='word_1_881' title='bbox 1890 5137 2058 5192; x_wconf 88' lang='lat' dir='ltr'><strong>opera</strong></span> <span class='ocrx_word' id='word_1_882' title='bbox 2101 5121 2349 5190; x_wconf 91' lang='lat' dir='ltr'><strong>corporis</strong></span> <span class='ocrx_word' id='word_1_883' title='bbox 2380 5122 2715 5177; x_wconf 83' lang='lat' dir='ltr'><strong>mortiﬁcant</strong></span> <span class='ocrx_word' id='word_1_884' title='bbox 2744 5122 3046 5177; x_wconf 82' lang='lat' dir='ltr'><strong>secundum</strong></span> <span class='ocrx_word' id='word_1_885' title='bbox 3077 5119 3326 5175; x_wconf 88' lang='lat' dir='ltr'><strong>divinum</strong></span> <span class='ocrx_word' id='word_1_886' title='bbox 3353 5119 3501 5188; x_wconf 86' lang='lat' dir='ltr'><strong>Apo-</strong></span> 
     </span>
    </p>
   </div>
   <div class='ocr_carea' id='block_1_114' title="bbox 1874 5214 3502 5288">
    <p class='ocr_par' dir='ltr' id='par_1_114' title="bbox 1874 5214 3502 5288">
     <span class='ocr_line' id='line_1_114' title="bbox 1874 5214 3502 5288; baseline -0.001 -18"><span class='ocrx_word' id='word_1_887' title='bbox 1874 5215 2114 5280; x_wconf 84' lang='lat' dir='ltr'><strong>stolum,</strong></span> <span class='ocrx_word' id='word_1_888' title='bbox 2170 5214 2236 5270; x_wconf 86' lang='lat' dir='ltr'><strong>Et</strong></span> <span class='ocrx_word' id='word_1_889' title='bbox 2277 5217 2472 5272; x_wconf 89' lang='lat' dir='ltr'><strong>iterum</strong></span> <span class='ocrx_word' id='word_1_890' title='bbox 2521 5233 2535 5270; x_wconf 90' lang='lat'><strong>:</strong></span> <span class='ocrx_word' id='word_1_891' title='bbox 2587 5234 2605 5266; x_wconf 87' lang='grc'><strong>‹</strong></span> <span class='ocrx_word' id='word_1_892' title='bbox 2660 5217 2803 5270; x_wconf 77' lang='lat' dir='ltr'><strong>Caro</strong></span> <span class='ocrx_word' id='word_1_893' title='bbox 2842 5215 3187 5288; x_wconf 87' lang='lat' dir='ltr'><strong>concupiscit</strong></span> <span class='ocrx_word' id='word_1_894' title='bbox 3235 5215 3502 5270; x_wconf 78' lang='lat' dir='ltr'><strong>adversus</strong></span> 
     </span>
    </p>
   </div>
   <div class='ocr_carea' id='block_1_115' title="bbox 1891 5307 3500 5380">
    <p class='ocr_par' dir='ltr' id='par_1_115' title="bbox 1891 5307 3500 5380">
     <span class='ocr_line' id='line_1_115' title="bbox 1891 5307 3500 5380; baseline -0.001 -19"><span class='ocrx_word' id='word_1_895' title='bbox 1891 5308 2171 5376; x_wconf 88' lang='lat' dir='ltr'><strong>spiritum,</strong></span> <span class='ocrx_word' id='word_1_896' title='bbox 2207 5309 2436 5380; x_wconf 80' lang='lat' dir='ltr'><strong>spiritus</strong></span> <span class='ocrx_word' id='word_1_897' title='bbox 2471 5319 2653 5367; x_wconf 86' lang='lat' dir='ltr'><strong>autem</strong></span> <span class='ocrx_word' id='word_1_898' title='bbox 2691 5323 2881 5365; x_wconf 88' lang='lat' dir='ltr'><strong>contra</strong></span> <span class='ocrx_word' id='word_1_899' title='bbox 2929 5324 3152 5363; x_wconf 89' lang='lat' dir='ltr'><strong>carnem</strong></span> <span class='ocrx_word' id='word_1_900' title='bbox 3185 5310 3224 5360; x_wconf 70' lang='grc'><strong>⁵.</strong></span> <span class='ocrx_word' id='word_1_901' title='bbox 3260 5325 3279 5360; x_wconf 70' lang='grc' dir='ltr'><strong>ι</strong></span> <span class='ocrx_word' id='word_1_902' title='bbox 3323 5307 3387 5362; x_wconf 82' lang='lat' dir='ltr'><strong>Et</strong></span> <span class='ocrx_word' id='word_1_903' title='bbox 3427 5309 3500 5362; x_wconf 81' lang='lat' dir='ltr'><strong>ita</strong></span> 
     </span>
    </p>
   </div>
   <div class='ocr_carea' id='block_1_116' title="bbox 1891 5399 3500 5475">
    <p class='ocr_par' dir='ltr' id='par_1_116' title="bbox 1891 5399 3500 5475">
     <span class='ocr_line' id='line_1_116' title="bbox 1891 5399 3500 5475; baseline 0.002 -25"><span class='ocrx_word' id='word_1_904' title='bbox 1891 5401 2131 5469; x_wconf 57' lang='lat' dir='ltr'><strong>prat&#39;tice</strong></span> <span class='ocrx_word' id='word_1_905' title='bbox 2194 5402 2502 5459; x_wconf 87' lang='lat' dir='ltr'><strong>insinuatur</strong></span> <span class='ocrx_word' id='word_1_906' title='bbox 2547 5419 2641 5474; x_wconf 83' lang='lat' dir='ltr'><strong>per</strong></span> <span class='ocrx_word' id='word_1_907' title='bbox 2688 5403 2792 5458; x_wconf 86' lang='lat' dir='ltr'><strong>hoc</strong></span> <span class='ocrx_word' id='word_1_908' title='bbox 2842 5403 2988 5475; x_wconf 79' lang='lat' dir='ltr'><strong>quod</strong></span> <span class='ocrx_word' id='word_1_909' title='bbox 3028 5401 3183 5466; x_wconf 81' lang='lat' dir='ltr'><strong>dicit,</strong></span> <span class='ocrx_word' id='word_1_910' title='bbox 3230 5421 3248 5453; x_wconf 77' lang='grc' dir='ltr'><strong>ι</strong></span> <span class='ocrx_word' id='word_1_911' title='bbox 3283 5399 3337 5454; x_wconf 91' lang='lat' dir='ltr'><strong>in</strong></span> <span class='ocrx_word' id='word_1_912' title='bbox 3382 5401 3500 5468; x_wconf 81' lang='lat' dir='ltr'><strong>Spi-</strong></span> 
     </span>
    </p>
   </div>
   <div class='ocr_carea' id='block_1_117' title="bbox 1892 5491 3493 5566">
    <p class='ocr_par' dir='ltr' id='par_1_117' title="bbox 1892 5491 3493 5566">
     <span class='ocr_line' id='line_1_117' title="bbox 1892 5491 3493 5566; baseline -0.002 -18"><span class='ocrx_word' id='word_1_913' title='bbox 1892 5497 2020 5549; x_wconf 89' lang='lat' dir='ltr'><strong>ritu.</strong></span> <span class='ocrx_word' id='word_1_914' title='bbox 2065 5511 2080 5545; x_wconf 79' lang='grc' dir='ltr'><strong>ι</strong></span> <span class='ocrx_word' id='word_1_915' title='bbox 2114 5491 2218 5551; x_wconf 82' lang='grc' dir='ltr'>Ρει·</span> <span class='ocrx_word' id='word_1_916' title='bbox 2248 5495 2351 5553; x_wconf 88' lang='lat' dir='ltr'><strong>hoc</strong></span> <span class='ocrx_word' id='word_1_917' title='bbox 2386 5503 2567 5553; x_wconf 88' lang='lat' dir='ltr'><strong>autem</strong></span> <span class='ocrx_word' id='word_1_918' title='bbox 2601 5497 2746 5566; x_wconf 79' lang='lat' dir='ltr'><strong>quod</strong></span> <span class='ocrx_word' id='word_1_919' title='bbox 2777 5493 2978 5549; x_wconf 89' lang='lat' dir='ltr'><strong>dicitur</strong></span> <span class='ocrx_word' id='word_1_920' title='bbox 3018 5511 3035 5545; x_wconf 75' lang='grc' dir='ltr'><strong>ι</strong></span> <span class='ocrx_word' id='word_1_921' title='bbox 3088 5493 3139 5548; x_wconf 89' lang='lat' dir='ltr'><strong>in</strong></span> <span class='ocrx_word' id='word_1_922' title='bbox 3181 5493 3433 5555; x_wconf 73' lang='lat' dir='ltr'><strong>veritate,</strong></span> <span class='ocrx_word' id='word_1_923' title='bbox 3472 5510 3493 5544; x_wconf 77' lang='grc' dir='ltr'><strong>ι</strong></span> 
     </span>
    </p>
   </div>
  </div>
