3936 6450
142 370 256 436 ιειιι

775 363 1236 427 ENARRATIO
1282 366 1361 425 1N
1397 365 1908 427 EVANGELIUM
1949 367 2306 430 JOANNIS.
2342 392 2410 404 —-
2445 368 2606 430 CAP.
2650 366 2753 429 1V.

3286 355 3424 430 12:2

136 486 166 551 ἡ
199 479 350 549 γυνή·
394 503 412 529 ι
451 471 584 530 Οἶδα
617 473 699 526 ὅτι
727 473 948 543 ἔρχεται
991 472 1260 535 Μεσσίας.
1317 471 1377 524 Ὃ
1410 473 1466 525 δὲ
1503 471 1712 540 Κύριος

1835 490 1974 530 υτιιε
1999 475 2069 530 sit
2101 476 2344 531 Messias.
2387 495 2405 528 ι
2441 479 2508 529 At
2564 489 2710 529 nunc.
2756 485 2817 528 se
2847 471 2920 527 illi
2952 471 3272 527 manifestat
3317 474 3425 530 Do-

134 573 297 624 ληιπδν
321 568 653 623 ἐκκαλύπτει
686 565 827 634 αὐτῇ
866 564 1082 630 ἑαυτὸν,
1119 563 1264 616 οὕτω
1321 563 1422 633 τῆς
1477 563 1707 616 ἀκολου-

135 668 242 730 θίας
269 665 351 719 τοῦ
381 665 544 731 λόγου
578 661 986 730 ἀπαιτησάσης.
1035 661 1096 713 Εἰ
1128 660 1184 712 δὲ
1239 659 1404 722 εὐθὺς
1439 660 1496 725 ἐξ
1533 658 1710 728 ἀρχῆς

132 756 289 825 εἶπεν,
328 758 405 811 ὅτι
464 753 606 822 Ἐγώ
667 755 783 823 εἰμι
833 755 860 807 6
888 753 1146 824 Χριστος,
1183 751 1309 804 οὒτε
1351 752 1451 821 τὴν
1477 754 1711 820 γυναῖκα

134 857 328 907 ἔπεισεν
355 851 440 914 ἂν,
476 850 570 902 καὶ
600 848 746 914 ἔδοξε
775 846 1034 918 φορτικός
1057 865 1141 910 τις
1167 843 1307 899 εἷναι
1339 846 1433 900 καὶ
1464 845 1708 908 ἀλαςώνο

133 948 220 1002 νῦν
258 946 308 999 δὲ
371 944 516 997 κατὰ
587 942 786 1012 μικρὸν
837 940 1011 1010 αὐτὴν
1090 938 1431 1010 προϐιϐάσας
1499 939 1592 990 ἐπὶ
1647 937 1709 989 τὸ

136 1037 532 1109 ἀναμνησθῆναι
563 1037 660 1106 τῆς
689 1035 817 1104 περὶ
863 1032 1104 1103 Χριστοῦ
1144 1031 1502 1103 προσδοκίας,
1535 1031 1710 1093 οὕτως

131 1133 222 1202 ἤδη
255 1130 438 1184 ἑαυτὸν
497 1128 856 1183 ἐκκαλύπτει.
905 1127 1062 1190 Τίνος
1096 1126 1152 1178 δὲ
1211 1125 1401 1178 ἕνεκεν
1453 1127 1564 1188 τοῖς
1611 1124 1711 1194 μὲν

149 1222 406 1281 Ἰουδαίοις
450 1220 693 1290 συνεχῶς
719 1218 998 1289 ἐρωτῶσιν
1023 1260 1036 1281 ,
1072 1238 1090 1269 ι
1134 1217 1272 1270 Εἰπὲ
1305 1219 1437 1289 ἡμῖν
1475 1219 1524 1270 εί
1559 1220 1625 1270 σὺ
1662 1211 1712 1269 εἷ

126 1316 153 1367 ὁ
183 1316 422 1386 Χριστὸς,
455 1333 472 1365 ι
510 1315 610 1366 οὐκ
647 1311 1006 1381 ἀπεκάλυψεν
1041 1311 1258 1371 ἑαυτὸν,
1292 1313 1358 1380 τῇ
1392 1310 1444 1362 δὲ
1483 1309 1713 1378 γυναικὶ

125 1410 296 1476 λέγεις
341 1406 602 1467 Ἐκείνοις
649 1405 747 1474 μὲν
790 1404 942 1457 οὐδὲν
973 1403 1147 1472 λέγει,
1191 1404 1328 1457 διότι
1359 1405 1461 1456 οὐκ
1504 1405 1598 1456 ἐπὶ
1636 1401 1712 1474 τῷ

129 1500 311 1570 μαθεῖν
340 1498 590 1571 ἠρώτων,
619 1498 736 1551 ἀλλ’
760 1497 856 1552 ἐπὶ
891 1497 967 1567 τῷ
1014 1497 1220 1567 μᾶλλον
1264 1497 1708 1567 συκοφαντῆσαι·

126 1595 287 1665 ταύτῃ
318 1595 394 1656 δὲ,
425 1592 515 1646 διὰ
549 1593 611 1646 τὸ
643 1591 972 1661 εὐγνώμονα
1018 1587 1183 1658 εἶναι,
1223 1591 1482 1662 φανερῶς
1519 1589 1714 1644 ἑαυτὸν

125 1685 510 1742 ἀποκαλύπτει.
549 1686 658 1739 Καὶ
695 1685 804 1755 γὰρ
835 1683 895 1748 ἐξ
930 1683 1111 1753 ἁπλῆς
1166 1683 1397 1753 γνώμης
1451 1683 1548 1735 καὶ
1595 1683 1713 1735 δια-

128 1780 285 1843 νοίας,
323 1779 415 1830 καὶ
452 1777 698 1830 ποθοῦσα
735 1777 934 1846 μαθεῖν
978 1777 1040 1829 τὸ
1080 1775 1304 1846 ἀληθὲς,
1347 1774 1561 1847 ἠρώτα,
1616 1774 1711 1827 καὶ

126 1872 275 1942 δῆλον
309 1873 370 1925 ἐκ
392 1871 503 1926 τῶν
548 1870 687 1941 μετὰ
736 1869 934 1923 ταῦτα.
994 1871 1105 1924 Καὶ
1143 1870 1251 1941 γὰρ
1303 1869 1610 1932 ἀκούσασα,
1654 1869 1714 1920 οὑ

127 1963 280 2032 μόνον
302 1963 438 2031 αὑτὴ
469 1963 818 2027 ἐπίστευσεν,
853 1961 993 2016 ἀλλὰ
1042 1963 1137 2014 καὶ
1173 1961 1370 2025 ἄλλους
1407 1963 1487 2024 είς
1526 1962 1716 2013 πίστιν

123 2058 504 2126 ἑσαγήνευσεν,
555 2056 650 2109 καὶ
690 2054 975 2126 πανταχοῦ
1027 2057 1059 2126 ἡ
1124 2054 1263 2124 γυνὴ
1311 2054 1567 2124 φαίνεται
1621 2053 1718 2108 καὶ

122 2148 491 2220 ἀκριῦουμένη
549 2151 643 2201 καὶ
697 2149 887 2218 πιστή.
948 2147 1414 2220 Ἀπαρτισθείσης
1438 2147 1494 2200 δὲ
1527 2147 1718 2200 λοιπον

121 2245 217 2313 τῆς
270 2244 404 2314 πρὸς
461 2243 560 2315 τὴν
615 2245 850 2310 γυναῖκα
894 2242 1118 2313 ὁμιλίας
1189 2242 1285 2296 καὶ
1337 2236 1717 2304 διδασκαλίας,

119 2335 387 2406 εὐκαίρως
420 2335 748 2406 ἀπήντησαν
776 2337 823 2388 οἱ
878 2334 1147 2407 μαθηταὶ,
1191 2332 1287 2387 καῖ
1315 2332 1630 2404 ἐθαύμαζον
1660 2331 1721 2386 τὸ

121 2429 321 2497 ἄτυφον
361 2427 548 2495 αὐτοῦ,
583 2429 665 2480 ὅτι
691 2426 866 2489 οὕτως
898 2426 974 2479 ὢν
1008 2425 1219 2492 ἔνδοξος
1253 2426 1350 2478 καὶ
1385 2423 1721 2496 περιϐόητος

120 2523 268 2588 παρὰ
303 2522 490 2586 πᾶσιν,
543 2520 795 2590 ἠνείχετο
836 2519 978 2588 μετὰ
1035 2519 1312 2587 τοσαύτης
1362 2517 1720 2586 συγκαταϐά-

123 2633 258 2678 σεως
291 2615 512 2682 γυναικὶ
546 2614 901 2683 διαλέγεσθαι
935 2613 1175 2684 πενιχρᾷ
1203 2613 1298 2666 καὶ
1330 2610 1714 2684 Σαμαρείτιδι.

117 2710 507 2780 (θαυμάζοντες
540 2709 619 2774 δὲ,
649 2709 798 2779 ὅμως
825 2709 885 2762 οὐ
915 2707 1214 2779 θαρροῦσιν
1249 2708 1552 2779 ἐρωτῆσαι,
1588 2705 1722 2776 περὶ

115 2802 262 2867 τίνος
300 2803 439 2874 αὐτῇ
476 2802 822 2870 διαλέγεται·
857 2800 1032 2865 οὕτως
1077 2797 1219 2872 ἦσαν
1261 2799 1721 2871 πεπαιδευμένοι,

119 2895 216 2950 καὶ
270 2895 369 2966 τὴν
422 2894 695 2964 μαθηταῖς
761 2881 1437 2965 πρέπουσανέὺλὰϐειαν
1489 2893 1723 2962 ἐτήρουν

119 2988 258 3058 πρὸς
289 2987 381 3040 τὸν
411 2987 754 3042 διδάσκαλον.
793 2988 854 3040 Εἰ
906 2987 965 3041 δέ
996 3005 1097 3041 που
1143 2988 1238 3040 κοιλ⁵
1267 2987 1548 3054 φαίνοιντο
1572 2987 1718 3057 παῤ-

120 3079 537 3154 ρησιαζόμενοι,
572 3080 763 3153 ὥσπερ
826 3081 1084 3154 Ἰωάννης
1115 3082 1281 3150 ἡνίκα
1314 3081 1504 3134 πίπτει
1537 3079 1632 3133 ἐπὶ
1661 3080 1723 3132 τὸ

1754 1841 1792 1894 Β

1817 568 2021 631 minus,
2054 570 2126 622 ita
2190 568 2582 638 consequentia
2643 567 2923 622 sermonis
2967 566 3243 636 exigente.
3277 564 3426 620 Sane

1798 641 1859 714 ἐἰ
1888 661 2070 715 statim
2111 661 2177 714 ab
2203 660 2359 714 initio
2390 659 2642 721 dixisset,
2701 655 2815 728 Ego
2845 667 2966 712 Sum
2996 655 3282 721 Christus,
3335 671 3429 713 ue-

1816 771 1921 824 que
1953 755 2167 809 mulieri
2211 753 2599 824 persuasisset,
2636 760 2690 805 et
2722 750 2875 806 visus
2920 748 3118 804 fuisset
3154 764 3426 804 onerosus

1815 849 2084 916 quispiam
2121 857 2175 903 et
2211 861 2476 915 arrogans
2516 857 2532 897 :
2583 859 2726 898 nunc
2785 843 3050 913 paulatim
3099 842 3164 895 ad
3210 843 3315 896 hoc
3347 842 3430 894 in-

1817 945 1985 1007 ducit,
2019 950 2077 995 ut
2110 941 2316 995 mentio
2349 940 2442 993 fiat
2469 937 2904 1005 exspectationis
2934 935 3166 990 Christi.
3201 932 3278 989 lla
3309 933 3425 1002 jam

1816 1053 1874 1091 se
1914 1037 1989 1091 illi
2028 1035 2251 1105 detegit.
2316 1033 2484 1104 Cujus
2539 1031 2717 1103 gratia
2749 1029 2955 1086 Jndteis
2989 1030 3212 1099 quidem
3244 1030 3426 1082 conti-

1818 1143 1926 1182 nuo
1957 1125 2123 1198 559
2183 1125 2693 1196 interrogantibus:
2745 1141 2763 1174 ι
2820 1123 2914 1176 Die
2947 1121 3128 1184 nobis,
3180 1135 3309 1173 num
3362 1128 3418 1173 tu

1815 1234 1873 1275 es
1909 1219 2160 1274 Christus
2197 1219 2262 1285 ",
2306 1237 2325 1272 ι
2383 1234 2487 1274 non
2552 1216 2820 1272 rCVelavit
2871 1215 3116 1284 seipsum
3153 1257 3168 1281 ,
3213 1214 3426 1268 mulieri

1818 1322 1998 1367 autem
2032 1312 2353 1368 dicitilllis
2386 1313 2606 1380 quidem
2662 1309 2800 1363 nihil
2843 1307 3001 1370 dicit,
3037 1323 3102 1361 eo
3138 1308 3281 1377 quod
3321 1322 3428 1360 non

1819 1409 2236 1476 interrogat-aut
2299 1406 2546 1461 discendi
2617 1405 2816 1475 gratia,
2889 1402 2986 1456 sed
3048 1401 3427 1457 calumniandi

1818 1503 2004 1558 animo
2035 1517 2050 1554 :
2081 1502 2208 1556 huic
2245 1509 2453 1564 autem,
2493 1499 2622 1567 quia
2673 1499 2920 1552 studiosa
2955 1506 3096 1562 erat,
3135 1495 3428 1548 manifeste

1816 1613 1875 1652 se
1910 1595 2135 1652 revelat.
2167 1594 2300 1648 Nam
2341 1593 2486 1662 quod
2508 1593 2742 1660 simplici
2771 1603 2953 1646 mente
2983 1599 3038 1645 et
3090 1589 3438 1660 cogitatione

1819 1691 2175 1760 dicendique
2209 1688 2485 1744 desiderio
2520 1687 2824 1758 rogaverit,
2865 1683 3220 1739 manifestum
3255 1699 3320 1736 ex
3349 1682 3437 1735 his

1823 1796 1943 1852 qua'
1975 1790 2304 1850 sequuntur.
2340 1777 2479 1833 Nam
2536 1788 2594 1832 ut
2655 1777 2886 1839 audivit,
2951 1791 3058 1830 non
3103 1775 3283 1828 solum
3320 1775 3440 1842 ipsa

1823 1874 2080 1939 credidit,
2116 1873 2212 1926 sed
2249 1872 2417 1927 etiam
2469 1871 2608 1925 alios
2674 1870 2740 1923 ad
2801 1870 2961 1923 ﬁdem
2993 1869 3246 1933 adduxit,
3293 1883 3441 1921 Sem-

1824 1984 2032 2037 perque
2065 1975 2291 2037 apparet
2341 1976 2397 2020 et
2445 1965 2641 2029 ﬁdelis,
2688 1976 2742 2018 et
2774 1963 3065 2029 diligenter
3122 1963 3436 2028 inquirens.

1822 2061 2092 2116 Ahsoluto
2125 2068 2306 2113 autem
2334 2057 2614 2126 colloquio
2642 2072 2764 2109 cum
2804 2057 3036 2109 muliere
3064 2071 3128 2107 an
3156 2054 3434 2118 doctrina,

1827 2156 2151 2226 tempestive
2178 2162 2548 2209 occurrerunt
2575 2150 2860 2220 discipuli,
2918 2159 2972 2204 et
3012 2145 3268 2202 admirati
3304 2160 3438 2202 sunt

1826 2248 2189 2304 humilitatem
2222 2247 2365 2317 ejus,
2397 2245 2541 2316 quod
2605 2259 2731 2300 cum
2771 2253 2881 2296 tam
2936 2243 3213 2312 gloriosus
3263 2251 3436 2306 esset,

1825 2351 1876 2396 et
1908 2345 2050 2410 apud
2099 2355 2291 2395 omnes
2334 2337 2592 2404 celebris,
2648 2352 2756 2390 non
2811 2335 3147 2404 dedignatus
3185 2335 3254 2388 sit
3310 2349 3436 2388 eum

1827 2445 1938 2488 tam
1998 2449 2237 2504 paupere
2300 2441 2356 2486 et
2402 2429 2756 2485 Samaritana
2800 2428 3034 2482 muliere
3097 2437 3247 2481 tanta
3313 2442 3443 2481 cunt

1827 2529 2094 2584 modestia
2151 2539 2462 2581 sermonem
2527 2526 2752 2578 habere.
2812 2523 3170 2577 Admirantes
3226 2534 3439 2586 autem,

1828 2640 1934 2679 non
1979 2623 2182 2675 audent
2213 2634 2408 2691 rogare
2435 2619 2501 2672 de
2538 2633 2645 2687 quo
2676 2615 2938 2685 loquatur
2980 2615 3027 2668 ei
3059 2633 3072 2677 ;
3118 2615 3443 2666 adcoerant

1827 2723 1965 2776 bene
1998 2718 2315 2786 compositi,
2348 2723 2639 2771 servantes
2673 2729 2826 2767 suam
2857 2727 2986 2781 erga
3039 2719 3436 2780 prmeeptorcm

1827 2816 2215 2871 reverentiam.
2249 2810 2406 2877 Quod
2454 2811 2499 2864 si
2550 2807 2751 2863 alicubi
2804 2803 3162 2875 apparuerint
3213 2803 3448 2857 fidenter

1829 2907 2135 2977 lmptcntes,
2207 2904 2352 2959 sicut
2407 2898 2656 2956 Joannes
2711 2915 2835 2953 cum
2880 2896 3232 2952 recumberet
3277 2909 3443 2964 super

1830 3014 2040 3073 pectus,
2085 3009 2140 3054 et
2201 3014 2323 3053 cum
2373 2997 2700 3050 accederent
2757 3003 2812 3046 et
2859 2991 3108 3045 dicerent
3164 3005 3179 3048 :
3239 3008 3257 3039 ι
3313 2987 3449 3053 Quis

1832 3095 2048 3160 major?
2082 3113 2102 3146 ι
2139 3104 2195 3148 et
2227 3107 2352 3146 cum
2389 3090 2483 3144 lilii
2529 3085 2780 3142 lehedaei
2813 3086 3169 3139 ()bSt‘Cl‘ﬂl’Clll
3209 3091 3269 3135 ut
3299 3096 3444 3135 unus

122 3172 342 3246 στῆθος,
398 3176 490 3226 καὶ
538 3173 665 3226 ὅταν
716 3173 1040 3245 προσιόντες
1092 3173 1326 3238 λέγωσιν
1353 3190 1368 3206 ο
1410 3192 1428 3224 ι
1471 3171 1566 3234 Τίς
1611 3171 1726 3242 μεί-

1835 3205 1861 3240 a
1897 3185 2129 3245 dextris,
2171 3193 2225 3238 et
2257 3181 2401 3235 alter
2433 3194 2461 3232 a
2498 3176 2742 3236 sinistris
2773 3177 3034 3228 sederent
3068 3189 3082 3226 :
3123 3172 3214 3225 illa
3265 3171 3452 3240 inqui-

122 3267 271 3332 ζωνς
325 3284 344 3318 ι
402 3266 497 3320 καὶ
545 3268 676 3321 ὅταν
719 3267 769 3321 οἱ
805 3266 898 3321 τοῦ
955 3267 1250 3320 Ζεϐεδαίου
1301 3265 1724 3337 παρακαλῶσιν,

121 3363 216 3416 ἵνα
247 3355 328 3425 εἷς
356 3360 414 3428 ἐξ
447 3359 770 3430 εὐωνύμων,
821 3361 917 3414 καὶ
966 3355 1047 3424 εἷς
1075 3361 1139 3412 ὲκ
1161 3359 1355 3425 δεξιῶν
1380 3357 1686 3412 καθίσωσιν
1709 3373 1726 3391 ο

118 3454 241 3508 ἀλλ’
270 3455 459 3507 ἐκεῖνα
479 3453 555 3516 ὡς
591 3455 670 3517 είς
695 3453 894 3514 αὐτοὺς
935 3453 1232 3520 ἀνήκοντα,
1265 3453 1360 3504 καὶ
1383 3451 1523 3512 τέως
1556 3451 1729 3515 ἀναγ-

120 3549 261 3602 καῖα
288 3547 475 3611 αὐτοῖς
533 3546 864 3616 φαινόμενα,
929 3546 1304 3611 ἐξετάζουσιν.
1352 3543 1621 3598 Ἐνταῦθα
1650 3543 1730 3609 δὲ,

117 3642 250 3694 ἐπεὶ
316 3639 392 3712 μὴ
443 3637 702 3692 τοσοῦτον
754 3639 940 3700 αὐτοῖς
978 3638 1200 3709 διέφερε
1235 3638 1298 3691 τδ
1335 3638 1542 3708 ζητεῖν,
1586 3636 1624 3690 -ὃ
1655 3636 1732 3707 μὴ

117 3734 431 3802 ἀναγκαῖον
464 3726 531 3804 ἦν
558 3732 716 3795 ὅλως,
745 3731 832 3784 διὰ
862 3730 1023 3784 τοῦτο
1060 3734 1121 3784 οὐ
1176 3730 1423 3803 χρῶνται
1471 3732 1538 3802 τῇ
1586 3731 1732 3802 παῤ-

121 3825 300 3899 ρησία
335 3826 413 3890 ὡς
450 3826 528 3897 μὴ
560 3823 764 3896 ἐχούσῃ
799 3827 1014 3894 καιρόν.

204 3936 224 3970 ι
282 3917 525 3987 Ἀφῆκεν
558 3911 653 3969 οῦν
682 3914 780 3986 τὴν
805 3915 994 3986 ὑδρίαν
1022 3915 1193 3985 αὐτῆς
1219 3915 1251 3984 ἡ
1276 3916 1414 3985 γυνὴ
1437 3913 1531 3968 καὶ
1563 3913 1741 3984 ἀπῆλ-

119 4011 221 4064 θεν
264 4010 348 4072 είς
372 4009 472 4080 τὴν
503 4008 681 4074 πόλιν,
710 4007 807 4061 καὶ
839 4007 990 4075 λέγει
1014 4010 1128 4070 τοῖς
1161 4006 1476 4076 ἀνθρώποις
1502 4023 1514 4037 ο
1542 4005 1733 4072 Δεῦτε,

117 4107 272 4160 ῐδετε
304 4103 626 4174 ἄνθρωπον,
669 4100 729 4164 ὃς
779 4096 902 4154 εἷπὲ
966 4118 1056 4171 μοι
1120 4099 1302 4153 πάντα
1333 4101 1435 4152 ὅσα
1468 4100 1738 4168 ἐποίησα·

125 4200 269 4269 μήτι
314 4193 472 4259 οὗτός
529 4197 681 4249 εστιν
721 4196 749 4248 ὁ
796 4195 1074 4264 Χριστός;
1117 4193 1373 4262 Ἐξῆλθον
1404 4191 1499 4245 οὖν
1531 4195 1596 4245 ὲκ
1642 4193 1742 4263 τῆς

124 4289 370 4353 πόλεως,
404 4287 501 4342 καὶ
526 4288 760 4358 ἧρχοντο
790 4285 929 4356 πρὸς
951 4285 1136 4343 αὐτόν.
1165 4305 1183 4337 ι
1219 4283 1489 4337 Τοσοῦτον
1521 4283 1740 4354 ἀνήφθη

122 4384 234 4452 τὴν
271 4380 507 4453 καρδίαν
539 4381 571 4446 ή
606 4378 745 4446 γυνὴ
783 4377 890 4430 ὑπὸ
935 4376 1046 4429 τῶν
1099 4376 1435 4446 εἰρημένων,
1463 4375 1605 4428 ὥστε
1647 4377 1743 4429 καὶ

116 4475 228 4544 τὴν
269 4471 464 4544 ὑδρίαν
500 4473 723 4540 ἀφεῖναι
757 4485 771 4500 ⁸
801 4467 976 4531 οὕτως
1007 4469 1115 4537 ἄρα
1150 4468 1361 4538 ταχέως
1391 4468 1741 4540 προετίμησε

1835 3291 1958 3334 t‘uut
1997 3277 2151 3346 quasi
2199 3276 2267 3330 ad
2295 3289 2353 3329 se
2389 3272 2704 3336 attittentia,
2733 3280 2788 3324 ct
2823 3278 2952 3322 tunc
3009 3267 3091 3320 eis
3126 3265 3444 3320 necessaria

1835 3377 1972 3429 visa.
2006 3373 2119 3427 lloc
2151 3380 2334 3426 autem
2376 3369 2496 3424 loco
2530 3366 2657 3436 quia
2687 3379 2794 3418 non
2831 3377 3006 3431 usque
3039 3360 3175 3415 adeo
3207 3361 3451 3429 ipsorum

1835 3469 2106 3523 intererat
2172 3476 2443 3534 quaerere,
2508 3472 2687 3527 neque
2754 3453 3134 3509 necessarium
3198 3451 3451 3518 omnino,

1836 3568 2133 3633 propterea
2168 3572 2276 3611 non
2304 3562 2535 3608 utuntur
2569 3550 2790 3614 ﬁducia,
2826 3563 2891 3605 eo
2914 3545 3057 3618 quod
3079 3560 3185 3600 non
3212 3544 3455 3600 habeant

1841 3664 2056 3723 tempus
2087 3657 2480 3720 opportunum.

1920 3918 2084 3975 Vens.
2113 3916 2310 3975 28-30.
2343 3935 2360 3969 ι
2409 3914 2654 3987 Reliquit
2678 3928 2810 3984 ergo
2843 3913 3096 3986 hydriam
3141 3925 3298 3967 suam
3334 3926 3457 3965 mu-

1843 4018 1966 4082 licr,
1997 4027 2050 4071 et
2090 4016 2228 4070 abiit
2271 4015 2326 4069 in
2359 4013 2670 4074 civitatem,
2705 4011 2918 4066 etdicit
2949 4009 3055 4064 illis
3094 4009 3457 4064 hominibus:

1845 4108 2062 4174 Venite,
2105 4107 2281 4160 videte
2310 4100 2588 4160 hominem
2621 4105 2714 4174 qui
2750 4103 2890 4158 dixit
2941 4101 3078 4156 mihi
3125 4101 3461 4170 omniaquae

1846 4207 1948 4259 feel
1977 4217 2146 4262 :num
2176 4201 2265 4256 hic
2300 4209 2386 4256 est
2421 4199 2511 4254 ille
2566 4197 2874 4254 Christus?
2931 4193 3198 4251 Exierunt
3249 4209 3383 4264 ergo
3429 4209 3460 4249 e

1846 4295 2089 4359 civitate,
2132 4301 2188 4348 et
2212 4291 2508 4347 veniebant
2561 4291 2628 4343 ad
2663 4304 2813 4343 eum.
2861 4307 2879 4341 ι
2933 4286 2992 4341 In
3021 4297 3229 4358 tantum
3267 4300 3466 4341 aeccn»

1849 4405 1966 4445 sum
2004 4398 2090 4443 est
2123 4401 2220 4442 cor
2255 4384 2505 4439 mulieris
2535 4383 2696 4438 dictis
2734 4381 3061 4444 Dominicis,
3103 4389 3161 4434 ut
3186 4389 3239 4433 et
3263 4387 3485 4447 aquam’

1850 4482 2208 4551 relinqueret.
2248 4477 2340 4532 Sic
2373 4477 2538 4546 igitur
2569 4476 2758 4530 statim
2792 4472 3035 4543 praetulit
3073 4487 3274 4540 aquam
3300 4470 3467 4526 Chri-

117 4567 186 4621 τὸ
225 4565 380 4635 ὕδωρ
403 4562 499 4618 τοῦ
552 4562 792 4633 Χριστοῦ
825 4564 922 4630 τῆς
972 4563 1069 4615 τοῦ
1130 4561 1332 4614 Ἰακὼὸ
1380 4561 1605 4632 πηγῆς’
1647 4563 1726 4615 κα¹

1849 4577 1918 4632 sti
1952 4544 2090 4631 fonti
2123 4555 2316 4636 Iacob,
2350 4544 2499 4625 etlit
2542 4567 2795 4638 apostola
2836 4567 3094 4619 ordinata
3123 4579 3152 4618 a
3188 4563 3315 4628 fide,
3345 4575 3469 4632 qua:

119 4659 193 4729 δὴ
227 4655 540 4719 ἀπόστολος
584 4655 822 4725 γίνεται,
863 4653 968 4706 ὑπὸ
1002 4653 1105 4724 τῆς
1165 4653 1264 4723 τὴν
1312 4654 1540 4726 καρδίαν
1575 4655 1747 4725 αὐτῆς

120 4750 557 4825 περιλαὸούσης
616 4748 860 4811 πίστεως
917 4749 1392 4818 χειροτονηθεῖσα,
1440 4749 1537 4801 καὶ
1592 4750 1748 4802 πόλιν

117 4845 443 4915 ὀλόκληρον
466 4840 735 4905 διδάσκει,
777 4840 875 4892 καί
908 4838 1228 4909 ἐφέλκεται.
1273 4859 1288 4890 ι
1328 4839 1520 4901 Δεῦτε,
1551 4841 1741 4911 φησὶν,

121 4937 280 4990 ἴδετε
309 4935 627 5006 ἄνθρωπον,
659 4933 717 4993 ὃς
761 4927 888 4986 εἷπέ
939 4951 1029 5003 μοι
1063 4933 1244 4986 πάντα
1289 4934 1391 4986 ὅσα
1434 4933 1686 5003 ἐποίησα.
1724 4951 1742 4984 ›

124 5029 364 5091 ’Ὄντως
417 5026 643 5080 ἐπειδὰν
701 5025 962 5096 ἐπυρώθιη
989 5027 1021 5096 ή
1047 5026 1195 5095 ψυχὴ
1246 5026 1379 5097 πυρὶ
1417 5026 1570 5096 θείῳ,
1611 5026 1748 5098 πρὸς

118 5120 298 5194 οῦδὲν
362 5119 470 5174 τῶν
527 5123 585 5175 ἐν
631 5122 702 5191 γῇ
755 5121 882 5190 ὁρᾷ,
913 5121 974 5174 οὐ
1008 5120 1149 5189 πρὸς
1179 5120 1473 5190 αἰσχύνην,
1516 5121 1577 5173 οὐ
1616 5122 1753 5190 πρὸς

123 5211 402 5283 ἀτιμίαν.
441 5211 575 5264 Ἰδοὺ
609 5207 701 5263 οὖν
751 5210 842 5263 καὶ
880 5209 1022 5279 αὕτη
1068 5211 1170 5263 οὐκ
1202 5211 1525 5283 αἰσχύνεται
1561 5213 1657 5265 καὶ
1686 5211 1755 5266 τὰ

124 5308 333 5360 οἰκεῖα
374 5304 832 5375 ἐκπομπεύουσα,
865 5303 1006 5358 ἀλλά
1033 5322 1236 5375 φησιν·
1289 5325 1308 5358 ι
1367 5309 1464 5371 Ὃς
1501 5303 1623 5360 εἷπέ
1664 5327 1756 5377 μοι

126 5399 334 5454 πάντα
369 5400 466 5453 ὅσα
497 5399 757 5469 ἐποίησα.
799 5418 816 5450 ι
876 5399 1075 5453 Καίτοι
1121 5417 1184 5468 γε
1236 5401 1473 5470 ἠδύνατο
1503 5403 1599 5455 καὶ
1635 5403 1756 5454 ιτε-

133 5508 263 5560 ρως
291 5492 504 5545 εἰπεῖν’
540 5490 732 5553 Δεῦτε,
769 5492 908 5544 ίδετε
967 5493 1260 5564 προφήτην
1308 5494 1751 5566 προφητεύοντα·

125 5580 274 5637 ἀλλ’
305 5582 412 5654 οὐχ
435 5581 636 5648 οὕτως,
702 5583 842 5637 ἀλλὰ
875 5588 1213 5656 καταφρονεῖ
1243 5588 1341 5659 τῆς
1371 5589 1581 5652 οἰκείας
1596 5589 1757 5658 δόξης

124 5675 232 5729 καὶ
275 5675 422 5747 πρὸς
446 5676 510 5730 τὸ
564 5675 806 5747 κηρύξαι
862 5677 960 5750 τὴν
994 5678 1256 5750 ἀλήθειαν
1309 5681 1614 5736 ἀποϐλέπει
1657 5684 1758 5754 μό-

213 5859 260 5888 ¹¹
298 5855 495 5913 Matth.
525 5873 671 5925 xxvi,
698 5857 787 5912 65.

1850 4686 1948 4727 cor
2002 4669 2121 4739 ejus
2177 4673 2568 4735 occupaverat,
2621 4662 2892 4730 docetqae
2932 4668 2988 4714 et
3028 4660 3257 4712 attrahit
3295 4666 3465 4711 totam

1851 4763 2155 4818 civitatem.
2206 4778 2224 4810 ι
2289 4751 2513 4821 Venite,
2555 4754 2756 4824 inquit,
2816 4754 2996 4807 videte
3029 4767 3154 4806 eum
3208 4749 3301 4820 qui
3333 4749 3468 4802 mihi

1852 4852 1991 4906 dixit
2012 4849 2196 4905 omnia
2250 4859 2615 4917 quazcumque
2659 4839 2790 4898 feci.
2839 4859 2858 4892 ›
2910 4840 3168 4895 Profecto
3204 4839 3464 4906 quoniam

1852 4958 2088 5000 accensa
2127 4941 2228 4996 luit
2254 4941 2436 4994 anima
2465 4939 2651 4994 divino
2683 4935 2822 5004 igni,
2859 4936 2927 4989 ad
2954 4934 3091 4988 nihil
3122 4948 3312 4988 eorum
3344 4947 3467 5001 qua:

1853 5036 1907 5088 in
1970 5043 2116 5088 terra
2171 5032 2399 5101 respicit
2451 5035 2468 5083 2
2522 5044 2632 5084 non
2694 5027 2762 5081 ad
2809 5027 3217 5090 confusionem,
3261 5041 3368 5079 non
3404 5027 3469 5079 ad

1855 5127 2232 5197 ignominiam,
2269 5137 2370 5179 nec
2399 5125 2465 5178 ad
2507 5123 2654 5177 aliud
2688 5121 2996 5192 quippiam.
3040 5119 3185 5174 Ecce
3221 5119 3389 5189 igitur
3416 5129 3470 5173 et

1858 5222 1962 5274 ista
1995 5235 2098 5274 non
2134 5233 2356 5274 veretur
2385 5233 2482 5272 sua
2518 5226 2730 5272 secreta
2763 5213 3025 5284 pandere,
3053 5213 3148 5266 sed
3181 5215 3280 5276 ait,
3318 5231 3335 5262 ι
3365 5211 3470 5277 Qui

1860 5311 1995 5368 dixit
2056 5311 2190 5366 mihi
2229 5311 2413 5366 omnia
2482 5323 2606 5380 quae
2667 5305 2796 5362 feci.
2843 5325 2862 5359 ι
2893 5305 3160 5372 Quamvis
3206 5313 3390 5375 posset
3417 5312 3473 5358 et

1859 5407 2019 5460 aliter
2049 5406 2287 5461 dicere:
2345 5403 2562 5467 Venite,
2623 5401 2805 5455 videte
2839 5400 3165 5469 prophetam
3227 5398 3468 5467 prophe-

1863 5507 2070 5552 tantetn
2104 5507 2204 5553 :at
2245 5511 2352 5549 non
2409 5495 2510 5549 sic.
2573 5491 2894 5548 Contemnit
2937 5501 3120 5544 autem
3157 5503 3315 5543 suam
3349 5486 3470 5556 κιθα-

1863 5591 2024 5656 riam,
2065 5600 2114 5642 et
2146 5589 2212 5641 ad
2251 5587 2358 5644 hoc
2415 5585 2592 5642 solum
2637 5592 2876 5654 spectat,
2916 5592 2974 5637 ιιι
3032 5581 3290 5653 praedicet
3329 5579 3475 5633 vcri=L

1864 5693 2049 5740 tatem.
2081 5681 2198 5738 Non
2233 5682 2366 5739 dicit
2396 5691 2601 5749 autem,
2655 5677 2756 5736 llic
2781 5687 2868 5735 est
2901 5675 3178 5746 Christus,
3224 5664 3473 5730 allii-man
