3936 6412
515 240 664 307 1243

1363 244 1949 315 THEOPHYLACTI
1992 245 2409 327 BULGARM‘J
2450 248 2809 314 ARCHIEP.

3676 242 3795 311 12H

513 359 652 433 tfve;
704 357 823 421 sed,
862 377 880 408 ι
926 356 1194 429 Numquid
1236 360 1322 417 hic
1372 372 1457 418 est
1497 364 1789 419 Christus?
1851 384 1869 417 ι
1909 367 2093 421 volens

2204 383 2318 419 vov.
2362 365 2621 432 Οὐδ-λέγει
2657 363 2736 430 δὲ,
2777 362 2858 416 ὅτι
2901 354 3070 425 Οὗτός
3106 360 3258 413 ἐστιν
3295 359 3324 412 6
3351 355 3634 429 Χριστὸς,
3672 359 3793 409 ἀτει-

508 449 679 503 etiam
712 448 832 503 illos
883 450 1149 504 calculum
1172 453 1393 518 addere,
1440 466 1493 509 et
1540 455 1726 512 facere
1778 472 2088 513 sermonem

508 541 723 597 creditu
755 540 1077 597 faciliorem.
1112 543 1324 598 Etenim
1358 548 1403 601 si
1436 547 1764 604 afﬁrmasset
1792 551 1939 603 hunc
1968 566 2090 606 esse

510 632 813 695 Christum,
846 631 1093 689 fortassis
1132 634 1453 704 refugissent
1505 640 1727 709 quidam
1762 643 2089 695 sententiam

512 722 650 788 ejus,
701 737 876 791 neque
905 734 1011 777 tam
1045 724 1336 783 dil‘lamatze
1375 730 1757 785 credidissent.
1799 730 2088 787 Intellexe-

510 822 637 866 rnnt
664 825 846 867 autem
879 815 1094 885 quidam
1121 816 1283 887 530
1317 834 1413 886 per
1441 820 1683 890 quinque
1715 824 1861 878 viros
1902 822 2092 877 Sama-

510 906 723 970 ritanaa,
751 908 989 974 quinque
1019 908 1184 963 libros
1216 910 1375 975 Mosi,
1405 927 1542 980 quos
1570 914 1714 970 solos
1746 915 2088 970 Samaritana

512 996 809 1064 recipiebat
841 996 943 1067 (α).
991 1016 1009 1049 ι
1051 999 1218 1064 Quem
1245 1012 1426 1057 autem
1479 1022 1623 1061 nunc
1654 1008 1842 1073 habes,
1885 1028 1902 1059 ι
1934 1009 2087 1073 dicit,

512 1088 614 1139 hoc
646 1095 751 1146 est.
784 1088 1011 1142 verbum
1047 1105 1249 1155 meum,
1289 1095 1433 1161 quod
1457 1111 1601 1150 nunc
1644 1112 1674 1150 a
1735 1113 1818 1151 me
1861 1100 2087 1168 accipis,

515 1194 533 1227 ι
577 1191 680 1231 non
703 1189 787 1233 est
820 1182 902 1233 vir
925 1189 1072 1246 tuus.
1118 1200 1138 1233 ι
1178 1182 1426 1238 Nondum
1460 1188 1605 1239 enim
1661 1187 1953 1256 conjuncta
1983 1189 2081 1243 fui-

513 1267 604 1334 sti,
650 1268 825 1337 inquit
884 1268 1062 1338 Jesus,
1102 1286 1233 1327 mea:
1290 1275 1571 1333 doctrinae.
1638 1278 1847 1333 Dixerit
1907 1292 2088 1335 autem

510 1360 634 1426 quis
674 1360 1071 1416 Samaritanam
1095 1378 1286 1434 gerere
1334 1375 1517 1437 typum
1570 1370 1823 1426 humanae
1858 1388 2086 1428 namrze.

510 1446 713 1504 Natura
754 1452 898 1506 enim
929 1465 1112 1509 nosua
1140 1456 1267 1509 olim
1294 1459 1509 1526 quidem
1548 1459 1600 1515 in
1640 1470 1823 1519 monte
1866 1464 2083 1521 habita-

509 1541 623 1608 bat,
656 1554 833 1597 mente
863 1543 1074 1601 scilicet
1098 1547 1254 1615 plena
1286 1550 1473 1619 gratia:
1498 1552 1716 1609 divinae.
1746 1554 1881 1609 Nam
1910 1558 2091 1627 prius-

509 1653 670 1703 quam
696 1650 946 1707 peccaret
970 1642 1165 1707 Adam,
1193 1644 1450 1701 omnibus
1472 1647 1671 1702 divinis
1714 1660 1939 1706 ornatus
1971 1662 2093 1707 erat

511 1729 689 1784 donis.
722 1730 853 1785 Erat
896 1734 1039 1787 enim
1098 1745 1152 1788 et
1198 1738 1482 1806 propheta.
1524 1738 1675 1796 Unde
1721 1752 1776 1796 et
1821 1757 1850 1796 a
1898 1759 2090 1800 somno

510 1825 924 1891 expergefactus
968 1827 1217 1894 praedixit
1262 1832 1327 1882 de
1370 1829 1698 1887 formatione
1756 1834 1998 1891 mulieris
2038 1848 2092 1891 et

512 1912 825 1969 habitudine
854 1916 955 1969 viri
980 1932 1108 1987 erga
1139 1918 1307 1982 illam,
1344 1922 1669 1991 dicebatque
1702 1942 1717 1978 :
1754 1943 1774 1977 ι
1805 1924 1917 1982 Hoc
1942 1944 2089 1985 Illinc

514 2018 576 2057 os
602 2020 665 2059 ex
706 2007 922 2061 ossibus
944 2010 1097 2076 meis,
1130 2022 1211 2065 «et
1245 2011 1473 2083 Propter
1509 2013 1609 2069 hoc
1638 2015 1907 2087 relinquet
1932 2021 2092 2076 homo

513 2105 720 2165 patrem
773 2115 930 2153 suum
972 2111 1025 2155 et
1064 2115 1290 2157 matri-tn
1332 2107 1390 2157 ".
1443 2126 1463 2159 ›
1504 2108 1736 2163 Proinde
1789 2120 1916 2165 tunc
1976 2122 2094 2166 erat

513 2201 700 2245 natura
744 2204 926 2247 nostra
958 2193 1011 2248 in
1072 2198 1289 2251 excelso
1355 2210 1537 2254 monte
1585 2203 1803 2261 mentis.
1863 2203 1971 2260 Sed
2003 2207 2093 2261 ubi

509 2278 734 2333 offendit
790 2280 981 2347 Deum,
1036 2284 1265 2340 abducta
1317 2297 1401 2342 est
1458 2292 1696 2358 captiva,
1742 2304 1796 2348 et
1843 2305 2091 2352 sanctum

510 2370 727 2437 quidem
757 2385 939 2426 semen
972 2374 1109 2439 ejus,
1137 2393 1352 2432 omnem
1384 2380 1704 2437 di‘viniorem
1735 2386 1857 2440 dico
1886 2388 2093 2458 cogita-

511 2457 734 2523 tionem,
762 2461 1010 2519 diabolus
1049 2469 1319 2535 captivam
1383 2472 1433 2524 in
1466 2472 1799 2543 Babylonem
1848 2457 1972 2532 inde
1998 2480 2093 2535 ab-

512 2550 687 2613 duxit,
728 2552 830 2607 hoc
877 2564 980 2622 est,
1026 2557 1079 2611 in
1148 2558 1519 2618 COnfusionem
1563 2566 1726 2636 hujus
1783 2571 1989 2634 mundi,
2038 2581 2095 2627 et

512 2656 611 2709 pro
647 2645 728 2698 eis
785 2646 1090 2703 inhabitare
1147 2648 1269 2704 fecit
1338 2654 1659 2713 barbaricas
1708 2662 2090 2730 cogitationes,

513 2746 649 2798 quas
676 2732 881 2800 leones,
906 2737 1058 2791 bonae
1084 2740 1288 2795 scilicet
1313 2746 1695 2815 cogitationes,
1727 2764 1848 2818 quae
1882 2752 2095 2807 habita-

512 2825 642 2877 haut
698 2825 748 2878 in
792 2829 967 2891 nobis,
1024 2830 1385 2901 devorabam,
1431 2838 1605 2894 donec
1649 2856 1962 2910 persuasum
2009 2856 2095 2902 est

510 2917 589 2968 cis
624 2927 679 2970 ut
708 2919 1015 2988 reciperent
1045 2923 1222 2978 divina
1257 2926 1495 2997 eloquia,
1527 2948 1627 2987 nec
1667 2942 1844 2989 tamen
1880 2937 1967 2991 illa
2010 2938 2095 2992 in-

513 3020 659 3081 tegre
685 3026 1009 3082 receperunt
1049 3033 1063 3071 :
1089 3020 1294 3077 malitia
1319 3024 1464 3077 enim
1486 3039 1606 3079 cum
1640 3029 1806 3081 semel
1836 3030 1886 3083 in
1914 3042 2094 3086 monte

512 3106 709 3158 mentis
737 3118 941 3162 nostrae
971 3110 1223 3168 habitare
1284 3118 1535 3184 coeperit,
1587 3122 1817 3189 suscipit
1871 3124 2091 3192 quidem

510 3195 647 3250 Mosi
683 3198 871 3265 libros,
908 3218 1013 3261 non
1047 3216 1227 3261 autem
1259 3208 1469 3280 integre
1494 3212 1694 3267 bonum
1728 3216 2092 3284 amplexatur,

510 3286 605 3340 sed
634 3290 812 3345 adhuc
862 3294 964 3347 sub
1008 3296 1294 3355 maledicto
1331 3313 1527 3356 manet.
1583 3304 1751 3373 Igitur
1795 3305 1952 3363 Jesus
1992 3310 2096 3365 iter

515 3378 741 3445 faciens,
777 3382 879 3439 hoc
916 3396 1023 3450 est,
1071 3389 1270 3445 multas
1321 3393 1439 3448 vias
1479 3397 1775 3463 transiens,
1810 3408 1866 3454 et
1911 3401 2097 3456 modos

516 3488 613 3539 pro
638 3473 809 3529 salute
842 3489 1025 3533 nostra
1064 3490 1328 3550 tractans,
1363 3496 1417 3540 et
1469 3486 1683 3543 interim
1717 3490 1882 3546 minis
1923 3494 2096 3546 malo-

513 3578 653 3627 rum,
688 3565 897 3623 interim
924 3571 1327 3639 afﬂictionibus,
1354 3579 1576 3634 interim
1610 3582 1912 3650 beneficiis,
1948 3585 2095 3639 inte-

516 3658 617 3706 rim
667 3656 936 3713 bOnorum
993 3668 1471 3741 prorqissiooibus,
1511 3684 1753 3728 nostram
1815 3679 1980 3730 vitam
2017 3679 2099 3731 lu-

511 3749 655 3801 crari
687 3752 881 3819 quau-it
908 3768 923 3808 :
957 3766 1009 3807 et
1036 3758 1292 3828 fatigatus
1336 3762 1552 3829 quidem
1583 3773 1667 3819 est
1699 3766 1898 3822 talibus
1924 3771 2097 3824 modis

523 3848 800 3897 attentans
825 3860 931 3899 nos
956 3851 1232 3919 corrigere
1267 3864 1281 3905 :
1314 3854 1515 3909 invenit
1552 3866 1733 3912 autem
1776 3861 1940 3913 alium
1986 3877 2099 3914 mo-

515 3933 639 3985 dum
668 3936 909 4006 regendi,
943 3940 1033 4006 qui
1084 3943 1130 3997 ei
1188 3954 1241 3997 et
1286 3946 1507 4013 placuit,
1538 3950 1680 4005 unde
1727 3968 1891 4021 super
1948 3954 2096 4007 illum

513 4026 653 4080 St‘tlil
681 4038 735 4082 ct
767 4032 1054 4097 requievit.
1097 4034 1159 4088 Et
1196 4040 1319 4103 quis
1364 4038 1487 4093 ille?
1534 4041 1675 4095 Fons
1731 4043 2095 4113 baptismatis,

515 4116 568 4169 in
619 4134 708 4185 ,uo
758 4132 965 4177 natura:
1004 4138 1203 4181 nostra:
1258 4132 1411 4197 quasi
1462 4130 1819 4191 Samaritana:
1862 4138 2095 4206 cuipiam

514 4207 799 4267 benefecil.
838 4213 976 4270 Fons
1002 4228 1181 4274 autem
1222 4222 1324 4276 iste
1380 4224 1723 4293 baptismatis
1780 4229 1900 4284 fons
1931 4229 2096 4285 Jacob

504 4302 711 4357 merito
779 4305 1001 4374 dicitur,
1055 4312 1154 4366 hoc
1202 4324 1286 4369 est
1332 4319 1786 4386 supplantatoris.
1843 4321 1899 4375 lu
1951 4322 2099 4379 fonte

2193 456 2492 524 φαντικῶς,
2524 454 2683 516 ἀλλὰ,
2723 471 2742 504 ι
2776 454 2925 521 Μήτι
2964 448 3121 514 οὗτός
3173 453 3325 505 ἐστιν
3360 452 3391 503 6
3446 448 3730 518 Χριστόςς
3776 468 3789 496 ι

2195 546 2494 619 βουλομένη
2532 547 2720 600 λοιπὸν
2759 546 2957 607 αὐτοὺς
3018 544 3268 625 ἐκείνους
3314 542 3674 613 συμψήφους
3706 540 3792 591 λα-

2195 642 2335 702 ϐεῖν,
2361 641 2457 692 καὶ
2512 638 3055 707 εὐπαραδεκτότερον
3098 635 3333 688 ποιοῦσα
3389 634 3489 686 τὸν
3525 632 3711 700 λόγον.
3748 633 3795 683 Ei

2192 731 2302 801 γὰρ
2339 730 2681 800 ἀπεφήνατο,
2753 728 2835 781 ὅτι
2873 722 3043 790 Οὗτός
3082 727 3231 781 ἔστιν
3261 728 3290 779 6
3321 723 3597 796 Χριστὸς,
3649 726 3798 793 τυχίν

2190 825 2257 879 ἂν
2288 826 2382 878 καὶ
2415 823 2875 893 ἀπεδυσπέτησάν
2929 839 3096 885 τινες,
3128 821 3230 891 τὴν
3278 820 3466 890 ψῆφον
3502 818 3688 886 αὐτῆς
3731 817 3797 878 ὠς

2190 915 2630 986 διαϐεϐλημένης
2666 916 2742 986 μὴ
2770 914 3225 984 παραδεχόμενοι.
3272 912 3552 981 Ἐνόησαν
3579 910 3639 961 δέ
3662 926 3797 971 τιν;ς

2191 1007 2318 1069 τοὺς
2351 1008 2512 1060 πέντε
2548 1006 2751 1077 ἄνδρας
2781 1010 2879 1074 τῆς
2911 1002 3308 1075 Σαμαρείτιδος
3336 997 3490 1055 εἶναι
3528 1003 3603 1055 τὰ
3637 1002 3794 1053 πέντε

2194 1098 2399 1169 βιϐλία,
2430 1098 2523 1170 ἃή
2558 1099 2891 1169 Σαμαρεῖτις
2942 1097 3079 1167 μόνη
3129 1095 3494 1166 παρεδέχετο.
3544 1113 3563 1145 ι
3606 1096 3707 1146 Ὃν
3746 1093 3793 1145 ἑὲ

2192 1189 2288 1244 νῦν
2318 1190 2483 1261 ἔχεις,
2535 1207 2554 1240 ›
2611 1191 2769 1259 φησὶ,
2823 1189 3124 1255 τουτέστιν,
3189 1190 3219 1241 6
3264 1188 3427 1254 λόγος
3476 1189 3509 1240 6
3550 1187 3714 1255 ἐμὸς,
3744 1186 3793 1237 ὃν

2192 1278 2287 1336 νῦν
2322 1282 2381 1345 ἐξ
2412 1280 2546 1351 ἐμοῦ
2570 1280 2721 1354 δέχῃ,
2777 1299 2795 1333 ι
2825 1282 2925 1335 οὐκ
2952 1281 3068 1334 ἔστι
3103 1298 3199 1333 σου
3226 1281 3369 1349 ἀνὴρ
3395 1297 3409 1311 ·
3442 1298 3461 1330 ι
3506 1278 3675 1332 οὔπω
3699 1280 3795 1348 γὰρ

2196 1374 2589 1444 συνεζεύχθης,
2622 1374 2782 1444 φησὶ,
2816 1377 2882 1445 τῇ
2914 1376 3021 1443 ἐμῇ
3054 1373 3148 1426 τοῦ
3208 1372 3388 1442 Ἰησοῦ
3439 1372 3792 1439 διδασκαλία.

2194 1465 2354 1519 Εῐποι
2384 1466 2430 1519 δ’
2461 1467 2525 1521 ἄν
2548 1484 2633 1529 τις
2683 1466 2779 1519 xai
2820 1468 2903 1529 εἰς
2938 1466 3110 1519 τύπον
3151 1466 3252 1534 τῆς
3294 1465 3672 1536 ἀνθρωπίνης
3700 1464 3795 1532 φύ-

2197 1576 2336 1622 σεως
2368 1558 2682 1626 λογίζεσθαι
2704 1558 2803 1630 τὴν
2826 1560 3181 1630 Σαμαρεῖτιν.
3218 1558 3281 1611 Ἡ
3305 1558 3418 1627 γὰρ
3453 1559 3628 1627 φύσις
3647 1558 3797 1629 ημῶν

2196 1650 2367 1704 πάλαι
2403 1650 2502 1720 μὲν
2528 1654 2586 1704 ὲν
2615 1650 2733 1721 ὄρει
2774 1651 3040 1723 κατῴκει,
3071 1650 3150 1722 τῷ
3186 1650 3264 1703 νοτ
3323 1652 3401 1721 τῷ
3452 1650 3665 1720 πλήρει
3706 1650 3799 1719 τῆς

2202 1742 2351 1806 θείας
2380 1743 2625 1815 χάριτος.
2668 1744 2805 1813 Πρὶν
2842 1745 2874 1815 ἢ
2910 1743 3020 1814 γὰρ
3069 1743 3291 1814 ἁμάρτῃ
3333 1744 3360 1795 6
3421 1743 3631 1812 Ἀδὰμ,
3668 1744 3798 1796 πᾶσι

2201 1838 2369 1901 θείοις
2396 1837 2740 1906 ἐκεκόσμητο
2773 1838 3103 1910 χαρίσμασι.
3145 1837 3257 1889 Καὶ
3298 1837 3408 1907 γὰρ
3438 1839 3537 1890 καὶ
3585 1842 3798 1905 προφή-

2199 1949 2300 2001 της
2329 1926 2416 2001 ἦν.
2468 1929 2748 2003 Ἐγερθεὶς
2792 1930 2900 2001 γὰρ
2943 1930 3053 1984 ἀπὸ
3083 1928 3179 1982 τοῦ
3206 1928 3404 1991 ὕπνου.
3448 1931 3585 1998 περί
3619 1948 3679 1982 τε
3710 1932 3800 1997 τῆς

2199 2023 2545 2084 διαπλάσεως
2571 2024 2671 2092 τῆς
2692 2022 2977 2091 γυναικὸς,
3010 2023 3107 2075 καὶ
3132 2023 3263 2091 περὶ
3306 2022 3408 2089 τῆς
3443 2023 3589 2090 7:96;
3631 2024 3801 2089 αὐτὴν

2204 2116 2442 2185 σχέσεως
2512 2115 2605 2169 τοῦ
2655 2115 2851 2183 ἀνδρὸς
2924 2115 3273 2183 ἀπεφήνατο.
3361 2114 3585 2184 Ἐφησε
3654 2116 3797 2181 γάρ·

2206 2227 2224 2260 ι
2270 2208 2442 2261 Τοῦτο
2475 2206 2571 2261 νῦν
2597 2207 2788 2260 ὀστοῦν
2823 2208 2887 2259 ἐκ
2942 2205 3052 2258 τῶν
3080 2206 3256 2257 ὀστῶν
3311 2222 3414 2274 μου
3441 2223 3452 2235 ·
3516 2227 3535 2256 ο
3580 2210 3679 2259 καὶ
3728 2209 3799 2258 ὅτι

2206 2318 2225 2352 ι
2278 2302 2425 2354 Ἀντὶ
2477 2301 2670 2354 τούτου
2720 2297 3042 2368 καταλείψει
3081 2300 3372 2366 ἄνθρωπος
3427 2298 3520 2351 τὸν
3587 2300 3801 2367 πατέρα

2200 2393 2366 2448 αὑτοῦ
2392 2395 2485 2448 καὶ
2518 2394 2618 2463 τὴν
2656 2392 2889 2464 μητέρα.
2935 2409 2953 2443 ι
2986 2387 3096 2444 Ἦν
3125 2392 3225 2459 μὲν
3255 2386 3347 2445 οὖν
3375 2393 3407 2461 ἡ
3439 2392 3612 2459 φύσις
3644 2393 3800 2461 ἠθῶν

2201 2488 2260 2539 ὲν
2286 2486 2364 2557 τῷ
2398 2487 2516 2557 ὄρει
2540 2483 2738 2557 τούτῳ,
2766 2487 2846 2557 τῷ
2886 2484 3080 2556 ὑψηλῷ
3129 2485 3231 2547 νοῒ,
3287 2485 3427 2537 ἀλλὰ
3476 2487 3798 2556 προσκρού-

2203 2594 2346 2633 σασα
2402 2578 2487 2648 τῷ
2509 2576 2649 2648 Θεῷ,
2694 2577 3042 2647 αἰχμάλωτος
3101 2578 3352 2647 ἀπήχθη,
3400 2579 3500 2630 καὶ
3568 2578 3635 2631 τὸ
3706 2580 3798 2648 μὲν

2206 2669 2428 2741 σπέρμα
2463 2669 2524 2721 τὸ
2556 2670 2731 2736 ᾰγιον,
2794 2669 2977 2721 πᾶσαν
3018 2667 3229 2722 ἔννοιαν
3268 2668 3416 2735 λέγω
3484 2669 3798 2738 θειοτέραν,

2202 2765 2231 2815 6
2270 2761 2683 2833 αἰχμαλωτίσας
2715 2763 2867 2832 ἡμᾶς
2890 2760 3137 2825 διάϐολος
3157 2762 3452 2831 ἀπήγαγεν
3491 2764 3577 2825 εἰς
3622 2762 3799 2815 Βαευο

2201 2852 2371 2918 λῶνα,
2399 2855 2499 2924 τὴν
2529 2853 2793 2923 σύγχυσίν
2828 2871 2973 2923 φημι
3026 2853 3181 2907 τοῦδε
3232 2853 3328 2907 τοῦ
3361 2856 3581 2925 κόσμου
3612 2872 3624 2885 °
3678 2859 3801 2907 ἀντο

2202 2944 2437 3016 ενῴκισε
2472 2945 2528 2998 δὲ
2563 2946 2657 2998 καὶ
2689 2946 2816 3009 τοὺς
2855 2945 3231 3017 βαρϐαρικοὺς
3268 2947 3600 3016 λογισμοὺς,
3627 2948 3725 3011 οὓς
3759 2950 3799 2999 ci

2124 3069 2166 3128 α
2202 3037 2437 3100 λέοντες,
2469 3038 2519 3090 οἱ
2551 3037 2934 3108 βασιλεύοντες
2982 3041 3039 3091 ἐν
3098 3041 3232 3109 ἡμῖν
3274 3040 3474 3108 ἀγαθοὶ
3517 3041 3799 3109 λογισμοὶ,

2198 3130 2517 3199 κατήσθιον,
2543 3131 2703 3201 ἄχρις
2746 3132 2812 3185 ἂν
2856 3132 3085 3186 ἔπεισαν
3116 3133 3316 3196 αὐτοὺς
3367 3134 3796 3203 παραδέξασθαι

2194 3222 2265 3275 τὰ
2298 3220 2394 3275 τοῦ
2425 3221 2563 3275 Θεοῦ
2595 3222 2787 3290 λόγια.
2836 3224 2976 3277 Ἀλλ’
3008 3224 3129 3277 οὐδὲ
3154 3224 3329 3277 ταῦτα
3360 3226 3689 3297 ὁλοκλήρως
3711 3244 3727 3260 °
3768 3230 3797 3297 ἡ

2198 3313 2307 3385 γὰρ
2330 3314 2498 3368 κακία
2546 3315 2693 3379 ἅπαξ
2734 3316 2791 3368 ὲν
2843 3314 2921 3384 τῷ
2976 3316 3298 3387 δρειὴμῶν,
3337 3316 3414 3388 τῷ
3490 3319 3580 3372 ’σοῖ
3629 3320 3801 3387 λέγω,

2200 3412 2606 3478 κατοικήσασα,
2655 3408 2879 3471 ἐδέξατο
2914 3409 3014 3479 μὲν
3073 3408 3142 3462 τὰ
3207 3410 3480 3474 Μωσέως,
3532 3411 3642 3482 οὐχ
3681 3414 3801 3465 ὀλυ-

2199 3501 2419 3570 κλήρως
2473 3500 2529 3553 δὲ
2578 3500 2673 3552 τοῦ
2732 3499 2900 3554 καλοῦ
2942 3502 3182 3569 ἐγένετο,
3239 3501 3379 3554 ἀλλὰ
3439 3506 3539 3556 καὶ
3576 3504 3664 3558 ἔτι
3709 3508 3805 3559 ὑπὸ

2198 3593 2447 3664 κατάραν
2489 3589 2576 3664 ἦν.
2619 3594 2679 3646 Ὀ
2717 3594 2898 3649 τοίνυν
2939 3593 3145 3665 Ἰησοῦς
3193 3595 3589 3666 ὁδοιπορήσας,
3652 3615 3808 3651 τουτ-

2200 3686 2339 3751 έστι,
2382 3686 2583 3749 πολλὰς
2640 3687 2795 3751 όδοὺς
2851 3687 3183 3756 οἰκονομιῶν
3228 3690 3323 3741 καὶ
3352 3689 3609 3757 τρόπους
3677 3695 3808 3761 πρὶς

2199 3781 2475 3850 ἡμετέραν
2508 3781 2783 3851 σωτηρίαν
2816 3781 3114 3852 μετελθὼν,
3146 3784 3240 3835 καὶ
3284 3783 3416 3835 ποτὲ
3496 3786 3603 3853 μὲν
3650 3789 3807 3838 ἀπει-

2201 3871 2344 3937 λαῖς,
2381 3872 2511 3925 ποτὲ
2535 3873 2589 3925 δὲ
2622 3874 2810 3926 κακῶν
2841 3875 3099 3944 πληγαῖς,
3148 3877 3277 3929 ποτὲ
3315 3876 3377 3927 δὲ
3415 3877 3801 3945 εὐεργεσίαις,

2202 3965 2393 4017 ἄλλοτε
2422 3966 2477 4017 δὲ
2513 3965 2735 4033 ἀγαθῶν
2791 3966 3126 4039 ὑποσχέσεσι
3181 3967 3495 4033 μεθοδεύων
3528 3970 3636 4041 τὴν
3679 3974 3811 4041 mta-

2198 4058 2365 4125 τέροιν
2399 4058 2569 4127 ζωὴν,
2610 4060 2866 4128 ἀπέκαμε
2929 4061 3047 4129 μὲν,
3110 4061 3379 4125 τοιούτοις
3408 4064 3650 4133 τρόποις
3696 4069 3811 4118 ἐπι·

2200 4150 2400 4219 χειρῶν
2440 4150 2587 4221 ἡμᾶς
2639 4149 3059 4222 διορθώσασθαι,
3105 4145 3235 4222 εὗρε
3291 4152 3349 4207 δὲ
3386 4156 3485 4206 καὶ
3534 4156 3715 4228 ἄλλην
3741 4159 3810 4209 οἰ-

2200 4243 2483 4313 κονομίαν,
2539 4245 2597 4296 ὲν
2750 4246 2846 4297 καὶ
2917 4246 3162 4311 ἐκάθισε,
3216 4249 3313 4299 xui
3367 4249 3807 4304 ὲτιανεπαύσατο

2202 4332 2460 4400 ἀρεσθεὶς
2492 4333 2689 4406 ταύτῃ.
2730 4334 2898 4388 Ποίαν
2924 4353 2937 4402 ;
2964 4334 3076 4405 Τὴν
3108 4336 3295 4407 πηγὴν
3330 4336 3427 4389 τοῦ
3482 4338 3810 4410 βαπτίσμα-

504 4394 657 4447 εειιίη]
691 4396 794 4453 isto
823 4402 1238 4470 supplantamus
1266 4408 1560 4475 diabolum,
1594 4414 1719 4481 quia
1747 4425 1801 4466 et
1830 4414 2093 4483 Dominus

2201 4442 2315 4490 τος,
2343 4428 2402 4479 ἐν
2488 4426 2585 4496 τὴν
2639 4426 2801 4494 φύσιν
2840 4428 3003 4501 ἡμῶν
3060 4426 3255 4499 ὥσπερ
3304 4430 3430 4483 τινὰ
3471 4430 3809 4502 Σαμαρεῖτιν

515 4486 568 4539 in
604 4486 694 4541 illo
734 4495 989 4548 contrivit
1021 4510 1180 4564 caput
1222 4500 1498 4568 draconis,
1531 4519 1690 4572 quem
1726 4504 1876 4559 dedit
1911 4522 2092 4563 escam

507 4580 724 4647 populis
748 4582 1071 4655 Ethiopum
1108 4588 1171 4643 η.
1226 4589 1468 4649 Dracone
1494 4604 1673 4650 autem
1713 4597 1819 4652 isto
1867 4614 1971 4653 non
2004 4600 2094 4654 alii

506 4672 736 4738 quidem
776 4687 1076 4745 pascuntur
1130 4685 1598 4763 et_oblectantur,
1648 4705 1812 4759 quam
1865 4693 2091 4748 obtenc-

512 4764 656 4823 brati
685 4780 740 4824 et
760 4773 899 4841 nigri
932 4777 1135 4841 anima,
1175 4789 1227 4834 et
1258 4781 1455 4836 divinae
1484 4783 1617 4838 lucis
1641 4802 1745 4841 non
1773 4790 2091 4857 participes.

520 4861 655 4917 Huic
684 4874 869 4919 autem
910 4875 1110 4924 nostraa
1154 4881 1360 4929 natura:
1406 4876 1647 4945 quinque
1681 4880 1779 4934 viri
1822 4882 2095 4951 ceninncti

517 4950 755 5019 fuerunt,
794 4961 957 5015 variae
990 4964 1197 5017 scilicet
1228 4964 1375 5033 leges
1415 4983 1443 5020 a
1477 4968 1585 5023 Deo
1616 4971 1755 5025 data:
1795 4974 1866 5035 ei,
1902 4992 2099 5046 nempe

519 5042 597 5095 lex
662 5045 713 5097 in
773 5051 1047 5114 paradiso,
1112 5051 1196 5107 lex
1225 5071 1344 5123 qua:
1375 5067 1620 5127 tempore
1654 5061 1787 5129 Noe,
1849 5065 1931 5119 lex
1976 5042 2099 5137 qua:

518 5138 640 5188 data
674 5137 925 5205 Abrahae,
957 5141 1040 5198 lex
1073 5159 1193 5212 quae
1217 5147 1336 5201 data
1380 5148 1534 5215 Mosi,
1573 5152 1658 5208 lex
1702 5169 1825 5225 qua:
1854 5159 1975 5213 data
2006 5178 2101 5229 per

513 5230 834 5297 prophetas.
874 5232 1007 5290 Nam
1040 5247 1094 5291 et
1134 5238 1247 5294 Noe
1292 5250 1413 5309 post
1465 5245 1727 5301 diluvium
1766 5263 2099 5321 praeceptum

512 5321 789 5387 quoddam
826 5330 1082 5399 suscepit,
1118 5338 1171 5387 et
1199 5332 1475 5390 Abraham
1527 5338 2002 5398 circuncisionem.
2031 5346 2103 5401 fis

592 5458 635 5491 ¹³
668 5459 805 5518 Gen.
850 5480 925 5529 χι,
965 5467 1056 5534 25,
1097 5467 1187 5525 24.
1270 5470 1311 5502 ¹⁵
1342 5469 1489 5531 Psal.
1524 5489 1713 5543 uxm,
1748 5476 1828 5533 Η.

589 5618 665 5683 (ul
704 5618 761 5672 In
797 5621 929 5702 edit.
975 5622 1095 5702 Lut.
1123 5642 1256 5702 quos
1292 5631 1439 5702 solos,
1473 5628 1803 5687 Samarilam'
1830 5637 2104 5702 rccipiunt.

513 5685 937 5748 ‘z‘tmateuchum
972 5685 1323 5765 recipiebant,
1359 5685 1903 5760 adlucrebatvuiuhcr;

2198 4518 2593 4589 εὐηργέτησεν.
2638 4518 2795 4572 Ἡδὲ
2836 4520 2987 4589 πηγὴ
3043 4518 3191 4590 αὕτη
3244 4520 3341 4574 τοῦ
3419 4520 3809 4595 βαπτίσματος

2198 4611 2579 4681 πηγὴ’“ῐακὼ6
2614 4614 2839 4675 εἰκότως
2870 4614 2936 4668 ἂν
2968 4615 3510 4685 λεχθείηντουτέστι
3580 4637 3807 4691 τττερνι-

2200 4702 2351 4757 στοῦ.
2397 4704 2486 4757 Ἐν
2518 4704 2654 4775 αὐτῇ
2692 4704 2801 4775 γὰρ
2842 4709 2908 4778 τῇ
2938 4711 3093 4779 πηγῇ
3148 4708 3434 4779 πτερνίζει
3461 4728 3548 4772 τις
3575 4714 3677 4765 τὸν
3701 4714 3805 4766 διὰ·

2199 4798 2355 4850 ὅολον
2386 4813 2401 4828 ·
2436 4797 2560 4850 ἐπεὶ
2601 4799 2695 4851 καὶ
2730 4802 2757 4851 ὁ
2792 4800 2999 4870 Κύριος
3038 4803 3097 4853 ὲν
3136 4804 3313 4873 ταύτῃ
3367 4805 3682 4859 συνέθλσσε
3716 4808 3805 4876 τὴν

2205 4888 2448 4960 κεφαλὴν
2477 4890 2573 4943 τοῦ
2607 4890 2926 4961 δράκοντος,
2971 4894 3031 4947 ὃν
3067 4895 3160 4949 καὶ
3211 4896 3381 4950 ἔδωκε
3429 4898 3643 4970 βρῶμα
3667 4901 3806 4961 λαοῖς

2198 4986 2311 5046 τοῖς
2340 4983 2578 5052 Αἰθίοψι.
2611 4984 2701 5055 Τῷ
2731 4986 2841 5057 γὰρ
2870 4988 3129 5057 δράκοντι
3175 4990 3352 5060 τούτῳ
3382 4992 3485 5044 οὐκ
3520 4995 3684 5048 ἄλλοι
3730 5013 3803 5046 τι·

2198 5073 2287 5135 νὲς
2320 5075 2765 5147 ἐνευφραὶνονται
2811 5079 2905 5133 καὶ
2937 5079 3255 5150 τρέφονται,
3285 5082 3333 5133 εί
3383 5082 3458 5150 μὴ
3516 5086 3565 5135 οί
3595 5084 3800 5152 ὲζοφω-

2203 5165 2353 5233 μένοι
2383 5167 2477 5217 καὶ
2510 5166 2744 5234 μέλανες
2768 5169 2867 5239 τὴν
2908 5169 3111 5239 ψυχὴν,
3156 5172 3250 5224 καὶ
3301 5172 3397 5224 τοῦ
3438 5172 3594 5226 θείου
3632 5174 3801 5242 φωτὸς

2200 5257 2475 5327 ἀμέτοχοι.
2504 5258 2689 5333 Ταύτῃ
2754 5263 2813 5314 δὲ
2865 5268 2931 5334 τῇ
2980 5265 3141 5333 φύσει
3188 5266 3346 5334 ἡμῶν
3384 5267 3556 5319 πέντε
3613 5270 3798 5333 ἄνδρες

2202 5351 2583 5421 συνεζύγησαν
2606 5369 2617 5381 ’
2652 5355 2700 5406 οἱ
2727 5355 2975 5425 διάφοροι
3025 5359 3202 5429 νόμοι,
3242 5361 3284 5411 οἱ
3318 5361 3475 5430 παρὰ
3520 5363 3617 5414 τοῦ
3673 5359 3796 5414 Θεοῦ

2153 5637 2209 5693 in
2241 5638 2724 5712 tcxtuGrtccolt-g.
2777 5645 2931 5714 μόνα.
3002 5647 3292 5707 Samaritis
3349 5654 3484 5717 suis,
3516 5659 3604 5727 qui
3643 5676 3791 5713 unum
