3936 6408
122 275 265 340 12ίό

826 276 1279 339 ΕΝΑΠΒΑΤΙΟ
1324 277 1406 337 1N
1448 274 1728 337 EVANG]

1844 274 1960 337 ΠΜ
1994 272 2355 339 ΙΟΑΝΝΙΒ.
2395 299 2467 311 -
2496 274 2658 337 CAP.
2702 271 2796 335 IV.

3309 267 3452 333 1246

120 395 369 458 δοθέντες
407 393 571 465 αὐτῇ,
610 393 719 447 δέν
746 389 821 462 τῷ
846 392 1189 463 παραδείσῳ,
1244 394 1271 445 6
1306 391 1402 445 ἐπὶ
1439 390 1537 445 τοῦ
1572 391 1723 456 Νῶε,

1836 392 2018 459 itaque
2040 390 2285 460 quinque
2316 387 2534 460 legibus
2587 387 2887 457 conjuncta
2936 392 3132 439 natura
3159 390 3217 439 et
3238 391 3452 439 sextam

118 490 151 541 6
179 488 275 541 ιπὶ
302 486 397 541 τοῦ
442 485 723 559 Ἀϐραὰμ,
754 485 781 536 6
821 484 914 537 ἐπὶ.
952 483 1047 537 τοῦ
1097 483 1364 549 Μωσέως,
1400 486 1427 535 6
1468 482 1559 536 διὰ
1612 482 1723 536 τῶν

122 579 451 653 προφητῶν.
500 577 561 632 ’0
590 577 717 631 Νῶε
751 577 861 648 γὰρ
887 576 1028 648 μετά
1053 576 1146 629 τὸν
1176 574 1570 646 κατακλυσμὸν
1596 575 1723 628 δια-

120 674 298 744 ταγήν
322 687 449 725 τινα
466 669 712 737 ἐδέξατο,
746 671 842 723 καὶ
871 672 899 723 6
933 668 1192 739 Ἀϐραάμ
1221 667 1321 739 τὴν
1368 667 1471 736 τῆς
1500 683 1726 736 περιτο-

130 769 257 838 μῆς.
293 764 520 828 Τούτοις
576 764 671 818 οὖν
711 766 825 828 τοῖς
880 763 1045 817 πέντε
1094 763 1285 832 νόμοις
1336 761 1638 829 συζυγεῖσα
1686 762 1720 832 ἡ

124 858 311 926 φύσις,
337 858 429 910 καὶ
471 858 631 913 ἕκτον
664 856 1010 929 προσέλαϐεν
1067 855 1300 927 ὕστερον
1331 856 1390 909 ὃν
1431 856 1533 909 οὐκ
1576 850 1724 926 εἶχεν

122 946 312 1017 ἄνδρα,
345 932 470 1000 οὐδὲ
507 946 783 1017 συνεζύγη
813 947 1053 1011 οὐδέπω,
1090 947 1183 999 τὸν
1226 949 1327 1018 τῆς
1355 947 1565 1015 Καινῆς
1591 948 1723 999 Δια-

123 1037 320 1109 θήιιης.
353 1026 586 1110 Νοήσειὲ
621 1039 667 1093 6‘
698 1040 763 1091 ἄν
788 1056 872 1101 τις
918 1039 1080 1092 εδιτον
1114 1039 1299 1109 νόμον,
1340 1039 1398 1091 ὃν
1429 1038 1599 1111 ἀνδρα
1622 1040 1725 1091 οὐκ

122 1126 271 1201 εἶχεν
302 1133 335 1202 ἡ
367 1132 554 1202 φύσις,
590 1132 680 1185 τὸν
730 1133 830 1203 τῆς
872 1131 1351 1202 είδωλολατρείας.
1381 1130 1587 1185 Τοῦτον
1612 1131 1724 1202 γὰρ

120 1223 191 1293 δὴ
224 1224 316 1277 τὸν
346 1226 511 1295 νόμον
544 1225 646 1277 οὐκ
681 1221 831 1294 εἶχεν
864 1225 929 1279 ὲκ
958 1223 1096 1279 Θεοῦ
1130 1225 1353 1279 δοθέντα
1385 1226 1527 1298 αὐτῇ
1559 1226 1726 1292 σύζυ-

122 1335 241 1387 γον,
273 1318 388 1370 ἀλλ’
422 1319 498 1379 ὡς
543 1318 795 1389 μοιχαλὶς
839 1318 1103 1389 ἐμίγνυτο
1161 1318 1362 1389 τούτῳ.
1398 1321 1493 1373 Διδ
1556 1322 1657 1373 καὶ
1695 1322 1724 1375 6

126 1411 417 1484 προφήτης
448 1412 606 1481 φησί·
641 1430 660 1465 ι
700 1412 809 1467 Καὶ
844 1412 1149 1484 ὲμοιχῶντο
1173 1415 1229 1466 ὲν
1257 1411 1335 1484 τῷ
1362 1412 1537 1484 ξύλῳ·
1573 1432 1592 1465 ι
1628 1414 1725 1467 καὶ

124 1505 308 1561 πάλιν·
349 1522 368 1556 ι
425 1505 867 1576 Ἐξεπόρνευσαν
896 1506 1077 1559 ὀπίσω
1108 1506 1314 1568 παντὸς
1349 1505 1533 1571 ξύλου,
1570 1524 1589 1557 ι
1631 1506 1722 1559 διὰ

134 1594 208 1647 τά
237 1594 455 1661 γλυπτά
487 1596 690 1665 δηλαδὴ
712 1596 806 1649 καὶ
839 1595 1123 1667 τάξδένδρα
1150 1597 1187 1651 ἃ.
1212 1597 1441 1668 ἐτίμων.
1469 1597 1564 1661 Εἰς
1589 1613 1721 1649 τοσ-

120 1685 408 1759 οῦτονγάρ
462 1688 739 1758 ἀνοησίαςι
779 1689 1209 1760 ὲξετραχηλίσθη
1266 1689 1297 1758 ἠ
1351 1690 1539 1759 φύσις,
1573 1687 1719 1741 ὥστε

119 1777 216 1828 καὶ
244 1776 485 1848 δένδροις
512 1779 740 1849 ὡραίοις
779 1780 868 1833 διὰ
899 1781 960 1833 τὸ
987 1770 1187 1842 κάλλος
1220 1778 1395 1840 θύειν,
1444 1779 1719 1850 κυπαρίσ-

121 1885 238 1933 σοις
294 1873 391 1925 καὶ
416 1873 729 1939 πλατάνοις,
759 1872 854 1926 καὶ
884 1876 999 1937 τοῖς
1030 1872 1319 1934 τοιούτοις.
1362 1873 1495 1926 Ὅτε
1537 1873 1719 1926 τοίνυν

119 1967 214 2019 τὸν
255 1966 414 2019 ἕκτον
444 1966 636 2019 τοῦτον
693 1965 882 2035 μοιχὸν
921 1970 950 2020 6
998 1966 1291 2037 ἄνθρωπος
1340 1965 1587 2037 ἔστερξε,
1626 1966 1721 2019 καὶ

116 2057 200 2119 εις
223 2055 671 2126 εἰδωλολατρείας
697 2055 1057 2127 ὲξωλίσθησε,
1090 2057 1213 2110 τότε
1236 2060 1263 2109 6
1300 2058 1508 2127 Κύριος
1547 2056 1721 2109 ἐλθὼν

117 2149 460 2203 ἀπαλλάττει
488 2151 638 2219 ἡμᾶς
675 2152 884 2221 ταύτης
913 2168 927 2183 ·
961 2150 1043 2205 διὸ
1066 2151 1158 2204 καί
1189 2168 1356 2221 φησιν
1377 2166 1391 2179 ⁵
1423 2170 1440 2203 ι
1480 2153 1577 2203 Ὃν
1624 2150 1721 2203 νῦν

116 2242 285 2313 ἔχεις.
329 2265 346 2293 ι
382 2243 491 2295 Καὶ
516 2241 625 2312 γὰρ
660 2242 832 2305 δντως
858 2244 1002 2296 κατά
1034 2244 1164 2307 τοὺς
1191 2244 1292 2314 τῆς
1328 2242 1423 2295 τοῦ
1471 2244 1715 2312 Χριστοῦ

117 2336 428 2408 παρουσίας
452 2336 686 2407 χρόνους
709 2338 789 2401 είς
833 2338 1195 2408 Ἐλληνισμὺν
1224 2339 1318 2391 καὶ
1356 2338 1634 2391 Ἰουδαίων
1670 2338 1719 2390 οί

121 2432 423 2499 σοφώτεροι
460 2430 851 2501 ἐξετράπησαν
878 2448 890 2461 ⁸
920 2434 1009 2484 καὶ
1039 2431 1190 2503 δηλοῖ
1211 2434 1242 2503 ὴ
1266 2430 1373 2483 τῶν
1403 2432 1722 2503 Φαρισαίων

118 2522 351 2589 αἵρεσις,
376 2522 692 2593 εἱμαρμένῃ
717 2524 810 2575 καὶ
828 2523 1159 2597 ἀστρολογίᾳ
1183 2525 1539 2580 πιστεύουσα.
1564 2528 1721 2579 Ἐστι

118 2616 175 2668 δὲ
212 2617 545 2686 Σαμαρεῖτις
576 2618 671 2671 καὶ
710 2619 863 2671 πᾶσα
920 2618 1066 2690 ψυχὴ
1097 2622 1129 2690 ἠ
1164 2625 1285 2685 ταῖς
1311 2622 1474 2674 πέντε
1520 2622 1719 2693 αἰσθή-

124 2724 274 2759 σεσιν
300 2708 516 2775 ἀλόγως
582 2710 945 2779 ὑποζυγεῖσα,
973 2707 1091 2765 εἶτα
1121 2714 1217 2767 καὶ
1238 2712 1336 2784 τὴν
1363 2716 1496 2785 περὶ
1525 2719 1591 2767 τά
1634 2715 1721 2768 δό-

122 2806 316 2867 γματα
342 2800 768 2872 σφαλερώτατα,
790 2796 902 2855 οἶόν
924 2821 1045 2856 τινα
1064 2802 1221 2857 ἕκτον
1261 2806 1448 2875 μοιχὸν
1484 2805 1724 2877 προσλα-

120 2892 349 2963 ϐομένη,
389 2892 458 2963 ἠν
509 2895 537 2946 6
574 2892 783 2962 Ἰησοῦς
834 2896 1147 2965 εὐεργετεῖ,
1206 2896 1327 2949 εἴτε
1385 2897 1472 2951 διὰ
1505 2898 1594 2951 τοῦ
1631 2898 1725 2969 βα-

124 2985 455 3053 πτίσματος,
484 2984 591 3039 εῐτε
621 2986 707 3039 διά
725 2986 824 3057 τῆς
844 2988 1031 3056 πηγῆς
1062 2987 1171 3040 τῶν
1208 2988 1484 3059 δακρύων.
1517 2992 1625 3045 Καὶ
1656 2993 1725 3045 τά

1834 485 2071 554 accepit,
2101 499 2269 555 quam
2314 490 2497 537 tamen
2548 497 2657 537 non
2702 480 2941 537 habebat
2969 489 3027 534 ut
3067 478 3273 534 virum.
3300 476 3454 532 Non-

1832 580 1960 634 dum
1990 578 2137 633 enim
2173 575 2550 649 conjungebat
2580 575 2689 632 sibi
2716 574 2893 645 legem
2919 572 3058 628 Novi
3084 571 3453 627 Testamenti.

1833 669 2367 741 lntellexerit561
2416 678 2601 723 autem
2669 667 2795 737 quis
2835 681 2934 736 per
2984 672 3200 721 sextam
3250 664 3447 732 legem,

1830 776 1997 832 quam
2026 771 2083 814 ut
2106 759 2287 815 virum
2314 774 2425 815 non
2467 754 2707 813 habebat
2733 765 2952 821 natura,
2979 755 3157 831 legem
3215 751 3449 808 idolola-

1830 855 1969 909 triae.
2000 853 2151 909 Hanc
2178 853 2328 909 enim
2373 852 2551 922 legem
2611 866 2722 905 non
2763 848 3005 905 habebat
3050 863 3081 903 a
3118 847 3228 902 Deo
3262 846 3448 902 datam

1831 947 1937 1000 sibi
1968 947 2288 1017 coniugem,
2319 946 2417 1001 sed
2448 945 2595 1001 velut
2630 943 2951 999 adulterum
2999 941 3274 1012 iungebat
3318 939 3448 996 sibi.

1842 1035 1971 1094 Ideo
2004 1049 2058 1094 et
2093 1039 2362 1111 propheta
2408 1038 2584 1099 dicit:
2625 1058 2643 1092 ι
2688 1038 2755 1094 Et
2784 1039 3244 1093 adulterabantnr
3299 1037 3353 1092 in
3386 1036 3455 1089 Ii-

1829 1148 1937 1203 gno
1980 1134 2045 1187 ".
2080 1150 2099 1186 ι
2158 1132 2227 1188 Ει
2280 1133 2503 1198 iterum,
2569 1152 2588 1186 ι
2656 1132 2941 1189 Fornicati
2999 1137 3125 1199 post
3171 1143 3334 1185 omne
3381 1130 3450 1183 li-

1830 1240 1997 1297 gnum
2036 1226 2103 1291 ¹⁶,
2160 1244 2180 1277 ι
2238 1236 2465 1296 propter
2505 1223 2781 1295 sculptilis
2851 1221 3068 1278 scilicet
3120 1229 3177 1275 et
3219 1220 3451 1274 arbores

1830 1333 1968 1389 quas
1994 1317 2273 1374 colebant.
2316 1317 2396 1373 Eo
2422 1318 2570 1373 enim
2619 1317 2913 1373 dementiae
2971 1324 3300 1385 pervenerat
3345 1327 3446 1365 na-

1830 1421 1977 1477 tura,
2016 1421 2077 1467 ut
2107 1420 2162 1467 et
2189 1412 2485 1467 arboribus
2536 1411 2787 1481 pulchris
2814 1420 3044 1479 propter
3077 1405 3449 1477 pulchritudi-

1832 1522 1954 1561 nem
2012 1506 2377 1568 sacrilicaret,
2432 1506 2735 1577 cyparissis
2769 1503 3046 1567 videlicet,
3092 1511 3149 1557 et
3190 1499 3445 1568 platanis.

1829 1612 1883 1656 ct
1918 1600 2215 1655 similibus.
2242 1600 2475 1667 Quando
2509 1598 2673 1667 igitur
2698 1604 2917 1652 sextum
2943 1595 3094 1650 ἰΙΙιιιιι
3133 1594 3446 1648 adulterum

1832 1692 2085 1746 homines
2112 1693 2446 1756 dilexerunt,
2501 1698 2556 1745 et
2597 1690 2650 1743 in
2696 1688 3066 1759 idololatriam
3101 1685 3446 1749 exciderunt,

1830 1793 1958 1839 ιιιιιο
1987 1783 2253 1840 Dominus
2284 1786 2512 1839 veniens
2556 1783 2807 1837 liberavit
2851 1798 2952 1835 nos
3006 1780 3077 1835 ab
3099 1795 3185 1834 ea.
3230 1777 3360 1833 ldeo
3393 1785 3450 1832 et

1829 1878 1981 1944 dicit,
2017 1894 2035 1929 ι
2076 1876 2249 1944 Quem
2278 1893 2424 1931 nunc
2463 1877 2655 1931 habes.
2694 1894 2711 1927 ι
2743 1873 2877 1928 Nam
2913 1872 3164 1941 profecto
3195 1880 3445 1941 tempore

1829 1969 2096 2039 adventus
2126 1969 2254 2022 Jesn
2294 1967 2529 2033 Christi,
2578 1967 2745 2021 etiam
2782 1963 3101 2019 Judreornm
3141 1963 3452 2032 sapientio-

1828 2074 1919 2124 res
1950 2062 2002 2115 in
2043 2061 2331 2130 gentilium
2362 2076 2610 2115 errorem
2650 2060 2983 2113 inciderant.
3018 2057 3082 2112 Et
3114 2056 3447 2112 manifesta-

1830 2154 1905 2206 vit
1938 2154 2041 2208 hoc
2094 2152 2500 2208 Pharisaeorum
2543 2152 2794 2217 haeresis,
2832 2168 2955 2222 quae
2976 2150 3092 2205 lato
3124 2159 3179 2205 et
3210 2150 3447 2205 astrolo-

1829 2247 1930 2316 giae
1961 2248 2247 2301 credebat.
2273 2246 2373 2301 Est
2404 2254 2459 2300 et
2492 2245 2849 2300 Samaritana
2876 2244 3059 2298 omnis
3082 2244 3291 2305 anima,
3327 2257 3449 2312 qua:

1828 2342 2083 2396 sensibus
2108 2341 2355 2410 quinque
2386 2340 2770 2409 imprudenter
2809 2338 3058 2407 subjecta
3102 2347 3205 2401 est,
3252 2337 3449 2392 deinde

1829 2433 2200 2503 periculosam
2252 2433 2561 2487 doctrinam
2621 2431 2789 2486 veluti
2862 2440 3080 2484 sextum
3154 2428 3448 2499 quemdam

1828 2527 2138 2581 adulterum
2176 2528 2429 2595 suscipit,
2460 2528 2544 2580 cui
2577 2524 2737 2581 Jesns
2766 2524 3065 2590 benefacit,
3092 2524 3175 2577 vel
3222 2539 3317 2593 per
3345 2524 3449 2576 ha-

1829 2623 2115 2688 ptismum,
2151 2622 2230 2675 vel
2264 2636 2361 2690 per
2395 2620 2599 2675 fontem
2651 2621 3041 2692 lacrymarum.
3083 2618 3219 2671 Nam
3263 2626 3317 2671 et
3368 2617 3450 2671 la-

1827 2728 2028 2783 cryma:
2063 2714 2186 2769 fons
2216 2712 2387 2769 Jacob
2420 2714 2700 2779 dicuntur,
2735 2722 2920 2767 mente
2966 2721 3152 2765 nostra
3180 2709 3451 2779 supplan-

1796 2797 1801 2802 ’
1830 2812 1977 2857 tante
2010 2804 2278 2858 malitiam
2314 2820 2421 2858 :ex
2448 2820 2555 2873 qua
2589 2820 2730 2874 aqua
2774 2813 2829 2857 et
2862 2804 2976 2869 ipsa
3011 2816 3167 2855 mens
3204 2799 3363 2863 bibit,
3397 2810 3455 2853 et

1829 2897 2193 2967 cogitationes
2218 2899 2363 2969 ejus,
2391 2914 2516 2969 qua:
2540 2898 2634 2953 lilii
2685 2899 2966 2961 dicuntur,
3003 2908 3057 2951 et
3091 2910 3315 2966 pecora,
3350 2909 3452 2948 cett

1831 2992 2186 3048 irrationales
2244 3005 2429 3063 partes
2469 2995 2691 3059 animae,
2748 2994 2829 3047 ira
2873 3003 2929 3047 et
2971 2990 3449 3060 concupiscentia.

119 3074 334 3144 δάκρυα
352 3076 461 3145 γάρ
490 3074 669 3146 φρέαρ
696 3074 791 3128 τοῦ
838 3076 1041 3129 Ἰακὼϐ
1068 3078 1136 3131 ἂν
1168 3077 1434 3148 λεχθεῖεν,
1459 3078 1553 3131 τοῦ
1580 3082 1717 3149 ἡμε-

1836 3086 2111 3158 Laeryma:
2145 3088 2295 3142 enim
2324 3090 2491 3143 menti
2545 3097 2601 3143 et
2653 3088 3082 3159 cogitationibus
3116 3096 3178 3140 et
3216 3085 3450 3156 reliquis

121 3162 281 3230 τέρου
340 3162 454 3231 νοῦ,
505 3164 601 3217 τοῦ
642 3166 1031 3235 πτερνίζοντος
1076 3168 1177 3237 τὴν
1228 3170 1450 3224 κακίαν.
1518 3171 1609 3238 Ἐξ
1657 3166 1719 3227 οὗ

1835 3179 1888 3231 in
1924 3179 2275 3250 refrigerium
2316 3180 2474 3236 liunt.

123 3255 317 3319 ὓδατος
347 3258 513 3321 αὐτός
539 3275 599 3311 τε
632 3258 660 3310 6
703 3258 827 3321 νοῦς
862 3260 1029 3324 πίνει,
1082 3260 1175 3313 καὶ
1204 3262 1252 3314 οῖ
1300 3262 1409 3315 υἱοὶ
1472 3265 1642 3319 αὐτοῦ
1709 3267 1759 3320 οἱ
1801 3269 2079 3340 λογισμοὶ,
2114 3273 2210 3326 καὶ
2257 3272 2329 3325 τά
2394 3271 2699 3343 θρέμματα
2733 3270 2928 3333 αὐτοῦ,
2975 3272 3044 3325 τά
3094 3270 3269 3339 ἄλογα
3308 3272 3459 3342 μέρη

119 3353 222 3423 τῆἶ
254 3350 456 3421 ψυχῆς,
487 3351 661 3421 θυμδς
699 3354 793 3405 καὶ
820 3351 1123 3423 ἐπιθυμία’
1158 3355 1226 3410 τὰ
1262 3354 1372 3427 γὰρ
1396 3355 1611 3429 δάκρυα
1646 3360 1723 3431 τῷ
1765 3360 1841 3429 νῷ
1908 3364 2005 3416 καὶ
2079 3369 2191 3429 τοῖς
2229 3365 2519 3435 λογισμοῖς
2575 3366 2670 3418 καὶ
2724 3367 2841 3427 τοῖς
2870 3366 3084 3429 λοιποῖς
3122 3366 3204 3429 εἰς
3228 3364 3450 3438 ἀναψυ-

121 3447 226 3520 χὴν
251 3449 513 3517 γίνονται.

200 3566 218 3597 ι
272 3545 359 3599 Ἐν
387 3546 443 3599 δὲ
470 3539 547 3617 τῷ
580 3547 786 3618 μεταξὺ
819 3547 1049 3620 ἠρώτων
1081 3549 1246 3601 αύτδν
1273 3551 1321 3602 οἱ
1356 3551 1604 3621 μαθηταὶ
1632 3556 1726 3606 αύ-

122 3638 252 3706 τοῦ,
299 3640 589 3708 λέγοντες·
633 3640 887 3709 Ῥαϐϐεί,
923 3644 1089 3711 φάγε.
1144 3643 1255 3695 Καὶ
1300 3641 1454 3697 εἶπεν
1507 3647 1725 3712 αὐτοῖς·

137 3720 280 3801 Ἕγὼ
329 3731 535 3805 βρῶσιν
587 3734 697 3806 ἔχω
752 3738 979 3803 φαγεῖν,
1026 3736 1091 3806 ἢν
1148 3736 1306 3805 ὑμεῖς
1359 3738 1461 3791 οὐκ
1523 3740 1726 3795 οἴδατε.

125 3826 359 3895 Ἔλεγον
380 3822 473 3881 οὖν
500 3828 551 3880 οῖ
585 3827 832 3897 μαθηταὶ
868 3828 1003 3898 πρὸς
1028 3828 1293 3899 ἀλλήλους
1312 3848 1325 3861 ·
1353 3831 1533 3901 Μήτις
1569 3832 1731 3903 ἤνεγ-

124 3937 225 3975 κεν
265 3920 415 3992 αὐτῷ
476 3924 709 3992 φαγεῖνς
763 3922 929 3990 Λέγει
964 3924 1147 3986 αὐτοῖς
1190 3925 1217 3975 ὁ
1263 3924 1472 3992 Ἰησοῦς
1502 3943 1515 3957 ·
1565 3926 1730 3995 Ἐμὸν

125 4014 329 4087 βρῶμά
356 4017 526 4080 ἐστιν,
562 4014 649 4067 ἵνα
682 4009 820 4067 ποιῶ
848 4015 907 4068 τὸ
940 4014 1155 4085 θέλημα
1186 4014 1280 4068 τοῦ
1307 4016 1627 4086 πέμψαντός
1661 4036 1729 4088 με

125 4108 223 4161 καὶ
246 4105 523 4159 τελειώσω
556 4106 723 4159 αὐτοῦ
747 4109 807 4160 τὸ
838 4109 1019 4179 ἔργον.
1056 4128 1072 4160 ι
1121 4109 1382 4179 Ἠρώτων
1402 4112 1453 4162 οἱ
1486 4111 1733 4181 μαθηταὶ

124 4199 219 4253 τὸν
241 4198 470 4270 Κύριον,
504 4199 628 4252 ἀντί⁸
658 4199 775 4265 τοῦ,
812 4201 1182 4270 παρεκάλουν,
1219 4201 1361 4255 ῶττε
1390 4206 1608 4272 φαγεῖν,
1632 4206 1735 4259 οὐκ

125 4297 195 4353 ἐκ
228 4292 538 4365 προπετοῦς
568 4295 818 4363 γνώμης,
855 4294 973 4349 ἀλλ’
1010 4296 1073 4347 ὲκ
1101 4296 1307 4363 πολλῆς
1344 4298 1735 4368 φιλοστοργίας

128 4388 234 4459 τῆς
280 4387 415 4459 πρὸς
451 4388 545 4441 τὸν
590 4387 953 4441 διδάσκαλονσ
990 4389 1087 4441 καὶ
1138 4390 1248 4461 γὰρ
1304 4390 1534 4445 ἔϐλεπον
1571 4394 1737 4447 αὑτὸν

1907 3556 2077 3612 Vens.
2123 3557 2315 3612 51-34.
2361 3574 2379 3608 ι
2437 3554 2651 3610 Interea
2708 3555 2979 3624 rogabant
3026 3570 3151 3607 eum
3200 3554 3455 3624 discipuli

1830 3650 2079 3705 dicentes
2137 3666 2150 3703 :
2211 3648 2427 3712 Rabbi,
2464 3648 2711 3703 comede.
2751 3646 2846 3702 ille
2888 3657 3072 3701 autem
3118 3647 3259 3701 dixit
3311 3650 3393 3701 eis
3441 3666 3456 3702 :

1828 3742 1943 3813 Ego
1978 3745 2160 3797 cibum
2196 3742 2371 3797 habeo
2408 3741 2836 3806 comedendum,
2872 3756 3033 3809 quem
3067 3756 3164 3794 vos
3202 3742 3457 3797 nescitis.

1832 3816 2099 3889 Dicebant
2133 3848 2265 3904 ergo
2312 3826 2566 3901 discipuli
2618 3832 2765 3886 inter
2794 3845 2855 3885 se
2886 3849 2897 3884 ε
2930 3830 3075 3884 Νιιιιι
3109 3832 3235 3899 quis
3271 3830 3460 3884 attulit

1829 3928 1878 3984 ei
1921 3928 2065 3998 quod
2096 3928 2323 3981 ederet?
2362 3926 2501 3980 Dicit
2530 3925 2579 3980 ei
2622 3923 2826 3979 Jesns:
2870 3923 3023 3979 Mens
3064 3923 3221 3977 cibus
3254 3934 3361 3987 est,
3400 3930 3461 3977 ut

1830 4022 2027 4076 faciam
2063 4021 2204 4088 quod
2239 4020 2354 4075 vult
2385 4021 2431 4075 is
2462 4020 2551 4089 qui
2590 4018 2743 4074 misit
2775 4033 2883 4077 me.
2908 4025 2962 4070 et
2996 4017 3284 4086 perficiam
3318 4031 3461 4085 opus

1829 4113 1969 4182 ejus.
2005 4133 2023 4165 ι
2064 4110 2351 4181 Rogabant
2384 4110 2641 4183 discipuli
2675 4110 2997 4173 Dominum,
3029 4110 3130 4163 hoc
3166 4118 3270 4173 est,
3298 4108 3462 4163 obse-

1836 4190 2064 4261 crahant
2125 4214 2182 4260 ut
2233 4184 2553 4259 cor’nederet
2612 4222 2625 4259 :
2692 4216 2803 4257 non
2858 4201 3156 4257 temeraria
3218 4201 3462 4270 quadam

1838 4307 2042 4364 mente,
2078 4296 2175 4352 sed
2210 4309 2406 4364 magna
2442 4293 2740 4348 dilectione
2769 4306 2899 4362 erga
2938 4289 3291 4360 magistrum.
3332 4288 3463 4342 Ete-

1841 4391 1952 4444 nim
1977 4389 2237 4443 videbant
2273 4388 2450 4457 ipsum
2492 4383 2853 4456 defatigatum
2878 4399 2943 4437 ex
2976 4382 3172 4436 itinere
3195 4389 3250 4435 et
3281 4379 3465 4435 calore

127 4482 456 4553 κεκμηκότα
494 4481 600 4535 ὑπὸ
631 4483 731 4553 τῆς
764 4482 1073 4555 ὁδοιπορίας
1109 4483 1203 4536 καλ⁸
1235 4483 1335 4551 τῆς
1374 4486 1728 4559 ἐπικειμένης

1844 4482 2130 4552 ﬂagrante.
2164 4480 2427 4533 Dominus
2464 4488 2647 4532 autem
2684 4475 2866 4530 sciens
2902 4473 3307 4529 Samaritanam
3347 4468 3464 4523 fere

129 4578 352 4647 φλογός.
402 4577 461 4630 Ὀ
502 4576 557 4630 δὲ
590 4576 816 4646 Κύριος,
861 4582 1151 4644 γινώσκων
1199 4580 1281 4631 ὅτι
1326 4581 1358 4649 ἡ
1402 4580 1737 4649 Σαμαρεῖτις

135 4670 322 4743 μέλλει
354 4670 769 4728 ἐπισπάσασθαι
818 4672 1002 4723 πᾶσαν
1035 4671 1221 4742 σχεδὸν
1263 4672 1363 4742 τὴν
1411 4672 1569 4725 πόλιν
1601 4674 1738 4744 πρὸς

134 4762 324 4827 αὑτὸν,
374 4764 469 4817 καὶ
530 4764 612 4816 ὅτι
663 4756 1035 4817 πιστεύσωσιν
1065 4762 1217 4833 αύτῷ
1271 4765 1322 4816 οἱ
1372 4765 1743 4835 Σαμαρεῖται,

141 4872 163 4909 ι
209 4855 370 4925 Ἐγὼ,
404 4855 569 4923 φησὶ,
606 4854 807 4925 βρῶσιν
834 4855 944 4923 ἔχω
1018 4856 1248 4923 φαγεῖν,
1290 4872 1307 4905 ι
1352 4856 1599 4908 τουτέστι
1642 4856 1743 4926 τὴν

140 4949 421 5017 σωτηρίαν
437 4948 547 5001 τῶν
574 4946 901 5018 ἀνθρώπων·
924 4938 1069 5001 οὕτω
1093 4946 1203 5018 γὰρ
1224 4948 1433 5018 ταύτης
1460 4949 1740 5016 ἐπιθυμῶ,

138 5043 216 5106 ῶς
242 5040 440 5104 δούδεὶς
476 5040 632 5110 ὑμῶν
674 5041 770 5109 τῆς
808 5040 1075 5110 αἱσοητῆς
1112 5039 1390 5110 βρώσεως.
1426 5040 1645 5111 Ταύτην
1686 5042 1744 5095 δὲ

139 5137 239 5205 τὴν
276 5134 500 5206 βρῶσιν,
539 5136 606 5205 ἢν
642 5135 751 5204 ἔχω
786 5138 1015 5203 φαγεῖν,
1052 5135 1211 5205 ὑμεῖς
1252 5135 1302 5187 οῖ
1345 5136 1587 5206 μαθηταί
1644 5154 1744 5205 μου

140 5230 243 5281 οἰκ
274 5228 476 5283 οἴδατε.
512 5228 711 5296 Παλεῖς
749 5229 859 5298 γάρ
900 5226 1052 5289 ὄντες
1086 5226 1189 5290 ἔτι,
1224 5229 1317 5280 καὶ
1353 5228 1427 5297 μὴ
1452 5228 1745 5297 δυνάμενοι

142 5322 334 5389 ν’λῆσαι
368 5321 437 5375 τά
466 5319 884 5389 αἰνιγματωδῶς
916 5320 1007 5372 ὑπ’
1039 5320 1175 5390 ἐμοῦ
1209 5321 1504 5389 λεγόμενα,
1542 5322 1642 5373 οὐκ
1671 5322 1748 5373 οἵ·

126 5416 267 5469 δατε
306 5414 387 5467 ὅτι
428 5413 632 5485 βρῶσιν
657 5413 909 5482 ὀνομάζω
938 5413 1038 5485 τὴν
1070 5413 1179 5465 τῶν
1212 5414 1519 5484 ἀνθρώπων
1564 5432 1739 5485 σωτη-

144 5506 437 5581 ρίαν.,Καὶ
485 5505 663 5569 ἄλλως
705 5505 759 5558 δέ
792 5521 802 5533 ’
835 5506 949 5558 Οὐκ
998 5505 1178 5559 οἴδατε
1214 5508 1421 5577 ταύτην
1455 5506 1552 5579 τὴν
1594 5507 1732 5578 βρῶ-

146 5616 255 5655 σιν·
307 5600 368 5653 οὐ
438 5598 547 5670 γὰρ
598 5600 943 5669 γινώσκετε,
1000 5601 1083 5655 ὅτι
1138 5600 1496 5655 πιστεύσουσί
1546 5620 1634 5672 μοι
1694 5603 1740 5655 οῖ

172 5834 175 5837 .
227 5790 268 5822 ⁸⁸
300 5788 413 5847 der.
464 5805 548 5858 ιιι,
582 5791 635 5847 6.
720 5793 759 5824 η
795 5791 993 5848 Ezcth.
1034 5808 1183 5860 uin,
1221 5791 1311 5846 57.

1842 4585 2013 4631 totam
2051 4574 2335 4629 civitatem
2377 4572 2445 4625 ad
2478 4586 2539 4625 se
2572 4580 2951 4631 evocaturam,
2990 4575 3043 4621 ct
3079 4564 3465 4620 Samaritanos

1840 4672 1892 4725 in
1926 4685 1984 4725 se
2005 4668 2317 4724 credituros
2352 4684 2365 4721 :
2398 4686 2415 4718 ι
2456 4664 2591 4735 Ego,
2628 4664 2829 4732 inquit,
2862 4663 3045 4717 cibum
3076 4662 3252 4715 habeo
3279 4673 3468 4712 come-

1844 4764 2101 4826 Jendum,
2138 4781 2155 4812 »
2192 4762 2296 4815 hoc
2322 4769 2428 4825 est,
2464 4759 2698 4812 salutem
2730 4757 3017 4811 hominum
3057 4773 3070 4808 :
3110 4767 3275 4823 quam
3313 4759 3469 4806 tanto

1842 4858 2117 4913 desiderio
2146 4856 2363 4919 avebat,
2396 4863 2606 4923 quanto
2639 4851 2823 4905 nullus
2849 4854 3095 4904 nostrum
3139 4846 3463 4902 sensibilem

1843 4951 2047 5005 cibum.
2084 4947 2244 5002 lianc
2284 4956 2467 5001 autem
2516 4945 2700 4998 cibum
2737 4958 2899 5012 quem
2944 4940 3118 4995 habeo
3146 4938 3462 4997 comedere.

1844 5058 1941 5097 vos
1993 5040 2243 5111 discipuli
2291 5040 2396 5093 mei
2447 5038 2693 5092 nescitis.
2745 5035 2933 5091 Crassi
3003 5034 3148 5088 enim
3196 5046 3320 5086 cum
3365 5041 3469 5085 vos

1846 5136 2024 5190 adhuc
2061 5136 2208 5200 sitis,
2245 5144 2300 5189 et
2332 5132 2637 5203 intelligere
2676 5128 2966 5199 nequeatis
3002 5142 3126 5197 quae
3170 5125 3467 5179 obscurius

1846 5245 1876 5283 ιι
1911 5245 1995 5285 me
2025 5229 2320 5294 dicuntur,
2347 5227 2573 5281 nescitis
2609 5224 2753 5294 quod
2791 5224 2972 5277 cibum
3010 5220 3244 5275 salutem
3283 5218 3465 5273 homi-

1849 5337 1979 5377 num
2010 5321 2309 5376 nomincm.
2341 5321 2405 5374 Et
2435 5320 2629 5375 aliter:
2655 5318 2810 5372 llunc
2830 5316 3013 5371 cibum
3036 5312 3283 5376 nescitis,
3314 5314 3469 5379 igno~

1853 5416 1985 5470 ratis
2017 5416 2161 5470 enim
2194 5415 2337 5485 quod
2373 5414 2707 5470 Samaritani
2747 5408 3014 5464 credituri
3060 5417 3187 5461 sunt
3229 5406 3361 5459 mihi
3409 5414 3465 5458 et

1855 5509 2235 5563 salvabunlnr.
2270 5507 2411 5574 Quid
2445 5506 2608 5576 igitur
2644 5502 2942 5574 discipuli?
2979 5499 3170 5554 Adhuc
3215 5497 3467 5551 dubitant

1856 5619 1982 5658 num
2031 5604 2153 5671 quis
2198 5601 2469 5657 attulisset
2512 5601 2560 5655 ei
2608 5598 2753 5669 quod
2790 5598 3061 5654 comedat.
3118 5593 3233 5648 Non
3280 5602 3463 5647 autem
