  <div class='ocr_page' id='page_1' title='image "/cluster/home/n/w/nwhite01/storage/ocr_20150623/123/ien.35556001659978/630.png"; bbox 0 0 3936 6406; ppageno 0'>
   <div class='ocr_carea' id='block_1_1' title="bbox 168 378 314 445">
    <p class='ocr_par' dir='ltr' id='par_1_1' title="bbox 168 378 314 445">
     <span class='ocr_line' id='line_1_1' title="bbox 168 378 314 445; baseline 0.014 -2"><span class='ocrx_word' id='word_1_1' title='bbox 168 378 314 445; x_wconf 65' lang='lat'><strong>1219</strong></span> 
     </span>
    </p>
   </div>
   <div class='ocr_carea' id='block_1_2' title="bbox 822 365 2810 436">
    <p class='ocr_par' dir='ltr' id='par_1_2' title="bbox 822 365 2810 436">
     <span class='ocr_line' id='line_1_2' title="bbox 822 365 2810 436; baseline 0 0"><span class='ocrx_word' id='word_1_2' title='bbox 822 368 1281 436; x_wconf 79' lang='lat' dir='ltr'><strong>ENARRATIO</strong></span> <span class='ocrx_word' id='word_1_3' title='bbox 1324 371 1406 431; x_wconf 87' lang='lat' dir='ltr'><strong>IN</strong></span> <span class='ocrx_word' id='word_1_4' title='bbox 1452 365 1959 431; x_wconf 81' lang='lat' dir='ltr'><strong>EVANGELIUM</strong></span> <span class='ocrx_word' id='word_1_5' title='bbox 2000 366 2348 433; x_wconf 72' lang='lat' dir='ltr'><strong>JOANNIS.</strong></span> <span class='ocrx_word' id='word_1_6' title='bbox 2390 393 2460 403; x_wconf 90' lang='grc'><strong><em>-</em></strong></span> <span class='ocrx_word' id='word_1_7' title='bbox 2500 368 2663 432; x_wconf 83' lang='lat' dir='ltr'><strong>CAP.</strong></span> <span class='ocrx_word' id='word_1_8' title='bbox 2706 371 2810 436; x_wconf 76' lang='grc' dir='ltr'><strong>ιν.</strong></span> 
     </span>
    </p>
   </div>
   <div class='ocr_carea' id='block_1_3' title="bbox 3346 371 3445 437">
    <p class='ocr_par' dir='ltr' id='par_1_3' title="bbox 3346 371 3445 437">
     <span class='ocr_line' id='line_1_3' title="bbox 3346 371 3445 437; baseline 0.03 -3"><span class='ocrx_word' id='word_1_9' title='bbox 3346 371 3445 437; x_wconf 74' lang='lat'><strong>125</strong></span> 
     </span>
    </p>
   </div>
   <div class='ocr_carea' id='block_1_4' title="bbox 161 483 1763 561">
    <p class='ocr_par' dir='ltr' id='par_1_4' title="bbox 161 484 1763 561">
     <span class='ocr_line' id='line_1_4' title="bbox 161 484 1763 561; baseline -0.006 -15"><span class='ocrx_word' id='word_1_10' title='bbox 161 498 277 560; x_wconf 78' lang='grc' dir='ltr'>ἐγὼ</span> <span class='ocrx_word' id='word_1_11' title='bbox 314 497 368 548; x_wconf 80' lang='grc' dir='ltr'><strong>δὲ</strong></span> <span class='ocrx_word' id='word_1_12' title='bbox 401 493 546 560; x_wconf 75' lang='grc' dir='ltr'>λέγω</span> <span class='ocrx_word' id='word_1_13' title='bbox 576 492 725 561; x_wconf 77' lang='grc' dir='ltr'>ὑμῖν,</span> <span class='ocrx_word' id='word_1_14' title='bbox 764 506 845 543; x_wconf 90' lang='grc' dir='ltr'><strong>οτι</strong></span> <span class='ocrx_word' id='word_1_15' title='bbox 884 489 1151 558; x_wconf 77' lang='grc' dir='ltr'>πάρεστιν</span> <span class='ocrx_word' id='word_1_16' title='bbox 1185 486 1212 540; x_wconf 85' lang='grc' dir='ltr'>ὁ</span> <span class='ocrx_word' id='word_1_17' title='bbox 1244 486 1435 556; x_wconf 75' lang='grc' dir='ltr'>νοητδς</span> <span class='ocrx_word' id='word_1_18' title='bbox 1477 484 1763 555; x_wconf 86' lang='grc' dir='ltr'>θερισμός.</span> 
     </span>
    </p>
   </div>
   <div class='ocr_carea' id='block_1_5' title="bbox 1874 483 3486 561">
    <p class='ocr_par' dir='ltr' id='par_1_5' title="bbox 1882 483 3486 561">
     <span class='ocr_line' id='line_1_5' title="bbox 1882 483 3486 561; baseline 0.009 -28"><span class='ocrx_word' id='word_1_19' title='bbox 1882 483 2046 538; x_wconf 72' lang='lat' dir='ltr'><strong>mulis</strong></span> <span class='ocrx_word' id='word_1_20' title='bbox 2079 486 2297 540; x_wconf 79' lang='lat' dir='ltr'><strong>messis.</strong></span> <span class='ocrx_word' id='word_1_21' title='bbox 2332 484 2456 540; x_wconf 81' lang='lat' dir='ltr'><strong>llaec</strong></span> <span class='ocrx_word' id='word_1_22' title='bbox 2485 495 2665 540; x_wconf 86' lang='lat' dir='ltr'><strong>autem</strong></span> <span class='ocrx_word' id='word_1_23' title='bbox 2694 486 2911 541; x_wconf 77' lang='lat' dir='ltr'><strong>dicebat</strong></span> <span class='ocrx_word' id='word_1_24' title='bbox 2938 494 3164 557; x_wconf 79' lang='lat' dir='ltr'><strong>propter</strong></span> <span class='ocrx_word' id='word_1_25' title='bbox 3190 488 3350 561; x_wconf 74' lang='lat'><strong>563</strong></span> <span class='ocrx_word' id='word_1_26' title='bbox 3383 493 3486 547; x_wconf 84' lang='lat' dir='ltr'><strong>Sa-</strong></span> 
     </span>
    </p>
   </div>
   <div class='ocr_carea' id='block_1_6' title="bbox 160 578 1765 651">
    <p class='ocr_par' dir='ltr' id='par_1_6' title="bbox 160 578 1765 651">
     <span class='ocr_line' id='line_1_6' title="bbox 160 578 1765 651; baseline -0.009 -10"><span class='ocrx_word' id='word_1_27' title='bbox 160 587 353 641; x_wconf 73' lang='grc' dir='ltr'>Ταῦτα</span> <span class='ocrx_word' id='word_1_28' title='bbox 384 586 440 640; x_wconf 85' lang='grc' dir='ltr'><strong>δὲ</strong></span> <span class='ocrx_word' id='word_1_29' title='bbox 472 585 626 651; x_wconf 85' lang='grc' dir='ltr'>ἔλεγε</span> <span class='ocrx_word' id='word_1_30' title='bbox 661 580 750 634; x_wconf 77' lang='grc' dir='ltr'>διὰ</span> <span class='ocrx_word' id='word_1_31' title='bbox 782 582 909 643; x_wconf 77' lang='grc' dir='ltr'>τοὺς</span> <span class='ocrx_word' id='word_1_32' title='bbox 940 578 1292 649; x_wconf 76' lang='grc' dir='ltr'><strong>Σαμαρείτας</strong></span> <span class='ocrx_word' id='word_1_33' title='bbox 1322 579 1422 646; x_wconf 78' lang='grc' dir='ltr'><strong>ἢδη</strong></span> <span class='ocrx_word' id='word_1_34' title='bbox 1460 593 1765 646; x_wconf 80' lang='grc' dir='ltr'>προσερχο-</span> 
     </span>
    </p>
   </div>
   <div class='ocr_carea' id='block_1_7' title="bbox 166 669 1762 749">
    <p class='ocr_par' dir='ltr' id='par_1_7' title="bbox 166 669 1762 749">
     <span class='ocr_line' id='line_1_7' title="bbox 166 669 1762 749; baseline -0.008 -16"><span class='ocrx_word' id='word_1_35' title='bbox 166 680 365 749; x_wconf 77' lang='grc' dir='ltr'><strong>μένους</strong></span> <span class='ocrx_word' id='word_1_36' title='bbox 396 677 564 745; x_wconf 77' lang='grc' dir='ltr'>αὐτῷ.</span> <span class='ocrx_word' id='word_1_37' title='bbox 614 674 888 746; x_wconf 84' lang='grc' dir='ltr'>Ἑπάρατε</span> <span class='ocrx_word' id='word_1_38' title='bbox 923 669 1017 724; x_wconf 72' lang='grc' dir='ltr'>οὖν</span> <span class='ocrx_word' id='word_1_39' title='bbox 1060 672 1188 734; x_wconf 70' lang='grc' dir='ltr'>τοὺς</span> <span class='ocrx_word' id='word_1_40' title='bbox 1227 670 1541 739; x_wconf 61' lang='grc' dir='ltr'>ὀφθαλμοὺς</span> <span class='ocrx_word' id='word_1_41' title='bbox 1574 669 1762 736; x_wconf 75' lang='grc' dir='ltr'>ὑμῶν,</span> 
     </span>
    </p>
   </div>
   <div class='ocr_carea' id='block_1_8' title="bbox 162 761 1763 839">
    <p class='ocr_par' dir='ltr' id='par_1_8' title="bbox 162 761 1763 839">
     <span class='ocr_line' id='line_1_8' title="bbox 162 761 1763 839; baseline -0.008 -13"><span class='ocrx_word' id='word_1_42' title='bbox 162 774 278 827; x_wconf 75' lang='grc' dir='ltr'>εἴτε</span> <span class='ocrx_word' id='word_1_43' title='bbox 311 774 434 833; x_wconf 78' lang='grc' dir='ltr'>τοὺς</span> <span class='ocrx_word' id='word_1_44' title='bbox 461 767 708 839; x_wconf 72' lang='grc' dir='ltr'>νοητοὺς,</span> <span class='ocrx_word' id='word_1_45' title='bbox 733 768 841 821; x_wconf 71' lang='grc' dir='ltr'>εἴτε</span> <span class='ocrx_word' id='word_1_46' title='bbox 868 768 994 829; x_wconf 81' lang='grc' dir='ltr'>τοὺς</span> <span class='ocrx_word' id='word_1_47' title='bbox 1021 765 1335 833; x_wconf 81' lang='grc' dir='ltr'>αἰσθητοὺς,</span> <span class='ocrx_word' id='word_1_48' title='bbox 1366 764 1460 815; x_wconf 78' lang='grc' dir='ltr'><strong>καὶ</strong></span> <span class='ocrx_word' id='word_1_49' title='bbox 1492 761 1763 815; x_wconf 87' lang='grc' dir='ltr'>θεάσασθε</span> 
     </span>
    </p>
   </div>
   <div class='ocr_carea' id='block_1_9' title="bbox 164 852 1765 931">
    <p class='ocr_par' dir='ltr' id='par_1_9' title="bbox 164 852 1765 931">
     <span class='ocr_line' id='line_1_9' title="bbox 164 852 1765 931; baseline -0.009 -13"><span class='ocrx_word' id='word_1_50' title='bbox 164 866 228 918; x_wconf 80' lang='grc' dir='ltr'><strong>τὸ</strong></span> <span class='ocrx_word' id='word_1_51' title='bbox 256 862 461 931; x_wconf 83' lang='grc' dir='ltr'>πλῆθος</span> <span class='ocrx_word' id='word_1_52' title='bbox 492 860 602 912; x_wconf 86' lang='grc' dir='ltr'><strong>τῶν</strong></span> <span class='ocrx_word' id='word_1_53' title='bbox 637 858 1098 931; x_wconf 78' lang='grc' dir='ltr'><strong>προσερχομένων</strong></span> <span class='ocrx_word' id='word_1_54' title='bbox 1128 854 1509 925; x_wconf 81' lang='grc' dir='ltr'><strong>Σαμαρειτῶν,</strong></span> <span class='ocrx_word' id='word_1_55' title='bbox 1546 853 1640 906; x_wconf 81' lang='grc' dir='ltr'>καὶ</span> <span class='ocrx_word' id='word_1_56' title='bbox 1667 852 1765 914; x_wconf 73' lang='grc' dir='ltr'><strong>τὰς</strong></span> 
     </span>
    </p>
   </div>
   <div class='ocr_carea' id='block_1_10' title="bbox 166 943 1763 1023">
    <p class='ocr_par' dir='ltr' id='par_1_10' title="bbox 166 943 1763 1023">
     <span class='ocr_line' id='line_1_10' title="bbox 166 943 1763 1023; baseline -0.011 -14"><span class='ocrx_word' id='word_1_57' title='bbox 166 957 249 1018; x_wconf 84' lang='grc' dir='ltr'>εἰς</span> <span class='ocrx_word' id='word_1_58' title='bbox 274 956 373 1023; x_wconf 79' lang='grc' dir='ltr'>τ’ὴν</span> <span class='ocrx_word' id='word_1_59' title='bbox 400 954 583 1006; x_wconf 84' lang='grc' dir='ltr'>πίστιν</span> <span class='ocrx_word' id='word_1_60' title='bbox 609 950 924 1021; x_wconf 78' lang='grc' dir='ltr'><strong>προθύμους</strong></span> <span class='ocrx_word' id='word_1_61' title='bbox 953 950 1046 1002; x_wconf 80' lang='grc' dir='ltr'><strong>καὶ</strong></span> <span class='ocrx_word' id='word_1_62' title='bbox 1077 948 1328 1016; x_wconf 76' lang='grc' dir='ltr'>ἑτοίμους</span> <span class='ocrx_word' id='word_1_63' title='bbox 1355 946 1537 1016; x_wconf 74' lang='grc' dir='ltr'>ψυχὰς</span> <span class='ocrx_word' id='word_1_64' title='bbox 1556 943 1763 1005; x_wconf 87' lang='grc' dir='ltr'>αὐτῶν,</span> 
     </span>
    </p>
   </div>
   <div class='ocr_carea' id='block_1_11' title="bbox 165 1035 1763 1116">
    <p class='ocr_par' dir='ltr' id='par_1_11' title="bbox 165 1035 1763 1116">
     <span class='ocr_line' id='line_1_11' title="bbox 165 1035 1763 1116; baseline -0.008 -16"><span class='ocrx_word' id='word_1_65' title='bbox 165 1049 369 1108; x_wconf 78' lang='grc' dir='ltr'>αἵτινες</span> <span class='ocrx_word' id='word_1_66' title='bbox 395 1046 587 1116; x_wconf 87' lang='grc' dir='ltr'>ῶσπερ</span> <span class='ocrx_word' id='word_1_67' title='bbox 616 1044 790 1114; x_wconf 85' lang='grc' dir='ltr'>χῶραι</span> <span class='ocrx_word' id='word_1_68' title='bbox 822 1042 1195 1111; x_wconf 87' lang='grc' dir='ltr'>λευκασμέναι</span> <span class='ocrx_word' id='word_1_69' title='bbox 1226 1040 1439 1092; x_wconf 89' lang='grc' dir='ltr'>δέονται</span> <span class='ocrx_word' id='word_1_70' title='bbox 1473 1035 1763 1107; x_wconf 78' lang='grc' dir='ltr'>θερισμοῦ.</span> 
     </span>
    </p>
   </div>
   <div class='ocr_carea' id='block_1_12' title="bbox 165 1129 1765 1209">
    <p class='ocr_par' dir='ltr' id='par_1_12' title="bbox 165 1129 1765 1209">
     <span class='ocr_line' id='line_1_12' title="bbox 165 1129 1765 1209; baseline -0.009 -16"><span class='ocrx_word' id='word_1_71' title='bbox 165 1139 437 1209; x_wconf 78' lang='grc' dir='ltr'>Καθάπερ</span> <span class='ocrx_word' id='word_1_72' title='bbox 465 1140 573 1209; x_wconf 86' lang='grc' dir='ltr'>γὰρ</span> <span class='ocrx_word' id='word_1_73' title='bbox 603 1138 651 1190; x_wconf 75' lang='lat' dir='ltr'><strong>oi</strong></span> <span class='ocrx_word' id='word_1_74' title='bbox 682 1136 935 1204; x_wconf 79' lang='grc' dir='ltr'><strong>στάχυες,</strong></span> <span class='ocrx_word' id='word_1_75' title='bbox 964 1135 1093 1187; x_wconf 77' lang='grc' dir='ltr'>ὅταν</span> <span class='ocrx_word' id='word_1_76' title='bbox 1124 1130 1520 1194; x_wconf 77' lang='grc' dir='ltr'>λευκανθῶσιν,</span> <span class='ocrx_word' id='word_1_77' title='bbox 1555 1129 1765 1197; x_wconf 72' lang='grc' dir='ltr'>ἕτοιμοι</span> 
     </span>
    </p>
   </div>
   <div class='ocr_carea' id='block_1_13' title="bbox 167 1219 1766 1301">
    <p class='ocr_par' dir='ltr' id='par_1_13' title="bbox 167 1219 1766 1301">
     <span class='ocr_line' id='line_1_13' title="bbox 167 1219 1766 1301; baseline -0.004 -20"><span class='ocrx_word' id='word_1_78' title='bbox 167 1232 249 1291; x_wconf 87' lang='grc' dir='ltr'>εἰς</span> <span class='ocrx_word' id='word_1_79' title='bbox 301 1232 598 1301; x_wconf 62' lang='grc' dir='ltr'>θερισμὶν,</span> <span class='ocrx_word' id='word_1_80' title='bbox 643 1227 788 1279; x_wconf 75' lang='grc' dir='ltr'>οὑτω</span> <span class='ocrx_word' id='word_1_81' title='bbox 836 1228 929 1279; x_wconf 76' lang='grc' dir='ltr'><strong>καὶ</strong></span> <span class='ocrx_word' id='word_1_82' title='bbox 978 1219 1125 1279; x_wconf 73' lang='grc' dir='ltr'>οὗτοι</span> <span class='ocrx_word' id='word_1_83' title='bbox 1158 1226 1295 1293; x_wconf 78' lang='grc' dir='ltr'>πρὸς</span> <span class='ocrx_word' id='word_1_84' title='bbox 1341 1224 1617 1293; x_wconf 77' lang='grc' dir='ltr'>σωτηρίαν</span> <span class='ocrx_word' id='word_1_85' title='bbox 1660 1222 1766 1274; x_wconf 74' lang='grc' dir='ltr'>εἰσὶ</span> 
     </span>
    </p>
   </div>
   <div class='ocr_carea' id='block_1_14' title="bbox 168 1315 1760 1392">
    <p class='ocr_par' dir='ltr' id='par_1_14' title="bbox 168 1315 1760 1392">
     <span class='ocr_line' id='line_1_14' title="bbox 168 1315 1760 1392; baseline -0.005 -17"><span class='ocrx_word' id='word_1_86' title='bbox 168 1322 713 1392; x_wconf 79' lang='grc' dir='ltr'>παρεσκευασμένοι.</span> <span class='ocrx_word' id='word_1_87' title='bbox 744 1337 761 1369; x_wconf 74' lang='grc' dir='ltr'><strong>ι</strong></span> <span class='ocrx_word' id='word_1_88' title='bbox 794 1320 905 1372; x_wconf 80' lang='lat' dir='ltr'><strong>Ka‘t</strong></span> <span class='ocrx_word' id='word_1_89' title='bbox 932 1322 959 1372; x_wconf 88' lang='grc' dir='ltr'><strong>ό</strong></span> <span class='ocrx_word' id='word_1_90' title='bbox 984 1316 1221 1389; x_wconf 77' lang='grc' dir='ltr'>θερίζων</span> <span class='ocrx_word' id='word_1_91' title='bbox 1251 1317 1443 1388; x_wconf 81' lang='grc' dir='ltr'>μισθὸν</span> <span class='ocrx_word' id='word_1_92' title='bbox 1473 1315 1760 1386; x_wconf 73' lang='grc' dir='ltr'>λαμϐάνει,</span> 
     </span>
    </p>
   </div>
   <div class='ocr_carea' id='block_1_15' title="bbox 165 1408 1766 1483">
    <p class='ocr_par' dir='ltr' id='par_1_15' title="bbox 165 1408 1766 1483">
     <span class='ocr_line' id='line_1_15' title="bbox 165 1408 1766 1483; baseline -0.004 -15"><span class='ocrx_word' id='word_1_93' title='bbox 165 1417 263 1469; x_wconf 74' lang='grc' dir='ltr'>καὶ</span> <span class='ocrx_word' id='word_1_94' title='bbox 315 1415 538 1481; x_wconf 77' lang='grc' dir='ltr'>συνάγει</span> <span class='ocrx_word' id='word_1_95' title='bbox 593 1413 803 1483; x_wconf 75' lang='grc' dir='ltr'>καρπον</span> <span class='ocrx_word' id='word_1_96' title='bbox 848 1414 929 1475; x_wconf 85' lang='grc' dir='ltr'><strong>είς</strong></span> <span class='ocrx_word' id='word_1_97' title='bbox 980 1412 1126 1482; x_wconf 82' lang='grc' dir='ltr'>ζωὴν</span> <span class='ocrx_word' id='word_1_98' title='bbox 1176 1412 1433 1463; x_wconf 81' lang='grc' dir='ltr'>αἰώνιον·</span> <span class='ocrx_word' id='word_1_99' title='bbox 1476 1410 1562 1462; x_wconf 88' lang='grc' dir='ltr'>’ίνα</span> <span class='ocrx_word' id='word_1_100' title='bbox 1595 1410 1689 1460; x_wconf 74' lang='grc' dir='ltr'>καὶ</span> <span class='ocrx_word' id='word_1_101' title='bbox 1738 1408 1766 1462; x_wconf 82' lang='grc' dir='ltr'><strong>ὁ</strong></span> 
     </span>
    </p>
   </div>
   <div class='ocr_carea' id='block_1_16' title="bbox 169 1498 1762 1578">
    <p class='ocr_par' dir='ltr' id='par_1_16' title="bbox 169 1498 1762 1578">
     <span class='ocr_line' id='line_1_16' title="bbox 169 1498 1762 1578; baseline -0.008 -17"><span class='ocrx_word' id='word_1_102' title='bbox 169 1508 413 1578; x_wconf 85' lang='grc' dir='ltr'>σπείρων</span> <span class='ocrx_word' id='word_1_103' title='bbox 443 1504 579 1575; x_wconf 81' lang='grc' dir='ltr'>ὁμοῦ</span> <span class='ocrx_word' id='word_1_104' title='bbox 613 1506 802 1575; x_wconf 77' lang='grc' dir='ltr'>χαίρῃ,</span> <span class='ocrx_word' id='word_1_105' title='bbox 841 1498 936 1557; x_wconf 78' lang='grc' dir='ltr'><strong>καὶ</strong></span> <span class='ocrx_word' id='word_1_106' title='bbox 970 1507 996 1556; x_wconf 89' lang='grc' dir='ltr'>ὁ</span> <span class='ocrx_word' id='word_1_107' title='bbox 1030 1502 1287 1571; x_wconf 72' lang='grc' dir='ltr'>θερίζων.</span> <span class='ocrx_word' id='word_1_108' title='bbox 1328 1520 1346 1553; x_wconf 72' lang='grc' dir='ltr'><strong>ι</strong></span> <span class='ocrx_word' id='word_1_109' title='bbox 1390 1502 1452 1553; x_wconf 79' lang='grc'><strong>’0</strong></span> <span class='ocrx_word' id='word_1_110' title='bbox 1497 1499 1553 1552; x_wconf 77' lang='grc' dir='ltr'><strong>δὲ</strong></span> <span class='ocrx_word' id='word_1_111' title='bbox 1588 1499 1762 1567; x_wconf 87' lang='grc' dir='ltr'>λέγει,</span> 
     </span>
    </p>
   </div>
   <div class='ocr_carea' id='block_1_17' title="bbox 165 1592 1766 1668">
    <p class='ocr_par' dir='ltr' id='par_1_17' title="bbox 165 1592 1766 1668">
     <span class='ocr_line' id='line_1_17' title="bbox 165 1592 1766 1668; baseline -0.006 -15"><span class='ocrx_word' id='word_1_112' title='bbox 165 1599 407 1654; x_wconf 80' lang='grc' dir='ltr'>τοιοῦτόν</span> <span class='ocrx_word' id='word_1_113' title='bbox 434 1600 603 1651; x_wconf 74' lang='grc' dir='ltr'>ἐστιν·</span> <span class='ocrx_word' id='word_1_114' title='bbox 638 1600 699 1652; x_wconf 91' lang='grc' dir='ltr'><strong>Οἱ</strong></span> <span class='ocrx_word' id='word_1_115' title='bbox 732 1597 1010 1668; x_wconf 62' lang='grc' dir='ltr'>προφῆται</span> <span class='ocrx_word' id='word_1_116' title='bbox 1044 1595 1331 1667; x_wconf 76' lang='grc' dir='ltr'>ἐσπειραν,</span> <span class='ocrx_word' id='word_1_117' title='bbox 1365 1594 1481 1647; x_wconf 81' lang='grc' dir='ltr'>ἀλλ’</span> <span class='ocrx_word' id='word_1_118' title='bbox 1510 1594 1611 1646; x_wconf 76' lang='grc' dir='ltr'><strong>οὐκ</strong></span> <span class='ocrx_word' id='word_1_119' title='bbox 1642 1592 1766 1644; x_wconf 63' lang='lat' dir='ltr'><strong>eos-</strong></span> 
     </span>
    </p>
   </div>
   <div class='ocr_carea' id='block_1_18' title="bbox 172 1685 1759 1763">
    <p class='ocr_par' dir='ltr' id='par_1_18' title="bbox 172 1685 1759 1763">
     <span class='ocr_line' id='line_1_18' title="bbox 172 1685 1759 1763; baseline -0.008 -16"><span class='ocrx_word' id='word_1_120' title='bbox 172 1710 353 1763; x_wconf 88' lang='grc' dir='ltr'>ρισαν.</span> <span class='ocrx_word' id='word_1_121' title='bbox 392 1691 466 1745; x_wconf 82' lang='grc' dir='ltr'><strong>Οὐ</strong></span> <span class='ocrx_word' id='word_1_122' title='bbox 500 1692 607 1762; x_wconf 77' lang='grc' dir='ltr'><strong>μὴν</strong></span> <span class='ocrx_word' id='word_1_123' title='bbox 639 1690 726 1742; x_wconf 80' lang='grc' dir='ltr'><strong>διὰ</strong></span> <span class='ocrx_word' id='word_1_124' title='bbox 761 1688 921 1742; x_wconf 83' lang='grc' dir='ltr'>τοῦτο</span> <span class='ocrx_word' id='word_1_125' title='bbox 956 1688 1366 1759; x_wconf 77' lang='grc' dir='ltr'>ἀπεστέρηνται</span> <span class='ocrx_word' id='word_1_126' title='bbox 1416 1685 1514 1754; x_wconf 85' lang='grc' dir='ltr'><strong>τῆς</strong></span> <span class='ocrx_word' id='word_1_127' title='bbox 1542 1685 1759 1755; x_wconf 77' lang='grc' dir='ltr'>ἡδονῆς,</span> 
     </span>
    </p>
   </div>
   <div class='ocr_carea' id='block_1_19' title="bbox 166 1776 1763 1853">
    <p class='ocr_par' dir='ltr' id='par_1_19' title="bbox 166 1776 1763 1853">
     <span class='ocr_line' id='line_1_19' title="bbox 166 1776 1763 1853; baseline -0.008 -12"><span class='ocrx_word' id='word_1_128' title='bbox 166 1788 306 1841; x_wconf 84' lang='grc' dir='ltr'><strong>ἀλλά</strong></span> <span class='ocrx_word' id='word_1_129' title='bbox 338 1786 435 1839; x_wconf 79' lang='grc' dir='ltr'><strong>σὺν</strong></span> <span class='ocrx_word' id='word_1_130' title='bbox 472 1785 605 1853; x_wconf 82' lang='grc' dir='ltr'>ἡμῖν</span> <span class='ocrx_word' id='word_1_131' title='bbox 641 1782 1045 1853; x_wconf 56' lang='grc' dir='ltr'>χαίρουσινρεί</span> <span class='ocrx_word' id='word_1_132' title='bbox 1082 1783 1174 1835; x_wconf 75' lang='grc' dir='ltr'>καὶ</span> <span class='ocrx_word' id='word_1_133' title='bbox 1208 1781 1282 1851; x_wconf 77' lang='grc' dir='ltr'>μὴ</span> <span class='ocrx_word' id='word_1_134' title='bbox 1314 1782 1411 1834; x_wconf 79' lang='grc' dir='ltr'><strong>σὺν</strong></span> <span class='ocrx_word' id='word_1_135' title='bbox 1443 1781 1577 1849; x_wconf 83' lang='grc' dir='ltr'>ἡμῖν</span> <span class='ocrx_word' id='word_1_136' title='bbox 1612 1776 1763 1847; x_wconf 83' lang='grc' dir='ltr'>θερί-</span> 
     </span>
    </p>
   </div>
   <div class='ocr_carea' id='block_1_20' title="bbox 169 1871 1762 1947">
    <p class='ocr_par' dir='ltr' id='par_1_20' title="bbox 169 1871 1762 1947">
     <span class='ocr_line' id='line_1_20' title="bbox 169 1871 1762 1947; baseline -0.006 -13"><span class='ocrx_word' id='word_1_137' title='bbox 169 1883 379 1947; x_wconf 74' lang='grc' dir='ltr'>ζουσιν,</span> <span class='ocrx_word' id='word_1_138' title='bbox 448 1878 587 1947; x_wconf 84' lang='grc' dir='ltr'>ὅπερ</span> <span class='ocrx_word' id='word_1_139' title='bbox 614 1876 671 1929; x_wconf 73' lang='grc' dir='ltr'>ὲν</span> <span class='ocrx_word' id='word_1_140' title='bbox 703 1877 815 1939; x_wconf 86' lang='grc' dir='ltr'>τοῖς</span> <span class='ocrx_word' id='word_1_141' title='bbox 837 1875 1119 1945; x_wconf 77' lang='grc' dir='ltr'>αἰσθητοῖς</span> <span class='ocrx_word' id='word_1_142' title='bbox 1150 1874 1434 1945; x_wconf 83' lang='grc' dir='ltr'>θερισμοῖς</span> <span class='ocrx_word' id='word_1_143' title='bbox 1463 1874 1564 1926; x_wconf 83' lang='grc' dir='ltr'><strong>οὐκ</strong></span> <span class='ocrx_word' id='word_1_144' title='bbox 1594 1871 1762 1924; x_wconf 79' lang='grc' dir='ltr'>ἔστιν.</span> 
     </span>
    </p>
   </div>
   <div class='ocr_carea' id='block_1_21' title="bbox 178 1964 1764 2041">
    <p class='ocr_par' dir='ltr' id='par_1_21' title="bbox 178 1964 1764 2041">
     <span class='ocr_line' id='line_1_21' title="bbox 178 1964 1764 2041; baseline -0.008 -13"><span class='ocrx_word' id='word_1_145' title='bbox 178 1975 327 2029; x_wconf 84' lang='grc' dir='ltr'>Ἐκεῖ</span> <span class='ocrx_word' id='word_1_146' title='bbox 356 1970 466 2041; x_wconf 79' lang='grc' dir='ltr'>γὰρ</span> <span class='ocrx_word' id='word_1_147' title='bbox 498 1970 593 2024; x_wconf 76' lang='grc' dir='ltr'><strong>ὲάν</strong></span> <span class='ocrx_word' id='word_1_148' title='bbox 625 1969 807 2038; x_wconf 78' lang='grc' dir='ltr'>συμϐῇ</span> <span class='ocrx_word' id='word_1_149' title='bbox 838 1966 1001 2021; x_wconf 84' lang='grc' dir='ltr'>ἀλλον</span> <span class='ocrx_word' id='word_1_150' title='bbox 1025 1968 1249 2037; x_wconf 87' lang='grc' dir='ltr'>σπεῖραι</span> <span class='ocrx_word' id='word_1_151' title='bbox 1279 2006 1294 2031; x_wconf 91' lang='grc'><strong>,</strong></span> <span class='ocrx_word' id='word_1_152' title='bbox 1336 1966 1427 2020; x_wconf 77' lang='grc' dir='ltr'><strong>καὶ</strong></span> <span class='ocrx_word' id='word_1_153' title='bbox 1471 1964 1630 2019; x_wconf 82' lang='grc' dir='ltr'>ἄλλον</span> <span class='ocrx_word' id='word_1_154' title='bbox 1674 1964 1764 2015; x_wconf 72' lang='lat'><strong>02-</strong></span> 
     </span>
    </p>
   </div>
   <div class='ocr_carea' id='block_1_22' title="bbox 168 2058 1766 2139">
    <p class='ocr_par' dir='ltr' id='par_1_22' title="bbox 168 2058 1766 2139">
     <span class='ocr_line' id='line_1_22' title="bbox 168 2058 1766 2139; baseline -0.009 -19"><span class='ocrx_word' id='word_1_155' title='bbox 168 2068 341 2139; x_wconf 84' lang='grc' dir='ltr'>ρίσαι,</span> <span class='ocrx_word' id='word_1_156' title='bbox 376 2066 527 2136; x_wconf 84' lang='grc' dir='ltr'><strong>λύπη</strong></span> <span class='ocrx_word' id='word_1_157' title='bbox 558 2065 635 2134; x_wconf 81' lang='grc' dir='ltr'>τῷ</span> <span class='ocrx_word' id='word_1_158' title='bbox 679 2062 754 2134; x_wconf 85' lang='grc' dir='ltr'>μὴ</span> <span class='ocrx_word' id='word_1_159' title='bbox 788 2058 1082 2131; x_wconf 79' lang='grc' dir='ltr'>θερίζοντι.</span> <span class='ocrx_word' id='word_1_160' title='bbox 1136 2059 1225 2111; x_wconf 83' lang='grc' dir='ltr'>Ἐν</span> <span class='ocrx_word' id='word_1_161' title='bbox 1273 2059 1330 2111; x_wconf 88' lang='grc' dir='ltr'><strong>δὲ</strong></span> <span class='ocrx_word' id='word_1_162' title='bbox 1366 2060 1477 2119; x_wconf 79' lang='grc' dir='ltr'>τοῖς</span> <span class='ocrx_word' id='word_1_163' title='bbox 1518 2074 1766 2126; x_wconf 85' lang='grc' dir='ltr'>πνευμα-</span> 
     </span>
    </p>
   </div>
   <div class='ocr_carea' id='block_1_23' title="bbox 165 2147 1765 2230">
    <p class='ocr_par' dir='ltr' id='par_1_23' title="bbox 165 2147 1765 2230">
     <span class='ocr_line' id='line_1_23' title="bbox 165 2147 1765 2230; baseline -0.008 -17"><span class='ocrx_word' id='word_1_164' title='bbox 165 2163 335 2216; x_wconf 77' lang='grc' dir='ltr'>τικοῖς</span> <span class='ocrx_word' id='word_1_165' title='bbox 358 2199 373 2222; x_wconf 86' lang='grc'><strong>,</strong></span> <span class='ocrx_word' id='word_1_166' title='bbox 408 2160 507 2230; x_wconf 69' lang='grc' dir='ltr'><strong>οὐχ</strong></span> <span class='ocrx_word' id='word_1_167' title='bbox 536 2155 710 2219; x_wconf 78' lang='grc' dir='ltr'>οὕτως</span> <span class='ocrx_word' id='word_1_168' title='bbox 731 2170 743 2185; x_wconf 81' lang='grc'><em>’</em></span> <span class='ocrx_word' id='word_1_169' title='bbox 775 2153 912 2207; x_wconf 70' lang='grc' dir='ltr'>ἀλλὰ</span> <span class='ocrx_word' id='word_1_170' title='bbox 952 2153 1047 2205; x_wconf 73' lang='grc' dir='ltr'><strong>καὶ</strong></span> <span class='ocrx_word' id='word_1_171' title='bbox 1074 2151 1125 2204; x_wconf 91' lang='grc' dir='ltr'>οἱ</span> <span class='ocrx_word' id='word_1_172' title='bbox 1156 2150 1436 2222; x_wconf 76' lang='grc' dir='ltr'>προφῆται</span> <span class='ocrx_word' id='word_1_173' title='bbox 1478 2147 1765 2219; x_wconf 86' lang='grc' dir='ltr'>προκηρύ-</span> 
     </span>
    </p>
   </div>
   <div class='ocr_carea' id='block_1_24' title="bbox 167 2239 1765 2319">
    <p class='ocr_par' dir='ltr' id='par_1_24' title="bbox 167 2239 1765 2319">
     <span class='ocr_line' id='line_1_24' title="bbox 167 2239 1765 2319; baseline -0.008 -15"><span class='ocrx_word' id='word_1_174' title='bbox 167 2252 380 2317; x_wconf 82' lang='grc' dir='ltr'>ξαντες,</span> <span class='ocrx_word' id='word_1_175' title='bbox 414 2252 509 2303; x_wconf 72' lang='grc' dir='ltr'><strong>καὶ</strong></span> <span class='ocrx_word' id='word_1_176' title='bbox 536 2247 989 2319; x_wconf 80' lang='grc' dir='ltr'>προμαλάξαντες</span> <span class='ocrx_word' id='word_1_177' title='bbox 1016 2245 1125 2299; x_wconf 86' lang='grc' dir='ltr'><strong>τῶν</strong></span> <span class='ocrx_word' id='word_1_178' title='bbox 1154 2242 1463 2315; x_wconf 77' lang='grc' dir='ltr'>ἀνθρώπιον</span> <span class='ocrx_word' id='word_1_179' title='bbox 1488 2242 1588 2301; x_wconf 75' lang='grc' dir='ltr'><strong>τὰς</strong></span> <span class='ocrx_word' id='word_1_180' title='bbox 1622 2239 1765 2309; x_wconf 87' lang='grc' dir='ltr'>γνώ-</span> 
     </span>
    </p>
   </div>
   <div class='ocr_carea' id='block_1_25' title="bbox 169 2334 1764 2415">
    <p class='ocr_par' dir='ltr' id='par_1_25' title="bbox 169 2334 1764 2415">
     <span class='ocr_line' id='line_1_25' title="bbox 169 2334 1764 2415; baseline -0.007 -18"><span class='ocrx_word' id='word_1_181' title='bbox 169 2361 299 2415; x_wconf 84' lang='grc' dir='ltr'>μας,</span> <span class='ocrx_word' id='word_1_182' title='bbox 354 2342 609 2414; x_wconf 80' lang='grc' dir='ltr'>χαίρουσι</span> <span class='ocrx_word' id='word_1_183' title='bbox 664 2342 762 2393; x_wconf 85' lang='grc' dir='ltr'><strong>σὺν</strong></span> <span class='ocrx_word' id='word_1_184' title='bbox 824 2341 955 2411; x_wconf 81' lang='grc' dir='ltr'>ἡμῖν</span> <span class='ocrx_word' id='word_1_185' title='bbox 1008 2340 1122 2401; x_wconf 83' lang='grc' dir='ltr'>τοῖς</span> <span class='ocrx_word' id='word_1_186' title='bbox 1180 2336 1262 2397; x_wconf 83' lang='grc' dir='ltr'>εἰς</span> <span class='ocrx_word' id='word_1_187' title='bbox 1312 2334 1591 2405; x_wconf 81' lang='grc' dir='ltr'>σωτηρίαν</span> <span class='ocrx_word' id='word_1_188' title='bbox 1636 2334 1764 2397; x_wconf 65' lang='grc' dir='ltr'>τοὺς</span> 
     </span>
    </p>
   </div>
   <div class='ocr_carea' id='block_1_26' title="bbox 166 2426 1762 2507">
    <p class='ocr_par' dir='ltr' id='par_1_26' title="bbox 166 2426 1762 2507">
     <span class='ocr_line' id='line_1_26' title="bbox 166 2426 1762 2507; baseline -0.006 -18"><span class='ocrx_word' id='word_1_189' title='bbox 166 2436 490 2507; x_wconf 77' lang='grc' dir='ltr'>ἀνθρώπους</span> <span class='ocrx_word' id='word_1_190' title='bbox 546 2432 903 2503; x_wconf 63' lang='grc' dir='ltr'>ἑιξελκύσασι.</span> <span class='ocrx_word' id='word_1_191' title='bbox 938 2432 1012 2484; x_wconf 79' lang='grc' dir='ltr'>Τὸ</span> <span class='ocrx_word' id='word_1_192' title='bbox 1060 2430 1138 2497; x_wconf 81' lang='grc' dir='ltr'>δὲ,</span> <span class='ocrx_word' id='word_1_193' title='bbox 1193 2447 1211 2480; x_wconf 80' lang='grc' dir='ltr'><strong>ι</strong></span> <span class='ocrx_word' id='word_1_194' title='bbox 1255 2426 1398 2497; x_wconf 85' lang='grc' dir='ltr'>Ἐγὼ</span> <span class='ocrx_word' id='word_1_195' title='bbox 1466 2428 1611 2497; x_wconf 81' lang='grc' dir='ltr'>ὑμᾶς</span> <span class='ocrx_word' id='word_1_196' title='bbox 1651 2429 1762 2480; x_wconf 81' lang='grc' dir='ltr'>ἀπ-</span> 
     </span>
    </p>
   </div>
   <div class='ocr_carea' id='block_1_27' title="bbox 166 2520 1763 2600">
    <p class='ocr_par' dir='ltr' id='par_1_27' title="bbox 166 2520 1763 2600">
     <span class='ocr_line' id='line_1_27' title="bbox 166 2520 1763 2600; baseline -0.006 -16"><span class='ocrx_word' id='word_1_197' title='bbox 166 2529 347 2584; x_wconf 77' lang='grc' dir='ltr'>έστειλ</span> <span class='ocrx_word' id='word_1_198' title='bbox 376 2550 388 2583; x_wconf 72' lang='lat'><strong>&#39;.</strong></span> <span class='ocrx_word' id='word_1_199' title='bbox 412 2529 671 2600; x_wconf 77' lang='grc' dir='ltr'>θερίζειν,</span> <span class='ocrx_word' id='word_1_200' title='bbox 690 2527 718 2580; x_wconf 85' lang='grc' dir='ltr'>ὃ</span> <span class='ocrx_word' id='word_1_201' title='bbox 740 2528 837 2595; x_wconf 82' lang='grc' dir='ltr'><strong>οὑχ</strong></span> <span class='ocrx_word' id='word_1_202' title='bbox 863 2526 1020 2597; x_wconf 84' lang='grc' dir='ltr'>ὑμεῖς</span> <span class='ocrx_word' id='word_1_203' title='bbox 1043 2522 1435 2587; x_wconf 80' lang='grc' dir='ltr'>κεκοπιάκατε,</span> <span class='ocrx_word' id='word_1_204' title='bbox 1452 2541 1469 2573; x_wconf 74' lang='grc' dir='ltr'><strong>ι</strong></span> <span class='ocrx_word' id='word_1_205' title='bbox 1494 2522 1583 2575; x_wconf 73' lang='grc' dir='ltr'>διὰ</span> <span class='ocrx_word' id='word_1_206' title='bbox 1605 2520 1763 2575; x_wconf 81' lang='grc' dir='ltr'>τοῦτό</span> 
     </span>
    </p>
   </div>
   <div class='ocr_carea' id='block_1_28' title="bbox 169 2615 1760 2693">
    <p class='ocr_par' dir='ltr' id='par_1_28' title="bbox 169 2615 1760 2693">
     <span class='ocr_line' id='line_1_28' title="bbox 169 2615 1760 2693; baseline -0.006 -17"><span class='ocrx_word' id='word_1_207' title='bbox 169 2641 337 2692; x_wconf 85' lang='grc' dir='ltr'>φησιν</span> <span class='ocrx_word' id='word_1_208' title='bbox 378 2626 405 2677; x_wconf 88' lang='grc' dir='ltr'>ὁ</span> <span class='ocrx_word' id='word_1_209' title='bbox 438 2622 675 2693; x_wconf 82' lang='grc' dir='ltr'>Κύριος,</span> <span class='ocrx_word' id='word_1_210' title='bbox 724 2621 790 2673; x_wconf 82' lang='grc' dir='ltr'>ἵν’</span> <span class='ocrx_word' id='word_1_211' title='bbox 822 2621 951 2673; x_wconf 82' lang='grc' dir='ltr'>ὅταν</span> <span class='ocrx_word' id='word_1_212' title='bbox 984 2618 1294 2689; x_wconf 78' lang='grc' dir='ltr'>ἀποστέλλῃ</span> <span class='ocrx_word' id='word_1_213' title='bbox 1338 2620 1467 2679; x_wconf 82' lang='grc' dir='ltr'>τοὺς</span> <span class='ocrx_word' id='word_1_214' title='bbox 1514 2615 1760 2685; x_wconf 81' lang='grc' dir='ltr'>μαθητὰς</span> 
     </span>
    </p>
   </div>
   <div class='ocr_carea' id='block_1_29' title="bbox 162 2696 1761 2785">
    <p class='ocr_par' dir='ltr' id='par_1_29' title="bbox 162 2696 1761 2785">
     <span class='ocr_line' id='line_1_29' title="bbox 162 2696 1761 2785; baseline -0.006 -16"><span class='ocrx_word' id='word_1_215' title='bbox 162 2718 263 2770; x_wconf 71' lang='grc' dir='ltr'><strong>ἐπὶ</strong></span> <span class='ocrx_word' id='word_1_216' title='bbox 292 2716 352 2769; x_wconf 75' lang='grc' dir='ltr'><strong>τὸ</strong></span> <span class='ocrx_word' id='word_1_217' title='bbox 392 2696 693 2785; x_wconf 48' lang='grc' dir='ltr'>κήρυγμαῖ</span> <span class='ocrx_word' id='word_1_218' title='bbox 717 2712 795 2785; x_wconf 83' lang='grc' dir='ltr'>μὴ</span> <span class='ocrx_word' id='word_1_219' title='bbox 845 2711 1253 2782; x_wconf 76' lang='grc' dir='ltr'>θορυϐηθῶσιν,</span> <span class='ocrx_word' id='word_1_220' title='bbox 1284 2709 1360 2773; x_wconf 87' lang='grc' dir='ltr'>ὼς</span> <span class='ocrx_word' id='word_1_221' title='bbox 1404 2711 1484 2772; x_wconf 78' lang='grc' dir='ltr'>εἰς</span> <span class='ocrx_word' id='word_1_222' title='bbox 1526 2709 1761 2778; x_wconf 80' lang='grc' dir='ltr'>πρᾶγμα</span> 
     </span>
    </p>
   </div>
   <div class='ocr_carea' id='block_1_30' title="bbox 167 2800 1757 2875">
    <p class='ocr_par' dir='ltr' id='par_1_30' title="bbox 167 2800 1757 2875">
     <span class='ocr_line' id='line_1_30' title="bbox 167 2800 1757 2875; baseline -0.006 -14"><span class='ocrx_word' id='word_1_223' title='bbox 167 2811 425 2862; x_wconf 71' lang='grc' dir='ltr'>ἐπίπονον</span> <span class='ocrx_word' id='word_1_224' title='bbox 480 2806 967 2875; x_wconf 76' lang='grc' dir='ltr'>ἀποστελλόμενοι.</span> <span class='ocrx_word' id='word_1_225' title='bbox 1025 2804 1100 2857; x_wconf 86' lang='grc' dir='ltr'><strong>Τὸ</strong></span> <span class='ocrx_word' id='word_1_226' title='bbox 1156 2804 1266 2873; x_wconf 77' lang='grc' dir='ltr'>γὰρ</span> <span class='ocrx_word' id='word_1_227' title='bbox 1316 2800 1757 2871; x_wconf 69' lang='grc' dir='ltr'>ἐπιπονώτερον,</span> 
     </span>
    </p>
   </div>
   <div class='ocr_carea' id='block_1_31' title="bbox 168 2892 1762 2971">
    <p class='ocr_par' dir='ltr' id='par_1_31' title="bbox 168 2892 1762 2971">
     <span class='ocr_line' id='line_1_31' title="bbox 168 2892 1762 2971; baseline -0.004 -19"><span class='ocrx_word' id='word_1_228' title='bbox 168 2902 355 2971; x_wconf 72' lang='grc' dir='ltr'>φησὶν,</span> <span class='ocrx_word' id='word_1_229' title='bbox 377 2901 424 2952; x_wconf 91' lang='grc' dir='ltr'>οἱ</span> <span class='ocrx_word' id='word_1_230' title='bbox 453 2900 735 2970; x_wconf 74' lang='grc' dir='ltr'>προφῆται</span> <span class='ocrx_word' id='word_1_231' title='bbox 760 2898 1103 2963; x_wconf 79' lang='grc' dir='ltr'>ἀνεδέξαντο,</span> <span class='ocrx_word' id='word_1_232' title='bbox 1132 2896 1291 2966; x_wconf 83' lang='grc' dir='ltr'>ὑμεῖς</span> <span class='ocrx_word' id='word_1_233' title='bbox 1322 2894 1379 2947; x_wconf 76' lang='grc' dir='ltr'><strong>δὲ</strong></span> <span class='ocrx_word' id='word_1_234' title='bbox 1412 2895 1505 2950; x_wconf 72' lang='grc' dir='ltr'>ἐπὶ</span> <span class='ocrx_word' id='word_1_235' title='bbox 1532 2893 1594 2947; x_wconf 84' lang='grc' dir='ltr'>τὸ</span> <span class='ocrx_word' id='word_1_236' title='bbox 1620 2892 1762 2946; x_wconf 71' lang='grc' dir='ltr'>ἕτοι-</span> 
     </span>
    </p>
   </div>
   <div class='ocr_carea' id='block_1_32' title="bbox 171 2986 1761 3062">
    <p class='ocr_par' dir='ltr' id='par_1_32' title="bbox 171 2986 1761 3062">
     <span class='ocr_line' id='line_1_32' title="bbox 171 2986 1761 3062; baseline -0.006 -16"><span class='ocrx_word' id='word_1_237' title='bbox 171 3009 271 3062; x_wconf 87' lang='grc' dir='ltr'><strong>μον</strong></span> <span class='ocrx_word' id='word_1_238' title='bbox 316 2989 621 3061; x_wconf 79' lang='grc' dir='ltr'>πέμπεσθε.</span> <span class='ocrx_word' id='word_1_239' title='bbox 665 2992 838 3060; x_wconf 67' lang='grc' dir='ltr'>Λάγον</span> <span class='ocrx_word' id='word_1_240' title='bbox 873 2990 930 3042; x_wconf 77' lang='grc' dir='ltr'><strong>δὲ</strong></span> <span class='ocrx_word' id='word_1_241' title='bbox 967 2988 1225 3057; x_wconf 86' lang='grc' dir='ltr'>ἀληθινόν</span> <span class='ocrx_word' id='word_1_242' title='bbox 1262 3003 1418 3057; x_wconf 86' lang='grc' dir='ltr'>φησι,</span> <span class='ocrx_word' id='word_1_243' title='bbox 1458 2986 1761 3057; x_wconf 82' lang='grc' dir='ltr'>παροιμίαν</span> 
     </span>
    </p>
   </div>
   <div class='ocr_carea' id='block_1_33' title="bbox 167 3079 1761 3155">
    <p class='ocr_par' dir='ltr' id='par_1_33' title="bbox 167 3079 1761 3155">
     <span class='ocr_line' id='line_1_33' title="bbox 167 3079 1761 3155; baseline -0.006 -15"><span class='ocrx_word' id='word_1_244' title='bbox 167 3086 288 3140; x_wconf 68' lang='grc' dir='ltr'>τινα</span> <span class='ocrx_word' id='word_1_245' title='bbox 340 3084 785 3155; x_wconf 65' lang='grc' dir='ltr'>περιφερομένην</span> <span class='ocrx_word' id='word_1_246' title='bbox 825 3084 977 3155; x_wconf 85' lang='grc' dir='ltr'><strong>παρά</strong></span> <span class='ocrx_word' id='word_1_247' title='bbox 1016 3083 1095 3153; x_wconf 80' lang='grc' dir='ltr'><strong>τῷ</strong></span> <span class='ocrx_word' id='word_1_248' title='bbox 1128 3082 1359 3153; x_wconf 86' lang='grc' dir='ltr'>πλήθει,</span> <span class='ocrx_word' id='word_1_249' title='bbox 1401 3082 1482 3133; x_wconf 73' lang='grc' dir='ltr'>ὅτι</span> <span class='ocrx_word' id='word_1_250' title='bbox 1515 3098 1533 3132; x_wconf 76' lang='grc' dir='ltr'><strong>ι</strong></span> <span class='ocrx_word' id='word_1_251' title='bbox 1565 3079 1761 3142; x_wconf 81' lang='grc' dir='ltr'>’Ἀλλος</span> 
     </span>
    </p>
   </div>
   <div class='ocr_carea' id='block_1_34' title="bbox 163 3173 1760 3247">
    <p class='ocr_par' dir='ltr' id='par_1_34' title="bbox 163 3173 1760 3247">
     <span class='ocr_line' id='line_1_34' title="bbox 163 3173 1760 3247; baseline -0.002 -19"><span class='ocrx_word' id='word_1_252' title='bbox 163 3178 312 3230; x_wconf 64' lang='grc' dir='ltr'>ἐστὶν</span> <span class='ocrx_word' id='word_1_253' title='bbox 338 3177 639 3247; x_wconf 47' lang='grc' dir='ltr'>ὁεσπείρων,</span> <span class='ocrx_word' id='word_1_254' title='bbox 659 3180 752 3229; x_wconf 68' lang='grc' dir='ltr'><strong>καί</strong></span> <span class='ocrx_word' id='word_1_255' title='bbox 776 3175 931 3239; x_wconf 83' lang='grc' dir='ltr'>ἄλλος</span> <span class='ocrx_word' id='word_1_256' title='bbox 956 3177 984 3228; x_wconf 89' lang='grc' dir='ltr'>ὁ</span> <span class='ocrx_word' id='word_1_257' title='bbox 1013 3174 1267 3245; x_wconf 80' lang='grc' dir='ltr'>θερίζων.</span> <span class='ocrx_word' id='word_1_258' title='bbox 1298 3194 1316 3227; x_wconf 73' lang='grc' dir='ltr'><strong>ι</strong></span> <span class='ocrx_word' id='word_1_259' title='bbox 1362 3173 1505 3245; x_wconf 80' lang='grc' dir='ltr'>Ὅρα</span> <span class='ocrx_word' id='word_1_260' title='bbox 1527 3174 1605 3236; x_wconf 88' lang='grc' dir='ltr'><strong>δε,</strong></span> <span class='ocrx_word' id='word_1_261' title='bbox 1642 3173 1760 3236; x_wconf 88' lang='grc' dir='ltr'><strong>πῶς</strong></span> 
     </span>
    </p>
   </div>
   <div class='ocr_carea' id='block_1_35' title="bbox 168 3267 1764 3336">
    <p class='ocr_par' dir='ltr' id='par_1_35' title="bbox 168 3267 1764 3336">
     <span class='ocr_line' id='line_1_35' title="bbox 168 3267 1764 3336; baseline 0 -15"><span class='ocrx_word' id='word_1_262' title='bbox 168 3270 349 3323; x_wconf 82' lang='grc' dir='ltr'>πάντα</span> <span class='ocrx_word' id='word_1_263' title='bbox 376 3268 717 3332; x_wconf 73' lang='grc' dir='ltr'>δεσποτικῶς</span> <span class='ocrx_word' id='word_1_264' title='bbox 747 3269 896 3336; x_wconf 81' lang='grc' dir='ltr'>λέγει</span> <span class='ocrx_word' id='word_1_265' title='bbox 922 3269 1018 3323; x_wconf 75' lang='grc' dir='ltr'>καὶ</span> <span class='ocrx_word' id='word_1_266' title='bbox 1052 3268 1503 3334; x_wconf 78' lang='grc' dir='ltr'>ὲξουσιαστικῶς·</span> <span class='ocrx_word' id='word_1_267' title='bbox 1542 3286 1560 3319; x_wconf 78' lang='grc' dir='ltr'><strong>ι</strong></span> <span class='ocrx_word' id='word_1_268' title='bbox 1622 3267 1764 3335; x_wconf 86' lang='grc' dir='ltr'><strong>Ἐγὼ</strong></span> 
     </span>
    </p>
   </div>
   <div class='ocr_carea' id='block_1_36' title="bbox 168 3359 1764 3432">
    <p class='ocr_par' dir='ltr' id='par_1_36' title="bbox 168 3359 1764 3432">
     <span class='ocr_line' id='line_1_36' title="bbox 168 3359 1764 3432; baseline -0.004 -15"><span class='ocrx_word' id='word_1_269' title='bbox 168 3362 466 3417; x_wconf 81' lang='grc' dir='ltr'>ἀπέστειλα</span> <span class='ocrx_word' id='word_1_270' title='bbox 507 3363 662 3431; x_wconf 72' lang='grc' dir='ltr'>ὑμᾶς</span> <span class='ocrx_word' id='word_1_271' title='bbox 698 3361 960 3432; x_wconf 74' lang='grc' dir='ltr'>θερίζειν.</span> <span class='ocrx_word' id='word_1_272' title='bbox 1026 3379 1044 3412; x_wconf 84' lang='grc'><strong>›</strong></span> <span class='ocrx_word' id='word_1_273' title='bbox 1110 3359 1490 3413; x_wconf 78' lang='grc' dir='ltr'>’Λκουέτωσαν</span> <span class='ocrx_word' id='word_1_274' title='bbox 1542 3360 1593 3412; x_wconf 76' lang='lat' dir='ltr'><strong>oi</strong></span> <span class='ocrx_word' id='word_1_275' title='bbox 1634 3360 1764 3430; x_wconf 74' lang='grc' dir='ltr'>περὶ</span> 
     </span>
    </p>
   </div>
   <div class='ocr_carea' id='block_1_37' title="bbox 170 3454 1765 3527">
    <p class='ocr_par' dir='ltr' id='par_1_37' title="bbox 170 3454 1765 3527">
     <span class='ocr_line' id='line_1_37' title="bbox 170 3454 1765 3527; baseline -0.003 -17"><span class='ocrx_word' id='word_1_276' title='bbox 170 3457 474 3527; x_wconf 76' lang='grc' dir='ltr'>Μαρκίωνα</span> <span class='ocrx_word' id='word_1_277' title='bbox 530 3456 621 3507; x_wconf 78' lang='grc' dir='ltr'><strong>τὸν</strong></span> <span class='ocrx_word' id='word_1_278' title='bbox 671 3456 1001 3526; x_wconf 83' lang='grc' dir='ltr'>κατάρατον,</span> <span class='ocrx_word' id='word_1_279' title='bbox 1040 3454 1138 3507; x_wconf 75' lang='grc' dir='ltr'><strong>καὶ</strong></span> <span class='ocrx_word' id='word_1_280' title='bbox 1169 3456 1448 3518; x_wconf 71' lang='lat' dir='ltr'><strong>Mivsvra,</strong></span> <span class='ocrx_word' id='word_1_281' title='bbox 1503 3455 1597 3508; x_wconf 72' lang='grc' dir='ltr'><strong>καὶ</strong></span> <span class='ocrx_word' id='word_1_282' title='bbox 1636 3454 1765 3517; x_wconf 82' lang='grc' dir='ltr'>τοὺς</span> 
     </span>
    </p>
   </div>
   <div class='ocr_carea' id='block_1_38' title="bbox 166 3545 1762 3618">
    <p class='ocr_par' dir='ltr' id='par_1_38' title="bbox 166 3545 1762 3618">
     <span class='ocr_line' id='line_1_38' title="bbox 166 3545 1762 3618; baseline 0 -18"><span class='ocrx_word' id='word_1_283' title='bbox 166 3549 466 3613; x_wconf 78' lang='grc' dir='ltr'>τοιούτους,</span> <span class='ocrx_word' id='word_1_284' title='bbox 514 3548 564 3601; x_wconf 84' lang='grc' dir='ltr'>οἶ</span> <span class='ocrx_word' id='word_1_285' title='bbox 594 3550 693 3617; x_wconf 76' lang='grc' dir='ltr'><strong>τὴν</strong></span> <span class='ocrx_word' id='word_1_286' title='bbox 736 3546 982 3601; x_wconf 66' lang='grc' dir='ltr'>Παλαιὰν</span> <span class='ocrx_word' id='word_1_287' title='bbox 1018 3545 1298 3618; x_wconf 85' lang='grc' dir='ltr'>Διαθήκην</span> <span class='ocrx_word' id='word_1_288' title='bbox 1334 3545 1762 3617; x_wconf 79' lang='grc' dir='ltr'>ἀπαλλοτριοῦσι</span> 
     </span>
    </p>
   </div>
   <div class='ocr_carea' id='block_1_39' title="bbox 167 3626 1763 3712">
    <p class='ocr_par' dir='ltr' id='par_1_39' title="bbox 167 3626 1763 3712">
     <span class='ocr_line' id='line_1_39' title="bbox 167 3626 1763 3712; baseline -0.003 -17"><span class='ocrx_word' id='word_1_289' title='bbox 167 3626 264 3708; x_wconf 70' lang='grc' dir='ltr'><strong>τῆς</strong></span> <span class='ocrx_word' id='word_1_290' title='bbox 294 3642 439 3704; x_wconf 82' lang='grc' dir='ltr'>Νέας</span> <span class='ocrx_word' id='word_1_291' title='bbox 466 3659 479 3672; x_wconf 93' lang='grc'><strong>·</strong></span> <span class='ocrx_word' id='word_1_292' title='bbox 524 3639 819 3695; x_wconf 75' lang='grc' dir='ltr'>κάντεῦθεν</span> <span class='ocrx_word' id='word_1_293' title='bbox 852 3640 961 3712; x_wconf 80' lang='grc' dir='ltr'>γὰρ</span> <span class='ocrx_word' id='word_1_294' title='bbox 995 3640 1334 3709; x_wconf 70' lang='grc' dir='ltr'>ἐλέγχονται.</span> <span class='ocrx_word' id='word_1_295' title='bbox 1362 3640 1425 3691; x_wconf 88' lang='grc' dir='ltr'><strong>Εἰ</strong></span> <span class='ocrx_word' id='word_1_296' title='bbox 1461 3640 1571 3709; x_wconf 82' lang='grc' dir='ltr'>γὰρ</span> <span class='ocrx_word' id='word_1_297' title='bbox 1608 3640 1763 3692; x_wconf 84' lang='grc' dir='ltr'>ἀλλο-</span> 
     </span>
    </p>
   </div>
   <div class='ocr_carea' id='block_1_40' title="bbox 168 3732 1763 3806">
    <p class='ocr_par' dir='ltr' id='par_1_40' title="bbox 168 3732 1763 3806">
     <span class='ocr_line' id='line_1_40' title="bbox 168 3732 1763 3806; baseline 0.001 -21"><span class='ocrx_word' id='word_1_298' title='bbox 168 3738 294 3803; x_wconf 86' lang='grc' dir='ltr'>τρία</span> <span class='ocrx_word' id='word_1_299' title='bbox 321 3732 387 3806; x_wconf 76' lang='grc' dir='ltr'><strong>ῆν</strong></span> <span class='ocrx_word' id='word_1_300' title='bbox 412 3738 444 3804; x_wconf 70' lang='grc' dir='ltr'>ἡ</span> <span class='ocrx_word' id='word_1_301' title='bbox 474 3735 706 3797; x_wconf 75' lang='grc' dir='ltr'>Παλαιὰ,</span> <span class='ocrx_word' id='word_1_302' title='bbox 738 3735 855 3797; x_wconf 88' lang='grc' dir='ltr'><strong>πῶς</strong></span> <span class='ocrx_word' id='word_1_303' title='bbox 889 3736 935 3792; x_wconf 82' lang='grc' dir='ltr'>οἱ</span> <span class='ocrx_word' id='word_1_304' title='bbox 962 3734 1250 3787; x_wconf 79' lang='grc' dir='ltr'>ἀπόστολοι</span> <span class='ocrx_word' id='word_1_305' title='bbox 1288 3733 1542 3801; x_wconf 71' lang='grc' dir='ltr'>ἐθέρισαν</span> <span class='ocrx_word' id='word_1_306' title='bbox 1564 3736 1633 3786; x_wconf 89' lang='grc' dir='ltr'><strong>τά</strong></span> <span class='ocrx_word' id='word_1_307' title='bbox 1653 3733 1763 3786; x_wconf 88' lang='grc' dir='ltr'><strong>τῶν</strong></span> 
     </span>
    </p>
   </div>
   <div class='ocr_carea' id='block_1_41' title="bbox 169 3828 1762 3899">
    <p class='ocr_par' dir='ltr' id='par_1_41' title="bbox 169 3828 1762 3899">
     <span class='ocr_line' id='line_1_41' title="bbox 169 3828 1762 3899; baseline 0 -18"><span class='ocrx_word' id='word_1_308' title='bbox 169 3828 501 3898; x_wconf 47' lang='lat' dir='ltr'><strong>«paen-.5»);</strong></span> <span class='ocrx_word' id='word_1_309' title='bbox 535 3830 702 3882; x_wconf 79' lang='grc' dir='ltr'>Ὥστε</span> <span class='ocrx_word' id='word_1_310' title='bbox 736 3830 859 3881; x_wconf 62' lang='grc' dir='ltr'>ἐπεὶ</span> <span class='ocrx_word' id='word_1_311' title='bbox 890 3830 957 3882; x_wconf 79' lang='grc' dir='ltr'><strong>τά</strong></span> <span class='ocrx_word' id='word_1_312' title='bbox 989 3831 1087 3899; x_wconf 83' lang='grc' dir='ltr'><strong>τῆς</strong></span> <span class='ocrx_word' id='word_1_313' title='bbox 1123 3828 1368 3890; x_wconf 82' lang='grc' dir='ltr'>ῐιαλαιᾶς</span> <span class='ocrx_word' id='word_1_314' title='bbox 1391 3828 1441 3880; x_wconf 84' lang='grc' dir='ltr'><strong>οί</strong></span> <span class='ocrx_word' id='word_1_315' title='bbox 1473 3828 1762 3881; x_wconf 85' lang='grc' dir='ltr'>ἀπόστολοι</span> 
     </span>
    </p>
   </div>
   <div class='ocr_carea' id='block_1_42' title="bbox 168 3921 1758 3994">
    <p class='ocr_par' dir='ltr' id='par_1_42' title="bbox 168 3921 1758 3994">
     <span class='ocr_line' id='line_1_42' title="bbox 168 3921 1758 3994; baseline 0.001 -22"><span class='ocrx_word' id='word_1_316' title='bbox 168 3921 445 3991; x_wconf 69' lang='grc' dir='ltr'>ἐθέρισαν,</span> <span class='ocrx_word' id='word_1_317' title='bbox 472 3922 575 3975; x_wconf 72' lang='grc' dir='ltr'><strong>οὐκ</strong></span> <span class='ocrx_word' id='word_1_318' title='bbox 597 3921 857 3992; x_wconf 77' lang='grc' dir='ltr'>ἀλλοτρία</span> <span class='ocrx_word' id='word_1_319' title='bbox 884 3922 983 3991; x_wconf 86' lang='grc' dir='ltr'><strong>τῆς</strong></span> <span class='ocrx_word' id='word_1_320' title='bbox 1012 3921 1223 3991; x_wconf 84' lang='grc' dir='ltr'>Καινῆς</span> <span class='ocrx_word' id='word_1_321' title='bbox 1248 3922 1524 3994; x_wconf 78' lang='grc' dir='ltr'>Διαθήκης</span> <span class='ocrx_word' id='word_1_322' title='bbox 1555 3923 1758 3994; x_wconf 79' lang='grc' dir='ltr'>ἐκείνη,</span> 
     </span>
    </p>
   </div>
   <div class='ocr_carea' id='block_1_43' title="bbox 170 4014 1762 4089">
    <p class='ocr_par' dir='ltr' id='par_1_43' title="bbox 170 4014 1762 4089">
     <span class='ocr_line' id='line_1_43' title="bbox 170 4014 1762 4089; baseline 0.003 -23"><span class='ocrx_word' id='word_1_323' title='bbox 170 4014 285 4066; x_wconf 82' lang='grc' dir='ltr'>ἀλλ’</span> <span class='ocrx_word' id='word_1_324' title='bbox 304 4016 617 4087; x_wconf 71' lang='grc' dir='ltr'>ἀμφότεραι</span> <span class='ocrx_word' id='word_1_325' title='bbox 642 4015 760 4085; x_wconf 85' lang='grc' dir='ltr'>μία.</span> <span class='ocrx_word' id='word_1_326' title='bbox 789 4017 1169 4070; x_wconf 85' lang='grc' dir='ltr'>Ἀκουέτωσαν</span> <span class='ocrx_word' id='word_1_327' title='bbox 1193 4017 1287 4073; x_wconf 64' lang='grc' dir='ltr'><strong>καὶ</strong></span> <span class='ocrx_word' id='word_1_328' title='bbox 1310 4018 1359 4069; x_wconf 76' lang='grc' dir='ltr'>οἱ</span> <span class='ocrx_word' id='word_1_329' title='bbox 1385 4018 1513 4089; x_wconf 53' lang='grc' dir='ltr'><strong>περὶ⁵</strong></span> <span class='ocrx_word' id='word_1_330' title='bbox 1534 4019 1762 4089; x_wconf 82' lang='grc' dir='ltr'>Ἀρειον</span> 
     </span>
    </p>
   </div>
   <div class='ocr_carea' id='block_1_44' title="bbox 168 4104 1765 4179">
    <p class='ocr_par' dir='ltr' id='par_1_44' title="bbox 168 4104 1765 4179">
     <span class='ocr_line' id='line_1_44' title="bbox 168 4104 1765 4179; baseline 0.004 -24"><span class='ocrx_word' id='word_1_331' title='bbox 168 4104 287 4167; x_wconf 84' lang='grc' dir='ltr'><strong>πῶς</strong></span> <span class='ocrx_word' id='word_1_332' title='bbox 325 4105 398 4167; x_wconf 83' lang='grc' dir='ltr'><strong>ῶς</strong></span> <span class='ocrx_word' id='word_1_333' title='bbox 440 4106 645 4175; x_wconf 85' lang='grc' dir='ltr'>Κύριος</span> <span class='ocrx_word' id='word_1_334' title='bbox 674 4124 764 4158; x_wconf 88' lang='grc' dir='ltr'><strong>και</strong></span> <span class='ocrx_word' id='word_1_335' title='bbox 796 4105 1154 4177; x_wconf 79' lang='grc' dir='ltr'>ὲξουσιαστὴς</span> <span class='ocrx_word' id='word_1_336' title='bbox 1187 4107 1397 4178; x_wconf 86' lang='grc' dir='ltr'>πέμπει</span> <span class='ocrx_word' id='word_1_337' title='bbox 1424 4110 1554 4172; x_wconf 70' lang='grc' dir='ltr'>τοὺς</span> <span class='ocrx_word' id='word_1_338' title='bbox 1588 4109 1765 4179; x_wconf 88' lang='grc' dir='ltr'>μαθη-</span> 
     </span>
    </p>
   </div>
   <div class='ocr_carea' id='block_1_45' title="bbox 167 4188 1765 4271">
    <p class='ocr_par' dir='ltr' id='par_1_45' title="bbox 167 4188 1765 4271">
     <span class='ocr_line' id='line_1_45' title="bbox 167 4188 1765 4271; baseline 0.024 -29"><span class='ocrx_word' id='word_1_339' title='bbox 167 4198 267 4259; x_wconf 72' lang='grc' dir='ltr'><strong>τάς</strong></span> <span class='ocrx_word' id='word_1_340' title='bbox 290 4188 308 4224; x_wconf 36' lang='grc'><strong>“·</strong></span> <span class='ocrx_word' id='word_1_341' title='bbox 343 4198 552 4266; x_wconf 75' lang='grc' dir='ltr'>πέμπει</span> <span class='ocrx_word' id='word_1_342' title='bbox 584 4198 663 4261; x_wconf 76' lang='grc' dir='ltr'><strong>δὲ,</strong></span> <span class='ocrx_word' id='word_1_343' title='bbox 708 4199 795 4251; x_wconf 81' lang='grc' dir='ltr'>ἵνα</span> <span class='ocrx_word' id='word_1_344' title='bbox 825 4201 932 4251; x_wconf 74' lang='grc' dir='ltr'><strong>ἀπὸ</strong></span> <span class='ocrx_word' id='word_1_345' title='bbox 974 4201 1081 4252; x_wconf 84' lang='grc' dir='ltr'><strong>τῶν</strong></span> <span class='ocrx_word' id='word_1_346' title='bbox 1116 4201 1321 4269; x_wconf 72' lang='grc' dir='ltr'>γηΐνων</span> <span class='ocrx_word' id='word_1_347' title='bbox 1357 4199 1640 4271; x_wconf 72' lang='grc' dir='ltr'>θερίσωσιν</span> <span class='ocrx_word' id='word_1_348' title='bbox 1668 4201 1765 4255; x_wconf 57' lang='grc' dir='ltr'><strong>καὶ</strong></span> 
     </span>
    </p>
   </div>
   <div class='ocr_carea' id='block_1_46' title="bbox 170 4292 1765 4366">
    <p class='ocr_par' dir='ltr' id='par_1_46' title="bbox 170 4292 1765 4366">
     <span class='ocr_line' id='line_1_46' title="bbox 170 4292 1765 4366; baseline 0.004 -24"><span class='ocrx_word' id='word_1_349' title='bbox 170 4292 443 4359; x_wconf 74' lang='grc' dir='ltr'>ἐκτὲμωσι</span> <span class='ocrx_word' id='word_1_350' title='bbox 480 4292 605 4353; x_wconf 76' lang='grc' dir='ltr'>τοὺς</span> <span class='ocrx_word' id='word_1_351' title='bbox 640 4308 840 4360; x_wconf 82' lang='grc' dir='ltr'>προστε</span> <span class='ocrx_word' id='word_1_352' title='bbox 857 4293 1093 4362; x_wconf 57' lang='grc' dir='ltr'>τηκίέας</span> <span class='ocrx_word' id='word_1_353' title='bbox 1132 4294 1317 4353; x_wconf 81' lang='grc' dir='ltr'>αὐτοῖς</span> <span class='ocrx_word' id='word_1_354' title='bbox 1356 4295 1452 4347; x_wconf 79' lang='grc' dir='ltr'>καὶ</span> <span class='ocrx_word' id='word_1_355' title='bbox 1489 4295 1765 4366; x_wconf 84' lang='grc' dir='ltr'>Ἕλληνας</span> 
     </span>
    </p>
   </div>
   <div class='ocr_carea' id='block_1_47' title="bbox 170 4383 1767 4456">
    <p class='ocr_par' dir='ltr' id='par_1_47' title="bbox 170 4383 1767 4456">
     <span class='ocr_line' id='line_1_47' title="bbox 170 4383 1767 4456; baseline 0.003 -21"><span class='ocrx_word' id='word_1_356' title='bbox 170 4384 261 4435; x_wconf 60' lang='grc' dir='ltr'><strong>καὶ</strong></span> <span class='ocrx_word' id='word_1_357' title='bbox 320 4383 603 4445; x_wconf 57' lang='grc' dir='ltr'>Ἰουδαίους</span> <span class='ocrx_word' id='word_1_358' title='bbox 632 4424 643 4445; x_wconf 86' lang='grc'><strong>,</strong></span> <span class='ocrx_word' id='word_1_359' title='bbox 681 4385 776 4435; x_wconf 70' lang='grc' dir='ltr'><strong>καὶ</strong></span> <span class='ocrx_word' id='word_1_360' title='bbox 826 4385 904 4446; x_wconf 80' lang='grc' dir='ltr'>εἰς</span> <span class='ocrx_word' id='word_1_361' title='bbox 940 4401 985 4435; x_wconf 51' lang='grc' dir='ltr'>τκ</span> <span class='ocrx_word' id='word_1_362' title='bbox 1014 4404 1039 4435; x_wconf 87' lang='grc' dir='ltr'><strong>ν</strong></span> <span class='ocrx_word' id='word_1_363' title='bbox 1069 4383 1184 4437; x_wconf 73' lang='grc' dir='ltr'><strong>ἅλω</strong></span> <span class='ocrx_word' id='word_1_364' title='bbox 1215 4385 1631 4456; x_wconf 78' lang='grc' dir='ltr'>ἀποκομίζωσιν</span> <span class='ocrx_word' id='word_1_365' title='bbox 1668 4388 1767 4439; x_wconf 84' lang='grc' dir='ltr'>αὑ-</span> 
     </span>
    </p>
   </div>
   <div class='ocr_carea' id='block_1_48' title="bbox 170 4471 1763 4548">
    <p class='ocr_par' dir='ltr' id='par_1_48' title="bbox 170 4471 1763 4548">
     <span class='ocr_line' id='line_1_48' title="bbox 170 4471 1763 4548; baseline 0.004 -21"><span class='ocrx_word' id='word_1_366' title='bbox 170 4479 313 4537; x_wconf 62' lang='grc' dir='ltr'>τοζης,</span> <span class='ocrx_word' id='word_1_367' title='bbox 342 4478 439 4544; x_wconf 75' lang='grc' dir='ltr'>τὴν</span> <span class='ocrx_word' id='word_1_368' title='bbox 485 4476 814 4543; x_wconf 77' lang='grc' dir='ltr'>Ἐκκλησίαν</span> <span class='ocrx_word' id='word_1_369' title='bbox 859 4477 951 4543; x_wconf 83' lang='grc' dir='ltr'><strong>λέγ</strong></span> <span class='ocrx_word' id='word_1_370' title='bbox 1022 4492 1035 4505; x_wconf 76' lang='grc' dir='ltr'><strong><em>ο</em></strong></span> <span class='ocrx_word' id='word_1_371' title='bbox 1068 4478 1126 4527; x_wconf 73' lang='grc' dir='ltr'>ἐν</span> <span class='ocrx_word' id='word_1_372' title='bbox 1234 4478 1638 4548; x_wconf 58' lang='grc' dir='ltr'>γενόμενοιβιὰ</span> <span class='ocrx_word' id='word_1_373' title='bbox 1669 4481 1763 4533; x_wconf 84' lang='grc' dir='ltr'>τοῦ</span> 
     </span>
    </p>
   </div>
   <div class='ocr_carea' id='block_1_49' title="bbox 1872 576 3487 649">
    <p class='ocr_par' dir='ltr' id='par_1_49' title="bbox 1872 576 3487 649">
     <span class='ocr_line' id='line_1_49' title="bbox 1872 576 3487 649; baseline 0.007 -19"><span class='ocrx_word' id='word_1_374' title='bbox 1872 576 2207 640; x_wconf 84' lang='lat' dir='ltr'><strong>maritanos,</strong></span> <span class='ocrx_word' id='word_1_375' title='bbox 2248 580 2338 647; x_wconf 88' lang='lat' dir='ltr'><strong>qui</strong></span> <span class='ocrx_word' id='word_1_376' title='bbox 2377 577 2491 645; x_wconf 89' lang='lat' dir='ltr'><strong>jam</strong></span> <span class='ocrx_word' id='word_1_377' title='bbox 2544 580 2838 635; x_wconf 82' lang='lat' dir='ltr'><strong>veniebant</strong></span> <span class='ocrx_word' id='word_1_378' title='bbox 2879 581 2945 634; x_wconf 87' lang='lat' dir='ltr'><strong>ad</strong></span> <span class='ocrx_word' id='word_1_379' title='bbox 2994 581 3193 649; x_wconf 87' lang='lat' dir='ltr'><strong>ipsum.</strong></span> <span class='ocrx_word' id='word_1_380' title='bbox 3236 584 3487 642; x_wconf 83' lang='lat' dir='ltr'><strong>Attolhte</strong></span> 
     </span>
    </p>
   </div>
   <div class='ocr_carea' id='block_1_50' title="bbox 1872 666 3484 743">
    <p class='ocr_par' dir='ltr' id='par_1_50' title="bbox 1872 666 3484 743">
     <span class='ocr_line' id='line_1_50' title="bbox 1872 666 3484 743; baseline 0.007 -22"><span class='ocrx_word' id='word_1_381' title='bbox 1872 666 2040 737; x_wconf 78' lang='lat' dir='ltr'><strong>igitur</strong></span> <span class='ocrx_word' id='word_1_382' title='bbox 2072 670 2263 725; x_wconf 87' lang='lat' dir='ltr'><strong>oculos</strong></span> <span class='ocrx_word' id='word_1_383' title='bbox 2296 682 2529 733; x_wconf 84' lang='lat' dir='ltr'><strong>vestros,</strong></span> <span class='ocrx_word' id='word_1_384' title='bbox 2560 670 2647 725; x_wconf 91' lang='lat' dir='ltr'><strong>vel</strong></span> <span class='ocrx_word' id='word_1_385' title='bbox 2679 672 2997 741; x_wconf 86' lang='lat' dir='ltr'><strong>spirituales</strong></span> <span class='ocrx_word' id='word_1_386' title='bbox 3032 673 3113 727; x_wconf 92' lang='lat' dir='ltr'><strong>vel</strong></span> <span class='ocrx_word' id='word_1_387' title='bbox 3144 676 3433 731; x_wconf 81' lang='lat' dir='ltr'><strong>sensibiles</strong></span> <span class='ocrx_word' id='word_1_388' title='bbox 3468 717 3484 743; x_wconf 89' lang='lat'><strong>,</strong></span> 
     </span>
    </p>
   </div>
   <div class='ocr_carea' id='block_1_51' title="bbox 1871 766 3489 833">
    <p class='ocr_par' dir='ltr' id='par_1_51' title="bbox 1871 766 3489 833">
     <span class='ocr_line' id='line_1_51' title="bbox 1871 766 3489 833; baseline 0.005 -16"><span class='ocrx_word' id='word_1_389' title='bbox 1871 773 1922 817; x_wconf 88' lang='lat' dir='ltr'><strong>et</strong></span> <span class='ocrx_word' id='word_1_390' title='bbox 1950 774 2194 832; x_wconf 79' lang='lat' dir='ltr'><strong>spectate</strong></span> <span class='ocrx_word' id='word_1_391' title='bbox 2226 767 2629 820; x_wconf 76' lang='lat' dir='ltr'><strong>multitudinem</strong></span> <span class='ocrx_word' id='word_1_392' title='bbox 2666 766 3166 833; x_wconf 79' lang='lat' dir='ltr'><strong>Samaritanorum,</strong></span> <span class='ocrx_word' id='word_1_393' title='bbox 3194 780 3248 822; x_wconf 88' lang='lat' dir='ltr'><strong>et</strong></span> <span class='ocrx_word' id='word_1_394' title='bbox 3272 772 3489 825; x_wconf 84' lang='lat' dir='ltr'><strong>animas</strong></span> 
     </span>
    </p>
   </div>
   <div class='ocr_carea' id='block_1_52' title="bbox 1872 857 3483 933">
    <p class='ocr_par' dir='ltr' id='par_1_52' title="bbox 1872 857 3483 933">
     <span class='ocr_line' id='line_1_52' title="bbox 1872 857 3483 933; baseline 0.004 -23"><span class='ocrx_word' id='word_1_395' title='bbox 1872 857 2111 927; x_wconf 88' lang='lat' dir='ltr'><strong>ipsorum</strong></span> <span class='ocrx_word' id='word_1_396' title='bbox 2153 860 2223 910; x_wconf 70' lang='lat' dir='ltr'><strong>ad</strong></span> <span class='ocrx_word' id='word_1_397' title='bbox 2273 859 2433 913; x_wconf 87' lang='lat' dir='ltr'><strong>iidem</strong></span> <span class='ocrx_word' id='word_1_398' title='bbox 2481 859 2694 913; x_wconf 79' lang='lat' dir='ltr'><strong>alacres</strong></span> <span class='ocrx_word' id='word_1_399' title='bbox 2736 871 2789 913; x_wconf 89' lang='lat' dir='ltr'><strong>et</strong></span> <span class='ocrx_word' id='word_1_400' title='bbox 2830 871 3134 929; x_wconf 67' lang='lat' dir='ltr'><strong>proinptas,</strong></span> <span class='ocrx_word' id='word_1_401' title='bbox 3170 877 3291 929; x_wconf 85' lang='lat' dir='ltr'><strong>quae</strong></span> <span class='ocrx_word' id='word_1_402' title='bbox 3323 864 3483 933; x_wconf 81' lang='lat' dir='ltr'><strong>quasi</strong></span> 
     </span>
    </p>
   </div>
   <div class='ocr_carea' id='block_1_53' title="bbox 1874 950 3487 1029">
    <p class='ocr_par' dir='ltr' id='par_1_53' title="bbox 1874 950 3487 1029">
     <span class='ocr_line' id='line_1_53' title="bbox 1874 950 3487 1029; baseline 0.004 -26"><span class='ocrx_word' id='word_1_403' title='bbox 1874 951 2121 1029; x_wconf 81' lang='lat' dir='ltr'><strong>regiones</strong></span> <span class='ocrx_word' id='word_1_404' title='bbox 2165 950 2323 1016; x_wconf 64' lang='lat' dir='ltr'><strong>albae,</strong></span> <span class='ocrx_word' id='word_1_405' title='bbox 2366 967 2503 1019; x_wconf 90' lang='lat' dir='ltr'><strong>opus</strong></span> <span class='ocrx_word' id='word_1_406' title='bbox 2543 952 2745 1008; x_wconf 85' lang='lat' dir='ltr'><strong>habent</strong></span> <span class='ocrx_word' id='word_1_407' title='bbox 2783 954 3139 1008; x_wconf 74' lang='lat' dir='ltr'><strong>messoribus.</strong></span> <span class='ocrx_word' id='word_1_408' title='bbox 3173 953 3308 1008; x_wconf 85' lang='lat' dir='ltr'><strong>Nam</strong></span> <span class='ocrx_word' id='word_1_409' title='bbox 3340 957 3487 1010; x_wconf 83' lang='lat' dir='ltr'><strong>sicut</strong></span> 
     </span>
    </p>
   </div>
   <div class='ocr_carea' id='block_1_54' title="bbox 1871 1043 3485 1113">
    <p class='ocr_par' dir='ltr' id='par_1_54' title="bbox 1871 1043 3485 1113">
     <span class='ocr_line' id='line_1_54' title="bbox 1871 1043 3485 1113; baseline 0.004 -19"><span class='ocrx_word' id='word_1_410' title='bbox 1871 1043 2055 1097; x_wconf 65' lang='lat' dir='ltr'><strong>arista:</strong></span> <span class='ocrx_word' id='word_1_411' title='bbox 2102 1058 2229 1097; x_wconf 88' lang='lat' dir='ltr'><strong>cum</strong></span> <span class='ocrx_word' id='word_1_412' title='bbox 2266 1043 2467 1098; x_wconf 80' lang='lat' dir='ltr'><strong>fuerint</strong></span> <span class='ocrx_word' id='word_1_413' title='bbox 2504 1044 2666 1109; x_wconf 67' lang='lat' dir='ltr'><strong>albw,</strong></span> <span class='ocrx_word' id='word_1_414' title='bbox 2705 1057 2907 1113; x_wconf 68' lang='lat' dir='ltr'><strong>paratae</strong></span> <span class='ocrx_word' id='word_1_415' title='bbox 2960 1057 3087 1101; x_wconf 89' lang='lat' dir='ltr'><strong>sunt</strong></span> <span class='ocrx_word' id='word_1_416' title='bbox 3124 1048 3190 1101; x_wconf 90' lang='lat' dir='ltr'><strong>ad</strong></span> <span class='ocrx_word' id='word_1_417' title='bbox 3228 1062 3485 1112; x_wconf 75' lang='lat' dir='ltr'><strong>messem,</strong></span> 
     </span>
    </p>
   </div>
   <div class='ocr_carea' id='block_1_55' title="bbox 1872 1137 3486 1209">
    <p class='ocr_par' dir='ltr' id='par_1_55' title="bbox 1872 1137 3486 1209">
     <span class='ocr_line' id='line_1_55' title="bbox 1872 1137 3486 1209; baseline 0.004 -19"><span class='ocrx_word' id='word_1_418' title='bbox 1872 1138 1945 1190; x_wconf 86' lang='lat' dir='ltr'><strong>ita</strong></span> <span class='ocrx_word' id='word_1_419' title='bbox 1978 1147 2031 1190; x_wconf 85' lang='lat' dir='ltr'><strong>et</strong></span> <span class='ocrx_word' id='word_1_420' title='bbox 2063 1137 2145 1191; x_wconf 78' lang='lat' dir='ltr'><strong>ha:</strong></span> <span class='ocrx_word' id='word_1_421' title='bbox 2175 1138 2239 1191; x_wconf 89' lang='lat' dir='ltr'><strong>ad</strong></span> <span class='ocrx_word' id='word_1_422' title='bbox 2274 1138 2507 1193; x_wconf 83' lang='lat' dir='ltr'><strong>salutem</strong></span> <span class='ocrx_word' id='word_1_423' title='bbox 2548 1148 2674 1192; x_wconf 88' lang='lat' dir='ltr'><strong>sunt</strong></span> <span class='ocrx_word' id='word_1_424' title='bbox 2716 1151 3061 1209; x_wconf 65' lang='lat' dir='ltr'><strong>pra-panum.</strong></span> <span class='ocrx_word' id='word_1_425' title='bbox 3104 1160 3122 1193; x_wconf 77' lang='grc' dir='ltr'><strong>ι</strong></span> <span class='ocrx_word' id='word_1_426' title='bbox 3168 1140 3235 1194; x_wconf 83' lang='lat' dir='ltr'><strong>Et</strong></span> <span class='ocrx_word' id='word_1_427' title='bbox 3270 1152 3486 1197; x_wconf 78' lang='lat' dir='ltr'><strong>metens</strong></span> 
     </span>
    </p>
   </div>
   <div class='ocr_carea' id='block_1_56' title="bbox 1874 1227 3487 1297">
    <p class='ocr_par' dir='ltr' id='par_1_56' title="bbox 1874 1227 3487 1297">
     <span class='ocr_line' id='line_1_56' title="bbox 1874 1227 3487 1297; baseline 0.003 -18"><span class='ocrx_word' id='word_1_428' title='bbox 1874 1227 2182 1282; x_wconf 90' lang='lat' dir='ltr'><strong>mercedem</strong></span> <span class='ocrx_word' id='word_1_429' title='bbox 2210 1228 2429 1297; x_wconf 83' lang='lat' dir='ltr'><strong>accipit,</strong></span> <span class='ocrx_word' id='word_1_430' title='bbox 2455 1236 2509 1283; x_wconf 70' lang='lat' dir='ltr'><strong>et</strong></span> <span class='ocrx_word' id='word_1_431' title='bbox 2541 1228 2744 1297; x_wconf 79' lang='lat' dir='ltr'><strong>colligit</strong></span> <span class='ocrx_word' id='word_1_432' title='bbox 2774 1228 3011 1282; x_wconf 82' lang='lat' dir='ltr'><strong>fructum</strong></span> <span class='ocrx_word' id='word_1_433' title='bbox 3041 1231 3093 1282; x_wconf 92' lang='lat' dir='ltr'><strong>in</strong></span> <span class='ocrx_word' id='word_1_434' title='bbox 3126 1230 3293 1283; x_wconf 87' lang='lat' dir='ltr'><strong>vitam</strong></span> <span class='ocrx_word' id='word_1_435' title='bbox 3326 1244 3487 1285; x_wconf 74' lang='lat' dir='ltr'><strong>mter-</strong></span> 
     </span>
    </p>
   </div>
   <div class='ocr_carea' id='block_1_57' title="bbox 1872 1319 3479 1387">
    <p class='ocr_par' dir='ltr' id='par_1_57' title="bbox 1872 1319 3479 1387">
     <span class='ocr_line' id='line_1_57' title="bbox 1872 1319 3479 1387; baseline 0.001 -15"><span class='ocrx_word' id='word_1_436' title='bbox 1872 1334 2018 1383; x_wconf 88' lang='lat' dir='ltr'><strong>nam,</strong></span> <span class='ocrx_word' id='word_1_437' title='bbox 2070 1327 2124 1372; x_wconf 92' lang='lat' dir='ltr'><strong>ut</strong></span> <span class='ocrx_word' id='word_1_438' title='bbox 2165 1329 2220 1373; x_wconf 92' lang='lat' dir='ltr'><strong>et</strong></span> <span class='ocrx_word' id='word_1_439' title='bbox 2258 1319 2537 1375; x_wconf 81' lang='lat' dir='ltr'><strong>seminans</strong></span> <span class='ocrx_word' id='word_1_440' title='bbox 2570 1320 2731 1374; x_wconf 86' lang='lat' dir='ltr'><strong>simul</strong></span> <span class='ocrx_word' id='word_1_441' title='bbox 2767 1321 3035 1387; x_wconf 78' lang='lat' dir='ltr'><strong>gaudeat,</strong></span> <span class='ocrx_word' id='word_1_442' title='bbox 3064 1330 3119 1376; x_wconf 86' lang='lat' dir='ltr'><strong>et</strong></span> <span class='ocrx_word' id='word_1_443' title='bbox 3154 1334 3366 1377; x_wconf 86' lang='lat' dir='ltr'><strong>metens</strong></span> <span class='ocrx_word' id='word_1_444' title='bbox 3407 1343 3419 1377; x_wconf 91' lang='lat'>:</span> <span class='ocrx_word' id='word_1_445' title='bbox 3460 1342 3479 1373; x_wconf 70' lang='grc' dir='ltr'><strong>ι</strong></span> 
     </span>
    </p>
   </div>
   <div class='ocr_carea' id='block_1_58' title="bbox 1870 1412 3485 1483">
    <p class='ocr_par' dir='ltr' id='par_1_58' title="bbox 1870 1412 3485 1483">
     <span class='ocr_line' id='line_1_58' title="bbox 1870 1412 3485 1483; baseline 0.001 -17"><span class='ocrx_word' id='word_1_446' title='bbox 1870 1413 2015 1483; x_wconf 89' lang='lat' dir='ltr'><strong>quod</strong></span> <span class='ocrx_word' id='word_1_447' title='bbox 2046 1413 2194 1469; x_wconf 90' lang='lat' dir='ltr'><strong>hunc</strong></span> <span class='ocrx_word' id='word_1_448' title='bbox 2218 1428 2442 1467; x_wconf 91' lang='lat' dir='ltr'><strong>sensum</strong></span> <span class='ocrx_word' id='word_1_449' title='bbox 2477 1412 2663 1478; x_wconf 87' lang='lat' dir='ltr'><strong>habet,</strong></span> <span class='ocrx_word' id='word_1_450' title='bbox 2710 1412 3002 1481; x_wconf 63' lang='lat' dir='ltr'><strong>Propheta:</strong></span> <span class='ocrx_word' id='word_1_451' title='bbox 3032 1416 3485 1479; x_wconf 86' lang='lat' dir='ltr'><strong>seminaverunt,</strong></span> 
     </span>
    </p>
   </div>
   <div class='ocr_carea' id='block_1_59' title="bbox 1869 1506 3486 1575">
    <p class='ocr_par' dir='ltr' id='par_1_59' title="bbox 1869 1506 3486 1575">
     <span class='ocr_line' id='line_1_59' title="bbox 1869 1506 3486 1575; baseline 0.001 -16"><span class='ocrx_word' id='word_1_452' title='bbox 1869 1506 1964 1561; x_wconf 90' lang='lat' dir='ltr'><strong>sed</strong></span> <span class='ocrx_word' id='word_1_453' title='bbox 2003 1522 2107 1559; x_wconf 93' lang='lat' dir='ltr'><strong>non</strong></span> <span class='ocrx_word' id='word_1_454' title='bbox 2146 1514 2515 1571; x_wconf 83' lang='lat' dir='ltr'><strong>messueruut,</strong></span> <span class='ocrx_word' id='word_1_455' title='bbox 2566 1520 2741 1575; x_wconf 76' lang='lat' dir='ltr'><strong>neque</strong></span> <span class='ocrx_word' id='word_1_456' title='bbox 2775 1514 3060 1575; x_wconf 74' lang='lat' dir='ltr'><strong>propterea</strong></span> <span class='ocrx_word' id='word_1_457' title='bbox 3115 1506 3317 1575; x_wconf 78' lang='lat' dir='ltr'><strong>privati</strong></span> <span class='ocrx_word' id='word_1_458' title='bbox 3354 1516 3486 1562; x_wconf 89' lang='lat' dir='ltr'><strong>sunt</strong></span> 
     </span>
    </p>
   </div>
   <div class='ocr_carea' id='block_1_60' title="bbox 1869 1595 3490 1669">
    <p class='ocr_par' dir='ltr' id='par_1_60' title="bbox 1869 1595 3490 1669">
     <span class='ocr_line' id='line_1_60' title="bbox 1869 1595 3490 1669; baseline 0.001 -18"><span class='ocrx_word' id='word_1_459' title='bbox 1869 1596 2191 1667; x_wconf 82' lang='lat' dir='ltr'><strong>voluptate,</strong></span> <span class='ocrx_word' id='word_1_460' title='bbox 2241 1597 2335 1651; x_wconf 81' lang='lat' dir='ltr'><strong>sed</strong></span> <span class='ocrx_word' id='word_1_461' title='bbox 2372 1597 2657 1651; x_wconf 84' lang='lat' dir='ltr'><strong>nobiscum</strong></span> <span class='ocrx_word' id='word_1_462' title='bbox 2708 1596 2960 1650; x_wconf 68' lang='lat' dir='ltr'><strong>Iactantur</strong></span> <span class='ocrx_word' id='word_1_463' title='bbox 2991 1595 3067 1669; x_wconf 84' lang='grc' dir='ltr'><strong>(α)</strong></span> <span class='ocrx_word' id='word_1_464' title='bbox 3091 1636 3105 1661; x_wconf 87' lang='grc'><strong>,</strong></span> <span class='ocrx_word' id='word_1_465' title='bbox 3138 1608 3191 1653; x_wconf 91' lang='lat' dir='ltr'><strong>et</strong></span> <span class='ocrx_word' id='word_1_466' title='bbox 3232 1598 3490 1667; x_wconf 82' lang='lat' dir='ltr'><strong>quamvis</strong></span> 
     </span>
    </p>
   </div>
   <div class='ocr_carea' id='block_1_61' title="bbox 1869 1691 3485 1760">
    <p class='ocr_par' dir='ltr' id='par_1_61' title="bbox 1869 1691 3485 1760">
     <span class='ocr_line' id='line_1_61' title="bbox 1869 1691 3485 1760; baseline 0.001 -15"><span class='ocrx_word' id='word_1_467' title='bbox 1869 1692 2159 1746; x_wconf 81' lang='lat' dir='ltr'><strong>nobiscum</strong></span> <span class='ocrx_word' id='word_1_468' title='bbox 2190 1705 2296 1745; x_wconf 91' lang='lat' dir='ltr'><strong>non</strong></span> <span class='ocrx_word' id='word_1_469' title='bbox 2333 1701 2568 1754; x_wconf 84' lang='lat' dir='ltr'><strong>metant,</strong></span> <span class='ocrx_word' id='word_1_470' title='bbox 2605 1692 2656 1745; x_wconf 91' lang='lat' dir='ltr'><strong>id</strong></span> <span class='ocrx_word' id='word_1_471' title='bbox 2688 1691 2832 1760; x_wconf 83' lang='lat' dir='ltr'><strong>quod</strong></span> <span class='ocrx_word' id='word_1_472' title='bbox 2866 1691 2918 1744; x_wconf 92' lang='lat' dir='ltr'><strong>in</strong></span> <span class='ocrx_word' id='word_1_473' title='bbox 2951 1692 3310 1747; x_wconf 88' lang='lat' dir='ltr'><strong>seusibilibus</strong></span> <span class='ocrx_word' id='word_1_474' title='bbox 3340 1707 3485 1747; x_wconf 85' lang='lat' dir='ltr'><strong>mes-</strong></span> 
     </span>
    </p>
   </div>
   <div class='ocr_carea' id='block_1_62' title="bbox 1873 1781 3492 1852">
    <p class='ocr_par' dir='ltr' id='par_1_62' title="bbox 1873 1781 3492 1852">
     <span class='ocr_line' id='line_1_62' title="bbox 1873 1781 3492 1852; baseline 0.001 -14"><span class='ocrx_word' id='word_1_475' title='bbox 1873 1784 2026 1838; x_wconf 83' lang='lat' dir='ltr'><strong>sibus</strong></span> <span class='ocrx_word' id='word_1_476' title='bbox 2077 1798 2181 1838; x_wconf 88' lang='lat' dir='ltr'><strong>non</strong></span> <span class='ocrx_word' id='word_1_477' title='bbox 2211 1793 2315 1837; x_wconf 90' lang='lat' dir='ltr'><strong>est.</strong></span> <span class='ocrx_word' id='word_1_478' title='bbox 2353 1781 2469 1836; x_wconf 89' lang='lat' dir='ltr'><strong>Illic</strong></span> <span class='ocrx_word' id='word_1_479' title='bbox 2505 1782 2651 1835; x_wconf 87' lang='lat' dir='ltr'><strong>enim</strong></span> <span class='ocrx_word' id='word_1_480' title='bbox 2692 1782 2734 1835; x_wconf 88' lang='lat' dir='ltr'><strong>si</strong></span> <span class='ocrx_word' id='word_1_481' title='bbox 2763 1782 3012 1836; x_wconf 80' lang='lat' dir='ltr'><strong>evenerit</strong></span> <span class='ocrx_word' id='word_1_482' title='bbox 3042 1784 3188 1852; x_wconf 92' lang='lat' dir='ltr'><strong>quod</strong></span> <span class='ocrx_word' id='word_1_483' title='bbox 3222 1784 3368 1837; x_wconf 85' lang='lat' dir='ltr'><strong>alius</strong></span> <span class='ocrx_word' id='word_1_484' title='bbox 3400 1798 3492 1839; x_wconf 83' lang='lat' dir='ltr'><strong>se-</strong></span> 
     </span>
    </p>
   </div>
   <div class='ocr_carea' id='block_1_63' title="bbox 1802 1850 3485 1942">
    <p class='ocr_par' dir='ltr' id='par_1_63' title="bbox 1802 1850 3485 1942">
     <span class='ocr_line' id='line_1_63' title="bbox 1802 1850 3485 1942; baseline 0.001 -12"><span class='ocrx_word' id='word_1_485' title='bbox 1802 1850 1845 1909; x_wconf 75' lang='grc' dir='ltr'><strong>Β</strong></span> <span class='ocrx_word' id='word_1_486' title='bbox 1876 1876 2073 1942; x_wconf 88' lang='lat' dir='ltr'><strong>minat,</strong></span> <span class='ocrx_word' id='word_1_487' title='bbox 2108 1884 2165 1930; x_wconf 90' lang='lat' dir='ltr'><strong>et</strong></span> <span class='ocrx_word' id='word_1_488' title='bbox 2200 1875 2341 1929; x_wconf 88' lang='lat' dir='ltr'><strong>alius</strong></span> <span class='ocrx_word' id='word_1_489' title='bbox 2374 1874 2549 1938; x_wconf 90' lang='lat' dir='ltr'><strong>metit,</strong></span> <span class='ocrx_word' id='word_1_490' title='bbox 2585 1874 2809 1929; x_wconf 78' lang='lat' dir='ltr'><strong>triStitia</strong></span> <span class='ocrx_word' id='word_1_491' title='bbox 2840 1885 2923 1929; x_wconf 89' lang='lat' dir='ltr'><strong>est</strong></span> <span class='ocrx_word' id='word_1_492' title='bbox 2968 1890 3075 1929; x_wconf 90' lang='lat' dir='ltr'><strong>non</strong></span> <span class='ocrx_word' id='word_1_493' title='bbox 3122 1877 3374 1931; x_wconf 90' lang='lat' dir='ltr'><strong>metenti.</strong></span> <span class='ocrx_word' id='word_1_494' title='bbox 3428 1878 3485 1932; x_wconf 89' lang='lat' dir='ltr'><strong>In</strong></span> 
     </span>
    </p>
   </div>
   <div class='ocr_carea' id='block_1_64' title="bbox 1876 1968 3488 2039">
    <p class='ocr_par' dir='ltr' id='par_1_64' title="bbox 1876 1968 3488 2039">
     <span class='ocr_line' id='line_1_64' title="bbox 1876 1968 3488 2039; baseline 0.001 -15"><span class='ocrx_word' id='word_1_495' title='bbox 1876 1970 2255 2039; x_wconf 80' lang='lat' dir='ltr'><strong>Spiritualibus</strong></span> <span class='ocrx_word' id='word_1_496' title='bbox 2282 1976 2463 2023; x_wconf 88' lang='lat' dir='ltr'><strong>autem</strong></span> <span class='ocrx_word' id='word_1_497' title='bbox 2504 1983 2613 2021; x_wconf 85' lang='lat' dir='ltr'><strong>non</strong></span> <span class='ocrx_word' id='word_1_498' title='bbox 2648 1969 2751 2034; x_wconf 90' lang='lat' dir='ltr'><strong>sic,</strong></span> <span class='ocrx_word' id='word_1_499' title='bbox 2784 1968 2881 2023; x_wconf 89' lang='lat' dir='ltr'><strong>sed</strong></span> <span class='ocrx_word' id='word_1_500' title='bbox 2917 1979 2969 2023; x_wconf 87' lang='lat' dir='ltr'><strong>et</strong></span> <span class='ocrx_word' id='word_1_501' title='bbox 2998 1972 3279 2038; x_wconf 79' lang='lat' dir='ltr'><strong>pI-Ophet:e</strong></span> <span class='ocrx_word' id='word_1_502' title='bbox 3322 1980 3488 2026; x_wconf 84' lang='lat' dir='ltr'><strong>antea</strong></span> 
     </span>
    </p>
   </div>
   <div class='ocr_carea' id='block_1_65' title="bbox 1874 2062 3483 2134">
    <p class='ocr_par' dir='ltr' id='par_1_65' title="bbox 1874 2062 3483 2134">
     <span class='ocr_line' id='line_1_65' title="bbox 1874 2062 3483 2134; baseline 0.002 -18"><span class='ocrx_word' id='word_1_503' title='bbox 1874 2062 2332 2134; x_wconf 66' lang='lat' dir='ltr'><strong>praedicaverunt,</strong></span> <span class='ocrx_word' id='word_1_504' title='bbox 2363 2071 2414 2116; x_wconf 90' lang='lat' dir='ltr'><strong>et</strong></span> <span class='ocrx_word' id='word_1_505' title='bbox 2443 2062 2907 2131; x_wconf 67' lang='lat' dir='ltr'><strong>praemolliveruut</strong></span> <span class='ocrx_word' id='word_1_506' title='bbox 2935 2063 3214 2117; x_wconf 85' lang='lat' dir='ltr'><strong>hominum</strong></span> <span class='ocrx_word' id='word_1_507' title='bbox 3233 2075 3445 2119; x_wconf 86' lang='lat' dir='ltr'><strong>mentes</strong></span> <span class='ocrx_word' id='word_1_508' title='bbox 3466 2104 3483 2129; x_wconf 90' lang='lat'><strong>,</strong></span> 
     </span>
    </p>
   </div>
   <div class='ocr_carea' id='block_1_66' title="bbox 1876 2154 3484 2226">
    <p class='ocr_par' dir='ltr' id='par_1_66' title="bbox 1876 2154 3484 2226">
     <span class='ocr_line' id='line_1_66' title="bbox 1876 2154 3484 2226; baseline 0 -15"><span class='ocrx_word' id='word_1_509' title='bbox 1876 2157 2019 2211; x_wconf 84' lang='lat' dir='ltr'><strong>unde</strong></span> <span class='ocrx_word' id='word_1_510' title='bbox 2056 2155 2337 2209; x_wconf 75' lang='lat' dir='ltr'><strong>vobiscum</strong></span> <span class='ocrx_word' id='word_1_511' title='bbox 2387 2154 2665 2226; x_wconf 78' lang='lat' dir='ltr'><strong>gaudent,</strong></span> <span class='ocrx_word' id='word_1_512' title='bbox 2706 2156 2796 2223; x_wconf 87' lang='lat' dir='ltr'><strong>qui</strong></span> <span class='ocrx_word' id='word_1_513' title='bbox 2842 2154 3097 2211; x_wconf 85' lang='lat' dir='ltr'><strong>homines</strong></span> <span class='ocrx_word' id='word_1_514' title='bbox 3134 2156 3199 2210; x_wconf 88' lang='lat' dir='ltr'><strong>ad</strong></span> <span class='ocrx_word' id='word_1_515' title='bbox 3249 2156 3484 2212; x_wconf 76' lang='lat' dir='ltr'><strong>salutem</strong></span> 
     </span>
    </p>
   </div>
   <div class='ocr_carea' id='block_1_67' title="bbox 1873 2249 3485 2319">
    <p class='ocr_par' dir='ltr' id='par_1_67' title="bbox 1873 2249 3485 2319">
     <span class='ocr_line' id='line_1_67' title="bbox 1873 2249 3485 2319; baseline 0.002 -16"><span class='ocrx_word' id='word_1_516' title='bbox 1873 2250 2085 2317; x_wconf 75' lang='lat' dir='ltr'><strong>capitis.</strong></span> <span class='ocrx_word' id='word_1_517' title='bbox 2124 2268 2143 2300; x_wconf 85' lang='grc'><strong><em>‹</em></strong></span> <span class='ocrx_word' id='word_1_518' title='bbox 2186 2249 2299 2319; x_wconf 75' lang='lat' dir='ltr'><strong>Ego</strong></span> <span class='ocrx_word' id='word_1_519' title='bbox 2333 2263 2429 2303; x_wconf 88' lang='lat' dir='ltr'><strong>vos</strong></span> <span class='ocrx_word' id='word_1_520' title='bbox 2462 2259 2645 2301; x_wconf 89' lang='lat' dir='ltr'><strong>autem</strong></span> <span class='ocrx_word' id='word_1_521' title='bbox 2685 2250 2806 2305; x_wconf 89' lang='lat' dir='ltr'><strong>misi</strong></span> <span class='ocrx_word' id='word_1_522' title='bbox 2852 2258 2911 2302; x_wconf 91' lang='lat' dir='ltr'><strong>ut</strong></span> <span class='ocrx_word' id='word_1_523' title='bbox 2944 2250 3168 2305; x_wconf 79' lang='lat' dir='ltr'><strong>metatis</strong></span> <span class='ocrx_word' id='word_1_524' title='bbox 3202 2251 3348 2319; x_wconf 90' lang='lat' dir='ltr'><strong>quod</strong></span> <span class='ocrx_word' id='word_1_525' title='bbox 3386 2266 3485 2307; x_wconf 82' lang='lat' dir='ltr'><strong>vos</strong></span> 
     </span>
    </p>
   </div>
   <div class='ocr_carea' id='block_1_68' title="bbox 1874 2341 3489 2409">
    <p class='ocr_par' dir='ltr' id='par_1_68' title="bbox 1874 2341 3489 2409">
     <span class='ocr_line' id='line_1_68' title="bbox 1874 2341 3489 2409; baseline -0.001 -14"><span class='ocrx_word' id='word_1_526' title='bbox 1874 2357 1981 2395; x_wconf 90' lang='lat' dir='ltr'><strong>non</strong></span> <span class='ocrx_word' id='word_1_527' title='bbox 2008 2342 2352 2405; x_wconf 73' lang='lat' dir='ltr'><strong>elaborastis,</strong></span> <span class='ocrx_word' id='word_1_528' title='bbox 2401 2360 2420 2392; x_wconf 72' lang='grc' dir='ltr'><strong>ι</strong></span> <span class='ocrx_word' id='word_1_529' title='bbox 2460 2349 2750 2409; x_wconf 83' lang='lat' dir='ltr'><strong>propterea</strong></span> <span class='ocrx_word' id='word_1_530' title='bbox 2789 2342 2921 2396; x_wconf 89' lang='lat' dir='ltr'><strong>dicit</strong></span> <span class='ocrx_word' id='word_1_531' title='bbox 2951 2341 3234 2409; x_wconf 85' lang='lat' dir='ltr'><strong>Dominus,</strong></span> <span class='ocrx_word' id='word_1_532' title='bbox 3272 2356 3342 2396; x_wconf 87' lang='lat' dir='ltr'><strong>ne</strong></span> <span class='ocrx_word' id='word_1_533' title='bbox 3403 2344 3489 2397; x_wconf 74' lang='lat' dir='ltr'><strong>di-</strong></span> 
     </span>
    </p>
   </div>
   <div class='ocr_carea' id='block_1_69' title="bbox 1873 2434 3486 2505">
    <p class='ocr_par' dir='ltr' id='par_1_69' title="bbox 1873 2434 3486 2505">
     <span class='ocr_line' id='line_1_69' title="bbox 1873 2434 3486 2505; baseline -0.002 -14"><span class='ocrx_word' id='word_1_534' title='bbox 1873 2435 2065 2505; x_wconf 84' lang='lat' dir='ltr'><strong>scipuli</strong></span> <span class='ocrx_word' id='word_1_535' title='bbox 2118 2436 2181 2489; x_wconf 88' lang='lat' dir='ltr'><strong>ad</strong></span> <span class='ocrx_word' id='word_1_536' title='bbox 2214 2434 2665 2505; x_wconf 60' lang='lat' dir='ltr'><strong>praedicationem</strong></span> <span class='ocrx_word' id='word_1_537' title='bbox 2702 2436 2854 2490; x_wconf 91' lang='lat' dir='ltr'><strong>missi</strong></span> <span class='ocrx_word' id='word_1_538' title='bbox 2893 2435 3185 2490; x_wconf 88' lang='lat' dir='ltr'><strong>turbentur</strong></span> <span class='ocrx_word' id='word_1_539' title='bbox 3217 2437 3373 2505; x_wconf 89' lang='lat' dir='ltr'><strong>quasi</strong></span> <span class='ocrx_word' id='word_1_540' title='bbox 3418 2438 3486 2489; x_wconf 88' lang='lat' dir='ltr'><strong>ad</strong></span> 
     </span>
    </p>
   </div>
   <div class='ocr_carea' id='block_1_70' title="bbox 1875 2526 3487 2598">
    <p class='ocr_par' dir='ltr' id='par_1_70' title="bbox 1875 2526 3487 2598">
     <span class='ocr_line' id='line_1_70' title="bbox 1875 2526 3487 2598; baseline -0.001 -15"><span class='ocrx_word' id='word_1_541' title='bbox 1875 2544 1988 2583; x_wconf 87' lang='lat' dir='ltr'><strong>rem</strong></span> <span class='ocrx_word' id='word_1_542' title='bbox 2027 2526 2298 2582; x_wconf 68' lang='lat' dir='ltr'><strong>dimetlem</strong></span> <span class='ocrx_word' id='word_1_543' title='bbox 2333 2546 2345 2581; x_wconf 89' lang='lat'><strong>:</strong></span> <span class='ocrx_word' id='word_1_544' title='bbox 2380 2545 2502 2581; x_wconf 84' lang='lat' dir='ltr'><strong>nam</strong></span> <span class='ocrx_word' id='word_1_545' title='bbox 2536 2529 2683 2597; x_wconf 89' lang='lat' dir='ltr'><strong>quod</strong></span> <span class='ocrx_word' id='word_1_546' title='bbox 2714 2545 3009 2583; x_wconf 86' lang='lat' dir='ltr'><strong>onerosum</strong></span> <span class='ocrx_word' id='word_1_547' title='bbox 3035 2537 3175 2593; x_wconf 85' lang='lat' dir='ltr'><strong>erat,</strong></span> <span class='ocrx_word' id='word_1_548' title='bbox 3202 2528 3487 2598; x_wconf 66' lang='lat' dir='ltr'><strong>propheta</strong></span> 
     </span>
    </p>
   </div>
   <div class='ocr_carea' id='block_1_71' title="bbox 1870 2623 3486 2691">
    <p class='ocr_par' dir='ltr' id='par_1_71' title="bbox 1870 2623 3486 2691">
     <span class='ocr_line' id='line_1_71' title="bbox 1870 2623 3486 2691; baseline -0.001 -15"><span class='ocrx_word' id='word_1_549' title='bbox 1870 2632 2267 2690; x_wconf 79' lang='lat' dir='ltr'><strong>Susceperam;</strong></span> <span class='ocrx_word' id='word_1_550' title='bbox 2308 2636 2405 2677; x_wconf 91' lang='lat' dir='ltr'><strong>vos</strong></span> <span class='ocrx_word' id='word_1_551' title='bbox 2430 2630 2610 2676; x_wconf 85' lang='lat' dir='ltr'><strong>autem</strong></span> <span class='ocrx_word' id='word_1_552' title='bbox 2652 2623 2707 2675; x_wconf 90' lang='lat' dir='ltr'><strong>in</strong></span> <span class='ocrx_word' id='word_1_553' title='bbox 2744 2633 3048 2691; x_wconf 60' lang='lat' dir='ltr'><strong>pra&#39;parata</strong></span> <span class='ocrx_word' id='word_1_554' title='bbox 3078 2623 3381 2675; x_wconf 89' lang='lat' dir='ltr'><strong>mittimini.</strong></span> <span class='ocrx_word' id='word_1_555' title='bbox 3415 2624 3486 2674; x_wconf 82' lang='lat' dir='ltr'><strong>At</strong></span> 
     </span>
    </p>
   </div>
   <div class='ocr_carea' id='block_1_72' title="bbox 1872 2712 3482 2784">
    <p class='ocr_par' dir='ltr' id='par_1_72' title="bbox 1872 2712 3482 2784">
     <span class='ocr_line' id='line_1_72' title="bbox 1872 2712 3482 2784; baseline 0.001 -19"><span class='ocrx_word' id='word_1_556' title='bbox 1872 2726 2180 2765; x_wconf 84' lang='lat' dir='ltr'><strong>sermonem</strong></span> <span class='ocrx_word' id='word_1_557' title='bbox 2212 2728 2398 2767; x_wconf 90' lang='lat' dir='ltr'><strong>verum</strong></span> <span class='ocrx_word' id='word_1_558' title='bbox 2427 2712 2578 2778; x_wconf 79' lang='lat' dir='ltr'><strong>dicit,</strong></span> <span class='ocrx_word' id='word_1_559' title='bbox 2605 2714 2958 2781; x_wconf 86' lang='lat' dir='ltr'><strong>proverbium</strong></span> <span class='ocrx_word' id='word_1_560' title='bbox 2982 2713 3142 2784; x_wconf 80' lang='lat' dir='ltr'><strong>vulgo</strong></span> <span class='ocrx_word' id='word_1_561' title='bbox 3166 2713 3439 2783; x_wconf 70' lang='lat' dir='ltr'><strong>iactatum</strong></span> <span class='ocrx_word' id='word_1_562' title='bbox 3467 2728 3482 2766; x_wconf 90' lang='lat'><strong>:</strong></span> 
     </span>
    </p>
   </div>
   <div class='ocr_carea' id='block_1_73' title="bbox 1878 2807 3485 2888">
    <p class='ocr_par' dir='ltr' id='par_1_73' title="bbox 1878 2807 3485 2888">
     <span class='ocr_line' id='line_1_73' title="bbox 1878 2807 3485 2888; baseline 0.004 -30"><span class='ocrx_word' id='word_1_563' title='bbox 1878 2824 1895 2858; x_wconf 79' lang='grc' dir='ltr'><strong>ι</strong></span> <span class='ocrx_word' id='word_1_564' title='bbox 1950 2808 2101 2862; x_wconf 83' lang='lat' dir='ltr'><strong>Alius</strong></span> <span class='ocrx_word' id='word_1_565' title='bbox 2128 2818 2212 2863; x_wconf 89' lang='lat' dir='ltr'><strong>est</strong></span> <span class='ocrx_word' id='word_1_566' title='bbox 2252 2808 2343 2877; x_wconf 89' lang='lat' dir='ltr'><strong>qui</strong></span> <span class='ocrx_word' id='word_1_567' title='bbox 2387 2809 2645 2888; x_wconf 75' lang='lat' dir='ltr'><strong>seminat,</strong></span> <span class='ocrx_word' id='word_1_568' title='bbox 2680 2819 2735 2863; x_wconf 91' lang='lat' dir='ltr'><strong>et</strong></span> <span class='ocrx_word' id='word_1_569' title='bbox 2782 2808 2924 2863; x_wconf 92' lang='lat' dir='ltr'><strong>alius</strong></span> <span class='ocrx_word' id='word_1_570' title='bbox 2958 2810 3051 2879; x_wconf 91' lang='lat' dir='ltr'><strong>qui</strong></span> <span class='ocrx_word' id='word_1_571' title='bbox 3084 2810 3262 2865; x_wconf 89' lang='lat' dir='ltr'><strong>metit.</strong></span> <span class='ocrx_word' id='word_1_572' title='bbox 3312 2828 3331 2862; x_wconf 72' lang='grc' dir='ltr'><strong>ι</strong></span> <span class='ocrx_word' id='word_1_573' title='bbox 3372 2807 3485 2865; x_wconf 86' lang='lat' dir='ltr'><strong>Ob-</strong></span> 
     </span>
    </p>
   </div>
   <div class='ocr_carea' id='block_1_74' title="bbox 1871 2901 3482 2971">
    <p class='ocr_par' dir='ltr' id='par_1_74' title="bbox 1871 2901 3482 2971">
     <span class='ocr_line' id='line_1_74' title="bbox 1871 2901 3482 2971; baseline 0.001 -17"><span class='ocrx_word' id='word_1_574' title='bbox 1871 2914 2029 2954; x_wconf 85' lang='lat' dir='ltr'><strong>serva</strong></span> <span class='ocrx_word' id='word_1_575' title='bbox 2063 2908 2244 2955; x_wconf 90' lang='lat' dir='ltr'><strong>autem</strong></span> <span class='ocrx_word' id='word_1_576' title='bbox 2278 2902 2553 2971; x_wconf 88' lang='lat' dir='ltr'><strong>quomodo</strong></span> <span class='ocrx_word' id='word_1_577' title='bbox 2582 2901 2766 2956; x_wconf 88' lang='lat' dir='ltr'><strong>omnia</strong></span> <span class='ocrx_word' id='word_1_578' title='bbox 2798 2916 2862 2956; x_wconf 78' lang='lat' dir='ltr'><strong>ex</strong></span> <span class='ocrx_word' id='word_1_579' title='bbox 2898 2902 3232 2958; x_wconf 86' lang='lat' dir='ltr'><strong>auctoritate</strong></span> <span class='ocrx_word' id='word_1_580' title='bbox 3278 2912 3336 2958; x_wconf 90' lang='lat' dir='ltr'><strong>et</strong></span> <span class='ocrx_word' id='word_1_581' title='bbox 3379 2904 3482 2956; x_wconf 87' lang='lat' dir='ltr'><strong>du-</strong></span> 
     </span>
    </p>
   </div>
   <div class='ocr_carea' id='block_1_75' title="bbox 1872 2989 3487 3061">
    <p class='ocr_par' dir='ltr' id='par_1_75' title="bbox 1872 2989 3487 3061">
     <span class='ocr_line' id='line_1_75' title="bbox 1872 2989 3487 3061; baseline 0.004 -18"><span class='ocrx_word' id='word_1_582' title='bbox 1872 2990 2043 3044; x_wconf 91' lang='lat' dir='ltr'><strong>minio</strong></span> <span class='ocrx_word' id='word_1_583' title='bbox 2095 2989 2323 3046; x_wconf 90' lang='lat' dir='ltr'><strong>iudicet.</strong></span> <span class='ocrx_word' id='word_1_584' title='bbox 2363 3008 2382 3041; x_wconf 85' lang='grc'><em>‹</em></span> <span class='ocrx_word' id='word_1_585' title='bbox 2425 2991 2536 3061; x_wconf 80' lang='lat' dir='ltr'><strong>Ego</strong></span> <span class='ocrx_word' id='word_1_586' title='bbox 2572 2992 2694 3045; x_wconf 91' lang='lat' dir='ltr'><strong>misi</strong></span> <span class='ocrx_word' id='word_1_587' title='bbox 2729 3006 2827 3048; x_wconf 84' lang='lat' dir='ltr'><strong>vos</strong></span> <span class='ocrx_word' id='word_1_588' title='bbox 2858 2992 2925 3046; x_wconf 91' lang='lat' dir='ltr'><strong>ad</strong></span> <span class='ocrx_word' id='word_1_589' title='bbox 2963 2993 3295 3048; x_wconf 89' lang='lat' dir='ltr'><strong>metendum.</strong></span> <span class='ocrx_word' id='word_1_590' title='bbox 3326 3011 3346 3045; x_wconf 74' lang='grc' dir='ltr'><strong>ι</strong></span> <span class='ocrx_word' id='word_1_591' title='bbox 3374 2992 3487 3048; x_wconf 85' lang='lat' dir='ltr'><strong>Au-</strong></span> 
     </span>
    </p>
   </div>
   <div class='ocr_carea' id='block_1_76' title="bbox 1872 3081 3481 3151">
    <p class='ocr_par' dir='ltr' id='par_1_76' title="bbox 1872 3081 3481 3151">
     <span class='ocr_line' id='line_1_76' title="bbox 1872 3081 3481 3151; baseline 0.004 -16"><span class='ocrx_word' id='word_1_592' title='bbox 1872 3081 2027 3135; x_wconf 87' lang='lat' dir='ltr'><strong>diant</strong></span> <span class='ocrx_word' id='word_1_593' title='bbox 2061 3081 2335 3137; x_wconf 87' lang='lat' dir='ltr'><strong>maledicti</strong></span> <span class='ocrx_word' id='word_1_594' title='bbox 2364 3082 2704 3139; x_wconf 70' lang='lat' dir='ltr'><strong>Marcionita:</strong></span> <span class='ocrx_word' id='word_1_595' title='bbox 2734 3093 2789 3138; x_wconf 92' lang='lat' dir='ltr'><strong>et</strong></span> <span class='ocrx_word' id='word_1_596' title='bbox 2818 3084 3131 3151; x_wconf 69' lang='lat' dir='ltr'><strong>Manichazi,</strong></span> <span class='ocrx_word' id='word_1_597' title='bbox 3170 3096 3223 3142; x_wconf 91' lang='lat' dir='ltr'><strong>et</strong></span> <span class='ocrx_word' id='word_1_598' title='bbox 3250 3086 3481 3150; x_wconf 85' lang='lat' dir='ltr'><strong>similes.</strong></span> 
     </span>
    </p>
   </div>
   <div class='ocr_carea' id='block_1_77' title="bbox 1870 3172 3480 3245">
    <p class='ocr_par' dir='ltr' id='par_1_77' title="bbox 1870 3172 3480 3245">
     <span class='ocr_line' id='line_1_77' title="bbox 1870 3172 3480 3245; baseline 0.005 -21"><span class='ocrx_word' id='word_1_599' title='bbox 1870 3176 1962 3245; x_wconf 85' lang='lat' dir='ltr'><strong>qui</strong></span> <span class='ocrx_word' id='word_1_600' title='bbox 1998 3174 2167 3229; x_wconf 80' lang='lat' dir='ltr'><strong>Vetus</strong></span> <span class='ocrx_word' id='word_1_601' title='bbox 2213 3172 2630 3229; x_wconf 81' lang='lat' dir='ltr'><strong>Testamentum</strong></span> <span class='ocrx_word' id='word_1_602' title='bbox 2669 3190 2698 3229; x_wconf 91' lang='lat' dir='ltr'><strong>a</strong></span> <span class='ocrx_word' id='word_1_603' title='bbox 2744 3174 2898 3231; x_wconf 82' lang='lat' dir='ltr'><strong>Novo</strong></span> <span class='ocrx_word' id='word_1_604' title='bbox 2933 3177 3248 3233; x_wconf 85' lang='lat' dir='ltr'><strong>abalienant</strong></span> <span class='ocrx_word' id='word_1_605' title='bbox 3296 3195 3314 3234; x_wconf 85' lang='lat'><strong>:</strong></span> <span class='ocrx_word' id='word_1_606' title='bbox 3352 3194 3480 3232; x_wconf 80' lang='lat' dir='ltr'><strong>nam</strong></span> 
     </span>
    </p>
   </div>
   <div class='ocr_carea' id='block_1_78' title="bbox 1867 3268 3485 3339">
    <p class='ocr_par' dir='ltr' id='par_1_78' title="bbox 1867 3268 3485 3339">
     <span class='ocr_line' id='line_1_78' title="bbox 1867 3268 3485 3339; baseline 0.001 -16"><span class='ocrx_word' id='word_1_607' title='bbox 1867 3279 1921 3323; x_wconf 88' lang='lat' dir='ltr'><strong>et</strong></span> <span class='ocrx_word' id='word_1_608' title='bbox 1943 3268 2047 3323; x_wconf 90' lang='lat' dir='ltr'><strong>hoc</strong></span> <span class='ocrx_word' id='word_1_609' title='bbox 2077 3268 2196 3323; x_wconf 93' lang='lat' dir='ltr'><strong>loco</strong></span> <span class='ocrx_word' id='word_1_610' title='bbox 2229 3269 2657 3339; x_wconf 83' lang='lat' dir='ltr'><strong>redarguuntur.</strong></span> <span class='ocrx_word' id='word_1_611' title='bbox 2694 3268 2912 3323; x_wconf 85' lang='lat' dir='ltr'><strong>Etenim</strong></span> <span class='ocrx_word' id='word_1_612' title='bbox 2944 3270 2988 3325; x_wconf 90' lang='lat' dir='ltr'><strong>si</strong></span> <span class='ocrx_word' id='word_1_613' title='bbox 3015 3271 3257 3326; x_wconf 89' lang='lat' dir='ltr'><strong>alienum</strong></span> <span class='ocrx_word' id='word_1_614' title='bbox 3285 3270 3485 3325; x_wconf 81' lang='lat' dir='ltr'><strong>fuisset</strong></span> 
     </span>
    </p>
   </div>
   <div class='ocr_carea' id='block_1_79' title="bbox 1870 3359 3484 3433">
    <p class='ocr_par' dir='ltr' id='par_1_79' title="bbox 1870 3359 3484 3433">
     <span class='ocr_line' id='line_1_79' title="bbox 1870 3359 3484 3433; baseline 0 -18"><span class='ocrx_word' id='word_1_615' title='bbox 1870 3359 2067 3427; x_wconf 79' lang='lat' dir='ltr'><strong>Vetus,</strong></span> <span class='ocrx_word' id='word_1_616' title='bbox 2090 3360 2366 3431; x_wconf 81' lang='lat' dir='ltr'><strong>quomodo</strong></span> <span class='ocrx_word' id='word_1_617' title='bbox 2395 3362 2629 3433; x_wconf 85' lang='lat' dir='ltr'><strong>apostoli</strong></span> <span class='ocrx_word' id='word_1_618' title='bbox 2665 3363 3031 3418; x_wconf 73' lang='lat' dir='ltr'><strong>messuissmit</strong></span> <span class='ocrx_word' id='word_1_619' title='bbox 3053 3378 3118 3418; x_wconf 86' lang='lat' dir='ltr'><strong>ea</strong></span> <span class='ocrx_word' id='word_1_620' title='bbox 3147 3379 3268 3433; x_wconf 70' lang='lat' dir='ltr'><strong>qua:</strong></span> <span class='ocrx_word' id='word_1_621' title='bbox 3300 3380 3329 3418; x_wconf 86' lang='lat' dir='ltr'><strong>a</strong></span> <span class='ocrx_word' id='word_1_622' title='bbox 3359 3379 3484 3433; x_wconf 66' lang='lat' dir='ltr'><strong>pro-</strong></span> 
     </span>
    </p>
   </div>
   <div class='ocr_carea' id='block_1_80' title="bbox 1868 3451 3480 3523">
    <p class='ocr_par' dir='ltr' id='par_1_80' title="bbox 1868 3451 3480 3523">
     <span class='ocr_line' id='line_1_80' title="bbox 1868 3451 3480 3523; baseline 0 -17"><span class='ocrx_word' id='word_1_623' title='bbox 1868 3454 2048 3523; x_wconf 88' lang='lat' dir='ltr'><strong>phetis</strong></span> <span class='ocrx_word' id='word_1_624' title='bbox 2080 3452 2392 3506; x_wconf 87' lang='lat' dir='ltr'><strong>seminata?</strong></span> <span class='ocrx_word' id='word_1_625' title='bbox 2424 3451 2579 3507; x_wconf 88' lang='lat' dir='ltr'><strong>Unde</strong></span> <span class='ocrx_word' id='word_1_626' title='bbox 2613 3456 2740 3521; x_wconf 87' lang='lat' dir='ltr'><strong>quia</strong></span> <span class='ocrx_word' id='word_1_627' title='bbox 2773 3452 3008 3523; x_wconf 90' lang='lat' dir='ltr'><strong>apostoli</strong></span> <span class='ocrx_word' id='word_1_628' title='bbox 3040 3462 3387 3507; x_wconf 79' lang='lat' dir='ltr'><strong>messuerunt</strong></span> <span class='ocrx_word' id='word_1_629' title='bbox 3414 3465 3480 3506; x_wconf 74' lang='lat' dir='ltr'><strong>ea</strong></span> 
     </span>
    </p>
   </div>
   <div class='ocr_carea' id='block_1_81' title="bbox 1866 3542 3482 3615">
    <p class='ocr_par' dir='ltr' id='par_1_81' title="bbox 1866 3542 3482 3615">
     <span class='ocr_line' id='line_1_81' title="bbox 1866 3542 3482 3615; baseline 0 -16"><span class='ocrx_word' id='word_1_630' title='bbox 1866 3560 1988 3615; x_wconf 78' lang='lat' dir='ltr'><strong>qua:</strong></span> <span class='ocrx_word' id='word_1_631' title='bbox 2012 3547 2064 3599; x_wconf 93' lang='lat' dir='ltr'><strong>in</strong></span> <span class='ocrx_word' id='word_1_632' title='bbox 2089 3542 2299 3609; x_wconf 82' lang='lat' dir='ltr'><strong>Veteri,</strong></span> <span class='ocrx_word' id='word_1_633' title='bbox 2327 3560 2433 3601; x_wconf 90' lang='lat' dir='ltr'><strong>non</strong></span> <span class='ocrx_word' id='word_1_634' title='bbox 2466 3544 2702 3598; x_wconf 88' lang='lat' dir='ltr'><strong>alienum</strong></span> <span class='ocrx_word' id='word_1_635' title='bbox 2732 3555 2815 3599; x_wconf 91' lang='lat' dir='ltr'><strong>est</strong></span> <span class='ocrx_word' id='word_1_636' title='bbox 2837 3544 3014 3613; x_wconf 91' lang='lat' dir='ltr'><strong>ipsum</strong></span> <span class='ocrx_word' id='word_1_637' title='bbox 3046 3560 3077 3598; x_wconf 84' lang='lat' dir='ltr'><strong>a</strong></span> <span class='ocrx_word' id='word_1_638' title='bbox 3103 3542 3257 3599; x_wconf 85' lang='lat' dir='ltr'><strong>Novo</strong></span> <span class='ocrx_word' id='word_1_639' title='bbox 3288 3542 3482 3599; x_wconf 86' lang='lat' dir='ltr'><strong>Testa-</strong></span> 
     </span>
    </p>
   </div>
   <div class='ocr_carea' id='block_1_82' title="bbox 1870 3637 3482 3707">
    <p class='ocr_par' dir='ltr' id='par_1_82' title="bbox 1870 3637 3482 3707">
     <span class='ocr_line' id='line_1_82' title="bbox 1870 3637 3482 3707; baseline 0.001 -17"><span class='ocrx_word' id='word_1_640' title='bbox 1870 3650 2055 3694; x_wconf 91' lang='lat' dir='ltr'><strong>mento</strong></span> <span class='ocrx_word' id='word_1_641' title='bbox 2078 3677 2095 3703; x_wconf 92' lang='lat'><strong>,</strong></span> <span class='ocrx_word' id='word_1_642' title='bbox 2130 3639 2224 3694; x_wconf 84' lang='lat' dir='ltr'><strong>sed</strong></span> <span class='ocrx_word' id='word_1_643' title='bbox 2258 3647 2491 3707; x_wconf 85' lang='lat' dir='ltr'><strong>utraque</strong></span> <span class='ocrx_word' id='word_1_644' title='bbox 2519 3653 2687 3690; x_wconf 89' lang='lat' dir='ltr'><strong>unum</strong></span> <span class='ocrx_word' id='word_1_645' title='bbox 2720 3645 2873 3691; x_wconf 89' lang='lat' dir='ltr'><strong>sunt.</strong></span> <span class='ocrx_word' id='word_1_646' title='bbox 2901 3637 3142 3691; x_wconf 84' lang='lat' dir='ltr'><strong>Audiant</strong></span> <span class='ocrx_word' id='word_1_647' title='bbox 3175 3647 3227 3692; x_wconf 89' lang='lat' dir='ltr'><strong>et</strong></span> <span class='ocrx_word' id='word_1_648' title='bbox 3260 3638 3482 3705; x_wconf 86' lang='lat' dir='ltr'><strong>Ariani,</strong></span> 
     </span>
    </p>
   </div>
   <div class='ocr_carea' id='block_1_83' title="bbox 1868 3728 3485 3802">
    <p class='ocr_par' dir='ltr' id='par_1_83' title="bbox 1868 3728 3485 3802">
     <span class='ocr_line' id='line_1_83' title="bbox 1868 3728 3485 3802; baseline 0.001 -17"><span class='ocrx_word' id='word_1_649' title='bbox 1868 3731 2146 3802; x_wconf 86' lang='lat' dir='ltr'><strong>quomodo</strong></span> <span class='ocrx_word' id='word_1_650' title='bbox 2191 3741 2453 3799; x_wconf 86' lang='lat' dir='ltr'><strong>tanquam</strong></span> <span class='ocrx_word' id='word_1_651' title='bbox 2492 3728 2758 3784; x_wconf 85' lang='lat' dir='ltr'><strong>Dominus</strong></span> <span class='ocrx_word' id='word_1_652' title='bbox 2798 3739 2855 3784; x_wconf 88' lang='lat' dir='ltr'><strong>et</strong></span> <span class='ocrx_word' id='word_1_653' title='bbox 2898 3738 3233 3801; x_wconf 85' lang='lat' dir='ltr'><strong>potestatem</strong></span> <span class='ocrx_word' id='word_1_654' title='bbox 3272 3732 3485 3787; x_wconf 84' lang='lat' dir='ltr'><strong>habens</strong></span> 
     </span>
    </p>
   </div>
   <div class='ocr_carea' id='block_1_84' title="bbox 1868 3821 3484 3893">
    <p class='ocr_par' dir='ltr' id='par_1_84' title="bbox 1868 3821 3484 3893">
     <span class='ocr_line' id='line_1_84' title="bbox 1868 3821 3484 3893; baseline -0.002 -12"><span class='ocrx_word' id='word_1_655' title='bbox 1868 3829 2049 3881; x_wconf 85' lang='lat' dir='ltr'><strong>mittat</strong></span> <span class='ocrx_word' id='word_1_656' title='bbox 2096 3825 2418 3893; x_wconf 82' lang='lat' dir='ltr'><strong>discipulos.</strong></span> <span class='ocrx_word' id='word_1_657' title='bbox 2462 3821 2626 3878; x_wconf 78' lang='lat' dir='ltr'><strong>Mittit</strong></span> <span class='ocrx_word' id='word_1_658' title='bbox 2657 3832 2840 3875; x_wconf 84' lang='lat' dir='ltr'><strong>autem</strong></span> <span class='ocrx_word' id='word_1_659' title='bbox 2877 3830 2935 3876; x_wconf 92' lang='lat' dir='ltr'><strong>ut</strong></span> <span class='ocrx_word' id='word_1_660' title='bbox 2970 3823 3037 3878; x_wconf 88' lang='lat' dir='ltr'><strong>de</strong></span> <span class='ocrx_word' id='word_1_661' title='bbox 3075 3822 3311 3892; x_wconf 80' lang='lat' dir='ltr'><strong>terrenis</strong></span> <span class='ocrx_word' id='word_1_662' title='bbox 3366 3838 3484 3879; x_wconf 86' lang='lat' dir='ltr'><strong>me-</strong></span> 
     </span>
    </p>
   </div>
   <div class='ocr_carea' id='block_1_85' title="bbox 1872 3914 3483 3987">
    <p class='ocr_par' dir='ltr' id='par_1_85' title="bbox 1872 3914 3483 3987">
     <span class='ocr_line' id='line_1_85' title="bbox 1872 3914 3483 3987; baseline -0.004 -11"><span class='ocrx_word' id='word_1_663' title='bbox 1872 3930 1989 3977; x_wconf 89' lang='lat' dir='ltr'><strong>tant</strong></span> <span class='ocrx_word' id='word_1_664' title='bbox 2020 3929 2075 3974; x_wconf 89' lang='lat' dir='ltr'><strong>et</strong></span> <span class='ocrx_word' id='word_1_665' title='bbox 2103 3927 2369 3973; x_wconf 76' lang='lat' dir='ltr'><strong>exsecent</strong></span> <span class='ocrx_word' id='word_1_666' title='bbox 2413 3932 2508 3972; x_wconf 89' lang='lat' dir='ltr'><strong>eos</strong></span> <span class='ocrx_word' id='word_1_667' title='bbox 2542 3916 2635 3987; x_wconf 88' lang='lat' dir='ltr'><strong>qui</strong></span> <span class='ocrx_word' id='word_1_668' title='bbox 2672 3915 2912 3971; x_wconf 84' lang='lat' dir='ltr'><strong>terrenis</strong></span> <span class='ocrx_word' id='word_1_669' title='bbox 2956 3914 3099 3970; x_wconf 69' lang='grc' dir='ltr'><strong>θαίκί</strong></span> <span class='ocrx_word' id='word_1_670' title='bbox 3133 3926 3328 3982; x_wconf 88' lang='lat' dir='ltr'><strong>erant,</strong></span> <span class='ocrx_word' id='word_1_671' title='bbox 3374 3925 3483 3971; x_wconf 84' lang='lat' dir='ltr'><strong>tam</strong></span> 
     </span>
    </p>
   </div>
   <div class='ocr_carea' id='block_1_86' title="bbox 1868 4008 3482 4084">
    <p class='ocr_par' dir='ltr' id='par_1_86' title="bbox 1868 4008 3482 4084">
     <span class='ocr_line' id='line_1_86' title="bbox 1868 4008 3482 4084; baseline -0.003 -16"><span class='ocrx_word' id='word_1_672' title='bbox 1868 4013 2100 4084; x_wconf 75' lang='lat' dir='ltr'><strong>gentiles</strong></span> <span class='ocrx_word' id='word_1_673' title='bbox 2141 4028 2307 4082; x_wconf 90' lang='lat' dir='ltr'><strong>quam</strong></span> <span class='ocrx_word' id='word_1_674' title='bbox 2334 4010 2573 4072; x_wconf 67' lang='lat' dir='ltr'><strong>ludat-os,</strong></span> <span class='ocrx_word' id='word_1_675' title='bbox 2620 4011 2994 4079; x_wconf 90' lang='lat' dir='ltr'><strong>invehantque</strong></span> <span class='ocrx_word' id='word_1_676' title='bbox 3040 4008 3161 4065; x_wconf 89' lang='lat' dir='ltr'><strong>illos</strong></span> <span class='ocrx_word' id='word_1_677' title='bbox 3192 4008 3245 4063; x_wconf 92' lang='lat' dir='ltr'><strong>iu</strong></span> <span class='ocrx_word' id='word_1_678' title='bbox 3272 4024 3482 4075; x_wconf 88' lang='lat' dir='ltr'><strong>aream,</strong></span> 
     </span>
    </p>
   </div>
   <div class='ocr_carea' id='block_1_87' title="bbox 1870 4102 3480 4173">
    <p class='ocr_par' dir='ltr' id='par_1_87' title="bbox 1870 4102 3480 4173">
     <span class='ocr_line' id='line_1_87' title="bbox 1870 4102 3480 4173; baseline -0.002 -10"><span class='ocrx_word' id='word_1_679' title='bbox 1870 4107 2175 4163; x_wconf 75' lang='lat' dir='ltr'><strong>Ecclesium</strong></span> <span class='ocrx_word' id='word_1_680' title='bbox 2209 4107 2354 4172; x_wconf 90' lang='lat' dir='ltr'><strong>dico,</strong></span> <span class='ocrx_word' id='word_1_681' title='bbox 2394 4107 2447 4159; x_wconf 89' lang='lat' dir='ltr'><strong>in</strong></span> <span class='ocrx_word' id='word_1_682' title='bbox 2478 4121 2581 4173; x_wconf 84' lang='lat' dir='ltr'><strong>qua</strong></span> <span class='ocrx_word' id='word_1_683' title='bbox 2624 4104 3025 4159; x_wconf 79' lang='lat' dir='ltr'><strong>conculceutur</strong></span> <span class='ocrx_word' id='word_1_684' title='bbox 3052 4118 3081 4157; x_wconf 88' lang='lat' dir='ltr'><strong>a</strong></span> <span class='ocrx_word' id='word_1_685' title='bbox 3115 4102 3289 4158; x_wconf 87' lang='lat' dir='ltr'><strong>bobus</strong></span> <span class='ocrx_word' id='word_1_686' title='bbox 3315 4145 3331 4171; x_wconf 87' lang='lat'><strong>,</strong></span> <span class='ocrx_word' id='word_1_687' title='bbox 3373 4103 3480 4160; x_wconf 84' lang='lat' dir='ltr'><strong>hoc</strong></span> 
     </span>
    </p>
   </div>
   <div class='ocr_carea' id='block_1_88' title="bbox 1869 4196 3481 4267">
    <p class='ocr_par' dir='ltr' id='par_1_88' title="bbox 1869 4196 3481 4267">
     <span class='ocr_line' id='line_1_88' title="bbox 1869 4196 3481 4267; baseline -0.004 -11"><span class='ocrx_word' id='word_1_688' title='bbox 1869 4210 1953 4256; x_wconf 90' lang='lat' dir='ltr'><strong>est</strong></span> <span class='ocrx_word' id='word_1_689' title='bbox 2013 4198 2365 4263; x_wconf 73' lang='lat' dir='ltr'><strong>doctoribus;</strong></span> <span class='ocrx_word' id='word_1_690' title='bbox 2402 4208 2455 4253; x_wconf 90' lang='lat' dir='ltr'><strong>et</strong></span> <span class='ocrx_word' id='word_1_691' title='bbox 2482 4196 2704 4267; x_wconf 83' lang='lat' dir='ltr'><strong>jaceaut</strong></span> <span class='ocrx_word' id='word_1_692' title='bbox 2745 4198 2848 4251; x_wconf 92' lang='lat' dir='ltr'><strong>sub</strong></span> <span class='ocrx_word' id='word_1_693' title='bbox 2886 4196 2993 4253; x_wconf 88' lang='lat' dir='ltr'><strong>illis</strong></span> <span class='ocrx_word' id='word_1_694' title='bbox 3023 4210 3089 4250; x_wconf 86' lang='lat' dir='ltr'><strong>ac</strong></span> <span class='ocrx_word' id='word_1_695' title='bbox 3126 4197 3481 4261; x_wconf 86' lang='lat' dir='ltr'><strong>triturentur,</strong></span> 
     </span>
    </p>
   </div>
   <div class='ocr_carea' id='block_1_89' title="bbox 1868 4290 3475 4362">
    <p class='ocr_par' dir='ltr' id='par_1_89' title="bbox 1868 4290 3475 4362">
     <span class='ocr_line' id='line_1_89' title="bbox 1868 4290 3475 4362; baseline -0.004 -12"><span class='ocrx_word' id='word_1_696' title='bbox 1868 4311 1991 4350; x_wconf 90' lang='lat' dir='ltr'><strong>cum</strong></span> <span class='ocrx_word' id='word_1_697' title='bbox 2017 4307 2221 4347; x_wconf 82' lang='lat' dir='ltr'><strong>omnes</strong></span> <span class='ocrx_word' id='word_1_698' title='bbox 2244 4292 2452 4362; x_wconf 88' lang='lat' dir='ltr'><strong>paleas,</strong></span> <span class='ocrx_word' id='word_1_699' title='bbox 2488 4300 2543 4346; x_wconf 89' lang='lat' dir='ltr'><strong>et</strong></span> <span class='ocrx_word' id='word_1_700' title='bbox 2595 4290 2737 4361; x_wconf 83' lang='lat' dir='ltr'><strong>ignis</strong></span> <span class='ocrx_word' id='word_1_701' title='bbox 2786 4290 3031 4344; x_wconf 83' lang='lat' dir='ltr'><strong>fomitem</strong></span> <span class='ocrx_word' id='word_1_702' title='bbox 3060 4327 3075 4351; x_wconf 89' lang='lat'><strong>,</strong></span> <span class='ocrx_word' id='word_1_703' title='bbox 3114 4297 3170 4344; x_wconf 89' lang='lat' dir='ltr'><strong>et</strong></span> <span class='ocrx_word' id='word_1_704' title='bbox 3206 4290 3475 4361; x_wconf 86' lang='lat' dir='ltr'><strong>quidquid</strong></span> 
     </span>
    </p>
   </div>
   <div class='ocr_carea' id='block_1_90' title="bbox 1869 4382 3482 4455">
    <p class='ocr_par' dir='ltr' id='par_1_90' title="bbox 1869 4382 3482 4455">
     <span class='ocr_line' id='line_1_90' title="bbox 1869 4382 3482 4455; baseline -0.002 -12"><span class='ocrx_word' id='word_1_705' title='bbox 1869 4387 2126 4443; x_wconf 70' lang='lat' dir='ltr'><strong>caincum</strong></span> <span class='ocrx_word' id='word_1_706' title='bbox 2161 4397 2264 4451; x_wconf 91' lang='lat' dir='ltr'><strong>est,</strong></span> <span class='ocrx_word' id='word_1_707' title='bbox 2304 4385 2625 4455; x_wconf 85' lang='lat' dir='ltr'><strong>abjecerint,</strong></span> <span class='ocrx_word' id='word_1_708' title='bbox 2654 4392 2708 4439; x_wconf 86' lang='lat' dir='ltr'><strong>et</strong></span> <span class='ocrx_word' id='word_1_709' title='bbox 2739 4382 2870 4438; x_wconf 82' lang='lat' dir='ltr'><strong>facti</strong></span> <span class='ocrx_word' id='word_1_710' title='bbox 2907 4398 3041 4452; x_wconf 85' lang='lat' dir='ltr'><strong>pura</strong></span> <span class='ocrx_word' id='word_1_711' title='bbox 3080 4398 3253 4453; x_wconf 83' lang='lat' dir='ltr'><strong>grana</strong></span> <span class='ocrx_word' id='word_1_712' title='bbox 3282 4383 3336 4438; x_wconf 89' lang='lat' dir='ltr'><strong>in</strong></span> <span class='ocrx_word' id='word_1_713' title='bbox 3362 4398 3482 4440; x_wconf 70' lang='lat' dir='ltr'><strong>cu:-</strong></span> 
     </span>
    </p>
   </div>
   <div class='ocr_carea' id='block_1_91' title="bbox 1870 4476 3482 4548">
    <p class='ocr_par' dir='ltr' id='par_1_91' title="bbox 1870 4476 3482 4548">
     <span class='ocr_line' id='line_1_91' title="bbox 1870 4476 3482 4548; baseline -0.002 -13"><span class='ocrx_word' id='word_1_714' title='bbox 1870 4480 1992 4535; x_wconf 85' lang='lat' dir='ltr'><strong>lesti</strong></span> <span class='ocrx_word' id='word_1_715' title='bbox 2032 4494 2171 4548; x_wconf 91' lang='lat' dir='ltr'><strong>penu</strong></span> <span class='ocrx_word' id='word_1_716' title='bbox 2220 4486 2581 4548; x_wconf 70' lang='lat' dir='ltr'><strong>reponantur,</strong></span> <span class='ocrx_word' id='word_1_717' title='bbox 2619 4490 2683 4529; x_wconf 86' lang='lat' dir='ltr'><strong>ac</strong></span> <span class='ocrx_word' id='word_1_718' title='bbox 2733 4476 2931 4529; x_wconf 89' lang='lat' dir='ltr'><strong>deinde</strong></span> <span class='ocrx_word' id='word_1_719' title='bbox 2972 4476 3131 4530; x_wconf 87' lang='lat' dir='ltr'><strong>cibus</strong></span> <span class='ocrx_word' id='word_1_720' title='bbox 3178 4477 3311 4530; x_wconf 76' lang='lat' dir='ltr'><strong>[iant</strong></span> <span class='ocrx_word' id='word_1_721' title='bbox 3362 4477 3482 4541; x_wconf 86' lang='lat' dir='ltr'><strong>Dei,</strong></span> 
     </span>
    </p>
   </div>
   <div class='ocr_carea' id='block_1_92' title="bbox 173 4564 1763 4642">
    <p class='ocr_par' dir='ltr' id='par_1_92' title="bbox 173 4567 1762 4639">
     <span class='ocr_line' id='line_1_92' title="bbox 173 4567 1762 4639; baseline 0.001 -16"><span class='ocrx_word' id='word_1_722' title='bbox 173 4567 433 4623; x_wconf 78' lang='grc' dir='ltr'>ἁλοῦσθαι</span> <span class='ocrx_word' id='word_1_723' title='bbox 457 4569 609 4639; x_wconf 84' lang='grc' dir='ltr'><strong>παρά</strong></span> <span class='ocrx_word' id='word_1_724' title='bbox 630 4568 736 4620; x_wconf 84' lang='grc' dir='ltr'><strong>τῶν</strong></span> <span class='ocrx_word' id='word_1_725' title='bbox 771 4568 931 4637; x_wconf 74' lang='grc' dir='ltr'>βοῶν,</span> <span class='ocrx_word' id='word_1_726' title='bbox 1003 4568 1208 4621; x_wconf 66' lang='grc' dir='ltr'>συτέστι</span> <span class='ocrx_word' id='word_1_727' title='bbox 1262 4570 1371 4623; x_wconf 90' lang='grc' dir='ltr'><strong>τῶν</strong></span> <span class='ocrx_word' id='word_1_728' title='bbox 1398 4572 1762 4639; x_wconf 82' lang='grc' dir='ltr'>διδασκάλων,</span> 
     </span>
    </p>
   </div>
   <div class='ocr_carea' id='block_1_93' title="bbox 1874 4564 3487 4642">
    <p class='ocr_par' dir='ltr' id='par_1_93' title="bbox 1874 4564 3487 4642">
     <span class='ocr_line' id='line_1_93' title="bbox 1874 4564 3487 4642; baseline -0.001 -17"><span class='ocrx_word' id='word_1_729' title='bbox 1874 4572 1964 4642; x_wconf 86' lang='lat' dir='ltr'><strong>qui</strong></span> <span class='ocrx_word' id='word_1_730' title='bbox 2000 4570 2205 4641; x_wconf 84' lang='lat' dir='ltr'><strong>gaudet</strong></span> <span class='ocrx_word' id='word_1_731' title='bbox 2251 4570 2303 4623; x_wconf 92' lang='lat' dir='ltr'><strong>in</strong></span> <span class='ocrx_word' id='word_1_732' title='bbox 2352 4568 2533 4623; x_wconf 84' lang='lat' dir='ltr'><strong>salute</strong></span> <span class='ocrx_word' id='word_1_733' title='bbox 2560 4582 2774 4621; x_wconf 82' lang='lat' dir='ltr'><strong>eorum.</strong></span> <span class='ocrx_word' id='word_1_734' title='bbox 2810 4565 2889 4620; x_wconf 87' lang='lat' dir='ltr'><strong>lta</strong></span> <span class='ocrx_word' id='word_1_735' title='bbox 2922 4564 3127 4621; x_wconf 87' lang='lat' dir='ltr'><strong>Paulus</strong></span> <span class='ocrx_word' id='word_1_736' title='bbox 3158 4568 3410 4636; x_wconf 87' lang='lat' dir='ltr'><strong>messuit,</strong></span> <span class='ocrx_word' id='word_1_737' title='bbox 3456 4584 3487 4623; x_wconf 70' lang='grc' dir='ltr'><strong>α</strong></span> 
     </span>
    </p>
   </div>
   <div class='ocr_carea' id='block_1_94' title="bbox 172 4659 1763 4736">
    <p class='ocr_par' dir='ltr' id='par_1_94' title="bbox 172 4660 1763 4736">
     <span class='ocr_line' id='line_1_94' title="bbox 172 4660 1763 4736; baseline 0.003 -23"><span class='ocrx_word' id='word_1_738' title='bbox 172 4664 266 4715; x_wconf 72' lang='grc' dir='ltr'><strong>καὶ</strong></span> <span class='ocrx_word' id='word_1_739' title='bbox 303 4662 624 4714; x_wconf 79' lang='grc' dir='ltr'>ὑποκεῖσθαι</span> <span class='ocrx_word' id='word_1_740' title='bbox 660 4662 865 4725; x_wconf 76' lang='grc' dir='ltr'>αὐτοῖς,</span> <span class='ocrx_word' id='word_1_741' title='bbox 895 4660 1193 4732; x_wconf 78' lang='grc' dir='ltr'>τρίϐονται,</span> <span class='ocrx_word' id='word_1_742' title='bbox 1228 4662 1322 4714; x_wconf 72' lang='grc' dir='ltr'>καὶ</span> <span class='ocrx_word' id='word_1_743' title='bbox 1360 4664 1470 4716; x_wconf 82' lang='grc' dir='ltr'><strong>πᾶν</strong></span> <span class='ocrx_word' id='word_1_744' title='bbox 1513 4666 1763 4736; x_wconf 69' lang='grc' dir='ltr'>ἀσχυρῶε</span> 
     </span>
    </p>
   </div>
   <div class='ocr_carea' id='block_1_95' title="bbox 1874 4659 3489 4736">
    <p class='ocr_par' dir='ltr' id='par_1_95' title="bbox 1875 4659 3489 4730">
     <span class='ocr_line' id='line_1_95' title="bbox 1875 4659 3489 4730; baseline -0.003 -10"><span class='ocrx_word' id='word_1_745' title='bbox 1875 4659 2021 4721; x_wconf 68' lang='lat' dir='ltr'><strong>terra</strong></span> <span class='ocrx_word' id='word_1_746' title='bbox 2071 4667 2365 4726; x_wconf 86' lang='lat' dir='ltr'><strong>re‘secaus,</strong></span> <span class='ocrx_word' id='word_1_747' title='bbox 2400 4672 2456 4715; x_wconf 91' lang='lat' dir='ltr'><strong>et</strong></span> <span class='ocrx_word' id='word_1_748' title='bbox 2505 4662 2709 4715; x_wconf 86' lang='lat' dir='ltr'><strong>docens</strong></span> <span class='ocrx_word' id='word_1_749' title='bbox 2764 4675 2891 4714; x_wconf 90' lang='lat' dir='ltr'><strong>nos-</strong></span> <span class='ocrx_word' id='word_1_750' title='bbox 2925 4660 3069 4729; x_wconf 91' lang='lat' dir='ltr'><strong>quod</strong></span> <span class='ocrx_word' id='word_1_751' title='bbox 3114 4661 3489 4730; x_wconf 84' lang='lat' dir='ltr'><strong>municipatus</strong></span> 
     </span>
    </p>
   </div>
   <div class='ocr_carea' id='block_1_96' title="bbox 170 4752 1763 4827">
    <p class='ocr_par' dir='ltr' id='par_1_96' title="bbox 170 4754 1763 4827">
     <span class='ocr_line' id='line_1_96' title="bbox 170 4754 1763 4827; baseline 0.003 -20"><span class='ocrx_word' id='word_1_752' title='bbox 170 4757 276 4819; x_wconf 84' lang='grc' dir='ltr'>δες,</span> <span class='ocrx_word' id='word_1_753' title='bbox 299 4757 392 4809; x_wconf 77' lang='grc' dir='ltr'>καὶ</span> <span class='ocrx_word' id='word_1_754' title='bbox 419 4773 482 4807; x_wconf 87' lang='grc' dir='ltr'><strong>σα</strong></span> <span class='ocrx_word' id='word_1_755' title='bbox 494 4756 701 4824; x_wconf 77' lang='grc' dir='ltr'>ρκικὸν,</span> <span class='ocrx_word' id='word_1_756' title='bbox 730 4754 825 4807; x_wconf 73' lang='grc' dir='ltr'>καὶ</span> <span class='ocrx_word' id='word_1_757' title='bbox 850 4756 942 4807; x_wconf 74' lang='grc' dir='ltr'>τοῦ</span> <span class='ocrx_word' id='word_1_758' title='bbox 966 4755 1143 4823; x_wconf 75' lang='grc' dir='ltr'>πυρὸς</span> <span class='ocrx_word' id='word_1_759' title='bbox 1165 4756 1502 4827; x_wconf 86' lang='grc' dir='ltr'>ὑπέγκαυμα</span> <span class='ocrx_word' id='word_1_760' title='bbox 1526 4758 1763 4812; x_wconf 77' lang='grc' dir='ltr'>ἀποϐαλ-</span> 
     </span>
    </p>
   </div>
   <div class='ocr_carea' id='block_1_97' title="bbox 1874 4752 3489 4827">
    <p class='ocr_par' dir='ltr' id='par_1_97' title="bbox 1880 4752 3489 4821">
     <span class='ocr_line' id='line_1_97' title="bbox 1880 4752 3489 4821; baseline -0.003 -9"><span class='ocrx_word' id='word_1_761' title='bbox 1880 4767 2067 4812; x_wconf 84' lang='lat' dir='ltr'><strong>noster</strong></span> <span class='ocrx_word' id='word_1_762' title='bbox 2094 4755 2149 4809; x_wconf 91' lang='lat' dir='ltr'><strong>in</strong></span> <span class='ocrx_word' id='word_1_763' title='bbox 2176 4754 2333 4810; x_wconf 67' lang='lat' dir='ltr'><strong>cmlis</strong></span> <span class='ocrx_word' id='word_1_764' title='bbox 2358 4755 2430 4808; x_wconf 86' lang='lat' dir='ltr'><strong>sit</strong></span> <span class='ocrx_word' id='word_1_765' title='bbox 2460 4753 2529 4807; x_wconf 85' lang='grc'><strong>¹⁰.</strong></span> <span class='ocrx_word' id='word_1_766' title='bbox 2555 4752 2897 4806; x_wconf 84' lang='lat' dir='ltr'><strong>Cavillantur</strong></span> <span class='ocrx_word' id='word_1_767' title='bbox 2921 4761 3102 4806; x_wconf 88' lang='lat' dir='ltr'><strong>autem</strong></span> <span class='ocrx_word' id='word_1_768' title='bbox 3127 4753 3348 4821; x_wconf 86' lang='lat' dir='ltr'><strong>quidam</strong></span> <span class='ocrx_word' id='word_1_769' title='bbox 3386 4754 3489 4807; x_wconf 88' lang='lat' dir='ltr'><strong>huc</strong></span> 
     </span>
    </p>
   </div>
   <div class='ocr_carea' id='block_1_98' title="bbox 172 4844 1763 4923">
    <p class='ocr_par' dir='ltr' id='par_1_98' title="bbox 172 4847 1763 4923">
     <span class='ocr_line' id='line_1_98' title="bbox 172 4847 1763 4923; baseline 0.006 -25"><span class='ocrx_word' id='word_1_770' title='bbox 172 4850 420 4918; x_wconf 80' lang='grc' dir='ltr'>λὸμενοι,</span> <span class='ocrx_word' id='word_1_771' title='bbox 460 4848 694 4918; x_wconf 79' lang='grc' dir='ltr'>καθαροὶ</span> <span class='ocrx_word' id='word_1_772' title='bbox 730 4847 922 4900; x_wconf 79' lang='grc' dir='ltr'>κόκκοι</span> <span class='ocrx_word' id='word_1_773' title='bbox 958 4851 1024 4917; x_wconf 83' lang='grc' dir='ltr'>τῇ</span> <span class='ocrx_word' id='word_1_774' title='bbox 1063 4848 1305 4919; x_wconf 75' lang='grc' dir='ltr'>οὐρανίῳ</span> <span class='ocrx_word' id='word_1_775' title='bbox 1372 4850 1632 4923; x_wconf 76' lang='grc' dir='ltr'>ἀποθήκη</span> <span class='ocrx_word' id='word_1_776' title='bbox 1680 4855 1763 4907; x_wconf 85' lang='grc' dir='ltr'><strong>ὲν-</strong></span> 
     </span>
    </p>
   </div>
   <div class='ocr_carea' id='block_1_99' title="bbox 1874 4844 3493 4923">
    <p class='ocr_par' dir='ltr' id='par_1_99' title="bbox 1880 4844 3493 4918">
     <span class='ocr_line' id='line_1_99' title="bbox 1880 4844 3493 4918; baseline -0.004 -12"><span class='ocrx_word' id='word_1_777' title='bbox 1880 4852 2026 4906; x_wconf 85' lang='lat' dir='ltr'><strong>dicto</strong></span> <span class='ocrx_word' id='word_1_778' title='bbox 2064 4850 2242 4918; x_wconf 90' lang='lat' dir='ltr'><strong>lepide</strong></span> <span class='ocrx_word' id='word_1_779' title='bbox 2276 4862 2471 4910; x_wconf 82' lang='lat' dir='ltr'><strong>senes,</strong></span> <span class='ocrx_word' id='word_1_780' title='bbox 2520 4844 2693 4899; x_wconf 86' lang='lat' dir='ltr'><strong>videri</strong></span> <span class='ocrx_word' id='word_1_781' title='bbox 2733 4846 2987 4913; x_wconf 85' lang='lat' dir='ltr'><strong>regiones</strong></span> <span class='ocrx_word' id='word_1_782' title='bbox 3022 4844 3169 4913; x_wconf 92' lang='lat' dir='ltr'><strong>quod</strong></span> <span class='ocrx_word' id='word_1_783' title='bbox 3205 4844 3343 4899; x_wconf 69' lang='lat' dir='ltr'><strong>albae</strong></span> <span class='ocrx_word' id='word_1_784' title='bbox 3379 4844 3493 4899; x_wconf 85' lang='lat' dir='ltr'><strong>sint</strong></span> 
     </span>
    </p>
   </div>
   <div class='ocr_carea' id='block_1_100' title="bbox 184 4938 1763 5016">
    <p class='ocr_par' dir='ltr' id='par_1_100' title="bbox 184 4938 1763 5016">
     <span class='ocr_line' id='line_1_100' title="bbox 184 4938 1763 5016; baseline 0.003 -22"><span class='ocrx_word' id='word_1_785' title='bbox 184 4942 572 5004; x_wconf 76' lang='grc' dir='ltr'>αποτίθενται,</span> <span class='ocrx_word' id='word_1_786' title='bbox 606 4938 726 4993; x_wconf 82' lang='grc' dir='ltr'>εἶτα</span> <span class='ocrx_word' id='word_1_787' title='bbox 762 4942 855 4993; x_wconf 75' lang='grc' dir='ltr'><strong>καὶ</strong></span> <span class='ocrx_word' id='word_1_788' title='bbox 907 4941 1104 5011; x_wconf 85' lang='grc' dir='ltr'>βρῶμα</span> <span class='ocrx_word' id='word_1_789' title='bbox 1141 4944 1383 5010; x_wconf 86' lang='grc' dir='ltr'>γίνονται</span> <span class='ocrx_word' id='word_1_790' title='bbox 1406 4944 1499 4996; x_wconf 81' lang='grc' dir='ltr'>τοῦ</span> <span class='ocrx_word' id='word_1_791' title='bbox 1528 4944 1664 4997; x_wconf 79' lang='grc' dir='ltr'>Θεοῦ</span> <span class='ocrx_word' id='word_1_792' title='bbox 1700 4949 1763 5016; x_wconf 82' lang='grc' dir='ltr'>τῇ</span> 
     </span>
    </p>
   </div>
   <div class='ocr_carea' id='block_1_101' title="bbox 1874 4938 3493 5016">
    <p class='ocr_par' dir='ltr' id='par_1_101' title="bbox 1882 4938 3493 5012">
     <span class='ocr_line' id='line_1_101' title="bbox 1882 4938 3493 5012; baseline -0.006 -12"><span class='ocrx_word' id='word_1_793' title='bbox 1882 4947 1948 4999; x_wconf 87' lang='lat' dir='ltr'><strong>ad</strong></span> <span class='ocrx_word' id='word_1_794' title='bbox 1983 4958 2213 4999; x_wconf 88' lang='lat' dir='ltr'><strong>messem</strong></span> <span class='ocrx_word' id='word_1_795' title='bbox 2239 4982 2253 5007; x_wconf 91' lang='lat'><strong>,</strong></span> <span class='ocrx_word' id='word_1_796' title='bbox 2286 4949 2509 5012; x_wconf 85' lang='lat' dir='ltr'><strong>propter</strong></span> <span class='ocrx_word' id='word_1_797' title='bbox 2541 4953 2709 4993; x_wconf 86' lang='lat' dir='ltr'><strong>canos</strong></span> <span class='ocrx_word' id='word_1_798' title='bbox 2739 4938 2973 5001; x_wconf 85' lang='lat' dir='ltr'><strong>scilicet,</strong></span> <span class='ocrx_word' id='word_1_799' title='bbox 3000 4949 3057 4992; x_wconf 89' lang='lat' dir='ltr'><strong>et</strong></span> <span class='ocrx_word' id='word_1_800' title='bbox 3082 4952 3319 4992; x_wconf 89' lang='lat' dir='ltr'><strong>messem</strong></span> <span class='ocrx_word' id='word_1_801' title='bbox 3350 4954 3493 4992; x_wconf 61' lang='lat' dir='ltr'><strong>mor.</strong></span> 
     </span>
    </p>
   </div>
   <div class='ocr_carea' id='block_1_102' title="bbox 178 5035 1976 5110">
    <p class='ocr_par' dir='ltr' id='par_1_102' title="bbox 178 5035 1976 5110">
     <span class='ocr_line' id='line_1_102' title="bbox 178 5035 1976 5110; baseline 0.012 -27"><span class='ocrx_word' id='word_1_802' title='bbox 178 5036 421 5110; x_wconf 76' lang='grc' dir='ltr'>σωτηρίᾳ</span> <span class='ocrx_word' id='word_1_803' title='bbox 452 5035 661 5087; x_wconf 83' lang='grc' dir='ltr'>τούτων</span> <span class='ocrx_word' id='word_1_804' title='bbox 713 5036 1235 5105; x_wconf 81' lang='grc' dir='ltr'>ὲνευφραινομένου.</span> <span class='ocrx_word' id='word_1_805' title='bbox 1280 5035 1469 5099; x_wconf 73' lang='grc' dir='ltr'>Οὕτως</span> <span class='ocrx_word' id='word_1_806' title='bbox 1500 5038 1528 5089; x_wconf 75' lang='grc' dir='ltr'><strong>ὁ</strong></span> <span class='ocrx_word' id='word_1_807' title='bbox 1558 5037 1771 5104; x_wconf 82' lang='grc' dir='ltr'>Παῦλος</span> <span class='ocrx_word' id='word_1_808' title='bbox 1826 5097 1831 5102; x_wconf 92' lang='grc'>.</span> <span class='ocrx_word' id='word_1_809' title='bbox 1885 5041 1976 5095; x_wconf 65' lang='lat' dir='ltr'><strong>lis-</strong></span> 
     </span>
    </p>
   </div>
   <div class='ocr_carea' id='block_1_103' title="bbox 177 5126 3486 5205">
    <p class='ocr_par' dir='ltr' id='par_1_103' title="bbox 177 5126 3486 5205">
     <span class='ocr_line' id='line_1_103' title="bbox 177 5126 3486 5205; baseline -0.004 -13"><span class='ocrx_word' id='word_1_810' title='bbox 177 5128 389 5200; x_wconf 71' lang='grc' dir='ltr'>ἐθέριζε</span> <span class='ocrx_word' id='word_1_811' title='bbox 421 5132 519 5199; x_wconf 75' lang='grc' dir='ltr'>τῆς</span> <span class='ocrx_word' id='word_1_812' title='bbox 540 5131 646 5201; x_wconf 71' lang='grc' dir='ltr'><strong>γῆς</strong></span> <span class='ocrx_word' id='word_1_813' title='bbox 679 5130 1025 5199; x_wconf 85' lang='grc' dir='ltr'>ἀποτέμνων.</span> <span class='ocrx_word' id='word_1_814' title='bbox 1053 5132 1152 5183; x_wconf 65' lang='grc' dir='ltr'><strong>κΰιὶ</strong></span> <span class='ocrx_word' id='word_1_815' title='bbox 1212 5132 1479 5186; x_wconf 82' lang='grc' dir='ltr'>διδάσκων</span> <span class='ocrx_word' id='word_1_816' title='bbox 1514 5134 1686 5205; x_wconf 77' lang='grc' dir='ltr'>ἡμᾶς,</span> <span class='ocrx_word' id='word_1_817' title='bbox 1758 5140 1842 5195; x_wconf 83' lang='grc' dir='ltr'>ὅτι</span> <span class='ocrx_word' id='word_1_818' title='bbox 1874 5141 1936 5193; x_wconf 76' lang='grc' dir='ltr'>τὸ</span> <span class='ocrx_word' id='word_1_819' title='bbox 1976 5136 2285 5202; x_wconf 88' lang='grc' dir='ltr'>πολίτευμα</span> <span class='ocrx_word' id='word_1_820' title='bbox 2331 5130 2490 5202; x_wconf 72' lang='grc' dir='ltr'>ἡμῶν</span> <span class='ocrx_word' id='word_1_821' title='bbox 2528 5130 2586 5182; x_wconf 72' lang='grc' dir='ltr'>ἐν</span> <span class='ocrx_word' id='word_1_822' title='bbox 2636 5128 2896 5201; x_wconf 79' lang='grc' dir='ltr'>οὐρανοῖς</span> <span class='ocrx_word' id='word_1_823' title='bbox 2926 5128 3186 5199; x_wconf 82' lang='grc' dir='ltr'>ὑπάρχει.</span> <span class='ocrx_word' id='word_1_824' title='bbox 3232 5126 3486 5198; x_wconf 90' lang='grc' dir='ltr'>Χρῶνται</span> 
     </span>
    </p>
   </div>
   <div class='ocr_carea' id='block_1_104' title="bbox 176 5222 3481 5301">
    <p class='ocr_par' dir='ltr' id='par_1_104' title="bbox 176 5222 3481 5301">
     <span class='ocr_line' id='line_1_104' title="bbox 176 5222 3481 5301; baseline -0 -23"><span class='ocrx_word' id='word_1_825' title='bbox 176 5226 231 5279; x_wconf 84' lang='grc' dir='ltr'>δέ</span> <span class='ocrx_word' id='word_1_826' title='bbox 261 5243 404 5289; x_wconf 87' lang='grc' dir='ltr'>τινες</span> <span class='ocrx_word' id='word_1_827' title='bbox 432 5224 528 5278; x_wconf 81' lang='grc' dir='ltr'>καὶ</span> <span class='ocrx_word' id='word_1_828' title='bbox 559 5227 653 5278; x_wconf 77' lang='grc' dir='ltr'>ἐπὶ</span> <span class='ocrx_word' id='word_1_829' title='bbox 681 5225 788 5276; x_wconf 88' lang='grc' dir='ltr'><strong>τῶν</strong></span> <span class='ocrx_word' id='word_1_830' title='bbox 820 5226 1095 5293; x_wconf 84' lang='grc' dir='ltr'>γερόντων</span> <span class='ocrx_word' id='word_1_831' title='bbox 1125 5228 1429 5297; x_wconf 83' lang='grc' dir='ltr'>χαριέντως</span> <span class='ocrx_word' id='word_1_832' title='bbox 1454 5227 1553 5299; x_wconf 82' lang='grc' dir='ltr'>τῷ,</span> <span class='ocrx_word' id='word_1_833' title='bbox 1594 5248 1612 5281; x_wconf 79' lang='lat' dir='ltr'><strong>t</strong></span> <span class='ocrx_word' id='word_1_834' title='bbox 1643 5231 1929 5288; x_wconf 86' lang='grc' dir='ltr'>Θεάσασθε</span> <span class='ocrx_word' id='word_1_835' title='bbox 1963 5232 2063 5295; x_wconf 78' lang='grc' dir='ltr'><strong>τὰς</strong></span> <span class='ocrx_word' id='word_1_836' title='bbox 2094 5227 2302 5301; x_wconf 85' lang='grc' dir='ltr'>χώρας,</span> <span class='ocrx_word' id='word_1_837' title='bbox 2349 5228 2434 5281; x_wconf 86' lang='grc' dir='ltr'>ὅτι</span> <span class='ocrx_word' id='word_1_838' title='bbox 2505 5225 2697 5278; x_wconf 80' lang='grc' dir='ltr'>λευκαί</span> <span class='ocrx_word' id='word_1_839' title='bbox 2758 5224 2867 5275; x_wconf 86' lang='grc' dir='ltr'>είσι</span> <span class='ocrx_word' id='word_1_840' title='bbox 2934 5222 3071 5291; x_wconf 82' lang='grc' dir='ltr'>πρὸς</span> <span class='ocrx_word' id='word_1_841' title='bbox 3131 5223 3417 5294; x_wconf 80' lang='grc' dir='ltr'>θερισμὸν,</span> <span class='ocrx_word' id='word_1_842' title='bbox 3464 5242 3481 5273; x_wconf 70' lang='grc' dir='ltr'><strong>ι</strong></span> 
     </span>
    </p>
   </div>
   <div class='ocr_carea' id='block_1_105' title="bbox 175 5317 1767 5393">
    <p class='ocr_par' dir='ltr' id='par_1_105' title="bbox 175 5317 1767 5393">
     <span class='ocr_line' id='line_1_105' title="bbox 175 5317 1767 5393; baseline 0.004 -22"><span class='ocrx_word' id='word_1_843' title='bbox 175 5319 261 5371; x_wconf 82' lang='grc' dir='ltr'>διὰ</span> <span class='ocrx_word' id='word_1_844' title='bbox 286 5318 384 5381; x_wconf 81' lang='grc' dir='ltr'>τὰς</span> <span class='ocrx_word' id='word_1_845' title='bbox 408 5318 597 5381; x_wconf 83' lang='grc' dir='ltr'>πολιὰς</span> <span class='ocrx_word' id='word_1_846' title='bbox 625 5317 850 5386; x_wconf 82' lang='grc' dir='ltr'>δηλαδὴ,</span> <span class='ocrx_word' id='word_1_847' title='bbox 871 5318 965 5369; x_wconf 72' lang='grc' dir='ltr'><strong>καὶ</strong></span> <span class='ocrx_word' id='word_1_848' title='bbox 991 5317 1081 5370; x_wconf 82' lang='grc' dir='ltr'><strong>τὸν</strong></span> <span class='ocrx_word' id='word_1_849' title='bbox 1104 5317 1455 5385; x_wconf 17' lang='grc' dir='ltr'>τοῦνθανάτου</span> <span class='ocrx_word' id='word_1_850' title='bbox 1479 5320 1767 5393; x_wconf 85' lang='grc' dir='ltr'>θερισμόν.</span> 
     </span>
    </p>
   </div>
   <div class='ocr_carea' id='block_1_106' title="bbox 237 5411 1776 5481">
    <p class='ocr_par' dir='ltr' id='par_1_106' title="bbox 237 5411 1776 5481">
     <span class='ocr_line' id='line_1_106' title="bbox 237 5411 1776 5481; baseline 0.006 -20"><span class='ocrx_word' id='word_1_851' title='bbox 237 5432 255 5461; x_wconf 74' lang='grc' dir='ltr'><strong>ι</strong></span> <span class='ocrx_word' id='word_1_852' title='bbox 297 5413 390 5464; x_wconf 83' lang='grc' dir='ltr'>Ἐκ</span> <span class='ocrx_word' id='word_1_853' title='bbox 421 5412 477 5463; x_wconf 86' lang='grc' dir='ltr'>δὲ</span> <span class='ocrx_word' id='word_1_854' title='bbox 502 5412 603 5481; x_wconf 87' lang='grc' dir='ltr'><strong>τῆς</strong></span> <span class='ocrx_word' id='word_1_855' title='bbox 634 5412 842 5473; x_wconf 86' lang='grc' dir='ltr'>πόλεως</span> <span class='ocrx_word' id='word_1_856' title='bbox 877 5411 1091 5480; x_wconf 53' lang='grc' dir='ltr'>ἐκείνης</span> <span class='ocrx_word' id='word_1_857' title='bbox 1125 5413 1310 5466; x_wconf 72' lang='grc' dir='ltr'>πολλοὶ</span> <span class='ocrx_word' id='word_1_858' title='bbox 1338 5415 1670 5468; x_wconf 75' lang='grc' dir='ltr'>ἐπίστευσαν</span> <span class='ocrx_word' id='word_1_859' title='bbox 1696 5420 1776 5481; x_wconf 84' lang='grc' dir='ltr'><strong>είς</strong></span> 
     </span>
    </p>
   </div>
   <div class='ocr_carea' id='block_1_107' title="bbox 178 5504 1776 5577">
    <p class='ocr_par' dir='ltr' id='par_1_107' title="bbox 178 5504 1776 5577">
     <span class='ocr_line' id='line_1_107' title="bbox 178 5504 1776 5577; baseline 0.003 -19"><span class='ocrx_word' id='word_1_860' title='bbox 178 5505 339 5558; x_wconf 75' lang='grc' dir='ltr'>αὑτὸν</span> <span class='ocrx_word' id='word_1_861' title='bbox 364 5504 472 5557; x_wconf 76' lang='grc' dir='ltr'><strong>τῶν</strong></span> <span class='ocrx_word' id='word_1_862' title='bbox 502 5504 859 5575; x_wconf 89' lang='grc' dir='ltr'>Σαμαρειτῶν</span> <span class='ocrx_word' id='word_1_863' title='bbox 907 5504 993 5558; x_wconf 72' lang='grc' dir='ltr'><strong>διὰ</strong></span> <span class='ocrx_word' id='word_1_864' title='bbox 1034 5506 1125 5558; x_wconf 76' lang='grc' dir='ltr'><strong>τὸν</strong></span> <span class='ocrx_word' id='word_1_865' title='bbox 1172 5507 1327 5573; x_wconf 87' lang='grc' dir='ltr'>λόγον</span> <span class='ocrx_word' id='word_1_866' title='bbox 1376 5509 1475 5577; x_wconf 86' lang='grc' dir='ltr'><strong>τῆς</strong></span> <span class='ocrx_word' id='word_1_867' title='bbox 1514 5511 1776 5577; x_wconf 70' lang='grc' dir='ltr'>γυναικὸς</span> 
     </span>
    </p>
   </div>
   <div class='ocr_carea' id='block_1_108' title="bbox 183 5589 1779 5673">
    <p class='ocr_par' dir='ltr' id='par_1_108' title="bbox 183 5589 1779 5673">
     <span class='ocr_line' id='line_1_108' title="bbox 183 5589 1779 5673; baseline 0.005 -23"><span class='ocrx_word' id='word_1_868' title='bbox 183 5596 590 5667; x_wconf 75' lang='grc' dir='ltr'>μαρτυρούσης,</span> <span class='ocrx_word' id='word_1_869' title='bbox 624 5597 707 5650; x_wconf 84' lang='grc' dir='ltr'>ὅτι</span> <span class='ocrx_word' id='word_1_870' title='bbox 727 5589 861 5649; x_wconf 78' lang='grc' dir='ltr'><strong>Είπέ</strong></span> <span class='ocrx_word' id='word_1_871' title='bbox 879 5615 968 5667; x_wconf 90' lang='grc' dir='ltr'><strong>μοι</strong></span> <span class='ocrx_word' id='word_1_872' title='bbox 988 5600 1166 5653; x_wconf 83' lang='grc' dir='ltr'>πάντα</span> <span class='ocrx_word' id='word_1_873' title='bbox 1179 5601 1543 5673; x_wconf 82' lang='grc' dir='ltr'>ὃσαὲποίησα.</span> <span class='ocrx_word' id='word_1_874' title='bbox 1581 5602 1665 5668; x_wconf 83' lang='grc' dir='ltr'>Ὧς</span> <span class='ocrx_word' id='word_1_875' title='bbox 1685 5600 1779 5658; x_wconf 73' lang='grc' dir='ltr'>οὖν</span> 
     </span>
    </p>
   </div>
   <div class='ocr_carea' id='block_1_109' title="bbox 252 5732 843 5805">
    <p class='ocr_par' dir='ltr' id='par_1_109' title="bbox 252 5732 843 5805">
     <span class='ocr_line' id='line_1_109' title="bbox 252 5732 843 5805; baseline 0 -18"><span class='ocrx_word' id='word_1_876' title='bbox 252 5734 297 5765; x_wconf 86' lang='grc'><strong>¹⁰</strong></span> <span class='ocrx_word' id='word_1_877' title='bbox 362 5734 595 5805; x_wconf 88' lang='lat' dir='ltr'><strong>Philipp.</strong></span> <span class='ocrx_word' id='word_1_878' title='bbox 634 5750 713 5801; x_wconf 87' lang='lat' dir='ltr'><strong>tn,</strong></span> <span class='ocrx_word' id='word_1_879' title='bbox 754 5732 843 5787; x_wconf 75' lang='grc' dir='ltr'><strong>ΞΟ.</strong></span> 
     </span>
    </p>
   </div>
   <div class='ocr_carea' id='block_1_110' title="bbox 249 5852 1921 5921">
    <p class='ocr_par' dir='ltr' id='par_1_110' title="bbox 249 5852 1921 5921">
     <span class='ocr_line' id='line_1_110' title="bbox 249 5852 1921 5921; baseline -0.004 -8"><span class='ocrx_word' id='word_1_880' title='bbox 249 5854 326 5921; x_wconf 83' lang='lat' dir='ltr'><strong>(a)</strong></span> <span class='ocrx_word' id='word_1_881' title='bbox 363 5853 505 5911; x_wconf 83' lang='lat' dir='ltr'><strong>Etlit.</strong></span> <span class='ocrx_word' id='word_1_882' title='bbox 543 5852 669 5908; x_wconf 68' lang='grc' dir='ltr'><strong>ιω.</strong></span> <span class='ocrx_word' id='word_1_883' title='bbox 732 5870 838 5906; x_wconf 82' lang='lat' dir='ltr'><strong>non</strong></span> <span class='ocrx_word' id='word_1_884' title='bbox 898 5853 1082 5908; x_wconf 70' lang='lat' dir='ltr'><strong>habet.</strong></span> <span class='ocrx_word' id='word_1_885' title='bbox 1150 5853 1236 5905; x_wconf 70' lang='lat' dir='ltr'><strong>scd</strong></span> <span class='ocrx_word' id='word_1_886' title='bbox 1311 5853 1580 5907; x_wconf 65' lang='lat' dir='ltr'><strong>nol-ierunt</strong></span> <span class='ocrx_word' id='word_1_887' title='bbox 1650 5853 1921 5907; x_wconf 56' lang='lat' dir='ltr'><strong>Ia’tantttr.</strong></span> 
     </span>
    </p>
   </div>
   <div class='ocr_carea' id='block_1_111' title="bbox 1965 5406 3494 5470">
    <p class='ocr_par' dir='ltr' id='par_1_111' title="bbox 1965 5406 3494 5470">
     <span class='ocr_line' id='line_1_111' title="bbox 1965 5406 3494 5470; baseline -0.009 0"><span class='ocrx_word' id='word_1_888' title='bbox 1965 5414 2129 5470; x_wconf 76' lang='lat' dir='ltr'><strong>Vsus.</strong></span> <span class='ocrx_word' id='word_1_889' title='bbox 2163 5411 2357 5467; x_wconf 68' lang='lat'><strong>59—42.</strong></span> <span class='ocrx_word' id='word_1_890' title='bbox 2393 5429 2409 5461; x_wconf 78' lang='grc' dir='ltr'><strong>ι</strong></span> <span class='ocrx_word' id='word_1_891' title='bbox 2444 5410 2520 5464; x_wconf 86' lang='lat' dir='ltr'><strong>Ex</strong></span> <span class='ocrx_word' id='word_1_892' title='bbox 2552 5410 2770 5464; x_wconf 87' lang='lat' dir='ltr'><strong>civitate</strong></span> <span class='ocrx_word' id='word_1_893' title='bbox 2794 5420 2976 5465; x_wconf 88' lang='lat' dir='ltr'><strong>autem</strong></span> <span class='ocrx_word' id='word_1_894' title='bbox 2994 5408 3095 5463; x_wconf 81' lang='lat' dir='ltr'><strong>illa</strong></span> <span class='ocrx_word' id='word_1_895' title='bbox 3121 5408 3275 5462; x_wconf 87' lang='lat' dir='ltr'><strong>tnulti</strong></span> <span class='ocrx_word' id='word_1_896' title='bbox 3306 5406 3494 5461; x_wconf 84' lang='lat' dir='ltr'><strong>Sama-</strong></span> 
     </span>
    </p>
   </div>
   <div class='ocr_carea' id='block_1_112' title="bbox 1889 5503 3493 5573">
    <p class='ocr_par' dir='ltr' id='par_1_112' title="bbox 1889 5503 3493 5573">
     <span class='ocr_line' id='line_1_112' title="bbox 1889 5503 3493 5573; baseline -0.007 -10"><span class='ocrx_word' id='word_1_897' title='bbox 1889 5512 2192 5563; x_wconf 88' lang='lat' dir='ltr'><strong>ritauorum</strong></span> <span class='ocrx_word' id='word_1_898' title='bbox 2246 5504 2599 5559; x_wconf 86' lang='lat' dir='ltr'><strong>crediderunt</strong></span> <span class='ocrx_word' id='word_1_899' title='bbox 2647 5503 2699 5556; x_wconf 88' lang='lat' dir='ltr'><strong>in</strong></span> <span class='ocrx_word' id='word_1_900' title='bbox 2749 5518 2873 5558; x_wconf 90' lang='lat' dir='ltr'><strong>eum</strong></span> <span class='ocrx_word' id='word_1_901' title='bbox 2916 5513 3142 5573; x_wconf 90' lang='lat' dir='ltr'><strong>propter</strong></span> <span class='ocrx_word' id='word_1_902' title='bbox 3184 5515 3493 5559; x_wconf 84' lang='lat' dir='ltr'><strong>sermonem</strong></span> 
     </span>
    </p>
   </div>
   <div class='ocr_carea' id='block_1_113' title="bbox 1896 5596 3496 5668">
    <p class='ocr_par' dir='ltr' id='par_1_113' title="bbox 1896 5596 3496 5668">
     <span class='ocr_line' id='line_1_113' title="bbox 1896 5596 3496 5668; baseline -0.007 -10"><span class='ocrx_word' id='word_1_903' title='bbox 1896 5622 1927 5658; x_wconf 85' lang='grc' dir='ltr'><strong>ιι</strong></span> <span class='ocrx_word' id='word_1_904' title='bbox 1954 5604 2141 5658; x_wconf 88' lang='lat' dir='ltr'><strong>ulicris</strong></span> <span class='ocrx_word' id='word_1_905' title='bbox 2167 5598 2518 5655; x_wconf 83' lang='lat' dir='ltr'><strong>testiﬁcantis</strong></span> <span class='ocrx_word' id='word_1_906' title='bbox 2552 5598 2697 5668; x_wconf 89' lang='lat' dir='ltr'><strong>quod</strong></span> <span class='ocrx_word' id='word_1_907' title='bbox 2730 5597 2961 5655; x_wconf 79' lang='lat' dir='ltr'><strong>dixisset</strong></span> <span class='ocrx_word' id='word_1_908' title='bbox 2992 5596 3095 5654; x_wconf 86' lang='lat' dir='ltr'><strong>sibi</strong></span> <span class='ocrx_word' id='word_1_909' title='bbox 3126 5597 3308 5652; x_wconf 79' lang='lat' dir='ltr'><strong>omnia</strong></span> <span class='ocrx_word' id='word_1_910' title='bbox 3345 5607 3496 5664; x_wconf 68' lang='lat' dir='ltr'><strong>qum-</strong></span> 
     </span>
    </p>
   </div>
  </div>
