3936 6398
524 378 662 443 1231

1387 374 1979 442 THEOPHYLACTI
2019 373 2444 443 BULGARIxE
2479 372 2843 439 ARCHIEP.

3694 370 3803 433 IlLE

508 513 724 568 cunque
744 496 980 554 fecisset.
1016 495 1151 551 Cum
1182 494 1460 549 venissem
1479 508 1610 565 ergo
1634 493 1701 547 ad
1728 493 1876 549 illum
1905 493 2085 549 Sama-

2200 491 2363 566 ἦλθον
2398 492 2535 563 πρὸς
2566 491 2729 567 αὐτὸν
2754 492 2804 543 oi
2834 489 3203 559 Σαμαρεῖται,
3231 488 3480 561 ἠρώτων
3505 487 3678 541 αὐτὸν
3705 493 3783 559 pii

506 588 693 649 ritani,
725 587 888 659 565
919 593 1247 657 rogaverunt
1275 599 1400 640 eum
1435 594 1493 639 ut
1530 585 1670 654 apud
1703 599 1765 640 se
1795 594 2046 641 maneret
2082 602 2096 639 :

507 687 565 732 et
599 678 798 731 mansit
829 676 901 730 ihi
920 676 1055 731 duos
1077 676 1216 738 dies,
1245 689 1309 729 ac
1336 675 1509 730 multo
1534 674 1716 743 plures
1745 674 2100 729 crediderunt

508 780 730 840 propter
758 781 1068 823 sermonem
1088 768 1278 839 ipsius,
1294 780 1348 821 et
1376 767 1588 822 mulieri
1636 766 1895 822 dicebant
1932 785 1946 823 :
1979 764 2099 821 Jam

509 874 617 923 non
651 868 881 929 propter
930 867 1078 914 tuam
1112 860 1414 913 orationem
1463 858 1776 914 credimus:
1813 860 1911 929 ipsi
1954 859 2099 915 enim

506 953 853 1017 audivimus,
888 960 944 1006 et
972 952 1179 1008 scimus
1224 952 1370 1021 quod
1406 952 1495 1007 hic
1538 962 1621 1007 est
1668 967 1796 1010 vere
1848 952 2101 1008 Salvator

504 1046 691 1099 mundi
718 1044 989 1100 Christus.
1024 1063 1043 1098 ι
1076 1043 1302 1115 Propter
1323 1059 1634 1101 sermonem
1663 1045 1909 1101 mulieris
1934 1045 2093 1100 multi

422 1192 427 1197 ,
504 1134 833 1191 Samaritani
867 1138 1133 1204 credunt,
1167 1147 1354 1207 utpote
1382 1138 1680 1208 prudenter
1714 1137 1855 1207 apud
1899 1152 1959 1193 se
2016 1137 2099 1199 iu-

503 1230 750 1285 dicantes
780 1230 924 1300 quod
956 1230 1126 1286 vitam
1161 1244 1315 1285 suam
1351 1231 1551 1285 mulier
1585 1245 1691 1285 non
1722 1231 2001 1298 vulgasset
2030 1230 2096 1285 ad

503 1320 608 1374 hoc
640 1330 699 1374 ut
728 1319 1133 1390 gratiﬁcaretur
1168 1318 1349 1387 alteri,
1389 1321 1491 1376 nisi
1520 1335 1648 1375 vere
1689 1335 1918 1390 magnus
1974 1320 2098 1389 quis

500 1422 649 1467 esset
690 1420 746 1467 et
794 1425 960 1481 super
1010 1412 1213 1467 multos
1279 1412 1370 1481 qui
1404 1414 1472 1466 ab
1523 1412 1614 1465 illa
1672 1412 2092 1481 prmdicabatur.

500 1502 626 1558 Ideo
662 1511 715 1557 et
756 1501 915 1558 [idem
960 1490 1219 1573 operibus
1263 1514 1799 1572 commonstrantcs,
1836 1506 2095 1561 obsecra-

502 1594 630 1647 bant
660 1592 809 1647 illum
841 1602 899 1647 ut
926 1605 1188 1666 perpetuo
1211 1597 1354 1667 apud
1387 1598 1533 1667 ipsos
1562 1606 1730 1651 esset.
1766 1617 1783 1650 ι
1813 1598 2040 1654 Manere
2068 1617 2087 1652 ι

501 1684 645 1738 enim
694 1684 797 1739 hoc
841 1685 1135 1756 signiﬁcat,
1185 1698 1508 1755 perpetuum
1566 1686 1903 1741 domicilium
1952 1691 2093 1759 apud

504 1776 626 1831 illos
648 1776 870 1831 habere.
905 1775 1102 1832 Verum
1129 1777 1216 1832 ille
1243 1778 1294 1831 in
1332 1778 1431 1832 hoc
1458 1793 1566 1838 non
1597 1780 1961 1848 obtemperat,
1997 1781 2091 1835 sed

504 1874 570 1922 ad
597 1870 730 1925 duos
761 1879 971 1927 tantum
996 1869 1113 1925 dies
1140 1881 1318 1926 manet
1348 1888 1361 1925 :
1395 1872 1540 1926 unde
1575 1890 1595 1923 ι
1633 1882 1689 1925 et
1716 1872 1885 1927 multo
1908 1873 2090 1942 plures

501 1961 849 2016 crediderunt
871 1971 1093 2032 propter
1110 1962 1415 2017 doctrinam
1438 1962 1577 2030 ejus.
1614 1982 1631 2015 ι
1662 1963 1902 2020 Tametsi
1927 1981 2089 2020 evan-

499 2052 692 2123 gelista
725 2066 834 2108 non
863 2060 1083 2109 enarret
1119 2052 1490 2125 particulatim
1522 2055 1795 2111 mirabilia
1828 2058 2091 2114 doctrinm

496 2143 613 2213 ejus
643 2145 829 2211 verba,
856 2154 1054 2201 eventu
1082 2155 1261 2200 tamen
1287 2146 1465 2211 docet,
1500 2157 1557 2201 ut
1587 2148 1953 2219 intelligamus
1982 2152 2092 2205 vir-

499 2247 665 2293 tutem
691 2238 888 2292 divina:
927 2238 1073 2295 illius
1102 2238 1385 2295 doctrinae.
1418 2237 1556 2295 Nam
1595 2251 1651 2296 et
1694 2242 1860 2297 multa
1902 2244 2004 2299 alia
2035 2254 2091 2300 et

499 2345 695 2400 magna
726 2339 1013 2387 transeunt
1035 2331 1401 2404 evangelistte,
1426 2347 1491 2388 eo
1514 2335 1657 2403 quod
1678 2350 1784 2391 non
1810 2338 1877 2391 ad
1905 2348 2091 2392 osten-

499 2424 780 2485 tationem,
815 2421 915 2477 sed
948 2423 1015 2476 ad
1051 2424 1337 2482 veritatem
1384 2423 1765 2481 declarandam
1818 2429 2088 2484 scribunt.

494 2513 681 2584 Itaque
706 2532 829 2571 cum
858 2515 1123 2573 Dominus
1153 2531 1300 2575 esset
1326 2520 1468 2590 apud
1504 2519 1916 2592 Samaritanos,
1948 2527 2089 2581 veri-

494 2607 674 2663 simile
716 2616 799 2662 est
840 2624 964 2663 eum
1008 2610 1279 2665 diviniora
1327 2611 1575 2680 quaedam
1624 2612 1909 2681 docuisse;
1948 2618 2090 2672 unde

495 2700 643 2756 nullo
689 2701 808 2757 viso
840 2702 996 2773 signo
1030 2706 1299 2769 credunt,
1340 2712 1395 2759 et
1432 2706 1725 2761 obsecrant
1755 2716 1813 2760 ut
1848 2719 2085 2763 maneat.

493 2790 665 2849 Judzbi
701 2801 883 2847 antem
916 2795 1166 2863 quamvis
1195 2795 1441 2864 pluribus
1472 2798 1817 2853 sermonibus
1843 2808 1896 2853 et
1922 2800 2090 2871 signis

498 2883 833 2951 fruerentur,
872 2886 1049 2939 adhuc
1106 2889 1597 2957 persequebantur,
1645 2890 1891 2961 profecto
1932 2910 1949 2944 ι
1998 2894 2094 2948 iui-

496 2978 620 3031 mici
666 2978 934 3042 hominis,
971 2978 1257 3035 domestici
1290 2980 1407 3050 ejus
1437 2982 1505 3036 ²¹.
1540 3000 1559 3033 ι
1612 2980 1749 3038 Vide
1794 2984 1924 3039 item
1956 2999 2092 3055 quo—

497 3068 656 3122 modo
690 3067 841 3123 brevi
893 3067 1186 3125 multitudo
1230 3072 1505 3142 praecellat
1550 3089 1671 3130 eam
1719 3090 1750 3131 a
1780 3091 1886 3146 qua
1926 3078 2086 3133 docta

493 3160 675 3217 fuerat
696 3179 710 3215 :
735 3176 841 3217 non
872 3164 1016 3217 enim
1042 3165 1366 3233 prophetam
1390 3175 1609 3233 vocant,
1636 3184 1809 3237 neque
1842 3170 2086 3226 Salvato-
2114 3186 2156 3244 ο

493 3269 609 3309 rem
644 3254 845 3319 Israel,
878 3255 974 3312 sed
1004 3257 1191 3312 mundi
1226 3274 1240 3313 :
1279 3268 1335 3313 et
1374 3274 1497 3314 cum
1521 3260 1781 3327 articulo,
1812 3281 1830 3314 ‹
1866 3262 1966 3319 Hic
2004 3274 2088 3319 est

497 3349 747 3404 Salvator
771 3390 787 3417 ,
819 3368 838 3402 ι
886 3350 976 3406 ille
1008 3350 1231 3421 proprie
1268 3360 1321 3407 et
1344 3368 1473 3408 vere
1521 3354 1833 3413 salvaturus
1875 3372 2086 3413 omnes.

499 3438 775 3495 Venerunt
822 3442 966 3497 enim
1022 3443 1177 3498 multi
1216 3453 1272 3498 ul
1300 3445 1597 3512 salvarent,
1631 3459 1689 3504 et
1714 3448 1818 3514 lex,
1872 3460 1926 3505 et
1967 3467 2091 3521 pro-

494 3534 671 3602 phetae
692 3543 747 3588 et
771 3535 982 3605 angeli;
1020 3536 1114 3590 sed
1153 3536 1242 3591 hic
1268 3546 1352 3592 est
1383 3537 1475 3594 ille
1512 3554 1675 3596 verus
1708 3541 1977 3599 Salvator.

567 3703 729 3761 Vens.
775 3705 967 3761 45-45.
1012 3724 1033 3759 ι
1074 3707 1201 3764 Post
1232 3708 1369 3768 duos
1402 3722 1583 3769 autem
1619 3716 1735 3771 dies
1769 3716 1901 3775 exiit
1935 3719 2082 3786 inde,

490 3807 547 3851 et
576 3798 712 3850 abiit
760 3799 813 3851 in
845 3796 1145 3851 Galilaeam.
1182 3800 1301 3867 Ipse
1346 3804 1492 3856 enim
1544 3803 1703 3860 Jesus
1736 3816 1963 3863 testatus
2002 3820 2087 3865 est

490 3887 633 3953 quod
676 3889 937 3956 propheta
974 3890 1028 3944 in
1057 3894 1361 3963 suazpatria
1398 3895 1655 3952 honorem
1685 3914 1792 3954 non
1838 3901 2082 3959 haberet.

489 3978 626 4032 Cum
675 3994 805 4051 ergo
848 3981 1090 4037 venisset
1137 3984 1190 4036 in
1227 3982 1539 4055 Galilaeam,
1590 4002 1925 4060 exceperunt
1960 4009 2082 4049 eum

492 4070 728 4137 Galilaei,
748 4089 869 4127 cum
892 4075 1076 4129 omnia
1102 4076 1367 4133 vidissent
1394 4095 1514 4149 quae
1542 4079 1749 4137 fecerat
1766 4084 2084 4158 Hierosoly-

492 4167 593 4218 mis
637 4166 688 4217 in
730 4166 817 4222 die
847 4166 1022 4233 festo;
1066 4185 1192 4224 nam
1222 4182 1274 4225 et
1304 4173 1402 4240 ipsi
1440 4184 1701 4229 venerant
1728 4177 1796 4232 ad
1832 4181 1973 4234 diem
2003 4180 2081 4237 fe-

489 4264 654 4308 stum.
695 4273 711 4305 ι
748 4256 879 4310 Cum
914 4258 1126 4313 exisset
1156 4274 1184 4311 a
1220 4260 1467 4315 Samaria
1499 4250 1763 4323 Dominus
1790 4306 1805 4332 ,
1849 4267 1901 4321 in
1930 4268 2080 4326 Gali-

489 4347 645 4401 lznam
668 4348 990 4419 digreditur.
1021 4352 1224 4408 Deinde
1249 4369 1315 4407 ne
1342 4357 1465 4425 quis
1515 4357 1761 4427 inquirat
1790 4370 1843 4414 et
1876 4364 2083 4419 dubitet

489 4455 658 4507 quare
684 4457 788 4495 non
816 4457 1033 4512 semper
1059 4455 1274 4500 maneat
1304 4447 1357 4500 in
1382 4447 1626 4515 Galilcea,
1661 4453 1755 4506 sed
1795 4468 1891 4522 per
1916 4456 2083 4510 inter-

2203 603 2293 641 ναι
2324 586 2459 656 παρ’
2488 584 2710 647 αὐτοῖς·
2744 581 2842 637 καὶ
2874 580 3094 652 Ξμεινεν
3125 583 3248 635 ἐκεῖ
3294 580 3397 634 δύο
3444 579 3695 652 ἡμέρας,
3731 582 3805 633 καὶ

2204 676 2385 748 πολλῷ
2413 675 2633 739 πλείους
2654 674 2992 728 ιπίστευσαν
3012 673 3101 727 διὰ
3127 680 3221 727 τὸν
3247 674 3417 742 λόγον
3447 671 3659 727 αὑτοῦ·
3678 674 3738 742 τῇ
3759 690 3803 726 τι

2202 770 2426 839 γυναικὶ
2456 768 2644 835 ἔλεγον
2668 809 2683 834 ,
2712 768 2796 822 δτι
2849 767 2966 821 Οὐκ
2998 766 3080 821 ἔτι
3110 767 3199 820 διὰ
3225 766 3329 837 τὴν
3363 766 3473 837 σὴν
3508 766 3708 819 λαλιὰν
3732 783 3804 817 κιο

2203 862 2489 932 στεύομεν·
2534 860 2693 917 αὐτοὶ
2748 858 2858 930 γὰρ
2906 858 3250 929 ἀκηκόαμεν,
3305 860 3407 913 καὶ
3446 859 3706 929 οἴδαμεν,
3738 860 3802 912 δτι

2200 949 2359 1019 οὗτός
2385 956 2534 1007 ἐστιν
2561 952 2778 1023 ἀληθῶς
2795 955 2823 1006 6
2849 948 3046 1023 Σωτὴρ
3067 951 3161 1005 τοῦ
3187 951 3407 1019 κόσμου
3430 953 3458 1004 6
3494 952 3755 1023 Χριστός.
3787 971 3800 1003 ι

2201 1046 2301 1101 Διὰ
2339 1044 2431 1099 τὸν
2472 1045 2630 1113 λόγον
2680 1042 2783 1113 τῆς
2820 1043 3081 1113 γυναικὸς
3119 1042 3487 1103 πιστεύουσιν
3532 1043 3588 1096 ol
3636 1042 3804 1113 Σαμο-

2204 1143 2385 1211 ρεῐται
2408 1181 2424 1207 ,
2459 1138 2535 1203 ὡς
2567 1138 2780 1193 συνετοὶ
2810 1136 2942 1210 παρ’
2972 1137 3187 1200 ἑαυτοῖς
3231 1135 3544 1207 κρίναντες
3564 1173 3582 1198 ,
3619 1135 3695 1199 ὡς
3723 1135 3807 1187 οὐκ

2207 1232 2275 1289 ἂν
2303 1232 2397 1286 τὸν
2428 1232 2628 1286 οἰκεῖον
2664 1229 2779 1301 βίον
2810 1231 2844 1301 ὴ
2893 1229 3033 1300 γυνὴ
3075 1229 3506 1299 ἑξεπόμπευσεν
3540 1228 3690 1298 ὑπὲρ
3728 1228 3806 1279 τοῦ

2200 1324 2541 1397 χαρίσασθαι
2577 1323 2751 1394 ἑτέρῳ
2773 1363 2787 1386 ,
2824 1322 2875 1375 εί
2909 1323 2984 1392 μὴ
3019 1321 3238 1393 άληθῶς
3277 1322 3463 1391 μέγας
3496 1338 3592 1383 τις
3633 1316 3703 1391 ἦν
3729 1321 3807 1375 καὶ

2200 1417 2343 1485 ὑπὲρ
2371 1413 2498 1479 τοὺς
2522 1414 2753 1477 πολλοὺς
2778 1415 2805 1467 6
2831 1413 2925 1466 ὑπ’
2946 1412 3119 1481 αὐτῆς
3143 1413 3596 1485 κηρυττόμενος·
3623 1411 3706 1466 διὸ
3724 1412 3808 1464 καὶ

2198 1508 2299 1579 τὴν
2326 1510 2514 1560 πίστιν
2536 1508 2645 1569 τοῖς
2680 1506 2862 1575 ἔργοις
2895 1504 3225 1570 δεικνύντες,
3258 1504 3632 1573 παρεκάλουν
3659 1504 3809 1557 αὑτὸν

2197 1596 2263 1649 δι’
2284 1597 2407 1650 ὅλου
2434 1597 2565 1667 παρ’
2589 1597 2806 1657 ἑαυτοῖς
2831 1589 2993 1649 εἶναι·
3024 1594 3085 1647 τὺ
3112 1596 3239 1666 γὰρ,
3272 1613 3293 1646 ι
3333 1597 3557 1664 μεῖναι,
3597 1613 3617 1646 ι
3666 1594 3811 1649 mito

2199 1692 2457 1761 σημαίνει
2488 1691 2551 1743 τὸ
2612 1690 2941 1759 κατοικῆσαι
2978 1689 3201 1753 τελείως
3239 1688 3371 1761 παρ’
3400 1690 3629 1752 αὑτοῖς.
3682 1688 3741 1741 'O
3764 1689 3810 1741 δὲ

2197 1782 2357 1836 τοῦτο
2386 1781 2487 1853 μὲν
2513 1784 2575 1836 οὐ
2612 1783 2902 1849 πείθεται,
2932 1782 3027 1836 δύο
3054 1782 3112 1836 δὲ
3157 1782 3327 1853 μόνας
3363 1783 3601 1852 ἡμέρας
3646 1782 3807 1851 μένει·

2195 1876 2320 1929 ὅθεν
2372 1873 2470 1927 καὶ
2512 1874 2693 1939 πολλῷ
2725 1875 2950 1937 πλείους
2985 1872 3168 1927 αὐτῶν
3204 1874 3557 1927 ἐπίστευσαν
3600 1873 3696 1926 διὰ
3724 1873 3811 1943 τὴν

2193 1965 2547 2019 διδασκαλίαν
2578 1964 2767 2020 αὑτοῦ.
2796 1964 2904 2017 Καὶ
2930 1964 3040 2034 γὰρ
3060 1966 3087 2018 6
3111 1963 3528 2033 εὐαγγελιστὴς
3559 1964 3667 2016 οὐκ
3693 1964 3811 2032 siq-

2193 2060 2377 2125 γεῖται
2432 2057 2501 2111 τὰ
2562 2058 2705 2111 κατὰ
2761 2057 2927 2129 μέρος
2979 2056 3272 2127 θαυμαστὰ
3304 2056 3409 2125 τῆς
3447 2054 3809 2116 διδασκαλίας

2195 2148 2364 2203 αὑτοῦ
2412 2151 2677 2223 ῥήματα,
2714 2148 2829 2202 ἀλλ’
2866 2149 2998 2220 ἡμῖν
3046 2165 3111 2215 γε
3154 2148 3343 2202 δίδωσι
3398 2150 3551 2201 νοεῖν
3608 2151 3677 2201 ὲκ
3723 2146 3808 2199 τοῦ

2193 2242 2385 2307 τέλους
2416 2245 2523 2295 τῶν
2557 2242 2906 2312 πραγμάτιον
2932 2242 3030 2312 τὴν
3053 2240 3286 2312 δύναμιν
3318 2240 3420 2310 τῆς
3455 2241 3619 2305 θείας
3645 2240 3806 2295 αὑτοῦ

2193 2336 2567 2398 διδασκαλίας.
2603 2334 2785 2387 Πολλὰ
2812 2334 2922 2405 γάρ
2955 2351 3035 2387 τοι
3060 2333 3158 2390 καὶ
3186 2335 3296 2387 τῶν
3322 2334 3596 2404 μεγάλων
3632 2350 3807 2403 παρα-

2193 2431 2485 2501 τρέχουσιν
2520 2430 2567 2481 οι
2595 2427 3007 2497 εὐαγγελισταὶ,
3032 2429 3114 2481 ὅτι
3146 2426 3221 2498 μὴ
3250 2427 3388 2497 πρὸς
3415 2425 3696 2491 ἐπίδειξιν
3717 2428 3805 2479 καὶ

2193 2518 2509 2588 φιλοτιμίαν
2526 2519 2851 2588 γράφουσιν,
2876 2517 3014 2572 ἀλλὰ
3040 2517 3177 2587 πρὸς
3199 2518 3489 2587 ἀλήθειαν.
3519 2519 3637 2572 Καὶ
3658 2520 3803 2588 παρὰ

2190 2612 2306 2674 τοῖς
2354 2611 2731 2681 Σαμαρείταις
2778 2607 2872 2662 οὖν
2916 2612 3216 2678 γενόμενον
3251 2610 3348 2662 τὸν
3394 2608 3618 2681 Κύριον
3660 2607 3803 2669 εἰκὸς

2193 2703 2446 2771 θειότερά
2470 2719 2592 2756 τινα
2633 2702 2865 2769 διδάξαι·
2901 2700 3024 2757 ὅθεν
3053 2700 3176 2755 οὐδὲ
3213 2703 3445 2772 σημεῖον
3476 2700 3642 2754 οὐδὲν
3668 2700 3801 2754 £6611-

2194 2811 2307 2859 τες,
2356 2794 2675 2847 πιστεύουσι
2726 2796 2819 2847 καὶ
2848 2792 3237 2865 παρακαλοῦσι
3287 2794 3501 2863 μένειν.
3557 2793 3801 2846 Ἰουδαῖοι

2194 2887 2251 2941 δὲ
2272 2886 2371 2940 καὶ
2395 2887 2573 2954 λόγων
2598 2887 2810 2957 μυρίων
2841 2888 2939 2940 καὶ
2968 2886 3215 2957 σημείων
3244 2885 3799 2947 καταπολαύσαντες.

2194 2977 2276 3033 ἔτι
2312 2978 2558 3042 ἐδίωκον,
2592 2978 2763 3040 ὅντως
2796 2996 2814 3029 ι
2854 2978 3039 3049 ἐχθροὶ
3066 2977 3163 3029 τοῦ
3190 2977 3486 3047 ἀνθρώπου
3517 2980 3570 3030 οἱ
3596 2981 3799 3031 olnt:-

2194 3069 2280 3119 κοὶ
2303 3067 2490 3124 αὑτοῦ.
2538 3086 2557 3118 ι
2596 3068 2737 3137 Ὅρα
2766 3067 2822 3123 δέ
2851 3084 2941 3137 μοι
2974 3068 3145 3121 πόσον
3174 3066 3349 3139 βραχὺ
3372 3069 3433 3121 τὸ
3464 3069 3685 3139 πλῆθος
3709 3071 3799 3140 τὴν

2192 3160 2483 3228 διδάξασαν
2517 3159 2717 3223 αὖτοὺς
2754 3160 3216 3230 ὑπερηκόντισαν.
3252 3163 3327 3215 Οὐ
3360 3161 3470 3231 γάρ
3504 3164 3800 3233 προφήτην

2191 3254 2357 3308 αύτὶν
2384 3252 2661 3320 λέγουσιν,
2694 3252 2816 3306 οὐδὲ
2849 3252 3082 3323 Σωτῆρα
3108 3252 3203 3305 τοῦ
3254 3254 3495 3324 Ἰσραὴλ,
3528 3255 3677 3307 ἀλλὰ
3708 3255 3797 3308 τοῦ

2191 3349 2423 3419 κόσμου,
2456 3350 2551 3401 καὶ
2585 3348 2727 3418 μετὰ
2760 3346 2855 3401 τοῦ
2893 3347 3120 3419 ἄρθρου,
3176 3366 3194 3399 ‹
3230 3341 3402 3412 Οὗτός
3438 3350 3597 3403 ἐστιν
3633 3351 3663 3403 6
3695 3351 3797 3403 Σω-

2190 3442 2315 3512 τὴρ,
2354 3460 2371 3493 ι
2410 3443 2439 3494 6
2466 3442 2672 3511 κυρίως
2704 3441 2799 3495 καὶ
2838 3440 2914 3511 τῷ
2944 3442 3058 3494 ὄντι
3092 3441 3272 3504 σώσας
3309 3444 3552 3507 πάντας.
3590 3439 3799 3497 ’Ἦλθον

2194 3536 2293 3603 μὲν
2318 3520 2647 3605 γὰρνπολλοῖ
2679 3536 2872 3601 σῶσαι,
2903 3535 2997 3599 καὶ
3022 3535 3206 3606 νόμος,
3237 3536 3331 3588 καὶ
3362 3536 3681 3607 προφῆται,
3710 3539 3799 3589 καὶ

2189 3626 2434 3695 ἄγγελοι,
2461 3628 2577 3680 ἀλλ’
2608 3621 2764 3689 οὗτός
2794 3630 2943 3681 ἐστιν
2972 3632 3001 3682 6
3029 3609 3289 3698 ἀλήθινὸς
3326 3630 3546 3699 Σωτήρ.

2267 3738 2285 3771 t
2321 3720 2478 3776 Μετὰ
2526 3720 2583 3773 δὲ
2631 3720 2730 3784 τὰς
2775 3720 2867 3773 δύο
2897 3722 3116 3792 ἡμέρας
3145 3721 3374 3792 ἐξῆλθεν
3404 3724 3629 3776 ἐκεῖθεν
3652 3764 3669 3788 ,
3706 3725 3799 3778 καὶ

2188 3813 2432 3881 ἀπῆλθεν
2490 3815 2571 3877 είς
2622 3813 2722 3883 τὴν
2754 3814 3082 3869 Γαλιλαίαν·
3135 3816 3299 3873 αὐτὸς
3348 3816 3461 3888 γὰρ
3497 3818 3525 3870 6
3585 3818 3800 3887 Ἰησοίς

2190 3905 2617 3976 ἐμαρτύρησεν,
2659 3907 2740 3959 δτι
2778 3909 3065 3978 προφήτης
3096 3909 3154 3962 ὲν
3194 3912 3259 3980 τῇ
3305 3910 3411 3981 ἰδίᾳ
3449 3913 3686 3981 πατρίδι
3722 3930 3800 3965 τι-

2192 3996 2299 4067 μὴν
2343 3998 2445 4050 οὐκ
2492 3996 2626 4068 ἔχει.
2661 3998 2793 4051 Ὅτε
2840 3995 2935 4052 οὖν
2982 3995 3147 4070 ἦλθεν
3185 4004 3265 4063 εἰς
3311 4004 3412 4073 τὴν
3470 4004 3798 4065 Γαλιλαίαν,

2186 4086 2439 4153 ἐδέξαντο
2486 4090 2647 4141 αὐτὸν
2686 4091 2736 4142 οἱ
2768 4089 3081 4156 Γαλιλαῖοι,
3118 4092 3296 4144 πάντα
3346 4094 3672 4164 ἑωρακότες
3701 4096 3801 4149 ὅσα

2185 4179 2446 4251 εποίησεν
2463 4183 2523 4234 ὲν
2556 4180 2957 4253 Ἱεροσολύμοις
2983 4185 3042 4237 ὲν
3069 4188 3133 4255 τῇ
3160 4186 3342 4255 ἑορτῇ·
3369 4187 3463 4238 καὶ
3494 4189 3664 4241 αὐτοὶ
3691 4190 3801 4259 γάρ

2182 4266 2350 4342 ἦλθον
2376 4274 2456 4336 εἱς
2484 4273 2583 4345 τὴν
2628 4275 2844 4344 ἑορτήν.
2892 4293 2911 4327 ι
2956 4276 3219 4340 Ἐξελθὼν
3261 4278 3370 4331 ἀπὸ
3411 4280 3744 4353 Σαμαρείας
3772 4288 3798 4334 6

2185 4364 2420 4435 Κύριος,
2450 4368 2529 4430 εἰς
2557 4368 2656 4437 τὴν
2696 4368 2988 4424 Γαλιλαίαν
3022 4372 3346 4441 ἀπέρχεται.
3386 4371 3549 4440 Εἶτα,
3588 4378 3685 4429 ἵνα
3722 4377 3795 4449 μὴ

2183 4455 2418 4529 ἐξετάζῃ
2455 4475 2575 4525 τις,
2617 4460 2713 4512 καὶ
2744 4460 2978 4533 διαπαρῇ
3005 4503 3019 4523 .
3058 4464 3205 4527 τίνος
3248 4465 3437 4518 ἕνεκεν
3474 4469 3579 4521 οὐκ
3630 4474 3690 4522 ὲν
3732 4474 3796 4540 τῇ

486 4533 625 4586 valla
659 4535 1036 4603 peregrinetur
1065 4538 1211 4607 apud
1243 4555 1361 4606 eos,
1392 4542 1635 4598 maxime
1674 4560 1800 4599 cum
1835 4547 2079 4605 videatur

2192 4545 2449 4622 Γαλιλαίᾳ
2478 4552 2567 4604 ἀεὶ
2597 4547 2687 4618 ἦν,
2720 4553 2834 4605 ἀλλ’
2863 4557 2927 4607 ὲκ
2954 4554 3351 4628 διαλείμματος
3383 4560 3577 4623 αὐτοῖς
3605 4533 3796 4632 ὲπιδηζ

485 4639 605 4679 esse
634 4640 699 4679 ex
725 4626 948 4683 Gaiilwa
977 4647 991 4683 :
1024 4632 1155 4685 dicit
1186 4634 1332 4701 quod
1359 4645 1652 4706 propterea
1683 4654 1785 4693 non
1820 4646 2081 4699 manserit

488 4715 540 4768 in
594 4714 841 4783 Galilma,
885 4723 1010 4790 quia
1045 4723 1251 4778 nullum
1286 4725 1549 4783 honorem
1588 4727 1663 4782 illi
1693 4732 2079 4793 exhibuerant.

492 4826 510 4858 ι
546 4810 665 4878 Ipse
689 4814 835 4865 enim
866 4812 1025 4871 Josus
1045 4824 1277 4873 testatus
1296 4819 1411 4873 -l'uit
1438 4825 1581 4892 quod
1612 4816 1877 4895 propheta
1908 4829 1960 4883 in
1987 4846 2082 4885 sua

485 4904 658 4969 patria
690 4905 741 4957 in
783 4905 989 4961 honore
1022 4924 1128 4964 non
1171 4911 1265 4966 sit.
1307 4931 1324 4965 ι
1360 4912 1760 4973 Consuevimns
1807 4922 1949 4975 enim
1985 4940 2084 4981 nos

485 4995 735 5052 homines
762 5009 1115 5057 contemnere
1157 5018 1219 5057 ea
1248 5020 1369 5074 qua:
1396 5008 1549 5063 valde
1581 5007 1870 5067 familiaria
1897 5055 1911 5078 ,
1943 5031 2085 5071 sem-

487 5101 583 5153 per
620 5090 790 5157 magis
830 5094 1177 5151 attendentes
1204 5097 1397 5153 alienis
1428 5109 1479 5154 et
1513 5101 1773 5159 insolitis.
1808 5104 1949 5171 Quid
1980 5110 2080 5178 igi-

487 5179 614 5231 tur?
639 5178 752 5235 Νοιι
779 5183 1027 5240 videmus
1054 5190 1220 5242 etiam
1245 5190 1445 5247 multos
1472 5196 1612 5263 apud
1640 5211 1769 5252 suos
1799 5199 1849 5252 in
1876 5198 2082 5256 honore

487 5270 714 5328 haberi?
756 5272 900 5329 Sane
936 5276 1039 5332 hoc
1076 5281 1229 5334 valde
1264 5298 1471 5338 rarum.
1501 5285 1556 5340 Si
1609 5300 1790 5344 autem
1833 5294 2078 5349 nonnulli

486 5364 835 5419 inveniuntur
881 5369 973 5437 qui
1011 5370 1062 5423 in
1097 5374 1269 5438 patria
1303 5390 1396 5428 sua
1441 5376 1491 5430 in
1528 5377 1690 5450 565
1730 5383 1938 5437 honore
1980 5385 2081 5439 ha-

485 5455 700 5519 bentur,
752 5458 923 5510 multo
965 5462 1137 5531 magis
1184 5462 1233 5516 iu
1268 5473 1407 5520 terra
1440 5468 1613 5524 aliena
1646 5488 1657 5523 :
1696 5473 1766 5525 ita
1797 5486 1851 5527 ut
1886 5472 2072 5531 honor

484 5548 571 5611 qni
605 5550 680 5599 ets
715 5550 764 5601 in
806 5553 978 5617 patria
1014 5553 1375 5622 impenditur,
1412 5560 1453 5611 si
1489 5561 1805 5617 conferatur
1834 5582 1957 5620 cum
2006 5583 2071 5623 eo

485 5637 576 5708 qui
609 5641 657 5692 in
691 5651 831 5693 terra
867 5645 1064 5712 aliena,
1104 5647 1395 5715 ignominia
1424 5665 1543 5708 esse
1570 5652 1899 5714 inveniatur.
1936 5658 2070 5717 Nam

556 5820 598 5849 9'
634 5819 794 5878 Mich.
832 5842 925 5888 \‘ll,
954 5830 1003 5879 (5.

2185 4644 2295 4711 μεί,
2332 4645 2428 4696 καὶ
2455 4644 2627 4698 ταῦτα
2658 4646 2723 4698 ὲκ
2752 4648 2852 4718 τῆς
2874 4648 3169 4711 Γαλιλαίας
3201 4647 3340 4704 εἶναι
3368 4653 3569 4718 δοκῶν,
3602 4662 3795 4727 φησὶν,

2180 4733 2263 4785 δτι
2296 4733 2387 4786 διὰ
2412 4732 2572 4787 τοῦτο
2598 4736 2698 4789 οὐκ
2720 4738 2780 4789 ὲν
2804 4742 2870 4807 τῇ
2904 4739 3163 4812 Γαλιλαίᾳ
3190 4744 3495 4812 παρέμενε,
3525 4748 3673 4800 διότι
3708 4751 3793 4801 οὐ·

2179 4824 2375 4895 δεμίαν
2410 4827 2572 4898 τιμὴν
2610 4830 2744 4899 πρὸς
2775 4831 2941 4885 αὐτὸν
2969 4832 3365 4890 ἐνεδείκνυντο.
3410 4855 3427 4887 ι
3466 4841 3655 4904 Αὐτὸς
3688 4845 3793 4911 γὰρ

2181 4922 2211 4973 6
2277 4918 2483 4989 Ἰησοῦς
2522 4920 2946 4991 ἐμαρτύρησεν,
3002 4925 3085 4978 ὅτι
3128 4929 3521 5000 προφήτης’ὲν
3569 4938 3643 5003 τῇ
3688 4938 3790 5005 ἰδέα

2186 5011 2411 5082 πατρίδι
2440 5012 2638 5082 ἄτιμός
2668 5015 2833 5068 ἐστιν.
2873 5034 2891 5067 ι
2933 5018 3221 5090 Είώθομεν
3267 5022 3374 5092 γὰρ
3414 5024 3463 5075 οἱ
3498 5026 3789 5096 ἄνθρωποι

2180 5103 2292 5157 τῶν
2332 5104 2388 5157 ὲν
2437 5104 2697 5177 συνηθείᾳ
2748 5114 3135 5181 καταφρονεῖν,
3176 5117 3263 5167 ἀεὶ
3315 5121 3429 5180 τοίς
3471 5120 3656 5184 ξένοις
3702 5126 3787 5175 καὶ

2178 5196 2375 5267 ἀηθέσι
2424 5197 2805 5267 προσέχοντες.
2847 5203 2913 5255 Τί
2954 5200 3087 5272 οὖν;
3131 5208 3243 5277 Οὐχ
3274 5210 3495 5280 ὁρῶμεν
3556 5217 3787 5279 πολλοὺς

2178 5290 2274 5343 καὶ
2298 5291 2450 5361 παρὰ
2480 5293 2595 5355 τοῖς
2618 5296 2842 5359 οίκεὶοις
2865 5301 3243 5368 τιμωμένους;
3274 5304 3527 5357 Μάλιστα
3569 5310 3677 5377 μὲν
3699 5307 3785 5363 οὖν

2180 5385 2407 5437 σπάνιον
2444 5386 2506 5439 τὸ
2548 5388 2811 5445 τοιοῦτον·
2845 5391 2973 5445 είδέ
3000 5393 3101 5446 πού
3138 5412 3283 5460 τινες
3308 5398 3591 5468 εὑρεθεῖεν
3628 5408 3688 5455 ἐν
3722 5409 3783 5473 τῇ

2180 5477 2399 5547 πατρίδι
2450 5479 2785 5550 τιμώμενοι,
2837 5485 3019 5555 πολλῷ
3063 5489 3266 5557 μᾶλλον
3302 5494 3360 5543 ἐν
3406 5498 3470 5564 τῇ
3522 5500 3781 5569 άλὶοτρὶᾳ

2179 5571 2617 5641 τιμηθήσονται,
2660 5576 2800 5629 ὥστε
2832 5585 3233 5654 συγκρινομένη
3268 5587 3301 5655 ἠ
3346 5588 3403 5641 ἐν
3445 5594 3511 5659 τῇ
3562 5594 3777 5661 turpis}

2183 5665 2314 5736 τιμὴ
2356 5670 2491 5737 πρδς
2520 5670 2619 5741 τὴν
2648 5673 2704 5725 ἐν
2736 5675 2799 5743 τῇ
2842 5674 3125 5749 ἀλλοτρίᾳ,
3159 5681 3356 5751 ἀτιμία
3387 5685 3775 5757 εὑρεθήσεται.
