3936 6412
144 420 291 485 1253

834 415 1285 478 ENARRATIO
1322 415 1402 476 ΙΝ
1438 411 1950 476 EVANGELIUM
1996 409 2346 472 JOANNIS.
2388 435 2460 447 --
2498 408 2658 471 CAP.
2699 408 2797 471 IV.

3320 403 3464 471 125$

155 542 219 592 '0
250 538 357 609 γάρ
386 554 471 590 τοι
503 537 721 606 φθόνος,
755 536 868 597 τοῖς
897 531 1353 604 συμπατριὼταις
1381 531 1445 583 οὐ
1474 529 1744 599 συγχωρεῖ

1860 526 2063 582 invidia
2115 524 2499 598 compatriotis
2540 540 2647 579 non
2680 524 2810 580 sinit
2847 536 3147 593 congruum
3194 523 3487 579 honorem

138 632 249 702 τὴν
288 630 675 701 προσήκουσαν
702 626 871 697 τιμὴν
904 625 1223 679 ἀποδιδόναι
1249 665 1263 689 ,
1292 624 1411 677 ἀλλ’
1443 621 1749 692 ὑφειμένην

139 727 249 796 τὴν
274 723 482 793 ταύτην
516 720 887 785 ἀποδιδόασιν,
913 719 1180 791 αίσχύνην
1214 718 1423 772 οἰκείαν
1452 716 1750 787 ἡγούμενοι

139 818 248 890 τὴν
270 816 364 870 τοῦ
392 812 669 885 ὁμοφύλου
693 812 1074 883 εὐδοκίμησιν.
1118 810 1362 864 Ἑλθόντι
1400 804 1493 863 οὖν
1528 808 1607 879 τῷ
1638 809 1752 861 Κυ-

146 911 256 980 ρίῳ
277 910 357 971 εἰς
382 905 677 959 Γαλιλαίαν
701 905 1030 959 ἐπίστευσαν
1053 905 1103 960 οί
1125 903 1425 970 Γαλιλαῖοι,
1452 902 1521 955 τὰ
1544 902 1751 972 σημεῖα

148 1005 354 1065 ίδιΰντες
385 999 422 1054 ἃ.
453 1000 712 1071 ἐποίησεν
738 1001 796 1053 ὲν
838 997 1259 1067 Ἰεροσολύμοις.
1294 996 1443 1067 Πλὴν
1475 997 1523 1050 οί
1559 996 1750 1065 Σαμα-

148 1096 331 1165 ρεῖται
360 1092 758 1163 δοκιμώτεροι,
789 1094 837 1145 oi
882 1092 979 1145 καὶ
1015 1092 1187 1161 χωρὶς
1230 1088 1478 1162 σημείων
1524 1088 1751 1142 πιστεύε

148 1203 349 1250 σαντες
374 1187 481 1239 ἀπὸ
509 1186 603 1238 τοῦ
644 1184 803 1253 λόγου
833 1186 931 1254 τῆς
963 1185 1243 1252 γυναικός.
1275 1183 1421 1253 Ὅρα
1451 1182 1509 1236 δὲ
1538 1198 1749 1241 παντα-

147 1277 249 1344 χοῦ
276 1280 400 1339 τοὺς
441 1276 786 1347 ἁποὸἒκήτους
832 1276 934 1351 μὲν
972 1274 1290 1339 δοκοῦντας,
1322 1274 1750 1346 εὐδοκιμοῦντας

145 1372 209 1421 ὲν
244 1374 306 1442 τῇ
336 1372 518 1423 πὶστει
568 1370 924 1440 Σαμαρείτας
954 1370 1101 1438 λέγω
1136 1373 1230 1423 καὶ
1255 1369 1595 1425 Γαλιλαίουςο
1630 1369 1751 1437 (καὶ

146 1466 261 1534 γὰρ
300 1464 393 1517 καὶ
424 1463 649 1524 τούτους
675 1461 989 1526 ἐξουθένουν
1020 1463 1094 1525 ὡς
1116 1463 1508 1533 ἀγροικότερον
1537 1463 1751 1521 διακει·

151 1559 373 1628 μένους·
407 1556 487 1608 6:6
516 1557 611 1610 καὶ
650 1543 859 1625 ἔλεγον,
894 1557 974 1611 ὅτι
1005 1576 1023 1607 ι
1057 1556 1351 1629 Προφήτης
1376 1558 1442 1609 ἐκ
1469 1556 1569 1624 τῆς
1597 1555 1752 1615 Γαλι-

144 1649 311 1712 λαίας
344 1650 445 1703 οὐκ
478 1649 823 1722 ἐγήγερται).
875 1669 893 1702 ι
959 1651 1085 1714 τοὺς
1118 1651 1174 1703 δὲ
1206 1651 1501 1715 ἐκλεκτοὺς
1538 1653 1753 1722 νομιζο-

150 1743 373 1815 μένους,
396 1743 898 1813 ἁποῦαλλομένους,
930 1738 1035 1796 οἷοι
1059 1739 1202 1814 ἦσαν
1228 1746 1275 1797 oi
1311 1743 1751 1813 Ἱεροσολυμῖται

161 1834 426 1895 Ἰουδαῖοι,
473 1835 709 1898 Εἰκότως
732 1835 841 1906 ἄρα
878 1836 969 1889 καὶ
990 1837 1038 1888 oi
1060 1836 1270 1889 ἐθνικοὶ
1306 1835 1746 1907 παρεδέχθημεν.

160 1929 253 1980 Ἑν
276 1929 385 1998 γὰρ
420 1930 486 1999 τῇ
519 1929 700 2001 οἰκεία
738 1930 983 1999 πατρίδι,
1014 1934 1079 1998 τῇ
1120 1930 1231 1984 τῶν
1273 1930 1570 1994 Ἰουδαίων,
1603 1932 1748 1993 εἴποι

145 2020 215 2072 ἄν
248 2037 352 2083 τις,
385 2021 703 2092 συναγωγῇ,
737 2022 907 2093 τιμὴν
931 2023 1032 2075 οὐκ
1058 2022 1213 2093 ἔσχεν
1248 2024 1277 2076 6
1303 2026 1590 2095 προφήτης
1622 2025 1749 2093 Χρι-

147 2116 299 2176 στὸς,
335 2114 479 2169 καθὰ
511 2117 756 2187 Μωῦσῆς
789 2116 963 2185 λέγεί,
992 2119 1076 2172 ὅτι
1105 2138 1123 2171 ι
1172 2120 1471 2192 Προφήτην
1503 2120 1749 2193 ἀναστή-

144 2225 229 2265 σει
258 2209 459 2278 Κύριος
485 2211 664 2279 ἡμῶν.
708 2230 725 2262 ν

214 2296 423 2352 Ἶίλοεν
453 2301 545 2354 οὖν
569 2304 597 2354 6
636 2301 839 2373 Ἰησοῦς
870 2302 1033 2356 πάλιν
1070 2306 1149 2367 είς
1178 2301 1280 2373 τὴν
1313 2304 1471 2357 Κανᾶ
1506 2306 1606 2375 τῆς
1643 2304 1749 2358 Γα-

142 2392 384 2459 λιλαίας,
442 2395 580 2447 ὅπου
633 2394 861 2466 ἐποίησε
914 2395 974 2447 τὸ
1015 2395 1159 2466 ὕδωρ
1201 2392 1365 2451 οἶνον.
1406 2398 1520 2451 Καὶ
1560 2393 1629 2468 ἦν
1662 2413 1747 2460 τις

145 2486 329 2556 βασιλι
370 2490 448 2553 ὸς,
482 2487 541 2540 οὗ
572 2491 599 2542 6
655 2490 765 2552 υἱὸς
792 2488 1011 2556 ἠσθένει
1045 2491 1103 2542 ὲν
1138 2490 1534 2561 Καπερναούμ.
1576 2482 1747 2553 Οὗτος

148 2581 412 2643 ἀκούσας,
445 2582 527 2633 ὅτι
572 2580 781 2650 Ἰησοῦς
808 2583 937 2653 ἥκει
964 2585 1026 2634 ἐκ
1060 2581 1161 2651 τῆς
1209 2582 1477 2646 Ἰουδαίας
1521 2584 1599 2646 είς
1646 2584 1747 2654 τὴν

148 2673 465 2735 Γαλιλαίαν,
505 2674 750 2744 ἀπῆλθεν
794 2676 931 2745 πρὶς
961 2676 1145 2739 αὑτὸν,
1178 2676 1273 2728 καὶ
1316 2675 1505 2747 ἠρώτα
1556 2677 1743 2743 αὑτὸν,

144 2768 236 2819 ἵνα
272 2768 484 2837 καταϐῇ
541 2769 635 2820 καὶ
670 2768 889 2837 ἰάσηται
919 2768 1082 2820 αὐτοῦ
1110 2769 1201 2821 τὸν
1230 2768 1343 2820 υἱόν
1365 2785 1378 2802 ο
1415 2767 1608 2839 ἔμελλε
1636 2769 1746 2842 γὰρ

141 2861 536 2930 ἀποθνήσκειν.
563 2856 731 2915 Εἶπεν
758 2856 854 2915 οὖν
884 2863 911 2914 6
960 2861 1180 2930 Ἰησοῦς
1218 2864 1355 2934 πρὸς
1387 2862 1576 2917 αὐτόν·
1616 2864 1746 2917 Ἐὰν

148 2953 229 3023 μὴ
251 2955 457 3022 σημεῖα
488 2956 582 3005 καὶ
614 2954 822 3023 τέρατα
853 2954 1023 3020 ἴδητε,
1063 2954 1125 3007 οὐ
1151 2953 1226 3025 μὴ
1252 2955 1607 3026 πιστεύσητε.
1636 2957 1746 3010 Λέ-

144 3062 234 3112 γει
268 3044 406 3114 πρός
435 3045 601 3097 αὐτὸν
629 3048 657 3098 6
705 3046 983 3115 βασιλικός
1009 3063 1020 3076 ·
1054 3047 1255 3117 Κύριε,
1289 3047 1564 3119 κατάϐηθι
1610 3051 1744 3120 πρὶν

142 3134 441 3188 ἀποθανεῖν
476 3140 537 3188 :6
586 3137 801 3190 παιδίον
852 3155 978 3207 μου.
1030 3139 1197 3207 Λέγει
1252 3140 1457 3209 αὐτῷὀ
1505 3141 1743 3211 Ἰησοῦςο

1857 618 2029 686 reddi,
2067 622 2161 675 scd
2194 634 2388 690 parum
2421 618 2525 673 illis
2563 618 2812 671 tribuunt
2856 617 3029 680 cirrs,
3061 630 3220 670 suam
3266 614 3466 671 confu-

1854 716 2064 771 sionem
2142 713 2530 769 existimantes
2579 710 2809 781 gloriam
2863 710 3277 766 contribulium.
3323 709 3462 765 Cum

1854 807 2094 863 venisset
2136 806 2301 878 igitur
2337 805 2603 861 Dominus
2650 804 2703 857 in
2759 801 3069 867 Galilaeam,
3106 802 3461 860 crediderunt

1854 900 2061 958 Galiizci
2085 937 2102 965 ,
2137 900 2265 971 quia
2295 899 2550 953 viderant
2576 897 2734 969 signa
2770 896 2910 950 facta
2954 896 3006 950 iu
3043 895 3461 967 Hierosolymis.

1853 994 2019 1065 Atqui
2070 991 2405 1050 Samaritani
2452 991 2799 1061 probatiores
2836 997 2994 1045 erant
3027 990 3119 1058 qui
3170 999 3225 1043 et
3254 990 3464 1060 absque

1854 1087 2024 1158 signis
2057 1084 2225 1140 verbo
2252 1083 2497 1141 mulieris
2525 1083 2899 1143 crediderant.
2948 1083 3080 1138 Vide
3110 1092 3299 1137 autem
3337 1083 3465 1139 ubi-

1854 1193 1961 1249 que
1990 1192 2085 1234 eos
2106 1177 2202 1248 qui
2224 1177 2418 1245 abjecti
2445 1176 2813 1241 habebantur,
2840 1175 3107 1231 celebrari
3134 1186 3191 1229 ut
3218 1174 3462 1246 patiores

1856 1271 1994 1339 ﬁde,
2028 1272 2410 1330 Samaritauos
2442 1271 2565 1329 dico
2605 1281 2661 1325 et
2708 1268 2983 1325 Galilmos.
3016 1266 3154 1324 Nam
3189 1268 3288 1324 hos
3322 1284 3462 1323 eone

1857 1368 2172 1423 lemnebant
2203 1375 2261 1420 ut
2290 1365 2660 1439 agrestiores;
2696 1365 2815 1420 ideo
2844 1377 2892 1416 et
2933 1362 3190 1419 dicebant
3217 1378 3234 1417 :
3267 1380 3285 1413 ι
3328 1359 3468 1415 Pro-

1854 1462 2017 1529 pheta
2056 1472 2123 1513 ex
2158 1455 2381 1513 Galilasa
2435 1457 2882 1511 nonsurrexit“
2912 1497 2928 1522 ,
2994 1475 3012 1508 ι
3070 1470 3165 1511 eos
3205 1470 3337 1511 vero
3366 1453 3465 1526 qui

1853 1552 2017 1608 electi
2050 1550 2406 1622 putabantur,
2441 1549 2626 1618 abjici,
2651 1549 2849 1620 quales
2879 1548 3101 1605 fuerunt
3140 1547 3467 1619 Hierosoly-

1855 1646 2044 1700 tnilani
2087 1643 2287 1701 Judaei.
2341 1643 2532 1698 Merito
2590 1644 2762 1713 igitur
2820 1653 2875 1699 et
2928 1643 3162 1715 gentiles
3220 1642 3465 1711 suscepti

1855 1751 2004 1796 ltuit.
2044 1738 2180 1793 Nam
2210 1738 2265 1793 in
2311 1752 2409 1793 sua
2458 1740 2657 1808 patria,
2695 1753 2798 1792 uoc
2825 1747 2907 1792 est
2944 1736 2998 1791 in
3039 1734 3312 1808 synagoga
3367 1734 3469 1792 Ju-

1856 1834 2121 1898 dmorum,
2156 1831 2422 1886 honorem
2469 1845 2577 1884 non
2612 1829 2851 1883 habebat
2882 1830 3150 1898 pmphcta
3183 1826 3464 1892 Christus,

1854 1926 1996 1979 sicut
2023 1924 2201 1979 Moses
2224 1924 2359 1978 dicit
2386 1942 2398 1977 :
2433 1943 2451 1976 ι
2492 1923 2822 1993 Prophetam
2850 1921 3142 1978 suscitath
3177 1922 3331 1978 vobis
3356 1922 3465 1977 Do-

1856 2022 2040 2076 minus
2060 2019 2128 2074 ⁸³.
2168 2038 2187 2071 ι

1926 2317 2095 2373 Vens.
2134 2314 2331 2371 lii-50.
2366 2334 2383 2365 ι
2426 2314 2587 2369 Venit
2628 2329 2759 2386 ergo
2786 2312 2945 2371 Jesns
2974 2316 3173 2370 iterum
3220 2315 3270 2370 in
3310 2316 3460 2373 Cana

1851 2409 1897 2468 G
1922 2409 2111 2473 .liltcae,
2145 2407 2233 2462 ubi
2280 2407 2484 2460 fecerat
2524 2419 2591 2481 ex
2623 2418 2763 2473 aqua
2821 2403 3029 2458 viuum.
3083 2402 3149 2458 Et
3178 2414 3300 2459 erat
3333 2403 3463 2475 qui-

1853 2506 1974 2555 dam
2012 2501 2191 2571 regius
2243 2498 2398 2569 cujus
2458 2498 2603 2551 [ilius
2654 2494 3044 2551 inlirmabatur
3089 2495 3461 2567 Capernaum.

1852 2592 1951 2647 llic
1975 2608 2098 2647 cum
2131 2591 2374 2646 audisset
2406 2592 2547 2660 quod
2582 2589 2745 2646 Jesns
2777 2588 3091 2644 advenisset
3122 2604 3152 2644 a
3182 2586 3366 2644 .Iudaza
3406 2591 3462 2645 in

1851 2686 2155 2748 Galilaeam,
2182 2685 2317 2739 abiit
2353 2683 2418 2737 ad
2443 2698 2593 2747 cum,
2625 2691 2680 2737 et
2712 2683 2938 2753 rogabat
2968 2696 3094 2737 eum
3140 2690 3201 2736 ut
3228 2682 3460 2739 descen-

1852 2781 2005 2831 deret
2063 2789 2128 2829 ac
2184 2785 2407 2830 sanaret
2468 2774 2641 2844 ipsius
2670 2773 2844 2827 ﬁlium
2882 2791 2894 2826 :
2928 2773 3201 2843 siquidem
3240 2774 3287 2827 is
3329 2788 3461 2842 age-

1852 2868 1947 2923 bat
1980 2868 2243 2921 animam.
2290 2867 2433 2921 Dixit
2464 2881 2596 2936 ergo
2634 2863 2797 2920 Jcsus
2845 2866 2912 2918 ad
2944 2881 3069 2921 eum
3109 2882 3123 2919 :
3160 2863 3278 2921 Nisi
3303 2865 3459 2937 signa

1850 2971 1905 3017 et
1938 2960 2180 3030 prodigia
2220 2958 2504 3022 videritis,
2546 2974 2652 3013 non
2707 2957 2964 3012 credetis.
3012 2956 3155 3011 Dixit
3206 2958 3274 3011 ad
3332 2974 3458 3013 eum

1849 3055 2034 3124 regius
2065 3068 2079 3106 :
2121 3052 2370 3117 Domine,
2396 3051 2666 3106 descende
2688 3054 3005 3121 priusquam
3028 3050 3298 3106 tnnriatur
3318 3050 3462 3107 {ilius

1852 3159 2026 3200 meus.
2065 3142 2206 3198 Dicit
2234 3143 2283 3198 ei
2306 3141 2505 3198 Jesus:
2543 3141 2729 3206 Vade,
2764 3141 2906 3197 ﬁlius
2945 3151 3075 3196 tuus
3129 3141 3280 3196 vivit.
3324 3139 3460 3195 Cre-

146 3225 416 3293 Πορεύου,
447 3229 473 3279 6
506 3229 620 3290 uio';
654 3245 745 3281 σου
782 3228 867 3299 ζῇ.
898 3230 1008 3282 Καὶ
1035 3230 1359 3285 ἐπίστευσεν
1394 3234 1422 3286 6
1451 3232 1743 3305 ἄνθρωπος

1852 3237 1989 3292 didit
2014 3237 2181 3291 homo
2198 3234 2615 3303 sermoniqnem
2641 3234 2858 3288 dixerat
2887 3234 2934 3287 ei
2972 3229 3153 3297 Jesus,
3186 3240 3244 3287 ct
3273 3232 3405 3287 ibat.
3435 3250 3454 3284 ι

146 3319 227 3388 τῷ
258 3319 423 3391 λόγῳ,
459 3316 502 3389 ᾧ
532 3318 687 3374 εἶπεν
722 3322 874 3392 αὐτῷ
906 3324 933 3374 6
964 3324 1196 3394 Ἰησοῦς,
1230 3324 1326 3378 καὶ
1356 3325 1675 3398 ἐπορεύετο.
1720 3348 1740 3381 ι

158 3414 599 3485 ’Δναμιμνήσκει
654 3416 801 3485 ἡμᾶς
832 3417 860 3467 6
886 3416 1292 3488 εύαγγελιστὴς
1322 3418 1420 3472 τοῦ
1473 3422 1531 3472 ἐν
1585 3423 1745 3493 Κανᾷ

145 3504 452 3574 θαύματος,
486 3506 623 3559 ὅπου
648 3507 870 3574 ἐγένετο
898 3510 959 3560 τὸ
983 3506 1128 3579 ὕδωρ
1158 3504 1324 3577 οἶνος,
1363 3511 1483 3581 ἅμα
1526 3513 1627 3582 μὲν
1653 3514 1745 3568 διὰ

144 3599 209 3649 :6
252 3596 488 3666 αὐξῆσαι
536 3599 646 3650 τῶν
682 3598 1043 3668 Σαμαρειτῶν
1076 3602 1137 3653 :6
1184 3602 1466 3673 ἐγκώμιον
1510 3604 1596 3675 (οἱ
1642 3608 1743 3674 μὲν

144 3689 259 3759 γὰρ
291 3689 591 3753 Γαλιλαῖοι,
625 3690 780 3758 φησὶ,
816 3692 910 3743 καὶ
954 3691 1061 3744 ἀπὸ
1090 3692 1200 3745 τῶν
1241 3694 1299 3746 ἐν
1340 3695 1745 3767 Ἰεροσολύμοις

144 3777 243 3834 καί
272 3781 382 3834 ἀπὸ
414 3781 521 3834 τῶν
562 3782 692 3851 παρ’
725 3783 912 3845 αὐτοῖς
957 3785 1269 3854 γενομένων
1300 3790 1545 3857 σημείων
1580 3792 1743 3844 αὑτὸν

144 3877 431 3941 ἐδέξαντο·
460 3878 508 3930 oi
536 3877 593 3930 δὲ
646 3877 1000 3949 Σαμαρεῖται
1054 3879 1166 3932 ἀπὸ
1197 3879 1368 3949 μόνης
1398 3881 1498 3952 τῆς
1529 3900 1744 3955 μαρτυ-

146 3973 272 4043 ρίας
297 3972 395 4042 τῆς
429 3972 714 4039 γυναικὸς,
753 3974 851 4025 καὶ
881 3973 979 4042 τῆς
1021 3973 1188 4028 αὐτοῦ
1217 3973 1314 4027 τοῦ
1356 3976 1566 4046 Κυρίου
1597 3976 1743 4031 διδα-

148 4064 431 4131 σκαλίας),
453 4063 572 4131 ἅμα
596 4062 653 4115 δὲ
685 4065 779 4115 καὶ
804 4063 896 4117 ἵνα
923 4063 1073 4135 δείξῃ
1101 4066 1255 4136 ἡμῖν,
1286 4066 1371 4119 ὅτι
1400 4067 1496 4120 καὶ
1523 4069 1551 4119 6
1583 4068 1741 4137 βασι-

143 4158 297 4219 λικὸς
330 4158 440 4209 ἀπὸ
469 4156 564 4209 τοῦ
613 4161 670 4211 ἐν
696 4159 853 4229 Κανᾷ
889 4157 1171 4229 θαύματος
1198 4159 1413 4230 ἀγαθήν
1441 4178 1565 4215 τινα
1611 4162 1742 4233 περὶ

144 4250 242 4302 τοῦ
273 4248 514 4320 Χριστοῦ
551 4250 824 4322 ὑπόληψιν
860 4251 1101 4319 ἐδέξατο,
1130 4255 1179 4305 εί
1204 4255 1298 4307 καὶ
1325 4253 1399 4326 μὴ
1431 4254 1530 4325 τὴν
1558 4254 1739 4320 ἀξίαν,

145 4342 436 4396 Βασιλικον
466 4342 524 4395 δὲ
554 4341 742 4395 τοῦτον
791 4342 965 4408 καλεῖ,
1010 4342 1043 4414 ἢ
1075 4343 1150 4407 ὡς
1175 4345 1237 4397 ἐκ
1260 4345 1450 4413 γένους
1476 4346 1607 4399 ὄντα
1636 4345 1738 4415 βα-

146 4435 385 4500 σιλικοῦ,
408 4436 442 4507 ἢ
464 4436 681 4504 ἀξίωμά
708 4454 759 4489 τι
790 4435 969 4507 ἀρχῆς
1001 4436 1191 4507 ἕτερον
1222 4436 1370 4490 οὕτω
1390 4437 1739 4509 καλούμενον

145 4529 364 4600 ἔχοντα.
396 4524 546 4598 Ἀρα
579 4524 693 4595 οὖν,
739 4531 895 4601 φησὶ,
937 4530 1035 4582 καὶ
1080 4529 1247 4593 αὑτός
1280 4532 1430 4585 ἐστιν
1475 4526 1631 4597 οὗτος
1663 4530 1741 4602 τῷ

1854 3328 2151 3385 Recordari
2204 3342 2305 3383 nos
2348 3325 2480 3381 facit
2509 3326 2850 3397 evangelista
2890 3324 3143 3380 miraculi
3181 3324 3236 3378 in
3283 3323 3459 3388 Cana,

1850 3422 1942 3477 ubi
1971 3436 2110 3491 aqua
2137 3418 2280 3475 faeta
2309 3430 2394 3476 est
2423 3419 2636 3485 viuum,
2669 3430 2724 3473 et
2756 3420 2977 3473 interim
3008 3428 3069 3473 ut
3098 3430 3312 3474 crescat
3340 3418 3461 3474 laus

1849 3512 2346 3568 Samaritanorum.
2393 3510 2528 3566 Nam
2581 3522 2636 3566 et
2689 3509 2898 3567 Galilei
2958 3511 3207 3578 quidem,
3258 3512 3459 3581 inquit,

1849 3615 2213 3676 susceperunt
2260 3620 2385 3660 eum
2444 3613 2668 3676 propter
2716 3606 2870 3675 signa
2905 3620 3024 3673 qtne
3064 3604 3209 3658 facta
3242 3611 3372 3658 sunt
3405 3604 3459 3659 in

1848 3699 2263 3769 Hierosolymis,
2298 3708 2354 3753 et
2410 3698 2555 3769 apud
2601 3714 2660 3753 se
2712 3716 2726 3753 :
2781 3698 3118 3754 Samaritani
3164 3707 3349 3751 autem
3386 3698 3459 3751 ob

1847 3794 2014 3849 solius
2051 3791 2298 3845 mulieris
2337 3789 2750 3856 testimonium,
2779 3798 2834 3844 et
2884 3789 3057 3855 ipsius
3091 3789 3317 3859 Domini
3353 3789 3455 3842 dn-

1846 3887 2101 3942 ctrinam.
2156 3882 2412 3940 Ostendit
2454 3885 2680 3950 insuper
2737 3882 2883 3951 quod
2937 3891 2992 3936 et
3040 3880 3221 3952 regius
3258 3881 3349 3934 ille
3389 3896 3458 3935 ex

1848 3977 2116 4031 miraculo
2150 3977 2296 4045 quod
2330 3975 2385 4030 in
2427 3973 2573 4030 Cana
2604 3986 2725 4031 erat
2760 3974 2990 4039 factum,
3031 3974 3229 4028 bonam
3264 3989 3459 4044 quam—

1847 4071 1972 4127 dam
2005 4072 2071 4126 de
2096 4070 2317 4125 Christo
2347 4068 2658 4139 opinionem
2699 4077 3057 4137 conceperat,
3098 4069 3315 4121 tametsi
3354 4068 3460 4121 mi-

1847 4178 1950 4215 nus
1993 4160 2237 4229 dignam.
2278 4159 2508 4231 Regium
2544 4168 2728 4213 autem
2784 4158 2938 4213 illum
2971 4169 3157 4226 vocat,
3196 4161 3279 4215 vel
3310 4160 3457 4228 quod

1845 4268 1912 4309 ex
1948 4252 2097 4322 regio
2124 4259 2244 4307 erat
2293 4266 2494 4322 genere
2518 4291 2534 4317 ,
2570 4251 2656 4305 vel
2691 4250 2835 4322 quod
2874 4252 3101 4323 gerebat
3131 4252 3457 4323 dignitatem

1845 4346 2141 4415 quamdam
2171 4346 2240 4399 ob
2262 4359 2425 4414 quam
2458 4344 2536 4399 sic
2565 4348 2889 4400 vocabatur.
2920 4346 3057 4400 Num
3090 4346 3276 4416 igitur,
3313 4348 3460 4403 dicet

1846 4438 1990 4507 quis,
2014 4437 2155 4491 idem
2176 4444 2260 4491 est
2281 4451 2406 4490 cum
2434 4438 2755 4492 centurione
2773 4443 2914 4507 apud
2936 4437 3291 4493 Matthaeum?
3317 4438 3457 4493 Nam

1846 4536 1903 4584 et
1938 4527 2030 4583 ille
2062 4543 2131 4583 ex
2160 4526 2511 4598 Capernaum
2540 4537 2681 4583 erat.
2716 4526 2837 4582 Non
2876 4529 3073 4599 opinor
3104 4529 3361 4599 equidem
3391 4531 3461 4585 il-

148 4622 303 4692 παρὰ
329 4620 407 4692 τῷ
450 4620 719 4693 Ματθαίῳ
743 4623 1130 4697 ἑκατοντάρχῳ
1158 4642 1173 4693 ;
1209 4626 1306 4679 καὶ
1352 4626 1462 4697 γὰρ
1488 4626 1742 4689 κάκεῖνος

1852 4619 1956 4676 lum
1998 4633 2147 4683 esse,
2179 4620 2276 4675 sed
2305 4620 2495 4675 alium.
2535 4620 2670 4673 Nam
2712 4620 2802 4675 ille
2834 4622 3055 4692 quidem
3088 4632 3143 4675 et
3177 4623 3453 4678 volentem

144 4717 205 4767 ὲν
227 4717 606 4787 Καπερναοὺμ
626 4712 715 4789 ἦν.
745 4718 859 4771 Οὐκ
882 4712 1036 4787 οἴμαι
1056 4719 1237 4773 τοίνυν
1263 4719 1359 4773 τὸν
1385 4719 1550 4774 αὐτὸν
1575 4717 1738 4786 εἶναι,

144 4808 263 4862 ἀλλ’
292 4808 501 4879 ἕτερον.
546 4810 804 4873 Ἐκεῖνος
820 4811 920 4882 μὲν
945 4812 1055 4881 γὰρ
1088 4812 1183 4865 καὶ
1205 4811 1535 4883 βουλόμενον
1562 4812 1741 4867 ἐλθεῖν

146 4892 242 4954 τὸν
301 4902 539 4971 Χριστὸν
584 4902 876 4957 διακωλύει
902 4944 916 4969 ,
954 4907 1128 4971 λέγων
1149 4920 1160 4933 θ
1192 4924 1211 4956 ι
1252 4906 1367 4959 Οὐκ
1398 4907 1517 4976 εἰμὶ
1543 4904 1695 4971 ἄξιος
1715 4946 1729 4969 ,

150 4990 240 5043 ἵνα
286 5007 391 5059 μου
448 4991 555 5044 ὑπὸ
594 4992 694 5062 τὴν
727 4993 931 5063 στέγην
985 4993 1272 5065 εἰσέλθῃςο
1306 5014 1324 5047 ›
1362 4991 1520 5059 οὗτος
1560 4996 1618 5049 δὲ
1657 4999 1740 5061 εἰς

160 5081 251 5152 τὴν
276 5080 456 5135 οἰκίαν
485 5082 653 5136 αὐτοῦ
697 5082 849 5137 ἕλκει
875 5085 968 5139 τὸν
1013 5084 1245 5154 Ἰησοῦν.
1272 5088 1546 5141 Κάκείνου
1579 5087 1680 5158 μὲν
1711 5089 1740 5140 6

150 5177 302 5237 παῖς,
340 5176 511 5245 ἤγουν
535 5178 563 5230 6
592 5176 798 5242 δοῦλος,
829 5178 1064 5248 παρέσει
1098 5179 1389 5249 κατείχετο
1416 5196 1429 5211 ο
1459 5179 1653 5233 τούτου
1679 5180 1737 5233 δὲ

150 5267 179 5319 6
205 5268 319 5331 υίδις
368 5269 610 5339 πυρετῷ.
662 5271 840 5323 Κάκεῖ
872 5271 970 5341 μὲν
1004 5271 1113 5323 ἀπὸ
1148 5270 1243 5325 τοῦ
1273 5273 1435 5343 ὅρους
1468 5272 1737 5339 καταϐὰς,

148 5358 228 5420 είς
272 5361 652 5431 Καπερναοὺμ
704 5363 927 5431 εἰσῆλθε
962 5380 974 5393 ·
1028 5362 1125 5416 νῦν
1144 5363 1222 5425 δὲ,
1254 5366 1365 5419 ἀπὸ
1406 5368 1506 5435 τῆς
1553 5366 1742 5434 Σαμα-

150 5454 324 5521 ρείας,
364 5456 460 5506 καὶ
486 5455 587 5506 οὐκ
614 5455 694 5517 εἰς
720 5456 878 5508 Καπε
891 5460 1121 5525 ρναουμ,
1148 5457 1263 5510 ἀλλ’
1294 5460 1373 5521 είς
1399 5458 1575 5512 Κανᾶ.
1620 5460 1744 5512 Ἐπὶ

147 5547 336 5609 πᾶσιν,
378 5549 587 5609 ἐκεῖνος
624 5548 725 5618 μὲν
777 5550 1179 5620 ἑκατόνταρχος
1213 5566 1225 5579 ⁸
1252 5544 1407 5616 οὗτος
1426 5552 1505 5615 δὲ,
1532 5553 1739 5622 βασιλι-

148 5637 240 5699 κὸς
268 5638 327 5689 :6
354 5638 593 5710 ἀξίωμα.
622 5639 791 5706 Ἀξιοῖ
814 5642 913 5711 μὲν
936 5639 1031 5697 οὖν
1057 5647 1083 5696 6
1106 5643 1383 5714 βασιλικὸς
1414 5648 1506 5698 τὸν
1536 5646 1740 5718 Κύριον

151 5731 458 5797 κατελθεῖν,
508 5734 584 5796 ὡς
621 5734 844 5805 ἰάσηται
875 5736 968 5788 τὸν
1000 5737 1115 5789 υἱόν
1151 5754 1163 5764 ·
1202 5740 1228 5790 6
1260 5738 1315 5790 δὲ
1377 5737 1580 5805 Κύριος
1616 5739 1743 5792 καθ-

219 5896 259 5925 ’*
293 5895 447 5950 Joan.
482 5913 573 5959 ru,
776 5899 821 5949 ³⁸
847 5899 1005 5956 Deut.
1038 5916 1187 5964 xt'nt,

1849 4714 2038 4771 venire
2075 4713 2360 4770 Christum
2401 4713 2676 4783 prohibet,
2714 4714 2904 4771 dicens
2942 4735 2955 4769 :
2994 4734 3012 4767 ι
3048 4714 3166 4770 Non
3214 4733 3335 4773 sum
3366 4718 3454 4773 di-

1848 4826 1987 4881 gnus
2022 4819 2079 4865 ut
2104 4809 2207 4864 sub
2239 4817 2439 4865 tectum
2467 4824 2645 4865 meum
2682 4810 3014 4886 ingrediaris
3041 4810 3108 4866 “.
3148 4830 3166 4862 ι
3193 4810 3296 4867 Iste
3328 4827 3453 4869 vero

1847 4904 2035 4960 Jesum
2067 4905 2119 4958 in
2144 4904 2365 4958 domum
2394 4918 2551 4958 suam
2584 4904 2774 4959 trahit.
2800 4904 2867 4957 Et
2902 4904 3047 4960 illius
3071 4903 3291 4975 quidem
3317 4920 3455 4974 puer

1849 4997 2086 5068 paralysi
2109 4996 2474 5063 detinebatur,
2505 5012 2696 5052 servus
2730 4997 2984 5053 videlicet
3021 5016 3036 5052 :
3072 4998 3235 5054 istius
3268 5008 3451 5057 autem

1852 5090 1994 5145 ﬁlius
2030 5090 2190 5146 febri.
2220 5088 2287 5143 Et
2346 5088 2455 5144 illic
2487 5090 2711 5161 quidem
2753 5106 2878 5145 cum
2923 5106 2951 5145 a
2990 5101 3178 5147 monte
3210 5092 3456 5149 descen-

1849 5183 2039 5249 disset,
2072 5192 2127 5237 et
2160 5183 2506 5253 Capernaum
2551 5183 2833 5255 ingressus
2864 5195 2951 5240 est
2978 5201 2991 5238 :
3032 5201 3179 5241 nunc
3203 5194 3389 5242 autem
3421 5202 3453 5242 a

1850 5274 2124 5334 Samaria.
2148 5284 2200 5330 ct
2229 5290 2339 5330 non
2376 5277 2429 5330 in
2455 5277 2800 5347 Capernaum
2823 5320 2836 5344 ,
2869 5278 3035 5350 566
3066 5280 3163 5336 sed
3199 5281 3251 5335 in
3278 5280 3450 5343 Cana.

1851 5366 1904 5419 In
1930 5382 2165 5433 summa,
2189 5369 2280 5423 ille
2303 5372 2550 5425 centurio
2574 5411 2588 5437 ,
2620 5372 2708 5425 hic
2736 5380 2919 5427 autem
2944 5373 3125 5443 regius
3144 5374 3245 5429 fuit
3275 5376 3452 5446 digni-

1852 5471 1981 5517 tate.
2020 5461 2153 5518 Orat
2188 5466 2352 5533 igitur
2400 5467 2584 5537 regius
2619 5468 2711 5521 ille
2745 5469 3032 5524 Dominum
3069 5478 3126 5522 ut
3156 5467 3457 5525 descendat

1850 5557 1916 5610 ad
1954 5560 2263 5612 sanandum
2304 5560 2498 5614 ﬁlium.
2537 5561 2607 5613 At
2648 5562 2915 5616 Dominus
2949 5564 3267 5635 perstringit
3303 5581 3448 5628 eum,

1848 5660 2033 5718 utpote
2060 5668 2167 5705 non
2206 5657 2523 5722 perlectam.
2556 5658 2649 5711 scd
2684 5672 2908 5725 parram
2945 5658 3235 5711 habentem
3267 5658 3447 5712 ﬁdem.

1853 5741 2089 5798 [litando
2112 5748 2282 5810 enim,
2310 5767 2327 5797 ι
2356 5748 2653 5814 Descende,
2678 5751 2996 5820 priusquam
3023 5753 3286 5806 moriatur
3312 5749 3455 5805 lilius

1416 5904 1456 5935 “
1490 5905 1678 5961 Matth.
1717 5922 1831 5971 t'tn,
1865 5910 1916 5960 3.
