3936 6400
560 358 667 423 235

1409 349 1993 414 THEOPHYL.\CTI
2042 343 2463 409 BULGARLE
2496 342 2868 404 ARCHIEP.

3697 331 3803 395 1926

526 488 701 538 meus,
735 490 752 523 ι
793 469 1157 524 infirmitatem
1192 462 1315 519 ﬁdei
1361 479 1472 519 sua:
1517 462 1752 517 ostendit
1788 478 1799 512 :
1834 461 1958 530 quin
2003 474 2105 513 non

2219 458 2526 525 απτόμενος
2557 456 2746 520 αὐτοῦ,
2778 456 2849 514 ὡς
2881 452 2955 522 μὴ
2990 452 3203 509 τελείαν
3237 450 3334 522 τὴν
3359 449 3588 515 πίστιν,
3624 448 3731 501 ἀλλ’
3759 454 3807 499 ἐκ

525 565 780 621 credebat
804 561 972 631 quod,
1020 560 1063 613 si
1100 559 1442 625 contingeret
1474 554 1609 609 mori
1649 553 1814 606 lilium
1842 592 1855 616 ,
1911 562 2105 622 potens

523 665 670 713 esset
716 670 837 709 eum
897 653 1185 707 suscitare.
1231 650 1520 719 Propterea
1559 646 1932 717 perstringens
1978 660 2103 699 eum

523 744 693 798 dicit:
737 759 755 791 ι
813 739 924 793 Nisi
964 740 1115 809 signa
1151 748 1203 794 et
1234 737 1476 809 prodigia
1515 735 1778 799 videritis,
1818 751 1920 788 non
1982 750 2103 787 cre-

525 832 679 885 detis.
715 830 998 885 r'ln’terint
1048 841 1226 883 autem
1277 839 1331 884 et
1389 828 1523 883 alios
1568 828 1717 882 cives
1764 826 2103 895 Capernaum

522 935 761 979 accusat.
798 923 1055 977 Videntur
1082 923 1227 977 enim
1252 922 1452 990 ubique
1495 922 1564 976 ob
1593 922 1818 975 multam
1852 919 2103 989 incredu-

522 1018 729 1071 litatem
766 1016 1139 1072 condemnari.
1175 1013 1348 1082 Igitur
1380 1013 1637 1082 quoniam
1689 1013 1918 1066 inﬁrma:
1948 1025 2101 1065 men-

523 1110 591 1161 tis
621 1118 736 1162 erat
771 1108 975 1177 regius,
1011 1115 1063 1158 et
1095 1106 1316 1175 urgebat
1347 1103 1632 1157 Dominum
1669 1113 1722 1154 ut
1748 1100 2105 1158 descenderet

484 1202 585 1253 'ad
635 1201 934 1254 sanandum
982 1197 1147 1251 lilium
1184 1213 1196 1250 :
1228 1196 1524 1251 ostendens
1553 1195 1599 1247 ei
1661 1191 1908 1248 Salvator
1958 1191 2101 1260 quod

518 1293 683 1347 etiam
736 1293 929 1346 absens
982 1300 1165 1359 posset
1198 1291 1371 1358 ipsum
1414 1302 1631 1351 sanare,
1670 1285 1841 1340 dicit:
1875 1304 1892 1337 ι
1934 1285 2101 1347 Vade,

524 1383 666 1438 iilius
724 1393 845 1435 tuus
897 1382 1046 1435 vivit.
1087 1400 1104 1432 ι
1140 1364 1383 1449 Denique
1431 1382 1585 1450 pueri
1636 1380 1852 1448 quidem
1889 1381 2104 1438 sanavit

518 1475 748 1538 febrem,
785 1474 956 1543 patris
1009 1483 1186 1527 autem
1236 1470 1699 1527 incredulitatem.
1736 1471 1891 1525 Sci'as
1922 1481 2100 1525 autem

518 1566 661 1618 aliud
691 1580 810 1619 esse
844 1566 1077 1635 signum,
1098 1564 1246 1618 aliud
1270 1564 1599 1633 prodigium.
1627 1562 1758 1616 Nam
1796 1564 2102 1633 prodigium

521 1654 578 1715 iit
604 1666 801 1724 pra-ter
846 1665 1093 1708 naturam
1120 1694 1135 1720 ,
1166 1663 1221 1707 ut
1250 1662 1333 1709 est
1360 1654 1572 1724 aperire
1600 1654 1787 1709 oculos
1804 1654 1931 1707 caeci
1967 1652 2099 1719 nati,

519 1757 566 1802 ct
598 1748 838 1806 excitare
877 1738 1151 1802 mortuum
1204 1764 1221 1807 ;
1268 1748 1479 1816 signum
1538 1755 1719 1799 autem
1753 1761 1860 1799 non
1905 1756 2103 1815 praeter

2219 549 2419 617 μέρους
2479 546 2695 615 ἔχοντος
2756 546 2898 615 (καὶ
2947 544 3055 613 γὰρ
3092 544 3151 595 τὸ
3188 546 3393 605 είπεῖν,
3448 560 3466 592 t
3536 539 3807 608 Κατάϐηθι

2218 639 2349 708 πρὶν
2376 637 2670 690 ἀποθανεῖν
2697 636 2790 688 τὸν
2836 634 2951 689 υίάθ
2980 651 3081 703 μου
3105 676 3119 698 ,
3162 651 3180 685 ι
3232 634 3332 702 τὴν
3387 632 3701 684 ἀσθένειαν
3732 631 3809 696 τῆς

2217 730 2455 792 πίστεως
2484 728 2649 781 αὑτοῦ
2682 728 2937 796 ἐμφαίνει
2962 770 2977 793 ,
3010 727 3085 790 ὡς
3114 726 3190 797 μὴ
3222 726 3622 790 πιστεύοντος,
3660 725 3737 778 ὅτι
3773 726 3808 775 εἰ

2214 824 2307 876 καὶ
2337 822 2517 893 συμϐῇ
2550 823 2712 875 αὑτὸν
2756 822 3071 882 ἀποθανεῖν,
3108 822 3335 884 δυνατός
3384 825 3549 875 ἔστιν
3582 820 3809 887 ἀναστῆ-

2216 930 2306 966 σαι
2359 913 2583 983 αὐτὸν),
2637 913 2729 965 διὰ
2767 912 3093 966 ταῦταοῦν
3152 912 3592 981 καθαπτόμενος
3642 912 3810 975 αὑτοῦ,

2215 1004 2378 1075 φησίν
2406 1020 2419 1034 ·
2462 1022 2479 1055 t
2533 1004 2655 1057 Ἐὰν
2686 1003 2761 1074 μὴ
2800 1007 3002 1073 σημεῖα
3037 1005 3131 1057 καὶ
3176 1005 3379 1075 τέρατα
3425 1006 3611 1075 ἴδητε,
3648 1006 3707 1058 οὐ
3752 1008 3813 1075 μὴ

2213 1094 2565 1166 πιστεύσητε·
2600 1114 2618 1150 ι
2650 1095 2767 1165 ἅμα
2798 1096 2853 1148 δὲ
2883 1096 2976 1148 καὶ
3010 1094 3120 1147 τῶν
3156 1096 3359 1165 ἐτέρων
3396 1096 3653 1148 πολιτῶν
3699 1113 3813 1148 κατ-

2215 1187 2433 1257 ηγορῶν
2493 1188 2603 1239 τῶν
2663 1189 2723 1239 ἐν
2770 1190 2837 1256 τῇ
2904 1189 3305 1256 Καπερναούμ.
3362 1187 3678 1239 Φαίνονται
3723 1188 3811 1253 γὰρ

2214 1280 2491 1351 πανταχοῦ
2541 1280 2742 1351 πολλὴν
2783 1281 3047 1333 ἀπιστίαν
3094 1280 3611 1351 κατηγορούμεναι.
3678 1280 3814 1332 Ἐπεὶ

2211 1373 2304 1435 οὖν
2331 1374 2563 1444 ἀσθενὴς
2601 1370 2669 1445 ἦν
2693 1374 2720 1425 6
2753 1374 3035 1444 βασιλικὸς
3064 1375 3164 1445 τὴν
3225 1374 3489 1450 γνώμην,
3548 1376 3655 1428 καὶ
3702 1392 3816 1427 κατ-

2213 1468 2411 1537 ήπειγε
2447 1469 2539 1520 τὸν
2572 1467 2776 1538 Κύριον
2819 1467 3104 1528 κατελθεῖν
3135 1462 3558 1539 εἰς’θερςιπείαν
3581 1466 3682 1520 τοῦ
3713 1486 3817 1520 παι-

2210 1561 2320 1625 δὸς,
2353 1560 2613 1613 δεικνύων
2640 1560 2791 1631 αὐτῷ
2814 1563 2840 1615 6
2888 1561 3102 1632 Σωτὴρ,
3138 1563 3220 1617 ὅτι
3255 1563 3345 1614 κα)⁸
3382 1560 3558 1621 ἀπὼν
3594 1562 3814 1614 δύναται

2212 1652 2375 1706 αὐτὸν
2402 1652 2763 1723 θεραπεῦσαι,
2798 1654 2949 1723 λέγει
2974 1671 2987 1684 ·
3016 1674 3034 1707 ‹
3070 1654 3335 1727 Πορεύου,
3364 1656 3395 1708 6
3423 1655 3545 1717 υίὸς
3577 1672 3676 1708 σου
3696 1653 3760 1725 ζῇ
3797 1671 3813 1707 ι

2222 1742 2445 1813 Ἀ’μέλει
2474 1745 2567 1797 τοῦ
2601 1745 2701 1815 μὲν
2729 1747 2919 1809 παιδὸς
2950 1746 3041 1799 τὸν
3086 1747 3342 1817 πυρετὸν,
3378 1747 3479 1800 τοῦ
3515 1747 3737 1820 πατρὸς
3772 1749 3818 1800 ξρὲ

522 1850 794 1903 naturain,
837 1850 894 1896 ut
936 1849 1019 1896 est
1068 1854 1261 1895 sanare
1287 1840 1584 1899 inﬁrmum.
1621 1838 1873 1893 Perﬁciet
1923 1849 2100 1892 autem

2219 1836 2305 1909 τὴν
2340 1838 2601 1894 ἀπιστίαν
2668 1840 2877 1895 ἰάσατο.
2928 1839 3171 1893 Γίνωσκε
3209 1841 3287 1907 δὲ,
3328 1840 3403 1903 ὡς
3440 1840 3582 1894 ἄλλο
3642 1841 3817 1912 τέρας.

519 1944 573 1985 et
608 1948 747 1985 nunc
795 1932 900 1987 hoc
944 1932 1263 1987 miraculum
1302 1931 1598 1995 Dominus,
1659 1932 1702 1985 si
1766 1930 1891 2001 quis
1952 1931 2101 1985 illum

519 2025 695 2079 adeat.
724 2023 912 2081 Omnis
969 2026 1129 2081 homo
1177 2036 1260 2081 est
1305 2026 1489 2094 regius
1523 2026 1742 2094 quidam
1778 2038 1882 2079 non
1931 2024 2103 2078 solum

520 2117 695 2185 quoad
720 2127 981 2186 cognatus
1013 2128 1231 2187 propter
1274 2120 1509 2172 animam
1549 2116 1966 2182 regiomniuni,
2014 2117 2107 2171 sed

521 2211 683 2264 etiam
719 2212 859 2278 quod
912 2212 1027 2279 ipse
1082 2213 1285 2281 regiam
1346 2213 1665 2283 dignitatem
1717 2229 1879 2283 supra
1917 2228 2111 2268 omnes

523 2304 750 2373 accepit.
787 2304 1065 2367 invenitur
1098 2316 1275 2359 autem
1316 2321 1455 2375 saepe
1484 2309 1689 2363 habens
1720 2306 1936 2376 quidem
1959 2322 2112 2362 men-

522 2405 626 2450 tem
676 2397 828 2464 quasi
886 2396 1050 2450 (ilium
1105 2398 1226 2465 igne
1282 2398 1595 2452 illicitarntn
1634 2398 1979 2468 voluptatum
2056 2407 2111 2451 et

518 2488 973 2558 concupiscentiis
992 2491 1130 2543 male
1149 2490 1509 2544 laborantem.
1541 2490 1596 2546 Si
1625 2492 1789 2563 igitur
1815 2491 2111 2545 accesserit

518 2578 585 2634 ad
612 2577 824 2643 Jesum,
853 2590 907 2636 et
946 2581 1197 2651 petiverit
1218 2583 1285 2635 ab
1316 2597 1380 2637 eo
1407 2592 1466 2635 ut
1518 2584 1831 2649 descendat,
1876 2584 1975 2637 hoc
2005 2592 2107 2647 est,

521 2672 845 2726 misereatur
868 2673 1177 2741 etfremittat
1216 2654 1297 2727 illi
1314 2685 1531 2744 peccata
1569 2676 1879 2745 priusquam
1906 2690 1974 2730 ex
2000 2686 2110 2729 toto

520 2779 551 2824 ε
583 2764 771 2819 morbo
811 2766 1145 2835 voluptatum
1176 2768 1439 2820 moriatur
1469 2784 1482 2821 :
1513 2766 1530 2838 (
1556 2767 1600 2820 si
1628 2767 1772 2825 enim
1800 2766 1969 2821 nostri
2006 2782 2109 2820 non

523 2858 886 2912 misereretur
927 2857 1089 2921 Deus,
1122 2860 1213 2913 sed
1236 2860 1557 2915 observaret
1586 2862 1920 2931 iniquitates,
1940 2870 1993 2915 et
2028 2876 2113 2916 se-

520 2947 753 3004 cundum
777 2949 895 3005 illas
920 2950 1293 3019 ulcisceretur,
1314 2952 1563 3021 quisnam
1594 2954 1887 3008 sustineret
1915 2954 2028 3025 i")
2063 2954 2109 3009 si

522 3038 685 3106 igitur
712 3031 1001 3101 accesserit
1030 3080 1046 3105 ,
1080 3048 1139 3094 ut
1190 3042 1390 3095 dictum
1438 3051 1558 3107 est,
1616 3054 1936 3114 asseqnetur
1965 3044 2109 3113 quod

520 3128 735 3197 qumril,
766 3140 819 3185 et
850 3133 1078 3202 recipiet
1112 3140 1349 3189 nantem
1390 3148 1540 3187 suam
1572 3148 1782 3195 sanam.
1819 3135 2109 3190 Verumta-

521 3237 645 3275 men
680 3224 798 3277 vide
833 3234 885 3278 et
918 3226 1044 3293 quid
1078 3226 1221 3279 dicat
1249 3226 1315 3279 ad
1355 3226 1506 3280 illum
1541 3226 1801 3282 Dominus
1833 3245 1846 3281 :
1887 3245 1907 3280 ι
1936 3228 2106 3295 Vade,

522 3314 663 3369 ﬁlius
694 3324 815 3371 tnns
843 3318 1013 3383 vivit,
1050 3336 1068 3369 ι
1101 3318 1202 3373 hoc
1248 3327 1352 3386 est,
1390 3336 1456 3375 ne
1489 3320 1564 3374 sis
1594 3320 1887 3375 immobilis
1924 3322 1990 3375 ad
2018 3322 2114 3377 bo-

438 3466 441 3467 ν
522 3420 673 3473 num,
698 3409 791 3460 sed
821 3411 971 3471 vade,
997 3417 1052 3463 et
1072 3410 1449 3464 incessabilem
1476 3410 1766 3466 motionem
1793 3415 2016 3469 ostende
2046 3415 2113 3469 ad

523 3501 746 3555 bonum.
777 3498 928 3554 Tunc
962 3501 1108 3555 enim
1140 3500 1282 3556 [ilius
1311 3509 1432 3557 tuus
1455 3504 1621 3558 vivet.
1655 3502 1710 3559 Si
1736 3515 1917 3560 autem
1953 3507 2106 3574 quie-

522 3606 683 3657 \eus,
728 3609 830 3645 non
861 3594 1166 3661 ambulans,
1196 3596 1466 3648 morietur
1504 3597 1664 3665 plane
1700 3611 1854 3654 mens
1898 3608 2014 3665 tua,
2041 3614 2107 3653 eo

527 3686 666 3754 quod
700 3686 763 3737 ad
802 3688 1000 3739 bonum
1041 3696 1093 3740 te
1142 3702 1247 3741 non
1287 3690 1645 3757 promovvris.

2213 1929 2309 1982 καὶ
2338 1928 2467 1981 ἄλλο
2513 1933 2761 2000 σημεῖον.
2804 1931 2984 1999 Τέρας
3043 1930 3144 1999 μὲν
3178 1932 3290 2002 γὰρ
3320 1932 3380 1984 τὸ
3413 1933 3584 2003 παρά
3621 1933 3818 2000 φύσιν,

2210 2018 2323 2075 οἷον
2350 2025 2410 2076 τὸ
2454 2023 2717 2089 διανοῖξαι
2765 2025 3079 2093 ὀφθαλμοὺς
3126 2024 3333 2094 τυφλοῦ
3375 2026 3820 2097 γεγεννημένον,

2212 2115 2310 2167 καὶ
2333 2118 2549 2183 ἐγεῖραι
2592 2116 2785 2187 νεκρόν
2810 2132 2823 2147 ο
2851 2120 3079 2187 σημεῖον
3112 2116 3190 2183 δὲ,
3216 2118 3277 2169 τὸ
3308 2118 3411 2171 οὐκ
3441 2118 3558 2183 ἔξω
3592 2120 3703 2186 τῆς
3735 2120 3823 2187 9‘3-

2218 2224 2379 2271 σεως,
2416 2202 2530 2260 οἷον
2560 2209 2619 2261 τὸ
2658 2208 2841 2262 ἰᾶσθαι
2868 2210 3177 2280 ἄρρωστον.
3210 2210 3437 2263 Τελέσει
3461 2213 3521 2264 δὲ
3544 2216 3649 2265 καὶ
3678 2212 3828 2264 τοῦτο

2211 2301 2271 2355 τὸ
2296 2301 2483 2372 θαῦμα
2517 2301 2612 2355 καὶ
2662 2302 2757 2355 νῦν
2785 2305 2812 2355 6
2839 2303 3043 2373 Κύριος
3074 2304 3169 2355 ἐπὶ
3206 2304 3414 2373 παντὸς
3443 2304 3549 2357 τοῦ
3593 2323 3827 2378 προσερ-

2214 2396 2473 2466 χομένου.
2504 2392 2631 2447 Οἷον
2653 2395 2946 2463 ’βασιλικός
2976 2398 3093 2448 ἐστι
3130 2398 3241 2461 πᾶς
3273 2397 3607 2468 ἅνθρωπος,
3653 2400 3716 2451 οὐ
3744 2400 3829 2469 p6-

2211 2508 2302 2544 vov
2332 2493 2407 2553 ὡς
2436 2490 2530 2544 τοῦ
2563 2489 2832 2560 βασιλέως
2866 2492 3091 2545 πάντων
3125 2493 3399 2563 συγγενὴς
3429 2493 3526 2547 διὰ
3563 2498 3674 2563 τὴν
3733 2496 3826 2565 du-

2212 2583 2335 2655 χὴν,
2365 2583 2505 2637 ἀλλά
2532 2584 2625 2648 καὶ
2660 2584 2736 2647 ὡς
2778 2584 2944 2647 αὐτὸς
2976 2584 3266 2655 βασιλικὴν
3298 2586 3481 2657 ἀρχὴν
3517 2589 3675 2640 κατά
3706 2592 3833 2643 παν-

2212 2693 2321 2730 των
2358 2676 2679 2746 δεξάμενος.
2714 2675 3117 2748 Εὑρίσκεταιδὲ
3146 2676 3410 2741 πολλάκις
3444 2678 3597 2748 ἔχων
3634 2698 3722 2745 τις
3750 2683 3834 2733 τὶν

2214 2768 2361 2837 νοῦν,
2387 2762 2477 2823 οἷα
2505 2770 2642 2832 υίὸν,
2675 2771 2809 2840 πυρὶ
2847 2768 3051 2841 ἡδονῶν
3081 2770 3299 2824 ἀτόπων
3363 2772 3461 2824 καὶ
3496 2773 3835 2843 ἐπιθυμίαις

2216 2864 2403 2925 κακῶς
2443 2862 2656 2933 ἔχοντα.
2684 2863 2750 2916 Ei
2804 2864 2986 2917 τοίνυν
3040 2865 3315 2937 προσέλθῃ
3360 2865 3441 2937 τῷ
3502 2868 3712 2939 Ιησοῦ,
3752 2876 3836 2921 καὶ

2212 2956 2428 3025 αίτήσει
2477 2954 2643 3009 αὑτὸν
2678 2956 3013 3027 καταϐῆναι,
3066 2958 3354 3023 τουτέστι,
3399 2964 3837 3031 πγκαταεάσει

2216 3048 2629 3121 φιλανθρωπίας
2661 3050 2994 3121 χρήσασθαι,
3021 3052 3116 3105 καὶ
3144 3054 3514 3123 συγχωρῆσαι
3545 3055 3716 3132 αὐτῷ
3746 3061 3836 3118 τὰς

2214 3140 2494 3211 ἁμαρτίας
2521 3142 2651 3212 πρὶν
2687 3142 2719 3211 ἢ
2746 3143 2973 3207 τελείως
3008 3145 3115 3198 ἀπὸ
3141 3146 3239 3217 τῆς
3271 3148 3432 3200 νόσου
3461 3147 3585 3201 τῶν
3639 3150 3836 3211 ἐπιθυ-

2216 3232 2355 3305 μιῶν
2394 3234 2781 3306 ἀπονεκρωθῇ,
2816 3237 2887 3305 (εἰ
2937 3235 3014 3309 μὴ
3063 3238 3171 3309 γὰρ
3204 3239 3609 3311 συγκαταδαίη
3655 3243 3837 3312 ἡμῖνό

2215 3326 2372 3391 Θεὸς,
2404 3325 2542 3379 ἀλλὰ
2594 3327 2694 3391 τὰς
2751 3328 2985 3400 ἀνομίας
3044 3334 3529 3403 παρατηρήσαιτο,
3576 3336 3680 3388 καὶ
3719 3338 3837 3388 κατ’

2216 3418 2432 3481 ὲκείνας
2460 3418 2758 3484 ἐξετάσειε,
2784 3422 2865 3484 τίς
2890 3422 3076 3478 λοιπὸν
3104 3425 3479 3496 ὑποστήσεται
3501 3430 3545 3494 ς)
3580 3431 3633 3481 εἰ
3666 3446 3838 3501 xpos-

2218 3509 2349 3581 ἐλθῃ
2382 3513 2585 3579 τοίνυν,
2616 3514 2691 3576 ὡς
2728 3514 2971 3585 εἴρηται,
3029 3518 3281 3585 τεύξεται
3310 3520 3407 3573 τοῦ
3450 3521 3835 3595 ζητουμένου,

2218 3603 2313 3655 καὶ
2352 3604 2697 3675 ἀπολήψεται
2725 3609 2816 3665 τὸν
2846 3608 2971 3663 νοῦν
3002 3610 3167 3664 αὑτοῦ
3191 3612 3341 3679 ὑγιᾶ.
3390 3615 3548 3685 Πλὴν
3572 3618 3686 3687 δρα.
3748 3619 3836 3671 καὶ

2220 3698 2272 3748 τί
2310 3714 2476 3766 φησιν
2515 3702 2543 3752 6
2578 3699 2780 3773 Κύριος
2813 3705 2950 3773 πρὸς
2997 3705 3161 3757 αὐτόν
3190 3722 3203 3735 ο
3244 3724 3263 3757 t
3316 3708 3601 3780 Πορεύου,
3639 3712 3674 3763 6
3725 3712 3834 3772 uid;

522 3795 617 3855 σου
644 3778 710 3847 ζῇ
732 3794 747 3809 ·
781 3797 799 3830 ι
833 3778 1101 3840 τουτέστι,
1266 3781 1524 3850 ἀκίνητος
1552 3780 1644 3834 ἔσο
1668 3784 1803 3855 πρὸς
1838 3784 1899 3838 τὸ
1922 3787 2109 3853 καλὸν,
2148 3788 2283 3841 ἀλλὰ
2348 3792 2608 3861 πορεύου,
2646 3796 2738 3847 καὶ
2768 3795 2983 3865 κίνησιν
3015 3778 3441 3855 ἀκατάπαυστον
3510 3804 3835 3860 ὲνδείκννσο

526 3866 663 3963 πρὸς
713 3870 776 3963 το
829 3870 1073 3963 ἀγαλθῦνβ
1105 3870 1228 3963 ﬁre
1265 3871 1372 3941 γὰρ
1414 3874 1441 3924 6
1480 3874 1593 3936 υἱός
1650 3890 1745 3927 σου
1798 3876 1886 3947 ζῇ.
1942 3878 2004 3931 Εἰ
2054 3879 2110 3931 δὲ
2185 3880 2371 3952 παύσῃ
2425 3883 2521 3936 τοῦ
2579 3886 2937 3955 πορεύεσθαι,
3011 3890 3335 3961 τεθνήξεται
3388 3910 3485 3948 σου
3542 3898 3837 3963 πάντωςό

527 3959 671 4022 νοῦς,
718 3961 782 4029 τῇ
828 3961 955 4029 περὶ
1000 3960 1056 4012 τὸ
1087 3961 1251 4014 καλὸν
1278 3963 1534 4034 ἀκινησίᾳ
1565 3964 1662 4035 τὴν
1692 3967 1963 4036 νέκρωσιν
2014 3970 2218 4025 λαϐὼν.

592 4053 755 4108 Vens.
787 4054 979 4109 51-56.
1015 4074 1032 4107 ι
1071 4055 1189 4109 Jaui
1216 4068 1397 4113 autem
1426 4075 1491 4115 eo
1531 4061 1918 4128 descendente,
1970 4066 2113 4119 servi

522 4158 880 4200 occurrerunt
912 4148 984 4212 ei,
1018 4158 1072 4203 et
1108 4151 1495 4205 nuntiaverunt
1536 4152 1608 4217 ei,
1652 4154 1915 4217 dicentes,
1942 4157 2113 4219 Filius

528 4248 649 4292 tuus
676 4239 830 4293 vivit.
867 4237 1191 4296 Sciscitatus
1211 4252 1296 4297 est
1326 4258 1456 4315 ergo
1493 4247 1677 4299 horam
1715 4249 1784 4302 ab
1808 4250 1889 4304 eis
1922 4251 1973 4303 in
2005 4267 2111 4320 qua

524 4334 762 4401 vogetius
818 4347 876 4387 se
928 4334 1223 4389 habuisset.
1263 4336 1325 4388 Et
1372 4338 1623 4391 dixerunt
1658 4341 1706 4393 ei
1740 4359 1752 4394 :
1784 4341 1935 4406 Ileri,
1978 4343 2108 4398 liora

2224 4339 2251 4411 ᾖ
2284 4347 2623 4415 κομψότερον
2646 4349 2828 4418 ἔσχεν.
2852 4352 2959 4405 Καὶ
2977 4352 3131 4406 εἷπον
3182 4357 3352 4427 αὐτῷ,
3384 4360 3468 4413 ὅτι
3500 4363 3547 4415 Χ

524 4424 749 4489 septima
803 4425 1024 4495 reliquit
1057 4442 1182 4481 eutn
1225 4426 1417 4481 febris.
1455 4428 1723 4499 Cognovit
1772 4448 1900 4501 ergo
1960 4446 2115 4501 pater

524 4516 665 4586 quod
704 4515 789 4568 illa
832 4516 962 4570 liora
1001 4526 1121 4571 erat
1168 4519 1219 4571 in
1252 4534 1355 4586 qua
1394 4520 1528 4571 dixit
1570 4522 1669 4573 sibi
1728 4520 1908 4586 Jesus,
1944 4523 2115 4581 Filius

528 4619 651 4664 tuus
686 4610 835 4672 vivit,
869 4620 921 4662 et
951 4613 1182 4665 credidit
1214 4612 1349 4677 ipse,
1384 4623 1436 4665 et
1470 4614 1661 4668 donius
1688 4615 1803 4682 ejus
1836 4625 1966 4670 tota.
2001 4617 2119 4671 Hoc

529 4700 724 4755 iterum
744 4704 1039 4756 secundum
1070 4704 1281 4771 signum
1314 4704 1479 4757 edidit
1508 4702 1686 4771 Jesus,
1715 4724 1835 4761 cum
1883 4712 2116 4764 venisset

530 4810 557 4843 a
588 4791 770 4845 inda-.a
800 4793 852 4847 in
900 4793 1200 4867 Galilaeam.
1246 4813 1263 4845 ι
1306 4794 1681 4866 Obstupcfacti
1722 4803 1866 4854 servi
1927 4816 2119 4870 repen-

531 4886 641 4937 tina
679 4885 849 4938 morbi
890 4886 1207 4952 mutatione,
1266 4904 1561 4943 oecurruut
1614 4893 1867 4957 domino,
1916 4894 2114 4953 bunum

530 4976 778 5055 nuntium
809 4975 1098 5032 afferentes
1129 4980 1195 5033 de
1215 4980 1449 5035 sanitate
1482 4980 1645 5053 587
1678 4984 1791 5039 ﬁlii.
1826 4984 1938 5039 Non
1974 4990 2117 5041 enim

530 5070 851 5134 simpliciter
886 5081 939 5123 et
970 5072 1111 5125 sicut
1148 5071 1263 5126 ﬁeri
1312 5074 1467 5141 solet,
1516 5078 1609 5131 sed
1649 5076 1829 5132 subito
1862 5080 2121 5135 liberatus

531 5167 613 5211 est
650 5177 677 5209 ει
704 5160 874 5221 febre,
925 5172 981 5212 ut
1032 5165 1101 5214 ita
1154 5166 1473 5219 ostendatur
1503 5169 1824 5223 miraculum
1880 5172 1979 5225 hoc
2012 5189 2117 5227 non

534 5251 701 5305 fuisse
736 5262 975 5316 natura),
1012 5256 1103 5307 sed
1146 5257 1357 5309 virtutis
1388 5258 1616 5314 Christi.
1656 5262 1725 5316 Ut
1756 5278 1887 5333 ergo
1932 5264 2123 5319 didicit

532 5358 562 5395 a
610 5345 782 5399 servis
826 5346 1010 5397 horam
1058 5347 1107 5399 in
1152 5363 1255 5415 qua
1294 5366 1426 5418 puer
1460 5357 1699 5424 vegetius
1731 5372 1786 5410 se
1817 5358 2118 5425 habuisset,

536 5438 634 5487 hoc
664 5447 764 5495 cst,
808 5437 998 5491 melius
1034 5440 1330 5507 habuisset,
1374 5452 1426 5497 et
1462 5446 1513 5498 iii
1552 5450 1829 5504 meliorem
1890 5452 2119 5505 transis-

536 5540 618 5580 set
644 5528 1029 5595 valetudinem,
1065 5534 1217 5599 plene
1238 5537 1468 5589 credidit
1506 5540 1752 5596 Domino.
1784 5542 1942 5598 Prior
1975 5548 2118 5599 enim

538 5632 653 5685 (ius
688 5620 815 5671 tides
865 5622 1179 5689 imperfecta
1220 5638 1355 5681 erat.
1415 5630 1491 5686 Ne
1533 5637 1676 5689 enim
1730 5638 1859 5691 mibi
1913 5638 2117 5692 dixeris

638 5806 681 5834 "
712 5804 854 5860 Psnl.
890 5824 1069 5877 cum,
1110 5813 1162 5868 ὅ.

2303 4085 2322 4119 t
2365 4066 2503 4139 Ἤδη
2546 4068 2599 4122 δὲ
2640 4070 2807 4124 αὐτοῦ
2842 4074 3290 4142 καταϐαίνοντος,
3343 4080 3392 4133 oi
3437 4080 3627 4137 δοῦλοι
3666 4081 3834 4149 αὐτοῦ

2226 4159 2554 4231 ἀπήντησαν
2597 4163 2745 4233 αὐτῷ
2772 4204 2783 4223 ,
2821 4168 2911 4218 καὶ
2948 4168 3289 4239 ἀπήγγειλαν
3320 4172 3581 4241 λέγοντες
3607 4218 3621 4242 ,
3647 4181 3740 4231 ’ὀτι
3786 4181 3838 4233 Ὀ

2221 4252 2334 4314 υἱός
2369 4270 2461 4304 σου
2490 4255 2577 4324 ζῇ.
2624 4256 2888 4310 Ἐπύθετο
2919 4259 3013 4311 οῦν
3044 4261 3175 4331 παρ’
3204 4265 3385 4317 αὐτῶν
3417 4268 3518 4337 τὴν
3549 4267 3743 4339 ὤραν,
3788 4276 3839 4325 ἐν

3558 4363 3655 4424 θὲς
3686 4365 3841 4435 ὧραι

2220 4435 2455 4508 ἑϐδόμην
2475 4440 2688 4508 ἀφῆκεν
2711 4444 2874 4495 αὑτὸν
2894 4446 2921 4497 6
2945 4448 3199 4515 πυρετός.
3223 4450 3405 4518 Ἔγνω
3433 4451 3527 4506 οῦν
3549 4458 3579 4508 6
3619 4459 3840 4529 πατὴρ,

2219 4530 2300 4579 ὅτι
2336 4532 2393 4581 ἐν
2417 4532 2601 4604 ἐκείνῃ
2623 4537 2690 4603 τῇ
2719 4533 2999 4611 ὦρᾳ.ίὲνῇ
3030 4535 3183 4593 εἶπεν
3211 4543 3360 4613 αύτῷ
3385 4546 3413 4597 ὁ
3453 4547 3703 4617 Ἰησοῦς,
3763 4554 3842 4604 ὅτι

2232 4621 2289 4672 'U
2321 4622 2431 4685 υἱός
2462 4640 2556 4675 σου
2608 4626 2698 4695 ζῇ,
2756 4630 2849 4679 καὶ
2882 4630 3207 4684 ἐπίστευσεν
3243 4635 3428 4703 αὐτὸς,
3467 4641 3565 4691 καὶ
3688 4646 3841 4697 οἰκία

2221 4713 2387 4765 αὑτοῦ
2441 4716 2560 4787 ὅλη.
2604 4718 2775 4771 Τοῦτο
2810 4722 2972 4775 πάλιν
3003 4724 3258 4796 δεύτερον
3292 4734 3522 4799 σημεῖον
3563 4736 3840 4807 ἐποίησεν

2220 4808 2248 4857 6
2292 4808 2535 4876 Ἰησοῦς,
2597 4810 2767 4863 ἐλθὼν
2818 4815 2882 4865 ἐκ
2929 4817 3025 4885 τῆς
3071 4818 3334 4884 ἰουδαίας
3380 4826 3460 4886 εἰς
3504 4827 3614 4895 τὴν
3667 4829 3841 4883 Γαλιο

2222 4899 2397 4953 λαίαν.
2446 4922 2462 4952 ι
2508 4904 2908 4973 Ἐκπλαγέντες
2948 4911 2995 4961 οἱ
3030 4910 3205 4965 δοῦλοι
3259 4916 3360 4984 τὴν
3402 4918 3618 4987 ἁθρόαν
3665 4942 3842 4991 μετα·

2223 4990 2385 5059 ϐοίὴν
2419 4994 2520 5062 τῆς
2557 4998 2729 5061 νόσου,
2772 5001 3060 5054 ἀπαντῶσι
3103 5005 3182 5075 τῷ
3231 5008 3427 5077 κυρίῳ,
3463 5012 3839 5081 εύαγγελιζά-

2225 5098 2378 5149 μενοι
2412 5086 2561 5156 αὑτῴ
2598 5088 2695 5158 τὴν
2719 5091 2811 5142 τοῦ
2849 5092 2967 5145 υἱοῦ
3002 5094 3213 5162 ὑγείαν.
3253 5096 3331 5153 Οὐ
3366 5102 3475 5170 γὰρ
3510 5104 3717 5169 ἁπλῶς
3750 5112 3841 5161 καὶ

2222 5177 2294 5241 ὼς
2318 5179 2531 5249 ἔτυχεν,
2558 5184 2671 5236 ἀλλ’
2697 5186 2893 5257 ἀθρόον
2924 5191 3214 5264 ἀπηλλάγη
3252 5196 3345 5248 τοῦ
3384 5202 3657 5268 πυρετοῦ,
3692 5204 3837 5259 ὥστε

2223 5270 2506 5341 δειχθῆναι
2558 5276 2631 5347 μὴ
2668 5278 2880 5345 φύσεως
2926 5285 3252 5351 ἀκολουθίαν
3287 5286 3430 5344 εἶναι
3470 5295 3528 5345 τὸ
3562 5300 3833 5368 πρᾶγμα,

2225 5368 2360 5420 ἀλλά
2412 5370 2512 5439 τῆς
2545 5373 2832 5443 δυνάμεως
2867 5378 2961 5429 τοῦ
3011 5380 3273 5449 Χριστοῦ.
3322 5386 3532 5440 Μαθὼν
3568 5391 3630 5443 δὲ
3684 5400 3837 5462 παρὰ

2224 5459 2332 5511 τῶν
2356 5460 2561 5516 δούλων
2580 5466 2676 5534 τὴν
2699 5468 2871 5536 ὤραν,
2907 5472 2963 5525 ὲν
3064 5476 3409 5547 κομψότερον
3439 5482 3465 5531 6
3496 5485 3627 5546 παῖς
3652 5485 3835 5557 ἔσχεν.

2228 5554 2347 5606 ἀντὶ
2379 5556 2498 5620 τοῦ,
2540 5560 2634 5611 ἐπὶ
2668 5561 2726 5612 τὸ
2761 5563 2968 5630 βέλτιον
3003 5568 3097 5619 καὶ
3123 5569 3538 5643 εὐρωστότερος)
3562 5581 3839 5648 μετῆλθεν

2227 5646 2253 5697 6
2284 5651 2431 5715 παῖς,
2464 5652 2684 5716 τελείως
2718 5658 2962 5709 πιστεύει
2988 5658 3063 5727 τῷ
3097 5660 3309 5732 Κυρίῳ.
3368 5666 3413 5717 H
3450 5646 3839 5745 73.939093;
