3936 6416
160 393 301 458 1257

811 387 1257 453 ENARRATIO
1301 387 1380 447 IN
1424 384 1932 448 EVANGELIUM
1978 383 2327 443 JUANNIS.
2376 404 2423 417 -·
2461 383 2623 444 CAP.
2664 383 2732 444 Υ.

3351 383 3490 450 1253

156 512 347 571 πίστις
381 505 549 561 αυτοῦ
583 503 781 575 ἀτελής
809 500 899 576 ἦν.
932 504 1024 575 Μὴ
1062 503 1170 574 γάρ
1203 520 1294 574 μοι
1328 501 1515 573 εἴπῃς,
1549 501 1633 554 ὅτι
1660 499 1752 556 κα

1879 501 2024 568 quod
2056 512 2159 551 ιιοιι
2185 496 2514 550 accessisset
2542 495 2648 550 nisi
2680 493 3021 550 credidismt.
3065 495 3200 549 Nam
3230 506 3281 550 ct
3309 506 3493 566 patres

157 603 274 676 μὴν
296 603 395 656 οὐκ
435 602 503 655 ἂν
534 597 876 670 προσῆλθεν,
928 600 976 651 εί
1026 599 1100 668 μὴ
1143 597 1493 650 ἐπίστευσεν.
1530 595 1770 649 [Sit-30am

152 696 270 766 γὰρ
299 695 349 746 oi
379 692 619 760 πατέρες
642 690 752 743 ἀπὸ
792 691 893 760 τῆς
920 690 1056 759 πρὸς
1079 689 1211 750 τοὺς
1231 687 1433 748 παῖδας
1467 685 1674 755 φιλίας,
1708 687 1770 738 οὐ

157 791 324 859 μόνον
351 785 430 850 οἷς
454 785 755 856 θαρροῦσιν
788 786 993 854 ἰατροῖς
1020 783 1330 853 προσιέναι,
1353 782 1494 835 ἀλλὰ
1526 780 1623 836 καὶ
1656 783 1771 843 τοῖς

154 882 430 952 ἁτέχνοις,
484 881 654 950 μηδὲν
699 879 808 932 τῶν
855 877 1087 930 δεόντων
1128 876 1464 948 παραλιπεῖν
1502 874 1768 945 βουλόμε-

153 993 259 1028 νοι.
291 973 574 1044 Προσῆλθε
621 971 722 1043 μὲν
772 970 864 1024 οὖν
893 969 1004 1023 ἀπδ
1034 969 1296 1033 πίστεως,
1329 964 1447 1035 είγε
1489 967 1583 1020 καὶ
1610 966 1769 1020 τοῦτο

149 1067 427 1136 δώσομεν,
455 1066 591 1119 ἀλλὰ
630 1065 849 1134 ψυχρᾶς
887 1062 985 1116 καὶ
1030 1060 1282 1126 ἀτελοῦς,
1309 1062 1376 1131 ἣν
1407 1060 1530 1113 οὑδέ
1580 1059 1768 1112 πίστιν

148 1158 221 1212 ἄν
255 1175 336 1222 τις
366 1158 641 1212 καλέσειε.
670 1157 804 1210 Τότε
821 1156 878 1210 δὲ
909 1154 1134 1219 τελείως
1164 1153 1515 1219 ἐπίστευσεν,
1551 1154 1641 1207 ὅτε
1673 1151 1770 1204 καὶ

148 1271 220 1306 πε
233 1254 286 1325 pl.
313 1253 411 1323 τῆς
431 1253 583 1321 ὧρας
609 1250 812 1321 ἔμαθε.
847 1251 1006 1313 Τίνος
1021 1250 1078 1303 δὲ
1102 1249 1292 1303 ἐνεκεν
1312 1250 1339 1302 ὁ
1362 1246 1766 1316 εὐαγγελιστής

145 1363 342 1414 φησιν,
389 1345 471 1397 ὅτι
524 1343 781 1412 δεύτερον
815 1340 979 1394 τοῦτο
1020 1343 1081 1393 τὸ
1133 1342 1364 1411 σημεῖον
1399 1339 1664 1410 ἐποίησεν
1709 1340 1767 1390 ἐν

147 1438 347 1507 Κανᾷς
386 1435 505 1488 Ἵνα
533 1435 684 1507 δείξῃ
724 1437 851 1497 τοὺς
889 1432 1243 1504 Σαμαρείτας
1296 1431 1513 1486 πολλῶν
1572 1431 1760 1497 ἀξίους

145 1528 470 1598 ἐγκωμίων.
510 1528 620 1581 Καὶ
668 1529 800 1597 γὰρ,
838 1528 997 1597 φησὶ,
1029 1528 1128 1580 καὶ
1154 1525 1412 1598 δευτέρου
1443 1524 1638 1579 τούτου
1668 1522 1762 1578 τοῦ

151 1624 388 1695 σημείου
440 1622 763 1694 γενομένου,
822 1621 1041 1675 οὐδέπω
1086 1621 1135 1674 oi
1201 1620 1483 1675 Γαλιλαῖοι
1519 1619 1656 1690 πρὸς
1703 1620 1763 1672 τὸ

149 1714 291 1785 ὕψος
355 1713 582 1769 ἐκείνων
631 1712 919 1782 ἔφθασαν,
984 1713 1094 1768 τῶν
1127 1712 1296 1785 μηδὲν
1372 1711 1592 1766 ἰδόντων
1661 1729 1761 1780 σηι

151 1827 329 1880 μειον.

772 1919 1026 1976 ΚΕΦΑΛ.
1077 1919 1154 1976 E'.

147 2013 297 2083 Περὶ
330 2014 438 2070 τοῦ
482 2015 807 2084 τριάκοντα
841 2013 942 2070 καὶ
971 2013 1126 2067 ὀκτὼ
1154 2014 1260 2081 ἐτη
1297 2013 1552 2082 ἔχοντος
1590 2013 1662 2067 ἐν
1687 2013 1759 2080 τῇ

222 2087 532 2153 ἀσθενείᾳ.
562 2086 702 2156 Περὶ
730 2085 850 2139 τῶν
893 2085 1197 2141 Ἰουδαίων
1226 2084 1566 2154 ζητούντων
1618 2085 1759 2139 ἁπο-

223 2158 456 2212 κτεῐναι
507 2158 615 2211 τὸν
663 2157 931 2224 Ἰησοῦν.

228 2293 246 2325 ι
297 2275 455 2328 Μετὰ
510 2274 685 2327 ταῦτα
741 2268 808 2344 ἦν
863 2275 895 2343 ή
944 2273 1109 2345 ἑορτὴ
1160 2272 1269 2326 τῶν
1314 2272 1612 2338 Ἰουδαίων,
1665 2274 1759 2326 καὶ

142 2368 318 2437 ἀνέϐη
353 2369 381 2420 ὁ
428 2367 644 2439 Ἰησοῦς
696 2369 777 2432 εἰς
823 2367 1199 2439 Ἰεροσόλυμα.
1237 2368 1398 2420 Ἐστι
1441 2367 1588 2421 δὲέν
1646 2371 1759 2430 τοῖς

156 2463 563 2534 Ἱεροσολύμοις
585 2463 900 2533 προϐατικὴ
926 2460 1286 2533 κολυμϐήθρα
1317 2463 1349 2531 ή
1381 2461 1756 2532 ἐπιλεγομένη

157 2552 443 2624 Ἐϐραϊστὶ
473 2553 738 2625 Βηθεσδᾶ,
771 2554 933 2606 πέντε
959 2553 1121 2617 στοάς
1145 2552 1367 2623 ἔχουσα.
1405 2553 1495 2608 Ἐν
1515 2552 1754 2618 ταύταις

140 2647 437 2700 κατέκειτο
480 2646 687 2719 πλῆθος
727 2647 862 2701 πολὺ
894 2647 1004 2700 τῶν
1056 2646 1462 2714 ἀσθενούντων,
1513 2647 1755 2718 τυφλῶν,

139 2742 362 2814 χωλῶν,
399 2741 604 2814 ξηρῶν,
633 2743 1010 2814 ἐκδεχομένων
1037 2743 1137 2813 τὴν
1167 2743 1263 2797 τοῦ
1287 2743 1480 2808 ὓδατος
1510 2743 1752 2814 κίνησιν.

142 2837 419 2905 Ἀγγελος
449 2837 558 2907 γὰρ
584 2836 728 2890 κατὰ
754 2837 950 2906 καιρὸν
980 2837 1308 2890 κατέϐαινεν
1341 2839 1399 2890 ἐν
1433 2841 1498 2909 τῇ
1547 2838 1755 2908 κολυμη

137 2931 344 3002 ϐήορᾳ,
379 2933 474 2984 καὶ
498 2932 770 3001 ἐτάρασσε
813 2933 870 2984 τὸ
902 2929 1070 3002 ὕδωρ.
1106 2931 1165 2984 Ὀ
1203 2930 1296 2985 οὖν
1330 2932 1547 3003 πρῶτος
1579 2931 1756 3002 ἐμϐὰς

141 3024 292 3092 μετὰ
329 3024 428 3090 τὴν
465 3025 716 3095 ταραχὴν
749 3023 842 3078 τοῦ
873 3022 1089 3091 ὓδατος,
1126 3024 1287 3096 ὑγιὴς
1321 3025 1562 3092 ἐγένετο,
1594 3017 1638 3094 ᾧ
1666 3025 1757 3096 δή·

135 3134 277 3169 ποτε
309 3117 597 3188 κατείχετο
616 3118 906 3188 νοσήματι.
939 3137 956 3168 ι
992 3117 1188 3189 Ἐορτὴ
1214 3115 1282 3189 ἦν
1317 3119 1424 3172 τῶν
1449 3118 1748 3183 Ἰουδαίων,

133 3213 175 3282 ἡ
208 3213 310 3281 τῆς
334 3208 742 3282 Πεντηκοστῆς,
775 3207 960 3281 οἶμαι.
996 3212 1313 3266 Ἀναϐαίνει
1343 3212 1399 3266 δέ
1423 3214 1481 3268 ἐν
1520 3213 1695 3285 ταύτῃ
1726 3214 1753 3266 ὁ

1879 598 2310 653 Consueverunt,
2361 603 2472 659 prae
2532 603 2724 644 amore
2760 603 2888 660 erga
2931 588 3099 659 ﬁlios,
3159 606 3266 645 non
3316 590 3492 647 solum

1878 683 2142 740 accedere
2171 683 2237 739 ad
2266 683 2512 739 medicos
2546 683 2752 754 quibus
2786 685 2926 737 bene
2961 683 3156 749 ﬁdunt,
3189 683 3285 740 scd
3328 695 3383 741 et
3426 687 3494 738 ad

1879 779 2183 850 imperitos,
2227 778 2364 833 nihil
2403 791 2468 831 ex
2514 777 2600 831 his
2635 791 2758 846 quae
2797 775 2985 832 facere
3009 786 3286 846 oporteat,
3323 779 3495 832 inter-

1879 873 2178 929 mittentes.
2212 873 2461 928 Accessit
2489 872 2711 942 quidem
2740 887 2808 926 ex
2840 872 2966 937 lide,
3011 871 3282 939 siquidem
3312 884 3362 927 et
3388 872 3496 929 hoc

1873 966 2161 1031 dabimus;
2219 967 2315 1023 scd
2361 968 2558 1037 frigida
2615 975 2673 1020 et
2707 965 3058 1036 imperfecta,
3093 981 3257 1035 quam
3313 981 3493 1036 neque

1878 1060 2036 1115 Iidem
2087 1061 2211 1130 quis
2262 1071 2408 1115 recte
2440 1059 2739 1115 voeaverit.
2793 1057 2952 1113 Tunc
3013 1068 3195 1112 autem
3249 1057 3492 1127 perfecte

1875 1155 2126 1221 credidit,
2162 1158 2383 1230 quando
2423 1163 2476 1209 ct
2501 1155 2567 1209 dc
2603 1155 2734 1208 bora
2770 1153 2984 1208 didicit.
3032 1153 3093 1207 Et
3124 1168 3295 1222 quare
3330 1168 3491 1208 evan-

1871 1249 2063 1320 gelista
2093 1250 2224 1304 dicit
2264 1249 2409 1318 quod
2442 1247 2746 1303 secundum
2783 1247 2889 1302 hoc
2927 1246 3147 1316 signum
3204 1245 3399 1300 fecerit
3431 1246 3488 1301 in

1871 1342 2018 1396 Caua
2047 1342 2070 1396 ?
2107 1340 2176 1396 Ut
2208 1342 2465 1396 ostendat
2497 1339 2882 1395 Samaritanos
2933 1338 3119 1392 multis
3158 1337 3490 1409 dignoslau-

1871 1432 2054 1488 dibus.
2094 1431 2308 1488 Etenim
2351 1433 2506 1500 dicit,
2559 1442 2615 1490 et
2673 1449 2797 1489 cum
2853 1433 3102 1490 secundo
3165 1433 3270 1489 boc
3333 1433 3490 1488 ﬁeret

1871 1526 2110 1595 signum,
2149 1529 2391 1580 nondum
2432 1537 2808 1596 pervenerunt
2853 1525 3067 1582 Galilaei
3105 1527 3171 1580 ad
3233 1525 3489 1584 sublimi-

1873 1629 2035 1671 tatem
2068 1618 2283 1672 illorum
2318 1619 2407 1688 qui
2452 1618 2657 1672 nullum
2697 1620 2947 1675 viderant
2990 1621 3230 1691 signum.

2509 1913 2739 1970 CAPUT
2788 1913 2847 1967 V.

1871 2003 1946 2058 De
1979 2023 2036 2057 eo
2071 2005 2158 2077 qui
2191 2022 2221 2077 ᾳ
2252 2005 2479 2073 triginta
2503 2016 2548 2058 et
2576 2015 2694 2057 octo
2727 2005 2880 2059 anuis
2911 2008 2963 2060 in
2990 2007 3305 2074 inﬁrmitate
3327 2023 3488 2077 jace-

1944 2081 2048 2128 tuu.
2081 2076 2154 2130 De
2176 2074 2386 2129 Jutla'is
2418 2078 2778 2146 qumrentibus
2816 2077 3102 2132 Dominum
3147 2074 3408 2134 occidere.

1943 2259 2105 2315 Vsus.
2136 2261 2254 2318 1-4.
2289 2281 2306 2312 ι
2349 2261 2476 2317 l‘ost
2509 2262 2625 2317 haec
2649 2272 2770 2317 erat
2791 2262 2907 2320 dies
2938 2261 3112 2318 festus
3140 2261 3482 2328 Jnda‘orutn,

1863 2365 1916 2410 et
1951 2356 2204 2411 ascendit
2258 2353 2420 2412 Jesus
2471 2355 2874 2429 Hierosolyma.
2914 2358 3012 2412 Est
3052 2365 3234 2412 autem
3288 2358 3484 2413 Hiero-

1864 2450 2094 2520 Solymis
2143 2449 2424 2518 probalica
2481 2450 2718 2520 piscina.
2754 2464 2876 2520 qua:
2914 2452 3342 2521 cognominatur
3376 2452 3483 2506 lle-

1865 2543 2050 2598 lt’raice
2104 2544 2402 2609 Betbesda,
2459 2545 2705 2615 quinque
2758 2546 3011 2617 porticus
3046 2547 3277 2601 habens.
3307 2548 3362 2601 In
3397 2549 3481 2602 bis

1863 2634 2082 2702 iacebat
2126 2637 2424 2692 multitudo
2465 2637 2877 2708 languentium,
2928 2654 3226 2707 caecorum,
3256 2642 3483 2695 claudo-

1866 2745 2006 2793 rum,
2041 2731 2344 2794 aridorum,
2383 2731 2826 2801 exspectantium
2867 2747 3026 2802 aqua;
3076 2743 3307 2788 motum.
3369 2735 3483 2786 Λιι-

1862 2822 2016 2893 gclns
2049 2823 2195 2878 enim
2231 2824 2771 2881 descendebateerto
2803 2834 3049 2895 tempore
3093 2826 3148 2879 in
3184 2826 3478 2899 piscinam,

1862 2925 1911 2969 el
1954 2916 2214 2970 turbabat
2243 2933 2465 2987 aquam.
2502 2917 2697 2988 Itaque
2726 2917 2817 2988 qui
2853 2919 3067 2988 primus
3103 2917 3483 2974 descendisset.

1861 3010 2379 3079 postturbationem
2425 3026 2608 3083 aqua},
2643 3028 2814 3070 sanus
2851 3013 3017 3068 flebat
3067 3029 3094 3067 a
3149 3029 3481 3084 quocunque

1861 3099 2208 3156 detinebatur
2265 3104 2482 3159 morbo.
2521 3123 2540 3156 ι
2592 3104 2718 3160 Dies
2769 3104 2942 3162 festus
2987 3116 3108 3161 erat
3134 3105 3479 3171 Judalorum.

1860 3192 2186 3250 Pentecoste
2219 3196 2435 3266 Opinor.
2463 3198 2730 3253 Ascendit
2760 3198 2814 3254 in
2834 3213 2899 3255 eo
2937 3198 3241 3268 Dominus;
3276 3201 3478 3271 partim

135 3273 388 3375 kﬁptOC‘
423 3273 541 3376 ἅμα
576 3273 844 3374 μένϊίναί
877 3305 953 3376 μὴ
1001 3305 1128 3377 δόξῃ
1177 3306 1422 3371 ἐναντίος
1466 3306 1546 3378 τῷ
1575 3273 1748 3378 νόμω,

1862 3301 1928 3342 ne
1957 3287 2232 3343 videretur
2275 3305 2399 3345 esse
2430 3291 2782 3347 adversarius
2827 3291 2957 3364 legi,
2983 3293 3078 3348 sed
3129 3305 3480 3364 compareret

133 3398 285 3453 ἀλλὰ
315 3399 580 3468 φαίνηται
611 3398 994 3470 συνεορτάζων
1044 3401 1159 3462 τοῖς
1202 3398 1421 3463 πολλοῖς
1447 3415 1461 3431 ·
1505 3400 1623 3470 ἅμα
1667 3400 1748 3468 δὲ,

133 3493 230 3545 ἵνα
264 3491 485 3555 πλείους
530 3491 621 3544 διὰ
670 3491 917 3562 σημείων
950 3491 1302 3556 διδασκαλίας
1335 3492 1748 3564 ἐπισπάσηται,

132 3586 240 3639 καὶ
284 3585 520 3654 μάλιστα
579 3586 640 3639 τὸ
695 3586 899 3656 πλῆθος
945 3585 1006 3640 τὸ
1055 3585 1265 3641 ἄδολον.
1319 3586 1409 3640 Ἐν
1461 3587 1572 3658 γὰρ
1624 3588 1749 3652 ταῖς

131 3680 358 3749 ἑορταῖς
385 3678 611 3733 εἰώθασι
644 3678 1006 3750 συνέρχεσθαι
1041 3681 1134 3733 καὶ
1169 3679 1423 3751 ἀγρόται,
1457 3680 1555 3734 καὶ
1593 3681 1751 3734 ἀστι-

131 3772 230 3824 κοὶ
262 3773 660 3842 χειρώνακτες,
696 3774 795 3834 τὰς
827 3773 998 3835 ἄλλας
1020 3773 1240 3843 ἡμέρας
1266 3775 1378 3835 τοῖς
1408 3772 1592 3843 ἔργοις
1619 3792 1749 3828 συν-

129 3863 556 3934 ασχολούμενοι.
593 3863 914 3934 Προϐατικὴ
948 3865 1005 3917 δέ
1038 3864 1318 3936 ἐλέγετοή
1354 3865 1745 3936 κολυμϐήθρα,

128 3955 275 4006 διότι
312 3954 380 4007 τά
412 3953 550 4024 πρὸς
584 3953 778 4008 θυσίαν
801 3956 1053 4024 πρόϐατα
1077 3957 1199 4008 ἐκεῖ
1226 3959 1518 4027 συνήγετο,
1555 3957 1651 4010 καὶ
1681 3957 1750 4010 τὰ

127 4045 349 4115 ἔγκατα
389 4048 572 4100 αὐτῶν
622 4047 919 4101 ἐπλύνοντο
970 4051 1104 4102 ἐκεῖ.
1167 4045 1330 4120 Εἶχον
1362 4049 1420 4103 δὲ
1463 4050 1514 4104 οί
1560 4051 1749 4104 πολλοὶ

130 4141 433 4211 ὑπόληψιν,
466 4143 548 4195 ὅτι
580 4144 676 4195 καὶ
707 4143 818 4196 ἀπὸ
844 4143 1008 4212 μόνου
1043 4141 1139 4196 τοῦ
1168 4143 1470 4196 πλύνεσθαι
1501 4145 1569 4196 τὰ
1600 4144 1749 4198 ἐντό-

131 4234 266 4287 σθια
300 4236 406 4287 τῶν
460 4237 673 4307 ἱερείων
717 4236 949 4305 δύναμίν
986 4254 1109 4290 τινα
1143 4237 1414 4307 λαμϐάνει
1462 4238 1746 4310 θειοτέραν

125 4331 198 4382 τὸ
236 4327 382 4400 ὕδωρ
405 4371 420 4396 ,
462 4329 542 4383 διὸ
571 4333 666 4384 καὶ
722 4331 814 4383 τὸν
845 4332 1081 4400 ἄγγελον
1130 4332 1427 4402 ἐπιφοιτᾷν
1457 4331 1634 4402 τούτῳ
1668 4332 1746 4403 τῷ

130 4421 291 4474 ὕδατι
321 4421 397 4483 ὡς
432 4423 700 4493 ἐκλεκτῷ,
750 4425 844 4475 val.
877 4423 1350 4494 θαυματουργεῖν.
1387 4425 1611 4479 Ἔοικεν
1636 4425 1744 4495 ἄρα

129 4517 169 4586 ἠ
213 4515 333 4568 θεία
367 4515 598 4586 πρόνοια
641 4515 930 4589 πόρρωθεν
960 4517 1287 4571 ὁδοποιοῠσα
1308 4519 1421 4581 τοῖς
1470 4517 1747 4582 Ἰουδαίοις

1856 3397 1980 3435 cum
2009 3382 2236 3453 reliquis
2286 3385 2428 3439 dicm
2465 3385 2663 3440 festum
2699 3402 2902 3458 agens:
2938 3389 3138 3458 partim
3186 3399 3245 3444 ut
3292 3391 3479 3460 plures

1855 3491 1952 3546 per
1983 3477 2134 3547 signa
2168 3487 2223 3532 et
2255 3479 2537 3536 doctrinas
2586 3481 2839 3537 alliceret
2882 3491 2937 3536 et
2986 3485 3226 3539 maxime
3260 3485 3477 3540 turbam

1855 3570 2183 3640 simplicem.
2228 3570 2494 3626 Solebant
2544 3574 2689 3628 enim
2744 3575 2834 3630 die
2887 3574 3039 3652 fusti;
3092 3580 3391 3635 convenire
3423 3591 3480 3635 ct

1855 3663 2046 3718 rustici
2080 3664 2378 3733 etopitices
2403 3667 2622 3729 urbani,
2649 3667 2740 3737 qui
2773 3668 2894 3724 aliis
2922 3670 3113 3725 diebus
3133 3671 3185 3725 in
3213 3673 3476 3743 operibus

1854 3757 1969 3812 suis
2013 3767 2170 3811 erant
2229 3761 2507 3828 occupati.
2581 3761 2870 3817 Probatiea
2932 3773 3112 3820 autem
3187 3765 3478 3823 dicebatur

1856 3851 2089 3920 piscina,
2121 3866 2188 3907 eo
2220 3854 2363 3921 quod
2393 3867 2522 3909 oves
2562 3854 2676 3911 illic
2708 3856 2777 3911 ad
2811 3857 3143 3912 sacrificium
3166 3875 3473 3932 congrega-
3509 3925 3512 3928 ,

1856 3943 2075 4014 bantur,
2107 3959 2159 4001 et
2187 3948 2440 4004 intestina
2470 3965 2660 4006 earum
2687 3950 3076 4011 abluebantur.
3105 3955 3253 4011 Multi
3285 3969 3472 4015 autem

1855 4039 2219 4108 opinabantur
2243 4043 2390 4112 quod
2443 4044 2560 4100 sola
2618 4045 2903 4102 ablatione
2950 4048 3343 4106 intestinorum
3380 4069 3474 4107 sa-

1856 4136 2202 4205 crilicalium,
2237 4141 2494 4197 virtutem
2516 4145 2807 4214 quatndam
2840 4146 3175 4201 diviniorem
3197 4148 3474 4218 acciperet

1856 4245 2019 4298 aqua,
2071 4243 2124 4288 et
2176 4245 2472 4303 propterea
2529 4236 2759 4309 angelus
2801 4239 2868 4293 ad
2907 4255 3104 4308 aquam
3135 4249 3193 4295 ut
3236 4240 3472 4297 electam

1855 4321 2164 4386 accederet.
2198 4334 2252 4378 et
2286 4323 2610 4383 miraculum
2646 4337 2995 4398 operaretur.
3033 4331 3330 4387 Videbatur
3359 4335 3472 4387 uti-

1856 4429 1963 4485 que
1992 4417 2172 4471 divina
2205 4419 2474 4490 sapientia
2512 4437 2541 4476 a
2581 4421 2744 4494 longe
2775 4423 2919 4478 viam
2955 4423 3135 4482 facere
3164 4425 3372 4484 Judaeis
3399 4428 3471 4494 ad

1858 4508 2017 4563 Iidem
2053 4510 2104 4564 in
2139 4510 2451 4579 Christum,
2501 4517 2929 4586 prmordiuando
2982 4518 3312 4576 miraculum
3368 4521 3473 4593 pi-

127 4610 276 4680 πρὸς
321 4611 422 4682 τὴν
467 4611 547 4674 εις
583 4611 822 4679 Χριστὸν
864 4611 1071 4675 πίστιν,
1109 4612 1171 4669 τὸ
1214 4613 1310 4682 τῆς
1352 4613 1746 4686 κολυμϐήθρας

1861 4603 2046 4660 scinte.
2085 4603 2500 4677 Namquoniam
2533 4609 2810 4680 baptisma
2845 4612 3099 4666 daturum
3145 4612 3314 4685 568
3347 4624 3473 4671 erat

126 4703 342 4774 ταύτης
384 4702 575 4772 θαῦμα
628 4705 1121 4775 προοικονομῆσαι.
1177 4705 1336 4759 Ἐπεὶ
1376 4707 1487 4777 γὰρ
1546 4707 1743 4777 ἔμελλε

129 4794 423 4866 βάπτισμα
452 4793 695 4848 δίδοσθαι
729 4794 934 4865 πολλὴν
961 4794 1085 4863 ἔχον
1108 4793 1368 4864 δύναμιν,
1401 4795 1495 4848 καὶ
1529 4794 1744 4866 δωρεὰν

129 4887 424 4961 μεγίστην,
443 4882 534 4942 οἷα
566 4888 830 4958 καθαῖρον
852 4887 1153 4958 ἁμαρτίας,
1185 4889 1280 4942 καὶ
1306 4888 1609 4952 ζωοποιοῦν
1643 4888 1744 4952 τὰς

121 4982 332 5053 ψυχὰς,
373 4980 771 5052 προζωγραφεῖ
800 4981 932 5044 Θεὸς
969 4983 1029 5034 τὸ
1063 4982 1356 5052 βάπτισμα
1376 4983 1434 5034 ἐν
1456 4984 1565 5045 τοῖς
1608 4984 1742 5036 Ἰου-

121 5075 340 5137 δαϊκοῖς
361 5113 378 5139 ,
436 5075 533 5126 καὶ
582 5072 765 5126 δίδωσι
800 5076 901 5143 μὲν
933 5075 1030 5128 καὶ
1062 5073 1208 5147 ὕδωρ
1237 5075 1427 5139 αὐτοῖς
1477 5076 1743 5147 καθαῖρον

125 5167 449 5239 μολυσμνὺς
501 5167 565 5220 οὐ
608 5166 814 5237 κυρίως
844 5166 1029 5235 ὄντας,
1086 5168 1224 5221 ἀλλὰ
1275 5168 1596 5231 δοκοῦντας
1629 5163 1741 5223 οἷον

120 5261 257 5325 τοὺς
306 5260 416 5314 ἀπὸ
453 5261 546 5314 τοῦ
603 5260 848 5330 ἅψασθαι
897 5261 1120 5332 νεκροῦ,
1170 5261 1467 5335 ἢλεπροῦ,
1504 5264 1742 5318 καὶτῶν

118 5351 390 5407 τοιούτων
418 5353 625 5422 ἐτέρων
650 5370 663 5383 ·
691 5347 882 5407 δίδωσι
910 5353 969 5408 δὲ
1003 5354 1184 5408 καὶτὸ
1215 5357 1316 5426 τῆς
1343 5355 1741 5428 κολυμϐήθρας

117 5447 335 5517 ταύτης
368 5445 577 5517 θαῦμα,
614 5436 846 5518 όδηγοῦν
899 5449 1103 5512 αὐτοὺς
1149 5450 1231 5513 είς
1274 5449 1376 5520 τὴν
1414 5449 1740 5521 παραδοχὴν

118 5541 220 5595 τοῦ
265 5542 667 5612 βαπτίσματος.
717 5541 988 5610 Ἀγγελος
1018 5541 1130 5613 γὰρ
1161 5542 1305 5596 κατὰ
1335 5543 1532 5613 καιρὸν
1560 5559 1737 5597 κατα-

118 5634 350 5697 ϐαίνων,
383 5635 710 5707 διετάρασσε
741 5635 802 5689 τὸ
833 5635 1005 5706 ὕδωρ,
1040 5637 1134 5692 καὶ
1173 5638 1476 5707 ίαματικὴν
1506 5638 1738 5693 ἐνετίθει

115 5727 300 5798 τούτῳ
345 5728 600 5798 δύναμιν.
649 5730 723 5784 Οὐ
757 5730 868 5799 γὰρ
894 5731 1070 5800 δήπου
1110 5731 1264 5802 ή-τοῦ
1302 5729 1499 5794 ὕδατος
1546 5730 1735 5802 φύσις,

120 5823 267 5891 αὑτὴ
298 5822 422 5876 καθ’
451 5822 652 5894 ἐαυτὴν
683 5823 802 5876 ίᾶτο
831 5823 846 5893 (
874 5818 909 5895 ἦ
943 5824 1053 5896 γὰρ
1094 5825 1163 5878 ἂν
1197 5825 1286 5880 διὰ
1318 5827 1523 5891 παντὸς
1575 5826 1738 5881 τοῦτο

118 5914 380 5984 ἐγίνετο),
423 5915 540 5969 ἀλλ’
573 5916 668 5969 ἐπὶ
710 5919 776 5987 τῇ
807 5915 905 5970 τοῦ
952 5918 1194 5986 ἀγγέλου
1231 5921 1487 5995 ἐνεργείᾳ
1516 5919 1578 5975 τὸ
1625 5921 1735 5977 πᾶν

373 6012 645 6072 Parnm.
693 6014 812 6072 Gn.
855 6011 1141 6073 CXXIII.

1857 4711 2110 4761 magnam
2143 4698 2422 4765 virtutem,
2457 4710 2512 4754 et
2544 4705 2845 4756 maximum
2879 4703 3107 4770 donum,
3142 4715 3333 4777 utpo:e
3364 4722 3470 4776 pu-

1852 4785 2076 4843 riﬁcans
2115 4798 2403 4858 peccatum
2457 4801 2512 4845 et
2543 4791 2829 4848 vivificaris
2871 4796 3108 4863 animas,
3154 4796 3470 4868 przelignrat

1853 4879 1996 4936 Deus
2038 4881 2314 4952 baptisma
2377 4883 2430 4937 in
2477 4884 2644 4940 rebus
2687 4883 2952 4953 Judaicis,
2996 4899 3050 4940 et
3081 4888 3215 4958 ipsis
3247 4903 3468 4957 quoque

1850 4989 2048 5044 aquam
2083 4976 2320 5046 datqute
2354 4977 2611 5048 puriﬁcet
2644 4979 2860 5046 sordes,
2920 4995 3045 5050 quae
3101 4997 3210 5035 non
3271 4982 3466 5037 sordes

1849 5068 2070 5138 proprie
2121 5081 2302 5134 erant,
2350 5072 2448 5125 sed
2496 5071 2825 5128 videbantur
2863 5087 2987 5129 esse
3022 5090 3035 5126 :
3071 5081 3130 5126 ut
3163 5073 3206 5128 si
3239 5075 3463 5144 quando

1850 5160 2158 5232 tetigissent
2184 5175 2485 5233 mortuum,
2523 5165 2610 5221 vel
2643 5165 2947 5236 leprosum,
2983 5167 3071 5222 vel
3096 5167 3302 5238 aliquid
3331 5169 3466 5225 tale.

1850 5256 1952 5311 Dat
2001 5266 2186 5312 autem
2246 5266 2301 5313 et
2327 5258 2553 5328 piscinae
2588 5259 2752 5331 hujus
2783 5259 3139 5326 miraculum,
3195 5262 3340 5329 quod
3367 5261 3469 5317 du.-

1846 5358 1997 5406 ceret
2047 5366 2142 5406 eos
2198 5351 2265 5406 ad
2318 5352 2729 5422 susceptionem
2788 5353 3158 5423 baptismatis.
3221 5354 3465 5426 Angelus

1846 5444 1991 5498 enim
2047 5452 2292 5514 tempore
2342 5452 2653 5515 opportuno
2681 5445 3076 5510 descendebat,
3107 5455 3162 5501 et
3205 5450 3464 5502 turbabat

1847 5552 2070 5608 aquam,
2098 5549 2155 5593 et
2180 5538 2485 5593 sanativam
2523 5539 2595 5593 illi
2622 5538 2879 5595 virtutem
2910 5540 3149 5596 indebat.
3176 5541 3459 5612 Nusquam

1845 5632 1990 5686 enim
2035 5630 2141 5686 ista
2172 5642 2369 5686 natura
2395 5646 2550 5702 aqua:
2581 5644 2686 5701 est,
2729 5643 2787 5688 ut
2815 5650 2911 5706 per
2936 5650 2995 5690 se
3040 5647 3222 5704 sanet,
3255 5635 3460 5702 alioqui

1847 5726 1946 5780 huc
1969 5736 2231 5797 perpetuo
2259 5726 2458 5792 ﬁeret;
2491 5727 2586 5782 sed
2615 5736 2786 5782 totum
2826 5729 2879 5783 in
2902 5728 3096 5800 angelo
3127 5730 3293 5784 situm
3319 5739 3462 5794 erat,

1844 5819 2106 5888 quidquid
2139 5829 2260 5874 erat
2305 5818 2582 5877 eﬂlcaeiaz.
2641 5821 2719 5875 Ita
2761 5831 2817 5876 et
2845 5822 2987 5892 apud
3024 5839 3123 5878 nos
3170 5837 3313 5892 aqua
3364 5820 3460 5875 ba-

1845 5913 2144 5987 ptismatis,
2181 5928 2321 5984 aqua
2365 5923 2448 5971 est
2483 5916 2852 5987 simpliciter:
2897 5933 3020 5973 cum
3049 5929 3232 5973 autem
3281 5930 3459 5974 acces-

2973 6012 3054 6077 40
