3936 6402
530 397 670 465 1259
1425 385 2007 454 TllEOPllYLACTl
2047 386 2147 447 BU
2158 386 2385 448 [ΒΑΜ
2399 387 2464 448 [Ε
2505 386 2864 447 ARCHiEP.
3697 384 3814 451 1260

524 511 662 568 serit
704 506 946 581 Spiritus
989 502 1162 560 sancti
1207 501 1402 575 gratia,
1457 510 1679 571 propter
1719 495 2106 552 invocationen

2232 494 2430 549 ἐκεῖτο.
2459 493 2652 557 Οὕτως
2672 490 2768 547 οὖν
2797 496 2893 548 καὶ
2924 497 3005 564 ἐφ’
3041 497 3174 568 ἡμῖν
3215 499 3273 550 τὸ
3320 496 3414 551 τοῦ
3451 496 3830 568 βαπτίσματος

524 602 659 669 Dei,
698 601 917 658 morbos
968 595 1129 653 solvit
1174 594 1524 656 animarum;
1573 600 1628 646 et
1682 590 1728 645 si
1776 586 1901 657 quis
1941 600 2106 640 cmcu:

2229 587 2397 656 ὕδωρ,
2457 586 2603 659 ὕδωρ
2654 588 2807 641 ὲστὶν
2866 588 3078 652 ἁπλῶς,
3133 588 3439 659 δεξάμενον
3478 590 3544 643 δὲ
3596 587 3701 659 τὴν
3754 587 3832 645 905

523 700 734 760 fuisset,
765 680 1061 750 obcmcatis
1089 688 1264 745 oculis
1297 686 1496 741 animae
1514 700 1583 739 ne
1615 681 1789 753 possit
1810 678 2106 749 dijudicart

2224 682 2551 751 Πνεὺματος
2586 684 2752 754 χάριν
2780 683 2876 757 διὰ
2901 683 3012 737 τῶν
3035 684 3199 739 θείων
3227 684 3594 758 ὲπικλήσεων
3612 726 3631 749 ,
3654 687 3723 739 τὰ
3749 685 3833 755 ψυ-

522 795 721 849 bonum
750 806 783 846 a.
813 790 995 857 malo;
1030 797 1085 843 et
1110 786 1154 842 si
1187 785 1411 839 claudus
1460 779 1585 852 quis
1616 777 1834 841 fuisset,
1877 774 1969 845 qui
2003 787 2112 827 non

523 885 844 941 movebatur
877 883 945 937 ad
1010 878 1316 936 faciendum
1367 878 1571 932 bonum
1612 882 1665 928 et
1718 868 2113 941 proﬁciendum

500 979 575 1032 in
627 976 859 1044 melius;
890 983 945 1030 et
977 973 1021 1030 si
1060 972 1243 1028 aridus
1269 977 1324 1025 et
1353 966 1631 1038 desperati
1666 961 1893 1019 omnino
1916 958 2114 1014 fuisset

525 1069 729 1132 morbi,
765 1068 1078 1137 nulliusque
1100 1064 1225 1121 boni
1255 1061 1549 1134 particeps,
1582 1060 1652 1113 ab
1678 1070 1815 1127 aqua
1840 1053 1931 1108 illa
1963 1066 2121 1107 cura-

521 1162 701 1231 batur.
754 1161 820 1217 Et
849 1170 981 1216 tunc
1012 1158 1304 1215 inﬁrmitas
1356 1152 1693 1223 impediebat
1735 1145 2001 1219 quosdam
2046 1157 2117 1199 ne

522 1266 895 1311 sanarentur:
933 1267 1075 1307 nunc
1126 1261 1307 1305 autem
1371 1248 1425 1302 in
1444 1245 1719 1315 baptismo
1766 1239 1975 1295 nullum
2034 1244 2120 1291 est

519 1348 885 1404 nbstaculum.
919 1345 1036 1401 Non
1072 1347 1216 1399 enim
1236 1357 1342 1398 uno
1371 1346 1568 1397 sanato
1602 1337 1692 1392 alii
1734 1334 2118 1402 relinquuntur

520 1457 626 1496 non
661 1443 868 1505 curati;
898 1440 991 1495 sed
1015 1436 1227 1495 etiamsi
1262 1446 1407 1493 totus
1439 1434 1591 1488 orbis
1632 1430 1951 1491 conﬂueret,
2002 1437 2115 1479 non

521 1535 940 1588 imminueretnr
968 1532 1162 1602 gratia.

2222 774 2354 844 χικὰ
2408 774 2697 843 νοσήματα
2752 775 2908 830 Mer
2942 776 3049 831 κᾶν
3080 777 3284 847 τυφλὸς
3320 779 3410 850 εἴη
3456 795 3553 842 τις
3588 781 3722 842 τοὺς
3748 779 3831 847 τῆς

2220 866 2404 936 ψυχῆς
2432 864 2753 937 ὀφθαλμοὺς
2799 870 3233 940 πεπηρωμένος,
3266 871 3365 924 καὶ
3400 870 3483 943 μὴ
3540 869 3831 941 δυνάμενος

2220 962 2502 1031 διακρῖναι
2534 961 2595 1015 τὸ
2634 964 2890 1033 κρεῖττον
2920 962 3030 1016 ἀπὸ
3066 961 3160 1015 τοῦ
3203 964 3481 1034 χείρονος,
3525 964 3637 1017 κᾶν
3655 962 3829 1035 χωλὸς,

2222 1050 2481 1121 ἀκίνητος
2517 1052 2653 1123 πρὸς
2683 1053 2950 1123 ἐργασίαν
2995 1054 3163 1109 καλοῦ
3190 1095 3205 1117 ,
3248 1054 3343 1108 καὶ
3389 1056 3703 1127 προκοπὴν
3751 1056 3833 1123 τῇ

2222 1146 2317 1198 ἐπὶ
2359 1144 2422 1197 τὸ
2466 1148 2752 1217 κρεῖττον,
2817 1147 2921 1202 κᾶν
2990 1148 3157 1219 ξηρὸς
3212 1149 3554 1203 παντάπασι
3600 1150 3703 1202 καὶ
3744 1150 3833 1203 ἀπο

2221 1238 2593 1306 εγνωσμένος,
2628 1240 2723 1293 καὶ
2773 1240 3005 1310 μηδενὸς
3058 1241 3269 1310 ἀγαθοῦ
3309 1243 3632 1313 μετουσίαν
3684 1243 3829 1313 (xm,

2222 1329 2431 1393 πάντας
2459 1330 2521 1381 τὸ
2553 1330 2699 1402 ὕδωρ
2746 1333 2908 1387 τοῦτο
2951 1334 3119 1390 ίᾶται.
3157 1336 3270 1389 Καὶ
3312 1336 3442 1388 τότε
3473 1336 3587 1404 μὲν
3624 1336 3660 1406 ἡ
3686 1334 3834 1389 ἀσθέ-

2219 1438 2339 1473 νεια
2365 1422 2650 1488 ἐνεπόδιζέ
2680 1442 2791 1479 τισι
2818 1426 2957 1497 πρὸς
2981 1427 3081 1499 τὴν
3121 1428 3449 1498 θεραπείαν,
3482 1428 3591 1481 νῦν
3621 1429 3682 1482 δὲ
3715 1430 3837 1498 πρ³ς

2221 1514 2281 1566 τὸ
2316 1511 2691 1587 βαπτισθῆναι
2722 1520 2876 1575 οὐδὲν
2901 1520 3102 1593 ἔχομεν
3134 1521 3389 1593 κώλυμα.
3442 1524 3527 1575 Οὐ
3588 1525 3705 1593 γάρ
3732 1524 3836 1583 ἑνὸς

516 1625 963 1697 θεραπευομένου
993 1625 1076 1693 ,οἱ
1119 1622 1271 1678 ἄλλοι
1311 1619 1680 1691 ἀθεραπευτοι
1726 1612 1962 1668 ἐῶνται·
1992 1606 2131 1664 ἀλλὰ
2168 1604 2271 1660 κᾶν
2318 1607 2467 1660 πᾶσα
2511 1610 2545 1678 ἡ
2597 1611 2897 1685 οἰκουμένη
2944 1614 3201 1689 συνέλθῃ,
3243 1616 3344 1669 οὐκ
3397 1615 3745 1670 ἐλαττοῦται
3802 1619 3829 1687 ἡ

521 1725 699 1786 γάρις.

523 1740 587 1775 -α
633 1740 699 1786 ις.

523 1744 551 1793 ί
594 1740 761 1876 Sans.
794 1817 912 1873 5-7.
951 1835 969 1868 ι
1008 1812 1139 1869 Erat
1165 1822 1346 1867 autem
1396 1809 1616 1879 quidam
1649 1806 1812 1860 homo
1862 1800 1972 1856 illic
2012 1796 2105 1867 qui

2298 1797 2453 1857 «Ἦν
2524 1804 2581 1859 δέ
2658 1822 2743 1871 τις
2802 1807 3093 1878 ἄνθρωπος
3186 1812 3322 1874 ἐκεῖ,
3374 1812 3698 1882 τριάκοντα
3757 1809 3839 1862 καὶ

522 1914 741 1983 triginta
773 1921 827 1965 et
853 1920 979 1964 octo
1001 1921 1173 1962 annos
1207 1904 1401 1960 morbo
1430 1901 1737 1957 tenebatur.
1790 1894 1945 1949 Hunc
1981 1905 2101 1946 cum

2214 1889 2362 1946 ὀκτὼ
2389 1894 2484 1965 ἔτη
2516 1896 2657 1968 ἔχων
2685 1899 2743 1953 ὲν
2764 1902 2829 1971 τῇ
2856 1900 3136 1974 ἀσθενείᾳ.
3162 1902 3363 1956 Τοῦτον
3397 1904 3533 1957 ίδὼν
3571 1904 3602 1955 6
3639 1902 3840 1973 Ἰησοῦς

522 2006 744 2061 vidisset
795 2002 959 2058 Jesus
1007 1998 1422 2056 decumbentem
1450 2037 1463 2060 ,
1501 2004 1555 2048 et
1589 1989 1938 2062 cognovisset
1969 1983 2111 2053 quod

515 2105 629 2174 jam
653 2101 880 2156 multum
918 2099 1181 2167 temporis
1209 2094 1399 2150 morbo
1424 2098 1721 2155 teneretur,
1750 2087 1878 2141 dicit
1904 2084 1951 2138 ei
1981 2098 1995 2136 :
2023 2079 2114 2136 Vis

521 2209 688 2251 sanus
721 2191 881 2246 fieri?
914 2188 1214 2259 Respondit
1245 2186 1292 2242 ei
1345 2184 1636 2255 languidus
1665 2199 1678 2235 :
1724 2178 1975 2242 Domine,
2014 2178 2113 2229 ho-

522 2290 723 2343 minem
752 2301 859 2341 non
884 2283 1079 2347 habeo,
1109 2290 1187 2349 ut,
1213 2296 1334 2336 cum
1371 2279 1585 2333 turbata
1616 2274 1963 2343 fueritaqna,
1991 2270 2116 2324 mit-

521 2390 709 2435 tatme
741 2381 793 2431 in
832 2376 1097 2447 piscinam
1122 2389 1136 2441 ;
1160 2373 1254 2429 sed
1278 2371 1495 2426 interim
1520 2371 1646 2424 dum
1676 2382 1777 2437 ego
1805 2363 2113 2432 venio,jam

520 2474 659 2528 alius
699 2481 825 2525 ante
850 2485 935 2524 me
961 2467 1266 2523 descendit.
1304 2484 1324 2519 ι
1357 2464 1634 2534 Stupenda
1674 2459 1957 2532 paralytici
1985 2472 2115 2512 eon-

506 2564 755 2620 stantia:
803 2576 977 2617 annos
1008 2560 1243 2616 habebat
1288 2558 1508 2630 triginta
1546 2564 1695 2620 octo,
1728 2564 1783 2609 et
1818 2550 2113 2623 quotannis

519 2656 742 2713 liberari
791 2670 820 2708 a
857 2654 1048 2709 morbo
1079 2661 1402 2724 exstiectans
1444 2647 1741 2714 assidebat,
1766 2656 1821 2700 et
1849 2642 2114 2716 impedie-

516 2753 748 2807 batura
774 2748 1177 2821 potentioribus
1210 2754 1523 2816 praeventus
1546 2783 1561 2810 ,
1601 2756 1700 2797 nec
1726 2748 1904 2793 tamen
1947 2734 2114 2790 desti-

523 2840 592 2893 tit
626 2853 801 2908 neque
850 2836 1182 2905 desperavit.
1237 2833 1362 2889 Ideo
1416 2841 1469 2888 et
1514 2830 1776 2887 Dominus
1817 2830 2116 2896 interrogat
2156 2868 2161 2871 .

510 2944 666 2992 cum,
702 2927 887 2982 volens
918 2938 1226 2981 monstrare
1254 2923 1406 2979 nobis
1425 2921 1803 2977 fortitudinem
1842 2917 2111 2983 hominis;

516 3036 629 3077 non
664 3020 812 3075 enim
842 3018 1145 3087 interrogat
1169 3018 1324 3087 quasi
1368 3017 1581 3070 discere
1618 3013 1895 3085 quippiam
1928 3011 2111 3065 vellet.

524 3113 635 3167 Iloc
664 3114 932 3167 enimnon
962 3111 1139 3167 solum
1160 3108 1487 3179 superﬂuum
1519 3118 1683 3172 esset,
1710 3106 1804 3162 sed
1826 3105 2110 3175 insipiens,

513 3218 763 3273 qumrere
791 3219 861 3257 an
886 3218 1029 3274 mger
1058 3201 1188 3257 velit
1214 3201 1415 3257 sanari.
1445 3199 1675 3255 Factum
1703 3214 1834 3270 ergo
1865 3211 1926 3253 ut
1952 3214 2105 3252 mon.

518 3306 727 3351 stretur
780 3295 943 3351 nobis
996 3294 1232 3349 hominis
1278 3294 1566 3363 patientia.
1598 3291 1739 3359 Quid
1775 3290 2108 3362 igiturille?

514 3388 685 3446 Multa
712 3404 835 3444 cum
866 3388 1282 3442 mansuetudine
1313 3386 1642 3455 respondet:
1680 3385 1876 3450 Etiam,
1911 3386 2106 3453 inquit,

521 3485 767 3551 Domine,
804 3482 924 3538 volo
958 3484 1202 3552 quidem,
1226 3481 1319 3536 sed
1363 3497 1470 3536 non
1504 3483 1678 3535 habeo
1704 3479 1982 3535 hominem
2016 3482 2106 3549 qui

509 3576 794 3645 possitme
827 3577 879 3629 in
908 3576 1104 3645 aQuam
1146 3573 1371 3630 inferre.
1410 3570 1558 3628 Nihil
1592 3572 1963 3642 blasphemutn
1994 3586 2109 3627 res-

516 3669 726 3737 pondit,
765 3682 871 3723 non
902 3668 1083 3739 arguit
1110 3662 1387 3722 Christum
1438 3676 1496 3721 ut
1541 3666 1763 3722 stultam
1796 3666 2103 3733 interroga-

518 3763 721 3815 tionem
746 3761 1173 3831 interrogantem
1206 3775 1223 3826 ;
1260 3773 1365 3813 non
1400 3758 1681 3813 maledixit
1705 3758 1809 3813 diei
1844 3757 2104 3811 nativita-

519 3857 607 3922 tis,
634 3854 775 3909 sicut
795 3853 1170 3925 pusillanimes
1188 3851 1622 3921 .facimus,idque
1638 3866 1761 3905 cum
1785 3850 1838 3905 in
1874 3850 2105 3905 leviores

516 3947 737 4001 morbos
774 3926 1155 4012 inciderimus';
1186 3945 1281 3998 sed
1331 3954 1616 3999 mansuete
1652 3953 1705 3998 et
1728 3943 1943 4013 placide
1989 3957 2105 3997 res-

515 4054 741 4108 ponsum
776 4038 887 4104 dat,
913 4039 1126 4093 tametsi
1158 4039 1390 4093 nesciret
1416 4039 1669 4106 quisnam
1709 4045 1855 4091 esset
1893 4038 1985 4105 qui
2022 4037 2102 4089 in-

2225 1987 2654 2059 κατακείμενον,
2682 1992 2777 2045 καὶ
2809 1994 2994 2061 γνοὺς,
3029 1994 3112 2047 ὅτι
3141 1995 3311 2049 πολὺν
3341 1996 3447 2067 ἥδη
3474 1998 3688 2067 χρόνον
3711 1996 3837 2065 ἔχει,

2220 2078 2369 2146 λέγει
2428 2082 2613 2154 αὐτῷ*
2679 2083 2869 2149 Θέλεις
2920 2085 3081 2159 ὑγιὴς
3139 2088 3438 2157 γενέσθαι;
3511 2090 3830 2161 ’Δπεκρίθη

2219 2172 2373 2243 αὐτῷ
2428 2176 2457 2227 6
2507 2175 2752 2231 ἀσθενῶν
2790 2194 2802 2206 ·
2842 2179 3043 2251 Κύριε,
3075 2180 3367 2252 ἄνθρωπον
3410 2181 3519 2235 οὐκ
3564 2182 3717 2253 ἔχω,
3760 2182 3838 2237 ἵνα

2218 2266 2347 2321 ὅταν
2384 2270 2633 2342 ταραχθῇ
2677 2273 2740 2326 τὸ
2777 2272 2944 2346 ὕδωρ,
2976 2274 3153 2348 βάλλῃ
3188 2293 3255 2346 με
3288 2277 3368 2340 εἰς
3404 2277 3513 2347 τὴν
3547 2277 3835 2350 κολυμδὴ-

2220 2360 2387 2432 θραν·
2420 2364 2478 2416 ὲν
2506 2356 2552 2433 ᾧ
2585 2365 2643 2419 δὲ
2667 2365 2903 2438 ἔρχομαι
2958 2368 3092 2439 ἐγὼ,
3124 2370 3284 2435 ἄλλος
3310 2370 3423 2443 πρὸ
3467 2371 3616 2442 ἐμοῦ
3676 2389 3837 2426 κατα-

2218 2453 2415 2510 ϐαίνει.
2460 2477 2479 2508 ι
2532 2459 2913 2534 Ἐκπληκτικὴ
2951 2465 2984 2535 ἡ
3027 2464 3299 2535 καρτερία
3334 2464 3435 2518 τοῦ
3478 2465 3830 2534 παραλύτου.

2222 2548 2364 2621 Ἐτη
2404 2552 2707 2622 τριάκοντα
2758 2554 2854 2609 καὶ
2900 2555 3046 2610 ὀκτὼ
3102 2552 3253 2629 εἶχε,
3305 2559 3403 2613 καὶ
3442 2560 3576 2614 καθ’
3607 2560 3834 2613 ἕκαστον

2215 2640 2466 2696 ἐνιαυτὸν
2497 2644 2988 2719 ἀπαλλαγήσεσθαι
3017 2648 3113 2702 τοῦ
3135 2652 3448 2721 νοσήματος
3472 2652 3824 2723 προσδοκῶν,

2217 2733 2538 2806 ὲνηδρεύετο
2590 2738 3027 2811 ἐμποδιζόμενος
3084 2736 3189 2797 ὑπὸ
3238 2744 3349 2798 τῶν
3396 2746 3827 2819 δυνατωτέρων.

2218 2828 2329 2882 Καὶ
2358 2830 2507 2899 ὅμως
2560 2833 2663 2886 οὐκ
2708 2835 3000 2903 ἀφίστατο,
3031 2838 3157 2891 οὐδὲ
3190 2839 3554 2908 ἀπεγίνωσκε
3584 2856 3601 2869 ⁸
3633 2841 3721 2896 διὸ
3743 2841 3831 2895 καὶ

2218 2923 2401 2993 ἐρωτᾷ
2426 2924 2591 2978 αὑτὸν
2628 2927 2655 2979 6
2687 2927 2892 2999 Κύριος
2912 2972 2927 2998 ,
2958 2929 3129 2985 θέλων
3156 2933 3329 2997 δεῖξαι
3364 2934 3501 3005 ἡμῖν
3534 2934 3645 3006 τὴν
3696 2953 3825 3007 καρ-

2216 3016 2406 3085 τερίαν
2447 3017 2541 3071 τοῦ
2579 3019 2871 3091 ἀνθρώπου
2902 3038 2915 3053 ⁸
2966 3023 3028 3077 οὐ
3068 3023 3178 3095 γὰρ
3211 3023 3274 3094 δὴ
3325 3024 3401 3089 ὼς
3436 3025 3829 3096 μαθησόμενος

2217 3106 2418 3178 ἐρωτᾷ.
2468 3110 2640 3164 Τοῦτο
2692 3112 2801 3184 γὰρ
2839 3114 2900 3167 οὐ
2965 3114 3126 3185 μόνον
3176 3117 3473 3184 περιττὸν,
3527 3119 3681 3175 ἀλλὰ
3735 3123 3823 3174 καὶ

2219 3201 2468 3272 ἀνόητον,
2508 3204 2567 3257 τὸ
2609 3206 2823 3276 ἐρωτᾷν
2852 3208 2900 3259 εί
2928 3206 3072 3260 θέλει
3103 3210 3131 3262 6
3157 3210 3330 3263 νοσῶν
3362 3211 3623 3279 ὑγιᾶναι.
3649 3216 3825 3286 Ὀπιρ

2218 3289 2311 3345 οὖν
2346 3288 2521 3358 εἷπον,
2555 3294 2645 3348 ἴνα
2674 3296 2828 3370 δείξῃ
2858 3301 2991 3369 ημῖν
3024 3300 3119 3371 τὴν
3143 3304 3443 3374 καρτερίαν
3468 3306 3571 3360 τοῦ
3614 3308 3829 3382 ἀνθρώ-

2213 3400 2338 3447 που,
2368 3383 2458 3436 διά
2486 3385 2645 3439 τοῦτο
2666 3388 2867 3462 ἐρωτᾷ.
2900 3392 2964 3444 Τί
2993 3388 3087 3446 οὖν
3121 3394 3364 3462 ὲκεῖνος;
3422 3398 3594 3454 Μετὰ
3629 3401 3826 3472 πολλῆς

2210 3476 2513 3566 ἐπιεικείας
2536 3479 2921 3553 ἀποκρίνεται·
2953 3485 3085 3551 Ναὶ,
3112 3488 3269 3559 φησὶ,
3292 3489 3497 3562 Κύριε,
3528 3491 3685 3548 θέλω
3709 3497 3825 3566 μὲν,

2209 3564 2325 3618 ἀλλ’
2356 3568 2455 3621 οὐκ
2501 3569 2613 3640 ἔχω
2642 3572 2931 3645 ἄνθρωπον
2976 3578 3068 3632 τὸν
3090 3579 3393 3649 δυνάμενόν
3433 3601 3505 3655 με
3558 3564 3824 3657 ἐμϐαλεῖν

2206 3663 2283 3734 τῷ
2310 3664 2485 3720 ὕδατι.
2531 3669 2702 3723 Οὐδὲν
2749 3673 3081 3746 βλάσφημον
3129 3679 3517 3749 ἀπεκρίνατο,
3563 3684 3674 3739 οὐκ
3720 3688 3823 3741 ἀπο

2208 3756 2500 3828 επέμψατο
2524 3759 2613 3812 τὸν
2644 3763 2901 3833 Χριστὸν,
2934 3769 3010 3833 ὡς
3042 3772 3401 3842 ἐρωτήσαντα
3433 3776 3660 3832 ἄτοπον
3687 3782 3823 3851 ἐρὼ·

2206 3862 2373 3940 τημα,
2410 3850 2471 3905 οὐ
2512 3855 2870 3925 κατηράσατο
2911 3858 3011 3929 τὴν
3058 3862 3275 3933 ἡμέραν
3322 3864 3426 3935 τῆς
3473 3870 3822 3940 γεννήσεως,

2205 3937 2295 3995 οἷα
2320 3944 2367 3997 οἱ
2403 3947 2731 4018 μικρόψυχοι
2772 3952 3059 4024 ποιοῦμεν,
3092 3956 3387 4012 καὶταῦτα
3418 3937 3823 4035 ἐλαφροτέρας

2205 4038 2479 4107 νοσήμασι
2511 4042 2960 4113 περιπίπτοντες,
3011 4047 3150 4102 ἀλλὰ
3184 4051 3379 4119 πράως
3417 4052 3517 4107 καὶ
3558 4054 3825 4126 δυσωπηο

414 5324 417 5325 ⁷
503 5324 636 5390 ium,
667 5324 857 5380 volens
887 5322 1203 5379 credibilius
1237 5322 1353 5377 ﬁeri
1383 5323 1701 5378 miraculum
1734 5322 1877 5392 quod
1925 5321 2093 5376 facie-

518 4132 845 4200 terrogabat.
872 4129 1117 4201 Namque
1148 4132 1251 4187 hoc
1285 4131 1461 4187 solum
1488 4130 1822 4186 existimavit
1855 4130 2102 4185 utilitatis

2214 4129 2373 4195 τικῶς
2409 4134 2649 4188 ποιεῖται
2684 4135 2782 4208 τὴν
2812 4138 3137 4211 ἀπόκρισιν,
3184 4144 3365 4199 καίτοι
3415 4151 3608 4220 γεμὴ
3642 4152 3821 4215 είδὼς,

511 4226 617 4280 sibi
652 4224 817 4297 569
848 4227 1104 4280 accedere
1139 4222 1413 4286 fortassis,
1467 4232 1531 4278 ut
1579 4222 1805 4277 inferret
1834 4221 2023 4290 ipsum.
2045 4222 2100 4275 in

2214 4222 2351 4285 ὅστις
2384 4224 2516 4278 ποτὲ
2554 4220 2623 4297 ἦν
2653 4228 2682 4281 6
2724 4208 2979 4301 ἐρωτῶν,
3014 4235 3133 4291 ἀλλ’
3171 4238 3203 4312 ἢ
3234 4238 3399 4294 τοῦτο
3427 4208 3630 4311 ’μόνον

511 4334 748 4389 aquam,
783 4328 837 4371 et
874 4327 1157 4388 prapterea
1203 4316 1395 4371 blande
1424 4314 1645 4370 Christo
1684 4314 1943 4385 loquitur.
1984 4314 2099 4369 Non

2214 4313 2446 4383 ἐνόμισε,
2472 4320 2881 4397 χρησιμεύει[ν]
2909 4327 3060 4399 αὑτῷ
3088 4328 3179 4383 τὸν
3211 4332 3454 4399 Χριστὸν
3478 4376 3492 4401 ,
3539 4334 3694 4391 ὥστε
3725 4340 3823 4406 ὲμο

509 4412 646 4465 ιιὴιίι
694 4421 873 4463 autem
923 4410 1195 4471 Christus,
1238 4408 1605 4465 Visisanabo
1630 4413 1703 4473 te,
1755 4416 1812 4461 ut
1845 4422 1909 4461 ne
1946 4408 2099 4463 vide-

2214 4406 2389 4463 Βαλεῖν
2408 4413 2574 4466 αὑτὸν
2600 4416 2681 4478 εἰς
2705 4417 2766 4469 τὸ
2788 4416 2955 4491 ὓδωρ,
2992 4424 3090 4476 καὶ
3122 4424 3213 4478 διὰ
3245 4425 3457 4479 τούτων
3496 4431 3824 4487 ἐπισπάσα-

509 4515 659 4557 retur
685 4503 912 4571 gloriam
944 4514 1215 4571 quatere.

2214 4500 2330 4589 σθαι
2394 4504 2490 4557 καὶ
2542 4505 2872 4580 δυσωπῆσαι
2904 4512 3016 4568 τῶν
3077 4516 3347 4588 ῥημάτων
3380 4518 3674 4589 βούλεται.
3709 4526 3823 4578 Οὐκ

2128 4612 2179 4672 ι)
2205 4586 2331 4689 sine
2366 4594 2424 4649 δὲ
2456 4598 2485 4651 6
2522 4599 2785 4671 Χριστὸς,
2828 4604 3053 4675 Θέλεις;
3079 4586 3433 4680 θεραπεύσω
3477 4632 3577 4681 σε,
3622 4617 3716 4671 ῐνα
3748 4620 3821 4689 μὴ

2200 4685 2328 4760 δόξῃ
2377 4691 2706 4761 κομπάζειν.

2277 4798 2297 4831 ι
2333 4781 2498 4851 Λέγει
2520 4785 2672 4854 αὐτῷ
2702 4786 2729 4839 6
2757 4787 2966 4860 Ἰησοῦς
2988 4808 3000 4822 ·
3032 4791 3306 4865 Ἔγειραι,
3339 4789 3478 4865 ἆρον
3508 4798 3610 4851 τὸν
3646 4801 3819 4871 κράϐ-

2201 4873 2367 4929 6ατόν
2439 4895 2569 4945 σου,
2626 4882 2723 4934 καὶ
2783 4886 3102 4955 περιπάτει.
3157 4888 3271 4942 Καὶ
3331 4888 3541 4954 εὐθέως
3593 4895 3817 4961 ἐγένετο

2200 4966 2360 5037 ὑγιὴς
2392 4969 2420 5019 6
2447 4970 2757 5041 ἄνθρωπος,
2794 4975 2889 5028 καὶ
2936 4972 3041 5048 ἦρε
3085 4978 3180 5032 τὸν
3238 4981 3559 5050 κράΰὸατον
3616 4986 3810 5050 αὑτοῦ,

2200 5059 2296 5111 καὶ
2327 5062 2673 5127 περιεπάτει.
2702 5059 2813 5117 Ἦν
2844 5066 2903 5120 δὲ
2943 5068 3225 5124 Σάϐϐατον
3256 5072 3315 5126 ὲν
3343 5074 3539 5148 ἐκείνῃ
3565 5080 3638 5148 τῇ
3674 5081 3811 5149 ὴμέ-

2203 5166 2293 5221 ρᾳ.
2355 5152 2583 5218 Ἔλεγον
2635 5153 2729 5210 οὖν
2783 5158 2831 5211 οί
2873 5160 3121 5217 Ἰουδαῖοι
3170 5164 3250 5237 τῷ
3295 5165 3806 5241 τεθεραπευμένῳυ

2198 5242 2480 5297 Σάϐϐατόν
2506 5247 2654 5301 ἐστιν
2672 5262 2685 5278 ·
2716 5251 2815 5304 οὐκ
2838 5251 3016 5316 ἔξεστί
3051 5273 3134 5309 σοι
3156 5253 3289 5327 ἆραι
3314 5260 3405 5313 τὸν
3429 5262 3801 5331 κράδὸατον.»

2198 5334 2427 5391 Κελεύει
2458 5333 2590 5411 ἆραι
2622 5341 2682 5394 τὸ
2719 5344 2997 5413 κλινίδιον,
3046 5350 3431 5406 πιστώσασθαι
3466 5355 3803 5427 βουλόμενος

2196 5428 2256 5482 τὸ
2289 5432 2585 5502 γενόμενον
2616 5434 2823 5507 θαῦμα,
2841 5438 2985 5493 ὥστε
3009 5443 3215 5512 μηδένα
3236 5446 3459 5515 νομίσαι
3492 5452 3802 5516 φαντασίαν

2197 5523 2330 5575 αὐτὸ
2352 5519 2514 5581 εἶναι.
2548 5529 2623 5579 Οὐ
2659 5531 2765 5599 γὰρ
2798 5530 2883 5597 ἂν,
2934 5534 2984 5586 εί
3014 5535 3089 5605 μὴ
3130 5535 3369 5606 βεϐαίως
3441 5544 3541 5595 καὶ
3596 5545 3803 5616 σςόδρα

592 4764 746 4817 t’sns.
776 4762 933 4819 8-10.
975 4781 992 4814 ι
1035 4762 1177 4817 Dicit
1222 4763 1269 4818 ei
1295 4760 1493 4819 Jesus:
1540 4762 1738 4834 Surge,
1777 4762 1902 4818 tolle
1971 4780 2095 4834 gra—

506 4859 689 4913 batum
722 4868 868 4911 tuum
896 4868 950 4910 et
984 4856 1220 4911 ambula.
1259 4856 1325 4910 Et
1368 4859 1552 4912 statim
1601 4872 1765 4911 sanus
1810 4856 1989 4913 factus
2014 4869 2098 4915 est

508 4955 669 5004 homo
706 4949 815 5017 ille,
852 4960 903 5004 et
957 4950 1177 5006 sustulit
1233 4951 1523 5021 grabatum
1558 4963 1715 5003 suum
1742 4960 1797 5005 et
1851 4952 2099 5005 ambula-

508 5044 620 5097 bat.
650 5040 782 5096 Erat
829 5052 1010 5098 autem
1062 5042 1360 5098 Sabbatum
1417 5043 1470 5096 in
1523 5042 1613 5097 die
1668 5042 1781 5097 illo.
1837 5042 2096 5098 Dicebant

505 5150 635 5206 ergo
662 5133 831 5189 Judaei
863 5138 910 5190 ei
937 5137 1032 5205 qui
1085 5145 1306 5191 sanatus
1354 5134 1573 5190 fuerat:
1638 5134 1939 5191 Sabbatum
1988 5147 2092 5203 εει,

504 5242 608 5281 non
643 5227 769 5281 licet
804 5227 897 5281 tibi
938 5228 1128 5283 tollere
1166 5228 1471 5299 grabatum.
1507 5245 1526 5279 ι
1556 5224 1717 5281 Jubet
1759 5226 1870 5281 tolli
1924 5228 2097 5282 lectu-

504 5418 619 5481 bat,
650 5427 1027 5487 neputaretur
1068 5430 1188 5472 esse
1241 5418 1567 5487 phantasma
1627 5416 1921 5486 quoddam.
1979 5414 2092 5471 Nisi

500 5510 646 5563 enim
710 5510 951 5565 membra
1005 5508 1161 5564 ﬁrme
1226 5509 1463 5564 fuissent
1518 5508 1767 5575 solidata,
1832 5508 2093 5563 lectulum

501 5601 646 5656 ferre
689 5616 800 5655 non
843 5602 1127 5670 potuisset.
1170 5599 1288 5655 Non
1322 5613 1502 5655 autem
1537 5602 1712 5671 exegit
1738 5603 1805 5656 ab
1837 5616 1901 5657 eo
1931 5600 2092 5658 ﬁdem

502 5703 794 5761 antequam
830 5702 1096 5760 satiasset,
1142 5694 1283 5749 sicut
1328 5694 1380 5748 in
1412 5695 1533 5750 aliis
1566 5692 1892 5763 quibusdam
1922 5713 1936 5761 ;
1965 5694 2089 5765 quia

501 5795 643 5849 arger
683 5782 772 5835 ille
829 5782 1067 5835 nondum
1119 5783 1328 5839 viderat
1384 5800 1507 5839 enm
1564 5786 1718 5855 signa
1777 5786 2089 5842 facientem.

506 5872 713 5925 Etenim
753 5872 1011 5928 Dominus
1053 5875 1212 5930 ﬁdem
1248 5878 1465 5949 exigere
1498 5896 1601 5934 non
1639 5882 1844 5937 solclnt
1873 5884 1939 5938 ab
1981 5885 2090 5943 illis

2198 5616 2480 5687 συνεπάγη
2512 5620 2664 5690 αὐτῷ
2691 5622 2759 5673 τὰ
2788 5624 2949 5693 μέλη,
2981 5628 3083 5697 τὴν
3110 5628 3301 5699 κλίνην
3329 5632 3522 5703 φέρειν
3547 5634 3797 5705 ἠδύνατο.

2196 5706 2311 5759 Οὐκ
2348 5709 2572 5762 άπαιτεῖ
2591 5711 2648 5763 δὲ
2676 5714 2837 5766 αὑτὸν
2862 5715 2967 5785 πρὸ
2990 5718 3087 5788 τῆς
3123 5719 3322 5784 ίάσεως
3368 5722 3582 5785 πίστιν,
3610 5722 3797 5793 ᾣσπερ

2196 5799 2289 5852 ἐπὶ
2318 5800 2496 5856 ἄλλων
2532 5805 2717 5869 τινῶν,
2747 5808 2828 5859 ὅτι
2864 5808 3079 5863 οὐδέπω
3105 5812 3271 5865 αὑτὸν
3309 5811 3453 5869 εἶδεν
3488 5818 3517 5869 6
3554 5816 3797 5872 ἀσθενῶν

2197 5897 2424 5965 σημεῖον
2454 5900 2815 5966 πεποιηκότα.
2847 5902 2955 5953 Καὶ
2987 5903 3095 5975 γὰρ
3153 5908 3469 5976 κάκείνους,
3506 5910 3602 5975 οὓς
3638 5912 3797 5965 άπαι-
