  <div class='ocr_page' id='page_1' title='image "/cluster/home/n/w/nwhite01/storage/ocr_20150623/123/ien.35556001659978/636.png"; bbox 0 0 3936 6426; ppageno 0'>
   <div class='ocr_carea' id='block_1_1' title="bbox 125 485 259 553">
    <p class='ocr_par' dir='ltr' id='par_1_1' title="bbox 125 485 259 553">
     <span class='ocr_line' id='line_1_1' title="bbox 125 485 259 553; baseline -0.03 1"><span class='ocrx_word' id='word_1_1' title='bbox 125 485 259 553; x_wconf 78' lang='lat'><strong>1261</strong></span> 
     </span>
    </p>
   </div>
   <div class='ocr_carea' id='block_1_2' title="bbox 803 467 2735 542">
    <p class='ocr_par' dir='ltr' id='par_1_2' title="bbox 803 467 2735 542">
     <span class='ocr_line' id='line_1_2' title="bbox 803 467 2735 542; baseline -0.008 -1"><span class='ocrx_word' id='word_1_2' title='bbox 803 477 1253 542; x_wconf 72' lang='lat' dir='ltr'><strong>ENARBATIO</strong></span> <span class='ocrx_word' id='word_1_3' title='bbox 1298 476 1381 537; x_wconf 85' lang='lat' dir='ltr'><strong>IN</strong></span> <span class='ocrx_word' id='word_1_4' title='bbox 1422 469 1935 539; x_wconf 80' lang='lat' dir='ltr'><strong>EVANGELIUM</strong></span> <span class='ocrx_word' id='word_1_5' title='bbox 1974 467 2323 532; x_wconf 75' lang='lat' dir='ltr'><strong>JOANNIS.</strong></span> <span class='ocrx_word' id='word_1_6' title='bbox 2358 492 2429 504; x_wconf 83' lang='grc'><strong>--</strong></span> <span class='ocrx_word' id='word_1_7' title='bbox 2466 468 2626 529; x_wconf 74' lang='lat' dir='ltr'><strong>CAP.</strong></span> <span class='ocrx_word' id='word_1_8' title='bbox 2673 469 2735 528; x_wconf 85' lang='lat' dir='ltr'><strong>V.</strong></span> 
     </span>
    </p>
   </div>
   <div class='ocr_carea' id='block_1_3' title="bbox 3296 463 3435 529">
    <p class='ocr_par' dir='ltr' id='par_1_3' title="bbox 3296 463 3435 529">
     <span class='ocr_line' id='line_1_3' title="bbox 3296 463 3435 529; baseline 0 -2"><span class='ocrx_word' id='word_1_9' title='bbox 3296 463 3435 529; x_wconf 71' lang='lat'><strong>1262</strong></span> 
     </span>
    </p>
   </div>
   <div class='ocr_carea' id='block_1_4' title="bbox 121 558 1730 667">
    <p class='ocr_par' dir='ltr' id='par_1_4' title="bbox 121 584 1713 667">
     <span class='ocr_line' id='line_1_4' title="bbox 121 584 1713 667; baseline -0.012 -10"><span class='ocrx_word' id='word_1_10' title='bbox 121 605 202 657; x_wconf 81' lang='grc' dir='ltr'>εεί</span> <span class='ocrx_word' id='word_1_11' title='bbox 242 600 430 654; x_wconf 87' lang='grc' dir='ltr'>πίστιν</span> <span class='ocrx_word' id='word_1_12' title='bbox 476 599 504 651; x_wconf 99' lang='lat'><strong>6</strong></span> <span class='ocrx_word' id='word_1_13' title='bbox 534 595 773 667; x_wconf 78' lang='grc' dir='ltr'>Κύριος,</span> <span class='ocrx_word' id='word_1_14' title='bbox 828 594 887 648; x_wconf 89' lang='grc' dir='ltr'><strong>ού</strong></span> <span class='ocrx_word' id='word_1_15' title='bbox 932 592 1039 665; x_wconf 72' lang='grc' dir='ltr'>πρὸ</span> <span class='ocrx_word' id='word_1_16' title='bbox 1061 591 1173 645; x_wconf 85' lang='grc' dir='ltr'>τῶν</span> <span class='ocrx_word' id='word_1_17' title='bbox 1200 590 1519 662; x_wconf 70' lang='grc' dir='ltr'>θαυμάτων,</span> <span class='ocrx_word' id='word_1_18' title='bbox 1577 584 1713 640; x_wconf 74' lang='grc' dir='ltr'>ἀλλὰ</span> 
     </span>
    </p>
   </div>
   <div class='ocr_carea' id='block_1_5' title="bbox 1839 558 3436 667">
    <p class='ocr_par' dir='ltr' id='par_1_5' title="bbox 1839 558 3436 653">
     <span class='ocr_line' id='line_1_5' title="bbox 1839 558 3436 653; baseline -0.002 -20"><span class='ocrx_word' id='word_1_19' title='bbox 1839 592 2113 651; x_wconf 79' lang='lat' dir='ltr'><strong>mtequam</strong></span> <span class='ocrx_word' id='word_1_20' title='bbox 2162 582 2215 635; x_wconf 88' lang='lat' dir='ltr'><strong>in</strong></span> <span class='ocrx_word' id='word_1_21' title='bbox 2240 592 2539 653; x_wconf 88' lang='lat' dir='ltr'><strong>conspectu</strong></span> <span class='ocrx_word' id='word_1_22' title='bbox 2564 594 2756 635; x_wconf 88' lang='lat' dir='ltr'><strong>eorum</strong></span> <span class='ocrx_word' id='word_1_23' title='bbox 2791 577 2998 633; x_wconf 77' lang='lat' dir='ltr'><strong>faceret</strong></span> <span class='ocrx_word' id='word_1_24' title='bbox 3022 574 3309 642; x_wconf 84' lang='lat' dir='ltr'><strong>miracula,</strong></span> <span class='ocrx_word' id='word_1_25' title='bbox 3338 558 3436 632; x_wconf 75' lang='lat' dir='ltr'><strong>sci</strong></span> 
     </span>
    </p>
   </div>
   <div class='ocr_carea' id='block_1_6' title="bbox 117 681 1711 766">
    <p class='ocr_par' dir='ltr' id='par_1_6' title="bbox 117 681 1711 766">
     <span class='ocr_line' id='line_1_6' title="bbox 117 681 1711 766; baseline -0.011 -16"><span class='ocrx_word' id='word_1_26' title='bbox 117 694 267 766; x_wconf 79' lang='grc' dir='ltr'><strong>μετά</strong></span> <span class='ocrx_word' id='word_1_27' title='bbox 293 693 355 747; x_wconf 81' lang='grc' dir='ltr'>τὸ</span> <span class='ocrx_word' id='word_1_28' title='bbox 387 689 615 759; x_wconf 80' lang='grc' dir='ltr'>ποιῆσαι</span> <span class='ocrx_word' id='word_1_29' title='bbox 647 686 884 742; x_wconf 74' lang='grc' dir='ltr'>ινώπιον</span> <span class='ocrx_word' id='word_1_30' title='bbox 915 686 1100 740; x_wconf 83' lang='grc' dir='ltr'>αὐτῶν</span> <span class='ocrx_word' id='word_1_31' title='bbox 1125 685 1198 740; x_wconf 86' lang='grc' dir='ltr'><strong>τά</strong></span> <span class='ocrx_word' id='word_1_32' title='bbox 1236 682 1520 755; x_wconf 88' lang='grc' dir='ltr'>θαύματα,</span> <span class='ocrx_word' id='word_1_33' title='bbox 1544 681 1711 736; x_wconf 75' lang='grc' dir='ltr'>ἀπαι-</span> 
     </span>
    </p>
   </div>
   <div class='ocr_carea' id='block_1_7' title="bbox 110 774 1715 855">
    <p class='ocr_par' dir='ltr' id='par_1_7' title="bbox 110 774 1715 855">
     <span class='ocr_line' id='line_1_7' title="bbox 110 774 1715 855; baseline -0.01 -11"><span class='ocrx_word' id='word_1_34' title='bbox 110 790 202 843; x_wconf 76' lang='grc' dir='ltr'>τεῖ</span> <span class='ocrx_word' id='word_1_35' title='bbox 232 785 431 851; x_wconf 84' lang='grc' dir='ltr'>αὐτοὺς</span> <span class='ocrx_word' id='word_1_36' title='bbox 476 782 579 855; x_wconf 78' lang='grc' dir='ltr'><strong>τήν</strong></span> <span class='ocrx_word' id='word_1_37' title='bbox 631 780 840 837; x_wconf 78' lang='grc' dir='ltr'>πίστιν.</span> <span class='ocrx_word' id='word_1_38' title='bbox 892 778 1128 851; x_wconf 80' lang='grc' dir='ltr'>Ὅραδὲ</span> <span class='ocrx_word' id='word_1_39' title='bbox 1179 796 1272 850; x_wconf 89' lang='grc' dir='ltr'><strong>μοι</strong></span> <span class='ocrx_word' id='word_1_40' title='bbox 1321 777 1441 839; x_wconf 83' lang='grc' dir='ltr'><strong>πῶς</strong></span> <span class='ocrx_word' id='word_1_41' title='bbox 1478 774 1598 844; x_wconf 71' lang='grc' dir='ltr'>ἅμα</span> <span class='ocrx_word' id='word_1_42' title='bbox 1654 791 1715 829; x_wconf 89' lang='grc' dir='ltr'><strong>τε</strong></span> 
     </span>
    </p>
   </div>
   <div class='ocr_carea' id='block_1_8' title="bbox 111 868 1717 954">
    <p class='ocr_par' dir='ltr' id='par_1_8' title="bbox 111 868 1717 954">
     <span class='ocr_line' id='line_1_8' title="bbox 111 868 1717 954; baseline -0.011 -18"><span class='ocrx_word' id='word_1_43' title='bbox 111 882 319 954; x_wconf 67' lang='grc' dir='ltr'>ἢκουσε</span> <span class='ocrx_word' id='word_1_44' title='bbox 364 878 462 933; x_wconf 78' lang='grc' dir='ltr'>καὶ</span> <span class='ocrx_word' id='word_1_45' title='bbox 494 874 841 931; x_wconf 73' lang='grc' dir='ltr'>ἐπίστευσεν.</span> <span class='ocrx_word' id='word_1_46' title='bbox 880 875 957 928; x_wconf 84' lang='grc' dir='ltr'><strong>Οὐ</strong></span> <span class='ocrx_word' id='word_1_47' title='bbox 993 876 1105 943; x_wconf 86' lang='grc' dir='ltr'>γὰρ</span> <span class='ocrx_word' id='word_1_48' title='bbox 1138 869 1394 941; x_wconf 79' lang='grc' dir='ltr'><strong>διεκρίθη</strong></span> <span class='ocrx_word' id='word_1_49' title='bbox 1431 868 1555 922; x_wconf 87' lang='grc' dir='ltr'>καθ’</span> <span class='ocrx_word' id='word_1_50' title='bbox 1587 868 1717 921; x_wconf 74' lang='grc' dir='ltr'>ἑαυ-</span> 
     </span>
    </p>
   </div>
   <div class='ocr_carea' id='block_1_9' title="bbox 112 958 1709 1042">
    <p class='ocr_par' dir='ltr' id='par_1_9' title="bbox 112 958 1709 1042">
     <span class='ocr_line' id='line_1_9' title="bbox 112 958 1709 1042; baseline -0.008 -14"><span class='ocrx_word' id='word_1_51' title='bbox 112 974 231 1042; x_wconf 79' lang='grc' dir='ltr'>τὸν,</span> <span class='ocrx_word' id='word_1_52' title='bbox 262 971 359 1027; x_wconf 81' lang='grc' dir='ltr'>καὶ</span> <span class='ocrx_word' id='word_1_53' title='bbox 377 967 536 1026; x_wconf 73' lang='grc' dir='ltr'>εἶπεν</span> <span class='ocrx_word' id='word_1_54' title='bbox 556 984 570 1000; x_wconf 80' lang='grc'><strong><em>⁸</em></strong></span> <span class='ocrx_word' id='word_1_55' title='bbox 605 968 682 1024; x_wconf 78' lang='grc' dir='ltr'><strong>οὐ</strong></span> <span class='ocrx_word' id='word_1_56' title='bbox 712 968 879 1041; x_wconf 82' lang='grc' dir='ltr'>λῆρος</span> <span class='ocrx_word' id='word_1_57' title='bbox 904 958 1084 1030; x_wconf 76' lang='grc' dir='ltr'>οὗτος,</span> <span class='ocrx_word' id='word_1_58' title='bbox 1109 964 1169 1029; x_wconf 84' lang='grc' dir='ltr'><strong>δς</strong></span> <span class='ocrx_word' id='word_1_59' title='bbox 1196 962 1449 1035; x_wconf 75' lang='grc' dir='ltr'>αὐθωρδν</span> <span class='ocrx_word' id='word_1_60' title='bbox 1481 958 1709 1032; x_wconf 76' lang='grc' dir='ltr'>ὲγερθῆο</span> 
     </span>
    </p>
   </div>
   <div class='ocr_carea' id='block_1_10' title="bbox 112 1052 1717 1137">
    <p class='ocr_par' dir='ltr' id='par_1_10' title="bbox 112 1052 1717 1137">
     <span class='ocr_line' id='line_1_10' title="bbox 112 1052 1717 1137; baseline -0.01 -16"><span class='ocrx_word' id='word_1_61' title='bbox 112 1066 208 1121; x_wconf 89' lang='grc' dir='ltr'><strong>ναί</strong></span> <span class='ocrx_word' id='word_1_62' title='bbox 243 1082 309 1137; x_wconf 88' lang='grc' dir='ltr'><strong>με</strong></span> <span class='ocrx_word' id='word_1_63' title='bbox 334 1062 723 1134; x_wconf 62' lang='grc' dir='ltr'>ἔγκελεύεταη</span> <span class='ocrx_word' id='word_1_64' title='bbox 778 1058 1080 1129; x_wconf 79' lang='grc' dir='ltr'>τριάκοντα</span> <span class='ocrx_word' id='word_1_65' title='bbox 1108 1056 1257 1111; x_wconf 86' lang='grc' dir='ltr'>ὀκτὼ</span> <span class='ocrx_word' id='word_1_66' title='bbox 1278 1055 1374 1127; x_wconf 73' lang='grc' dir='ltr'>ἐτη</span> <span class='ocrx_word' id='word_1_67' title='bbox 1402 1054 1568 1125; x_wconf 75' lang='grc' dir='ltr'>ἔχων,</span> <span class='ocrx_word' id='word_1_68' title='bbox 1614 1052 1717 1107; x_wconf 86' lang='grc' dir='ltr'>οὐκ</span> 
     </span>
    </p>
   </div>
   <div class='ocr_carea' id='block_1_11' title="bbox 112 1148 1715 1231">
    <p class='ocr_par' dir='ltr' id='par_1_11' title="bbox 112 1148 1715 1231">
     <span class='ocr_line' id='line_1_11' title="bbox 112 1148 1715 1231; baseline -0.009 -17"><span class='ocrx_word' id='word_1_69' title='bbox 112 1158 384 1231; x_wconf 73' lang='grc' dir='ltr'>ιπὲτυχον</span> <span class='ocrx_word' id='word_1_70' title='bbox 434 1156 652 1221; x_wconf 78' lang='grc' dir='ltr'>ἰάσεως,</span> <span class='ocrx_word' id='word_1_71' title='bbox 710 1158 807 1210; x_wconf 81' lang='grc' dir='ltr'>καὶ</span> <span class='ocrx_word' id='word_1_72' title='bbox 839 1152 1015 1217; x_wconf 77' lang='grc' dir='ltr'>οὑτως</span> <span class='ocrx_word' id='word_1_73' title='bbox 1056 1149 1256 1225; x_wconf 81' lang='grc' dir='ltr'>ἀθρόον</span> <span class='ocrx_word' id='word_1_74' title='bbox 1301 1148 1715 1221; x_wconf 79' lang='grc' dir='ltr'>ἑγερθήσομαις</span> 
     </span>
    </p>
   </div>
   <div class='ocr_carea' id='block_1_12' title="bbox 113 1239 1719 1314">
    <p class='ocr_par' dir='ltr' id='par_1_12' title="bbox 113 1239 1719 1314">
     <span class='ocr_line' id='line_1_12' title="bbox 113 1239 1719 1314; baseline -0.006 -11"><span class='ocrx_word' id='word_1_75' title='bbox 113 1248 287 1305; x_wconf 65' lang='grc' dir='ltr'>Οὐδὲν</span> <span class='ocrx_word' id='word_1_76' title='bbox 318 1247 584 1313; x_wconf 84' lang='grc' dir='ltr'>τοιοῦτον,</span> <span class='ocrx_word' id='word_1_77' title='bbox 616 1246 756 1302; x_wconf 79' lang='grc' dir='ltr'>ἀλλὰ</span> <span class='ocrx_word' id='word_1_78' title='bbox 815 1243 1122 1308; x_wconf 83' lang='grc' dir='ltr'><strong>πιστεύσας</strong></span> <span class='ocrx_word' id='word_1_79' title='bbox 1167 1241 1409 1314; x_wconf 76' lang='grc' dir='ltr'>ἠγέρθη.</span> <span class='ocrx_word' id='word_1_80' title='bbox 1454 1239 1546 1294; x_wconf 87' lang='grc' dir='ltr'>Ἐν</span> <span class='ocrx_word' id='word_1_81' title='bbox 1576 1239 1719 1293; x_wconf 68' lang='grc' dir='ltr'>Σασ-</span> 
     </span>
    </p>
   </div>
   <div class='ocr_carea' id='block_1_13' title="bbox 112 1330 1719 1414">
    <p class='ocr_par' dir='ltr' id='par_1_13' title="bbox 112 1330 1719 1414">
     <span class='ocr_line' id='line_1_13' title="bbox 112 1330 1719 1414; baseline -0.007 -17"><span class='ocrx_word' id='word_1_82' title='bbox 112 1342 271 1414; x_wconf 72' lang='grc' dir='ltr'>εάτῳ</span> <span class='ocrx_word' id='word_1_83' title='bbox 296 1341 356 1398; x_wconf 64' lang='grc' dir='ltr'>δὲ</span> <span class='ocrx_word' id='word_1_84' title='bbox 401 1339 721 1414; x_wconf 83' lang='grc' dir='ltr'>θεραπεύει,</span> <span class='ocrx_word' id='word_1_85' title='bbox 758 1338 1033 1395; x_wconf 78' lang='grc' dir='ltr'><strong>διδάσκων</strong></span> <span class='ocrx_word' id='word_1_86' title='bbox 1059 1337 1189 1402; x_wconf 69' lang='grc' dir='ltr'>τοὺς</span> <span class='ocrx_word' id='word_1_87' title='bbox 1228 1333 1557 1407; x_wconf 85' lang='grc' dir='ltr'><strong>ἀνθρώπους</strong></span> <span class='ocrx_word' id='word_1_88' title='bbox 1593 1330 1719 1386; x_wconf 71' lang='grc' dir='ltr'>ιτε-</span> 
     </span>
    </p>
   </div>
   <div class='ocr_carea' id='block_1_14' title="bbox 117 1424 1719 1507">
    <p class='ocr_par' dir='ltr' id='par_1_14' title="bbox 117 1424 1719 1507">
     <span class='ocr_line' id='line_1_14' title="bbox 117 1424 1719 1507; baseline -0.007 -17"><span class='ocrx_word' id='word_1_89' title='bbox 117 1451 231 1507; x_wconf 78' lang='grc' dir='ltr'><strong>ρως</strong></span> <span class='ocrx_word' id='word_1_90' title='bbox 255 1435 397 1489; x_wconf 79' lang='grc' dir='ltr'>νοεῖν</span> <span class='ocrx_word' id='word_1_91' title='bbox 426 1433 531 1496; x_wconf 85' lang='grc' dir='ltr'>τὰς</span> <span class='ocrx_word' id='word_1_92' title='bbox 551 1430 649 1485; x_wconf 79' lang='grc' dir='ltr'><strong>τοῦ</strong></span> <span class='ocrx_word' id='word_1_93' title='bbox 688 1430 860 1502; x_wconf 90' lang='grc' dir='ltr'>νόμου</span> <span class='ocrx_word' id='word_1_94' title='bbox 912 1428 1357 1502; x_wconf 82' lang='grc' dir='ltr'><strong>παρατηρήσεις,</strong></span> <span class='ocrx_word' id='word_1_95' title='bbox 1409 1426 1505 1481; x_wconf 77' lang='grc' dir='ltr'>καὶ</span> <span class='ocrx_word' id='word_1_96' title='bbox 1546 1424 1624 1497; x_wconf 81' lang='grc' dir='ltr'>μὴ</span> <span class='ocrx_word' id='word_1_97' title='bbox 1648 1427 1719 1498; x_wconf 76' lang='grc' dir='ltr'><strong>τῇ</strong></span> 
     </span>
    </p>
   </div>
   <div class='ocr_carea' id='block_1_15' title="bbox 116 1513 1720 1597">
    <p class='ocr_par' dir='ltr' id='par_1_15' title="bbox 116 1513 1720 1597">
     <span class='ocr_line' id='line_1_15' title="bbox 116 1513 1720 1597; baseline -0.009 -17"><span class='ocrx_word' id='word_1_98' title='bbox 116 1523 450 1597; x_wconf 81' lang='grc' dir='ltr'>σωματικῶς</span> <span class='ocrx_word' id='word_1_99' title='bbox 478 1521 749 1594; x_wconf 75' lang='grc' dir='ltr'>νοουμένη</span> <span class='ocrx_word' id='word_1_100' title='bbox 777 1518 952 1593; x_wconf 78' lang='grc' dir='ltr'>ἀργίᾳ</span> <span class='ocrx_word' id='word_1_101' title='bbox 998 1519 1181 1573; x_wconf 79' lang='grc' dir='ltr'>δοκεῖν</span> <span class='ocrx_word' id='word_1_102' title='bbox 1205 1517 1377 1589; x_wconf 77' lang='grc' dir='ltr'>τιμᾷν</span> <span class='ocrx_word' id='word_1_103' title='bbox 1416 1514 1479 1569; x_wconf 80' lang='grc' dir='ltr'><strong>τὺ</strong></span> <span class='ocrx_word' id='word_1_104' title='bbox 1501 1513 1720 1573; x_wconf 58' lang='lat' dir='ltr'><em>M66:-</em></span> 
     </span>
    </p>
   </div>
   <div class='ocr_carea' id='block_1_16' title="bbox 112 1607 1724 1690">
    <p class='ocr_par' dir='ltr' id='par_1_16' title="bbox 112 1607 1724 1690">
     <span class='ocr_line' id='line_1_16' title="bbox 112 1607 1724 1690; baseline -0.007 -16"><span class='ocrx_word' id='word_1_105' title='bbox 112 1636 232 1684; x_wconf 86' lang='grc' dir='ltr'>τον,</span> <span class='ocrx_word' id='word_1_106' title='bbox 260 1617 396 1672; x_wconf 82' lang='grc' dir='ltr'><strong>ἀλλά</strong></span> <span class='ocrx_word' id='word_1_107' title='bbox 421 1619 489 1690; x_wconf 86' lang='grc' dir='ltr'>τῇ</span> <span class='ocrx_word' id='word_1_108' title='bbox 522 1616 634 1671; x_wconf 83' lang='grc' dir='ltr'><strong>τῶν</strong></span> <span class='ocrx_word' id='word_1_109' title='bbox 663 1614 854 1670; x_wconf 84' lang='grc' dir='ltr'>κακῶν</span> <span class='ocrx_word' id='word_1_110' title='bbox 895 1614 1101 1686; x_wconf 81' lang='grc' dir='ltr'>ἀποχῇ.</span> <span class='ocrx_word' id='word_1_111' title='bbox 1137 1610 1298 1666; x_wconf 80' lang='grc' dir='ltr'>Ἐπεὶ</span> <span class='ocrx_word' id='word_1_112' title='bbox 1340 1608 1471 1680; x_wconf 85' lang='grc' dir='ltr'>τόγε</span> <span class='ocrx_word' id='word_1_113' title='bbox 1518 1607 1724 1678; x_wconf 88' lang='grc' dir='ltr'>ἀγαθο-</span> 
     </span>
    </p>
   </div>
   <div class='ocr_carea' id='block_1_17' title="bbox 116 1699 1721 1781">
    <p class='ocr_par' dir='ltr' id='par_1_17' title="bbox 116 1699 1721 1781">
     <span class='ocr_line' id='line_1_17' title="bbox 116 1699 1721 1781; baseline -0.007 -15"><span class='ocrx_word' id='word_1_114' title='bbox 116 1714 296 1766; x_wconf 84' lang='grc' dir='ltr'>ποιεϊν</span> <span class='ocrx_word' id='word_1_115' title='bbox 322 1711 382 1765; x_wconf 81' lang='grc' dir='ltr'>ὲν</span> <span class='ocrx_word' id='word_1_116' title='bbox 406 1709 697 1781; x_wconf 76' lang='grc' dir='ltr'><strong>Σαϐϐάτῳ,</strong></span> <span class='ocrx_word' id='word_1_117' title='bbox 726 1708 830 1763; x_wconf 82' lang='grc' dir='ltr'>οὐκ</span> <span class='ocrx_word' id='word_1_118' title='bbox 853 1705 921 1763; x_wconf 78' lang='grc' dir='ltr'>ἂν</span> <span class='ocrx_word' id='word_1_119' title='bbox 944 1708 973 1761; x_wconf 88' lang='lat'><strong>6</strong></span> <span class='ocrx_word' id='word_1_120' title='bbox 1000 1707 1165 1777; x_wconf 84' lang='grc' dir='ltr'>νόμος</span> <span class='ocrx_word' id='word_1_121' title='bbox 1192 1701 1425 1772; x_wconf 82' lang='grc' dir='ltr'>ἐκώλυε,</span> <span class='ocrx_word' id='word_1_122' title='bbox 1450 1701 1616 1773; x_wconf 84' lang='grc' dir='ltr'>νόμος</span> <span class='ocrx_word' id='word_1_123' title='bbox 1644 1699 1721 1755; x_wconf 83' lang='grc' dir='ltr'>ὣν</span> 
     </span>
    </p>
   </div>
   <div class='ocr_carea' id='block_1_18' title="bbox 113 1801 1017 1873">
    <p class='ocr_par' dir='ltr' id='par_1_18' title="bbox 113 1801 1017 1873">
     <span class='ocr_line' id='line_1_18' title="bbox 113 1801 1017 1873; baseline -0.004 -14"><span class='ocrx_word' id='word_1_124' title='bbox 113 1804 216 1861; x_wconf 81' lang='grc' dir='ltr'>τοῦ</span> <span class='ocrx_word' id='word_1_125' title='bbox 249 1803 388 1858; x_wconf 80' lang='grc' dir='ltr'>Θεοῦ</span> <span class='ocrx_word' id='word_1_126' title='bbox 418 1802 512 1857; x_wconf 80' lang='grc' dir='ltr'>τοῦ</span> <span class='ocrx_word' id='word_1_127' title='bbox 530 1801 1017 1873; x_wconf 81' lang='grc' dir='ltr'>ἀγαθοποιοῦντος.</span> 
     </span>
    </p>
   </div>
   <div class='ocr_carea' id='block_1_19' title="bbox 195 1887 1723 1970">
    <p class='ocr_par' dir='ltr' id='par_1_19' title="bbox 195 1887 1723 1970">
     <span class='ocr_line' id='line_1_19' title="bbox 195 1887 1723 1970; baseline -0.006 -19"><span class='ocrx_word' id='word_1_128' title='bbox 195 1917 215 1951; x_wconf 81' lang='grc' dir='ltr'><strong>ι</strong></span> <span class='ocrx_word' id='word_1_129' title='bbox 252 1895 558 1970; x_wconf 76' lang='grc' dir='ltr'><strong>Ἀπεκρίθη</strong></span> <span class='ocrx_word' id='word_1_130' title='bbox 584 1895 806 1960; x_wconf 75' lang='grc' dir='ltr'>αὐτοῖς’</span> <span class='ocrx_word' id='word_1_131' title='bbox 848 1894 911 1949; x_wconf 87' lang='lat'><strong>&#39;0</strong></span> <span class='ocrx_word' id='word_1_132' title='bbox 942 1894 1177 1967; x_wconf 84' lang='grc' dir='ltr'><strong>ποιήσας</strong></span> <span class='ocrx_word' id='word_1_133' title='bbox 1207 1910 1275 1964; x_wconf 87' lang='grc' dir='ltr'><strong>με</strong></span> <span class='ocrx_word' id='word_1_134' title='bbox 1309 1889 1464 1961; x_wconf 86' lang='grc' dir='ltr'>ὑγιῆ,</span> <span class='ocrx_word' id='word_1_135' title='bbox 1510 1887 1723 1952; x_wconf 70' lang='grc' dir='ltr'>ἐκεῖνός</span> 
     </span>
    </p>
   </div>
   <div class='ocr_carea' id='block_1_20' title="bbox 1819 669 3438 747">
    <p class='ocr_par' dir='ltr' id='par_1_20' title="bbox 1819 669 3438 747">
     <span class='ocr_line' id='line_1_20' title="bbox 1819 669 3438 747; baseline -0.005 -16"><span class='ocrx_word' id='word_1_136' title='bbox 1819 686 2107 747; x_wconf 86' lang='lat' dir='ltr'><strong>postquam</strong></span> <span class='ocrx_word' id='word_1_137' title='bbox 2140 674 2408 733; x_wconf 77' lang='lat' dir='ltr'><strong>vidissent</strong></span> <span class='ocrx_word' id='word_1_138' title='bbox 2466 674 2758 739; x_wconf 88' lang='lat' dir='ltr'><strong>miracula,</strong></span> <span class='ocrx_word' id='word_1_139' title='bbox 2798 671 3054 741; x_wconf 78' lang='lat' dir='ltr'><strong>exigebat</strong></span> <span class='ocrx_word' id='word_1_140' title='bbox 3094 669 3283 726; x_wconf 84' lang='lat' dir='ltr'><strong>iidem.</strong></span> <span class='ocrx_word' id='word_1_141' title='bbox 3336 670 3438 737; x_wconf 72' lang='lat' dir='ltr'><strong>At-</strong></span> 
     </span>
    </p>
   </div>
   <div class='ocr_carea' id='block_1_21' title="bbox 1821 760 3438 839">
    <p class='ocr_par' dir='ltr' id='par_1_21' title="bbox 1821 760 3438 839">
     <span class='ocr_line' id='line_1_21' title="bbox 1821 760 3438 839; baseline -0.004 -16"><span class='ocrx_word' id='word_1_142' title='bbox 1821 770 1981 825; x_wconf 89' lang='lat' dir='ltr'><strong>tende</strong></span> <span class='ocrx_word' id='word_1_143' title='bbox 2027 776 2214 825; x_wconf 90' lang='lat' dir='ltr'><strong>autem</strong></span> <span class='ocrx_word' id='word_1_144' title='bbox 2272 768 2417 839; x_wconf 85' lang='lat' dir='ltr'><strong>quod</strong></span> <span class='ocrx_word' id='word_1_145' title='bbox 2466 768 2630 825; x_wconf 85' lang='lat' dir='ltr'><strong>simul</strong></span> <span class='ocrx_word' id='word_1_146' title='bbox 2690 774 2857 837; x_wconf 86' lang='lat' dir='ltr'><strong>atque</strong></span> <span class='ocrx_word' id='word_1_147' title='bbox 2901 764 3135 831; x_wconf 75' lang='lat' dir='ltr'><strong>audivit,</strong></span> <span class='ocrx_word' id='word_1_148' title='bbox 3179 760 3438 820; x_wconf 89' lang='lat' dir='ltr'><strong>credidit.</strong></span> 
     </span>
    </p>
   </div>
   <div class='ocr_carea' id='block_1_22' title="bbox 1818 855 3438 925">
    <p class='ocr_par' dir='ltr' id='par_1_22' title="bbox 1818 855 3438 925">
     <span class='ocr_line' id='line_1_22' title="bbox 1818 855 3438 925; baseline -0.005 -7"><span class='ocrx_word' id='word_1_149' title='bbox 1818 861 1939 919; x_wconf 86' lang='lat' dir='ltr'><strong>Non</strong></span> <span class='ocrx_word' id='word_1_150' title='bbox 2003 865 2153 921; x_wconf 85' lang='lat' dir='ltr'><strong>enim</strong></span> <span class='ocrx_word' id='word_1_151' title='bbox 2209 878 2398 921; x_wconf 80' lang='lat' dir='ltr'><strong>secum</strong></span> <span class='ocrx_word' id='word_1_152' title='bbox 2458 861 2849 925; x_wconf 84' lang='lat' dir='ltr'><strong>murmuravit,</strong></span> <span class='ocrx_word' id='word_1_153' title='bbox 2906 868 2963 913; x_wconf 89' lang='lat' dir='ltr'><strong>et</strong></span> <span class='ocrx_word' id='word_1_154' title='bbox 3006 857 3146 912; x_wconf 88' lang='lat' dir='ltr'><strong>dixit</strong></span> <span class='ocrx_word' id='word_1_155' title='bbox 3176 876 3209 914; x_wconf 75' lang='grc' dir='ltr'><strong>ἰ</strong></span> <span class='ocrx_word' id='word_1_156' title='bbox 3240 855 3438 913; x_wconf 78' lang='lat' dir='ltr'><strong>Nonne</strong></span> 
     </span>
    </p>
   </div>
   <div class='ocr_carea' id='block_1_23' title="bbox 1818 950 3443 1032">
    <p class='ocr_par' dir='ltr' id='par_1_23' title="bbox 1818 950 3443 1032">
     <span class='ocr_line' id='line_1_23' title="bbox 1818 950 3443 1032; baseline -0.01 -15"><span class='ocrx_word' id='word_1_157' title='bbox 1818 969 2057 1032; x_wconf 90' lang='lat' dir='ltr'><strong>nugatur</strong></span> <span class='ocrx_word' id='word_1_158' title='bbox 2084 960 2212 1026; x_wconf 87' lang='lat' dir='ltr'><strong>iste,</strong></span> <span class='ocrx_word' id='word_1_159' title='bbox 2244 959 2337 1031; x_wconf 88' lang='lat' dir='ltr'><strong>qui</strong></span> <span class='ocrx_word' id='word_1_160' title='bbox 2374 959 2569 1014; x_wconf 84' lang='lat' dir='ltr'><strong>eodem</strong></span> <span class='ocrx_word' id='word_1_161' title='bbox 2607 962 2891 1011; x_wconf 89' lang='lat' dir='ltr'><strong>momento</strong></span> <span class='ocrx_word' id='word_1_162' title='bbox 2941 968 3029 1008; x_wconf 94' lang='lat' dir='ltr'><strong>me</strong></span> <span class='ocrx_word' id='word_1_163' title='bbox 3081 966 3309 1022; x_wconf 78' lang='lat' dir='ltr'><strong>surgere</strong></span> <span class='ocrx_word' id='word_1_164' title='bbox 3349 950 3443 1019; x_wconf 70' lang='lat' dir='ltr'><strong>ju-</strong></span> 
     </span>
    </p>
   </div>
   <div class='ocr_carea' id='block_1_24' title="bbox 1819 1046 3438 1125">
    <p class='ocr_par' dir='ltr' id='par_1_24' title="bbox 1819 1046 3438 1125">
     <span class='ocr_line' id='line_1_24' title="bbox 1819 1046 3438 1125; baseline -0.008 -15"><span class='ocrx_word' id='word_1_165' title='bbox 1819 1054 1908 1110; x_wconf 88' lang='lat' dir='ltr'><strong>bet</strong></span> <span class='ocrx_word' id='word_1_166' title='bbox 1932 1053 2057 1125; x_wconf 87' lang='lat' dir='ltr'><strong>(a)?</strong></span> <span class='ocrx_word' id='word_1_167' title='bbox 2086 1052 2333 1123; x_wconf 75' lang='lat' dir='ltr'><strong>Triginta</strong></span> <span class='ocrx_word' id='word_1_168' title='bbox 2385 1061 2446 1106; x_wconf 84' lang='lat' dir='ltr'><strong>et</strong></span> <span class='ocrx_word' id='word_1_169' title='bbox 2474 1060 2600 1106; x_wconf 93' lang='lat' dir='ltr'><strong>octo</strong></span> <span class='ocrx_word' id='word_1_170' title='bbox 2645 1063 2823 1103; x_wconf 86' lang='lat' dir='ltr'><strong>annos</strong></span> <span class='ocrx_word' id='word_1_171' title='bbox 2858 1046 3095 1111; x_wconf 77' lang='lat' dir='ltr'><strong>habens,</strong></span> <span class='ocrx_word' id='word_1_172' title='bbox 3150 1046 3438 1116; x_wconf 78' lang='lat' dir='ltr'><strong>nunquam</strong></span> 
     </span>
    </p>
   </div>
   <div class='ocr_carea' id='block_1_25' title="bbox 1822 1134 3440 1212">
    <p class='ocr_par' dir='ltr' id='par_1_25' title="bbox 1822 1134 3440 1212">
     <span class='ocr_line' id='line_1_25' title="bbox 1822 1134 3440 1212; baseline -0.007 -11"><span class='ocrx_word' id='word_1_173' title='bbox 1822 1146 2120 1201; x_wconf 84' lang='lat' dir='ltr'><strong>sanitatem</strong></span> <span class='ocrx_word' id='word_1_174' title='bbox 2150 1154 2438 1200; x_wconf 75' lang='lat' dir='ltr'><strong>assecutus</strong></span> <span class='ocrx_word' id='word_1_175' title='bbox 2478 1158 2625 1207; x_wconf 82' lang='lat' dir='ltr'><strong>sum,</strong></span> <span class='ocrx_word' id='word_1_176' title='bbox 2674 1154 2731 1199; x_wconf 89' lang='lat' dir='ltr'><strong>et</strong></span> <span class='ocrx_word' id='word_1_177' title='bbox 2762 1141 2841 1197; x_wconf 90' lang='lat' dir='ltr'><strong>sic</strong></span> <span class='ocrx_word' id='word_1_178' title='bbox 2893 1150 3120 1212; x_wconf 82' lang='lat' dir='ltr'><strong>repente</strong></span> <span class='ocrx_word' id='word_1_179' title='bbox 3174 1134 3440 1209; x_wconf 67' lang='lat' dir='ltr'><strong>surgam?</strong></span> 
     </span>
    </p>
   </div>
   <div class='ocr_carea' id='block_1_26' title="bbox 1822 1233 3438 1311">
    <p class='ocr_par' dir='ltr' id='par_1_26' title="bbox 1822 1233 3438 1311">
     <span class='ocr_line' id='line_1_26' title="bbox 1822 1233 3438 1311; baseline -0.004 -17"><span class='ocrx_word' id='word_1_180' title='bbox 1822 1239 1971 1295; x_wconf 79' lang='lat' dir='ltr'><strong>Nihil</strong></span> <span class='ocrx_word' id='word_1_181' title='bbox 2021 1239 2128 1294; x_wconf 89' lang='lat' dir='ltr'><strong>tale</strong></span> <span class='ocrx_word' id='word_1_182' title='bbox 2169 1236 2453 1311; x_wconf 67' lang='lat' dir='ltr'><strong>cositavlt,</strong></span> <span class='ocrx_word' id='word_1_183' title='bbox 2502 1237 2599 1293; x_wconf 88' lang='lat' dir='ltr'><strong>sed</strong></span> <span class='ocrx_word' id='word_1_184' title='bbox 2654 1236 2891 1292; x_wconf 79' lang='lat' dir='ltr'><strong>credidit</strong></span> <span class='ocrx_word' id='word_1_185' title='bbox 2943 1250 3009 1291; x_wconf 90' lang='lat' dir='ltr'><strong>ac</strong></span> <span class='ocrx_word' id='word_1_186' title='bbox 3056 1236 3323 1292; x_wconf 81' lang='lat' dir='ltr'><strong>surrexit.</strong></span> <span class='ocrx_word' id='word_1_187' title='bbox 3381 1233 3438 1288; x_wconf 90' lang='lat' dir='ltr'><strong>ln</strong></span> 
     </span>
    </p>
   </div>
   <div class='ocr_carea' id='block_1_27' title="bbox 1825 1328 3442 1409">
    <p class='ocr_par' dir='ltr' id='par_1_27' title="bbox 1825 1328 3442 1409">
     <span class='ocr_line' id='line_1_27' title="bbox 1825 1328 3442 1409; baseline -0.003 -21"><span class='ocrx_word' id='word_1_188' title='bbox 1825 1332 2070 1388; x_wconf 88' lang='lat' dir='ltr'><strong>Sabbato</strong></span> <span class='ocrx_word' id='word_1_189' title='bbox 2093 1341 2273 1397; x_wconf 86' lang='lat' dir='ltr'><strong>sanat,</strong></span> <span class='ocrx_word' id='word_1_190' title='bbox 2312 1332 2519 1389; x_wconf 87' lang='lat' dir='ltr'><strong>docens</strong></span> <span class='ocrx_word' id='word_1_191' title='bbox 2569 1331 2847 1387; x_wconf 86' lang='lat' dir='ltr'><strong>hominem</strong></span> <span class='ocrx_word' id='word_1_192' title='bbox 2912 1329 3077 1387; x_wconf 80' lang='lat' dir='ltr'><strong>aliter</strong></span> <span class='ocrx_word' id='word_1_193' title='bbox 3130 1328 3442 1409; x_wconf 72' lang='lat' dir='ltr'><strong>intelligere</strong></span> 
     </span>
    </p>
   </div>
   <div class='ocr_carea' id='block_1_28' title="bbox 1824 1419 3437 1494">
    <p class='ocr_par' dir='ltr' id='par_1_28' title="bbox 1824 1419 3437 1494">
     <span class='ocr_line' id='line_1_28' title="bbox 1824 1419 3437 1494; baseline -0.002 -16"><span class='ocrx_word' id='word_1_194' title='bbox 1824 1424 1961 1493; x_wconf 82' lang='lat' dir='ltr'><strong>legis</strong></span> <span class='ocrx_word' id='word_1_195' title='bbox 1989 1424 2427 1488; x_wconf 77' lang='lat' dir='ltr'><strong>observationes.</strong></span> <span class='ocrx_word' id='word_1_196' title='bbox 2465 1434 2522 1481; x_wconf 90' lang='lat' dir='ltr'><strong>et</strong></span> <span class='ocrx_word' id='word_1_197' title='bbox 2557 1438 2681 1493; x_wconf 81' lang='lat' dir='ltr'><strong>non</strong></span> <span class='ocrx_word' id='word_1_198' title='bbox 2728 1433 2924 1494; x_wconf 89' lang='lat' dir='ltr'><strong>putare</strong></span> <span class='ocrx_word' id='word_1_199' title='bbox 2974 1422 3097 1480; x_wconf 80' lang='lat' dir='ltr'><strong>coli’</strong></span> <span class='ocrx_word' id='word_1_200' title='bbox 3131 1419 3437 1477; x_wconf 84' lang='lat' dir='ltr'><strong>Sabbatum</strong></span> 
     </span>
    </p>
   </div>
   <div class='ocr_carea' id='block_1_29' title="bbox 1823 1510 3443 1589">
    <p class='ocr_par' dir='ltr' id='par_1_29' title="bbox 1823 1510 3443 1589">
     <span class='ocr_line' id='line_1_29' title="bbox 1823 1510 3443 1589; baseline -0.005 -16"><span class='ocrx_word' id='word_1_201' title='bbox 1823 1517 1938 1574; x_wconf 92' lang='lat' dir='ltr'><strong>otio</strong></span> <span class='ocrx_word' id='word_1_202' title='bbox 1964 1517 2263 1589; x_wconf 84' lang='lat' dir='ltr'><strong>corporali,</strong></span> <span class='ocrx_word' id='word_1_203' title='bbox 2288 1518 2385 1573; x_wconf 91' lang='lat' dir='ltr'><strong>sed</strong></span> <span class='ocrx_word' id='word_1_204' title='bbox 2420 1515 2690 1572; x_wconf 90' lang='lat' dir='ltr'><strong>malorum</strong></span> <span class='ocrx_word' id='word_1_205' title='bbox 2717 1514 3073 1571; x_wconf 85' lang='lat' dir='ltr'><strong>abstinentia.</strong></span> <span class='ocrx_word' id='word_1_206' title='bbox 3104 1510 3242 1569; x_wconf 86' lang='lat' dir='ltr'><strong>Nam</strong></span> <span class='ocrx_word' id='word_1_207' title='bbox 3272 1511 3443 1568; x_wconf 80' lang='lat' dir='ltr'><strong>bene-</strong></span> 
     </span>
    </p>
   </div>
   <div class='ocr_carea' id='block_1_30' title="bbox 1826 1606 3443 1680">
    <p class='ocr_par' dir='ltr' id='par_1_30' title="bbox 1826 1606 3443 1680">
     <span class='ocr_line' id='line_1_30' title="bbox 1826 1606 3443 1680; baseline -0.004 -13"><span class='ocrx_word' id='word_1_208' title='bbox 1826 1611 2010 1668; x_wconf 79' lang='lat' dir='ltr'><strong>facere</strong></span> <span class='ocrx_word' id='word_1_209' title='bbox 2068 1612 2229 1667; x_wconf 91' lang='lat' dir='ltr'><strong>alicui</strong></span> <span class='ocrx_word' id='word_1_210' title='bbox 2268 1613 2322 1666; x_wconf 92' lang='lat' dir='ltr'><strong>in</strong></span> <span class='ocrx_word' id='word_1_211' title='bbox 2379 1611 2624 1668; x_wconf 78' lang='lat' dir='ltr'><strong>Sabbato</strong></span> <span class='ocrx_word' id='word_1_212' title='bbox 2671 1611 2759 1667; x_wconf 82' lang='lat' dir='ltr'><strong>lex</strong></span> <span class='ocrx_word' id='word_1_213' title='bbox 2822 1626 2929 1667; x_wconf 92' lang='lat' dir='ltr'><strong>non</strong></span> <span class='ocrx_word' id='word_1_214' title='bbox 2982 1606 3264 1680; x_wconf 85' lang='lat' dir='ltr'><strong>prohibet,</strong></span> <span class='ocrx_word' id='word_1_215' title='bbox 3319 1622 3443 1679; x_wconf 74' lang='lat' dir='ltr'><strong>qua:</strong></span> 
     </span>
    </p>
   </div>
   <div class='ocr_carea' id='block_1_31' title="bbox 1827 1704 2892 1777">
    <p class='ocr_par' dir='ltr' id='par_1_31' title="bbox 1827 1704 2892 1777">
     <span class='ocr_line' id='line_1_31' title="bbox 1827 1704 2892 1777; baseline -0.001 -17"><span class='ocrx_word' id='word_1_216' title='bbox 1827 1705 1912 1761; x_wconf 88' lang='lat' dir='ltr'><strong>lex</strong></span> <span class='ocrx_word' id='word_1_217' title='bbox 1946 1713 2034 1761; x_wconf 89' lang='lat' dir='ltr'><strong>est</strong></span> <span class='ocrx_word' id='word_1_218' title='bbox 2066 1704 2163 1761; x_wconf 90' lang='lat' dir='ltr'><strong>Dei</strong></span> <span class='ocrx_word' id='word_1_219' title='bbox 2220 1720 2439 1777; x_wconf 87' lang='lat' dir='ltr'><strong>semper</strong></span> <span class='ocrx_word' id='word_1_220' title='bbox 2471 1705 2892 1763; x_wconf 82' lang='lat' dir='ltr'><strong>benefacicntis.</strong></span> 
     </span>
    </p>
   </div>
   <div class='ocr_carea' id='block_1_32' title="bbox 1900 1882 3445 1957">
    <p class='ocr_par' dir='ltr' id='par_1_32' title="bbox 1900 1882 3445 1957">
     <span class='ocr_line' id='line_1_32' title="bbox 1900 1882 3445 1957; baseline -0.005 -14"><span class='ocrx_word' id='word_1_221' title='bbox 1900 1887 2065 1944; x_wconf 74' lang='lat' dir='ltr'><strong>Vens.</strong></span> <span class='ocrx_word' id='word_1_222' title='bbox 2094 1889 2187 1944; x_wconf 81' lang='lat' dir='ltr'><strong>ll-</strong></span> <span class='ocrx_word' id='word_1_223' title='bbox 2222 1889 2305 1945; x_wconf 78' lang='lat' dir='ltr'><strong>l3.</strong></span> <span class='ocrx_word' id='word_1_224' title='bbox 2340 1908 2357 1941; x_wconf 80' lang='grc' dir='ltr'><strong>ι</strong></span> <span class='ocrx_word' id='word_1_225' title='bbox 2394 1888 2698 1957; x_wconf 81' lang='lat' dir='ltr'><strong>Respondit</strong></span> <span class='ocrx_word' id='word_1_226' title='bbox 2727 1888 2807 1944; x_wconf 91' lang='lat' dir='ltr'><strong>eis</strong></span> <span class='ocrx_word' id='word_1_227' title='bbox 2841 1903 2855 1943; x_wconf 87' lang='lat'><strong>:</strong></span> <span class='ocrx_word' id='word_1_228' title='bbox 2887 1884 2991 1954; x_wconf 87' lang='lat' dir='ltr'><strong>Qui</strong></span> <span class='ocrx_word' id='word_1_229' title='bbox 3033 1900 3121 1941; x_wconf 88' lang='lat' dir='ltr'><strong>me</strong></span> <span class='ocrx_word' id='word_1_230' title='bbox 3148 1898 3344 1940; x_wconf 82' lang='lat' dir='ltr'><strong>sanum</strong></span> <span class='ocrx_word' id='word_1_231' title='bbox 3371 1882 3445 1937; x_wconf 81' lang='lat' dir='ltr'><strong>fe-</strong></span> 
     </span>
    </p>
   </div>
   <div class='ocr_carea' id='block_1_33' title="bbox 118 1976 1730 2064">
    <p class='ocr_par' dir='ltr' id='par_1_33' title="bbox 118 1982 1716 2064">
     <span class='ocr_line' id='line_1_33' title="bbox 118 1982 1716 2064; baseline -0.006 -19"><span class='ocrx_word' id='word_1_232' title='bbox 118 2009 213 2064; x_wconf 85' lang='grc' dir='ltr'><strong>μοι</strong></span> <span class='ocrx_word' id='word_1_233' title='bbox 238 1987 394 2046; x_wconf 72' lang='grc' dir='ltr'>εἶπεν</span> <span class='ocrx_word' id='word_1_234' title='bbox 418 2007 433 2020; x_wconf 70' lang='grc' dir='ltr'><strong>ο</strong></span> <span class='ocrx_word' id='word_1_235' title='bbox 464 1989 638 2062; x_wconf 72' lang='grc' dir='ltr'>*Δρον</span> <span class='ocrx_word' id='word_1_236' title='bbox 657 1990 749 2045; x_wconf 75' lang='grc' dir='ltr'>τὸν</span> <span class='ocrx_word' id='word_1_237' title='bbox 770 1988 1087 2062; x_wconf 78' lang='grc' dir='ltr'>κράὀύατόν</span> <span class='ocrx_word' id='word_1_238' title='bbox 1118 2004 1240 2051; x_wconf 90' lang='grc' dir='ltr'>σου,</span> <span class='ocrx_word' id='word_1_239' title='bbox 1272 1988 1367 2040; x_wconf 76' lang='grc' dir='ltr'>καὶ</span> <span class='ocrx_word' id='word_1_240' title='bbox 1395 1982 1716 2056; x_wconf 84' lang='grc' dir='ltr'>περιπάτει.</span> 
     </span>
    </p>
   </div>
   <div class='ocr_carea' id='block_1_34' title="bbox 1839 1976 3446 2064">
    <p class='ocr_par' dir='ltr' id='par_1_34' title="bbox 1839 1978 3446 2052">
     <span class='ocr_line' id='line_1_34' title="bbox 1839 1978 3446 2052; baseline -0.004 -14"><span class='ocrx_word' id='word_1_241' title='bbox 1839 1984 1922 2050; x_wconf 88' lang='lat' dir='ltr'><strong>:it,</strong></span> <span class='ocrx_word' id='word_1_242' title='bbox 1952 1985 1999 2038; x_wconf 88' lang='lat' dir='ltr'><strong>is</strong></span> <span class='ocrx_word' id='word_1_243' title='bbox 2038 1984 2172 2039; x_wconf 88' lang='lat' dir='ltr'><strong>mihi</strong></span> <span class='ocrx_word' id='word_1_244' title='bbox 2216 1985 2387 2039; x_wconf 84' lang='lat' dir='ltr'><strong>dixit:</strong></span> <span class='ocrx_word' id='word_1_245' title='bbox 2424 1982 2579 2039; x_wconf 87' lang='lat' dir='ltr'><strong>Tolle</strong></span> <span class='ocrx_word' id='word_1_246' title='bbox 2638 1982 2929 2052; x_wconf 78' lang='lat' dir='ltr'><strong>grabatum</strong></span> <span class='ocrx_word' id='word_1_247' title='bbox 2972 1990 3124 2035; x_wconf 89' lang='lat' dir='ltr'><strong>tuum</strong></span> <span class='ocrx_word' id='word_1_248' title='bbox 3160 1985 3215 2035; x_wconf 86' lang='lat' dir='ltr'><strong>et</strong></span> <span class='ocrx_word' id='word_1_249' title='bbox 3247 1978 3446 2032; x_wconf 80' lang='lat' dir='ltr'><strong>ambu—</strong></span> 
     </span>
    </p>
   </div>
   <div class='ocr_carea' id='block_1_35' title="bbox 126 2076 1723 2153">
    <p class='ocr_par' dir='ltr' id='par_1_35' title="bbox 126 2076 1723 2153">
     <span class='ocr_line' id='line_1_35' title="bbox 126 2076 1723 2153; baseline -0.003 -19"><span class='ocrx_word' id='word_1_250' title='bbox 126 2079 459 2153; x_wconf 87' lang='grc' dir='ltr'>Ἦρὼτησαν</span> <span class='ocrx_word' id='word_1_251' title='bbox 487 2076 581 2135; x_wconf 82' lang='grc' dir='ltr'>οὖν</span> <span class='ocrx_word' id='word_1_252' title='bbox 607 2080 803 2136; x_wconf 86' lang='grc' dir='ltr'>αὐτόν·</span> <span class='ocrx_word' id='word_1_253' title='bbox 855 2079 955 2143; x_wconf 88' lang='grc' dir='ltr'>Τίς</span> <span class='ocrx_word' id='word_1_254' title='bbox 984 2080 1133 2133; x_wconf 76' lang='grc' dir='ltr'>ἐστιν</span> <span class='ocrx_word' id='word_1_255' title='bbox 1172 2080 1201 2132; x_wconf 92' lang='lat'><strong>6</strong></span> <span class='ocrx_word' id='word_1_256' title='bbox 1252 2076 1551 2149; x_wconf 78' lang='grc' dir='ltr'>ἄνθρωπος</span> <span class='ocrx_word' id='word_1_257' title='bbox 1584 2078 1613 2131; x_wconf 91' lang='lat'><strong>6</strong></span> <span class='ocrx_word' id='word_1_258' title='bbox 1643 2076 1723 2130; x_wconf 83' lang='grc' dir='ltr'>εί-</span> 
     </span>
    </p>
   </div>
   <div class='ocr_carea' id='block_1_36' title="bbox 102 2168 1722 2246">
    <p class='ocr_par' dir='ltr' id='par_1_36' title="bbox 102 2168 1722 2246">
     <span class='ocr_line' id='line_1_36' title="bbox 102 2168 1722 2246; baseline -0.004 -17"><span class='ocrx_word' id='word_1_259' title='bbox 102 2173 239 2229; x_wconf 78' lang='grc' dir='ltr'>πών</span> <span class='ocrx_word' id='word_1_260' title='bbox 285 2191 402 2229; x_wconf 80' lang='grc' dir='ltr'><strong>σοι⁸</strong></span> <span class='ocrx_word' id='word_1_261' title='bbox 432 2168 503 2228; x_wconf 67' lang='grc' dir='ltr'><strong>*Δ</strong></span> <span class='ocrx_word' id='word_1_262' title='bbox 515 2192 607 2246; x_wconf 88' lang='grc' dir='ltr'><strong>ρον</strong></span> <span class='ocrx_word' id='word_1_263' title='bbox 654 2173 749 2229; x_wconf 76' lang='grc' dir='ltr'>τὸν</span> <span class='ocrx_word' id='word_1_264' title='bbox 786 2172 1103 2245; x_wconf 80' lang='grc' dir='ltr'>κράδόατόν</span> <span class='ocrx_word' id='word_1_265' title='bbox 1128 2188 1248 2237; x_wconf 92' lang='grc' dir='ltr'>σου,</span> <span class='ocrx_word' id='word_1_266' title='bbox 1273 2170 1370 2225; x_wconf 78' lang='grc' dir='ltr'>καὶ</span> <span class='ocrx_word' id='word_1_267' title='bbox 1388 2170 1722 2243; x_wconf 86' lang='grc' dir='ltr'>περιπάτει;</span> 
     </span>
    </p>
   </div>
   <div class='ocr_carea' id='block_1_37' title="bbox 128 2263 1724 2341">
    <p class='ocr_par' dir='ltr' id='par_1_37' title="bbox 128 2263 1724 2341">
     <span class='ocr_line' id='line_1_37' title="bbox 128 2263 1724 2341; baseline 0.007 -23"><span class='ocrx_word' id='word_1_268' title='bbox 128 2269 189 2319; x_wconf 83' lang='lat' dir='ltr'><strong>&#39;tl</strong></span> <span class='ocrx_word' id='word_1_269' title='bbox 218 2268 275 2323; x_wconf 81' lang='grc' dir='ltr'>δὲ</span> <span class='ocrx_word' id='word_1_270' title='bbox 333 2270 507 2333; x_wconf 66' lang='lat' dir='ltr'><strong>laesi;</strong></span> <span class='ocrx_word' id='word_1_271' title='bbox 534 2270 637 2323; x_wconf 83' lang='grc' dir='ltr'>οὐκ</span> <span class='ocrx_word' id='word_1_272' title='bbox 667 2268 789 2341; x_wconf 72' lang='grc' dir='ltr'>ᾔδει</span> <span class='ocrx_word' id='word_1_273' title='bbox 822 2268 905 2331; x_wconf 86' lang='grc' dir='ltr'><strong>τίς</strong></span> <span class='ocrx_word' id='word_1_274' title='bbox 938 2268 1123 2321; x_wconf 76' lang='grc' dir='ltr'>ἐστιν’</span> <span class='ocrx_word' id='word_1_275' title='bbox 1160 2267 1189 2321; x_wconf 92' lang='lat'><strong>6</strong></span> <span class='ocrx_word' id='word_1_276' title='bbox 1228 2267 1339 2339; x_wconf 88' lang='grc' dir='ltr'>γὰρ</span> <span class='ocrx_word' id='word_1_277' title='bbox 1390 2263 1601 2337; x_wconf 84' lang='grc' dir='ltr'>Ἰησοῦς</span> <span class='ocrx_word' id='word_1_278' title='bbox 1632 2263 1724 2329; x_wconf 73' lang='grc' dir='ltr'><strong>ἐξ·</strong></span> 
     </span>
    </p>
   </div>
   <div class='ocr_carea' id='block_1_38' title="bbox 117 2356 1725 2432">
    <p class='ocr_par' dir='ltr' id='par_1_38' title="bbox 117 2356 1725 2432">
     <span class='ocr_line' id='line_1_38' title="bbox 117 2356 1725 2432; baseline -0.001 -17"><span class='ocrx_word' id='word_1_279' title='bbox 117 2362 345 2415; x_wconf 65' lang='grc' dir='ltr'>ἔνευσεν</span> <span class='ocrx_word' id='word_1_280' title='bbox 368 2361 528 2432; x_wconf 77' lang='grc' dir='ltr'>ὄχλου</span> <span class='ocrx_word' id='word_1_281' title='bbox 558 2362 711 2425; x_wconf 80' lang='grc' dir='ltr'>ὄντος</span> <span class='ocrx_word' id='word_1_282' title='bbox 736 2363 795 2415; x_wconf 76' lang='grc' dir='ltr'>ὲν</span> <span class='ocrx_word' id='word_1_283' title='bbox 828 2359 909 2431; x_wconf 86' lang='grc' dir='ltr'>τῷ</span> <span class='ocrx_word' id='word_1_284' title='bbox 937 2359 1144 2431; x_wconf 78' lang='grc' dir='ltr'><strong>τόπῳ.»</strong></span> <span class='ocrx_word' id='word_1_285' title='bbox 1163 2358 1285 2430; x_wconf 87' lang='grc' dir='ltr'>Χρὴ</span> <span class='ocrx_word' id='word_1_286' title='bbox 1315 2358 1595 2430; x_wconf 81' lang='grc' dir='ltr'><strong>θαυμάσαι</strong></span> <span class='ocrx_word' id='word_1_287' title='bbox 1622 2356 1725 2429; x_wconf 75' lang='grc' dir='ltr'><strong>τήν</strong></span> 
     </span>
    </p>
   </div>
   <div class='ocr_carea' id='block_1_39' title="bbox 114 2451 1723 2526">
    <p class='ocr_par' dir='ltr' id='par_1_39' title="bbox 114 2451 1723 2526">
     <span class='ocr_line' id='line_1_39' title="bbox 114 2451 1723 2526; baseline -0.003 -17"><span class='ocrx_word' id='word_1_288' title='bbox 114 2454 216 2509; x_wconf 79' lang='grc' dir='ltr'>τοῦ</span> <span class='ocrx_word' id='word_1_289' title='bbox 237 2454 533 2526; x_wconf 86' lang='grc' dir='ltr'>ἀνθρώπου</span> <span class='ocrx_word' id='word_1_290' title='bbox 564 2455 701 2525; x_wconf 82' lang='grc' dir='ltr'>πρὸς</span> <span class='ocrx_word' id='word_1_291' title='bbox 747 2453 1040 2517; x_wconf 81' lang='grc' dir='ltr'>Ἰουδαίους</span> <span class='ocrx_word' id='word_1_292' title='bbox 1072 2452 1416 2524; x_wconf 82' lang='grc' dir='ltr'>παρρησίαν,</span> <span class='ocrx_word' id='word_1_293' title='bbox 1442 2451 1564 2515; x_wconf 86' lang='grc' dir='ltr'><strong>πῶς</strong></span> <span class='ocrx_word' id='word_1_294' title='bbox 1599 2451 1723 2505; x_wconf 77' lang='grc' dir='ltr'>ἑπι-</span> 
     </span>
    </p>
   </div>
   <div class='ocr_carea' id='block_1_40' title="bbox 114 2541 1725 2620">
    <p class='ocr_par' dir='ltr' id='par_1_40' title="bbox 114 2541 1725 2620">
     <span class='ocr_line' id='line_1_40' title="bbox 114 2541 1725 2620; baseline -0.005 -16"><span class='ocrx_word' id='word_1_295' title='bbox 114 2567 200 2604; x_wconf 83' lang='grc' dir='ltr'><strong>κει</strong></span> <span class='ocrx_word' id='word_1_296' title='bbox 212 2548 391 2620; x_wconf 83' lang='grc' dir='ltr'>μένων</span> <span class='ocrx_word' id='word_1_297' title='bbox 416 2547 567 2618; x_wconf 85' lang='grc' dir='ltr'>αύτῷ</span> <span class='ocrx_word' id='word_1_298' title='bbox 589 2547 687 2601; x_wconf 84' lang='grc' dir='ltr'>καὶ</span> <span class='ocrx_word' id='word_1_299' title='bbox 712 2546 1007 2616; x_wconf 85' lang='grc' dir='ltr'>λεγόντων,</span> <span class='ocrx_word' id='word_1_300' title='bbox 1063 2565 1083 2598; x_wconf 80' lang='grc' dir='ltr'><strong>ι</strong></span> <span class='ocrx_word' id='word_1_301' title='bbox 1114 2545 1233 2600; x_wconf 82' lang='grc' dir='ltr'><strong>Οὐκ</strong></span> <span class='ocrx_word' id='word_1_302' title='bbox 1263 2544 1444 2609; x_wconf 76' lang='grc' dir='ltr'>ἔξεστί</span> <span class='ocrx_word' id='word_1_303' title='bbox 1477 2561 1562 2598; x_wconf 92' lang='grc' dir='ltr'><strong>σοι</strong></span> <span class='ocrx_word' id='word_1_304' title='bbox 1590 2541 1725 2616; x_wconf 76' lang='grc' dir='ltr'>ἆραι</span> 
     </span>
    </p>
   </div>
   <div class='ocr_carea' id='block_1_41' title="bbox 113 2639 1727 2712">
    <p class='ocr_par' dir='ltr' id='par_1_41' title="bbox 113 2639 1727 2712">
     <span class='ocr_line' id='line_1_41' title="bbox 113 2639 1727 2712; baseline -0.002 -16"><span class='ocrx_word' id='word_1_305' title='bbox 113 2642 212 2696; x_wconf 84' lang='grc' dir='ltr'>τὸν</span> <span class='ocrx_word' id='word_1_306' title='bbox 249 2640 562 2712; x_wconf 77' lang='grc' dir='ltr'>κράὃδατόν</span> <span class='ocrx_word' id='word_1_307' title='bbox 594 2658 690 2695; x_wconf 90' lang='grc' dir='ltr'><strong>σου</strong></span> <span class='ocrx_word' id='word_1_308' title='bbox 729 2642 820 2696; x_wconf 75' lang='grc' dir='ltr'><strong>διὰ</strong></span> <span class='ocrx_word' id='word_1_309' title='bbox 853 2642 916 2696; x_wconf 78' lang='grc' dir='ltr'>τὸ</span> <span class='ocrx_word' id='word_1_310' title='bbox 970 2642 1278 2709; x_wconf 76' lang='grc' dir='ltr'>Σάὗόατον,</span> <span class='ocrx_word' id='word_1_311' title='bbox 1311 2662 1329 2695; x_wconf 78' lang='grc' dir='ltr'><strong>ι</strong></span> <span class='ocrx_word' id='word_1_312' title='bbox 1373 2642 1538 2705; x_wconf 80' lang='grc' dir='ltr'>αὐτὸς</span> <span class='ocrx_word' id='word_1_313' title='bbox 1584 2639 1727 2712; x_wconf 86' lang='grc' dir='ltr'>μετὰ</span> 
     </span>
    </p>
   </div>
   <div class='ocr_carea' id='block_1_42' title="bbox 114 2735 1726 2809">
    <p class='ocr_par' dir='ltr' id='par_1_42' title="bbox 114 2735 1726 2809">
     <span class='ocr_line' id='line_1_42' title="bbox 114 2735 1726 2809; baseline -0.001 -18"><span class='ocrx_word' id='word_1_314' title='bbox 114 2736 438 2809; x_wconf 77' lang='grc' dir='ltr'>παρρησίας</span> <span class='ocrx_word' id='word_1_315' title='bbox 463 2737 798 2808; x_wconf 85' lang='grc' dir='ltr'>ἀνεκήρυττε</span> <span class='ocrx_word' id='word_1_316' title='bbox 824 2737 918 2790; x_wconf 77' lang='grc' dir='ltr'><strong>τὸν</strong></span> <span class='ocrx_word' id='word_1_317' title='bbox 954 2737 1256 2809; x_wconf 79' lang='grc' dir='ltr'><strong>εὐεργέτην</strong></span> <span class='ocrx_word' id='word_1_318' title='bbox 1275 2753 1290 2768; x_wconf 81' lang='grc'><strong>’</strong></span> <span class='ocrx_word' id='word_1_319' title='bbox 1335 2754 1353 2789; x_wconf 81' lang='grc' dir='ltr'><strong>ι</strong></span> <span class='ocrx_word' id='word_1_320' title='bbox 1402 2735 1462 2790; x_wconf 80' lang='lat'><strong>&#39;0</strong></span> <span class='ocrx_word' id='word_1_321' title='bbox 1485 2738 1726 2807; x_wconf 82' lang='grc' dir='ltr'>ποιήσας</span> 
     </span>
    </p>
   </div>
   <div class='ocr_carea' id='block_1_43' title="bbox 118 2827 1722 2902">
    <p class='ocr_par' dir='ltr' id='par_1_43' title="bbox 118 2827 1722 2902">
     <span class='ocr_line' id='line_1_43' title="bbox 118 2827 1722 2902; baseline -0.001 -18"><span class='ocrx_word' id='word_1_322' title='bbox 118 2848 191 2902; x_wconf 89' lang='grc' dir='ltr'><strong>με</strong></span> <span class='ocrx_word' id='word_1_323' title='bbox 220 2828 378 2901; x_wconf 85' lang='grc' dir='ltr'>ὑγιῆ,</span> <span class='ocrx_word' id='word_1_324' title='bbox 407 2829 573 2893; x_wconf 77' lang='grc' dir='ltr'>αὑτός</span> <span class='ocrx_word' id='word_1_325' title='bbox 601 2848 693 2902; x_wconf 88' lang='grc' dir='ltr'><strong>μοι</strong></span> <span class='ocrx_word' id='word_1_326' title='bbox 726 2827 883 2885; x_wconf 77' lang='grc' dir='ltr'>εἶπεν</span> <span class='ocrx_word' id='word_1_327' title='bbox 910 2848 925 2863; x_wconf 87' lang='grc'><strong>·</strong></span> <span class='ocrx_word' id='word_1_328' title='bbox 954 2850 983 2885; x_wconf 74' lang='grc' dir='ltr'>ι-</span> <span class='ocrx_word' id='word_1_329' title='bbox 1013 2830 1218 2886; x_wconf 55' lang='grc' dir='ltr'><strong>ὡσανεὶ⁵</strong></span> <span class='ocrx_word' id='word_1_330' title='bbox 1247 2830 1479 2885; x_wconf 80' lang='grc' dir='ltr'>τοιαῦτα</span> <span class='ocrx_word' id='word_1_331' title='bbox 1507 2830 1687 2900; x_wconf 85' lang='grc' dir='ltr'>λέγων</span> <span class='ocrx_word' id='word_1_332' title='bbox 1710 2845 1722 2858; x_wconf 93' lang='grc'><strong>·</strong></span> 
     </span>
    </p>
   </div>
   <div class='ocr_carea' id='block_1_44' title="bbox 112 2922 1727 2996">
    <p class='ocr_par' dir='ltr' id='par_1_44' title="bbox 112 2922 1727 2996">
     <span class='ocr_line' id='line_1_44' title="bbox 112 2922 1727 2996; baseline 0 -19"><span class='ocrx_word' id='word_1_333' title='bbox 112 2923 372 2994; x_wconf 81' lang='grc' dir='ltr'>Ληρεῖτε,</span> <span class='ocrx_word' id='word_1_334' title='bbox 424 2922 524 2977; x_wconf 82' lang='grc' dir='ltr'>καὶ</span> <span class='ocrx_word' id='word_1_335' title='bbox 570 2922 940 2995; x_wconf 83' lang='grc' dir='ltr'>παραπαίετε,</span> <span class='ocrx_word' id='word_1_336' title='bbox 972 2924 1298 2989; x_wconf 83' lang='grc' dir='ltr'>κελεύοντες</span> <span class='ocrx_word' id='word_1_337' title='bbox 1330 2923 1405 2996; x_wconf 84' lang='grc' dir='ltr'>μὴ</span> <span class='ocrx_word' id='word_1_338' title='bbox 1435 2922 1727 2977; x_wconf 82' lang='grc' dir='ltr'>πείθεσθαι</span> 
     </span>
    </p>
   </div>
   <div class='ocr_carea' id='block_1_45' title="bbox 116 3014 1730 3088">
    <p class='ocr_par' dir='ltr' id='par_1_45' title="bbox 116 3014 1730 3088">
     <span class='ocr_line' id='line_1_45' title="bbox 116 3014 1730 3088; baseline -0.001 -19"><span class='ocrx_word' id='word_1_339' title='bbox 116 3015 199 3087; x_wconf 81' lang='grc' dir='ltr'>τῷ</span> <span class='ocrx_word' id='word_1_340' title='bbox 244 3014 355 3071; x_wconf 80' lang='grc' dir='ltr'>ἀπὸ</span> <span class='ocrx_word' id='word_1_341' title='bbox 387 3018 609 3087; x_wconf 79' lang='grc' dir='ltr'>μακρᾶς</span> <span class='ocrx_word' id='word_1_342' title='bbox 662 3015 809 3071; x_wconf 78' lang='grc' dir='ltr'>οὕτω</span> <span class='ocrx_word' id='word_1_343' title='bbox 842 3016 936 3071; x_wconf 75' lang='grc' dir='ltr'><strong>καὶ</strong></span> <span class='ocrx_word' id='word_1_344' title='bbox 969 3017 1219 3088; x_wconf 80' lang='grc' dir='ltr'>χαλεπῆς</span> <span class='ocrx_word' id='word_1_345' title='bbox 1248 3033 1318 3086; x_wconf 92' lang='grc' dir='ltr'><strong>με</strong></span> <span class='ocrx_word' id='word_1_346' title='bbox 1354 3018 1515 3070; x_wconf 87' lang='grc' dir='ltr'>νόσου</span> <span class='ocrx_word' id='word_1_347' title='bbox 1550 3015 1730 3070; x_wconf 86' lang='grc' dir='ltr'>ἀπαλ-</span> 
     </span>
    </p>
   </div>
   <div class='ocr_carea' id='block_1_46' title="bbox 115 3108 1729 3182">
    <p class='ocr_par' dir='ltr' id='par_1_46' title="bbox 115 3108 1729 3182">
     <span class='ocr_line' id='line_1_46' title="bbox 115 3108 1729 3182; baseline 0.001 -21"><span class='ocrx_word' id='word_1_348' title='bbox 115 3108 371 3176; x_wconf 83' lang='grc' dir='ltr'>λάξαντι.</span> <span class='ocrx_word' id='word_1_349' title='bbox 424 3110 489 3163; x_wconf 86' lang='grc' dir='ltr'>Οί</span> <span class='ocrx_word' id='word_1_350' title='bbox 522 3109 580 3163; x_wconf 83' lang='grc' dir='ltr'>δὲ</span> <span class='ocrx_word' id='word_1_351' title='bbox 617 3110 864 3165; x_wconf 80' lang='grc' dir='ltr'>Ἰουδαῖοι</span> <span class='ocrx_word' id='word_1_352' title='bbox 910 3111 1013 3166; x_wconf 83' lang='grc' dir='ltr'>οὐκ</span> <span class='ocrx_word' id='word_1_353' title='bbox 1069 3110 1354 3182; x_wconf 77' lang='grc' dir='ltr'>ἐρωτῶσιν</span> <span class='ocrx_word' id='word_1_354' title='bbox 1412 3110 1599 3174; x_wconf 83' lang='grc' dir='ltr'>αὐτὸν,</span> <span class='ocrx_word' id='word_1_355' title='bbox 1630 3110 1729 3174; x_wconf 88' lang='grc' dir='ltr'>Τίς</span> 
     </span>
    </p>
   </div>
   <div class='ocr_carea' id='block_1_47' title="bbox 118 3200 1729 3275">
    <p class='ocr_par' dir='ltr' id='par_1_47' title="bbox 118 3200 1729 3275">
     <span class='ocr_line' id='line_1_47' title="bbox 118 3200 1729 3275; baseline 0 -20"><span class='ocrx_word' id='word_1_356' title='bbox 118 3203 274 3256; x_wconf 73' lang='grc' dir='ltr'>ιστιν</span> <span class='ocrx_word' id='word_1_357' title='bbox 304 3204 334 3257; x_wconf 90' lang='lat'><strong>6</strong></span> <span class='ocrx_word' id='word_1_358' title='bbox 356 3202 596 3275; x_wconf 84' lang='grc' dir='ltr'>ποιήσας</span> <span class='ocrx_word' id='word_1_359' title='bbox 628 3220 687 3257; x_wconf 87' lang='grc' dir='ltr'><strong>σε</strong></span> <span class='ocrx_word' id='word_1_360' title='bbox 718 3202 889 3273; x_wconf 84' lang='grc' dir='ltr'>ὑγιῆ;</span> <span class='ocrx_word' id='word_1_361' title='bbox 937 3203 1096 3270; x_wconf 85' lang='grc' dir='ltr'>ἀλλά,</span> <span class='ocrx_word' id='word_1_362' title='bbox 1146 3204 1247 3267; x_wconf 79' lang='grc' dir='ltr'>Τίς</span> <span class='ocrx_word' id='word_1_363' title='bbox 1289 3205 1440 3257; x_wconf 74' lang='grc' dir='ltr'>ἐστιν</span> <span class='ocrx_word' id='word_1_364' title='bbox 1475 3204 1503 3256; x_wconf 95' lang='lat'><strong>6</strong></span> <span class='ocrx_word' id='word_1_365' title='bbox 1554 3200 1729 3257; x_wconf 79' lang='grc' dir='ltr'>εἰπών</span> 
     </span>
    </p>
   </div>
   <div class='ocr_carea' id='block_1_48' title="bbox 120 3290 1729 3368">
    <p class='ocr_par' dir='ltr' id='par_1_48' title="bbox 120 3290 1729 3368">
     <span class='ocr_line' id='line_1_48' title="bbox 120 3290 1729 3368; baseline 0 -19"><span class='ocrx_word' id='word_1_366' title='bbox 120 3310 239 3349; x_wconf 80' lang='grc' dir='ltr'>σοι’</span> <span class='ocrx_word' id='word_1_367' title='bbox 272 3290 446 3366; x_wconf 74' lang='grc' dir='ltr'>Ἀρον</span> <span class='ocrx_word' id='word_1_368' title='bbox 477 3296 572 3349; x_wconf 83' lang='grc' dir='ltr'><strong>τὸν</strong></span> <span class='ocrx_word' id='word_1_369' title='bbox 607 3296 959 3368; x_wconf 85' lang='grc' dir='ltr'>κρά66ατον;</span> <span class='ocrx_word' id='word_1_370' title='bbox 998 3316 1017 3349; x_wconf 73' lang='grc' dir='ltr'><strong>ι</strong></span> <span class='ocrx_word' id='word_1_371' title='bbox 1073 3296 1262 3361; x_wconf 78' lang='grc' dir='ltr'>Οὕτως</span> <span class='ocrx_word' id='word_1_372' title='bbox 1305 3295 1414 3367; x_wconf 78' lang='grc' dir='ltr'>ἄρα</span> <span class='ocrx_word' id='word_1_373' title='bbox 1460 3295 1599 3368; x_wconf 82' lang='grc' dir='ltr'>πρὸς</span> <span class='ocrx_word' id='word_1_374' title='bbox 1627 3295 1729 3368; x_wconf 78' lang='grc' dir='ltr'>μὲν</span> 
     </span>
    </p>
   </div>
   <div class='ocr_carea' id='block_1_49' title="bbox 116 3388 1728 3461">
    <p class='ocr_par' dir='ltr' id='par_1_49' title="bbox 116 3388 1728 3461">
     <span class='ocr_line' id='line_1_49' title="bbox 116 3388 1728 3461; baseline 0.001 -18"><span class='ocrx_word' id='word_1_375' title='bbox 116 3389 184 3443; x_wconf 77' lang='grc' dir='ltr'><strong>τὸ</strong></span> <span class='ocrx_word' id='word_1_376' title='bbox 239 3388 407 3444; x_wconf 81' lang='grc' dir='ltr'>καλὸν</span> <span class='ocrx_word' id='word_1_377' title='bbox 456 3389 701 3445; x_wconf 66' lang='grc' dir='ltr'><strong>ὲθελοντ)⁵</strong></span> <span class='ocrx_word' id='word_1_378' title='bbox 764 3390 1133 3461; x_wconf 78' lang='grc' dir='ltr'>ὲτύφλωττον,</span> <span class='ocrx_word' id='word_1_379' title='bbox 1197 3392 1299 3461; x_wconf 79' lang='grc' dir='ltr'>τὴν</span> <span class='ocrx_word' id='word_1_380' title='bbox 1345 3391 1405 3445; x_wconf 85' lang='grc' dir='ltr'>δὲ</span> <span class='ocrx_word' id='word_1_381' title='bbox 1457 3390 1728 3446; x_wconf 79' lang='grc' dir='ltr'>δοκοῦσαν</span> 
     </span>
    </p>
   </div>
   <div class='ocr_carea' id='block_1_50' title="bbox 120 3483 1775 3557">
    <p class='ocr_par' dir='ltr' id='par_1_50' title="bbox 120 3483 1775 3557">
     <span class='ocr_line' id='line_1_50' title="bbox 120 3483 1775 3557; baseline 0 -20"><span class='ocrx_word' id='word_1_382' title='bbox 120 3483 443 3555; x_wconf 79' lang='grc' dir='ltr'>παράὁασιν</span> <span class='ocrx_word' id='word_1_383' title='bbox 472 3484 568 3539; x_wconf 82' lang='grc' dir='ltr'>τοῦ</span> <span class='ocrx_word' id='word_1_384' title='bbox 598 3484 883 3540; x_wconf 71' lang='grc' dir='ltr'>Σαϐϐάτω</span> <span class='ocrx_word' id='word_1_385' title='bbox 920 3484 1033 3539; x_wconf 79' lang='grc' dir='ltr'>ἄνω</span> <span class='ocrx_word' id='word_1_386' title='bbox 1064 3486 1159 3539; x_wconf 72' lang='grc' dir='ltr'>καὶ</span> <span class='ocrx_word' id='word_1_387' title='bbox 1195 3485 1348 3539; x_wconf 84' lang='grc' dir='ltr'>κάτω</span> <span class='ocrx_word' id='word_1_388' title='bbox 1379 3485 1691 3557; x_wconf 75' lang='grc' dir='ltr'>προέφερον</span> <span class='ocrx_word' id='word_1_389' title='bbox 1711 3500 1726 3516; x_wconf 80' lang='grc' dir='ltr'><strong>ο</strong></span> <span class='ocrx_word' id='word_1_390' title='bbox 1769 3493 1775 3500; x_wconf 89' lang='grc'><strong>’</strong></span> 
     </span>
    </p>
   </div>
   <div class='ocr_carea' id='block_1_51' title="bbox 120 3573 1731 3647">
    <p class='ocr_par' dir='ltr' id='par_1_51' title="bbox 120 3573 1731 3647">
     <span class='ocr_line' id='line_1_51' title="bbox 120 3573 1731 3647; baseline 0.001 -19"><span class='ocrx_word' id='word_1_391' title='bbox 120 3574 153 3628; x_wconf 90' lang='lat'><strong>6</strong></span> <span class='ocrx_word' id='word_1_392' title='bbox 186 3574 246 3628; x_wconf 73' lang='grc' dir='ltr'>δὲ</span> <span class='ocrx_word' id='word_1_393' title='bbox 292 3574 503 3647; x_wconf 82' lang='grc' dir='ltr'>Ἰησοῦς</span> <span class='ocrx_word' id='word_1_394' title='bbox 533 3573 805 3643; x_wconf 70' lang='grc' dir='ltr'>ἐξένευσε,</span> <span class='ocrx_word' id='word_1_395' title='bbox 839 3575 1062 3647; x_wconf 82' lang='grc' dir='ltr'>πρῶτον</span> <span class='ocrx_word' id='word_1_396' title='bbox 1092 3577 1215 3647; x_wconf 84' lang='grc' dir='ltr'>μὲν,</span> <span class='ocrx_word' id='word_1_397' title='bbox 1251 3577 1338 3630; x_wconf 78' lang='grc' dir='ltr'>ἵνα</span> <span class='ocrx_word' id='word_1_398' title='bbox 1369 3578 1604 3641; x_wconf 84' lang='grc' dir='ltr'>ἀπόντος</span> <span class='ocrx_word' id='word_1_399' title='bbox 1632 3577 1731 3629; x_wconf 87' lang='grc' dir='ltr'><strong>αὐ-</strong></span> 
     </span>
    </p>
   </div>
   <div class='ocr_carea' id='block_1_52' title="bbox 121 3666 1733 3741">
    <p class='ocr_par' dir='ltr' id='par_1_52' title="bbox 121 3666 1733 3741">
     <span class='ocr_line' id='line_1_52' title="bbox 121 3666 1733 3741; baseline 0.006 -20"><span class='ocrx_word' id='word_1_400' title='bbox 121 3666 221 3721; x_wconf 84' lang='grc' dir='ltr'>τοῦ</span> <span class='ocrx_word' id='word_1_401' title='bbox 283 3670 597 3731; x_wconf 79' lang='grc' dir='ltr'>ἀνύποπτος</span> <span class='ocrx_word' id='word_1_402' title='bbox 665 3668 894 3738; x_wconf 81' lang='grc' dir='ltr'>γένηται</span> <span class='ocrx_word' id='word_1_403' title='bbox 946 3670 980 3738; x_wconf 83' lang='grc' dir='ltr'><strong>ἡ</strong></span> <span class='ocrx_word' id='word_1_404' title='bbox 1042 3668 1327 3741; x_wconf 80' lang='grc' dir='ltr'>μαρτυρία</span> <span class='ocrx_word' id='word_1_405' title='bbox 1380 3669 1414 3738; x_wconf 86' lang='grc' dir='ltr'><strong>ή</strong></span> <span class='ocrx_word' id='word_1_406' title='bbox 1462 3668 1733 3740; x_wconf 75' lang='grc' dir='ltr'>περὶτῆς</span> 
     </span>
    </p>
   </div>
   <div class='ocr_carea' id='block_1_53' title="bbox 126 3758 1735 3833">
    <p class='ocr_par' dir='ltr' id='par_1_53' title="bbox 126 3758 1735 3833">
     <span class='ocr_line' id='line_1_53' title="bbox 126 3758 1735 3833; baseline 0 -18"><span class='ocrx_word' id='word_1_407' title='bbox 126 3758 344 3828; x_wconf 82' lang='grc' dir='ltr'>ὑγείας,</span> <span class='ocrx_word' id='word_1_408' title='bbox 370 3761 465 3814; x_wconf 75' lang='grc' dir='ltr'>καὶ</span> <span class='ocrx_word' id='word_1_409' title='bbox 494 3759 569 3831; x_wconf 82' lang='grc' dir='ltr'>μὴ</span> <span class='ocrx_word' id='word_1_410' title='bbox 590 3759 720 3832; x_wconf 78' lang='grc' dir='ltr'><strong>δόξῃ</strong></span> <span class='ocrx_word' id='word_1_411' title='bbox 748 3763 776 3814; x_wconf 92' lang='lat'><strong>6</strong></span> <span class='ocrx_word' id='word_1_412' title='bbox 806 3760 1101 3833; x_wconf 78' lang='grc' dir='ltr'>ἄνθρωπος</span> <span class='ocrx_word' id='word_1_413' title='bbox 1132 3759 1605 3833; x_wconf 78' lang='grc' dir='ltr'>καταχαρίζεσθαι</span> <span class='ocrx_word' id='word_1_414' title='bbox 1635 3762 1735 3815; x_wconf 86' lang='grc' dir='ltr'>αύ-</span> 
     </span>
    </p>
   </div>
   <div class='ocr_carea' id='block_1_54' title="bbox 123 3852 1735 3926">
    <p class='ocr_par' dir='ltr' id='par_1_54' title="bbox 123 3852 1735 3926">
     <span class='ocr_line' id='line_1_54' title="bbox 123 3852 1735 3926; baseline 0 -19"><span class='ocrx_word' id='word_1_415' title='bbox 123 3853 228 3924; x_wconf 80' lang='grc' dir='ltr'>τῷ,</span> <span class='ocrx_word' id='word_1_416' title='bbox 254 3852 393 3907; x_wconf 82' lang='grc' dir='ltr'><strong>ἀλλά</strong></span> <span class='ocrx_word' id='word_1_417' title='bbox 424 3855 491 3924; x_wconf 80' lang='grc' dir='ltr'>τῇ</span> <span class='ocrx_word' id='word_1_418' title='bbox 526 3853 759 3926; x_wconf 81' lang='grc' dir='ltr'>ἀληθείᾳ</span> <span class='ocrx_word' id='word_1_419' title='bbox 780 3856 1229 3926; x_wconf 76' lang='grc' dir='ltr'>προσμαρτυρεῖν</span> <span class='ocrx_word' id='word_1_420' title='bbox 1246 3865 1267 3888; x_wconf 84' lang='grc'>⁶</span> <span class='ocrx_word' id='word_1_421' title='bbox 1301 3853 1517 3919; x_wconf 72' lang='grc' dir='ltr'>ἔπειτα,</span> <span class='ocrx_word' id='word_1_422' title='bbox 1545 3853 1632 3907; x_wconf 83' lang='grc' dir='ltr'>ἵνα</span> <span class='ocrx_word' id='word_1_423' title='bbox 1658 3853 1735 3926; x_wconf 80' lang='grc' dir='ltr'><strong>μή</strong></span> 
     </span>
    </p>
   </div>
   <div class='ocr_carea' id='block_1_55' title="bbox 125 3941 1735 4019">
    <p class='ocr_par' dir='ltr' id='par_1_55' title="bbox 125 3941 1735 4019">
     <span class='ocr_line' id='line_1_55' title="bbox 125 3941 1735 4019; baseline -0.002 -16"><span class='ocrx_word' id='word_1_424' title='bbox 125 3946 225 4003; x_wconf 67' lang='grc' dir='ltr'><strong>ἐπὶ</strong></span> <span class='ocrx_word' id='word_1_425' title='bbox 249 3946 434 4000; x_wconf 85' lang='grc' dir='ltr'>πλεῖον</span> <span class='ocrx_word' id='word_1_426' title='bbox 464 3945 653 4019; x_wconf 79' lang='grc' dir='ltr'>ἀνάψῃ</span> <span class='ocrx_word' id='word_1_427' title='bbox 675 3948 789 4011; x_wconf 85' lang='grc' dir='ltr'>τοῖς</span> <span class='ocrx_word' id='word_1_428' title='bbox 809 3947 1088 4009; x_wconf 81' lang='grc' dir='ltr'>Ἰουδαίοις</span> <span class='ocrx_word' id='word_1_429' title='bbox 1118 3945 1211 4000; x_wconf 82' lang='grc' dir='ltr'>τὸν</span> <span class='ocrx_word' id='word_1_430' title='bbox 1245 3945 1440 4017; x_wconf 82' lang='grc' dir='ltr'>θυμόν.</span> <span class='ocrx_word' id='word_1_431' title='bbox 1470 3941 1593 4001; x_wconf 84' lang='grc' dir='ltr'>υἷδε</span> <span class='ocrx_word' id='word_1_432' title='bbox 1623 3946 1735 4019; x_wconf 81' lang='grc' dir='ltr'>γὰρ</span> 
     </span>
    </p>
   </div>
   <div class='ocr_carea' id='block_1_56' title="bbox 127 4038 1735 4113">
    <p class='ocr_par' dir='ltr' id='par_1_56' title="bbox 127 4038 1735 4113">
     <span class='ocr_line' id='line_1_56' title="bbox 127 4038 1735 4113; baseline 0.001 -20"><span class='ocrx_word' id='word_1_433' title='bbox 127 4039 230 4094; x_wconf 78' lang='grc' dir='ltr'>καὶ</span> <span class='ocrx_word' id='word_1_434' title='bbox 270 4038 397 4111; x_wconf 81' lang='grc' dir='ltr'>δψις</span> <span class='ocrx_word' id='word_1_435' title='bbox 445 4040 586 4111; x_wconf 86' lang='grc' dir='ltr'>μόνη</span> <span class='ocrx_word' id='word_1_436' title='bbox 633 4039 731 4093; x_wconf 80' lang='grc' dir='ltr'>τοῦ</span> <span class='ocrx_word' id='word_1_437' title='bbox 760 4038 1255 4110; x_wconf 77' lang='grc' dir='ltr'>διαφθονουμένου,</span> <span class='ocrx_word' id='word_1_438' title='bbox 1292 4042 1353 4094; x_wconf 85' lang='grc' dir='ltr'><strong>ού</strong></span> <span class='ocrx_word' id='word_1_439' title='bbox 1395 4041 1591 4113; x_wconf 80' lang='grc' dir='ltr'>μικρὸν</span> <span class='ocrx_word' id='word_1_440' title='bbox 1619 4042 1735 4106; x_wconf 76' lang='grc' dir='ltr'>τοῖς</span> 
     </span>
    </p>
   </div>
   <div class='ocr_carea' id='block_1_57' title="bbox 130 4130 1738 4203">
    <p class='ocr_par' dir='ltr' id='par_1_57' title="bbox 130 4130 1738 4203">
     <span class='ocr_line' id='line_1_57' title="bbox 130 4130 1738 4203; baseline 0.001 -19"><span class='ocrx_word' id='word_1_441' title='bbox 130 4130 525 4201; x_wconf 80' lang='grc' dir='ltr'>βασκαίνουσιν</span> <span class='ocrx_word' id='word_1_442' title='bbox 574 4130 780 4185; x_wconf 71' lang='grc' dir='ltr'>ὲνιιναι</span> <span class='ocrx_word' id='word_1_443' title='bbox 845 4130 1129 4203; x_wconf 82' lang='grc' dir='ltr'>σπινθῆρα</span> <span class='ocrx_word' id='word_1_444' title='bbox 1158 4131 1397 4200; x_wconf 73' lang='grc' dir='ltr'>φθόνουο</span> <span class='ocrx_word' id='word_1_445' title='bbox 1454 4131 1545 4185; x_wconf 84' lang='grc' dir='ltr'>διὰ</span> <span class='ocrx_word' id='word_1_446' title='bbox 1577 4131 1738 4185; x_wconf 81' lang='grc' dir='ltr'>τοῦτο</span> 
     </span>
    </p>
   </div>
   <div class='ocr_carea' id='block_1_58' title="bbox 129 4223 1737 4299">
    <p class='ocr_par' dir='ltr' id='par_1_58' title="bbox 129 4223 1737 4299">
     <span class='ocr_line' id='line_1_58' title="bbox 129 4223 1737 4299; baseline 0.001 -20"><span class='ocrx_word' id='word_1_447' title='bbox 129 4223 362 4295; x_wconf 77' lang='grc' dir='ltr'>ἀφίησιν</span> <span class='ocrx_word' id='word_1_448' title='bbox 378 4223 512 4278; x_wconf 79' lang='grc' dir='ltr'>αὐτὸ</span> <span class='ocrx_word' id='word_1_449' title='bbox 534 4224 659 4279; x_wconf 86' lang='grc' dir='ltr'>καθ’</span> <span class='ocrx_word' id='word_1_450' title='bbox 678 4224 844 4280; x_wconf 71' lang='grc' dir='ltr'>’ἑαυτὸ</span> <span class='ocrx_word' id='word_1_451' title='bbox 864 4225 927 4279; x_wconf 83' lang='grc' dir='ltr'><strong>τὺ</strong></span> <span class='ocrx_word' id='word_1_452' title='bbox 948 4223 1111 4295; x_wconf 74' lang='grc' dir='ltr'>ἔργον</span> <span class='ocrx_word' id='word_1_453' title='bbox 1131 4225 1510 4292; x_wconf 75' lang='grc' dir='ltr'>ἐξετάζεσθαι.</span> <span class='ocrx_word' id='word_1_454' title='bbox 1538 4226 1602 4281; x_wconf 90' lang='grc' dir='ltr'>Οί</span> <span class='ocrx_word' id='word_1_455' title='bbox 1626 4226 1737 4299; x_wconf 83' lang='grc' dir='ltr'><strong>γὰρ</strong></span> 
     </span>
    </p>
   </div>
   <div class='ocr_carea' id='block_1_59' title="bbox 130 4322 1737 4394">
    <p class='ocr_par' dir='ltr' id='par_1_59' title="bbox 130 4322 1737 4394">
     <span class='ocr_line' id='line_1_59' title="bbox 130 4322 1737 4394; baseline -0.001 -15"><span class='ocrx_word' id='word_1_456' title='bbox 130 4322 498 4394; x_wconf 67' lang='grc' dir='ltr'>ἑγκαλοῦντες</span> <span class='ocrx_word' id='word_1_457' title='bbox 515 4322 785 4389; x_wconf 80' lang='grc' dir='ltr'>Ἰουδαῖοι,</span> <span class='ocrx_word' id='word_1_458' title='bbox 815 4322 895 4387; x_wconf 86' lang='grc' dir='ltr'><strong>είς</strong></span> <span class='ocrx_word' id='word_1_459' title='bbox 925 4322 1179 4389; x_wconf 64' lang='grc' dir='ltr'>ἐξέτασιν</span> <span class='ocrx_word' id='word_1_460' title='bbox 1214 4325 1309 4376; x_wconf 71' lang='grc' dir='ltr'><strong>κα)⁵</strong></span> <span class='ocrx_word' id='word_1_461' title='bbox 1336 4322 1535 4392; x_wconf 87' lang='grc' dir='ltr'>λόγους</span> <span class='ocrx_word' id='word_1_462' title='bbox 1554 4324 1616 4378; x_wconf 83' lang='grc' dir='ltr'>τὸ</span> <span class='ocrx_word' id='word_1_463' title='bbox 1640 4341 1737 4393; x_wconf 86' lang='grc' dir='ltr'>γε-</span> 
     </span>
    </p>
   </div>
   <div class='ocr_carea' id='block_1_60' title="bbox 131 4415 1559 4489">
    <p class='ocr_par' dir='ltr' id='par_1_60' title="bbox 131 4415 1559 4489">
     <span class='ocr_line' id='line_1_60' title="bbox 131 4415 1559 4489; baseline 0.001 -20"><span class='ocrx_word' id='word_1_464' title='bbox 131 4416 293 4486; x_wconf 81' lang='grc' dir='ltr'>γονὸς</span> <span class='ocrx_word' id='word_1_465' title='bbox 317 4416 602 4489; x_wconf 81' lang='grc' dir='ltr'>φέροντες,</span> <span class='ocrx_word' id='word_1_466' title='bbox 628 4415 1095 4488; x_wconf 79' lang='grc' dir='ltr'>ὲξακουστότερον</span> <span class='ocrx_word' id='word_1_467' title='bbox 1123 4416 1255 4471; x_wconf 80' lang='grc' dir='ltr'>αὐτὸ</span> <span class='ocrx_word' id='word_1_468' title='bbox 1288 4417 1559 4472; x_wconf 73' lang='grc' dir='ltr'>ποιοῦσιν.</span> 
     </span>
    </p>
   </div>
   <div class='ocr_carea' id='block_1_61' title="bbox 214 4509 1741 4583">
    <p class='ocr_par' dir='ltr' id='par_1_61' title="bbox 214 4509 1741 4583">
     <span class='ocr_line' id='line_1_61' title="bbox 214 4509 1741 4583; baseline 0 -19"><span class='ocrx_word' id='word_1_469' title='bbox 214 4510 421 4567; x_wconf 72' lang='grc' dir='ltr'>«Μετά</span> <span class='ocrx_word' id='word_1_470' title='bbox 476 4510 656 4565; x_wconf 81' lang='grc' dir='ltr'>ταῦτα</span> <span class='ocrx_word' id='word_1_471' title='bbox 716 4509 968 4581; x_wconf 79' lang='grc' dir='ltr'>εὑρίσκει</span> <span class='ocrx_word' id='word_1_472' title='bbox 1028 4511 1193 4564; x_wconf 83' lang='grc' dir='ltr'>αὑτὸν</span> <span class='ocrx_word' id='word_1_473' title='bbox 1239 4512 1267 4565; x_wconf 95' lang='lat'><strong>6</strong></span> <span class='ocrx_word' id='word_1_474' title='bbox 1332 4510 1539 4581; x_wconf 78' lang='grc' dir='ltr'>Ἰησοῦς</span> <span class='ocrx_word' id='word_1_475' title='bbox 1573 4512 1633 4564; x_wconf 91' lang='grc' dir='ltr'>ὲν</span> <span class='ocrx_word' id='word_1_476' title='bbox 1658 4510 1741 4583; x_wconf 85' lang='grc' dir='ltr'><strong>τῷ</strong></span> 
     </span>
    </p>
   </div>
   <div class='ocr_carea' id='block_1_62' title="bbox 134 4600 1741 4678">
    <p class='ocr_par' dir='ltr' id='par_1_62' title="bbox 134 4600 1741 4678">
     <span class='ocr_line' id='line_1_62' title="bbox 134 4600 1741 4678; baseline -0.001 -18"><span class='ocrx_word' id='word_1_477' title='bbox 134 4604 296 4678; x_wconf 76' lang='grc' dir='ltr'>ἱερῷ,</span> <span class='ocrx_word' id='word_1_478' title='bbox 321 4606 418 4660; x_wconf 72' lang='grc' dir='ltr'>καὶ</span> <span class='ocrx_word' id='word_1_479' title='bbox 442 4600 601 4660; x_wconf 74' lang='grc' dir='ltr'>εἷπεν</span> <span class='ocrx_word' id='word_1_480' title='bbox 650 4603 838 4676; x_wconf 77' lang='grc' dir='ltr'>αὑτῷο</span> <span class='ocrx_word' id='word_1_481' title='bbox 875 4603 983 4657; x_wconf 83' lang='grc' dir='ltr'>Ἴδε</span> <span class='ocrx_word' id='word_1_482' title='bbox 1024 4604 1186 4676; x_wconf 83' lang='grc' dir='ltr'>ὑγιής</span> <span class='ocrx_word' id='word_1_483' title='bbox 1226 4604 1492 4674; x_wconf 86' lang='grc' dir='ltr'>γέγονας·</span> <span class='ocrx_word' id='word_1_484' title='bbox 1537 4606 1741 4677; x_wconf 78' lang='grc' dir='ltr'>μηκέτι</span> 
     </span>
    </p>
   </div>
   <div class='ocr_carea' id='block_1_63' title="bbox 1828 2069 3445 2149">
    <p class='ocr_par' dir='ltr' id='par_1_63' title="bbox 1828 2069 3445 2149">
     <span class='ocr_line' id='line_1_63' title="bbox 1828 2069 3445 2149; baseline -0.004 -17"><span class='ocrx_word' id='word_1_485' title='bbox 1828 2078 1900 2133; x_wconf 91' lang='lat' dir='ltr'><strong>Ia.</strong></span> <span class='ocrx_word' id='word_1_486' title='bbox 1937 2076 2417 2148; x_wconf 82' lang='lat' dir='ltr'><strong>interrogaverunt</strong></span> <span class='ocrx_word' id='word_1_487' title='bbox 2468 2092 2600 2149; x_wconf 84' lang='lat' dir='ltr'><strong>ergo</strong></span> <span class='ocrx_word' id='word_1_488' title='bbox 2638 2092 2761 2132; x_wconf 89' lang='lat' dir='ltr'><strong>eum</strong></span> <span class='ocrx_word' id='word_1_489' title='bbox 2794 2092 2810 2131; x_wconf 90' lang='lat'><strong>:</strong></span> <span class='ocrx_word' id='word_1_490' title='bbox 2843 2074 2980 2142; x_wconf 83' lang='lat' dir='ltr'><strong>Quis</strong></span> <span class='ocrx_word' id='word_1_491' title='bbox 3018 2081 3106 2130; x_wconf 88' lang='lat' dir='ltr'><strong>est</strong></span> <span class='ocrx_word' id='word_1_492' title='bbox 3136 2070 3228 2128; x_wconf 91' lang='lat' dir='ltr'><strong>ille</strong></span> <span class='ocrx_word' id='word_1_493' title='bbox 3274 2069 3445 2127; x_wconf 84' lang='lat' dir='ltr'><strong>homo</strong></span> 
     </span>
    </p>
   </div>
   <div class='ocr_carea' id='block_1_64' title="bbox 1827 2162 3449 2240">
    <p class='ocr_par' dir='ltr' id='par_1_64' title="bbox 1827 2162 3449 2240">
     <span class='ocr_line' id='line_1_64' title="bbox 1827 2162 3449 2240; baseline -0.003 -17"><span class='ocrx_word' id='word_1_494' title='bbox 1827 2169 1921 2240; x_wconf 89' lang='lat' dir='ltr'><strong>qui</strong></span> <span class='ocrx_word' id='word_1_495' title='bbox 1969 2168 2107 2224; x_wconf 78' lang='lat' dir='ltr'><strong>dixit</strong></span> <span class='ocrx_word' id='word_1_496' title='bbox 2151 2169 2294 2227; x_wconf 89' lang='lat' dir='ltr'><strong>tibi:</strong></span> <span class='ocrx_word' id='word_1_497' title='bbox 2329 2168 2482 2226; x_wconf 90' lang='lat' dir='ltr'><strong>Tolle</strong></span> <span class='ocrx_word' id='word_1_498' title='bbox 2520 2169 2809 2240; x_wconf 78' lang='lat' dir='ltr'><strong>grabatum</strong></span> <span class='ocrx_word' id='word_1_499' title='bbox 2861 2176 3016 2223; x_wconf 91' lang='lat' dir='ltr'><strong>tuum</strong></span> <span class='ocrx_word' id='word_1_500' title='bbox 3064 2174 3121 2222; x_wconf 81' lang='lat' dir='ltr'><strong>et</strong></span> <span class='ocrx_word' id='word_1_501' title='bbox 3188 2162 3449 2221; x_wconf 74' lang='lat' dir='ltr'><strong>ambula?</strong></span> 
     </span>
    </p>
   </div>
   <div class='ocr_carea' id='block_1_65' title="bbox 1830 2260 3446 2335">
    <p class='ocr_par' dir='ltr' id='par_1_65' title="bbox 1830 2260 3446 2335">
     <span class='ocr_line' id='line_1_65' title="bbox 1830 2260 3446 2335; baseline -0.001 -16"><span class='ocrx_word' id='word_1_502' title='bbox 1830 2266 1884 2319; x_wconf 89' lang='lat' dir='ltr'><strong>is</strong></span> <span class='ocrx_word' id='word_1_503' title='bbox 1917 2274 2100 2319; x_wconf 89' lang='lat' dir='ltr'><strong>autem</strong></span> <span class='ocrx_word' id='word_1_504' title='bbox 2143 2265 2235 2335; x_wconf 87' lang='lat' dir='ltr'><strong>qui</strong></span> <span class='ocrx_word' id='word_1_505' title='bbox 2263 2280 2431 2321; x_wconf 88' lang='lat' dir='ltr'><strong>sanus</strong></span> <span class='ocrx_word' id='word_1_506' title='bbox 2493 2262 2976 2331; x_wconf 76' lang='lat' dir='ltr'><strong>literatcn‘ectus,</strong></span> <span class='ocrx_word' id='word_1_507' title='bbox 3002 2261 3291 2319; x_wconf 86' lang='lat' dir='ltr'><strong>nesciebat</strong></span> <span class='ocrx_word' id='word_1_508' title='bbox 3320 2260 3446 2331; x_wconf 87' lang='lat' dir='ltr'><strong>quis</strong></span> 
     </span>
    </p>
   </div>
   <div class='ocr_carea' id='block_1_66' title="bbox 1830 2345 3445 2427">
    <p class='ocr_par' dir='ltr' id='par_1_66' title="bbox 1830 2345 3445 2427">
     <span class='ocr_line' id='line_1_66' title="bbox 1830 2345 3445 2427; baseline -0.006 -10"><span class='ocrx_word' id='word_1_509' title='bbox 1830 2368 1997 2417; x_wconf 88' lang='lat' dir='ltr'><strong>esset.</strong></span> <span class='ocrx_word' id='word_1_510' title='bbox 2032 2358 2195 2417; x_wconf 85' lang='lat' dir='ltr'><strong>Jesus</strong></span> <span class='ocrx_word' id='word_1_511' title='bbox 2222 2360 2366 2416; x_wconf 86' lang='lat' dir='ltr'><strong>enim</strong></span> <span class='ocrx_word' id='word_1_512' title='bbox 2403 2359 2666 2416; x_wconf 89' lang='lat' dir='ltr'><strong>subduxit</strong></span> <span class='ocrx_word' id='word_1_513' title='bbox 2698 2374 2780 2427; x_wconf 90' lang='lat' dir='ltr'><strong>se,</strong></span> <span class='ocrx_word' id='word_1_514' title='bbox 2822 2359 2971 2427; x_wconf 88' lang='lat' dir='ltr'><strong>quod</strong></span> <span class='ocrx_word' id='word_1_515' title='bbox 3011 2345 3170 2413; x_wconf 87' lang='lat' dir='ltr'><strong>turba</strong></span> <span class='ocrx_word' id='word_1_516' title='bbox 3209 2364 3357 2412; x_wconf 77' lang='lat' dir='ltr'><strong>esset</strong></span> <span class='ocrx_word' id='word_1_517' title='bbox 3390 2354 3445 2410; x_wconf 92' lang='lat' dir='ltr'><strong>in</strong></span> 
     </span>
    </p>
   </div>
   <div class='ocr_carea' id='block_1_67' title="bbox 1830 2447 3447 2521">
    <p class='ocr_par' dir='ltr' id='par_1_67' title="bbox 1830 2447 3447 2521">
     <span class='ocr_line' id='line_1_67' title="bbox 1830 2447 3447 2521; baseline -0.005 -10"><span class='ocrx_word' id='word_1_518' title='bbox 1830 2472 1897 2512; x_wconf 88' lang='lat' dir='ltr'><strong>eo</strong></span> <span class='ocrx_word' id='word_1_519' title='bbox 1930 2457 2068 2512; x_wconf 91' lang='lat' dir='ltr'><strong>loco.</strong></span> <span class='ocrx_word' id='word_1_520' title='bbox 2105 2473 2123 2507; x_wconf 74' lang='grc' dir='ltr'><strong>ι</strong></span> <span class='ocrx_word' id='word_1_521' title='bbox 2160 2454 2437 2510; x_wconf 84' lang='lat' dir='ltr'><strong>Admirari</strong></span> <span class='ocrx_word' id='word_1_522' title='bbox 2468 2453 2729 2511; x_wconf 83' lang='lat' dir='ltr'><strong>convenit</strong></span> <span class='ocrx_word' id='word_1_523' title='bbox 2761 2451 3001 2510; x_wconf 88' lang='lat' dir='ltr'><strong>hominis</strong></span> <span class='ocrx_word' id='word_1_524' title='bbox 3044 2464 3176 2521; x_wconf 88' lang='lat' dir='ltr'><strong>erga</strong></span> <span class='ocrx_word' id='word_1_525' title='bbox 3225 2447 3447 2507; x_wconf 63' lang='lat' dir='ltr'><strong>Judaeos</strong></span> 
     </span>
    </p>
   </div>
   <div class='ocr_carea' id='block_1_68' title="bbox 1830 2544 3450 2618">
    <p class='ocr_par' dir='ltr' id='par_1_68' title="bbox 1830 2544 3450 2618">
     <span class='ocr_line' id='line_1_68' title="bbox 1830 2544 3450 2618; baseline -0.004 -14"><span class='ocrx_word' id='word_1_526' title='bbox 1830 2550 1885 2604; x_wconf 92' lang='lat' dir='ltr'><strong>in</strong></span> <span class='ocrx_word' id='word_1_527' title='bbox 1906 2547 2489 2614; x_wconf 88' lang='lat' dir='ltr'><strong>dicendolibcrtatem,</strong></span> <span class='ocrx_word' id='word_1_528' title='bbox 2528 2548 2750 2618; x_wconf 76' lang='lat' dir='ltr'><strong>quando</strong></span> <span class='ocrx_word' id='word_1_529' title='bbox 2783 2546 3107 2617; x_wconf 88' lang='lat' dir='ltr'><strong>urgentibus</strong></span> <span class='ocrx_word' id='word_1_530' title='bbox 3133 2544 3243 2602; x_wconf 85' lang='lat' dir='ltr'><strong>illis</strong></span> <span class='ocrx_word' id='word_1_531' title='bbox 3282 2552 3339 2603; x_wconf 88' lang='lat' dir='ltr'><strong>et</strong></span> <span class='ocrx_word' id='word_1_532' title='bbox 3364 2544 3450 2600; x_wconf 88' lang='lat' dir='ltr'><strong>di-</strong></span> 
     </span>
    </p>
   </div>
   <div class='ocr_carea' id='block_1_69' title="bbox 1830 2640 3443 2713">
    <p class='ocr_par' dir='ltr' id='par_1_69' title="bbox 1830 2640 3443 2713">
     <span class='ocr_line' id='line_1_69' title="bbox 1830 2640 3443 2713; baseline -0.001 -15"><span class='ocrx_word' id='word_1_533' title='bbox 1830 2640 2107 2713; x_wconf 85' lang='lat' dir='ltr'><strong>c&#39;entibus,</strong></span> <span class='ocrx_word' id='word_1_534' title='bbox 2151 2660 2171 2696; x_wconf 76' lang='grc' dir='ltr'><strong>ι</strong></span> <span class='ocrx_word' id='word_1_535' title='bbox 2218 2643 2335 2700; x_wconf 82' lang='grc' dir='ltr'>Νοη</span> <span class='ocrx_word' id='word_1_536' title='bbox 2373 2642 2469 2699; x_wconf 86' lang='lat' dir='ltr'><strong>tibi</strong></span> <span class='ocrx_word' id='word_1_537' title='bbox 2501 2644 2626 2699; x_wconf 89' lang='lat' dir='ltr'><strong>licet</strong></span> <span class='ocrx_word' id='word_1_538' title='bbox 2671 2642 2869 2698; x_wconf 90' lang='lat' dir='ltr'><strong>tollere</strong></span> <span class='ocrx_word' id='word_1_539' title='bbox 2926 2642 3219 2713; x_wconf 54' lang='lat' dir='ltr'><strong>grabatum</strong></span> <span class='ocrx_word' id='word_1_540' title='bbox 3289 2648 3443 2697; x_wconf 87' lang='lat' dir='ltr'><strong>tuum</strong></span> 
     </span>
    </p>
   </div>
   <div class='ocr_carea' id='block_1_70' title="bbox 1830 2733 3459 2806">
    <p class='ocr_par' dir='ltr' id='par_1_70' title="bbox 1830 2733 3459 2806">
     <span class='ocr_line' id='line_1_70' title="bbox 1830 2733 3459 2806; baseline 0.002 -15"><span class='ocrx_word' id='word_1_541' title='bbox 1830 2751 1929 2806; x_wconf 88' lang='lat' dir='ltr'><strong>per</strong></span> <span class='ocrx_word' id='word_1_542' title='bbox 1967 2733 2289 2803; x_wconf 90' lang='lat' dir='ltr'><strong>Sabbatum,</strong></span> <span class='ocrx_word' id='word_1_543' title='bbox 2319 2757 2337 2790; x_wconf 71' lang='grc' dir='ltr'><strong>ι</strong></span> <span class='ocrx_word' id='word_1_544' title='bbox 2385 2738 2502 2806; x_wconf 87' lang='lat' dir='ltr'><strong>ipse</strong></span> <span class='ocrx_word' id='word_1_545' title='bbox 2550 2750 2676 2793; x_wconf 91' lang='lat' dir='ltr'><strong>cum</strong></span> <span class='ocrx_word' id='word_1_546' title='bbox 2734 2734 2931 2793; x_wconf 75' lang='lat' dir='ltr'><strong>fiducia</strong></span> <span class='ocrx_word' id='word_1_547' title='bbox 2976 2733 3148 2791; x_wconf 89' lang='lat' dir='ltr'><strong>libere</strong></span> <span class='ocrx_word' id='word_1_548' title='bbox 3184 2734 3459 2806; x_wconf 59' lang='lat' dir='ltr'><strong>praedicat</strong></span> 
     </span>
    </p>
   </div>
   <div class='ocr_carea' id='block_1_71' title="bbox 1832 2827 3446 2898">
    <p class='ocr_par' dir='ltr' id='par_1_71' title="bbox 1832 2827 3446 2898">
     <span class='ocr_line' id='line_1_71' title="bbox 1832 2827 3446 2898; baseline -0.002 -13"><span class='ocrx_word' id='word_1_549' title='bbox 1832 2828 2280 2885; x_wconf 78' lang='lat' dir='ltr'><strong>benclactorem:</strong></span> <span class='ocrx_word' id='word_1_550' title='bbox 2359 2848 2378 2883; x_wconf 82' lang='grc' dir='ltr'><strong>ι</strong></span> <span class='ocrx_word' id='word_1_551' title='bbox 2435 2828 2541 2898; x_wconf 87' lang='lat' dir='ltr'><strong>Qui</strong></span> <span class='ocrx_word' id='word_1_552' title='bbox 2604 2829 2735 2885; x_wconf 82' lang='lat' dir='ltr'><strong>iecit</strong></span> <span class='ocrx_word' id='word_1_553' title='bbox 2785 2842 2874 2884; x_wconf 92' lang='lat' dir='ltr'><strong>me</strong></span> <span class='ocrx_word' id='word_1_554' title='bbox 2920 2842 3142 2896; x_wconf 89' lang='lat' dir='ltr'><strong>sanum,</strong></span> <span class='ocrx_word' id='word_1_555' title='bbox 3194 2827 3286 2885; x_wconf 90' lang='lat' dir='ltr'><strong>ille</strong></span> <span class='ocrx_word' id='word_1_556' title='bbox 3312 2827 3446 2883; x_wconf 90' lang='lat' dir='ltr'><strong>mihi</strong></span> 
     </span>
    </p>
   </div>
   <div class='ocr_carea' id='block_1_72' title="bbox 1833 2920 3450 2995">
    <p class='ocr_par' dir='ltr' id='par_1_72' title="bbox 1833 2920 3450 2995">
     <span class='ocr_line' id='line_1_72' title="bbox 1833 2920 3450 2995; baseline -0.002 -17"><span class='ocrx_word' id='word_1_557' title='bbox 1833 2923 1993 2986; x_wconf 83' lang='lat' dir='ltr'><strong>dixit,</strong></span> <span class='ocrx_word' id='word_1_558' title='bbox 2030 2942 2049 2976; x_wconf 75' lang='grc' dir='ltr'><strong>ε</strong></span> <span class='ocrx_word' id='word_1_559' title='bbox 2084 2923 2249 2978; x_wconf 83' lang='lat' dir='ltr'><strong>veluti</strong></span> <span class='ocrx_word' id='word_1_560' title='bbox 2288 2923 2598 2995; x_wconf 70' lang='lat' dir='ltr'><strong>huiusmodi</strong></span> <span class='ocrx_word' id='word_1_561' title='bbox 2634 2924 2884 2995; x_wconf 62' lang='lat' dir='ltr'><strong>quaedam</strong></span> <span class='ocrx_word' id='word_1_562' title='bbox 2935 2922 3227 2992; x_wconf 84' lang='lat' dir='ltr'><strong>proferens</strong></span> <span class='ocrx_word' id='word_1_563' title='bbox 3261 2942 3275 2978; x_wconf 90' lang='lat'><strong>:</strong></span> <span class='ocrx_word' id='word_1_564' title='bbox 3313 2920 3450 2977; x_wconf 82' lang='lat' dir='ltr'><strong>Deli-</strong></span> 
     </span>
    </p>
   </div>
   <div class='ocr_carea' id='block_1_73' title="bbox 1834 3017 3448 3091">
    <p class='ocr_par' dir='ltr' id='par_1_73' title="bbox 1834 3017 3448 3091">
     <span class='ocr_line' id='line_1_73' title="bbox 1834 3017 3448 3091; baseline -0.001 -18"><span class='ocrx_word' id='word_1_565' title='bbox 1834 3019 1969 3074; x_wconf 87' lang='lat' dir='ltr'><strong>ratis</strong></span> <span class='ocrx_word' id='word_1_566' title='bbox 1998 3028 2053 3074; x_wconf 91' lang='lat' dir='ltr'><strong>et</strong></span> <span class='ocrx_word' id='word_1_567' title='bbox 2088 3019 2339 3089; x_wconf 86' lang='lat' dir='ltr'><strong>desipitis</strong></span> <span class='ocrx_word' id='word_1_568' title='bbox 2368 3020 2628 3091; x_wconf 86' lang='lat' dir='ltr'><strong>jubentes</strong></span> <span class='ocrx_word' id='word_1_569' title='bbox 2660 3034 2730 3076; x_wconf 84' lang='lat' dir='ltr'><strong>ne</strong></span> <span class='ocrx_word' id='word_1_570' title='bbox 2770 3018 3023 3076; x_wconf 86' lang='lat' dir='ltr'><strong>obediam</strong></span> <span class='ocrx_word' id='word_1_571' title='bbox 3060 3019 3110 3074; x_wconf 87' lang='lat' dir='ltr'><strong>ei</strong></span> <span class='ocrx_word' id='word_1_572' title='bbox 3142 3017 3233 3089; x_wconf 88' lang='lat' dir='ltr'><strong>qui</strong></span> <span class='ocrx_word' id='word_1_573' title='bbox 3281 3032 3370 3073; x_wconf 92' lang='lat' dir='ltr'><strong>me</strong></span> <span class='ocrx_word' id='word_1_574' title='bbox 3418 3031 3448 3072; x_wconf 83' lang='lat' dir='ltr'><strong>a</strong></span> 
     </span>
    </p>
   </div>
   <div class='ocr_carea' id='block_1_74' title="bbox 1837 3107 3448 3169">
    <p class='ocr_par' dir='ltr' id='par_1_74' title="bbox 1837 3107 3448 3169">
     <span class='ocr_line' id='line_1_74' title="bbox 1837 3107 3448 3169; baseline 0 -7"><span class='ocrx_word' id='word_1_575' title='bbox 1837 3117 1947 3164; x_wconf 84' lang='lat' dir='ltr'><strong>tam</strong></span> <span class='ocrx_word' id='word_1_576' title='bbox 2009 3110 2269 3166; x_wconf 87' lang='lat' dir='ltr'><strong>diuturno</strong></span> <span class='ocrx_word' id='word_1_577' title='bbox 2298 3120 2353 3166; x_wconf 91' lang='lat' dir='ltr'><strong>et</strong></span> <span class='ocrx_word' id='word_1_578' title='bbox 2379 3110 2587 3169; x_wconf 82' lang='lat' dir='ltr'><strong>diliicili</strong></span> <span class='ocrx_word' id='word_1_579' title='bbox 2630 3110 2823 3168; x_wconf 91' lang='lat' dir='ltr'><strong>morbo</strong></span> <span class='ocrx_word' id='word_1_580' title='bbox 2853 3110 3129 3167; x_wconf 85' lang='lat' dir='ltr'><strong>liberavit.</strong></span> <span class='ocrx_word' id='word_1_581' title='bbox 3164 3108 3238 3166; x_wconf 73' lang='lat' dir='ltr'><strong>At</strong></span> <span class='ocrx_word' id='word_1_582' title='bbox 3264 3107 3448 3165; x_wconf 69' lang='lat' dir='ltr'><strong>Judaei</strong></span> 
     </span>
    </p>
   </div>
   <div class='ocr_carea' id='block_1_75' title="bbox 1837 3199 3452 3275">
    <p class='ocr_par' dir='ltr' id='par_1_75' title="bbox 1837 3199 3452 3275">
     <span class='ocr_line' id='line_1_75' title="bbox 1837 3199 3452 3275; baseline -0.001 -18"><span class='ocrx_word' id='word_1_583' title='bbox 1837 3218 1943 3257; x_wconf 92' lang='lat' dir='ltr'><strong>non</strong></span> <span class='ocrx_word' id='word_1_584' title='bbox 1975 3199 2317 3274; x_wconf 71' lang='lat' dir='ltr'><strong>interrogant</strong></span> <span class='ocrx_word' id='word_1_585' title='bbox 2349 3220 2513 3275; x_wconf 69' lang='lat' dir='ltr'><strong>eum;</strong></span> <span class='ocrx_word' id='word_1_586' title='bbox 2552 3202 2690 3272; x_wconf 89' lang='lat' dir='ltr'><strong>Quis</strong></span> <span class='ocrx_word' id='word_1_587' title='bbox 2723 3213 2806 3259; x_wconf 91' lang='lat' dir='ltr'><strong>est</strong></span> <span class='ocrx_word' id='word_1_588' title='bbox 2835 3204 2926 3275; x_wconf 90' lang='lat' dir='ltr'><strong>qui</strong></span> <span class='ocrx_word' id='word_1_589' title='bbox 2976 3213 3035 3259; x_wconf 90' lang='lat' dir='ltr'><strong>te</strong></span> <span class='ocrx_word' id='word_1_590' title='bbox 3051 3218 3248 3259; x_wconf 87' lang='lat' dir='ltr'><strong>sanum</strong></span> <span class='ocrx_word' id='word_1_591' title='bbox 3280 3201 3452 3259; x_wconf 71' lang='lat' dir='ltr'><strong>fecit?</strong></span> 
     </span>
    </p>
   </div>
   <div class='ocr_carea' id='block_1_76' title="bbox 1837 3296 3445 3369">
    <p class='ocr_par' dir='ltr' id='par_1_76' title="bbox 1837 3296 3445 3369">
     <span class='ocr_line' id='line_1_76' title="bbox 1837 3296 3445 3369; baseline -0.002 -17"><span class='ocrx_word' id='word_1_592' title='bbox 1837 3297 1952 3362; x_wconf 87' lang='lat' dir='ltr'><strong>sed,</strong></span> <span class='ocrx_word' id='word_1_593' title='bbox 2004 3298 2182 3363; x_wconf 71' lang='lat' dir='ltr'><strong>«Quis</strong></span> <span class='ocrx_word' id='word_1_594' title='bbox 2217 3307 2302 3353; x_wconf 89' lang='lat' dir='ltr'><strong>est</strong></span> <span class='ocrx_word' id='word_1_595' title='bbox 2349 3299 2442 3368; x_wconf 88' lang='lat' dir='ltr'><strong>qui</strong></span> <span class='ocrx_word' id='word_1_596' title='bbox 2490 3299 2629 3351; x_wconf 81' lang='lat' dir='ltr'><strong>dixit</strong></span> <span class='ocrx_word' id='word_1_597' title='bbox 2682 3297 2801 3363; x_wconf 82' lang='lat' dir='ltr'><strong>tibi,</strong></span> <span class='ocrx_word' id='word_1_598' title='bbox 2851 3296 3007 3355; x_wconf 84' lang='lat' dir='ltr'><strong>Tolle</strong></span> <span class='ocrx_word' id='word_1_599' title='bbox 3052 3296 3383 3369; x_wconf 77' lang='lat' dir='ltr'><strong>grabatum?</strong></span> <span class='ocrx_word' id='word_1_600' title='bbox 3425 3315 3445 3349; x_wconf 79' lang='grc' dir='ltr'><strong>ι</strong></span> 
     </span>
    </p>
   </div>
   <div class='ocr_carea' id='block_1_77' title="bbox 1838 3384 3452 3460">
    <p class='ocr_par' dir='ltr' id='par_1_77' title="bbox 1838 3384 3452 3460">
     <span class='ocr_line' id='line_1_77' title="bbox 1838 3384 3452 3460; baseline 0.002 -20"><span class='ocrx_word' id='word_1_601' title='bbox 1838 3384 1922 3440; x_wconf 89' lang='lat' dir='ltr'><strong>ita</strong></span> <span class='ocrx_word' id='word_1_602' title='bbox 1954 3388 2020 3440; x_wconf 91' lang='lat' dir='ltr'><strong>ad</strong></span> <span class='ocrx_word' id='word_1_603' title='bbox 2050 3392 2249 3441; x_wconf 89' lang='lat' dir='ltr'><strong>bonum</strong></span> <span class='ocrx_word' id='word_1_604' title='bbox 2292 3398 2488 3457; x_wconf 89' lang='lat' dir='ltr'><strong>sponte</strong></span> <span class='ocrx_word' id='word_1_605' title='bbox 2532 3388 2978 3455; x_wconf 71' lang='lat' dir='ltr'><strong>cxcrecabantur,</strong></span> <span class='ocrx_word' id='word_1_606' title='bbox 3025 3397 3362 3460; x_wconf 84' lang='lat' dir='ltr'><strong>sursumque</strong></span> <span class='ocrx_word' id='word_1_607' title='bbox 3388 3406 3452 3444; x_wconf 86' lang='lat' dir='ltr'><strong>ac</strong></span> 
     </span>
    </p>
   </div>
   <div class='ocr_carea' id='block_1_78' title="bbox 1834 3482 3450 3553">
    <p class='ocr_par' dir='ltr' id='par_1_78' title="bbox 1834 3482 3450 3553">
     <span class='ocr_line' id='line_1_78' title="bbox 1834 3482 3450 3553; baseline 0.001 -18"><span class='ocrx_word' id='word_1_608' title='bbox 1834 3482 2092 3537; x_wconf 86' lang='lat' dir='ltr'><strong>deorsum</strong></span> <span class='ocrx_word' id='word_1_609' title='bbox 2148 3483 2429 3553; x_wconf 85' lang='lat' dir='ltr'><strong>rapiebant</strong></span> <span class='ocrx_word' id='word_1_610' title='bbox 2483 3484 2709 3540; x_wconf 83' lang='lat' dir='ltr'><strong>Sabbati</strong></span> <span class='ocrx_word' id='word_1_611' title='bbox 2794 3484 3173 3551; x_wconf 83' lang='lat' dir='ltr'><strong>violationcm,</strong></span> <span class='ocrx_word' id='word_1_612' title='bbox 3230 3493 3292 3541; x_wconf 88' lang='lat' dir='ltr'><strong>ut</strong></span> <span class='ocrx_word' id='word_1_613' title='bbox 3344 3485 3450 3540; x_wconf 86' lang='lat' dir='ltr'><strong>sibi</strong></span> 
     </span>
    </p>
   </div>
   <div class='ocr_carea' id='block_1_79' title="bbox 1836 3573 3450 3648">
    <p class='ocr_par' dir='ltr' id='par_1_79' title="bbox 1836 3573 3450 3648">
     <span class='ocr_line' id='line_1_79' title="bbox 1836 3573 3450 3648; baseline 0.002 -22"><span class='ocrx_word' id='word_1_614' title='bbox 1836 3574 2240 3629; x_wconf 79' lang='lat' dir='ltr'><strong>videbatur.‘At</strong></span> <span class='ocrx_word' id='word_1_615' title='bbox 2271 3573 2433 3631; x_wconf 80' lang='lat' dir='ltr'><strong>Jusus</strong></span> <span class='ocrx_word' id='word_1_616' title='bbox 2458 3591 2519 3630; x_wconf 86' lang='lat' dir='ltr'><strong>se</strong></span> <span class='ocrx_word' id='word_1_617' title='bbox 2554 3576 2926 3632; x_wconf 85' lang='lat' dir='ltr'><strong>subduxerat:</strong></span> <span class='ocrx_word' id='word_1_618' title='bbox 2962 3577 3198 3646; x_wconf 88' lang='lat' dir='ltr'><strong>primum</strong></span> <span class='ocrx_word' id='word_1_619' title='bbox 3227 3575 3450 3648; x_wconf 89' lang='lat' dir='ltr'><strong>quidem</strong></span> 
     </span>
    </p>
   </div>
   <div class='ocr_carea' id='block_1_80' title="bbox 1837 3667 3452 3739">
    <p class='ocr_par' dir='ltr' id='par_1_80' title="bbox 1837 3667 3452 3739">
     <span class='ocr_line' id='line_1_80' title="bbox 1837 3667 3452 3739; baseline 0.002 -20"><span class='ocrx_word' id='word_1_620' title='bbox 1837 3676 1894 3719; x_wconf 90' lang='lat' dir='ltr'><strong>ut</strong></span> <span class='ocrx_word' id='word_1_621' title='bbox 1927 3668 2173 3722; x_wconf 84' lang='lat' dir='ltr'><strong>absente</strong></span> <span class='ocrx_word' id='word_1_622' title='bbox 2206 3667 2324 3737; x_wconf 89' lang='lat' dir='ltr'><strong>ipso</strong></span> <span class='ocrx_word' id='word_1_623' title='bbox 2373 3667 2748 3724; x_wconf 89' lang='lat' dir='ltr'><strong>testimonium</strong></span> <span class='ocrx_word' id='word_1_624' title='bbox 2795 3669 3047 3724; x_wconf 84' lang='lat' dir='ltr'><strong>sanitatis</strong></span> <span class='ocrx_word' id='word_1_625' title='bbox 3089 3668 3238 3725; x_wconf 90' lang='lat' dir='ltr'><strong>illius</strong></span> <span class='ocrx_word' id='word_1_626' title='bbox 3266 3667 3452 3739; x_wconf 78' lang='lat' dir='ltr'><strong>suspi-</strong></span> 
     </span>
    </p>
   </div>
   <div class='ocr_carea' id='block_1_81' title="bbox 1838 3756 3452 3833">
    <p class='ocr_par' dir='ltr' id='par_1_81' title="bbox 1838 3756 3452 3833">
     <span class='ocr_line' id='line_1_81' title="bbox 1838 3756 3452 3833; baseline -0.001 -18"><span class='ocrx_word' id='word_1_627' title='bbox 1838 3759 1999 3816; x_wconf 89' lang='lat' dir='ltr'><strong>cione</strong></span> <span class='ocrx_word' id='word_1_628' title='bbox 2030 3762 2206 3830; x_wconf 85' lang='lat' dir='ltr'><strong>magis</strong></span> <span class='ocrx_word' id='word_1_629' title='bbox 2239 3768 2475 3827; x_wconf 87' lang='lat' dir='ltr'><strong>careret,</strong></span> <span class='ocrx_word' id='word_1_630' title='bbox 2508 3770 2567 3817; x_wconf 90' lang='lat' dir='ltr'><strong>et</strong></span> <span class='ocrx_word' id='word_1_631' title='bbox 2615 3776 2685 3818; x_wconf 90' lang='lat' dir='ltr'><strong>ne</strong></span> <span class='ocrx_word' id='word_1_632' title='bbox 2725 3762 3011 3818; x_wconf 85' lang='lat' dir='ltr'><strong>videretur</strong></span> <span class='ocrx_word' id='word_1_633' title='bbox 3047 3756 3349 3833; x_wconf 66' lang='lat' dir='ltr'><strong>gratiﬁcari</strong></span> <span class='ocrx_word' id='word_1_634' title='bbox 3375 3762 3452 3823; x_wconf 87' lang='lat' dir='ltr'><strong>ei,</strong></span> 
     </span>
    </p>
   </div>
   <div class='ocr_carea' id='block_1_82' title="bbox 1840 3852 3456 3925">
    <p class='ocr_par' dir='ltr' id='par_1_82' title="bbox 1840 3852 3456 3925">
     <span class='ocr_line' id='line_1_82' title="bbox 1840 3852 3456 3925; baseline 0.001 -16"><span class='ocrx_word' id='word_1_635' title='bbox 1840 3853 1933 3909; x_wconf 86' lang='lat' dir='ltr'><strong>sed</strong></span> <span class='ocrx_word' id='word_1_636' title='bbox 1968 3852 2254 3908; x_wconf 83' lang='lat' dir='ltr'><strong>veritatem</strong></span> <span class='ocrx_word' id='word_1_637' title='bbox 2289 3853 2499 3909; x_wconf 82' lang='lat' dir='ltr'><strong>testari.</strong></span> <span class='ocrx_word' id='word_1_638' title='bbox 2529 3852 2755 3925; x_wconf 83' lang='lat' dir='ltr'><strong>insuper</strong></span> <span class='ocrx_word' id='word_1_639' title='bbox 2794 3863 2853 3910; x_wconf 90' lang='lat' dir='ltr'><strong>ut</strong></span> <span class='ocrx_word' id='word_1_640' title='bbox 2882 3868 2948 3909; x_wconf 90' lang='lat' dir='ltr'><strong>ne</strong></span> <span class='ocrx_word' id='word_1_641' title='bbox 2992 3853 3310 3912; x_wconf 59' lang='lat' dir='ltr'><strong>Iudaeorum</strong></span> <span class='ocrx_word' id='word_1_642' title='bbox 3365 3853 3456 3910; x_wconf 84' lang='lat' dir='ltr'><strong>in-</strong></span> 
     </span>
    </p>
   </div>
   <div class='ocr_carea' id='block_1_83' title="bbox 1840 3945 3457 4024">
    <p class='ocr_par' dir='ltr' id='par_1_83' title="bbox 1840 3945 3457 4024">
     <span class='ocr_line' id='line_1_83' title="bbox 1840 3945 3457 4024; baseline 0.007 -24"><span class='ocrx_word' id='word_1_643' title='bbox 1840 3945 2042 4000; x_wconf 90' lang='lat' dir='ltr'><strong>vidiam</strong></span> <span class='ocrx_word' id='word_1_644' title='bbox 2079 3947 2254 4017; x_wconf 84' lang='lat' dir='ltr'><strong>magis</strong></span> <span class='ocrx_word' id='word_1_645' title='bbox 2296 3948 2645 4003; x_wconf 83' lang='lat' dir='ltr'><strong>accenderet.</strong></span> <span class='ocrx_word' id='word_1_646' title='bbox 2696 3946 2850 4003; x_wconf 83' lang='lat' dir='ltr'><strong>Solet</strong></span> <span class='ocrx_word' id='word_1_647' title='bbox 2901 3949 3047 4003; x_wconf 90' lang='lat' dir='ltr'><strong>enim</strong></span> <span class='ocrx_word' id='word_1_648' title='bbox 3103 3960 3159 4005; x_wconf 94' lang='lat' dir='ltr'><strong>et</strong></span> <span class='ocrx_word' id='word_1_649' title='bbox 3197 3964 3457 4024; x_wconf 84' lang='lat' dir='ltr'><strong>aspectus</strong></span> 
     </span>
    </p>
   </div>
   <div class='ocr_carea' id='block_1_84' title="bbox 1840 4038 3453 4111">
    <p class='ocr_par' dir='ltr' id='par_1_84' title="bbox 1840 4038 3453 4111">
     <span class='ocr_line' id='line_1_84' title="bbox 1840 4038 3453 4111; baseline 0.006 -16"><span class='ocrx_word' id='word_1_650' title='bbox 1840 4038 1962 4111; x_wconf 86' lang='lat' dir='ltr'><strong>ejus</strong></span> <span class='ocrx_word' id='word_1_651' title='bbox 1995 4044 2081 4096; x_wconf 93' lang='lat' dir='ltr'><strong>cui</strong></span> <span class='ocrx_word' id='word_1_652' title='bbox 2140 4041 2435 4109; x_wconf 87' lang='lat' dir='ltr'><strong>invidetur,</strong></span> <span class='ocrx_word' id='word_1_653' title='bbox 2475 4056 2585 4096; x_wconf 92' lang='lat' dir='ltr'><strong>non</strong></span> <span class='ocrx_word' id='word_1_654' title='bbox 2638 4057 2865 4111; x_wconf 87' lang='lat' dir='ltr'><strong>parvam</strong></span> <span class='ocrx_word' id='word_1_655' title='bbox 2901 4043 3121 4100; x_wconf 69' lang='lat' dir='ltr'><strong>invidiae</strong></span> <span class='ocrx_word' id='word_1_656' title='bbox 3172 4044 3453 4105; x_wconf 84' lang='lat' dir='ltr'><strong>ﬂammam</strong></span> 
     </span>
    </p>
   </div>
   <div class='ocr_carea' id='block_1_85' title="bbox 1844 4132 3460 4210">
    <p class='ocr_par' dir='ltr' id='par_1_85' title="bbox 1844 4132 3460 4210">
     <span class='ocr_line' id='line_1_85' title="bbox 1844 4132 3460 4210; baseline 0.006 -22"><span class='ocrx_word' id='word_1_657' title='bbox 1844 4135 2142 4190; x_wconf 88' lang='lat' dir='ltr'><strong>immittere</strong></span> <span class='ocrx_word' id='word_1_658' title='bbox 2198 4135 2586 4191; x_wconf 87' lang='lat' dir='ltr'><strong>invidentibns.</strong></span> <span class='ocrx_word' id='word_1_659' title='bbox 2640 4132 2807 4208; x_wconf 79' lang='lat'><strong>5&#39;70</strong></span> <span class='ocrx_word' id='word_1_660' title='bbox 2844 4134 3142 4207; x_wconf 82' lang='lat' dir='ltr'><strong>Propterea</strong></span> <span class='ocrx_word' id='word_1_661' title='bbox 3189 4143 3460 4210; x_wconf 85' lang='lat' dir='ltr'><strong>permittit</strong></span> 
     </span>
    </p>
   </div>
   <div class='ocr_carea' id='block_1_86' title="bbox 1844 4224 3460 4305">
    <p class='ocr_par' dir='ltr' id='par_1_86' title="bbox 1844 4224 3460 4305">
     <span class='ocr_line' id='line_1_86' title="bbox 1844 4224 3460 4305; baseline 0.008 -26"><span class='ocrx_word' id='word_1_662' title='bbox 1844 4224 2049 4281; x_wconf 81' lang='lat' dir='ltr'><strong>factum</strong></span> <span class='ocrx_word' id='word_1_663' title='bbox 2082 4226 2259 4291; x_wconf 87' lang='lat' dir='ltr'><strong>ipsum</strong></span> <span class='ocrx_word' id='word_1_664' title='bbox 2286 4241 2382 4297; x_wconf 88' lang='lat' dir='ltr'><strong>per</strong></span> <span class='ocrx_word' id='word_1_665' title='bbox 2416 4241 2475 4281; x_wconf 91' lang='lat' dir='ltr'><strong>se</strong></span> <span class='ocrx_word' id='word_1_666' title='bbox 2498 4229 2823 4283; x_wconf 88' lang='lat' dir='ltr'><strong>examinari.</strong></span> <span class='ocrx_word' id='word_1_667' title='bbox 2855 4227 3030 4286; x_wconf 90' lang='lat' dir='ltr'><strong>Porro</strong></span> <span class='ocrx_word' id='word_1_668' title='bbox 3065 4229 3238 4287; x_wconf 82' lang='lat' dir='ltr'><strong>Judaei</strong></span> <span class='ocrx_word' id='word_1_669' title='bbox 3268 4250 3460 4305; x_wconf 84' lang='lat' dir='ltr'><strong>repre-</strong></span> 
     </span>
    </p>
   </div>
   <div class='ocr_carea' id='block_1_87' title="bbox 1845 4318 3462 4393">
    <p class='ocr_par' dir='ltr' id='par_1_87' title="bbox 1845 4318 3462 4393">
     <span class='ocr_line' id='line_1_87' title="bbox 1845 4318 3462 4393; baseline 0.007 -19"><span class='ocrx_word' id='word_1_670' title='bbox 1845 4320 2147 4375; x_wconf 87' lang='lat' dir='ltr'><strong>hendentes</strong></span> <span class='ocrx_word' id='word_1_671' title='bbox 2186 4335 2311 4375; x_wconf 88' lang='lat' dir='ltr'><strong>cum</strong></span> <span class='ocrx_word' id='word_1_672' title='bbox 2342 4318 2545 4376; x_wconf 82' lang='lat' dir='ltr'><strong>factum</strong></span> <span class='ocrx_word' id='word_1_673' title='bbox 2595 4322 2959 4393; x_wconf 85' lang='lat' dir='ltr'><strong>inquirerent,</strong></span> <span class='ocrx_word' id='word_1_674' title='bbox 3006 4325 3197 4381; x_wconf 88' lang='lat' dir='ltr'><strong>multis</strong></span> <span class='ocrx_word' id='word_1_675' title='bbox 3245 4342 3462 4385; x_wconf 86' lang='lat' dir='ltr'><strong>sermo-</strong></span> 
     </span>
    </p>
   </div>
   <div class='ocr_carea' id='block_1_88' title="bbox 1836 4413 2791 4474">
    <p class='ocr_par' dir='ltr' id='par_1_88' title="bbox 1836 4413 2791 4474">
     <span class='ocr_line' id='line_1_88' title="bbox 1836 4413 2791 4474; baseline 0.012 -11"><span class='ocrx_word' id='word_1_676' title='bbox 1836 4414 2011 4471; x_wconf 89' lang='lat' dir='ltr'><strong>nibus</strong></span> <span class='ocrx_word' id='word_1_677' title='bbox 2045 4414 2316 4470; x_wconf 86' lang='lat' dir='ltr'><strong>celebrius</strong></span> <span class='ocrx_word' id='word_1_678' title='bbox 2346 4413 2501 4469; x_wconf 85' lang='lat' dir='ltr'><strong>illud</strong></span> <span class='ocrx_word' id='word_1_679' title='bbox 2534 4417 2791 4474; x_wconf 88' lang='lat' dir='ltr'><strong>reddunt.</strong></span> 
     </span>
    </p>
   </div>
   <div class='ocr_carea' id='block_1_89' title="bbox 1920 4504 3459 4579">
    <p class='ocr_par' dir='ltr' id='par_1_89' title="bbox 1920 4504 3459 4579">
     <span class='ocr_line' id='line_1_89' title="bbox 1920 4504 3459 4579; baseline 0.003 -18"><span class='ocrx_word' id='word_1_680' title='bbox 1920 4505 2087 4563; x_wconf 70' lang='lat' dir='ltr'><strong>Vens.</strong></span> <span class='ocrx_word' id='word_1_681' title='bbox 2124 4506 2287 4563; x_wconf 55' lang='lat'><strong>“.16</strong></span> <span class='ocrx_word' id='word_1_682' title='bbox 2318 4526 2337 4559; x_wconf 78' lang='grc' dir='ltr'><strong>ι</strong></span> <span class='ocrx_word' id='word_1_683' title='bbox 2373 4504 2570 4562; x_wconf 84' lang='lat' dir='ltr'><strong>Postea</strong></span> <span class='ocrx_word' id='word_1_684' title='bbox 2603 4524 2729 4562; x_wconf 83' lang='lat' dir='ltr'><strong>eum</strong></span> <span class='ocrx_word' id='word_1_685' title='bbox 2776 4509 2979 4579; x_wconf 84' lang='lat' dir='ltr'><strong>reperit</strong></span> <span class='ocrx_word' id='word_1_686' title='bbox 3021 4508 3183 4567; x_wconf 83' lang='lat' dir='ltr'><strong>Jesus</strong></span> <span class='ocrx_word' id='word_1_687' title='bbox 3216 4513 3268 4566; x_wconf 91' lang='lat' dir='ltr'><strong>in</strong></span> <span class='ocrx_word' id='word_1_688' title='bbox 3316 4524 3459 4568; x_wconf 87' lang='lat' dir='ltr'><strong>tem-</strong></span> 
     </span>
    </p>
   </div>
   <div class='ocr_carea' id='block_1_90' title="bbox 1848 4600 3464 4676">
    <p class='ocr_par' dir='ltr' id='par_1_90' title="bbox 1848 4600 3464 4676">
     <span class='ocr_line' id='line_1_90' title="bbox 1848 4600 3464 4676; baseline 0.004 -21"><span class='ocrx_word' id='word_1_689' title='bbox 1848 4602 1961 4674; x_wconf 83' lang='grc' dir='ltr'>ιιιο,</span> <span class='ocrx_word' id='word_1_690' title='bbox 1991 4611 2046 4656; x_wconf 91' lang='lat' dir='ltr'><strong>et</strong></span> <span class='ocrx_word' id='word_1_691' title='bbox 2074 4600 2213 4656; x_wconf 85' lang='lat' dir='ltr'><strong>dixit</strong></span> <span class='ocrx_word' id='word_1_692' title='bbox 2242 4602 2291 4655; x_wconf 90' lang='lat' dir='ltr'><strong>ei</strong></span> <span class='ocrx_word' id='word_1_693' title='bbox 2320 4616 2334 4654; x_wconf 92' lang='lat'><strong>:</strong></span> <span class='ocrx_word' id='word_1_694' title='bbox 2373 4600 2513 4656; x_wconf 88' lang='lat' dir='ltr'><strong>Ecce</strong></span> <span class='ocrx_word' id='word_1_695' title='bbox 2546 4616 2715 4658; x_wconf 88' lang='lat' dir='ltr'><strong>sanus</strong></span> <span class='ocrx_word' id='word_1_696' title='bbox 2763 4600 2944 4657; x_wconf 80' lang='lat' dir='ltr'><strong>iactus</strong></span> <span class='ocrx_word' id='word_1_697' title='bbox 2969 4617 3032 4659; x_wconf 90' lang='lat' dir='ltr'><strong>es</strong></span> <span class='ocrx_word' id='word_1_698' title='bbox 3075 4618 3188 4659; x_wconf 91' lang='lat' dir='ltr'><strong>:ne</strong></span> <span class='ocrx_word' id='word_1_699' title='bbox 3231 4608 3464 4676; x_wconf 79' lang='lat' dir='ltr'><strong>posthac</strong></span> 
     </span>
    </p>
   </div>
   <div class='ocr_carea' id='block_1_91' title="bbox 132 4685 1730 4771">
    <p class='ocr_par' dir='ltr' id='par_1_91' title="bbox 132 4697 1730 4771">
     <span class='ocr_line' id='line_1_91' title="bbox 132 4697 1730 4771; baseline 0 -17"><span class='ocrx_word' id='word_1_700' title='bbox 132 4701 450 4771; x_wconf 79' lang='grc' dir='ltr'>ἁμάρτανε,</span> <span class='ocrx_word' id='word_1_701' title='bbox 479 4698 569 4752; x_wconf 69' lang='grc' dir='ltr'>ἵνα</span> <span class='ocrx_word' id='word_1_702' title='bbox 591 4697 669 4770; x_wconf 81' lang='grc' dir='ltr'>μὴ</span> <span class='ocrx_word' id='word_1_703' title='bbox 697 4698 880 4769; x_wconf 76' lang='grc' dir='ltr'>χεῖρόν</span> <span class='ocrx_word' id='word_1_704' title='bbox 904 4698 957 4751; x_wconf 92' lang='grc' dir='ltr'><strong>τί</strong></span> <span class='ocrx_word' id='word_1_705' title='bbox 976 4715 1060 4752; x_wconf 91' lang='grc' dir='ltr'><strong>σοι</strong></span> <span class='ocrx_word' id='word_1_706' title='bbox 1099 4698 1351 4769; x_wconf 83' lang='grc' dir='ltr'>γένηται.</span> <span class='ocrx_word' id='word_1_707' title='bbox 1400 4699 1675 4771; x_wconf 79' lang='grc' dir='ltr'>’Δπῆλθεν</span> <span class='ocrx_word' id='word_1_708' title='bbox 1706 4702 1730 4754; x_wconf 90' lang='lat'><strong>6</strong></span> 
     </span>
    </p>
   </div>
   <div class='ocr_carea' id='block_1_92' title="bbox 1839 4685 3465 4771">
    <p class='ocr_par' dir='ltr' id='par_1_92' title="bbox 1850 4692 3465 4768">
     <span class='ocr_line' id='line_1_92' title="bbox 1850 4692 3465 4768; baseline 0.002 -18"><span class='ocrx_word' id='word_1_709' title='bbox 1850 4698 2075 4767; x_wconf 82' lang='lat' dir='ltr'><strong>pecces,</strong></span> <span class='ocrx_word' id='word_1_710' title='bbox 2135 4708 2205 4749; x_wconf 91' lang='lat' dir='ltr'><strong>ne</strong></span> <span class='ocrx_word' id='word_1_711' title='bbox 2253 4693 2385 4765; x_wconf 78' lang='lat' dir='ltr'><strong>quid</strong></span> <span class='ocrx_word' id='word_1_712' title='bbox 2446 4692 2692 4749; x_wconf 81' lang='lat' dir='ltr'><strong>deterius</strong></span> <span class='ocrx_word' id='word_1_713' title='bbox 2758 4694 2855 4750; x_wconf 90' lang='lat' dir='ltr'><strong>tibi</strong></span> <span class='ocrx_word' id='word_1_714' title='bbox 2934 4697 3242 4768; x_wconf 86' lang='lat' dir='ltr'><strong>contingat.</strong></span> <span class='ocrx_word' id='word_1_715' title='bbox 3309 4699 3465 4755; x_wconf 78' lang='lat' dir='ltr'><strong>Abiit</strong></span> 
     </span>
    </p>
   </div>
   <div class='ocr_carea' id='block_1_93' title="bbox 132 4789 1739 4863">
    <p class='ocr_par' dir='ltr' id='par_1_93' title="bbox 132 4789 1739 4863">
     <span class='ocr_line' id='line_1_93' title="bbox 132 4789 1739 4863; baseline -0.001 -16"><span class='ocrx_word' id='word_1_716' title='bbox 132 4789 451 4862; x_wconf 72' lang='grc' dir='ltr'>ἄνθρωπος,</span> <span class='ocrx_word' id='word_1_717' title='bbox 477 4794 572 4846; x_wconf 79' lang='grc' dir='ltr'>καὶ</span> <span class='ocrx_word' id='word_1_718' title='bbox 606 4791 913 4861; x_wconf 79' lang='grc' dir='ltr'>ἀπήγγειλε</span> <span class='ocrx_word' id='word_1_719' title='bbox 942 4792 1056 4855; x_wconf 83' lang='grc' dir='ltr'>τοῖς</span> <span class='ocrx_word' id='word_1_720' title='bbox 1079 4789 1385 4855; x_wconf 86' lang='grc' dir='ltr'>Ἰουδαίοις,</span> <span class='ocrx_word' id='word_1_721' title='bbox 1416 4792 1500 4845; x_wconf 85' lang='grc' dir='ltr'><strong>δτι</strong></span> <span class='ocrx_word' id='word_1_722' title='bbox 1525 4789 1739 4863; x_wconf 83' lang='grc' dir='ltr'>Ἰησοῦς</span> 
     </span>
    </p>
   </div>
   <div class='ocr_carea' id='block_1_94' title="bbox 132 4884 1741 4956">
    <p class='ocr_par' dir='ltr' id='par_1_94' title="bbox 132 4884 1741 4956">
     <span class='ocr_line' id='line_1_94' title="bbox 132 4884 1741 4956; baseline -0.001 -16"><span class='ocrx_word' id='word_1_723' title='bbox 132 4888 291 4940; x_wconf 72' lang='grc' dir='ltr'>εστιν</span> <span class='ocrx_word' id='word_1_724' title='bbox 340 4887 369 4940; x_wconf 87' lang='lat'><strong>6</strong></span> <span class='ocrx_word' id='word_1_725' title='bbox 397 4887 633 4956; x_wconf 83' lang='grc' dir='ltr'>ποιήσας</span> <span class='ocrx_word' id='word_1_726' title='bbox 682 4884 847 4938; x_wconf 79' lang='grc' dir='ltr'>αὐτὸν</span> <span class='ocrx_word' id='word_1_727' title='bbox 875 4884 1027 4955; x_wconf 83' lang='grc' dir='ltr'>ὑγιῆ.</span> <span class='ocrx_word' id='word_1_728' title='bbox 1062 4886 1175 4938; x_wconf 77' lang='grc' dir='ltr'><strong>Καὶ</strong></span> <span class='ocrx_word' id='word_1_729' title='bbox 1202 4885 1293 4939; x_wconf 82' lang='grc' dir='ltr'><strong>διὰ</strong></span> <span class='ocrx_word' id='word_1_730' title='bbox 1321 4884 1483 4940; x_wconf 83' lang='grc' dir='ltr'>τοῦτο</span> <span class='ocrx_word' id='word_1_731' title='bbox 1512 4886 1741 4940; x_wconf 77' lang='grc' dir='ltr'>ἐδίωκον</span> 
     </span>
    </p>
   </div>
   <div class='ocr_carea' id='block_1_95' title="bbox 133 4968 1739 5050">
    <p class='ocr_par' dir='ltr' id='par_1_95' title="bbox 133 4968 1739 5050">
     <span class='ocr_line' id='line_1_95' title="bbox 133 4968 1739 5050; baseline -0.002 -15"><span class='ocrx_word' id='word_1_732' title='bbox 133 4979 229 5035; x_wconf 79' lang='grc' dir='ltr'>τὸν</span> <span class='ocrx_word' id='word_1_733' title='bbox 249 4977 463 5050; x_wconf 72' lang='grc' dir='ltr'>Ἰησοῦν</span> <span class='ocrx_word' id='word_1_734' title='bbox 493 4968 540 5031; x_wconf 78' lang='grc' dir='ltr'><strong>εί</strong></span> <span class='ocrx_word' id='word_1_735' title='bbox 582 4978 847 5043; x_wconf 82' lang='grc' dir='ltr'>Ἰουδαῖοι,</span> <span class='ocrx_word' id='word_1_736' title='bbox 873 4979 968 5034; x_wconf 80' lang='grc' dir='ltr'>καὶ</span> <span class='ocrx_word' id='word_1_737' title='bbox 996 4977 1225 5049; x_wconf 76' lang='grc' dir='ltr'>ἐζήτουν</span> <span class='ocrx_word' id='word_1_738' title='bbox 1268 4978 1434 5033; x_wconf 55' lang='grc' dir='ltr'>αὐτὴν</span> <span class='ocrx_word' id='word_1_739' title='bbox 1478 4980 1739 5033; x_wconf 75' lang='grc' dir='ltr'>ἀποκτεῐο</span> 
     </span>
    </p>
   </div>
   <div class='ocr_carea' id='block_1_96' title="bbox 134 5070 1743 5143">
    <p class='ocr_par' dir='ltr' id='par_1_96' title="bbox 134 5070 1743 5143">
     <span class='ocr_line' id='line_1_96' title="bbox 134 5070 1743 5143; baseline 0 -16"><span class='ocrx_word' id='word_1_740' title='bbox 134 5090 253 5140; x_wconf 90' lang='grc' dir='ltr'>ναι,</span> <span class='ocrx_word' id='word_1_741' title='bbox 284 5072 369 5127; x_wconf 83' lang='grc' dir='ltr'>ὃτι</span> <span class='ocrx_word' id='word_1_742' title='bbox 392 5070 569 5126; x_wconf 84' lang='grc' dir='ltr'>ταῦτα</span> <span class='ocrx_word' id='word_1_743' title='bbox 618 5070 877 5143; x_wconf 68' lang='grc' dir='ltr'>εποίησεν</span> <span class='ocrx_word' id='word_1_744' title='bbox 900 5072 958 5125; x_wconf 78' lang='grc' dir='ltr'>ὲν</span> <span class='ocrx_word' id='word_1_745' title='bbox 991 5070 1281 5141; x_wconf 74' lang='grc' dir='ltr'><strong>Σαϐϐάτῳ.</strong></span> <span class='ocrx_word' id='word_1_746' title='bbox 1319 5092 1338 5126; x_wconf 80' lang='grc' dir='ltr'><strong>ι</strong></span> <span class='ocrx_word' id='word_1_747' title='bbox 1391 5071 1489 5126; x_wconf 85' lang='grc' dir='ltr'>Ἐκ</span> <span class='ocrx_word' id='word_1_748' title='bbox 1511 5072 1606 5127; x_wconf 80' lang='grc' dir='ltr'>τοῦ</span> <span class='ocrx_word' id='word_1_749' title='bbox 1632 5072 1743 5142; x_wconf 81' lang='grc' dir='ltr'>φά-</span> 
     </span>
    </p>
   </div>
   <div class='ocr_carea' id='block_1_97' title="bbox 135 5162 1743 5236">
    <p class='ocr_par' dir='ltr' id='par_1_97' title="bbox 135 5162 1743 5236">
     <span class='ocr_line' id='line_1_97' title="bbox 135 5162 1743 5236; baseline -0.001 -17"><span class='ocrx_word' id='word_1_750' title='bbox 135 5180 230 5225; x_wconf 84' lang='grc' dir='ltr'><strong>ναι</strong></span> <span class='ocrx_word' id='word_1_751' title='bbox 259 5164 353 5218; x_wconf 81' lang='grc' dir='ltr'>τὸν</span> <span class='ocrx_word' id='word_1_752' title='bbox 375 5163 579 5236; x_wconf 85' lang='grc' dir='ltr'>Κύριον</span> <span class='ocrx_word' id='word_1_753' title='bbox 601 5162 680 5235; x_wconf 85' lang='grc' dir='ltr'>τῷ</span> <span class='ocrx_word' id='word_1_754' title='bbox 709 5163 1031 5236; x_wconf 83' lang='grc' dir='ltr'>παραλύτῳ,</span> <span class='ocrx_word' id='word_1_755' title='bbox 1070 5184 1088 5215; x_wconf 76' lang='grc' dir='ltr'><strong>ι</strong></span> <span class='ocrx_word' id='word_1_756' title='bbox 1124 5164 1254 5232; x_wconf 86' lang='grc' dir='ltr'>Ἴδε,</span> <span class='ocrx_word' id='word_1_757' title='bbox 1288 5164 1449 5235; x_wconf 84' lang='grc' dir='ltr'>ὑγιὴς</span> <span class='ocrx_word' id='word_1_758' title='bbox 1474 5166 1708 5233; x_wconf 88' lang='grc' dir='ltr'>γέγονας</span> <span class='ocrx_word' id='word_1_759' title='bbox 1726 5180 1743 5197; x_wconf 84' lang='grc'><strong>·</strong></span> 
     </span>
    </p>
   </div>
   <div class='ocr_carea' id='block_1_98' title="bbox 140 5255 1745 5330">
    <p class='ocr_par' dir='ltr' id='par_1_98' title="bbox 140 5255 1745 5330">
     <span class='ocr_line' id='line_1_98' title="bbox 140 5255 1745 5330; baseline 0.001 -20"><span class='ocrx_word' id='word_1_760' title='bbox 140 5256 349 5330; x_wconf 81' lang='grc' dir='ltr'>μηκέτι</span> <span class='ocrx_word' id='word_1_761' title='bbox 382 5256 693 5328; x_wconf 81' lang='grc' dir='ltr'>ἁμάρτανε,</span> <span class='ocrx_word' id='word_1_762' title='bbox 722 5275 742 5309; x_wconf 76' lang='grc' dir='ltr'><strong>ι</strong></span> <span class='ocrx_word' id='word_1_763' title='bbox 780 5255 1135 5328; x_wconf 80' lang='grc' dir='ltr'>μανθάνομεν</span> <span class='ocrx_word' id='word_1_764' title='bbox 1160 5256 1380 5327; x_wconf 85' lang='grc' dir='ltr'>πρῶτον</span> <span class='ocrx_word' id='word_1_765' title='bbox 1415 5256 1539 5326; x_wconf 73' lang='grc' dir='ltr'>μὲν,</span> <span class='ocrx_word' id='word_1_766' title='bbox 1571 5259 1655 5311; x_wconf 84' lang='grc' dir='ltr'>ὅτι</span> <span class='ocrx_word' id='word_1_767' title='bbox 1686 5257 1745 5325; x_wconf 80' lang='grc' dir='ltr'><strong>ὲξ</strong></span> 
     </span>
    </p>
   </div>
   <div class='ocr_carea' id='block_1_99' title="bbox 138 5349 1747 5423">
    <p class='ocr_par' dir='ltr' id='par_1_99' title="bbox 138 5349 1747 5423">
     <span class='ocr_line' id='line_1_99' title="bbox 138 5349 1747 5423; baseline 0.001 -18"><span class='ocrx_word' id='word_1_768' title='bbox 138 5351 432 5422; x_wconf 83' lang='grc' dir='ltr'>ἁμαρτιῶν</span> <span class='ocrx_word' id='word_1_769' title='bbox 458 5350 666 5422; x_wconf 70' lang='grc' dir='ltr'>ἐτέχθη,</span> <span class='ocrx_word' id='word_1_770' title='bbox 696 5349 775 5422; x_wconf 83' lang='grc' dir='ltr'><strong>τῷ</strong></span> <span class='ocrx_word' id='word_1_771' title='bbox 799 5350 1078 5421; x_wconf 80' lang='grc' dir='ltr'>ἀνθρώπῳ</span> <span class='ocrx_word' id='word_1_772' title='bbox 1103 5350 1164 5403; x_wconf 78' lang='grc' dir='ltr'>τὸ</span> <span class='ocrx_word' id='word_1_773' title='bbox 1198 5351 1417 5423; x_wconf 87' lang='grc' dir='ltr'>νόσημα</span> <span class='ocrx_word' id='word_1_774' title='bbox 1437 5367 1450 5381; x_wconf 77' lang='lat'><strong>&#39;</strong></span> <span class='ocrx_word' id='word_1_775' title='bbox 1485 5350 1747 5423; x_wconf 82' lang='grc' dir='ltr'>δεύτερον</span> 
     </span>
    </p>
   </div>
   <div class='ocr_carea' id='block_1_100' title="bbox 138 5446 1746 5525">
    <p class='ocr_par' dir='ltr' id='par_1_100' title="bbox 138 5446 1746 5525">
     <span class='ocr_line' id='line_1_100' title="bbox 138 5446 1746 5525; baseline 0.001 -24"><span class='ocrx_word' id='word_1_776' title='bbox 138 5448 220 5512; x_wconf 79' lang='grc' dir='ltr'>δὲ,</span> <span class='ocrx_word' id='word_1_777' title='bbox 245 5447 329 5501; x_wconf 87' lang='grc' dir='ltr'>ὅτι</span> <span class='ocrx_word' id='word_1_778' title='bbox 364 5447 571 5519; x_wconf 82' lang='grc' dir='ltr'>ἀληθής</span> <span class='ocrx_word' id='word_1_779' title='bbox 592 5450 620 5500; x_wconf 91' lang='lat'><strong>6</strong></span> <span class='ocrx_word' id='word_1_780' title='bbox 647 5449 778 5519; x_wconf 77' lang='grc' dir='ltr'>περὶ</span> <span class='ocrx_word' id='word_1_781' title='bbox 809 5448 912 5525; x_wconf 76' lang='grc' dir='ltr'>τῆς</span> <span class='ocrx_word' id='word_1_782' title='bbox 936 5446 1163 5516; x_wconf 81' lang='grc' dir='ltr'>γεέννης</span> <span class='ocrx_word' id='word_1_783' title='bbox 1188 5446 1371 5515; x_wconf 77' lang='grc' dir='ltr'>λόγος,</span> <span class='ocrx_word' id='word_1_784' title='bbox 1406 5448 1501 5502; x_wconf 72' lang='grc' dir='ltr'>καὶ</span> <span class='ocrx_word' id='word_1_785' title='bbox 1534 5450 1617 5503; x_wconf 87' lang='grc' dir='ltr'>ὅτι</span> <span class='ocrx_word' id='word_1_786' title='bbox 1654 5449 1746 5503; x_wconf 77' lang='grc' dir='ltr'><strong>ἀτ-</strong></span> 
     </span>
    </p>
   </div>
   <div class='ocr_carea' id='block_1_101' title="bbox 140 5540 1743 5614">
    <p class='ocr_par' dir='ltr' id='par_1_101' title="bbox 140 5540 1743 5614">
     <span class='ocr_line' id='line_1_101' title="bbox 140 5540 1743 5614; baseline 0.001 -18"><span class='ocrx_word' id='word_1_787' title='bbox 140 5542 258 5604; x_wconf 80' lang='grc' dir='ltr'>διός</span> <span class='ocrx_word' id='word_1_788' title='bbox 289 5544 495 5614; x_wconf 81' lang='grc' dir='ltr'>ὲστινή</span> <span class='ocrx_word' id='word_1_789' title='bbox 528 5542 791 5613; x_wconf 88' lang='grc' dir='ltr'>τιμωρία.</span> <span class='ocrx_word' id='word_1_790' title='bbox 824 5540 937 5595; x_wconf 81' lang='grc' dir='ltr'><strong>Ποῦ</strong></span> <span class='ocrx_word' id='word_1_791' title='bbox 968 5542 1078 5612; x_wconf 78' lang='grc' dir='ltr'><strong>γὰρ</strong></span> <span class='ocrx_word' id='word_1_792' title='bbox 1108 5542 1201 5595; x_wconf 83' lang='grc' dir='ltr'>νῦν</span> <span class='ocrx_word' id='word_1_793' title='bbox 1227 5544 1367 5595; x_wconf 75' lang='grc' dir='ltr'>εἰσιν</span> <span class='ocrx_word' id='word_1_794' title='bbox 1388 5544 1437 5595; x_wconf 81' lang='lat' dir='ltr'><strong>oi</strong></span> <span class='ocrx_word' id='word_1_795' title='bbox 1468 5543 1743 5612; x_wconf 84' lang='grc' dir='ltr'>λέγοντες,</span> 
     </span>
    </p>
   </div>
   <div class='ocr_carea' id='block_1_102' title="bbox 135 5637 1747 5711">
    <p class='ocr_par' dir='ltr' id='par_1_102' title="bbox 135 5637 1747 5711">
     <span class='ocr_line' id='line_1_102' title="bbox 135 5637 1747 5711; baseline 0.001 -18"><span class='ocrx_word' id='word_1_796' title='bbox 135 5637 228 5693; x_wconf 83' lang='grc' dir='ltr'>ὖτι</span> <span class='ocrx_word' id='word_1_797' title='bbox 272 5638 361 5692; x_wconf 87' lang='grc' dir='ltr'><strong>Ἐν</strong></span> <span class='ocrx_word' id='word_1_798' title='bbox 391 5639 492 5711; x_wconf 75' lang='grc' dir='ltr'><strong>μιᾷ</strong></span> <span class='ocrx_word' id='word_1_799' title='bbox 518 5637 640 5709; x_wconf 82' lang='grc' dir='ltr'><strong>ὥρᾳ</strong></span> <span class='ocrx_word' id='word_1_800' title='bbox 681 5637 1012 5709; x_wconf 82' lang='grc' dir='ltr'>ὲπόρνευσα,</span> <span class='ocrx_word' id='word_1_801' title='bbox 1055 5639 1149 5690; x_wconf 80' lang='grc' dir='ltr'>καὶ</span> <span class='ocrx_word' id='word_1_802' title='bbox 1198 5638 1316 5702; x_wconf 81' lang='grc' dir='ltr'>πῶς</span> <span class='ocrx_word' id='word_1_803' title='bbox 1362 5637 1611 5693; x_wconf 85' lang='grc' dir='ltr'>ἀθάνατα</span> <span class='ocrx_word' id='word_1_804' title='bbox 1652 5656 1747 5694; x_wconf 89' lang='grc' dir='ltr'>κο-</span> 
     </span>
    </p>
   </div>
   <div class='ocr_carea' id='block_1_103' title="bbox 141 5726 1745 5803">
    <p class='ocr_par' dir='ltr' id='par_1_103' title="bbox 141 5726 1745 5803">
     <span class='ocr_line' id='line_1_103' title="bbox 141 5726 1745 5803; baseline 0.001 -18"><span class='ocrx_word' id='word_1_805' title='bbox 141 5730 532 5803; x_wconf 87' lang='grc' dir='ltr'>λασθήσομαι;</span> <span class='ocrx_word' id='word_1_806' title='bbox 574 5730 707 5785; x_wconf 84' lang='grc' dir='ltr'>Ἰδοὺ</span> <span class='ocrx_word' id='word_1_807' title='bbox 736 5732 847 5801; x_wconf 68' lang='grc' dir='ltr'><strong>γὰρ</strong></span> <span class='ocrx_word' id='word_1_808' title='bbox 884 5732 979 5784; x_wconf 78' lang='grc' dir='ltr'>καὶ</span> <span class='ocrx_word' id='word_1_809' title='bbox 1021 5726 1181 5791; x_wconf 74' lang='grc' dir='ltr'>οὗτος</span> <span class='ocrx_word' id='word_1_810' title='bbox 1224 5733 1327 5784; x_wconf 78' lang='grc' dir='ltr'>οὐκ</span> <span class='ocrx_word' id='word_1_811' title='bbox 1362 5735 1421 5785; x_wconf 83' lang='grc' dir='ltr'>ὲν</span> <span class='ocrx_word' id='word_1_812' title='bbox 1464 5731 1745 5799; x_wconf 72' lang='grc' dir='ltr'>τοσούτοις</span> 
     </span>
    </p>
   </div>
   <div class='ocr_carea' id='block_1_104' title="bbox 143 5824 1749 5901">
    <p class='ocr_par' dir='ltr' id='par_1_104' title="bbox 143 5824 1749 5901">
     <span class='ocr_line' id='line_1_104' title="bbox 143 5824 1749 5901; baseline 0.002 -21"><span class='ocrx_word' id='word_1_813' title='bbox 143 5825 400 5898; x_wconf 77' lang='grc' dir='ltr'>ήμαρτεν</span> <span class='ocrx_word' id='word_1_814' title='bbox 429 5825 633 5891; x_wconf 74' lang='grc' dir='ltr'>ἔτεσιν,</span> <span class='ocrx_word' id='word_1_815' title='bbox 685 5826 743 5878; x_wconf 72' lang='grc' dir='ltr'>ὲν</span> <span class='ocrx_word' id='word_1_816' title='bbox 773 5824 920 5888; x_wconf 84' lang='grc' dir='ltr'>ὅσοις</span> <span class='ocrx_word' id='word_1_817' title='bbox 963 5825 1278 5893; x_wconf 71' lang='grc' dir='ltr'>ὶκολὰζετο,</span> <span class='ocrx_word' id='word_1_818' title='bbox 1310 5826 1427 5880; x_wconf 85' lang='grc' dir='ltr'>ἀλλ’</span> <span class='ocrx_word' id='word_1_819' title='bbox 1451 5828 1749 5901; x_wconf 85' lang='grc' dir='ltr'>ὁλόκληρον</span> 
     </span>
    </p>
   </div>
   <div class='ocr_carea' id='block_1_105' title="bbox 1846 4787 3459 4865">
    <p class='ocr_par' dir='ltr' id='par_1_105' title="bbox 1846 4787 3459 4865">
     <span class='ocr_line' id='line_1_105' title="bbox 1846 4787 3459 4865; baseline 0.002 -20"><span class='ocrx_word' id='word_1_820' title='bbox 1846 4790 1935 4845; x_wconf 92' lang='lat' dir='ltr'><strong>ille</strong></span> <span class='ocrx_word' id='word_1_821' title='bbox 1960 4791 2211 4855; x_wconf 90' lang='lat' dir='ltr'><strong>homo,et</strong></span> <span class='ocrx_word' id='word_1_822' title='bbox 2238 4789 2510 4844; x_wconf 89' lang='lat' dir='ltr'><strong>nuntiavit</strong></span> <span class='ocrx_word' id='word_1_823' title='bbox 2537 4787 2740 4844; x_wconf 77' lang='lat' dir='ltr'><strong>Judaeis</strong></span> <span class='ocrx_word' id='word_1_824' title='bbox 2775 4790 2922 4860; x_wconf 89' lang='lat' dir='ltr'><strong>quod</strong></span> <span class='ocrx_word' id='word_1_825' title='bbox 2965 4788 3129 4847; x_wconf 82' lang='lat' dir='ltr'><strong>Jesus</strong></span> <span class='ocrx_word' id='word_1_826' title='bbox 3173 4803 3322 4849; x_wconf 86' lang='lat' dir='ltr'><strong>esset</strong></span> <span class='ocrx_word' id='word_1_827' title='bbox 3365 4796 3459 4865; x_wconf 91' lang='lat' dir='ltr'><strong>qui</strong></span> 
     </span>
    </p>
   </div>
   <div class='ocr_carea' id='block_1_106' title="bbox 1847 4884 3465 4960">
    <p class='ocr_par' dir='ltr' id='par_1_106' title="bbox 1847 4884 3465 4960">
     <span class='ocr_line' id='line_1_106' title="bbox 1847 4884 3465 4960; baseline 0.002 -19"><span class='ocrx_word' id='word_1_828' title='bbox 1847 4888 2024 4954; x_wconf 86' lang='lat' dir='ltr'><strong>ipsum</strong></span> <span class='ocrx_word' id='word_1_829' title='bbox 2059 4884 2281 4941; x_wconf 80' lang='lat' dir='ltr'><strong>fecisset</strong></span> <span class='ocrx_word' id='word_1_830' title='bbox 2308 4899 2528 4941; x_wconf 88' lang='lat' dir='ltr'><strong>sanum.</strong></span> <span class='ocrx_word' id='word_1_831' title='bbox 2552 4884 2615 4940; x_wconf 88' lang='lat' dir='ltr'><strong>Et</strong></span> <span class='ocrx_word' id='word_1_832' title='bbox 2647 4895 2871 4959; x_wconf 84' lang='lat' dir='ltr'><strong>propter</strong></span> <span class='ocrx_word' id='word_1_833' title='bbox 2897 4887 3000 4943; x_wconf 91' lang='lat' dir='ltr'><strong>hoc</strong></span> <span class='ocrx_word' id='word_1_834' title='bbox 3052 4889 3465 4960; x_wconf 83' lang='lat' dir='ltr'><strong>persequeban-</strong></span> 
     </span>
    </p>
   </div>
   <div class='ocr_carea' id='block_1_107' title="bbox 1849 4977 3460 5053">
    <p class='ocr_par' dir='ltr' id='par_1_107' title="bbox 1849 4977 3460 5053">
     <span class='ocr_line' id='line_1_107' title="bbox 1849 4977 3460 5053; baseline 0.002 -19"><span class='ocrx_word' id='word_1_835' title='bbox 1849 4991 1935 5035; x_wconf 90' lang='lat' dir='ltr'><strong>tur</strong></span> <span class='ocrx_word' id='word_1_836' title='bbox 1964 4978 2136 5035; x_wconf 72' lang='grc' dir='ltr'><strong>«ἰυάωί</strong></span> <span class='ocrx_word' id='word_1_837' title='bbox 2168 4977 2379 5045; x_wconf 79' lang='lat' dir='ltr'><strong>Jesum,</strong></span> <span class='ocrx_word' id='word_1_838' title='bbox 2410 4989 2465 5034; x_wconf 88' lang='lat' dir='ltr'><strong>et</strong></span> <span class='ocrx_word' id='word_1_839' title='bbox 2496 4978 2820 5051; x_wconf 71' lang='lat' dir='ltr'><strong>qumrebant</strong></span> <span class='ocrx_word' id='word_1_840' title='bbox 2854 4994 2980 5034; x_wconf 88' lang='lat' dir='ltr'><strong>eum</strong></span> <span class='ocrx_word' id='word_1_841' title='bbox 3012 4982 3288 5048; x_wconf 87' lang='lat' dir='ltr'><strong>occidere,</strong></span> <span class='ocrx_word' id='word_1_842' title='bbox 3316 4983 3460 5053; x_wconf 84' lang='lat' dir='ltr'><strong>quod</strong></span> 
     </span>
    </p>
   </div>
   <div class='ocr_carea' id='block_1_108' title="bbox 1848 5073 3487 5147">
    <p class='ocr_par' dir='ltr' id='par_1_108' title="bbox 1848 5073 3487 5147">
     <span class='ocr_line' id='line_1_108' title="bbox 1848 5073 3487 5147; baseline 0.001 -18"><span class='ocrx_word' id='word_1_843' title='bbox 1848 5076 1954 5130; x_wconf 89' lang='lat' dir='ltr'><strong>ista</strong></span> <span class='ocrx_word' id='word_1_844' title='bbox 1985 5074 2206 5129; x_wconf 82' lang='lat' dir='ltr'><strong>iecisset</strong></span> <span class='ocrx_word' id='word_1_845' title='bbox 2237 5073 2292 5129; x_wconf 95' lang='lat' dir='ltr'><strong>in</strong></span> <span class='ocrx_word' id='word_1_846' title='bbox 2320 5074 2619 5128; x_wconf 62' lang='lat' dir='ltr'><strong>Sabbato.»</strong></span> <span class='ocrx_word' id='word_1_847' title='bbox 2666 5073 2743 5128; x_wconf 86' lang='lat' dir='ltr'><strong>Ex</strong></span> <span class='ocrx_word' id='word_1_848' title='bbox 2781 5090 2847 5129; x_wconf 90' lang='lat' dir='ltr'><strong>eo</strong></span> <span class='ocrx_word' id='word_1_849' title='bbox 2873 5075 3020 5146; x_wconf 89' lang='lat' dir='ltr'><strong>quod</strong></span> <span class='ocrx_word' id='word_1_850' title='bbox 3068 5077 3337 5134; x_wconf 84' lang='lat' dir='ltr'><strong>Dominus</strong></span> <span class='ocrx_word' id='word_1_851' title='bbox 3369 5094 3487 5147; x_wconf 69' lang='lat' dir='ltr'><strong>pa-,</strong></span> 
     </span>
    </p>
   </div>
   <div class='ocr_carea' id='block_1_109' title="bbox 1850 5164 3467 5242">
    <p class='ocr_par' dir='ltr' id='par_1_109' title="bbox 1850 5164 3467 5242">
     <span class='ocr_line' id='line_1_109' title="bbox 1850 5164 3467 5242; baseline 0.002 -21"><span class='ocrx_word' id='word_1_852' title='bbox 1850 5168 2081 5239; x_wconf 88' lang='lat' dir='ltr'><strong>ralytico</strong></span> <span class='ocrx_word' id='word_1_853' title='bbox 2108 5167 2243 5220; x_wconf 85' lang='lat' dir='ltr'><strong>dixit</strong></span> <span class='ocrx_word' id='word_1_854' title='bbox 2274 5185 2290 5223; x_wconf 90' lang='lat'><strong>:</strong></span> <span class='ocrx_word' id='word_1_855' title='bbox 2334 5186 2352 5218; x_wconf 84' lang='grc' dir='ltr'><strong>ε</strong></span> <span class='ocrx_word' id='word_1_856' title='bbox 2388 5164 2542 5233; x_wconf 86' lang='lat' dir='ltr'><strong>Vide,</strong></span> <span class='ocrx_word' id='word_1_857' title='bbox 2568 5181 2736 5223; x_wconf 82' lang='lat' dir='ltr'><strong>sanus</strong></span> <span class='ocrx_word' id='word_1_858' title='bbox 2779 5167 2956 5224; x_wconf 77' lang='lat' dir='ltr'><strong>factus</strong></span> <span class='ocrx_word' id='word_1_859' title='bbox 2981 5184 3077 5231; x_wconf 83' lang='lat' dir='ltr'><strong>es:</strong></span> <span class='ocrx_word' id='word_1_860' title='bbox 3118 5185 3187 5225; x_wconf 89' lang='lat' dir='ltr'><strong>ne</strong></span> <span class='ocrx_word' id='word_1_861' title='bbox 3233 5172 3467 5242; x_wconf 71' lang='lat' dir='ltr'><strong>posthac</strong></span> 
     </span>
    </p>
   </div>
   <div class='ocr_carea' id='block_1_110' title="bbox 1851 5262 3469 5335">
    <p class='ocr_par' dir='ltr' id='par_1_110' title="bbox 1851 5262 3469 5335">
     <span class='ocr_line' id='line_1_110' title="bbox 1851 5262 3469 5335; baseline 0.002 -18"><span class='ocrx_word' id='word_1_862' title='bbox 1851 5276 2065 5333; x_wconf 85' lang='lat' dir='ltr'><strong>pecces,</strong></span> <span class='ocrx_word' id='word_1_863' title='bbox 2105 5280 2123 5313; x_wconf 76' lang='grc' dir='ltr'><strong>ι</strong></span> <span class='ocrx_word' id='word_1_864' title='bbox 2172 5262 2409 5332; x_wconf 90' lang='lat' dir='ltr'><strong>primum</strong></span> <span class='ocrx_word' id='word_1_865' title='bbox 2470 5262 2693 5332; x_wconf 88' lang='lat' dir='ltr'><strong>quidem</strong></span> <span class='ocrx_word' id='word_1_866' title='bbox 2740 5263 3025 5332; x_wconf 90' lang='lat' dir='ltr'><strong>discimus,</strong></span> <span class='ocrx_word' id='word_1_867' title='bbox 3095 5279 3165 5319; x_wconf 84' lang='lat' dir='ltr'><strong>ex</strong></span> <span class='ocrx_word' id='word_1_868' title='bbox 3227 5266 3469 5335; x_wconf 83' lang='lat' dir='ltr'><strong>peccatis</strong></span> 
     </span>
    </p>
   </div>
   <div class='ocr_carea' id='block_1_111' title="bbox 1852 5355 3467 5424">
    <p class='ocr_par' dir='ltr' id='par_1_111' title="bbox 1852 5355 3467 5424">
     <span class='ocr_line' id='line_1_111' title="bbox 1852 5355 3467 5424; baseline 0.001 -12"><span class='ocrx_word' id='word_1_869' title='bbox 1852 5366 2009 5412; x_wconf 89' lang='lat' dir='ltr'><strong>natos</strong></span> <span class='ocrx_word' id='word_1_870' title='bbox 2052 5356 2335 5411; x_wconf 90' lang='lat' dir='ltr'><strong>hominum</strong></span> <span class='ocrx_word' id='word_1_871' title='bbox 2381 5356 2631 5424; x_wconf 88' lang='lat' dir='ltr'><strong>morbos,</strong></span> <span class='ocrx_word' id='word_1_872' title='bbox 2665 5355 2865 5411; x_wconf 90' lang='lat' dir='ltr'><strong>deinde</strong></span> <span class='ocrx_word' id='word_1_873' title='bbox 2912 5372 3044 5413; x_wconf 88' lang='lat' dir='ltr'><strong>vera</strong></span> <span class='ocrx_word' id='word_1_874' title='bbox 3086 5359 3340 5415; x_wconf 84' lang='lat' dir='ltr'><strong>enarrari</strong></span> <span class='ocrx_word' id='word_1_875' title='bbox 3399 5363 3467 5414; x_wconf 74' lang='lat' dir='ltr'><strong>de</strong></span> 
     </span>
    </p>
   </div>
   <div class='ocr_carea' id='block_1_112' title="bbox 1853 5450 3466 5522">
    <p class='ocr_par' dir='ltr' id='par_1_112' title="bbox 1853 5450 3466 5522">
     <span class='ocr_line' id='line_1_112' title="bbox 1853 5450 3466 5522; baseline 0.002 -18"><span class='ocrx_word' id='word_1_876' title='bbox 1853 5451 2125 5522; x_wconf 83' lang='lat' dir='ltr'><strong>gehenna,</strong></span> <span class='ocrx_word' id='word_1_877' title='bbox 2191 5460 2569 5521; x_wconf 63' lang='lat' dir='ltr'><strong>asternumqne</strong></span> <span class='ocrx_word' id='word_1_878' title='bbox 2623 5465 2747 5506; x_wconf 86' lang='lat' dir='ltr'><strong>esse</strong></span> <span class='ocrx_word' id='word_1_879' title='bbox 2798 5450 3149 5521; x_wconf 82' lang='lat' dir='ltr'><strong>supplicium.</strong></span> <span class='ocrx_word' id='word_1_880' title='bbox 3206 5452 3326 5510; x_wconf 80' lang='lat' dir='ltr'><strong>Jam</strong></span> <span class='ocrx_word' id='word_1_881' title='bbox 3373 5454 3466 5507; x_wconf 70' lang='lat' dir='ltr'><strong>nlai</strong></span> 
     </span>
    </p>
   </div>
   <div class='ocr_carea' id='block_1_113' title="bbox 1857 5546 3473 5617">
    <p class='ocr_par' dir='ltr' id='par_1_113' title="bbox 1857 5546 3473 5617">
     <span class='ocr_line' id='line_1_113' title="bbox 1857 5546 3473 5617; baseline 0.002 -16"><span class='ocrx_word' id='word_1_882' title='bbox 1857 5561 2003 5601; x_wconf 86' lang='lat' dir='ltr'><strong>nunc</strong></span> <span class='ocrx_word' id='word_1_883' title='bbox 2034 5554 2163 5602; x_wconf 89' lang='lat' dir='ltr'><strong>sunt</strong></span> <span class='ocrx_word' id='word_1_884' title='bbox 2194 5548 2284 5617; x_wconf 87' lang='lat' dir='ltr'><strong>qui</strong></span> <span class='ocrx_word' id='word_1_885' title='bbox 2314 5547 2501 5601; x_wconf 91' lang='lat' dir='ltr'><strong>dicunt</strong></span> <span class='ocrx_word' id='word_1_886' title='bbox 2537 5563 2551 5598; x_wconf 90' lang='lat'>:</span> <span class='ocrx_word' id='word_1_887' title='bbox 2586 5546 2683 5615; x_wconf 63' lang='lat' dir='ltr'><strong>jAd</strong></span> <span class='ocrx_word' id='word_1_888' title='bbox 2716 5561 2878 5601; x_wconf 88' lang='lat' dir='ltr'><strong>unam</strong></span> <span class='ocrx_word' id='word_1_889' title='bbox 2914 5547 3108 5603; x_wconf 84' lang='lat' dir='ltr'><strong>horam</strong></span> <span class='ocrx_word' id='word_1_890' title='bbox 3148 5549 3347 5605; x_wconf 81' lang='lat' dir='ltr'><strong>indulsi</strong></span> <span class='ocrx_word' id='word_1_891' title='bbox 3392 5549 3473 5604; x_wconf 82' lang='lat' dir='ltr'><strong>rri</strong></span> 
     </span>
    </p>
   </div>
   <div class='ocr_carea' id='block_1_114' title="bbox 1860 5642 3476 5713">
    <p class='ocr_par' dir='ltr' id='par_1_114' title="bbox 1860 5642 3476 5713">
     <span class='ocr_line' id='line_1_114' title="bbox 1860 5642 3476 5713; baseline 0.004 -19"><span class='ocrx_word' id='word_1_892' title='bbox 1860 5654 2128 5706; x_wconf 62' lang='lat' dir='ltr'><strong>venereae,</strong></span> <span class='ocrx_word' id='word_1_893' title='bbox 2186 5642 2462 5709; x_wconf 90' lang='lat' dir='ltr'><strong>quomodo</strong></span> <span class='ocrx_word' id='word_1_894' title='bbox 2520 5642 2573 5694; x_wconf 89' lang='lat' dir='ltr'><strong>in</strong></span> <span class='ocrx_word' id='word_1_895' title='bbox 2636 5652 2956 5711; x_wconf 89' lang='lat' dir='ltr'><strong>perpetuum</strong></span> <span class='ocrx_word' id='word_1_896' title='bbox 3036 5644 3267 5713; x_wconf 78' lang='lat' dir='ltr'><strong>puniar?</strong></span> <span class='ocrx_word' id='word_1_897' title='bbox 3329 5642 3476 5701; x_wconf 87' lang='lat' dir='ltr'><strong>Ecce</strong></span> 
     </span>
    </p>
   </div>
   <div class='ocr_carea' id='block_1_115' title="bbox 1859 5735 3476 5809">
    <p class='ocr_par' dir='ltr' id='par_1_115' title="bbox 1859 5735 3476 5809">
     <span class='ocr_line' id='line_1_115' title="bbox 1859 5735 3476 5809; baseline -0.001 -18"><span class='ocrx_word' id='word_1_898' title='bbox 1859 5736 2005 5791; x_wconf 92' lang='lat' dir='ltr'><strong>enim</strong></span> <span class='ocrx_word' id='word_1_899' title='bbox 2041 5736 2211 5790; x_wconf 87' lang='lat' dir='ltr'><strong>etiam</strong></span> <span class='ocrx_word' id='word_1_900' title='bbox 2245 5735 2333 5789; x_wconf 92' lang='lat' dir='ltr'><strong>hic</strong></span> <span class='ocrx_word' id='word_1_901' title='bbox 2368 5750 2475 5789; x_wconf 91' lang='lat' dir='ltr'><strong>non</strong></span> <span class='ocrx_word' id='word_1_902' title='bbox 2509 5744 2589 5791; x_wconf 89' lang='lat' dir='ltr'><strong>tot</strong></span> <span class='ocrx_word' id='word_1_903' title='bbox 2618 5736 2777 5790; x_wconf 89' lang='lat' dir='ltr'><strong>annis</strong></span> <span class='ocrx_word' id='word_1_904' title='bbox 2818 5748 3143 5807; x_wconf 83' lang='lat' dir='ltr'><strong>peccaverat</strong></span> <span class='ocrx_word' id='word_1_905' title='bbox 3181 5749 3317 5808; x_wconf 91' lang='lat' dir='ltr'><strong>quot</strong></span> <span class='ocrx_word' id='word_1_906' title='bbox 3367 5754 3476 5809; x_wconf 83' lang='lat' dir='ltr'><strong>pn-</strong></span> 
     </span>
    </p>
   </div>
   <div class='ocr_carea' id='block_1_116' title="bbox 1863 5828 3469 5901">
    <p class='ocr_par' dir='ltr' id='par_1_116' title="bbox 1863 5828 3469 5901">
     <span class='ocr_line' id='line_1_116' title="bbox 1863 5828 3469 5901; baseline 0.002 -15"><span class='ocrx_word' id='word_1_907' title='bbox 1863 5830 2141 5895; x_wconf 87' lang='lat' dir='ltr'><strong>uiebatur,</strong></span> <span class='ocrx_word' id='word_1_908' title='bbox 2204 5829 2301 5885; x_wconf 89' lang='lat' dir='ltr'><strong>sed</strong></span> <span class='ocrx_word' id='word_1_909' title='bbox 2345 5828 2519 5886; x_wconf 76' lang='lat' dir='ltr'><strong>ferme</strong></span> <span class='ocrx_word' id='word_1_910' title='bbox 2573 5829 2843 5901; x_wconf 84' lang='lat' dir='ltr'><strong>integram</strong></span> <span class='ocrx_word' id='word_1_911' title='bbox 2912 5832 3153 5887; x_wconf 87' lang='lat' dir='ltr'><strong>hominis</strong></span> <span class='ocrx_word' id='word_1_912' title='bbox 3203 5833 3372 5887; x_wconf 86' lang='lat' dir='ltr'><strong>vitam</strong></span> <span class='ocrx_word' id='word_1_913' title='bbox 3418 5834 3469 5889; x_wconf 92' lang='lat' dir='ltr'><strong>in</strong></span> 
     </span>
    </p>
   </div>
   <div class='ocr_carea' id='block_1_117' title="bbox 223 5944 3475 6020">
    <p class='ocr_par' dir='ltr' id='par_1_117' title="bbox 223 5944 3475 6020">
     <span class='ocr_line' id='line_1_117' title="bbox 223 5944 3475 6020; baseline 0 -17"><span class='ocrx_word' id='word_1_914' title='bbox 223 5948 302 6020; x_wconf 81' lang='grc' dir='ltr'>(ιι)</span> <span class='ocrx_word' id='word_1_915' title='bbox 331 5946 471 6001; x_wconf 84' lang='lat' dir='ltr'><strong>Edit.</strong></span> <span class='ocrx_word' id='word_1_916' title='bbox 496 5945 647 6009; x_wconf 87' lang='lat' dir='ltr'><strong>Lut.,</strong></span> <span class='ocrx_word' id='word_1_917' title='bbox 691 5946 775 6001; x_wconf 78' lang='lat' dir='ltr'><strong>Me</strong></span> <span class='ocrx_word' id='word_1_918' title='bbox 797 5948 949 6016; x_wconf 82' lang='lat' dir='ltr'><strong>jubes</strong></span> <span class='ocrx_word' id='word_1_919' title='bbox 990 5964 1223 6019; x_wconf 68' lang='lat' dir='ltr'><strong>surge&quot;,</strong></span> <span class='ocrx_word' id='word_1_920' title='bbox 1246 5948 1335 6017; x_wconf 81' lang='lat' dir='ltr'><strong>qui</strong></span> <span class='ocrx_word' id='word_1_921' title='bbox 1362 5962 1500 6002; x_wconf 86' lang='lat' dir='ltr'><strong>nunc</strong></span> <span class='ocrx_word' id='word_1_922' title='bbox 1527 5948 1745 6020; x_wconf 78' lang='lat' dir='ltr'><strong>triginta</strong></span> <span class='ocrx_word' id='word_1_923' title='bbox 1784 5960 1900 6004; x_wconf 82' lang='lat' dir='ltr'><strong>octo</strong></span> <span class='ocrx_word' id='word_1_924' title='bbox 1929 5964 2096 6003; x_wconf 86' lang='lat' dir='ltr'><strong>annos</strong></span> <span class='ocrx_word' id='word_1_925' title='bbox 2121 5944 2365 6015; x_wconf 75' lang='lat' dir='ltr'><strong>habeam,</strong></span> <span class='ocrx_word' id='word_1_926' title='bbox 2432 5955 2480 6001; x_wconf 78' lang='lat' dir='ltr'><strong>et</strong></span> <span class='ocrx_word' id='word_1_927' title='bbox 2511 5945 2737 6002; x_wconf 80' lang='lat' dir='ltr'><strong>salutent</strong></span> <span class='ocrx_word' id='word_1_928' title='bbox 2775 5964 3047 6019; x_wconf 80' lang='lat' dir='ltr'><strong>nunquam</strong></span> <span class='ocrx_word' id='word_1_929' title='bbox 3115 5948 3216 6002; x_wconf 86' lang='lat' dir='ltr'><strong>sim</strong></span> <span class='ocrx_word' id='word_1_930' title='bbox 3261 5963 3475 6004; x_wconf 71' lang='lat' dir='ltr'><strong>assecu-</strong></span> 
     </span>
    </p>
   </div>
   <div class='ocr_carea' id='block_1_118' title="bbox 82 6020 1035 6090">
    <p class='ocr_par' dir='ltr' id='par_1_118' title="bbox 82 6020 1035 6090">
     <span class='ocr_line' id='line_1_118' title="bbox 82 6020 1035 6090; baseline -0.004 -15"><span class='ocrx_word' id='word_1_931' title='bbox 82 6048 85 6049; x_wconf 52' lang='grc' dir='ltr'><strong>ν</strong></span> <span class='ocrx_word' id='word_1_932' title='bbox 150 6032 275 6086; x_wconf 85' lang='lat' dir='ltr'><strong>tus;</strong></span> <span class='ocrx_word' id='word_1_933' title='bbox 308 6030 353 6075; x_wconf 78' lang='lat' dir='ltr'><strong>et</strong></span> <span class='ocrx_word' id='word_1_934' title='bbox 382 6020 451 6075; x_wconf 75' lang='lat' dir='ltr'><strong>sit</strong></span> <span class='ocrx_word' id='word_1_935' title='bbox 483 6030 688 6090; x_wconf 76' lang='lat' dir='ltr'><strong>repente</strong></span> <span class='ocrx_word' id='word_1_936' title='bbox 718 6034 984 6089; x_wconf 71' lang='lat' dir='ltr'><strong>surgerent</strong></span> <span class='ocrx_word' id='word_1_937' title='bbox 1014 6020 1035 6071; x_wconf 81' lang='lat'><em>?</em></span> 
     </span>
    </p>
   </div>
  </div>
