3936 6398
527 405 545 470 l
557 403 661 468 263

1423 403 2009 465 TlllﬁOPll'YLACTl
2055 403 2473 466 BULGARLE
2510 403 2868 467 ARClIiEP.

3709 397 3828 462 l'Zii-l

502 521 754 592 supplicii
789 534 1094 576 mensuram
1126 519 1671 591 aruplmuﬁmpcndit.
1710 519 1856 575 Sane
1876 531 2098 589 peccata

2206 520 2503 590 ἀνθρώπου
2563 520 2679 592 βίον
2711 521 2900 593 σχεδὸν
2945 519 3229 590 ἦνάλωσεν
3281 522 3338 573 ἐν
3396 519 3475 589 τῷ
3533 518 3709 589 μήκει
3747 522 3828 584 τῇς

505 629 612 666 non
658 612 973 681 judieantur
1015 621 1282 682 tempore,
1338 613 1432 668 sed
1483 613 1600 681 ipsa
1639 613 1965 670 delictorum
2004 630 2101 668 na-

504 715 647 759 tura.
678 703 820 769 Quin
876 704 962 758 hic
990 715 1042 759 et
1067 704 1198 760 illud
1221 705 1509 772 discimus,
1543 705 1685 775 quod
1719 705 1846 762 licet
1877 722 2099 778 gravent

505 796 721 850 luamus
755 812 852 864 pro
898 798 1088 867 primis
1114 800 1354 867 peccatis
1401 814 1641 868 poenam,
1674 799 1719 852 si
1755 799 1954 854 deinde
2003 800 2103 855 ite-

514 906 630 944 rum
668 890 718 943 iu
757 891 946 944 eadem
983 891 1289 946 incidamus
1329 901 1576 960 peccata,
1629 893 1824 947 iterum
1853 893 2100 962 graviora

508 986 800 1054 patiemur,
835 984 998 1053 idque
1047 985 1263 1040 merito.
1308 984 1410 1051 Qui
1442 987 1586 1040 enim
1635 987 1804 1054 priori
1837 987 2102 1055 supplicio

503 1094 608 1132 non
651 1079 973 1132 emendatus
1015 1087 1120 1143 est,
1157 1079 1223 1132 ad
1273 1080 1477 1148 majora
1523 1089 1793 1134 tormenta
1849 1082 2099 1146 ducetur,

504 1183 761 1240 tauquam
791 1171 1103 1226 iusensatus
1166 1180 1220 1226 et
1270 1183 1634 1243 contemptor.
1682 1175 1743 1228 Et
1777 1190 1968 1243 quare,
2017 1175 2106 1230 in-

500 1265 638 1335 quit,
685 1280 791 1318 non
833 1279 1025 1320 omnes
1081 1265 1160 1320 sic
1220 1266 1561 1333 puniuntur?
1621 1266 1834 1322 Etenim
1904 1268 2103 1324 multos

501 1357 870 1426 improborum
903 1355 1148 1409 videmus
1206 1355 1343 1410 bene
1375 1355 1616 1413 valentes
1662 1373 1916 1427 corpore,
1951 1370 2005 1414 et
2047 1363 2100 1414 in

500 1448 710 1503 deliciis
749 1463 812 1502 ac
856 1447 1215 1518 prosperitate
1261 1447 1523 1506 viventes.
1587 1447 1782 1505 Verum
1823 1450 1967 1521 quod
2024 1451 2104 1506 illi

505 1540 636 1592 nihil
667 1539 754 1593 hic
782 1538 1086 1609 patiuntur,
1120 1539 1378 1595 viaticqu
1411 1542 1489 1596 eis
1514 1543 1618 1596 erit
1673 1542 1740 1596 ad
1775 1543 2102 1613 supplicium

499 1634 741 1704 gravius,
775 1638 916 1704 quod
949 1635 1074 1690 alibi
1121 1637 1317 1692 ferent.
1341 1637 1406 1692 Et
1442 1640 1542 1694 hoc
1577 1637 1778 1696 Paulus
1814 1639 2104 1696 manifeste

499 1729 714 1784 dicebat
743 1747 754 1784 :
787 1747 804 1782 ι
856 1729 990 1784 Cum
1051 1731 1195 1784 enim
1254 1729 1563 1800 judicamur
1592 1749 1620 1788 a
1652 1734 1903 1800 Domino,
1957 1752 1975 1785 ι
2017 1734 2104 1788 hic

500 1826 726 1887 scilicet,
770 1843 786 1875 ι
813 1825 1112 1892 erudimur,
1137 1834 1189 1877 ut
1219 1840 1286 1879 ne
1317 1841 1440 1880 cum
1484 1827 1584 1881 hoc
1608 1828 1809 1883 mundo
1839 1828 2099 1880 condem-

2207 611 2502 683 τιμωρίας.
2534 612 2609 665 Οὔ
2643 612 2754 683 γὰρ
2797 611 2978 682 χρόνῳ
3008 610 3074 663 τὰ
3112 611 3518 681 ἁμαρτήματα
3559 609 3823 678 κρίνεται,

2206 705 2325 758 ἀλλ’
2355 705 2494 775 αὐτῇ
2542 705 2609 774 τῇ
2641 703 2802 773 φύσει
2856 703 2965 756 τῶν
3025 703 3634 773 πεπλημμελημένων.
3689 703 3826 755 Mati

2205 795 2411 850 τούτων
2438 798 2669 850 κακεῖνο
2703 797 3074 866 μανθάνομεν,
3109 795 3192 848 ὅτι
3226 796 3330 849 κᾶν
3364 795 3506 865 χαλε
3520 795 3634 866 τεὴν
3659 794 3826 861 δῶμεν

2209 889 2346 958 ὑπὲρ
2377 889 2486 940 τῶν
2521 890 2802 959 προτέρων
2845 887 3272 958 ἁμαρτημάτων
3302 887 3404 957 τὴν
3466 887 3667 958 δίκην,
3719 884 3824 939 εἶτα

2206 983 2315 1044 τοῖς
2351 981 2531 1044 αὑτοῖς
2569 981 2942 1051 ἁμαρτήμασι
2974 979 3141 1032 πάλιν
3175 981 3558 1050 ἐμφυρῶμεν,
3594 981 3827 1052 χαλεπὰ-

2205 1093 2339 1146 τερα
2366 1075 2529 1128 πάλιν
2578 1075 2920 1146 πεισόμεθα·
2960 1075 3056 1128 καὶ
3105 1075 3257 1146 μάλα
3309 1076 3586 1138 εἰκότως,
3636 1076 3698 1128 Ὀ
3735 1077 3824 1144 γὰρ

2211 1169 2348 1241 μηδὲ
2391 1171 2458 1240 τῇ
2490 1168 2736 1240 προτέρᾳ
2785 1169 3028 1240 τιμωρία
3062 1167 3413 1239 βελτιωθεὶς,
3468 1170 3572 1222 ἐ·πί
3614 1169 3831 1237 μείζοα.

2205 1263 2403 1327 ἄγεται
2438 1261 2800 1331 κολαστήρια,
2835 1260 2911 1324 ὼς
2945 1261 3280 1329 ἀναίσθητος
3317 1263 3416 1313 καὶ
3468 1278 3828 1332 καταφρονη-

2205 1357 2326 1428 τής.
2361 1358 2473 1410 Καὶ
2506 1356 2651 1419 τίνος
2682 1356 2895 1420 ἕνεκεν,
2932 1357 3121 1426 φησὶν,
3152 1356 3215 1409 οὑ
3247 1355 3455 1419 πάντες
3491 1355 3652 1410 οὕτω
3677 1357 3828 1410 κολα-

2207 1451 2394 1515 ζονται
2419 1467 2433 1516 ;
2471 1450 2583 1503 Kal.
2613 1449 2723 1521 γὰρ
2759 1448 2989 1513 πολλοὺς
3011 1449 3233 1520 δρῶμεν
3261 1447 3370 1502 τῶν
3397 1449 3638 1518 φαύλων
3678 1449 3831 1502 eam.

2209 1542 2538 1613 ματοῦντας,
2560 1544 2655 1597 καὶ
2682 1541 3052 1614 σφριγῶντας,
3076 1543 3173 1594 καὶ
3193 1541 3650 1614 εὑημεροῦντας.
3679 1542 3830 1595 Ἀ),ὶὰ

2205 1637 2266 1689 τὸ
2297 1637 2467 1706 μηδὲν
2521 1638 2721 1700 αὑτοὺς
2771 1636 2966 1690 παθεῖν
3013 1633 3287 1700 ἐνταῦθα,
3346 1635 3579 1704 ἐφόδιον
3625 1637 3830 1702 γίνεται

2210 1731 2460 1801 μείζονος
2489 1732 2606 1784 ἐκεῖ
2636 1730 2909 1801 τιμωρίας
2931 1745 2945 1760 ·
2977 1732 3073 1784 καὶ
3123 1730 3284 1783 τοῦτο
3324 1729 3514 1800 δηλῶν
3555 1732 3586 1782 6
3620 1730 3829 1794 Παῦλος

2209 1823 2414 1891 ἔλεγεν,
2444 1825 2524 1876 ὅτι
2563 1823 2919 1894 «Κρινόμενοι
2947 1823 3051 1876 ὑπο
3076 1823 3338 1895 Κυρίου.)
3363 1820 3620 1876 ἐνταῦθα
3645 1823 3830 1894 6111c;-

498 1920 783 1983 nemur”,
825 1938 842 1970 ι
879 1918 1003 1971 alibi
1055 1919 1348 1973 videlicet:
1404 1934 1525 1973 nam
1560 1936 1677 1988 qure
1703 1920 1788 1975 hic
1826 1921 1979 1986 ﬁunt,
2012 1924 2099 1974 ad-

2210 1917 2313 1981 ότι,
2376 1936 2393 1968 ι
2430 1915 2826 1983 παιδευόμεθα,
2858 1917 2945 1969 ἵνα
2985 1916 3060 1986 μὴ
3088 1918 3187 1970 σὺν
3217 1917 3295 1988 τῷ
3322 1917 3528 1986 κόσμῳ
3561 1933 3831 1986 κατακρι-

502 2011 821 2068 munitionis
867 2021 1035 2066 sunt:
1089 2026 1208 2080 qua:
1239 2021 1418 2066 autem
1474 2011 1624 2076 alibi,
1671 2012 2099 2083 suppliciorum.

501 2109 640 2176 Quid
677 2107 884 2176 igitur?
911 2105 1172 2174 numquid
1218 2120 1410 2160 omnes
1462 2106 1634 2161 morbi
1665 2117 1788 2160 sunt
1821 2122 1884 2160 ex
1911 2122 2102 2176 pecca-

501 2201 610 2254 tis?
641 2199 757 2253 Non
793 2214 984 2254 (mines
1017 2198 1259 2267 quidem,
1310 2197 1403 2251 sed
1455 2197 1659 2267 plures.
1724 2198 1897 2252 Morbi
1955 2202 2102 2253 enim

503 2293 670 2363 aliqui
704 2300 926 2363 propter
949 2300 1174 2361 peccata
1206 2291 1483 2356 accidunt,
1521 2293 1667 2345 sicut
1721 2300 1776 2345 et
1801 2291 1962 2346 istius
2006 2307 2104 2357 pa-

503 2390 737 2462 ralytici,
774 2401 827 2443 et
858 2390 909 2443 in
939 2390 1095 2444 libris
1127 2388 1335 2459 Regum
1367 2389 1612 2442 videmus
1633 2387 1923 2457 quemdam
1955 2385 2104 2438 labo-

500 2495 712 2540 rantem
746 2482 931 2538 dolore
985 2482 1182 2551 pedum
1236 2491 1459 2552 pr0pter
1510 2479 1880 2550 peccatum".
1923 2476 2102 2546 Aliqui

501 2584 683 2631 autem
721 2585 844 2631 sunt
882 2586 1105 2644 prOpter
1137 2573 1516 2646 probationem
1562 2582 1618 2628 et
1661 2571 2100 2642 prmdieationem

500 2672 643 2725 sicut
675 2669 898 2724 morbus
925 2667 1050 2733 Joh,
1078 2675 1494 2723 utmonstretur
1546 2666 1662 2736 ejus
1722 2664 1914 2718 virtus.
1967 2661 2102 2728 Qui-

501 2765 627 2818 dam
661 2774 838 2817 autem
872 2762 1036 2817 etiam
1072 2763 1138 2815 ab
1159 2761 1374 2831 ignavia
1425 2760 1703 2822 oriuntur,
1754 2763 1944 2827 utpote
1983 2756 2102 2826 gula

501 2864 556 2911 et
574 2855 860 2910 ebrietate.
883 2853 1022 2908 Sunt
1039 2863 1222 2906 autem
1250 2850 1496 2905 nonnulli
1521 2849 1611 2919 qui
1632 2849 1998 2915 conjecturam
2015 2861 2104 2900 su-

499 2957 658 3006 munt
711 2965 774 3004 ex
832 2949 934 3002 hoc
981 2947 1126 3015 quod
1193 2945 1455 3000 Dominus
1505 2943 1664 3005 dicit,
1694 2961 1712 2993 ι
1757 2939 1837 2994 Ne
1870 2931 2104 3010 posthac

501 3054 699 3110 pecces
730 3057 742 3092 :
779 3057 797 3090 ι
834 3047 887 3092 et
916 3047 1169 3092 asserunt
1210 3034 1356 3106 quod
1400 3033 1659 3089 Dominus
1702 3031 1924 3085 sciverit
1957 3030 2102 3100 quod

494 3133 841 3206 paralyticus
873 3131 964 3185 ille
1018 3129 1352 3184 iudicaturus
1398 3135 1544 3183 esset
1586 3133 1641 3180 et
1693 3121 2103 3193 signiﬁcaturus

501 3227 726 3294 Judmis,
775 3234 1059 3297 postquam
1118 3222 1410 3294 reperissct
1455 3236 1577 3275 eum
1639 3219 1695 3271 in
1745 3215 1985 3287 templo:
2048 3225 2104 3270 et

502 3331 788 3389 pr0pterea
808 3318 936 3371 dicit
962 3333 974 3369 :
1013 3335 1030 3367 ι
1062 3313 1140 3371 Ne
1169 3313 1310 3368 ultra
1335 3327 1545 3383 pecces.
1582 3328 1599 3361 ι
1626 3308 1732 3364 Sed
1764 3323 1867 3363 non
1895 3318 1975 3362 est
2009 3308 2101 3361 ita.

503 3412 729 3465 Videtur
750 3411 893 3464 enim
925 3410 1045 3479 pius
1085 3409 1249 3462 homo
1298 3421 1439 3462 esse.
1491 3402 1626 3458 Nam
1659 3421 1676 3454 ι
1723 3402 1920 3474 reperit
1955 3418 2100 3466 eum,

501 3505 698 3572 inquit,
740 3502 898 3558 Jesus
930 3502 981 3554 in
1020 3499 1245 3568 templo,
1279 3516 1296 3550 ι
1331 3498 1431 3553 nisi
1465 3497 1607 3552 enim
1631 3496 1751 3564 pius
1778 3494 1987 3559 fuisset,
2011 3509 2106 3549 ex-

503 3597 775 3666 posuisset
804 3609 863 3648 se
899 3591 1160 3661 voluptati
1198 3601 1251 3644 et
1274 3590 1481 3644 deliciis
1511 3590 1562 3642 in
1589 3589 1811 3643 domum
1838 3601 2093 3651 currens,

502 3688 664 3761 571
697 3697 748 3740 et
801 3685 1075 3756 ellngisset
1101 3683 1414 3740 Iudaeorum
1454 3682 1744 3747 insaniam,
1771 3695 1837 3734 ne
1872 3679 1979 3734 illis
2016 3694 2101 3733 ra-

504 3787 652 3838 tione
712 3781 1010 3834 redderet:
1067 3778 1161 3834 sed
1216 3777 1351 3830 nihil
1399 3778 1594 3830 horum
1650 3775 1845 3829 terruit
1875 3789 1998 3827 eum
2044 3781 2101 3825 ut

504 3876 794 3930 desistere:
827 3890 856 3926 a
910 3870 1132 3942 templo;
1170 3869 1275 3924 Sed
1309 3879 1361 3923 et
1421 3879 1708 3937 postquam
1758 3866 1978 3936 agnovit
2010 3863 2100 3919 Je-

504 3985 651 4032 sum,
687 3970 808 4021 vide
861 3977 1062 4036 quanta
1114 3964 1450 4036 gratitudiue
1500 3959 1863 4018 eumJudmis
1903 3960 2102 4028 praedio

504 4070 611 4116 cet.
646 4058 764 4114 Non
799 4059 942 4111 enim
962 4057 1113 4123 dicit,
1140 4056 1297 4111 Jesus
1332 4065 1416 4111 est
1442 4055 1535 4125 qui
1568 4053 1709 4109 dixit
1747 4053 1878 4108 mihi
1909 4069 1922 4104 :
1950 4050 2101 4106 Tolle

505 4155 828 4222 grabatum;
881 4151 932 4204 id
991 4152 1134 4220 quod
1206 4149 1284 4204 illi
1345 4149 1536 4203 audire
1590 4146 1874 4212 volebant;
1921 4145 2015 4200 sed
2052 4145 2099 4200 is

505 4246 597 4313 qui
636 4245 810 4313 ipsum
849 4258 1039 4296 sanum
1082 4242 1207 4296 fecit
1245 4258 1258 4294 :
1304 4241 1356 4294 id
1398 4241 1544 4311 quod
1581 4241 1769 4296 audire
1814 4254 1919 4293 non
1957 4240 2100 4293 fere-

507 4339 662 4401 bant,
702 4352 800 4404 pro
858 4335 1091 4390 crimine
1144 4333 1410 4388 habentes
1457 4332 1680 4388 Sabbati
1719 4332 2094 4386 violationem.

504 4428 660 4495 Quod
709 4438 889 4481 autem
921 4426 1090 4481 Judaei
1116 4428 1590 4496 persequebantur
1614 4425 1931 4490 Dominum,
1969 4426 2099 4488 quid

502 4531 792 4591 propterea
848 4521 1092 4590 peccavit
1151 4521 1310 4574 homo
1343 4503 1452 4590 qui
1489 4520 1638 4574 illum
1696 4521 1776 4574 eis
1819 4519 2099 4575 ostenuit?

2207 2009 2414 2079 θῶμεν,
2458 2029 2475 2060 ι
2510 2011 2629 2062 ἐκεῖ
2664 2008 2866 2081 δηλαδή
2900 2026 2913 2040 ·
2944 2009 3012 2061 τὰ
3067 2011 3169 2079 μὲν
3213 2009 3323 2080 γὰρ
3361 2009 3619 2062 ἐνταῦθα
3654 2009 3831 2064 νουθε-

2209 2101 2350 2163 σίας,
2385 2101 2452 2153 τὶ
2484 2101 2539 2154 δὲ
2572 2103 2690 2153 ἐκεῖ
2731 2101 3003 2170 τιμωρίας
3045 2101 3184 2153 ἐστί.
3246 2101 3311 2154 Τί
3355 2097 3495 2167 οὗν;
3537 2104 3738 2156 Πάντα
3771 2107 3830 2154 τὰ

2207 2195 2494 2265 νοσήματα
2525 2194 2584 2258 ἐξ
2616 2194 3074 2266 ἁμαρτημάτων;
3112 2195 3187 2248 Οὑ
3217 2196 3402 2249 πάντα
3445 2198 3578 2267 μὲν,
3605 2197 3746 2251 ἀ).ὶὰ
3770 2202 3829 2249 τα

2208 2289 2452 2342 πλείονα.
2484 2287 2565 2341 Τὰ
2620 2288 2719 2356 μὲν
2753 2290 2860 2359 γὰρ
2895 2288 2960 2341 δι’
3011 2289 3421 2360 ἁμαρτήματα,
3479 2290 3690 2360 ὥσπερ
3746 2292 3830 2343 καὶ

2206 2380 2300 2433 τοῦ
2335 2381 2652 2451 παραλύτου
2692 2380 2914 2446 τούτου,
2969 2381 3067 2434 καὶ
3119 2383 3179 2434 ἐν
3227 2385 3349 2444 ταῖς
3409 2382 3749 2446 Βασιλείαις
3780 2383 3828 2436 δὲ

2205 2474 2422 2544 ὁρῶμέν
2452 2492 2574 2527 τινα
2602 2475 2870 2544 ποδαλγία
2897 2476 3272 2546 περιπεσόντα
3303 2475 3372 2528 δι’
3403 2477 3706 2546 ἁμαρτίας
3733 2494 3744 2506 ·
3769 2478 3830 2528 τα

2205 2571 2263 2623 δὲ
2315 2571 2382 2624 δι’
2421 2571 2778 2642 εὑδοκίμησιν
2816 2572 2908 2624 καὶ
2948 2572 3277 2642 ἀνάρρησιν,
3337 2572 3541 2643 ὥσπερ
3585 2572 3688 2626 ἐπὶ
3739 2572 3825 2626 τοῦ

2219 2662 2356 2725 Ἰὼϐ,
2383 2664 2468 2716 ἵνα
2490 2663 2674 2735 δειχθῇ
2709 2666 2740 2734 ἡ
2769 2663 3142 2736 ἁρετὴαὺτοῦ
3168 2681 3182 2697 ο
3218 2664 3466 2733 γίνονται
3495 2664 3562 2717 δέ
3593 2683 3722 2718 τινα
3741 2668 3826 2718 καὶ

2208 2755 2313 2807 ἀπὸ
2353 2755 2653 2827 ῥᾳθυμίας,
2689 2752 2800 2809 οἷον
2829 2757 3281 2828 γαστριμαργίας
3301 2757 3397 2810 καὶ
3437 2757 3645 2827 μέθης.
3677 2758 3826 2820 Τινὲς

2205 2847 2260 2901 δὲ
2289 2849 2396 2902 ἀπὸ
2428 2847 2521 2901 τοῦ
2559 2851 2732 2902 εἰπεῖν
2761 2851 2852 2903 τὸν
2874 2850 3107 2919 Κύριον,
3153 2870 3169 2899 ι
3205 2850 3424 2918 Μηκέτι
3447 2851 3772 2920 ἁμάρτανε,
3803 2867 3819 2902 ο

2208 2943 2604 3014 στοχαζόμενοι
2640 2944 3063 3012 ἀποφαίνονται,
3095 2945 3180 2998 ὃτι
3216 2942 3407 2996 τοῦτον
3438 2944 3534 2995 τὶν
3569 2944 3820 3013 παραλυ·

2204 3052 2296 3090 τον
2323 3037 2439 3107 ᾔδει
2483 3038 2510 3090 ὁ
2543 3035 2748 3108 Κύριος
2807 3036 3079 3112 μέλλοντα,
3135 3035 3418 3100 ὑποδεῖξαι
3467 3035 3668 3094 αὑτὸν,
3735 3035 3821 3086 καὶ

2207 3124 2599 3196 καταμηνῦσαι
2649 3129 2761 3189 τοῖς
2816 3127 3117 3191 Ἰουδαίοις,
3155 3127 3274 3197 μεθ’
3307 3129 3335 3180 ὃ
3362 3121 3531 3197 εὗρεν
3569 3126 3741 3180 αὑτὸν
3768 3129 3820 3181 ἐν

2206 3218 2284 3289 τῷ
2313 3217 2465 3289 ἱερῷ,
2509 3220 2602 3272 καὶ
2630 3217 2718 3272 διὰ
2749 3217 2909 3272 τοῦτό
2943 3238 3078 3291 φησι
3100 3237 3114 3252 ’
3155 3237 3172 3272 ι
3203 3222 3422 3290 Μηκέτι
3451 3221 3769 3292 ἁμάρτανε.
3798 3239 3814 3273 ι

2222 3312 2364 3366 Ἀλλ’
2396 3313 2495 3366 οὑκ
2547 3313 2664 3366 ἐστι
2709 3313 2892 3368 τοῦτο.
2941 3315 3201 3368 Φαίνεται
3229 3315 3342 3385 γαρ
3387 3313 3638 3387 εὖλαὸὴς
3669 3317 3698 3368 ὀ
3733 3317 3819 3370 ἆνο

2213 3405 2456 3477 θρωπος.
2500 3425 2518 3459 ι
2560 3407 2824 3479 Εὑρίσκει
2865 3407 2974 3479 γὰρ
3003 3408 3190 3469 αὑτὸν.
3233 3409 3421 3478 φησὶν,
3450 3409 3478 3460 ὁ
3515 3407 3737 3478 Ἰησοῦς
3767 3410 3820 3461 ἐν

2205 3499 2283 3570 τῷ
2315 3500 2463 3571 ἱερῷ.
2488 3521 2506 3552 ι
2553 3502 2747 3555 Καίτοι
2781 3505 2827 3555 εί
2855 3502 2929 3571 μὴ
2961 3501 3199 3574 εὐλαϐὴς
3227 3497 3316 3573 ἦν,
3347 3503 3536 3555 ἀνέσει
3572 3505 3669 3555 καὶ
3694 3520 3819 3573 τρυ-

2205 3597 2278 3664 φῇ
2312 3595 2378 3648 ἂν
2412 3595 2677 3660 ἐξέδωκεν
2697 3595 2912 3660 ἑαυτὸν,
2934 3596 3117 3648 οἴκαδε
3145 3595 3392 3665 δραμὼν,
3424 3598 3523 3650 καὶ
3553 3597 3817 3665 ἐξέφυγεν

2205 3687 2271 3740 ἂν
2307 3688 2405 3755 τὴν
2429 3688 2539 3741 τῶν
2577 3689 2850 3741 Ἰουδαίων
2885 3689 3109 3759 μανίαν,
3145 3690 3238 3741 καὶ
3277 3689 3375 3751 τὰς
3411 3688 3815 3762 λογοπραγίας·

2204 3779 2320 3834 ἀλλ’
2353 3781 2507 3834 οὐδὲν
2536 3782 2741 3836 τούτων
2777 3782 2940 3836 αὑτὸν
2976 3783 3236 3852 ἐποίησεν
3265 3783 3582 3852 ἀποστῆναι
3625 3783 3725 3836 τοῦ
3753 3787 3820 3834 is-

2208 3875 2302 3944 ροῦ
2326 3893 2337 3904 ·
2372 3876 2509 3930 ἀλλὰ
2547 3878 2639 3929 καὶ
2669 3876 2810 3945 μετὰ
2862 3877 2922 3931 τὸ
2959 3875 3264 3945 ἐπιγνῶναι
3291 3878 3384 3928 τὸν
3424 3876 3671 3946 Ἰησοῦν,
3721 3878 3817 3947 δρα

2205 3967 2320 4031 πῶς
2349 3969 2512 4021 αὑτὸν
2554 3971 2916 4040 εὐγνωμόνως
2949 3970 3323 4040 ἀνακηρύττει
3350 3971 3470 4031 τοῖς
3511 3971 3816 4033 Ἰουδαίοις.

2202 4063 2278 4116 Οὑ
2310 4063 2420 4131 γὰρ
2471 4062 2640 4131 λέγει,
2690 4064 2773 4116 ὅτι
2807 4061 3017 4134 Ἰησοῦς
3058 4065 3207 4116 ἐστιν
3255 4063 3282 4114 ὁ
3327 4061 3502 4114 εἰπὼν
3560 4059 3700 4133 ἆραι
3736 4065 3818 4113 τὶν

2202 4155 2537 4224 κράὁὸατον,
2578 4156 2713 4225 ὅπερ
2749 4157 2947 4208 ἐκεῖνοι
2978 4155 3171 4224 ἤθελον
3200 4154 3446 4216 ἀκούειν,
3478 4155 3601 4207 ἀλλ’
3641 4158 3669 4208 ὁ
3701 4174 3816 4207 ποι-

2201 4247 2338 4317 ήσας
2373 4247 2538 4300 αὑτὸν
2571 4248 2718 4316 ὑγιῆ,
2743 4249 2881 4318 ὅπερ
2905 4247 3134 4313 ,ἀκούειν
3154 4249 3254 4300 οὑκ
3281 4247 3589 4316 ἠνείχοντο,
3619 4249 3819 4318 ἔγκλη-

2203 4358 2280 4409 μα
2317 4340 2634 4411 ποιούμενοι
2679 4342 2778 4412 τὴν
2828 4341 2924 4394 τοῦ
2959 4341 3244 4394 Σαϐϐάτου
3281 4340 3629 4412 παράλυσιν.
3667 4344 3729 4396 ΕΞ
3765 4343 3817 4395 δε

2214 4433 2458 4485 Ἰουδαῖοι
2506 4433 2733 4488 ἐδίωκον
2761 4436 2852 4487 τὸν
2899 4435 3128 4506 Κύριον,
3161 4435 3214 4488 τί
3242 4435 3395 4505 παρὰ
3425 4436 3600 4491 τοῦτο
3628 4438 3817 4508 ἦμαρ·

2200 4545 2292 4580 τεν
2327 4529 2353 4579 ὸ
2377 4525 2688 4598 ἄνθρωπος,
2728 4526 3018 4594 ὑποδείξας
3053 4527 3220 4583 αὑτὸν
3245 4528 3428 4593 αὑτοῖς
3455 4548 3469 4596 ;
3500 4531 3686 4594 Αὐτὸς
3723 4532 3817 4602 μὲν

504 4613 625 4685 Ipse
651 4616 796 4669 enim
825 4623 978 4683 grata
1027 4623 1226 4677 mente,
1263 4622 1320 4666 ut
1349 4622 1404 4668 et
1458 4613 1594 4668 alios
1624 4613 1689 4667 ad
1721 4612 1885 4668 ﬁdem
1926 4622 2097 4670 attra—

2205 4620 2313 4690 γὰρ
2345 4619 2441 4674 ἀπ’
2475 4619 2818 4692 εὐγνώμονος
2859 4620 3121 4686 διανοίας,
3176 4622 3265 4676 ἵνα
3296 4624 3393 4675 καὶ
3436 4623 3571 4688 τοὺς
3621 4625 3815 4686 ἄλλους

507 4710 685 4775 heret,
749 4707 1079 4777 praedicabat
1113 4708 1487 4762 Servatorem.
1531 4706 1600 4761 At
1637 4721 1758 4761 cum
1793 4707 1869 4761 illi
1913 4722 2098 4775 persc-

505 4809 808 4869 querentur
879 4799 1306 4866 benefactorem,
1386 4799 1630 4868 ipsorum
1687 4810 1808 4855 erat
1865 4803 2094 4856 crimen.

505 4894 676 4948 Porro
719 4907 815 4961 per
844 4893 1178 4962 probaticam
1225 4893 1493 4964 piscinam
1531 4895 1770 4964 intellige
1803 4894 2092 4964 baptisma,

507 4989 698 5056 inquo
737 4984 899 5041 Jesus
925 4987 1187 5042 Dominus
1238 4999 1445 5052 uoster,
1486 4987 1605 5042 ovis
1661 4987 1754 5041 illa
1791 5002 1889 5056 pro
1943 4989 2099 5044 nobis

506 5081 809 5144 immolata,
840 5080 980 5135 lotus
1015 5089 1099 5136 est
1143 5090 1194 5136 ct
1237 5082 1544 5152 baptizatus
1572 5095 1668 5150 pro
1717 5081 1892 5136 nobis.
1926 5081 2103 5148 Quin:

507 5189 611 5243 que
663 5185 843 5227 autem
896 5174 1138 5242 porticus
1187 5175 1349 5228 habet
1409 5175 1510 5229 ista
1563 5175 1794 5244 piscina.
1855 5176 2098 5242 Quatuor

505 5267 650 5320 enim
682 5265 934 5331 virtutes,
967 5277 1020 5320 et
1051 5282 1153 5319 una
1188 5267 1629 5338 contemplativa,
1680 5269 1733 5323 iu
1769 5270 2098 5338 baptismate

508 5367 791 5426 apparent.
827 5357 997 5426 Igitur
1025 5358 1263 5412 humana
1313 5372 1526 5427 natura,
1563 5364 1730 5416 veluti
1759 5362 2094 5433 paralyticus

505 5451 753 5519 quidam,
787 5449 943 5517 cujus
977 5468 1170 5506 omnes
1203 5453 1468 5509 animales
1493 5455 1720 5510 virtutes
1748 5456 1939 5510 morbo
1968 5473 2090 5510 eor-

503 5550 670 5610 repta:
729 5553 874 5605 sunt,
919 5541 1068 5605 jacet
1125 5543 1347 5612 triginta
1404 5555 1528 5599 octo
1589 5549 1746 5601 annis
1793 5559 2090 5617 aagrmaus.

505 5631 690 5702 Neque
728 5636 870 5686 enim
923 5645 1070 5688 recte
1114 5650 1173 5690 se
1224 5637 1454 5690 habebat
1509 5639 1561 5692 in
1616 5640 1719 5694 lide
1781 5639 2089 5705 Trinitatis,

506 5740 686 5795 neque
721 5736 972 5779 octavum
1006 5728 1286 5793 saeculum,
1350 5732 1803 5789 resurrectionem
1857 5735 2002 5799 dico,
2037 5744 2094 5789 et

594 5908 636 5936 “"
672 5906 685 5958 l
722 5909 847 5963 Cor.
889 5926 949 5976 ll,
984 5912 1071 5965 3'2.

1151 5914 1193 5944 ’⁷
1227 5911 1267 5967 ll
1299 5912 1427 5984 Reg.
1465 5915 1542 5968 13.

2201 4713 2572 4784 ἐφελκύσηται
2603 4714 2741 4784 πρὸς
2773 4715 2986 4781 πίστιν,
3005 4717 3273 4786 ἐκήρυττε
3299 4714 3393 4769 τὸν
3415 4716 3812 4788 θεραπευτὴν·

2200 4807 2248 4859 εί
2293 4806 2349 4859 δὲ
2398 4808 2597 4860 ἐκείνοι
2652 4807 2877 4861 ἐδίωκον
2916 4808 3010 4860 τὸν
3066 4809 3402 4880 εὐεργέτην,
3467 4810 3708 4863 ἐκείνων
3760 4809 3812 4861 τὸ

2202 4899 2476 4969 ἔγκλημα.
2507 4900 2636 4954 Νόει
2660 4901 2716 4954 δέ
2745 4919 2834 4972 μοι
2869 4901 3220 4973 προϐατικὴν
3250 4903 3683 4974 κολυμϐήθραν,
3715 4906 3810 4971 et,

2200 4991 2296 5044 τοῦ
2348 4991 2727 5062 βαπτίσματος
2758 4998 2939 5064 χάριν,
2985 4998 3040 5048 ἐν
3088 4989 3210 5067 ᾖτὸ
3242 4995 3386 5066 ὑπὲρ
3428 4994 3594 5063 ἡμῶν
3653 4994 3808 5048 τυθέν

2201 5086 2477 5157 πρόϐατον
2501 5086 2713 5154 Ἰησοῦς
2756 5089 2784 5140 ὁ
2828 5087 3068 5158 Κύριος,
3114 5087 3324 5158 sumen
3386 5089 3804 5158 βαπτισάμενες

2202 5181 2341 5252 ὑπὲρ
2365 5181 2542 5251 ἡμῶν.
2569 5182 2738 5232 Πέντε
2769 5181 2824 5233 δὲ
2852 5181 3010 5243 στοὰς
3035 5181 3148 5252 ἔχει
3177 5179 3317 5248 αὕτη
3348 5182 3380 5250 ἡ
3413 5180 3800 5251 κολυμϐήθρα.

2201 5276 2267 5326 Αἰ
2293 5273 2400 5343 γὰρ
2430 5275 2694 5343 τέσσαρες
2721 5274 2938 5345 ἀρεταὶ,
2971 5276 3064 5327 καί
3094 5277 3154 5325 τὸ
3177 5275 3521 5345 Θεωρητικὶν
3573 5276 3672 5327 καὶ
3727 5274 3804 5326 5'..-

2202 5365 2495 5436 γματικον,
2529 5364 2604 5434 τῷ
2630 5364 2967 5436 βαπτίσματι
2994 5365 3481 5438 συνεμψαίνονται.
3535 5366 3597 5418 ἸΙ
3635 5366 3800 5418 τοίνυν

2203 5457 2521 5528 ἀνθρωπίνη
2554 5457 2738 5524 φύσις,
2771 5455 2860 5511 οἷά
2882 5476 2962 5521 τις
2987 5458 3325 5528 παράλυτος,
3357 5459 3544 5521 πασας
3573 5461 3674 5521 τὰς
3706 5459 3798 5526 gl;-

2203 5554 2362 5622 χικας
2389 5550 2654 5620 δυνάμεις
2683 5551 3010 5620 παρεθεῖσα,
3041 5551 3339 5604 κατέκειτο
3382 5555 3684 5620 τριάκοντα
3714 5551 3797 5601 κ;ἰ

2203 5642 2484 5713 ὁκτὼ.ἕτη
2529 5641 2784 5694 νοσοῦσα.
2828 5641 2966 5694 Οὑτε
3018 5642 3128 5713 γὰρ
3164 5643 3222 5695 ἐν
3244 5645 3312 5714 τῇ
3358 5647 3437 5707 εἰς
3475 5643 3685 5714 Τριάδα
3717 5639 3796 5692 πί-

2205 5754 2319 5790 στει
2342 5736 2509 5802 ὑγιῶς
2544 5732 2710 5805 εἶχεν,
2743 5733 2866 5789 οὕτε
2893 5735 3078 5804 ὄγδοον
3102 5735 3297 5802 αἰῶνα,
3328 5738 3636 5789 ἀνάστασιν
3665 5731 3795 5801 λέγω
