  <div class='ocr_page' id='page_1' title='image "/cluster/home/n/w/nwhite01/storage/ocr_20150623/123/ien.35556001659978/639.png"; bbox 0 0 3936 6440; ppageno 0'>
   <div class='ocr_carea' id='block_1_1' title="bbox 486 291 622 356">
    <p class='ocr_par' dir='ltr' id='par_1_1' title="bbox 486 291 622 356">
     <span class='ocr_line' id='line_1_1' title="bbox 486 291 622 356; baseline -0.015 -1"><span class='ocrx_word' id='word_1_1' title='bbox 486 291 622 356; x_wconf 67' lang='grc' dir='ltr'><strong>ῖειι</strong></span> 
     </span>
    </p>
   </div>
   <div class='ocr_carea' id='block_1_2' title="bbox 1378 271 2933 355">
    <p class='ocr_par' dir='ltr' id='par_1_2' title="bbox 1378 271 2933 355">
     <span class='ocr_line' id='line_1_2' title="bbox 1378 271 2933 355; baseline 0.004 -6"><span class='ocrx_word' id='word_1_2' title='bbox 1378 291 1965 353; x_wconf 69' lang='lat' dir='ltr'><strong>&#39;t‘ttt-zom-tt&#39;t..ttz&#39;t‘t</strong></span> <span class='ocrx_word' id='word_1_3' title='bbox 2011 289 2425 351; x_wconf 64' lang='lat' dir='ltr'><strong>summa;</strong></span> <span class='ocrx_word' id='word_1_4' title='bbox 2465 293 2828 355; x_wconf 69' lang='lat' dir='ltr'><strong>ARClIlEI‘.</strong></span> <span class='ocrx_word' id='word_1_5' title='bbox 2928 271 2933 279; x_wconf 83' lang='grc'><em>’</em></span> 
     </span>
    </p>
   </div>
   <div class='ocr_carea' id='block_1_3' title="bbox 3647 291 3778 360">
    <p class='ocr_par' dir='ltr' id='par_1_3' title="bbox 3647 291 3778 360">
     <span class='ocr_line' id='line_1_3' title="bbox 3647 291 3778 360; baseline 0 0"><span class='ocrx_word' id='word_1_6' title='bbox 3647 291 3778 360; x_wconf 75' lang='lat'><strong>1263</strong></span> 
     </span>
    </p>
   </div>
   <div class='ocr_carea' id='block_1_4' title="bbox 487 403 2085 482">
    <p class='ocr_par' dir='ltr' id='par_1_4' title="bbox 487 403 2069 476">
     <span class='ocr_line' id='line_1_4' title="bbox 487 403 2069 476; baseline -0.001 -17"><span class='ocrx_word' id='word_1_7' title='bbox 487 405 837 461; x_wconf 63' lang='lat' dir='ltr'><strong>Providentia</strong></span> <span class='ocrx_word' id='word_1_8' title='bbox 869 413 920 460; x_wconf 88' lang='lat' dir='ltr'><strong>et</strong></span> <span class='ocrx_word' id='word_1_9' title='bbox 959 406 1010 458; x_wconf 90' lang='lat' dir='ltr'><strong>in</strong></span> <span class='ocrx_word' id='word_1_10' title='bbox 1059 403 1302 459; x_wconf 82' lang='lat' dir='ltr'><strong>Sabbato</strong></span> <span class='ocrx_word' id='word_1_11' title='bbox 1339 418 1436 458; x_wconf 88' lang='lat' dir='ltr'><strong>sua</strong></span> <span class='ocrx_word' id='word_1_12' title='bbox 1473 419 1754 475; x_wconf 75' lang='lat' dir='ltr'><strong>operatur.</strong></span> <span class='ocrx_word' id='word_1_13' title='bbox 1787 406 1965 476; x_wconf 80' lang='lat' dir='ltr'><strong>Atque</strong></span> <span class='ocrx_word' id='word_1_14' title='bbox 1998 408 2069 460; x_wconf 83' lang='lat' dir='ltr'><strong>ita</strong></span> 
     </span>
    </p>
   </div>
   <div class='ocr_carea' id='block_1_5' title="bbox 2179 403 3778 482">
    <p class='ocr_par' dir='ltr' id='par_1_5' title="bbox 2179 403 3778 482">
     <span class='ocr_line' id='line_1_5' title="bbox 2179 403 3778 482; baseline 0.004 -26"><span class='ocrx_word' id='word_1_15' title='bbox 2179 403 2244 457; x_wconf 74' lang='grc' dir='ltr'><strong>τὰ</strong></span> <span class='ocrx_word' id='word_1_16' title='bbox 2267 406 2444 460; x_wconf 84' lang='grc' dir='ltr'><strong>οἰκεῖα</strong></span> <span class='ocrx_word' id='word_1_17' title='bbox 2476 409 2712 477; x_wconf 76' lang='grc' dir='ltr'><strong>ἐνεργεῖ.</strong></span> <span class='ocrx_word' id='word_1_18' title='bbox 2761 408 2924 462; x_wconf 79' lang='grc' dir='ltr'><strong>Ὥστε</strong></span> <span class='ocrx_word' id='word_1_19' title='bbox 2957 407 3080 464; x_wconf 78' lang='grc' dir='ltr'><strong>επεὶ</strong></span> <span class='ocrx_word' id='word_1_20' title='bbox 3126 409 3158 463; x_wconf 87' lang='lat'><strong>6</strong></span> <span class='ocrx_word' id='word_1_21' title='bbox 3188 407 3382 482; x_wconf 70' lang='grc' dir='ltr'><strong>Πατὴρ</strong></span> <span class='ocrx_word' id='word_1_22' title='bbox 3445 405 3778 478; x_wconf 65' lang='grc' dir='ltr'><strong>ἐργάζεται,</strong></span> 
     </span>
    </p>
   </div>
   <div class='ocr_carea' id='block_1_6' title="bbox 482 495 2065 569">
    <p class='ocr_par' dir='ltr' id='par_1_6' title="bbox 482 495 2065 569">
     <span class='ocr_line' id='line_1_6' title="bbox 482 495 2065 569; baseline 0.002 -20"><span class='ocrx_word' id='word_1_23' title='bbox 482 500 611 568; x_wconf 65' lang='lat' dir='ltr'><strong>quia</strong></span> <span class='ocrx_word' id='word_1_24' title='bbox 642 499 803 553; x_wconf 83' lang='lat' dir='ltr'><strong>Pater</strong></span> <span class='ocrx_word' id='word_1_25' title='bbox 828 508 1106 569; x_wconf 77' lang='lat' dir='ltr'><strong>aperatttr,</strong></span> <span class='ocrx_word' id='word_1_26' title='bbox 1141 507 1194 552; x_wconf 88' lang='lat' dir='ltr'><strong>et</strong></span> <span class='ocrx_word' id='word_1_27' title='bbox 1229 497 1281 551; x_wconf 91' lang='lat' dir='ltr'><strong>in</strong></span> <span class='ocrx_word' id='word_1_28' title='bbox 1319 495 1562 554; x_wconf 86' lang='lat' dir='ltr'><strong>Sabbato</strong></span> <span class='ocrx_word' id='word_1_29' title='bbox 1615 507 1926 553; x_wconf 74' lang='lat' dir='ltr'><strong>creaturam</strong></span> <span class='ocrx_word' id='word_1_30' title='bbox 1968 514 2065 568; x_wconf 75' lang='lat' dir='ltr'><strong>gu-</strong></span> 
     </span>
    </p>
   </div>
   <div class='ocr_carea' id='block_1_7' title="bbox 484 588 2062 661">
    <p class='ocr_par' dir='ltr' id='par_1_7' title="bbox 484 588 2062 661">
     <span class='ocr_line' id='line_1_7' title="bbox 484 588 2062 661; baseline 0.001 -15"><span class='ocrx_word' id='word_1_31' title='bbox 484 595 532 646; x_wconf 40' lang='lat' dir='ltr'><strong>b.</strong></span> <span class='ocrx_word' id='word_1_32' title='bbox 554 601 702 655; x_wconf 88' lang='lat' dir='ltr'><strong>ruat,</strong></span> <span class='ocrx_word' id='word_1_33' title='bbox 729 589 921 644; x_wconf 87' lang='lat' dir='ltr'><strong>merito</strong></span> <span class='ocrx_word' id='word_1_34' title='bbox 954 599 1010 644; x_wconf 91' lang='lat' dir='ltr'><strong>et</strong></span> <span class='ocrx_word' id='word_1_35' title='bbox 1044 604 1166 660; x_wconf 75' lang='lat' dir='ltr'><strong>ego,</strong></span> <span class='ocrx_word' id='word_1_36' title='bbox 1213 589 1413 661; x_wconf 78' lang='lat' dir='ltr'><strong>inquit,</strong></span> <span class='ocrx_word' id='word_1_37' title='bbox 1445 589 1623 646; x_wconf 88' lang='lat' dir='ltr'><strong>Filius</strong></span> <span class='ocrx_word' id='word_1_38' title='bbox 1671 588 1791 658; x_wconf 84' lang='lat' dir='ltr'><strong>ejus</strong></span> <span class='ocrx_word' id='word_1_39' title='bbox 1844 605 2062 661; x_wconf 88' lang='lat' dir='ltr'><strong>operor.</strong></span> 
     </span>
    </p>
   </div>
   <div class='ocr_carea' id='block_1_8' title="bbox 485 683 2062 756">
    <p class='ocr_par' dir='ltr' id='par_1_8' title="bbox 485 683 2062 756">
     <span class='ocr_line' id='line_1_8' title="bbox 485 683 2062 756; baseline -0.003 -17"><span class='ocrx_word' id='word_1_40' title='bbox 485 685 554 739; x_wconf 82' lang='lat' dir='ltr'><strong>At</strong></span> <span class='ocrx_word' id='word_1_41' title='bbox 601 684 672 738; x_wconf 88' lang='lat' dir='ltr'><strong>illi</strong></span> <span class='ocrx_word' id='word_1_42' title='bbox 719 683 917 738; x_wconf 83' lang='lat' dir='ltr'><strong>invidia</strong></span> <span class='ocrx_word' id='word_1_43' title='bbox 965 685 1227 754; x_wconf 73' lang='lat' dir='ltr'><strong>correpti,</strong></span> <span class='ocrx_word' id='word_1_44' title='bbox 1266 683 1582 756; x_wconf 77' lang='lat' dir='ltr'><strong>quaerebant</strong></span> <span class='ocrx_word' id='word_1_45' title='bbox 1625 698 1747 739; x_wconf 87' lang='lat' dir='ltr'><strong>eum</strong></span> <span class='ocrx_word' id='word_1_46' title='bbox 1792 684 2062 750; x_wconf 77' lang='lat' dir='ltr'><strong>occidero,</strong></span> 
     </span>
    </p>
   </div>
   <div class='ocr_carea' id='block_1_9' title="bbox 487 776 2065 848">
    <p class='ocr_par' dir='ltr' id='par_1_9' title="bbox 487 776 2065 848">
     <span class='ocr_line' id='line_1_9' title="bbox 487 776 2065 848; baseline 0 -18"><span class='ocrx_word' id='word_1_47' title='bbox 487 792 595 832; x_wconf 89' lang='lat' dir='ltr'><strong>non</strong></span> <span class='ocrx_word' id='word_1_48' title='bbox 651 776 826 832; x_wconf 88' lang='lat' dir='ltr'><strong>solum</strong></span> <span class='ocrx_word' id='word_1_49' title='bbox 851 777 996 848; x_wconf 89' lang='lat' dir='ltr'><strong>quod</strong></span> <span class='ocrx_word' id='word_1_50' title='bbox 1023 776 1602 843; x_wconf 71' lang='lat' dir='ltr'><strong>solverctSatibatum,</strong></span> <span class='ocrx_word' id='word_1_51' title='bbox 1637 777 1731 832; x_wconf 87' lang='lat' dir='ltr'><strong>sed</strong></span> <span class='ocrx_word' id='word_1_52' title='bbox 1762 787 1817 832; x_wconf 90' lang='lat' dir='ltr'><strong>et</strong></span> <span class='ocrx_word' id='word_1_53' title='bbox 1847 776 2065 832; x_wconf 84' lang='lat' dir='ltr'><strong>Patrem</strong></span> 
     </span>
    </p>
   </div>
   <div class='ocr_carea' id='block_1_10' title="bbox 484 865 2065 939">
    <p class='ocr_par' dir='ltr' id='par_1_10' title="bbox 484 865 2065 939">
     <span class='ocr_line' id='line_1_10' title="bbox 484 865 2065 939; baseline 0 -18"><span class='ocrx_word' id='word_1_54' title='bbox 484 883 640 922; x_wconf 84' lang='lat' dir='ltr'><strong>suum</strong></span> <span class='ocrx_word' id='word_1_55' title='bbox 677 868 889 923; x_wconf 88' lang='lat' dir='ltr'><strong>diceret</strong></span> <span class='ocrx_word' id='word_1_56' title='bbox 917 867 1109 934; x_wconf 89' lang='lat' dir='ltr'><strong>Deum,</strong></span> <span class='ocrx_word' id='word_1_57' title='bbox 1141 867 1408 939; x_wconf 64' lang='lat' dir='ltr'><strong>aqualem</strong></span> <span class='ocrx_word' id='word_1_58' title='bbox 1446 881 1507 923; x_wconf 90' lang='lat' dir='ltr'><strong>se</strong></span> <span class='ocrx_word' id='word_1_59' title='bbox 1535 867 1745 923; x_wconf 86' lang='lat' dir='ltr'><strong>faciens</strong></span> <span class='ocrx_word' id='word_1_60' title='bbox 1770 867 1900 923; x_wconf 89' lang='lat' dir='ltr'><strong>Deo.</strong></span> <span class='ocrx_word' id='word_1_61' title='bbox 1929 865 2065 922; x_wconf 84' lang='lat' dir='ltr'><strong>Nam</strong></span> 
     </span>
    </p>
   </div>
   <div class='ocr_carea' id='block_1_11' title="bbox 485 960 2070 1031">
    <p class='ocr_par' dir='ltr' id='par_1_11' title="bbox 485 960 2070 1031">
     <span class='ocr_line' id='line_1_11' title="bbox 485 960 2070 1031; baseline -0.001 -18"><span class='ocrx_word' id='word_1_62' title='bbox 485 962 608 1031; x_wconf 89' lang='lat' dir='ltr'><strong>quia</strong></span> <span class='ocrx_word' id='word_1_63' title='bbox 629 977 688 1017; x_wconf 90' lang='lat' dir='ltr'><strong>se</strong></span> <span class='ocrx_word' id='word_1_64' title='bbox 713 961 910 1016; x_wconf 84' lang='lat' dir='ltr'><strong>Filium</strong></span> <span class='ocrx_word' id='word_1_65' title='bbox 941 962 1174 1028; x_wconf 88' lang='lat' dir='ltr'><strong>dicebat,</strong></span> <span class='ocrx_word' id='word_1_66' title='bbox 1196 961 1508 1018; x_wconf 87' lang='lat' dir='ltr'><strong>necessario</strong></span> <span class='ocrx_word' id='word_1_67' title='bbox 1521 961 1727 1017; x_wconf 85' lang='lat' dir='ltr'><strong>honore</strong></span> <span class='ocrx_word' id='word_1_68' title='bbox 1748 975 1808 1017; x_wconf 88' lang='lat' dir='ltr'><strong>se</strong></span> <span class='ocrx_word' id='word_1_69' title='bbox 1834 960 2070 1017; x_wconf 72' lang='lat' dir='ltr'><strong>faciebat</strong></span> 
     </span>
    </p>
   </div>
   <div class='ocr_carea' id='block_1_12' title="bbox 485 1055 2067 1126">
    <p class='ocr_par' dir='ltr' id='par_1_12' title="bbox 485 1055 2067 1126">
     <span class='ocr_line' id='line_1_12' title="bbox 485 1055 2067 1126; baseline 0.001 -19"><span class='ocrx_word' id='word_1_70' title='bbox 485 1072 667 1125; x_wconf 85' lang='lat' dir='ltr'><strong>parem</strong></span> <span class='ocrx_word' id='word_1_71' title='bbox 703 1057 830 1112; x_wconf 89' lang='lat' dir='ltr'><strong>Deo.</strong></span> <span class='ocrx_word' id='word_1_72' title='bbox 857 1055 1049 1112; x_wconf 89' lang='lat' dir='ltr'><strong>Omnis</strong></span> <span class='ocrx_word' id='word_1_73' title='bbox 1083 1057 1228 1112; x_wconf 90' lang='lat' dir='ltr'><strong>enim</strong></span> <span class='ocrx_word' id='word_1_74' title='bbox 1265 1055 1405 1111; x_wconf 88' lang='lat' dir='ltr'><strong>lilitts</strong></span> <span class='ocrx_word' id='word_1_75' title='bbox 1457 1055 1701 1126; x_wconf 83' lang='lat' dir='ltr'><strong>ejusdem</strong></span> <span class='ocrx_word' id='word_1_76' title='bbox 1753 1066 1962 1109; x_wconf 73' lang='lat' dir='ltr'><strong>naturae</strong></span> <span class='ocrx_word' id='word_1_77' title='bbox 1983 1062 2067 1110; x_wconf 84' lang='lat' dir='ltr'><strong>est</strong></span> 
     </span>
    </p>
   </div>
   <div class='ocr_carea' id='block_1_13' title="bbox 485 1145 2068 1217">
    <p class='ocr_par' dir='ltr' id='par_1_13' title="bbox 485 1145 2068 1217">
     <span class='ocr_line' id='line_1_13' title="bbox 485 1145 2068 1217; baseline -0.001 -15"><span class='ocrx_word' id='word_1_78' title='bbox 485 1163 605 1202; x_wconf 84' lang='lat' dir='ltr'><strong>cum</strong></span> <span class='ocrx_word' id='word_1_79' title='bbox 646 1158 818 1216; x_wconf 90' lang='lat' dir='ltr'><strong>patre.</strong></span> <span class='ocrx_word' id='word_1_80' title='bbox 863 1147 964 1204; x_wconf 85' lang='lat' dir='ltr'><strong>Ubi</strong></span> <span class='ocrx_word' id='word_1_81' title='bbox 999 1148 1102 1202; x_wconf 89' lang='lat' dir='ltr'><strong>hoc</strong></span> <span class='ocrx_word' id='word_1_82' title='bbox 1127 1149 1248 1202; x_wconf 92' lang='lat' dir='ltr'><strong>loco</strong></span> <span class='ocrx_word' id='word_1_83' title='bbox 1279 1145 1848 1217; x_wconf 83' lang='lat' dir='ltr'><strong>estArius?profecto</strong></span> <span class='ocrx_word' id='word_1_84' title='bbox 1892 1160 2068 1202; x_wconf 68' lang='lat' dir='ltr'><strong>etet-us</strong></span> 
     </span>
    </p>
   </div>
   <div class='ocr_carea' id='block_1_14' title="bbox 488 1238 2068 1302">
    <p class='ocr_par' dir='ltr' id='par_1_14' title="bbox 488 1238 2068 1302">
     <span class='ocr_line' id='line_1_14' title="bbox 488 1238 2068 1302; baseline 0 -9"><span class='ocrx_word' id='word_1_85' title='bbox 488 1239 662 1295; x_wconf 76' lang='lat' dir='ltr'><strong>fartus</strong></span> <span class='ocrx_word' id='word_1_86' title='bbox 716 1251 800 1296; x_wconf 88' lang='lat' dir='ltr'><strong>est</strong></span> <span class='ocrx_word' id='word_1_87' title='bbox 854 1240 998 1302; x_wconf 83' lang='lat' dir='ltr'><strong>circa</strong></span> <span class='ocrx_word' id='word_1_88' title='bbox 1057 1242 1264 1295; x_wconf 82' lang='lat' dir='ltr'><strong>lumen.</strong></span> <span class='ocrx_word' id='word_1_89' title='bbox 1313 1240 1509 1296; x_wconf 75' lang='lat' dir='ltr'><strong>Filium</strong></span> <span class='ocrx_word' id='word_1_90' title='bbox 1572 1241 1716 1295; x_wconf 87' lang='lat' dir='ltr'><strong>enim</strong></span> <span class='ocrx_word' id='word_1_91' title='bbox 1779 1238 2068 1294; x_wconf 85' lang='lat' dir='ltr'><strong>nominans</strong></span> 
     </span>
    </p>
   </div>
   <div class='ocr_carea' id='block_1_15' title="bbox 486 1330 2065 1403">
    <p class='ocr_par' dir='ltr' id='par_1_15' title="bbox 486 1330 2065 1403">
     <span class='ocr_line' id='line_1_15' title="bbox 486 1330 2065 1403; baseline -0.001 -18"><span class='ocrx_word' id='word_1_92' title='bbox 486 1333 770 1389; x_wconf 69' lang='lat' dir='ltr'><strong>Christum</strong></span> <span class='ocrx_word' id='word_1_93' title='bbox 796 1330 1000 1401; x_wconf 84' lang='lat' dir='ltr'><strong>Patris,</strong></span> <span class='ocrx_word' id='word_1_94' title='bbox 1026 1348 1132 1388; x_wconf 88' lang='lat' dir='ltr'><strong>non</strong></span> <span class='ocrx_word' id='word_1_95' title='bbox 1166 1334 1327 1389; x_wconf 86' lang='lat' dir='ltr'><strong>datei</strong></span> <span class='ocrx_word' id='word_1_96' title='bbox 1354 1335 1498 1403; x_wconf 87' lang='lat' dir='ltr'><strong>quod</strong></span> <span class='ocrx_word' id='word_1_97' title='bbox 1534 1333 1782 1387; x_wconf 75' lang='lat' dir='ltr'><strong>eanulem</strong></span> <span class='ocrx_word' id='word_1_98' title='bbox 1815 1343 2065 1386; x_wconf 88' lang='lat' dir='ltr'><strong>naturam</strong></span> 
     </span>
    </p>
   </div>
   <div class='ocr_carea' id='block_1_16' title="bbox 488 1422 2068 1491">
    <p class='ocr_par' dir='ltr' id='par_1_16' title="bbox 488 1422 2068 1491">
     <span class='ocr_line' id='line_1_16' title="bbox 488 1422 2068 1491; baseline -0.001 -11"><span class='ocrx_word' id='word_1_99' title='bbox 488 1426 684 1480; x_wconf 84' lang='lat' dir='ltr'><strong>haheat</strong></span> <span class='ocrx_word' id='word_1_100' title='bbox 735 1441 860 1487; x_wconf 84' lang='lat' dir='ltr'><strong>eum</strong></span> <span class='ocrx_word' id='word_1_101' title='bbox 896 1424 1087 1491; x_wconf 80' lang='lat' dir='ltr'><strong>Patre,</strong></span> <span class='ocrx_word' id='word_1_102' title='bbox 1132 1428 1226 1481; x_wconf 86' lang='lat' dir='ltr'><strong>sed</strong></span> <span class='ocrx_word' id='word_1_103' title='bbox 1277 1435 1588 1481; x_wconf 81' lang='lat' dir='ltr'><strong>creaturam</strong></span> <span class='ocrx_word' id='word_1_104' title='bbox 1624 1423 1853 1479; x_wconf 87' lang='lat' dir='ltr'><strong>increati</strong></span> <span class='ocrx_word' id='word_1_105' title='bbox 1890 1422 2068 1478; x_wconf 81' lang='lat' dir='ltr'><strong>Patris</strong></span> 
     </span>
    </p>
   </div>
   <div class='ocr_carea' id='block_1_17' title="bbox 485 1513 2067 1584">
    <p class='ocr_par' dir='ltr' id='par_1_17' title="bbox 485 1513 2067 1584">
     <span class='ocr_line' id='line_1_17' title="bbox 485 1513 2067 1584; baseline -0.001 -14"><span class='ocrx_word' id='word_1_106' title='bbox 485 1518 680 1572; x_wconf 63' lang='lat' dir='ltr'><strong>l’ilinm</strong></span> <span class='ocrx_word' id='word_1_107' title='bbox 724 1517 965 1574; x_wconf 85' lang='lat' dir='ltr'><strong>fatetur:</strong></span> <span class='ocrx_word' id='word_1_108' title='bbox 996 1518 1211 1573; x_wconf 81' lang='lat' dir='ltr'><strong>tametsi</strong></span> <span class='ocrx_word' id='word_1_109' title='bbox 1264 1516 1348 1572; x_wconf 90' lang='lat' dir='ltr'><strong>vel</strong></span> <span class='ocrx_word' id='word_1_110' title='bbox 1404 1513 1625 1571; x_wconf 65' lang='lat' dir='ltr'><strong>Iudaeos</strong></span> <span class='ocrx_word' id='word_1_111' title='bbox 1673 1515 1964 1584; x_wconf 84' lang='lat' dir='ltr'><strong>oportebat</strong></span> <span class='ocrx_word' id='word_1_112' title='bbox 2011 1515 2067 1568; x_wconf 88' lang='lat' dir='ltr'><strong>in</strong></span> 
     </span>
    </p>
   </div>
   <div class='ocr_carea' id='block_1_18' title="bbox 487 1609 2069 1682">
    <p class='ocr_par' dir='ltr' id='par_1_18' title="bbox 487 1609 2069 1682">
     <span class='ocr_line' id='line_1_18' title="bbox 487 1609 2069 1682; baseline -0.003 -18"><span class='ocrx_word' id='word_1_113' title='bbox 487 1612 775 1682; x_wconf 73' lang='lat' dir='ltr'><strong>magistros</strong></span> <span class='ocrx_word' id='word_1_114' title='bbox 815 1625 1120 1672; x_wconf 85' lang='lat' dir='ltr'><strong>assumere,</strong></span> <span class='ocrx_word' id='word_1_115' title='bbox 1152 1609 1241 1679; x_wconf 84' lang='lat' dir='ltr'><strong>qui</strong></span> <span class='ocrx_word' id='word_1_116' title='bbox 1279 1621 1501 1679; x_wconf 81' lang='lat' dir='ltr'><strong>propter</strong></span> <span class='ocrx_word' id='word_1_117' title='bbox 1530 1609 1630 1664; x_wconf 90' lang='lat' dir='ltr'><strong>hoc</strong></span> <span class='ocrx_word' id='word_1_118' title='bbox 1671 1609 2069 1676; x_wconf 84' lang='lat' dir='ltr'><strong>persequeban-</strong></span> 
     </span>
    </p>
   </div>
   <div class='ocr_carea' id='block_1_19' title="bbox 486 1699 2068 1773">
    <p class='ocr_par' dir='ltr' id='par_1_19' title="bbox 486 1699 2068 1773">
     <span class='ocr_line' id='line_1_19' title="bbox 486 1699 2068 1773; baseline -0.004 -15"><span class='ocrx_word' id='word_1_119' title='bbox 486 1714 574 1758; x_wconf 81' lang='lat' dir='ltr'><strong>tur</strong></span> <span class='ocrx_word' id='word_1_120' title='bbox 623 1703 929 1767; x_wconf 88' lang='lat' dir='ltr'><strong>Dominum,</strong></span> <span class='ocrx_word' id='word_1_121' title='bbox 963 1701 1106 1773; x_wconf 88' lang='lat' dir='ltr'><strong>quod</strong></span> <span class='ocrx_word' id='word_1_122' title='bbox 1151 1716 1212 1756; x_wconf 83' lang='lat' dir='ltr'><strong>se</strong></span> <span class='ocrx_word' id='word_1_123' title='bbox 1255 1701 1451 1757; x_wconf 85' lang='lat' dir='ltr'><strong>Filium</strong></span> <span class='ocrx_word' id='word_1_124' title='bbox 1490 1701 1699 1756; x_wconf 86' lang='lat' dir='ltr'><strong>diceret</strong></span> <span class='ocrx_word' id='word_1_125' title='bbox 1751 1699 1845 1756; x_wconf 87' lang='lat' dir='ltr'><strong>Dei</strong></span> <span class='ocrx_word' id='word_1_126' title='bbox 1881 1717 1895 1753; x_wconf 92' lang='lat'><strong>:</strong></span> <span class='ocrx_word' id='word_1_127' title='bbox 1925 1701 2068 1754; x_wconf 89' lang='lat' dir='ltr'><strong>unde</strong></span> 
     </span>
    </p>
   </div>
   <div class='ocr_carea' id='block_1_20' title="bbox 2179 498 3782 574">
    <p class='ocr_par' dir='ltr' id='par_1_20' title="bbox 2179 498 3782 574">
     <span class='ocr_line' id='line_1_20' title="bbox 2179 498 3782 574; baseline 0.003 -23"><span class='ocrx_word' id='word_1_128' title='bbox 2179 499 2273 554; x_wconf 77' lang='grc' dir='ltr'><strong>καὶ</strong></span> <span class='ocrx_word' id='word_1_129' title='bbox 2307 499 2366 552; x_wconf 85' lang='grc' dir='ltr'><strong>ὲν</strong></span> <span class='ocrx_word' id='word_1_130' title='bbox 2393 498 2658 572; x_wconf 74' lang='grc' dir='ltr'><strong>Σαϐϐάτῳ</strong></span> <span class='ocrx_word' id='word_1_131' title='bbox 2679 501 2781 573; x_wconf 78' lang='grc' dir='ltr'><strong>τὴν</strong></span> <span class='ocrx_word' id='word_1_132' title='bbox 2811 501 2994 556; x_wconf 71' lang='grc' dir='ltr'><strong>κτίσιν</strong></span> <span class='ocrx_word' id='word_1_133' title='bbox 3016 499 3378 574; x_wconf 69' lang='grc' dir='ltr'><strong>διακυϐερνᾷ,</strong></span> <span class='ocrx_word' id='word_1_134' title='bbox 3427 499 3674 568; x_wconf 75' lang='grc' dir='ltr'><strong>εἰκότως</strong></span> <span class='ocrx_word' id='word_1_135' title='bbox 3687 501 3782 556; x_wconf 68' lang='grc' dir='ltr'><strong>κὰ-</strong></span> 
     </span>
    </p>
   </div>
   <div class='ocr_carea' id='block_1_21' title="bbox 2176 591 3778 665">
    <p class='ocr_par' dir='ltr' id='par_1_21' title="bbox 2176 591 3778 665">
     <span class='ocr_line' id='line_1_21' title="bbox 2176 591 3778 665; baseline 0.002 -21"><span class='ocrx_word' id='word_1_136' title='bbox 2176 591 2279 660; x_wconf 85' lang='grc' dir='ltr'><strong>γὼ,</strong></span> <span class='ocrx_word' id='word_1_137' title='bbox 2319 592 2507 662; x_wconf 64' lang='grc' dir='ltr'><strong>φησιν,</strong></span> <span class='ocrx_word' id='word_1_138' title='bbox 2537 595 2565 647; x_wconf 88' lang='lat'><strong>6</strong></span> <span class='ocrx_word' id='word_1_139' title='bbox 2596 592 2726 657; x_wconf 73' lang='lat' dir='ltr'><strong>Tib;</strong></span> <span class='ocrx_word' id='word_1_140' title='bbox 2751 592 2916 648; x_wconf 81' lang='grc' dir='ltr'><strong>αὑτοῦ</strong></span> <span class='ocrx_word' id='word_1_141' title='bbox 2955 591 3284 665; x_wconf 73' lang='grc' dir='ltr'><strong>ἐργάζομαι.</strong></span> <span class='ocrx_word' id='word_1_142' title='bbox 3309 593 3379 649; x_wconf 81' lang='lat' dir='ltr'><strong>Ol</strong></span> <span class='ocrx_word' id='word_1_143' title='bbox 3406 593 3496 660; x_wconf 79' lang='grc' dir='ltr'><strong>δὲ,</strong></span> <span class='ocrx_word' id='word_1_144' title='bbox 3517 592 3778 665; x_wconf 65' lang='grc' dir='ltr'><strong>διατηιῶ</strong></span> 
     </span>
    </p>
   </div>
   <div class='ocr_carea' id='block_1_22' title="bbox 2179 664 3779 756">
    <p class='ocr_par' dir='ltr' id='par_1_22' title="bbox 2179 664 3779 756">
     <span class='ocr_line' id='line_1_22' title="bbox 2179 664 3779 756; baseline 0.003 -22"><span class='ocrx_word' id='word_1_145' title='bbox 2179 698 2332 754; x_wconf 87' lang='grc' dir='ltr'><strong>μενοι</strong></span> <span class='ocrx_word' id='word_1_146' title='bbox 2358 682 2437 754; x_wconf 86' lang='grc' dir='ltr'><strong>τῷ</strong></span> <span class='ocrx_word' id='word_1_147' title='bbox 2466 683 2674 756; x_wconf 72' lang='grc' dir='ltr'><strong>φθόνῳ,</strong></span> <span class='ocrx_word' id='word_1_148' title='bbox 2707 683 2937 756; x_wconf 74' lang='grc' dir='ltr'><strong>ἐζήτουν</strong></span> <span class='ocrx_word' id='word_1_149' title='bbox 2971 664 3140 739; x_wconf 78' lang='grc' dir='ltr'><strong>αὑτὸν</strong></span> <span class='ocrx_word' id='word_1_150' title='bbox 3171 685 3528 748; x_wconf 76' lang='grc' dir='ltr'><strong>ἀποκτεῖναι,</strong></span> <span class='ocrx_word' id='word_1_151' title='bbox 3685 683 3779 754; x_wconf 81' lang='grc' dir='ltr'><strong>μό-</strong></span> 
     </span>
    </p>
   </div>
   <div class='ocr_carea' id='block_1_23' title="bbox 2176 772 3778 848">
    <p class='ocr_par' dir='ltr' id='par_1_23' title="bbox 2176 772 3778 848">
     <span class='ocr_line' id='line_1_23' title="bbox 2176 772 3778 848; baseline 0.004 -23"><span class='ocrx_word' id='word_1_152' title='bbox 2176 788 2286 838; x_wconf 86' lang='grc' dir='ltr'><strong>νον,</strong></span> <span class='ocrx_word' id='word_1_153' title='bbox 2342 773 2424 827; x_wconf 83' lang='grc' dir='ltr'><strong>ὄτι</strong></span> <span class='ocrx_word' id='word_1_154' title='bbox 2473 772 2600 828; x_wconf 72' lang='grc' dir='ltr'><strong>ἔλυε</strong></span> <span class='ocrx_word' id='word_1_155' title='bbox 2653 774 2716 829; x_wconf 81' lang='grc' dir='ltr'><strong>τὸ</strong></span> <span class='ocrx_word' id='word_1_156' title='bbox 2749 774 3068 842; x_wconf 75' lang='grc' dir='ltr'><strong>Σάϐϐατον,</strong></span> <span class='ocrx_word' id='word_1_157' title='bbox 3128 774 3245 829; x_wconf 81' lang='grc' dir='ltr'><strong>ἀλλ’</strong></span> <span class='ocrx_word' id='word_1_158' title='bbox 3278 775 3364 831; x_wconf 79' lang='grc' dir='ltr'><strong>δτι</strong></span> <span class='ocrx_word' id='word_1_159' title='bbox 3418 778 3523 830; x_wconf 81' lang='grc' dir='ltr'><strong>καὶ</strong></span> <span class='ocrx_word' id='word_1_160' title='bbox 3556 774 3778 848; x_wconf 68' lang='grc' dir='ltr'><strong>Πατέρα</strong></span> 
     </span>
    </p>
   </div>
   <div class='ocr_carea' id='block_1_24' title="bbox 2176 865 3776 939">
    <p class='ocr_par' dir='ltr' id='par_1_24' title="bbox 2176 865 3776 939">
     <span class='ocr_line' id='line_1_24' title="bbox 2176 865 3776 939; baseline 0.003 -20"><span class='ocrx_word' id='word_1_161' title='bbox 2176 865 2343 920; x_wconf 83' lang='grc' dir='ltr'><strong>αὑτοῦ</strong></span> <span class='ocrx_word' id='word_1_162' title='bbox 2377 866 2532 936; x_wconf 80' lang='grc' dir='ltr'><strong>ἔλεγε</strong></span> <span class='ocrx_word' id='word_1_163' title='bbox 2563 868 2656 923; x_wconf 73' lang='grc' dir='ltr'><strong>τὸν</strong></span> <span class='ocrx_word' id='word_1_164' title='bbox 2710 869 2866 935; x_wconf 81' lang='grc' dir='ltr'><strong>Θεὸν,</strong></span> <span class='ocrx_word' id='word_1_165' title='bbox 2915 872 3031 924; x_wconf 74' lang='grc' dir='ltr'><strong>ἴσον</strong></span> <span class='ocrx_word' id='word_1_166' title='bbox 3083 869 3278 924; x_wconf 73' lang='grc' dir='ltr'><strong>ἑαυτὸν</strong></span> <span class='ocrx_word' id='word_1_167' title='bbox 3317 869 3505 923; x_wconf 84' lang='grc' dir='ltr'><strong>ποιῶν</strong></span> <span class='ocrx_word' id='word_1_168' title='bbox 3534 867 3621 939; x_wconf 78' lang='grc' dir='ltr'><strong>τῷ</strong></span> <span class='ocrx_word' id='word_1_169' title='bbox 3645 867 3776 939; x_wconf 76' lang='grc' dir='ltr'><strong>Θεῷ.</strong></span> 
     </span>
    </p>
   </div>
   <div class='ocr_carea' id='block_1_25' title="bbox 2189 961 3782 1034">
    <p class='ocr_par' dir='ltr' id='par_1_25' title="bbox 2189 961 3782 1034">
     <span class='ocr_line' id='line_1_25' title="bbox 2189 961 3782 1034; baseline -0.001 -17"><span class='ocrx_word' id='word_1_170' title='bbox 2189 961 2346 1018; x_wconf 73' lang='grc' dir='ltr'><strong>Ἐπεὶ</strong></span> <span class='ocrx_word' id='word_1_171' title='bbox 2374 963 2487 1034; x_wconf 86' lang='grc' dir='ltr'><strong>γὰρ</strong></span> <span class='ocrx_word' id='word_1_172' title='bbox 2521 963 2648 1016; x_wconf 79' lang='grc' dir='ltr'><strong>Υίὸν</strong></span> <span class='ocrx_word' id='word_1_173' title='bbox 2691 962 2878 1033; x_wconf 84' lang='grc' dir='ltr'><strong>ἔλεγεν</strong></span> <span class='ocrx_word' id='word_1_174' title='bbox 2905 964 3124 1030; x_wconf 75' lang='grc' dir='ltr'><strong>ἑαυτὸν,</strong></span> <span class='ocrx_word' id='word_1_175' title='bbox 3171 963 3501 1033; x_wconf 74' lang='grc' dir='ltr'><strong>ἀναγκαίως</strong></span> <span class='ocrx_word' id='word_1_176' title='bbox 3538 963 3782 1033; x_wconf 64' lang='grc' dir='ltr'><strong>ίσότιμιον</strong></span> 
     </span>
    </p>
   </div>
   <div class='ocr_carea' id='block_1_26' title="bbox 2176 1053 3781 1128">
    <p class='ocr_par' dir='ltr' id='par_1_26' title="bbox 2176 1053 3781 1128">
     <span class='ocr_line' id='line_1_26' title="bbox 2176 1053 3781 1128; baseline -0.001 -21"><span class='ocrx_word' id='word_1_177' title='bbox 2176 1054 2352 1108; x_wconf 74' lang='grc' dir='ltr'><strong>ἐποίει</strong></span> <span class='ocrx_word' id='word_1_178' title='bbox 2388 1055 2582 1108; x_wconf 79' lang='grc' dir='ltr'><strong>ἑαυτὸν</strong></span> <span class='ocrx_word' id='word_1_179' title='bbox 2609 1055 2684 1127; x_wconf 85' lang='grc' dir='ltr'><strong>τῷ</strong></span> <span class='ocrx_word' id='word_1_180' title='bbox 2713 1055 2834 1124; x_wconf 81' lang='grc' dir='ltr'><strong>Θεῷ</strong></span> <span class='ocrx_word' id='word_1_181' title='bbox 2855 1071 2870 1086; x_wconf 90' lang='grc'><strong>·</strong></span> <span class='ocrx_word' id='word_1_182' title='bbox 2904 1057 3012 1121; x_wconf 77' lang='grc' dir='ltr'><strong>πᾶς</strong></span> <span class='ocrx_word' id='word_1_183' title='bbox 3033 1056 3146 1128; x_wconf 80' lang='grc' dir='ltr'><strong>γὰρ</strong></span> <span class='ocrx_word' id='word_1_184' title='bbox 3169 1056 3286 1121; x_wconf 81' lang='grc' dir='ltr'><strong>υίὸς</strong></span> <span class='ocrx_word' id='word_1_185' title='bbox 3306 1056 3409 1125; x_wconf 81' lang='grc' dir='ltr'><strong>τῆς</strong></span> <span class='ocrx_word' id='word_1_186' title='bbox 3445 1053 3636 1123; x_wconf 78' lang='grc' dir='ltr'><strong>αὐτῆς</strong></span> <span class='ocrx_word' id='word_1_187' title='bbox 3672 1055 3781 1107; x_wconf 73' lang='grc' dir='ltr'><strong>ἑστι</strong></span> 
     </span>
    </p>
   </div>
   <div class='ocr_carea' id='block_1_27' title="bbox 2176 1147 3784 1221">
    <p class='ocr_par' dir='ltr' id='par_1_27' title="bbox 2176 1147 3784 1221">
     <span class='ocr_line' id='line_1_27' title="bbox 2176 1147 3784 1221; baseline 0.003 -20"><span class='ocrx_word' id='word_1_188' title='bbox 2176 1148 2394 1218; x_wconf 78' lang='grc' dir='ltr'><strong>φύσεως</strong></span> <span class='ocrx_word' id='word_1_189' title='bbox 2420 1147 2498 1220; x_wconf 84' lang='grc' dir='ltr'><strong>τῷ</strong></span> <span class='ocrx_word' id='word_1_190' title='bbox 2534 1150 2725 1221; x_wconf 84' lang='grc' dir='ltr'><strong>πατρί.</strong></span> <span class='ocrx_word' id='word_1_191' title='bbox 2781 1149 2895 1205; x_wconf 82' lang='grc' dir='ltr'><strong>Ποῦ</strong></span> <span class='ocrx_word' id='word_1_192' title='bbox 2942 1151 3162 1219; x_wconf 84' lang='grc' dir='ltr'><strong>’Δρειος</strong></span> <span class='ocrx_word' id='word_1_193' title='bbox 3220 1148 3502 1216; x_wconf 78' lang='grc' dir='ltr'><strong>ὲνταῦθα;</strong></span> <span class='ocrx_word' id='word_1_194' title='bbox 3581 1150 3784 1206; x_wconf 73' lang='grc' dir='ltr'><strong>Ὄντως</strong></span> 
     </span>
    </p>
   </div>
   <div class='ocr_carea' id='block_1_28' title="bbox 2175 1241 3787 1316">
    <p class='ocr_par' dir='ltr' id='par_1_28' title="bbox 2175 1241 3787 1316">
     <span class='ocr_line' id='line_1_28' title="bbox 2175 1241 3787 1316; baseline -0.001 -21"><span class='ocrx_word' id='word_1_195' title='bbox 2175 1241 2519 1312; x_wconf 75' lang='grc' dir='ltr'><strong>τετύφλωται</strong></span> <span class='ocrx_word' id='word_1_196' title='bbox 2553 1245 2682 1315; x_wconf 74' lang='grc' dir='ltr'><strong>περὶ</strong></span> <span class='ocrx_word' id='word_1_197' title='bbox 2721 1243 2782 1298; x_wconf 77' lang='grc' dir='ltr'><strong>τὸ</strong></span> <span class='ocrx_word' id='word_1_198' title='bbox 2820 1243 2959 1315; x_wconf 81' lang='grc' dir='ltr'><strong>φῶς.</strong></span> <span class='ocrx_word' id='word_1_199' title='bbox 3018 1244 3148 1299; x_wconf 84' lang='grc' dir='ltr'><strong>Υίδν</strong></span> <span class='ocrx_word' id='word_1_200' title='bbox 3187 1245 3298 1316; x_wconf 73' lang='grc' dir='ltr'><strong>γὰρ</strong></span> <span class='ocrx_word' id='word_1_201' title='bbox 3351 1241 3660 1314; x_wconf 75' lang='grc' dir='ltr'><strong>ὀνομάζων</strong></span> <span class='ocrx_word' id='word_1_202' title='bbox 3701 1242 3787 1294; x_wconf 76' lang='grc' dir='ltr'><strong>τὸν</strong></span> 
     </span>
    </p>
   </div>
   <div class='ocr_carea' id='block_1_29' title="bbox 2175 1333 3788 1409">
    <p class='ocr_par' dir='ltr' id='par_1_29' title="bbox 2175 1333 3788 1409">
     <span class='ocr_line' id='line_1_29' title="bbox 2175 1333 3788 1409; baseline -0.002 -19"><span class='ocrx_word' id='word_1_203' title='bbox 2175 1337 2414 1404; x_wconf 81' lang='grc' dir='ltr'><strong>Χριστὸν</strong></span> <span class='ocrx_word' id='word_1_204' title='bbox 2440 1337 2537 1391; x_wconf 84' lang='grc' dir='ltr'><strong>τοῦ</strong></span> <span class='ocrx_word' id='word_1_205' title='bbox 2570 1337 2803 1407; x_wconf 79' lang='grc' dir='ltr'><strong>Πατρδς,</strong></span> <span class='ocrx_word' id='word_1_206' title='bbox 2857 1337 2959 1392; x_wconf 86' lang='grc' dir='ltr'><strong>οὑκ</strong></span> <span class='ocrx_word' id='word_1_207' title='bbox 3008 1338 3181 1392; x_wconf 71' lang='grc' dir='ltr'><strong>ἐδίδου</strong></span> <span class='ocrx_word' id='word_1_208' title='bbox 3235 1337 3390 1409; x_wconf 84' lang='grc' dir='ltr'><strong>αὑτῷ</strong></span> <span class='ocrx_word' id='word_1_209' title='bbox 3425 1336 3497 1390; x_wconf 76' lang='grc' dir='ltr'><strong>τὸ</strong></span> <span class='ocrx_word' id='word_1_210' title='bbox 3530 1337 3635 1390; x_wconf 79' lang='grc' dir='ltr'><strong>καὶ</strong></span> <span class='ocrx_word' id='word_1_211' title='bbox 3693 1333 3788 1404; x_wconf 77' lang='grc' dir='ltr'><strong>τὴν</strong></span> 
     </span>
    </p>
   </div>
   <div class='ocr_carea' id='block_1_30' title="bbox 2176 1425 3786 1502">
    <p class='ocr_par' dir='ltr' id='par_1_30' title="bbox 2176 1425 3786 1502">
     <span class='ocr_line' id='line_1_30' title="bbox 2176 1425 3786 1502; baseline 0.001 -23"><span class='ocrx_word' id='word_1_212' title='bbox 2176 1426 2348 1498; x_wconf 77' lang='grc' dir='ltr'><strong>αὐτὴν</strong></span> <span class='ocrx_word' id='word_1_213' title='bbox 2400 1427 2563 1498; x_wconf 80' lang='grc' dir='ltr'><strong>φύσιν</strong></span> <span class='ocrx_word' id='word_1_214' title='bbox 2603 1429 2752 1499; x_wconf 72' lang='grc' dir='ltr'><strong>ἔχειν</strong></span> <span class='ocrx_word' id='word_1_215' title='bbox 2784 1427 2864 1500; x_wconf 78' lang='grc' dir='ltr'><strong>τῷ</strong></span> <span class='ocrx_word' id='word_1_216' title='bbox 2896 1430 3095 1502; x_wconf 73' lang='grc' dir='ltr'><strong>Πατρὶ,</strong></span> <span class='ocrx_word' id='word_1_217' title='bbox 3131 1428 3268 1483; x_wconf 77' lang='grc' dir='ltr'>ἀλλὰ</span> <span class='ocrx_word' id='word_1_218' title='bbox 3297 1428 3520 1499; x_wconf 82' lang='grc' dir='ltr'><strong>κτίσμα</strong></span> <span class='ocrx_word' id='word_1_219' title='bbox 3567 1427 3668 1480; x_wconf 71' lang='lat' dir='ltr'><strong>tbv</strong></span> <span class='ocrx_word' id='word_1_220' title='bbox 3698 1425 3786 1480; x_wconf 71' lang='grc' dir='ltr'><strong>τοῦ</strong></span> 
     </span>
    </p>
   </div>
   <div class='ocr_carea' id='block_1_31' title="bbox 2174 1519 3789 1594">
    <p class='ocr_par' dir='ltr' id='par_1_31' title="bbox 2174 1519 3789 1594">
     <span class='ocr_line' id='line_1_31' title="bbox 2174 1519 3789 1594; baseline 0 -22"><span class='ocrx_word' id='word_1_221' title='bbox 2174 1519 2434 1574; x_wconf 85' lang='grc' dir='ltr'><strong>ἀκτίστου</strong></span> <span class='ocrx_word' id='word_1_222' title='bbox 2482 1521 2698 1593; x_wconf 77' lang='grc' dir='ltr'><strong>[ἰατρὸς</strong></span> <span class='ocrx_word' id='word_1_223' title='bbox 2745 1522 2873 1576; x_wconf 78' lang='grc' dir='ltr'><strong>Υίὺν</strong></span> <span class='ocrx_word' id='word_1_224' title='bbox 2909 1522 3206 1594; x_wconf 83' lang='grc' dir='ltr'><strong>ὡμολόγει.</strong></span> <span class='ocrx_word' id='word_1_225' title='bbox 3250 1522 3453 1577; x_wconf 80' lang='grc' dir='ltr'><strong>Καίτοι</strong></span> <span class='ocrx_word' id='word_1_226' title='bbox 3489 1519 3789 1583; x_wconf 72' lang='grc' dir='ltr'><strong>Ἰουδαίους</strong></span> 
     </span>
    </p>
   </div>
   <div class='ocr_carea' id='block_1_32' title="bbox 2175 1611 3791 1686">
    <p class='ocr_par' dir='ltr' id='par_1_32' title="bbox 2175 1611 3791 1686">
     <span class='ocr_line' id='line_1_32' title="bbox 2175 1611 3791 1686; baseline 0 -21"><span class='ocrx_word' id='word_1_227' title='bbox 2175 1613 2309 1680; x_wconf 76' lang='grc' dir='ltr'><strong>γοῦν</strong></span> <span class='ocrx_word' id='word_1_228' title='bbox 2365 1611 2474 1667; x_wconf 72' lang='grc' dir='ltr'><strong>ἔδει</strong></span> <span class='ocrx_word' id='word_1_229' title='bbox 2530 1613 2887 1679; x_wconf 76' lang='grc' dir='ltr'><strong>διδασκάλους</strong></span> <span class='ocrx_word' id='word_1_230' title='bbox 2941 1614 3304 1686; x_wconf 75' lang='grc' dir='ltr'><strong>παραλαϐεῖν,</strong></span> <span class='ocrx_word' id='word_1_231' title='bbox 3369 1615 3422 1669; x_wconf 79' lang='grc' dir='ltr'><strong>οῗ</strong></span> <span class='ocrx_word' id='word_1_232' title='bbox 3476 1614 3574 1668; x_wconf 71' lang='grc' dir='ltr'><strong>διὰ</strong></span> <span class='ocrx_word' id='word_1_233' title='bbox 3633 1613 3791 1666; x_wconf 75' lang='grc' dir='ltr'><strong>τοῦτο</strong></span> 
     </span>
    </p>
   </div>
   <div class='ocr_carea' id='block_1_33' title="bbox 2177 1703 3788 1778">
    <p class='ocr_par' dir='ltr' id='par_1_33' title="bbox 2177 1703 3788 1778">
     <span class='ocr_line' id='line_1_33' title="bbox 2177 1703 3788 1778; baseline 0.001 -21"><span class='ocrx_word' id='word_1_234' title='bbox 2177 1703 2400 1758; x_wconf 79' lang='grc' dir='ltr'><strong>ἐδίωκον</strong></span> <span class='ocrx_word' id='word_1_235' title='bbox 2431 1704 2527 1759; x_wconf 83' lang='grc' dir='ltr'><strong>τὸν</strong></span> <span class='ocrx_word' id='word_1_236' title='bbox 2557 1706 2783 1778; x_wconf 80' lang='grc' dir='ltr'><strong>Κύριον,</strong></span> <span class='ocrx_word' id='word_1_237' title='bbox 2820 1707 2906 1761; x_wconf 79' lang='grc' dir='ltr'><strong>ὅτι</strong></span> <span class='ocrx_word' id='word_1_238' title='bbox 2931 1706 3070 1761; x_wconf 82' lang='grc' dir='ltr'><strong>Υἱὺν</strong></span> <span class='ocrx_word' id='word_1_239' title='bbox 3100 1706 3296 1761; x_wconf 74' lang='grc' dir='ltr'><strong>ἑαυτὸν</strong></span> <span class='ocrx_word' id='word_1_240' title='bbox 3321 1705 3488 1775; x_wconf 70' lang='grc' dir='ltr'><strong>ἔλεγε</strong></span> <span class='ocrx_word' id='word_1_241' title='bbox 3511 1703 3616 1760; x_wconf 81' lang='grc' dir='ltr'><strong>τοῦ</strong></span> <span class='ocrx_word' id='word_1_242' title='bbox 3631 1705 3788 1760; x_wconf 75' lang='grc' dir='ltr'><strong>Θεοῦ.</strong></span> 
     </span>
    </p>
   </div>
   <div class='ocr_carea' id='block_1_34' title="bbox 487 1778 2085 1868">
    <p class='ocr_par' dir='ltr' id='par_1_34' title="bbox 487 1791 2062 1865">
     <span class='ocr_line' id='line_1_34' title="bbox 487 1791 2062 1865; baseline -0.002 -17"><span class='ocrx_word' id='word_1_243' title='bbox 487 1796 796 1851; x_wconf 85' lang='lat' dir='ltr'><strong>necessario</strong></span> <span class='ocrx_word' id='word_1_244' title='bbox 839 1795 1167 1863; x_wconf 78' lang='lat' dir='ltr'><strong>colligebant</strong></span> <span class='ocrx_word' id='word_1_245' title='bbox 1217 1793 1361 1865; x_wconf 87' lang='lat' dir='ltr'><strong>quod</strong></span> <span class='ocrx_word' id='word_1_246' title='bbox 1415 1793 1643 1863; x_wconf 69' lang='lat' dir='ltr'><strong>aequalis</strong></span> <span class='ocrx_word' id='word_1_247' title='bbox 1704 1801 1851 1848; x_wconf 86' lang='lat' dir='ltr'><strong>esset</strong></span> <span class='ocrx_word' id='word_1_248' title='bbox 1907 1791 2062 1846; x_wconf 89' lang='lat' dir='ltr'><strong>Deo:</strong></span> 
     </span>
    </p>
   </div>
   <div class='ocr_carea' id='block_1_35' title="bbox 2179 1778 3794 1868">
    <p class='ocr_par' dir='ltr' id='par_1_35' title="bbox 2184 1791 3794 1868">
     <span class='ocr_line' id='line_1_35' title="bbox 2184 1791 3794 1868; baseline 0 -20"><span class='ocrx_word' id='word_1_249' title='bbox 2184 1791 2524 1864; x_wconf 81' lang='grc' dir='ltr'><strong>’Δναγκαίως</strong></span> <span class='ocrx_word' id='word_1_250' title='bbox 2555 1796 2666 1866; x_wconf 81' lang='grc' dir='ltr'><strong>γὰρ</strong></span> <span class='ocrx_word' id='word_1_251' title='bbox 2696 1797 2981 1868; x_wconf 79' lang='grc' dir='ltr'><strong>συνήγετο,</strong></span> <span class='ocrx_word' id='word_1_252' title='bbox 3015 1798 3110 1852; x_wconf 71' lang='grc' dir='ltr'><strong>καὶ</strong></span> <span class='ocrx_word' id='word_1_253' title='bbox 3150 1796 3268 1862; x_wconf 84' lang='grc' dir='ltr'><strong>ῐσος</strong></span> <span class='ocrx_word' id='word_1_254' title='bbox 3294 1792 3443 1851; x_wconf 77' lang='grc' dir='ltr'><strong>εἶναι</strong></span> <span class='ocrx_word' id='word_1_255' title='bbox 3473 1794 3612 1868; x_wconf 83' lang='grc' dir='ltr'><strong>Θεῷ</strong></span> <span class='ocrx_word' id='word_1_256' title='bbox 3633 1811 3651 1826; x_wconf 84' lang='grc'>⁶</span> <span class='ocrx_word' id='word_1_257' title='bbox 3675 1797 3794 1849; x_wconf 69' lang='grc' dir='ltr'><strong>επεὶ</strong></span> 
     </span>
    </p>
   </div>
   <div class='ocr_carea' id='block_1_36' title="bbox 487 1882 2074 1954">
    <p class='ocr_par' dir='ltr' id='par_1_36' title="bbox 487 1882 2074 1954">
     <span class='ocr_line' id='line_1_36' title="bbox 487 1882 2074 1954; baseline 0 -17"><span class='ocrx_word' id='word_1_258' title='bbox 487 1886 742 1951; x_wconf 84' lang='lat' dir='ltr'><strong>quoniam</strong></span> <span class='ocrx_word' id='word_1_259' title='bbox 772 1886 875 1940; x_wconf 89' lang='lat' dir='ltr'><strong>nisi</strong></span> <span class='ocrx_word' id='word_1_260' title='bbox 915 1899 1105 1954; x_wconf 81' lang='lat' dir='ltr'><strong>magna</strong></span> <span class='ocrx_word' id='word_1_261' title='bbox 1145 1884 1337 1940; x_wconf 82' lang='lat' dir='ltr'><strong>fuisset</strong></span> <span class='ocrx_word' id='word_1_262' title='bbox 1365 1883 1492 1938; x_wconf 88' lang='lat' dir='ltr'><strong>Filii</strong></span> <span class='ocrx_word' id='word_1_263' title='bbox 1525 1883 1769 1952; x_wconf 78' lang='lat' dir='ltr'><strong>dignitas</strong></span> <span class='ocrx_word' id='word_1_264' title='bbox 1824 1890 1878 1938; x_wconf 92' lang='lat' dir='ltr'><strong>et</strong></span> <span class='ocrx_word' id='word_1_265' title='bbox 1911 1882 2074 1937; x_wconf 87' lang='lat' dir='ltr'><strong>fecis-</strong></span> 
     </span>
    </p>
   </div>
   <div class='ocr_carea' id='block_1_37' title="bbox 485 1973 2070 2048">
    <p class='ocr_par' dir='ltr' id='par_1_37' title="bbox 485 1973 2070 2048">
     <span class='ocr_line' id='line_1_37' title="bbox 485 1973 2070 2048; baseline -0.003 -16"><span class='ocrx_word' id='word_1_266' title='bbox 485 1989 570 2034; x_wconf 70' lang='lat' dir='ltr'><strong>svt</strong></span> <span class='ocrx_word' id='word_1_267' title='bbox 606 1994 667 2034; x_wconf 90' lang='lat' dir='ltr'><strong>se</strong></span> <span class='ocrx_word' id='word_1_268' title='bbox 696 1976 960 2048; x_wconf 66' lang='lat' dir='ltr'><strong>aequalem</strong></span> <span class='ocrx_word' id='word_1_269' title='bbox 996 1977 1126 2044; x_wconf 85' lang='lat' dir='ltr'><strong>Deo,</strong></span> <span class='ocrx_word' id='word_1_270' title='bbox 1150 1992 1318 2047; x_wconf 90' lang='lat' dir='ltr'><strong>quare</strong></span> <span class='ocrx_word' id='word_1_271' title='bbox 1352 1975 1624 2047; x_wconf 85' lang='lat' dir='ltr'><strong>persecuti</strong></span> <span class='ocrx_word' id='word_1_272' title='bbox 1656 1973 1889 2031; x_wconf 84' lang='lat' dir='ltr'><strong>fuissent</strong></span> <span class='ocrx_word' id='word_1_273' title='bbox 1922 1974 2070 2029; x_wconf 89' lang='lat' dir='ltr'><strong>illum</strong></span> 
     </span>
    </p>
   </div>
   <div class='ocr_carea' id='block_1_38' title="bbox 487 2068 696 2129">
    <p class='ocr_par' dir='ltr' id='par_1_38' title="bbox 487 2068 696 2129">
     <span class='ocr_line' id='line_1_38' title="bbox 487 2068 696 2129; baseline -0.014 -2"><span class='ocrx_word' id='word_1_274' title='bbox 487 2068 696 2129; x_wconf 63' lang='lat' dir='ltr'><strong>Iudaei?</strong></span> 
     </span>
    </p>
   </div>
   <div class='ocr_carea' id='block_1_39' title="bbox 560 2160 2068 2235">
    <p class='ocr_par' dir='ltr' id='par_1_39' title="bbox 560 2160 2068 2235">
     <span class='ocr_line' id='line_1_39' title="bbox 560 2160 2068 2235; baseline -0.003 -17"><span class='ocrx_word' id='word_1_275' title='bbox 560 2164 724 2222; x_wconf 72' lang='lat' dir='ltr'><strong>Vens.</strong></span> <span class='ocrx_word' id='word_1_276' title='bbox 751 2163 940 2222; x_wconf 71' lang='lat' dir='ltr'><strong>lii-2t.</strong></span> <span class='ocrx_word' id='word_1_277' title='bbox 966 2183 983 2214; x_wconf 73' lang='grc' dir='ltr'><strong>ι</strong></span> <span class='ocrx_word' id='word_1_278' title='bbox 1011 2162 1310 2235; x_wconf 79' lang='lat' dir='ltr'><strong>Respondit</strong></span> <span class='ocrx_word' id='word_1_279' title='bbox 1330 2162 1516 2233; x_wconf 89' lang='lat' dir='ltr'><strong>itaque</strong></span> <span class='ocrx_word' id='word_1_280' title='bbox 1531 2160 1689 2218; x_wconf 83' lang='lat' dir='ltr'><strong>Jesns</strong></span> <span class='ocrx_word' id='word_1_281' title='bbox 1710 2171 1765 2218; x_wconf 92' lang='lat' dir='ltr'><strong>et</strong></span> <span class='ocrx_word' id='word_1_282' title='bbox 1789 2161 1925 2217; x_wconf 80' lang='lat' dir='ltr'><strong>dixit</strong></span> <span class='ocrx_word' id='word_1_283' title='bbox 1949 2161 2028 2217; x_wconf 78' lang='lat' dir='ltr'><strong>eis</strong></span> <span class='ocrx_word' id='word_1_284' title='bbox 2055 2179 2068 2214; x_wconf 89' lang='lat'><strong>:</strong></span> 
     </span>
    </p>
   </div>
   <div class='ocr_carea' id='block_1_40' title="bbox 486 2251 2073 2325">
    <p class='ocr_par' dir='ltr' id='par_1_40' title="bbox 486 2251 2073 2325">
     <span class='ocr_line' id='line_1_40' title="bbox 486 2251 2073 2325; baseline -0.005 -13"><span class='ocrx_word' id='word_1_285' title='bbox 486 2260 679 2325; x_wconf 78' lang='lat' dir='ltr'><strong>Amen,</strong></span> <span class='ocrx_word' id='word_1_286' title='bbox 713 2271 872 2312; x_wconf 87' lang='lat' dir='ltr'><strong>amen</strong></span> <span class='ocrx_word' id='word_1_287' title='bbox 905 2256 1029 2313; x_wconf 86' lang='lat' dir='ltr'><strong>dico</strong></span> <span class='ocrx_word' id='word_1_288' title='bbox 1059 2255 1239 2320; x_wconf 82' lang='lat' dir='ltr'><strong>vobis,</strong></span> <span class='ocrx_word' id='word_1_289' title='bbox 1263 2269 1373 2309; x_wconf 90' lang='lat' dir='ltr'><strong>non</strong></span> <span class='ocrx_word' id='word_1_290' title='bbox 1407 2261 1586 2324; x_wconf 88' lang='lat' dir='ltr'><strong>potest</strong></span> <span class='ocrx_word' id='word_1_291' title='bbox 1617 2252 1791 2308; x_wconf 88' lang='lat' dir='ltr'><strong>Filius</strong></span> <span class='ocrx_word' id='word_1_292' title='bbox 1822 2251 2004 2308; x_wconf 88' lang='lat' dir='ltr'><strong>facere</strong></span> <span class='ocrx_word' id='word_1_293' title='bbox 2044 2268 2073 2304; x_wconf 74' lang='grc' dir='ltr'><strong>ει</strong></span> 
     </span>
    </p>
   </div>
   <div class='ocr_carea' id='block_1_41' title="bbox 484 2343 2071 2421">
    <p class='ocr_par' dir='ltr' id='par_1_41' title="bbox 484 2343 2071 2421">
     <span class='ocr_line' id='line_1_41' title="bbox 484 2343 2071 2421; baseline -0.006 -15"><span class='ocrx_word' id='word_1_294' title='bbox 484 2364 545 2406; x_wconf 87' lang='lat' dir='ltr'><strong>se</strong></span> <span class='ocrx_word' id='word_1_295' title='bbox 597 2348 898 2421; x_wconf 89' lang='lat' dir='ltr'><strong>quidquam</strong></span> <span class='ocrx_word' id='word_1_296' title='bbox 957 2348 1060 2402; x_wconf 89' lang='lat' dir='ltr'><strong>nisi</strong></span> <span class='ocrx_word' id='word_1_297' title='bbox 1098 2346 1244 2416; x_wconf 87' lang='lat' dir='ltr'><strong>quod</strong></span> <span class='ocrx_word' id='word_1_298' title='bbox 1274 2345 1473 2402; x_wconf 88' lang='lat' dir='ltr'><strong>viderit</strong></span> <span class='ocrx_word' id='word_1_299' title='bbox 1505 2343 1724 2400; x_wconf 85' lang='lat' dir='ltr'><strong>Patrem</strong></span> <span class='ocrx_word' id='word_1_300' title='bbox 1755 2343 2071 2400; x_wconf 85' lang='lat' dir='ltr'><strong>facientem.</strong></span> 
     </span>
    </p>
   </div>
   <div class='ocr_carea' id='block_1_42' title="bbox 487 2435 2072 2510">
    <p class='ocr_par' dir='ltr' id='par_1_42' title="bbox 487 2435 2072 2510">
     <span class='ocr_line' id='line_1_42' title="bbox 487 2435 2072 2510; baseline -0.001 -16"><span class='ocrx_word' id='word_1_301' title='bbox 487 2445 838 2510; x_wconf 71' lang='lat' dir='ltr'><strong>Qumcunque</strong></span> <span class='ocrx_word' id='word_1_302' title='bbox 875 2439 1021 2495; x_wconf 85' lang='lat' dir='ltr'><strong>enim</strong></span> <span class='ocrx_word' id='word_1_303' title='bbox 1058 2438 1148 2495; x_wconf 91' lang='lat' dir='ltr'><strong>ille</strong></span> <span class='ocrx_word' id='word_1_304' title='bbox 1175 2436 1389 2503; x_wconf 89' lang='lat' dir='ltr'><strong>fecerit,</strong></span> <span class='ocrx_word' id='word_1_305' title='bbox 1420 2437 1533 2493; x_wconf 61' lang='lat' dir='ltr'><strong>haec</strong></span> <span class='ocrx_word' id='word_1_306' title='bbox 1562 2436 1746 2492; x_wconf 89' lang='lat' dir='ltr'><strong>itidem</strong></span> <span class='ocrx_word' id='word_1_307' title='bbox 1795 2445 1852 2493; x_wconf 86' lang='lat' dir='ltr'><strong>et</strong></span> <span class='ocrx_word' id='word_1_308' title='bbox 1898 2435 2072 2492; x_wconf 77' lang='lat' dir='ltr'><strong>Filius</strong></span> 
     </span>
    </p>
   </div>
   <div class='ocr_carea' id='block_1_43' title="bbox 485 2511 2068 2601">
    <p class='ocr_par' dir='ltr' id='par_1_43' title="bbox 485 2511 2068 2601">
     <span class='ocr_line' id='line_1_43' title="bbox 485 2511 2068 2601; baseline -0.006 -11"><span class='ocrx_word' id='word_1_309' title='bbox 485 2535 639 2590; x_wconf 83' lang='lat' dir='ltr'><strong>facit.</strong></span> <span class='ocrx_word' id='word_1_310' title='bbox 666 2532 829 2588; x_wconf 86' lang='lat' dir='ltr'><strong>Pater</strong></span> <span class='ocrx_word' id='word_1_311' title='bbox 851 2533 997 2588; x_wconf 87' lang='lat' dir='ltr'><strong>enim</strong></span> <span class='ocrx_word' id='word_1_312' title='bbox 1039 2511 1218 2601; x_wconf 76' lang='lat' dir='ltr'><strong>diligit</strong></span> <span class='ocrx_word' id='word_1_313' title='bbox 1265 2527 1486 2595; x_wconf 85' lang='lat' dir='ltr'><strong>Filium,</strong></span> <span class='ocrx_word' id='word_1_314' title='bbox 1524 2537 1581 2584; x_wconf 91' lang='lat' dir='ltr'><strong>et</strong></span> <span class='ocrx_word' id='word_1_315' title='bbox 1630 2530 1813 2585; x_wconf 84' lang='lat' dir='ltr'><strong>omnia</strong></span> <span class='ocrx_word' id='word_1_316' title='bbox 1843 2530 2068 2585; x_wconf 79' lang='lat' dir='ltr'><strong>demon-</strong></span> 
     </span>
    </p>
   </div>
   <div class='ocr_carea' id='block_1_44' title="bbox 483 2620 2072 2697">
    <p class='ocr_par' dir='ltr' id='par_1_44' title="bbox 483 2620 2072 2697">
     <span class='ocr_line' id='line_1_44' title="bbox 483 2620 2072 2697; baseline -0.006 -13"><span class='ocrx_word' id='word_1_317' title='bbox 483 2637 623 2684; x_wconf 82' lang='lat' dir='ltr'><strong>strat</strong></span> <span class='ocrx_word' id='word_1_318' title='bbox 650 2627 699 2683; x_wconf 83' lang='lat' dir='ltr'><strong>ei</strong></span> <span class='ocrx_word' id='word_1_319' title='bbox 739 2639 861 2697; x_wconf 67' lang='lat' dir='ltr'><strong>qua:</strong></span> <span class='ocrx_word' id='word_1_320' title='bbox 894 2627 1011 2694; x_wconf 88' lang='lat' dir='ltr'><strong>ipse</strong></span> <span class='ocrx_word' id='word_1_321' title='bbox 1042 2621 1219 2680; x_wconf 84' lang='lat' dir='ltr'><strong>facit:</strong></span> <span class='ocrx_word' id='word_1_322' title='bbox 1245 2629 1299 2677; x_wconf 91' lang='lat' dir='ltr'><strong>et</strong></span> <span class='ocrx_word' id='word_1_323' title='bbox 1327 2621 1532 2692; x_wconf 81' lang='lat' dir='ltr'><strong>majora</strong></span> <span class='ocrx_word' id='word_1_324' title='bbox 1551 2622 1637 2677; x_wconf 89' lang='lat' dir='ltr'><strong>his</strong></span> <span class='ocrx_word' id='word_1_325' title='bbox 1673 2620 2072 2678; x_wconf 73' lang='lat' dir='ltr'><strong>demonstrabit</strong></span> 
     </span>
    </p>
   </div>
   <div class='ocr_carea' id='block_1_45' title="bbox 485 2713 2074 2791">
    <p class='ocr_par' dir='ltr' id='par_1_45' title="bbox 485 2713 2074 2791">
     <span class='ocr_line' id='line_1_45' title="bbox 485 2713 2074 2791; baseline -0.004 -19"><span class='ocrx_word' id='word_1_326' title='bbox 485 2721 534 2775; x_wconf 79' lang='lat' dir='ltr'><strong>ri</strong></span> <span class='ocrx_word' id='word_1_327' title='bbox 565 2735 759 2791; x_wconf 75' lang='lat' dir='ltr'><strong>opera,</strong></span> <span class='ocrx_word' id='word_1_328' title='bbox 793 2728 851 2774; x_wconf 92' lang='lat' dir='ltr'><strong>ut</strong></span> <span class='ocrx_word' id='word_1_329' title='bbox 880 2732 975 2774; x_wconf 88' lang='lat' dir='ltr'><strong>vos</strong></span> <span class='ocrx_word' id='word_1_330' title='bbox 1005 2717 1300 2772; x_wconf 84' lang='lat' dir='ltr'><strong>miremini.</strong></span> <span class='ocrx_word' id='word_1_331' title='bbox 1352 2714 1504 2770; x_wconf 89' lang='lat' dir='ltr'><strong>Sicut</strong></span> <span class='ocrx_word' id='word_1_332' title='bbox 1529 2716 1674 2771; x_wconf 84' lang='lat' dir='ltr'><strong>enim</strong></span> <span class='ocrx_word' id='word_1_333' title='bbox 1704 2714 1866 2766; x_wconf 89' lang='lat' dir='ltr'><strong>Pater</strong></span> <span class='ocrx_word' id='word_1_334' title='bbox 1898 2713 2074 2766; x_wconf 85' lang='lat' dir='ltr'><strong>susci-</strong></span> 
     </span>
    </p>
   </div>
   <div class='ocr_carea' id='block_1_46' title="bbox 487 2801 2075 2872">
    <p class='ocr_par' dir='ltr' id='par_1_46' title="bbox 487 2801 2075 2872">
     <span class='ocr_line' id='line_1_46' title="bbox 487 2801 2075 2872; baseline -0.003 -11"><span class='ocrx_word' id='word_1_335' title='bbox 487 2815 565 2862; x_wconf 88' lang='lat' dir='ltr'><strong>tat</strong></span> <span class='ocrx_word' id='word_1_336' title='bbox 607 2818 852 2862; x_wconf 88' lang='lat' dir='ltr'><strong>mortuos</strong></span> <span class='ocrx_word' id='word_1_337' title='bbox 905 2816 962 2861; x_wconf 88' lang='lat' dir='ltr'><strong>et</strong></span> <span class='ocrx_word' id='word_1_338' title='bbox 1020 2804 1284 2869; x_wconf 85' lang='lat' dir='ltr'><strong>viviﬂcat,</strong></span> <span class='ocrx_word' id='word_1_339' title='bbox 1346 2804 1426 2859; x_wconf 88' lang='lat' dir='ltr'><strong>sic</strong></span> <span class='ocrx_word' id='word_1_340' title='bbox 1482 2814 1537 2858; x_wconf 86' lang='lat' dir='ltr'><strong>et</strong></span> <span class='ocrx_word' id='word_1_341' title='bbox 1564 2801 1734 2858; x_wconf 85' lang='lat' dir='ltr'><strong>Filius</strong></span> <span class='ocrx_word' id='word_1_342' title='bbox 1779 2817 1918 2872; x_wconf 88' lang='lat' dir='ltr'><strong>quos</strong></span> <span class='ocrx_word' id='word_1_343' title='bbox 1961 2801 2075 2857; x_wconf 83' lang='lat' dir='ltr'><strong>vult</strong></span> 
     </span>
    </p>
   </div>
   <div class='ocr_carea' id='block_1_47' title="bbox 483 2894 2072 2970">
    <p class='ocr_par' dir='ltr' id='par_1_47' title="bbox 483 2894 2072 2970">
     <span class='ocr_line' id='line_1_47' title="bbox 483 2894 2072 2970; baseline -0.002 -17"><span class='ocrx_word' id='word_1_344' title='bbox 483 2899 742 2956; x_wconf 77' lang='lat' dir='ltr'><strong>vivificat.</strong></span> <span class='ocrx_word' id='word_1_345' title='bbox 779 2917 799 2951; x_wconf 72' lang='grc' dir='ltr'><strong>ι</strong></span> <span class='ocrx_word' id='word_1_346' title='bbox 849 2928 902 2940; x_wconf 90' lang='grc'><strong>-</strong></span> <span class='ocrx_word' id='word_1_347' title='bbox 931 2916 949 2949; x_wconf 80' lang='grc' dir='ltr'><strong>ι</strong></span> <span class='ocrx_word' id='word_1_348' title='bbox 978 2897 1099 2952; x_wconf 83' lang='grc' dir='ltr'><strong>Νοη</strong></span> <span class='ocrx_word' id='word_1_349' title='bbox 1149 2905 1329 2970; x_wconf 88' lang='lat' dir='ltr'><strong>potest</strong></span> <span class='ocrx_word' id='word_1_350' title='bbox 1350 2894 1524 2952; x_wconf 90' lang='lat' dir='ltr'><strong>Filius</strong></span> <span class='ocrx_word' id='word_1_351' title='bbox 1579 2911 1610 2950; x_wconf 92' lang='lat' dir='ltr'><strong>a</strong></span> <span class='ocrx_word' id='word_1_352' title='bbox 1654 2897 1837 2966; x_wconf 89' lang='lat' dir='ltr'><strong>seipso</strong></span> <span class='ocrx_word' id='word_1_353' title='bbox 1891 2895 2072 2950; x_wconf 79' lang='lat' dir='ltr'><strong>facere</strong></span> 
     </span>
    </p>
   </div>
   <div class='ocr_carea' id='block_1_48' title="bbox 486 2987 2067 3064">
    <p class='ocr_par' dir='ltr' id='par_1_48' title="bbox 486 2987 2067 3064">
     <span class='ocr_line' id='line_1_48' title="bbox 486 2987 2067 3064; baseline -0.005 -16"><span class='ocrx_word' id='word_1_354' title='bbox 486 2991 690 3064; x_wconf 89' lang='lat' dir='ltr'><strong>aliquid</strong></span> <span class='ocrx_word' id='word_1_355' title='bbox 724 3009 743 3043; x_wconf 77' lang='grc' dir='ltr'><strong>ι</strong></span> <span class='ocrx_word' id='word_1_356' title='bbox 783 2990 1084 3047; x_wconf 86' lang='lat' dir='ltr'><strong>secundum</strong></span> <span class='ocrx_word' id='word_1_357' title='bbox 1132 2990 1276 3060; x_wconf 90' lang='lat' dir='ltr'><strong>quod</strong></span> <span class='ocrx_word' id='word_1_358' title='bbox 1308 2988 1443 3044; x_wconf 80' lang='lat' dir='ltr'><strong>nihil</strong></span> <span class='ocrx_word' id='word_1_359' title='bbox 1480 2987 1714 3043; x_wconf 86' lang='lat' dir='ltr'><strong>alienum</strong></span> <span class='ocrx_word' id='word_1_360' title='bbox 1749 2987 1835 3043; x_wconf 86' lang='lat' dir='ltr'><strong>vel</strong></span> <span class='ocrx_word' id='word_1_361' title='bbox 1868 3002 2067 3043; x_wconf 86' lang='lat' dir='ltr'><strong>novum</strong></span> 
     </span>
    </p>
   </div>
   <div class='ocr_carea' id='block_1_49' title="bbox 486 3073 2140 3174">
    <p class='ocr_par' dir='ltr' id='par_1_49' title="bbox 486 3073 2140 3174">
     <span class='ocr_line' id='line_1_49' title="bbox 486 3073 2140 3174; baseline -0.004 -34"><span class='ocrx_word' id='word_1_362' title='bbox 486 3086 650 3142; x_wconf 86' lang='lat' dir='ltr'><strong>habet</strong></span> <span class='ocrx_word' id='word_1_363' title='bbox 677 3073 839 3157; x_wconf 68' lang='lat'><strong>573</strong></span> <span class='ocrx_word' id='word_1_364' title='bbox 868 3099 897 3137; x_wconf 90' lang='lat' dir='ltr'><strong>a</strong></span> <span class='ocrx_word' id='word_1_365' title='bbox 935 3083 1116 3151; x_wconf 80' lang='lat' dir='ltr'><strong>Patre,</strong></span> <span class='ocrx_word' id='word_1_366' title='bbox 1140 3084 1232 3138; x_wconf 87' lang='lat' dir='ltr'><strong>sed</strong></span> <span class='ocrx_word' id='word_1_367' title='bbox 1267 3097 1362 3152; x_wconf 87' lang='lat' dir='ltr'><strong>per</strong></span> <span class='ocrx_word' id='word_1_368' title='bbox 1393 3082 1574 3136; x_wconf 86' lang='lat' dir='ltr'><strong>omnia</strong></span> <span class='ocrx_word' id='word_1_369' title='bbox 1607 3080 1800 3136; x_wconf 86' lang='lat' dir='ltr'><strong>similis</strong></span> <span class='ocrx_word' id='word_1_370' title='bbox 1852 3089 1937 3135; x_wconf 88' lang='lat' dir='ltr'><strong>est</strong></span> <span class='ocrx_word' id='word_1_371' title='bbox 1965 3078 2068 3134; x_wconf 85' lang='lat' dir='ltr'><strong>Pa-</strong></span> <span class='ocrx_word' id='word_1_372' title='bbox 2097 3115 2140 3174; x_wconf 64' lang='grc' dir='ltr'>ο</span> 
     </span>
    </p>
   </div>
   <div class='ocr_carea' id='block_1_50' title="bbox 485 3173 2069 3247">
    <p class='ocr_par' dir='ltr' id='par_1_50' title="bbox 485 3173 2069 3247">
     <span class='ocr_line' id='line_1_50' title="bbox 485 3173 2069 3247; baseline -0.003 -16"><span class='ocrx_word' id='word_1_373' title='bbox 485 3177 556 3232; x_wconf 83' lang='lat' dir='ltr'><strong>tri</strong></span> <span class='ocrx_word' id='word_1_374' title='bbox 589 3191 807 3247; x_wconf 82' lang='lat' dir='ltr'><strong>:neque</strong></span> <span class='ocrx_word' id='word_1_375' title='bbox 855 3174 1018 3230; x_wconf 83' lang='lat' dir='ltr'><strong>aliam</strong></span> <span class='ocrx_word' id='word_1_376' title='bbox 1074 3173 1239 3229; x_wconf 91' lang='lat' dir='ltr'><strong>habet</strong></span> <span class='ocrx_word' id='word_1_377' title='bbox 1287 3173 1679 3235; x_wconf 86' lang='lat' dir='ltr'><strong>substantiam.</strong></span> <span class='ocrx_word' id='word_1_378' title='bbox 1710 3184 1769 3227; x_wconf 90' lang='lat' dir='ltr'><strong>nt</strong></span> <span class='ocrx_word' id='word_1_379' title='bbox 1809 3181 1863 3227; x_wconf 92' lang='lat' dir='ltr'><strong>et</strong></span> <span class='ocrx_word' id='word_1_380' title='bbox 1905 3173 2069 3226; x_wconf 87' lang='lat' dir='ltr'><strong>aliam</strong></span> 
     </span>
    </p>
   </div>
   <div class='ocr_carea' id='block_1_51' title="bbox 484 3266 2074 3339">
    <p class='ocr_par' dir='ltr' id='par_1_51' title="bbox 484 3266 2074 3339">
     <span class='ocr_line' id='line_1_51' title="bbox 484 3266 2074 3339; baseline 0 -17"><span class='ocrx_word' id='word_1_381' title='bbox 484 3271 747 3328; x_wconf 73' lang='lat' dir='ltr'><strong>virtutem</strong></span> <span class='ocrx_word' id='word_1_382' title='bbox 799 3269 1029 3334; x_wconf 86' lang='lat' dir='ltr'><strong>habeat,</strong></span> <span class='ocrx_word' id='word_1_383' title='bbox 1060 3277 1115 3324; x_wconf 87' lang='lat' dir='ltr'><strong>et</strong></span> <span class='ocrx_word' id='word_1_384' title='bbox 1138 3281 1536 3339; x_wconf 86' lang='lat' dir='ltr'><strong>consequenter</strong></span> <span class='ocrx_word' id='word_1_385' title='bbox 1598 3267 1760 3322; x_wconf 87' lang='lat' dir='ltr'><strong>aliam</strong></span> <span class='ocrx_word' id='word_1_386' title='bbox 1800 3266 2074 3337; x_wconf 87' lang='lat' dir='ltr'><strong>operatio-</strong></span> 
     </span>
    </p>
   </div>
   <div class='ocr_carea' id='block_1_52' title="bbox 491 3361 2073 3433">
    <p class='ocr_par' dir='ltr' id='par_1_52' title="bbox 491 3361 2073 3433">
     <span class='ocr_line' id='line_1_52' title="bbox 491 3361 2073 3433; baseline -0.004 -15"><span class='ocrx_word' id='word_1_387' title='bbox 491 3380 613 3418; x_wconf 86' lang='lat' dir='ltr'><strong>nem</strong></span> <span class='ocrx_word' id='word_1_388' title='bbox 642 3381 658 3430; x_wconf 87' lang='lat'><strong>;</strong></span> <span class='ocrx_word' id='word_1_389' title='bbox 691 3363 782 3419; x_wconf 86' lang='lat' dir='ltr'><strong>sed</strong></span> <span class='ocrx_word' id='word_1_390' title='bbox 816 3363 942 3433; x_wconf 88' lang='lat' dir='ltr'><strong>quia</strong></span> <span class='ocrx_word' id='word_1_391' title='bbox 971 3361 1218 3416; x_wconf 86' lang='lat' dir='ltr'><strong>eamdem</strong></span> <span class='ocrx_word' id='word_1_392' title='bbox 1272 3363 1436 3416; x_wconf 81' lang='lat' dir='ltr'><strong>habet</strong></span> <span class='ocrx_word' id='word_1_393' title='bbox 1485 3361 1875 3421; x_wconf 86' lang='lat' dir='ltr'><strong>substantiam,</strong></span> <span class='ocrx_word' id='word_1_394' title='bbox 1923 3375 2073 3413; x_wconf 81' lang='lat' dir='ltr'><strong>eam-</strong></span> 
     </span>
    </p>
   </div>
   <div class='ocr_carea' id='block_1_53' title="bbox 483 3451 2070 3525">
    <p class='ocr_par' dir='ltr' id='par_1_53' title="bbox 483 3451 2070 3525">
     <span class='ocr_line' id='line_1_53' title="bbox 483 3451 2070 3525; baseline -0.003 -17"><span class='ocrx_word' id='word_1_395' title='bbox 483 3459 606 3512; x_wconf 80' lang='lat' dir='ltr'><strong>dem</strong></span> <span class='ocrx_word' id='word_1_396' title='bbox 641 3459 806 3513; x_wconf 82' lang='lat' dir='ltr'><strong>habet</strong></span> <span class='ocrx_word' id='word_1_397' title='bbox 828 3465 881 3511; x_wconf 87' lang='lat' dir='ltr'><strong>et</strong></span> <span class='ocrx_word' id='word_1_398' title='bbox 910 3457 1166 3512; x_wconf 81' lang='lat' dir='ltr'><strong>virtutem</strong></span> <span class='ocrx_word' id='word_1_399' title='bbox 1202 3472 1218 3522; x_wconf 90' lang='lat'><strong>;</strong></span> <span class='ocrx_word' id='word_1_400' title='bbox 1253 3465 1305 3511; x_wconf 91' lang='lat' dir='ltr'><strong>et</strong></span> <span class='ocrx_word' id='word_1_401' title='bbox 1325 3465 1548 3525; x_wconf 82' lang='lat' dir='ltr'><strong>propter</strong></span> <span class='ocrx_word' id='word_1_402' title='bbox 1570 3455 1672 3508; x_wconf 88' lang='lat' dir='ltr'><strong>hoc</strong></span> <span class='ocrx_word' id='word_1_403' title='bbox 1693 3453 1856 3508; x_wconf 82' lang='lat' dir='ltr'><strong>etiam</strong></span> <span class='ocrx_word' id='word_1_404' title='bbox 1881 3451 2070 3505; x_wconf 82' lang='lat' dir='ltr'><strong>eadem</strong></span> 
     </span>
    </p>
   </div>
   <div class='ocr_carea' id='block_1_54' title="bbox 487 3548 2074 3621">
    <p class='ocr_par' dir='ltr' id='par_1_54' title="bbox 487 3548 2074 3621">
     <span class='ocr_line' id='line_1_54' title="bbox 487 3548 2074 3621; baseline -0.004 -18"><span class='ocrx_word' id='word_1_405' title='bbox 487 3559 770 3621; x_wconf 86' lang='lat' dir='ltr'><strong>operatur,</strong></span> <span class='ocrx_word' id='word_1_406' title='bbox 816 3559 1009 3604; x_wconf 88' lang='lat' dir='ltr'><strong>etnon</strong></span> <span class='ocrx_word' id='word_1_407' title='bbox 1042 3559 1221 3618; x_wconf 87' lang='lat' dir='ltr'><strong>potest</strong></span> <span class='ocrx_word' id='word_1_408' title='bbox 1259 3548 1404 3603; x_wconf 88' lang='lat' dir='ltr'><strong>aliud</strong></span> <span class='ocrx_word' id='word_1_409' title='bbox 1458 3549 1588 3618; x_wconf 82' lang='lat' dir='ltr'><strong>quid</strong></span> <span class='ocrx_word' id='word_1_410' title='bbox 1642 3549 1825 3603; x_wconf 83' lang='lat' dir='ltr'><strong>facere</strong></span> <span class='ocrx_word' id='word_1_411' title='bbox 1875 3555 2074 3616; x_wconf 63' lang='grc' dir='ltr'><strong>ιιι-πιαι-</strong></span> 
     </span>
    </p>
   </div>
   <div class='ocr_carea' id='block_1_55' title="bbox 485 3638 2067 3715">
    <p class='ocr_par' dir='ltr' id='par_1_55' title="bbox 485 3638 2067 3715">
     <span class='ocr_line' id='line_1_55' title="bbox 485 3638 2067 3715; baseline -0.003 -18"><span class='ocrx_word' id='word_1_412' title='bbox 485 3648 536 3700; x_wconf 82' lang='lat' dir='ltr'><strong>id</strong></span> <span class='ocrx_word' id='word_1_413' title='bbox 560 3644 703 3715; x_wconf 86' lang='lat' dir='ltr'><strong>quod</strong></span> <span class='ocrx_word' id='word_1_414' title='bbox 726 3640 885 3696; x_wconf 87' lang='lat' dir='ltr'><strong>Pater</strong></span> <span class='ocrx_word' id='word_1_415' title='bbox 917 3640 1068 3696; x_wconf 83' lang='lat' dir='ltr'><strong>facit.</strong></span> <span class='ocrx_word' id='word_1_416' title='bbox 1089 3639 1205 3694; x_wconf 87' lang='lat' dir='ltr'><strong>Non</strong></span> <span class='ocrx_word' id='word_1_417' title='bbox 1236 3641 1380 3694; x_wconf 90' lang='lat' dir='ltr'><strong>enim</strong></span> <span class='ocrx_word' id='word_1_418' title='bbox 1407 3639 1570 3694; x_wconf 86' lang='lat' dir='ltr'><strong>aliam</strong></span> <span class='ocrx_word' id='word_1_419' title='bbox 1598 3639 1854 3693; x_wconf 89' lang='lat' dir='ltr'><strong>virtutem</strong></span> <span class='ocrx_word' id='word_1_420' title='bbox 1886 3638 2067 3700; x_wconf 73' lang='lat' dir='ltr'><strong>habet,</strong></span> 
     </span>
    </p>
   </div>
   <div class='ocr_carea' id='block_1_56' title="bbox 489 3730 2070 3804">
    <p class='ocr_par' dir='ltr' id='par_1_56' title="bbox 489 3730 2070 3804">
     <span class='ocr_line' id='line_1_56' title="bbox 489 3730 2070 3804; baseline -0.005 -16"><span class='ocrx_word' id='word_1_421' title='bbox 489 3738 574 3792; x_wconf 89' lang='lat' dir='ltr'><strong>vel</strong></span> <span class='ocrx_word' id='word_1_422' title='bbox 635 3734 978 3793; x_wconf 83' lang='lat' dir='ltr'><strong>inferiorem,</strong></span> <span class='ocrx_word' id='word_1_423' title='bbox 1011 3730 1468 3804; x_wconf 72' lang='lat' dir='ltr'><strong>veLsuperiorcm</strong></span> <span class='ocrx_word' id='word_1_424' title='bbox 1531 3739 1792 3799; x_wconf 85' lang='lat' dir='ltr'><strong>paterna;</strong></span> <span class='ocrx_word' id='word_1_425' title='bbox 1832 3730 1926 3783; x_wconf 84' lang='lat' dir='ltr'><strong>sed</strong></span> <span class='ocrx_word' id='word_1_426' title='bbox 1967 3743 2070 3782; x_wconf 89' lang='lat' dir='ltr'><strong>una</strong></span> 
     </span>
    </p>
   </div>
   <div class='ocr_carea' id='block_1_57' title="bbox 485 3819 2074 3893">
    <p class='ocr_par' dir='ltr' id='par_1_57' title="bbox 485 3819 2074 3893">
     <span class='ocr_line' id='line_1_57' title="bbox 485 3819 2074 3893; baseline -0.009 -7"><span class='ocrx_word' id='word_1_427' title='bbox 485 3840 572 3886; x_wconf 89' lang='lat' dir='ltr'><strong>est</strong></span> <span class='ocrx_word' id='word_1_428' title='bbox 602 3829 934 3893; x_wconf 84' lang='lat' dir='ltr'><strong>substantia,</strong></span> <span class='ocrx_word' id='word_1_429' title='bbox 970 3842 1075 3881; x_wconf 90' lang='lat' dir='ltr'><strong>una</strong></span> <span class='ocrx_word' id='word_1_430' title='bbox 1118 3825 1312 3891; x_wconf 84' lang='lat' dir='ltr'><strong>virtus,</strong></span> <span class='ocrx_word' id='word_1_431' title='bbox 1359 3839 1460 3877; x_wconf 89' lang='lat' dir='ltr'><strong>una</strong></span> <span class='ocrx_word' id='word_1_432' title='bbox 1507 3820 1750 3889; x_wconf 83' lang='lat' dir='ltr'><strong>operatio</strong></span> <span class='ocrx_word' id='word_1_433' title='bbox 1799 3819 1980 3872; x_wconf 79' lang='lat' dir='ltr'><strong>Patris</strong></span> <span class='ocrx_word' id='word_1_434' title='bbox 2019 3828 2074 3872; x_wconf 83' lang='lat' dir='ltr'><strong>et</strong></span> 
     </span>
    </p>
   </div>
   <div class='ocr_carea' id='block_1_58' title="bbox 485 3913 2075 3989">
    <p class='ocr_par' dir='ltr' id='par_1_58' title="bbox 485 3913 2075 3989">
     <span class='ocr_line' id='line_1_58' title="bbox 485 3913 2075 3989; baseline -0.009 -9"><span class='ocrx_word' id='word_1_435' title='bbox 485 3925 631 3980; x_wconf 76' lang='lat' dir='ltr'><strong>Filii.</strong></span> <span class='ocrx_word' id='word_1_436' title='bbox 665 3924 939 3989; x_wconf 75' lang='lat' dir='ltr'><strong>Profecto,</strong></span> <span class='ocrx_word' id='word_1_437' title='bbox 977 3920 1174 3989; x_wconf 81' lang='lat' dir='ltr'><strong>inquit,</strong></span> <span class='ocrx_word' id='word_1_438' title='bbox 1204 3917 1298 3973; x_wconf 78' lang='lat' dir='ltr'><strong>sed</strong></span> <span class='ocrx_word' id='word_1_439' title='bbox 1350 3915 1516 3970; x_wconf 85' lang='lat' dir='ltr'><strong>Pater</strong></span> <span class='ocrx_word' id='word_1_440' title='bbox 1554 3914 1709 3984; x_wconf 68' lang='lat' dir='ltr'><strong>quasi</strong></span> <span class='ocrx_word' id='word_1_441' title='bbox 1737 3917 1926 3968; x_wconf 84' lang='lat' dir='ltr'><strong>doctor</strong></span> <span class='ocrx_word' id='word_1_442' title='bbox 1957 3913 2075 3980; x_wconf 88' lang='lat' dir='ltr'><strong>qni-</strong></span> 
     </span>
    </p>
   </div>
   <div class='ocr_carea' id='block_1_59' title="bbox 485 4007 2074 4082">
    <p class='ocr_par' dir='ltr' id='par_1_59' title="bbox 485 4007 2074 4082">
     <span class='ocr_line' id='line_1_59' title="bbox 485 4007 2074 4082; baseline -0.008 -13"><span class='ocrx_word' id='word_1_443' title='bbox 485 4020 608 4072; x_wconf 84' lang='lat' dir='ltr'><strong>dam</strong></span> <span class='ocrx_word' id='word_1_444' title='bbox 649 4024 735 4070; x_wconf 89' lang='lat' dir='ltr'><strong>est</strong></span> <span class='ocrx_word' id='word_1_445' title='bbox 768 4013 912 4080; x_wconf 86' lang='lat' dir='ltr'><strong>Filii,</strong></span> <span class='ocrx_word' id='word_1_446' title='bbox 954 4011 1357 4082; x_wconf 85' lang='lat' dir='ltr'><strong>quodammodo</strong></span> <span class='ocrx_word' id='word_1_447' title='bbox 1403 4008 1452 4062; x_wconf 82' lang='lat' dir='ltr'><strong>ei</strong></span> <span class='ocrx_word' id='word_1_448' title='bbox 1499 4007 1888 4061; x_wconf 79' lang='lat' dir='ltr'><strong>demonstrans</strong></span> <span class='ocrx_word' id='word_1_449' title='bbox 1939 4020 2074 4073; x_wconf 83' lang='lat' dir='ltr'><strong>qua-</strong></span> 
     </span>
    </p>
   </div>
   <div class='ocr_carea' id='block_1_60' title="bbox 484 4095 2072 4176">
    <p class='ocr_par' dir='ltr' id='par_1_60' title="bbox 484 4095 2072 4176">
     <span class='ocr_line' id='line_1_60' title="bbox 484 4095 2072 4176; baseline -0.011 -10"><span class='ocrx_word' id='word_1_450' title='bbox 484 4111 652 4166; x_wconf 87' lang='lat' dir='ltr'><strong>modo</strong></span> <span class='ocrx_word' id='word_1_451' title='bbox 683 4115 936 4176; x_wconf 90' lang='lat' dir='ltr'><strong>oporteat</strong></span> <span class='ocrx_word' id='word_1_452' title='bbox 963 4104 1199 4174; x_wconf 87' lang='lat' dir='ltr'><strong>operari.</strong></span> <span class='ocrx_word' id='word_1_453' title='bbox 1228 4101 1364 4155; x_wconf 82' lang='lat' dir='ltr'><strong>Nam</strong></span> <span class='ocrx_word' id='word_1_454' title='bbox 1400 4100 1501 4154; x_wconf 85' lang='lat' dir='ltr'><strong>nisi</strong></span> <span class='ocrx_word' id='word_1_455' title='bbox 1537 4098 1709 4152; x_wconf 84' lang='lat' dir='ltr'><strong>Filius</strong></span> <span class='ocrx_word' id='word_1_456' title='bbox 1746 4097 1938 4152; x_wconf 83' lang='lat' dir='ltr'><strong>viderit</strong></span> <span class='ocrx_word' id='word_1_457' title='bbox 1967 4095 2072 4149; x_wconf 88' lang='lat' dir='ltr'><strong>Pa-</strong></span> 
     </span>
    </p>
   </div>
   <div class='ocr_carea' id='block_1_61' title="bbox 486 4188 2068 4263">
    <p class='ocr_par' dir='ltr' id='par_1_61' title="bbox 486 4188 2068 4263">
     <span class='ocr_line' id='line_1_61' title="bbox 486 4188 2068 4263; baseline -0.009 -6"><span class='ocrx_word' id='word_1_458' title='bbox 486 4216 623 4258; x_wconf 91' lang='lat' dir='ltr'><strong>trem</strong></span> <span class='ocrx_word' id='word_1_459' title='bbox 659 4198 970 4260; x_wconf 83' lang='lat' dir='ltr'><strong>facientem,</strong></span> <span class='ocrx_word' id='word_1_460' title='bbox 1006 4193 1138 4249; x_wconf 89' lang='lat' dir='ltr'><strong>nihil</strong></span> <span class='ocrx_word' id='word_1_461' title='bbox 1193 4191 1351 4246; x_wconf 85' lang='lat' dir='ltr'><strong>facit.</strong></span> <span class='ocrx_word' id='word_1_462' title='bbox 1384 4191 1555 4263; x_wconf 74' lang='lat' dir='ltr'><strong>Igitur</strong></span> <span class='ocrx_word' id='word_1_463' title='bbox 1609 4190 1886 4261; x_wconf 79' lang='lat' dir='ltr'><strong>interrogo</strong></span> <span class='ocrx_word' id='word_1_464' title='bbox 1939 4188 2068 4243; x_wconf 85' lang='lat' dir='ltr'><strong>talia</strong></span> 
     </span>
    </p>
   </div>
   <div class='ocr_carea' id='block_1_62' title="bbox 487 4281 2072 4363">
    <p class='ocr_par' dir='ltr' id='par_1_62' title="bbox 487 4281 2072 4363">
     <span class='ocr_line' id='line_1_62' title="bbox 487 4281 2072 4363; baseline -0.008 -16"><span class='ocrx_word' id='word_1_465' title='bbox 487 4301 756 4363; x_wconf 75' lang='lat' dir='ltr'><strong>uagantes</strong></span> <span class='ocrx_word' id='word_1_466' title='bbox 815 4289 1002 4344; x_wconf 83' lang='lat' dir='ltr'><strong>Arium</strong></span> <span class='ocrx_word' id='word_1_467' title='bbox 1060 4295 1115 4341; x_wconf 89' lang='lat' dir='ltr'><strong>et</strong></span> <span class='ocrx_word' id='word_1_468' title='bbox 1171 4282 1530 4348; x_wconf 78' lang='lat' dir='ltr'><strong>Eunumiutn,</strong></span> <span class='ocrx_word' id='word_1_469' title='bbox 1583 4283 1855 4350; x_wconf 90' lang='lat' dir='ltr'><strong>quomodo</strong></span> <span class='ocrx_word' id='word_1_470' title='bbox 1913 4281 2072 4336; x_wconf 85' lang='lat' dir='ltr'><strong>docet</strong></span> 
     </span>
    </p>
   </div>
   <div class='ocr_carea' id='block_1_63' title="bbox 487 4373 2069 4448">
    <p class='ocr_par' dir='ltr' id='par_1_63' title="bbox 487 4373 2069 4448">
     <span class='ocr_line' id='line_1_63' title="bbox 487 4373 2069 4448; baseline -0.009 -8"><span class='ocrx_word' id='word_1_471' title='bbox 487 4387 646 4441; x_wconf 82' lang='lat' dir='ltr'><strong>Pater</strong></span> <span class='ocrx_word' id='word_1_472' title='bbox 707 4381 942 4439; x_wconf 83' lang='lat' dir='ltr'><strong>Filium‘l</strong></span> <span class='ocrx_word' id='word_1_473' title='bbox 980 4380 1032 4434; x_wconf 89' lang='lat' dir='ltr'><strong>itt</strong></span> <span class='ocrx_word' id='word_1_474' title='bbox 1088 4378 1377 4448; x_wconf 89' lang='lat' dir='ltr'><strong>sapientia,</strong></span> <span class='ocrx_word' id='word_1_475' title='bbox 1426 4378 1507 4430; x_wconf 88' lang='lat' dir='ltr'><strong>vel</strong></span> <span class='ocrx_word' id='word_1_476' title='bbox 1555 4373 1964 4430; x_wconf 87' lang='lat' dir='ltr'><strong>non?0tnnino</strong></span> <span class='ocrx_word' id='word_1_477' title='bbox 2010 4373 2069 4426; x_wconf 92' lang='lat' dir='ltr'><strong>in</strong></span> 
     </span>
    </p>
   </div>
   <div class='ocr_carea' id='block_1_64' title="bbox 2174 1882 3792 1961">
    <p class='ocr_par' dir='ltr' id='par_1_64' title="bbox 2174 1882 3792 1961">
     <span class='ocr_line' id='line_1_64' title="bbox 2174 1882 3792 1961; baseline 0.001 -23"><span class='ocrx_word' id='word_1_478' title='bbox 2174 1887 2224 1939; x_wconf 85' lang='grc' dir='ltr'><strong>εἰ</strong></span> <span class='ocrx_word' id='word_1_479' title='bbox 2260 1886 2339 1959; x_wconf 76' lang='grc' dir='ltr'><strong>μὴ</strong></span> <span class='ocrx_word' id='word_1_480' title='bbox 2367 1887 2513 1959; x_wconf 76' lang='grc' dir='ltr'><strong>μέγα</strong></span> <span class='ocrx_word' id='word_1_481' title='bbox 2541 1883 2610 1960; x_wconf 84' lang='grc' dir='ltr'><strong>ἦν</strong></span> <span class='ocrx_word' id='word_1_482' title='bbox 2628 1887 2802 1942; x_wconf 80' lang='grc' dir='ltr'><strong>τὸτοῦ</strong></span> <span class='ocrx_word' id='word_1_483' title='bbox 2833 1888 2963 1943; x_wconf 83' lang='grc' dir='ltr'><strong>Υἱοῦ</strong></span> <span class='ocrx_word' id='word_1_484' title='bbox 2985 1888 3229 1959; x_wconf 75' lang='grc' dir='ltr'><strong>ἀξίωμα,</strong></span> <span class='ocrx_word' id='word_1_485' title='bbox 3258 1889 3359 1942; x_wconf 76' lang='grc' dir='ltr'><strong>καὶ</strong></span> <span class='ocrx_word' id='word_1_486' title='bbox 3383 1891 3470 1956; x_wconf 75' lang='grc' dir='ltr'><strong>είς</strong></span> <span class='ocrx_word' id='word_1_487' title='bbox 3496 1889 3626 1944; x_wconf 75' lang='grc' dir='ltr'><strong>[σον</strong></span> <span class='ocrx_word' id='word_1_488' title='bbox 3656 1882 3792 1961; x_wconf 74' lang='grc' dir='ltr'><strong>ἦγεν</strong></span> 
     </span>
    </p>
   </div>
   <div class='ocr_carea' id='block_1_65' title="bbox 2177 1975 3632 2049">
    <p class='ocr_par' dir='ltr' id='par_1_65' title="bbox 2177 1975 3632 2049">
     <span class='ocr_line' id='line_1_65' title="bbox 2177 1975 3632 2049; baseline 0.005 -21"><span class='ocrx_word' id='word_1_489' title='bbox 2177 1975 2366 2032; x_wconf 62' lang='lat' dir='ltr'><strong>tantath</strong></span> <span class='ocrx_word' id='word_1_490' title='bbox 2394 1975 2472 2046; x_wconf 83' lang='grc' dir='ltr'><strong>τῷ</strong></span> <span class='ocrx_word' id='word_1_491' title='bbox 2505 1975 2646 2049; x_wconf 83' lang='grc' dir='ltr'><strong>Θεῷ,</strong></span> <span class='ocrx_word' id='word_1_492' title='bbox 2677 1979 2823 2041; x_wconf 83' lang='grc' dir='ltr'><strong>τίνος</strong></span> <span class='ocrx_word' id='word_1_493' title='bbox 2847 1979 3036 2035; x_wconf 70' lang='grc' dir='ltr'><strong>ἕνεκεν</strong></span> <span class='ocrx_word' id='word_1_494' title='bbox 3058 1978 3285 2034; x_wconf 70' lang='grc' dir='ltr'><strong>ἐδίωκον</strong></span> <span class='ocrx_word' id='word_1_495' title='bbox 3304 1979 3482 2034; x_wconf 84' lang='grc' dir='ltr'><strong>αὐτόν</strong></span> <span class='ocrx_word' id='word_1_496' title='bbox 3507 1996 3527 2046; x_wconf 86' lang='lat'><strong>;</strong></span> <span class='ocrx_word' id='word_1_497' title='bbox 3629 2016 3632 2018; x_wconf 60' lang='grc' dir='ltr'><strong><em>η</em></strong></span> 
     </span>
    </p>
   </div>
   <div class='ocr_carea' id='block_1_66' title="bbox 2258 2148 3789 2227">
    <p class='ocr_par' dir='ltr' id='par_1_66' title="bbox 2258 2148 3789 2227">
     <span class='ocr_line' id='line_1_66' title="bbox 2258 2148 3789 2227; baseline 0.003 -22"><span class='ocrx_word' id='word_1_498' title='bbox 2258 2173 2277 2204; x_wconf 79' lang='grc' dir='ltr'><strong>ι</strong></span> <span class='ocrx_word' id='word_1_499' title='bbox 2305 2154 2663 2224; x_wconf 81' lang='grc' dir='ltr'><strong>Ἀπεκρίνατο</strong></span> <span class='ocrx_word' id='word_1_500' title='bbox 2679 2153 2811 2209; x_wconf 84' lang='grc' dir='ltr'><strong>οὑνὸ</strong></span> <span class='ocrx_word' id='word_1_501' title='bbox 2825 2154 3053 2227; x_wconf 78' lang='grc' dir='ltr'><strong>Ἰησοῦς,</strong></span> <span class='ocrx_word' id='word_1_502' title='bbox 3071 2148 3571 2219; x_wconf 61' lang='grc' dir='ltr'><strong>καλὶεῖπεναὺτοῖςο</strong></span> <span class='ocrx_word' id='word_1_503' title='bbox 3593 2155 3789 2226; x_wconf 55' lang='grc' dir='ltr'><strong>’Δμὴη</strong></span> 
     </span>
    </p>
   </div>
   <div class='ocr_carea' id='block_1_67' title="bbox 2174 2245 3791 2319">
    <p class='ocr_par' dir='ltr' id='par_1_67' title="bbox 2174 2245 3791 2319">
     <span class='ocr_line' id='line_1_67' title="bbox 2174 2245 3791 2319; baseline 0.001 -18"><span class='ocrx_word' id='word_1_504' title='bbox 2174 2245 2325 2318; x_wconf 76' lang='grc' dir='ltr'><strong>ἀμὴν</strong></span> <span class='ocrx_word' id='word_1_505' title='bbox 2353 2245 2498 2315; x_wconf 75' lang='grc' dir='ltr'><strong>λέγω</strong></span> <span class='ocrx_word' id='word_1_506' title='bbox 2524 2246 2675 2318; x_wconf 89' lang='grc' dir='ltr'><strong>ὑμῖν,</strong></span> <span class='ocrx_word' id='word_1_507' title='bbox 2701 2247 2762 2301; x_wconf 91' lang='grc' dir='ltr'><strong>οὑ</strong></span> <span class='ocrx_word' id='word_1_508' title='bbox 2789 2246 3017 2302; x_wconf 86' lang='grc' dir='ltr'><strong>δύναται</strong></span> <span class='ocrx_word' id='word_1_509' title='bbox 3043 2251 3072 2303; x_wconf 92' lang='lat'><strong>6</strong></span> <span class='ocrx_word' id='word_1_510' title='bbox 3094 2249 3224 2314; x_wconf 77' lang='grc' dir='ltr'>Υἱὸς</span> <span class='ocrx_word' id='word_1_511' title='bbox 3246 2251 3431 2304; x_wconf 82' lang='grc' dir='ltr'><strong>ποιεῖν</strong></span> <span class='ocrx_word' id='word_1_512' title='bbox 3452 2249 3560 2319; x_wconf 72' lang='grc' dir='ltr'><strong>ἀφ’</strong></span> <span class='ocrx_word' id='word_1_513' title='bbox 3594 2249 3791 2304; x_wconf 75' lang='grc' dir='ltr'><strong>ἑαυτοῦ</strong></span> 
     </span>
    </p>
   </div>
   <div class='ocr_carea' id='block_1_68' title="bbox 2174 2339 3792 2415">
    <p class='ocr_par' dir='ltr' id='par_1_68' title="bbox 2174 2339 3792 2415">
     <span class='ocr_line' id='line_1_68' title="bbox 2174 2339 3792 2415; baseline 0.004 -22"><span class='ocrx_word' id='word_1_514' title='bbox 2174 2339 2349 2404; x_wconf 81' lang='grc' dir='ltr'><strong>οὐδὲν,</strong></span> <span class='ocrx_word' id='word_1_515' title='bbox 2391 2340 2488 2394; x_wconf 75' lang='grc' dir='ltr'><strong>ἐὰν</strong></span> <span class='ocrx_word' id='word_1_516' title='bbox 2542 2341 2617 2412; x_wconf 87' lang='grc' dir='ltr'><strong>μή</strong></span> <span class='ocrx_word' id='word_1_517' title='bbox 2646 2357 2700 2395; x_wconf 88' lang='grc' dir='ltr'><strong>τι</strong></span> <span class='ocrx_word' id='word_1_518' title='bbox 2754 2341 2930 2414; x_wconf 79' lang='grc' dir='ltr'><strong>βλέπῃ</strong></span> <span class='ocrx_word' id='word_1_519' title='bbox 2965 2342 3058 2397; x_wconf 79' lang='grc' dir='ltr'><strong>τὸν</strong></span> <span class='ocrx_word' id='word_1_520' title='bbox 3101 2343 3330 2415; x_wconf 80' lang='grc' dir='ltr'><strong>Πατέρα</strong></span> <span class='ocrx_word' id='word_1_521' title='bbox 3384 2343 3691 2401; x_wconf 77' lang='grc' dir='ltr'><strong>ποιοῦντα.</strong></span> <span class='ocrx_word' id='word_1_522' title='bbox 3729 2346 3792 2399; x_wconf 84' lang='grc' dir='ltr'><strong>’Δ</strong></span> 
     </span>
    </p>
   </div>
   <div class='ocr_carea' id='block_1_69' title="bbox 2175 2431 3791 2507">
    <p class='ocr_par' dir='ltr' id='par_1_69' title="bbox 2175 2431 3791 2507">
     <span class='ocr_line' id='line_1_69' title="bbox 2175 2431 3791 2507; baseline 0.004 -21"><span class='ocrx_word' id='word_1_523' title='bbox 2175 2432 2286 2504; x_wconf 74' lang='grc' dir='ltr'><strong>γὰρ</strong></span> <span class='ocrx_word' id='word_1_524' title='bbox 2310 2431 2378 2488; x_wconf 81' lang='grc' dir='ltr'><strong>ἂν</strong></span> <span class='ocrx_word' id='word_1_525' title='bbox 2397 2432 2607 2498; x_wconf 71' lang='grc' dir='ltr'><strong>ἐκεῖνος</strong></span> <span class='ocrx_word' id='word_1_526' title='bbox 2628 2435 2782 2505; x_wconf 80' lang='grc' dir='ltr'><strong>ποιῇ,</strong></span> <span class='ocrx_word' id='word_1_527' title='bbox 2811 2434 2989 2490; x_wconf 81' lang='grc' dir='ltr'><strong>ταῦτα</strong></span> <span class='ocrx_word' id='word_1_528' title='bbox 3023 2435 3122 2491; x_wconf 81' lang='grc' dir='ltr'><strong>καὶ</strong></span> <span class='ocrx_word' id='word_1_529' title='bbox 3155 2439 3186 2490; x_wconf 97' lang='lat'><strong>6</strong></span> <span class='ocrx_word' id='word_1_530' title='bbox 3206 2436 3338 2500; x_wconf 79' lang='grc' dir='ltr'><strong>Υἱὸς</strong></span> <span class='ocrx_word' id='word_1_531' title='bbox 3365 2435 3592 2507; x_wconf 76' lang='grc' dir='ltr'><strong>ὁμοίως</strong></span> <span class='ocrx_word' id='word_1_532' title='bbox 3629 2437 3791 2492; x_wconf 77' lang='grc' dir='ltr'><strong>ποιεί.</strong></span> 
     </span>
    </p>
   </div>
   <div class='ocr_carea' id='block_1_70' title="bbox 2185 2525 3793 2599">
    <p class='ocr_par' dir='ltr' id='par_1_70' title="bbox 2185 2525 3793 2599">
     <span class='ocr_line' id='line_1_70' title="bbox 2185 2525 3793 2599; baseline -0.001 -18"><span class='ocrx_word' id='word_1_533' title='bbox 2185 2525 2244 2581; x_wconf 88' lang='lat'><strong>&#39;0</strong></span> <span class='ocrx_word' id='word_1_534' title='bbox 2268 2525 2377 2599; x_wconf 75' lang='grc' dir='ltr'><strong>γὰρ</strong></span> <span class='ocrx_word' id='word_1_535' title='bbox 2405 2527 2596 2598; x_wconf 71' lang='grc' dir='ltr'><strong>Πατὴρ</strong></span> <span class='ocrx_word' id='word_1_536' title='bbox 2620 2527 2768 2598; x_wconf 78' lang='grc' dir='ltr'><strong>φιλεῖ</strong></span> <span class='ocrx_word' id='word_1_537' title='bbox 2802 2528 2896 2583; x_wconf 80' lang='grc' dir='ltr'><strong>τὸν</strong></span> <span class='ocrx_word' id='word_1_538' title='bbox 2922 2528 3077 2595; x_wconf 77' lang='grc' dir='ltr'><strong>Υῖὸν,</strong></span> <span class='ocrx_word' id='word_1_539' title='bbox 3127 2529 3225 2583; x_wconf 80' lang='grc' dir='ltr'><strong>καὶ</strong></span> <span class='ocrx_word' id='word_1_540' title='bbox 3263 2527 3456 2584; x_wconf 78' lang='grc' dir='ltr'><strong>πάντα</strong></span> <span class='ocrx_word' id='word_1_541' title='bbox 3505 2529 3793 2583; x_wconf 82' lang='grc' dir='ltr'><strong>δείκνυσιν</strong></span> 
     </span>
    </p>
   </div>
   <div class='ocr_carea' id='block_1_71' title="bbox 2175 2617 3787 2691">
    <p class='ocr_par' dir='ltr' id='par_1_71' title="bbox 2175 2617 3787 2691">
     <span class='ocr_line' id='line_1_71' title="bbox 2175 2617 3787 2691; baseline 0.001 -18"><span class='ocrx_word' id='word_1_542' title='bbox 2175 2617 2344 2690; x_wconf 80' lang='grc' dir='ltr'><strong>αὐτῷ,</strong></span> <span class='ocrx_word' id='word_1_543' title='bbox 2369 2618 2406 2673; x_wconf 73' lang='grc' dir='ltr'><strong>ἃ</strong></span> <span class='ocrx_word' id='word_1_544' title='bbox 2429 2619 2595 2683; x_wconf 76' lang='grc' dir='ltr'><strong>αὐτὸς</strong></span> <span class='ocrx_word' id='word_1_545' title='bbox 2616 2623 2780 2688; x_wconf 88' lang='grc' dir='ltr'><strong>ποιεῖ,</strong></span> <span class='ocrx_word' id='word_1_546' title='bbox 2805 2621 2901 2675; x_wconf 76' lang='grc' dir='ltr'><strong>καὶ</strong></span> <span class='ocrx_word' id='word_1_547' title='bbox 2919 2620 3144 2691; x_wconf 76' lang='grc' dir='ltr'><strong>μείζονα</strong></span> <span class='ocrx_word' id='word_1_548' title='bbox 3173 2619 3381 2674; x_wconf 77' lang='grc' dir='ltr'><strong>τούτων</strong></span> <span class='ocrx_word' id='word_1_549' title='bbox 3406 2619 3592 2685; x_wconf 77' lang='grc' dir='ltr'><strong>δείξει</strong></span> <span class='ocrx_word' id='word_1_550' title='bbox 3639 2619 3787 2691; x_wconf 74' lang='grc' dir='ltr'><strong>αὐτῷ</strong></span> 
     </span>
    </p>
   </div>
   <div class='ocr_carea' id='block_1_72' title="bbox 2175 2708 3792 2783">
    <p class='ocr_par' dir='ltr' id='par_1_72' title="bbox 2175 2708 3792 2783">
     <span class='ocr_line' id='line_1_72' title="bbox 2175 2708 3792 2783; baseline 0 -20"><span class='ocrx_word' id='word_1_551' title='bbox 2175 2708 2335 2781; x_wconf 71' lang='grc' dir='ltr'><strong>ἔργα,</strong></span> <span class='ocrx_word' id='word_1_552' title='bbox 2354 2709 2443 2764; x_wconf 82' lang='grc' dir='ltr'><strong>ἴνα</strong></span> <span class='ocrx_word' id='word_1_553' title='bbox 2462 2711 2619 2781; x_wconf 80' lang='grc' dir='ltr'><strong>ὑμεῖς</strong></span> <span class='ocrx_word' id='word_1_554' title='bbox 2642 2708 3203 2783; x_wconf 73' lang='grc' dir='ltr'><strong>θαυμάζητε.Ὠσπερ</strong></span> <span class='ocrx_word' id='word_1_555' title='bbox 3225 2710 3340 2782; x_wconf 74' lang='grc' dir='ltr'><strong>γὰρ</strong></span> <span class='ocrx_word' id='word_1_556' title='bbox 3357 2712 3390 2766; x_wconf 92' lang='lat'><strong>6</strong></span> <span class='ocrx_word' id='word_1_557' title='bbox 3421 2710 3631 2782; x_wconf 73' lang='grc' dir='ltr'><strong>Πατήρ</strong></span> <span class='ocrx_word' id='word_1_558' title='bbox 3647 2710 3792 2781; x_wconf 79' lang='grc' dir='ltr'><strong>ιτει-</strong></span> 
     </span>
    </p>
   </div>
   <div class='ocr_carea' id='block_1_73' title="bbox 2180 2784 3790 2873">
    <p class='ocr_par' dir='ltr' id='par_1_73' title="bbox 2180 2784 3790 2873">
     <span class='ocr_line' id='line_1_73' title="bbox 2180 2784 3790 2873; baseline 0.001 -19"><span class='ocrx_word' id='word_1_559' title='bbox 2180 2817 2261 2873; x_wconf 79' lang='grc' dir='ltr'><strong>ρει</strong></span> <span class='ocrx_word' id='word_1_560' title='bbox 2289 2801 2416 2865; x_wconf 83' lang='grc' dir='ltr'><strong>τοὺς</strong></span> <span class='ocrx_word' id='word_1_561' title='bbox 2444 2802 2698 2873; x_wconf 81' lang='grc' dir='ltr'><strong>νεκροὺς,</strong></span> <span class='ocrx_word' id='word_1_562' title='bbox 2729 2801 2828 2856; x_wconf 82' lang='grc' dir='ltr'><strong>καὶ</strong></span> <span class='ocrx_word' id='word_1_563' title='bbox 2854 2784 3144 2867; x_wconf 79' lang='grc' dir='ltr'><strong>ζωοποιεῖ·</strong></span> <span class='ocrx_word' id='word_1_564' title='bbox 3167 2799 3428 2855; x_wconf 78' lang='grc' dir='ltr'><strong>οὕτωκαὶ</strong></span> <span class='ocrx_word' id='word_1_565' title='bbox 3457 2804 3488 2855; x_wconf 92' lang='lat'><strong>6</strong></span> <span class='ocrx_word' id='word_1_566' title='bbox 3517 2801 3683 2868; x_wconf 68' lang='grc' dir='ltr'><strong>Υίδς,</strong></span> <span class='ocrx_word' id='word_1_567' title='bbox 3701 2801 3790 2865; x_wconf 78' lang='grc' dir='ltr'><strong>εὑς</strong></span> 
     </span>
    </p>
   </div>
   <div class='ocr_carea' id='block_1_74' title="bbox 2177 2879 3790 2964">
    <p class='ocr_par' dir='ltr' id='par_1_74' title="bbox 2177 2879 3790 2964">
     <span class='ocr_line' id='line_1_74' title="bbox 2177 2879 3790 2964; baseline 0.004 -20"><span class='ocrx_word' id='word_1_568' title='bbox 2177 2891 2322 2945; x_wconf 79' lang='grc' dir='ltr'><strong>ϐέλει</strong></span> <span class='ocrx_word' id='word_1_569' title='bbox 2339 2892 2611 2957; x_wconf 81' lang='grc' dir='ltr'><strong>ζωοποιεῖ.</strong></span> <span class='ocrx_word' id='word_1_570' title='bbox 2626 2911 2752 2945; x_wconf 75' lang='grc' dir='ltr'><strong>ι-ι</strong></span> <span class='ocrx_word' id='word_1_571' title='bbox 2764 2894 2839 2947; x_wconf 88' lang='grc' dir='ltr'><strong>Οὑ</strong></span> <span class='ocrx_word' id='word_1_572' title='bbox 2856 2893 3080 2948; x_wconf 76' lang='grc' dir='ltr'><strong>δύναται</strong></span> <span class='ocrx_word' id='word_1_573' title='bbox 3092 2895 3119 2946; x_wconf 92' lang='lat'><strong>6</strong></span> <span class='ocrx_word' id='word_1_574' title='bbox 3130 2895 3259 2958; x_wconf 81' lang='grc' dir='ltr'><strong>Υἱὸς</strong></span> <span class='ocrx_word' id='word_1_575' title='bbox 3273 2879 3453 2949; x_wconf 81' lang='grc' dir='ltr'><strong>ποιεῖν</strong></span> <span class='ocrx_word' id='word_1_576' title='bbox 3469 2895 3576 2964; x_wconf 74' lang='grc' dir='ltr'><strong>ἀφ’</strong></span> <span class='ocrx_word' id='word_1_577' title='bbox 3592 2894 3790 2950; x_wconf 64' lang='grc' dir='ltr'><strong>ἑαυτοῦ</strong></span> 
     </span>
    </p>
   </div>
   <div class='ocr_carea' id='block_1_75' title="bbox 2173 2984 3788 3059">
    <p class='ocr_par' dir='ltr' id='par_1_75' title="bbox 2173 2984 3788 3059">
     <span class='ocr_line' id='line_1_75' title="bbox 2173 2984 3788 3059; baseline 0.001 -21"><span class='ocrx_word' id='word_1_578' title='bbox 2173 2985 2383 3051; x_wconf 77' lang='grc' dir='ltr'><strong>οὑδὲν,ι</strong></span> <span class='ocrx_word' id='word_1_579' title='bbox 2418 2984 2554 3040; x_wconf 85' lang='grc' dir='ltr'><strong>καοὸ</strong></span> <span class='ocrx_word' id='word_1_580' title='bbox 2583 2985 2739 3040; x_wconf 73' lang='grc' dir='ltr'><strong>οὐδὲν</strong></span> <span class='ocrx_word' id='word_1_581' title='bbox 2779 2986 3087 3057; x_wconf 77' lang='grc' dir='ltr'><strong>ἀλλότριον,</strong></span> <span class='ocrx_word' id='word_1_582' title='bbox 3105 2986 3226 3040; x_wconf 73' lang='grc' dir='ltr'><strong>οὐδὲ</strong></span> <span class='ocrx_word' id='word_1_583' title='bbox 3256 2986 3413 3052; x_wconf 77' lang='grc' dir='ltr'><strong>ξένον</strong></span> <span class='ocrx_word' id='word_1_584' title='bbox 3433 2985 3540 3040; x_wconf 76' lang='grc' dir='ltr'><strong>τοῦ</strong></span> <span class='ocrx_word' id='word_1_585' title='bbox 3570 2987 3788 3059; x_wconf 63' lang='lat' dir='ltr'><strong>Harpe;</strong></span> 
     </span>
    </p>
   </div>
   <div class='ocr_carea' id='block_1_76' title="bbox 2174 3079 3786 3153">
    <p class='ocr_par' dir='ltr' id='par_1_76' title="bbox 2174 3079 3786 3153">
     <span class='ocr_line' id='line_1_76' title="bbox 2174 3079 3786 3153; baseline 0.002 -21"><span class='ocrx_word' id='word_1_586' title='bbox 2174 3080 2312 3152; x_wconf 79' lang='grc' dir='ltr'><strong>ἔχει,</strong></span> <span class='ocrx_word' id='word_1_587' title='bbox 2345 3079 2484 3136; x_wconf 81' lang='grc' dir='ltr'><strong>ἀλλὰ</strong></span> <span class='ocrx_word' id='word_1_588' title='bbox 2509 3081 2688 3135; x_wconf 83' lang='grc' dir='ltr'><strong>πάντα</strong></span> <span class='ocrx_word' id='word_1_589' title='bbox 2717 3080 2863 3136; x_wconf 79' lang='grc' dir='ltr'><strong>ἔοικε</strong></span> <span class='ocrx_word' id='word_1_590' title='bbox 2879 3081 2958 3153; x_wconf 84' lang='grc' dir='ltr'><strong>τῷ</strong></span> <span class='ocrx_word' id='word_1_591' title='bbox 2983 3081 3158 3153; x_wconf 84' lang='grc' dir='ltr'><strong>Πατρί</strong></span> <span class='ocrx_word' id='word_1_592' title='bbox 3181 3097 3195 3111; x_wconf 91' lang='grc'><strong>·</strong></span> <span class='ocrx_word' id='word_1_593' title='bbox 3229 3082 3326 3137; x_wconf 82' lang='grc' dir='ltr'><strong>καὶ</strong></span> <span class='ocrx_word' id='word_1_594' title='bbox 3345 3082 3452 3135; x_wconf 90' lang='grc' dir='ltr'><strong>οὑκ</strong></span> <span class='ocrx_word' id='word_1_595' title='bbox 3472 3082 3655 3153; x_wconf 69' lang='grc' dir='ltr'><strong>ἄλλην</strong></span> <span class='ocrx_word' id='word_1_596' title='bbox 3679 3084 3786 3153; x_wconf 73' lang='grc' dir='ltr'><strong>ἔχει</strong></span> 
     </span>
    </p>
   </div>
   <div class='ocr_carea' id='block_1_77' title="bbox 2181 3171 3788 3248">
    <p class='ocr_par' dir='ltr' id='par_1_77' title="bbox 2181 3171 3788 3248">
     <span class='ocr_line' id='line_1_77' title="bbox 2181 3171 3788 3248; baseline 0.001 -21"><span class='ocrx_word' id='word_1_597' title='bbox 2181 3173 2395 3242; x_wconf 81' lang='grc' dir='ltr'><strong>οὐσίαν,</strong></span> <span class='ocrx_word' id='word_1_598' title='bbox 2431 3174 2518 3227; x_wconf 77' lang='grc' dir='ltr'><strong>ἴνα</strong></span> <span class='ocrx_word' id='word_1_599' title='bbox 2549 3175 2647 3231; x_wconf 73' lang='grc' dir='ltr'><strong>καὶ</strong></span> <span class='ocrx_word' id='word_1_600' title='bbox 2685 3173 2855 3246; x_wconf 76' lang='grc' dir='ltr'><strong>ἄλλην</strong></span> <span class='ocrx_word' id='word_1_601' title='bbox 2883 3171 3115 3246; x_wconf 72' lang='grc' dir='ltr'><strong>δύναμιν</strong></span> <span class='ocrx_word' id='word_1_602' title='bbox 3145 3174 3266 3248; x_wconf 77' lang='grc' dir='ltr'><strong>ἔχῃ,</strong></span> <span class='ocrx_word' id='word_1_603' title='bbox 3319 3175 3417 3228; x_wconf 77' lang='grc' dir='ltr'><strong>καὶ</strong></span> <span class='ocrx_word' id='word_1_604' title='bbox 3460 3175 3788 3238; x_wconf 69' lang='grc' dir='ltr'><strong>ἀκολούθοις</strong></span> 
     </span>
    </p>
   </div>
   <div class='ocr_carea' id='block_1_78' title="bbox 2180 3265 3781 3339">
    <p class='ocr_par' dir='ltr' id='par_1_78' title="bbox 2180 3265 3781 3339">
     <span class='ocr_line' id='line_1_78' title="bbox 2180 3265 3781 3339; baseline 0.001 -18"><span class='ocrx_word' id='word_1_605' title='bbox 2180 3266 2351 3336; x_wconf 76' lang='grc' dir='ltr'><strong>ἄλλην</strong></span> <span class='ocrx_word' id='word_1_606' title='bbox 2397 3267 2681 3337; x_wconf 74' lang='grc' dir='ltr'><strong>ἐνέργειαν</strong></span> <span class='ocrx_word' id='word_1_607' title='bbox 2705 3283 2718 3296; x_wconf 88' lang='grc'>·</span> <span class='ocrx_word' id='word_1_608' title='bbox 2762 3266 2879 3321; x_wconf 81' lang='grc' dir='ltr'><strong>ἀλλ’</strong></span> <span class='ocrx_word' id='word_1_609' title='bbox 2911 3267 3035 3320; x_wconf 66' lang='grc' dir='ltr'><strong>ἐπεὶ</strong></span> <span class='ocrx_word' id='word_1_610' title='bbox 3061 3267 3163 3337; x_wconf 76' lang='grc' dir='ltr'><strong>τὴν</strong></span> <span class='ocrx_word' id='word_1_611' title='bbox 3191 3266 3366 3334; x_wconf 76' lang='grc' dir='ltr'><strong>αὑτὴν</strong></span> <span class='ocrx_word' id='word_1_612' title='bbox 3397 3265 3517 3339; x_wconf 82' lang='grc' dir='ltr'><strong>ἔχει</strong></span> <span class='ocrx_word' id='word_1_613' title='bbox 3567 3267 3781 3331; x_wconf 82' lang='grc' dir='ltr'><strong>οὑσίαν,</strong></span> 
     </span>
    </p>
   </div>
   <div class='ocr_carea' id='block_1_79' title="bbox 2180 3359 3783 3430">
    <p class='ocr_par' dir='ltr' id='par_1_79' title="bbox 2180 3359 3783 3430">
     <span class='ocr_line' id='line_1_79' title="bbox 2180 3359 3783 3430; baseline 0.002 -19"><span class='ocrx_word' id='word_1_614' title='bbox 2180 3359 2281 3427; x_wconf 84' lang='grc' dir='ltr'><strong>τὴν</strong></span> <span class='ocrx_word' id='word_1_615' title='bbox 2315 3359 2491 3429; x_wconf 85' lang='grc' dir='ltr'><strong>αὑτὴν</strong></span> <span class='ocrx_word' id='word_1_616' title='bbox 2531 3359 2648 3430; x_wconf 78' lang='grc' dir='ltr'><strong>ἔχει</strong></span> <span class='ocrx_word' id='word_1_617' title='bbox 2688 3359 2786 3414; x_wconf 75' lang='grc' dir='ltr'><strong>καὶ</strong></span> <span class='ocrx_word' id='word_1_618' title='bbox 2837 3359 3095 3430; x_wconf 80' lang='grc' dir='ltr'><strong>δύναμιν.</strong></span> <span class='ocrx_word' id='word_1_619' title='bbox 3139 3360 3238 3414; x_wconf 80' lang='grc' dir='ltr'><strong>Διὰ</strong></span> <span class='ocrx_word' id='word_1_620' title='bbox 3265 3359 3431 3415; x_wconf 79' lang='grc' dir='ltr'><strong>τοῦτο</strong></span> <span class='ocrx_word' id='word_1_621' title='bbox 3462 3360 3522 3414; x_wconf 79' lang='grc' dir='ltr'><strong>δὲ</strong></span> <span class='ocrx_word' id='word_1_622' title='bbox 3576 3362 3677 3415; x_wconf 78' lang='grc' dir='ltr'><strong>καὶ</strong></span> <span class='ocrx_word' id='word_1_623' title='bbox 3718 3361 3783 3414; x_wconf 70' lang='grc' dir='ltr'><strong>τὰ</strong></span> 
     </span>
    </p>
   </div>
   <div class='ocr_carea' id='block_1_80' title="bbox 2181 3452 3782 3525">
    <p class='ocr_par' dir='ltr' id='par_1_80' title="bbox 2181 3452 3782 3525">
     <span class='ocr_line' id='line_1_80' title="bbox 2181 3452 3782 3525; baseline 0.001 -18"><span class='ocrx_word' id='word_1_624' title='bbox 2181 3453 2322 3507; x_wconf 82' lang='grc' dir='ltr'><strong>αὐτὰ</strong></span> <span class='ocrx_word' id='word_1_625' title='bbox 2353 3454 2590 3522; x_wconf 72' lang='grc' dir='ltr'><strong>ἐνεργεῖ,</strong></span> <span class='ocrx_word' id='word_1_626' title='bbox 2621 3453 2718 3507; x_wconf 77' lang='grc' dir='ltr'><strong>καὶ</strong></span> <span class='ocrx_word' id='word_1_627' title='bbox 2751 3454 2814 3508; x_wconf 92' lang='grc' dir='ltr'><strong>οὑ</strong></span> <span class='ocrx_word' id='word_1_628' title='bbox 2849 3453 3077 3509; x_wconf 76' lang='grc' dir='ltr'><strong>δύναται</strong></span> <span class='ocrx_word' id='word_1_629' title='bbox 3106 3452 3236 3509; x_wconf 75' lang='grc' dir='ltr'><strong>ἄλλο</strong></span> <span class='ocrx_word' id='word_1_630' title='bbox 3263 3471 3316 3508; x_wconf 86' lang='grc' dir='ltr'><strong>τι</strong></span> <span class='ocrx_word' id='word_1_631' title='bbox 3348 3453 3614 3525; x_wconf 80' lang='grc' dir='ltr'><strong>ποιῆσαι,</strong></span> <span class='ocrx_word' id='word_1_632' title='bbox 3654 3458 3782 3520; x_wconf 81' lang='grc' dir='ltr'><strong>παρ’</strong></span> 
     </span>
    </p>
   </div>
   <div class='ocr_carea' id='block_1_81' title="bbox 2179 3545 3784 3619">
    <p class='ocr_par' dir='ltr' id='par_1_81' title="bbox 2179 3545 3784 3619">
     <span class='ocr_line' id='line_1_81' title="bbox 2179 3545 3784 3619; baseline 0.001 -20"><span class='ocrx_word' id='word_1_633' title='bbox 2179 3545 2208 3599; x_wconf 83' lang='grc' dir='ltr'><em>ὃ</em></span> <span class='ocrx_word' id='word_1_634' title='bbox 2234 3547 2263 3599; x_wconf 90' lang='lat'><strong>6</strong></span> <span class='ocrx_word' id='word_1_635' title='bbox 2299 3545 2494 3617; x_wconf 81' lang='grc' dir='ltr'><strong>Πατὴρ</strong></span> <span class='ocrx_word' id='word_1_636' title='bbox 2527 3547 2694 3599; x_wconf 86' lang='grc' dir='ltr'><strong>ποιεῖ.</strong></span> <span class='ocrx_word' id='word_1_637' title='bbox 2731 3546 2805 3600; x_wconf 87' lang='grc' dir='ltr'><strong>Οὑ</strong></span> <span class='ocrx_word' id='word_1_638' title='bbox 2831 3545 2943 3616; x_wconf 81' lang='grc' dir='ltr'><strong>γὰρ</strong></span> <span class='ocrx_word' id='word_1_639' title='bbox 2965 3546 3138 3616; x_wconf 77' lang='grc' dir='ltr'><strong>ἄλλην</strong></span> <span class='ocrx_word' id='word_1_640' title='bbox 3169 3545 3402 3616; x_wconf 84' lang='grc' dir='ltr'><strong>δύναμιν</strong></span> <span class='ocrx_word' id='word_1_641' title='bbox 3426 3547 3550 3617; x_wconf 77' lang='grc' dir='ltr'><strong>ἔχει</strong></span> <span class='ocrx_word' id='word_1_642' title='bbox 3587 3549 3626 3619; x_wconf 76' lang='grc' dir='ltr'><strong>ἢ</strong></span> <span class='ocrx_word' id='word_1_643' title='bbox 3654 3549 3784 3601; x_wconf 79' lang='grc' dir='ltr'><strong>ὑπο·</strong></span> 
     </span>
    </p>
   </div>
   <div class='ocr_carea' id='block_1_82' title="bbox 2179 3637 3781 3711">
    <p class='ocr_par' dir='ltr' id='par_1_82' title="bbox 2179 3637 3781 3711">
     <span class='ocr_line' id='line_1_82' title="bbox 2179 3637 3781 3711; baseline 0 -19"><span class='ocrx_word' id='word_1_644' title='bbox 2179 3637 2557 3710; x_wconf 84' lang='grc' dir='ltr'><strong>δεεστέραν,ἢ</strong></span> <span class='ocrx_word' id='word_1_645' title='bbox 2618 3638 2928 3710; x_wconf 79' lang='grc' dir='ltr'><strong>ὑπερτέραν</strong></span> <span class='ocrx_word' id='word_1_646' title='bbox 2961 3639 3062 3709; x_wconf 82' lang='grc' dir='ltr'><strong>τῆς</strong></span> <span class='ocrx_word' id='word_1_647' title='bbox 3114 3640 3426 3710; x_wconf 83' lang='grc' dir='ltr'><strong>πατρικῆς’</strong></span> <span class='ocrx_word' id='word_1_648' title='bbox 3482 3639 3632 3694; x_wconf 81' lang='grc' dir='ltr'><strong>ἀλλὰ</strong></span> <span class='ocrx_word' id='word_1_649' title='bbox 3688 3641 3781 3711; x_wconf 78' lang='grc' dir='ltr'><strong>μία</strong></span> 
     </span>
    </p>
   </div>
   <div class='ocr_carea' id='block_1_83' title="bbox 2179 3730 3779 3804">
    <p class='ocr_par' dir='ltr' id='par_1_83' title="bbox 2179 3730 3779 3804">
     <span class='ocr_line' id='line_1_83' title="bbox 2179 3730 3779 3804; baseline -0.001 -18"><span class='ocrx_word' id='word_1_650' title='bbox 2179 3733 2359 3799; x_wconf 87' lang='grc' dir='ltr'><strong>οὑσία,</strong></span> <span class='ocrx_word' id='word_1_651' title='bbox 2414 3732 2514 3803; x_wconf 86' lang='grc' dir='ltr'><strong>μία</strong></span> <span class='ocrx_word' id='word_1_652' title='bbox 2565 3731 2819 3803; x_wconf 81' lang='grc' dir='ltr'><strong>δύναμις,</strong></span> <span class='ocrx_word' id='word_1_653' title='bbox 2865 3730 2966 3803; x_wconf 85' lang='grc' dir='ltr'><strong>μία</strong></span> <span class='ocrx_word' id='word_1_654' title='bbox 3000 3732 3255 3802; x_wconf 78' lang='grc' dir='ltr'><strong>ἐνέργεια</strong></span> <span class='ocrx_word' id='word_1_655' title='bbox 3294 3730 3480 3803; x_wconf 83' lang='grc' dir='ltr'><strong>Πατρὶ</strong></span> <span class='ocrx_word' id='word_1_656' title='bbox 3511 3732 3617 3786; x_wconf 79' lang='grc' dir='ltr'><strong>καὶ</strong></span> <span class='ocrx_word' id='word_1_657' title='bbox 3644 3733 3779 3804; x_wconf 78' lang='grc' dir='ltr'><strong>Υἱῷ.</strong></span> 
     </span>
    </p>
   </div>
   <div class='ocr_carea' id='block_1_84' title="bbox 2182 3819 3782 3896">
    <p class='ocr_par' dir='ltr' id='par_1_84' title="bbox 2182 3819 3782 3896">
     <span class='ocr_line' id='line_1_84' title="bbox 2182 3819 3782 3896; baseline 0 -18"><span class='ocrx_word' id='word_1_658' title='bbox 2182 3826 2313 3892; x_wconf 68' lang='grc' dir='ltr'><strong>Ναὶ,</strong></span> <span class='ocrx_word' id='word_1_659' title='bbox 2336 3826 2523 3894; x_wconf 78' lang='grc' dir='ltr'><strong>φησὶν,</strong></span> <span class='ocrx_word' id='word_1_660' title='bbox 2554 3825 2672 3878; x_wconf 85' lang='grc' dir='ltr'><strong>ἀλλ’</strong></span> <span class='ocrx_word' id='word_1_661' title='bbox 2716 3819 2828 3878; x_wconf 73' lang='grc' dir='ltr'><strong>οἷόν</strong></span> <span class='ocrx_word' id='word_1_662' title='bbox 2872 3841 2957 3888; x_wconf 83' lang='grc' dir='ltr'><strong>τις</strong></span> <span class='ocrx_word' id='word_1_663' title='bbox 2985 3823 3312 3888; x_wconf 74' lang='grc' dir='ltr'><strong>διδάσκαλός</strong></span> <span class='ocrx_word' id='word_1_664' title='bbox 3349 3825 3503 3878; x_wconf 78' lang='grc' dir='ltr'><strong>ἐστιν</strong></span> <span class='ocrx_word' id='word_1_665' title='bbox 3528 3827 3561 3879; x_wconf 82' lang='grc' dir='ltr'>ὁ</span> <span class='ocrx_word' id='word_1_666' title='bbox 3593 3827 3782 3896; x_wconf 74' lang='grc' dir='ltr'><strong>Πατὴρ</strong></span> 
     </span>
    </p>
   </div>
   <div class='ocr_carea' id='block_1_85' title="bbox 2179 3915 3778 3987">
    <p class='ocr_par' dir='ltr' id='par_1_85' title="bbox 2179 3915 3778 3987">
     <span class='ocr_line' id='line_1_85' title="bbox 2179 3915 3778 3987; baseline -0.002 -15"><span class='ocrx_word' id='word_1_667' title='bbox 2179 3921 2276 3972; x_wconf 82' lang='grc' dir='ltr'><strong>τοῦ</strong></span> <span class='ocrx_word' id='word_1_668' title='bbox 2329 3918 2484 3983; x_wconf 81' lang='grc' dir='ltr'><strong>Υῖοὺ,</strong></span> <span class='ocrx_word' id='word_1_669' title='bbox 2517 3916 2890 3972; x_wconf 75' lang='grc' dir='ltr'><strong>ὑποδεικνύων</strong></span> <span class='ocrx_word' id='word_1_670' title='bbox 2929 3916 3102 3987; x_wconf 77' lang='grc' dir='ltr'><strong>αὐτῷ,</strong></span> <span class='ocrx_word' id='word_1_671' title='bbox 3153 3916 3273 3981; x_wconf 80' lang='grc' dir='ltr'><strong>πῶς</strong></span> <span class='ocrx_word' id='word_1_672' title='bbox 3299 3917 3384 3970; x_wconf 89' lang='grc' dir='ltr'><strong>δεῖ</strong></span> <span class='ocrx_word' id='word_1_673' title='bbox 3412 3915 3778 3987; x_wconf 72' lang='grc' dir='ltr'><strong>ἐργάζεσθαι.</strong></span> 
     </span>
    </p>
   </div>
   <div class='ocr_carea' id='block_1_86' title="bbox 2193 4008 3778 4082">
    <p class='ocr_par' dir='ltr' id='par_1_86' title="bbox 2193 4008 3778 4082">
     <span class='ocr_line' id='line_1_86' title="bbox 2193 4008 3778 4082; baseline -0.002 -17"><span class='ocrx_word' id='word_1_674' title='bbox 2193 4013 2323 4065; x_wconf 70' lang='grc' dir='ltr'><strong>Ἐὰν</strong></span> <span class='ocrx_word' id='word_1_675' title='bbox 2352 4012 2463 4080; x_wconf 80' lang='grc' dir='ltr'><strong>γὰρ</strong></span> <span class='ocrx_word' id='word_1_676' title='bbox 2495 4012 2571 4082; x_wconf 85' lang='grc' dir='ltr'><strong>μὴ</strong></span> <span class='ocrx_word' id='word_1_677' title='bbox 2605 4010 2781 4082; x_wconf 80' lang='grc' dir='ltr'>βλέπῃ</span> <span class='ocrx_word' id='word_1_678' title='bbox 2821 4009 2916 4064; x_wconf 77' lang='grc' dir='ltr'><strong>τὸν</strong></span> <span class='ocrx_word' id='word_1_679' title='bbox 2963 4008 3189 4081; x_wconf 81' lang='grc' dir='ltr'><strong>Πατέρα</strong></span> <span class='ocrx_word' id='word_1_680' title='bbox 3233 4010 3262 4062; x_wconf 89' lang='lat'><strong>6</strong></span> <span class='ocrx_word' id='word_1_681' title='bbox 3309 4008 3442 4072; x_wconf 77' lang='grc' dir='ltr'><strong>Υἱὸς</strong></span> <span class='ocrx_word' id='word_1_682' title='bbox 3487 4008 3778 4073; x_wconf 75' lang='grc' dir='ltr'><strong>ποιοῦντα,</strong></span> 
     </span>
    </p>
   </div>
   <div class='ocr_carea' id='block_1_87' title="bbox 2179 4099 3778 4175">
    <p class='ocr_par' dir='ltr' id='par_1_87' title="bbox 2179 4099 3778 4175">
     <span class='ocr_line' id='line_1_87' title="bbox 2179 4099 3778 4175; baseline -0.001 -18"><span class='ocrx_word' id='word_1_683' title='bbox 2179 4104 2336 4157; x_wconf 83' lang='grc' dir='ltr'><strong>οὐδὲν</strong></span> <span class='ocrx_word' id='word_1_684' title='bbox 2380 4105 2546 4159; x_wconf 85' lang='grc' dir='ltr'><strong>ποιεῖ.</strong></span> <span class='ocrx_word' id='word_1_685' title='bbox 2600 4099 2814 4158; x_wconf 80' lang='grc' dir='ltr'><strong>οὐκοῦν</strong></span> <span class='ocrx_word' id='word_1_686' title='bbox 2840 4101 3032 4173; x_wconf 74' lang='grc' dir='ltr'><strong>ἐρωτῶ</strong></span> <span class='ocrx_word' id='word_1_687' title='bbox 3083 4103 3303 4175; x_wconf 80' lang='grc' dir='ltr'><strong>Ἀρειον</strong></span> <span class='ocrx_word' id='word_1_688' title='bbox 3347 4101 3447 4156; x_wconf 84' lang='grc' dir='ltr'><strong>καὶ</strong></span> <span class='ocrx_word' id='word_1_689' title='bbox 3483 4102 3778 4174; x_wconf 78' lang='grc' dir='ltr'><strong>Εὐνόμιον,</strong></span> 
     </span>
    </p>
   </div>
   <div class='ocr_carea' id='block_1_88' title="bbox 2177 4186 3780 4268">
    <p class='ocr_par' dir='ltr' id='par_1_88' title="bbox 2177 4186 3780 4268">
     <span class='ocr_line' id='line_1_88' title="bbox 2177 4186 3780 4268; baseline -0.002 -16"><span class='ocrx_word' id='word_1_690' title='bbox 2177 4199 2307 4261; x_wconf 84' lang='grc' dir='ltr'><strong>τοὺς</strong></span> <span class='ocrx_word' id='word_1_691' title='bbox 2355 4196 2530 4264; x_wconf 75' lang='grc' dir='ltr'><strong>ταῦτα</strong></span> <span class='ocrx_word' id='word_1_692' title='bbox 2567 4194 2896 4268; x_wconf 77' lang='grc' dir='ltr'><strong>ληροῦντας,</strong></span> <span class='ocrx_word' id='word_1_693' title='bbox 2950 4197 3071 4261; x_wconf 84' lang='grc' dir='ltr'><strong>πῶς</strong></span> <span class='ocrx_word' id='word_1_694' title='bbox 3094 4196 3339 4250; x_wconf 82' lang='grc' dir='ltr'><strong>διδάσκει</strong></span> <span class='ocrx_word' id='word_1_695' title='bbox 3362 4186 3418 4250; x_wconf 69' lang='grc' dir='ltr'><strong>’ὁ</strong></span> <span class='ocrx_word' id='word_1_696' title='bbox 3457 4197 3660 4268; x_wconf 76' lang='grc' dir='ltr'><strong>Πατὴρ</strong></span> <span class='ocrx_word' id='word_1_697' title='bbox 3691 4198 3780 4250; x_wconf 70' lang='grc' dir='ltr'><strong>τὸν</strong></span> 
     </span>
    </p>
   </div>
   <div class='ocr_carea' id='block_1_89' title="bbox 2181 4288 3776 4362">
    <p class='ocr_par' dir='ltr' id='par_1_89' title="bbox 2181 4288 3776 4362">
     <span class='ocr_line' id='line_1_89' title="bbox 2181 4288 3776 4362; baseline 0.001 -18"><span class='ocrx_word' id='word_1_698' title='bbox 2181 4291 2311 4344; x_wconf 77' lang='grc' dir='ltr'><strong>Υἱόν</strong></span> <span class='ocrx_word' id='word_1_699' title='bbox 2339 4307 2356 4359; x_wconf 86' lang='grc'><strong>;</strong></span> <span class='ocrx_word' id='word_1_700' title='bbox 2387 4291 2480 4344; x_wconf 88' lang='lat' dir='ltr'><strong>‘Ev</strong></span> <span class='ocrx_word' id='word_1_701' title='bbox 2507 4290 2694 4362; x_wconf 80' lang='grc' dir='ltr'><strong>σοφίᾳ,</strong></span> <span class='ocrx_word' id='word_1_702' title='bbox 2726 4289 2760 4362; x_wconf 84' lang='grc' dir='ltr'>ἢ</span> <span class='ocrx_word' id='word_1_703' title='bbox 2791 4288 2852 4343; x_wconf 85' lang='grc' dir='ltr'><strong>οὑ</strong></span> <span class='ocrx_word' id='word_1_704' title='bbox 2883 4289 3147 4355; x_wconf 78' lang='grc' dir='ltr'><strong>ςΠάντως</strong></span> <span class='ocrx_word' id='word_1_705' title='bbox 3180 4290 3240 4343; x_wconf 73' lang='grc' dir='ltr'><strong>εν</strong></span> <span class='ocrx_word' id='word_1_706' title='bbox 3284 4288 3471 4360; x_wconf 71' lang='grc' dir='ltr'><strong>σοφία.</strong></span> <span class='ocrx_word' id='word_1_707' title='bbox 3510 4289 3617 4353; x_wconf 81' lang='grc' dir='ltr'><strong>Τίς</strong></span> <span class='ocrx_word' id='word_1_708' title='bbox 3660 4290 3776 4359; x_wconf 71' lang='grc' dir='ltr'><strong>δὲὴ</strong></span> 
     </span>
    </p>
   </div>
   <div class='ocr_carea' id='block_1_90' title="bbox 2182 4375 3779 4454">
    <p class='ocr_par' dir='ltr' id='par_1_90' title="bbox 2182 4375 3779 4454">
     <span class='ocr_line' id='line_1_90' title="bbox 2182 4375 3779 4454; baseline -0.002 -17"><span class='ocrx_word' id='word_1_709' title='bbox 2182 4383 2345 4453; x_wconf 77' lang='grc' dir='ltr'><strong>σοφία</strong></span> <span class='ocrx_word' id='word_1_710' title='bbox 2369 4380 2466 4436; x_wconf 84' lang='grc' dir='ltr'><strong>τοὺ</strong></span> <span class='ocrx_word' id='word_1_711' title='bbox 2495 4381 2670 4448; x_wconf 82' lang='grc' dir='ltr'><strong>Θεοῦ;</strong></span> <span class='ocrx_word' id='word_1_712' title='bbox 2700 4375 2831 4452; x_wconf 84' lang='lat' dir='ltr'><strong>&#39;Ap‘</strong></span> <span class='ocrx_word' id='word_1_713' title='bbox 2873 4381 2996 4454; x_wconf 77' lang='grc' dir='ltr'><strong>οὑχὶ</strong></span> <span class='ocrx_word' id='word_1_714' title='bbox 3021 4383 3049 4436; x_wconf 88' lang='lat'><strong>6</strong></span> <span class='ocrx_word' id='word_1_715' title='bbox 3074 4381 3230 4449; x_wconf 64' lang='lat'><strong>116;;</strong></span> <span class='ocrx_word' id='word_1_716' title='bbox 3281 4381 3390 4435; x_wconf 77' lang='lat' dir='ltr'><strong>Nai.</strong></span> <span class='ocrx_word' id='word_1_717' title='bbox 3433 4381 3688 4446; x_wconf 79' lang='grc' dir='ltr'><strong>πάντως.</strong></span> <span class='ocrx_word' id='word_1_718' title='bbox 3721 4380 3779 4434; x_wconf 91' lang='lat' dir='ltr'><strong>&#39;O</strong></span> 
     </span>
    </p>
   </div>
   <div class='ocr_carea' id='block_1_91' title="bbox 485 4468 2085 4549">
    <p class='ocr_par' dir='ltr' id='par_1_91' title="bbox 485 4468 2070 4549">
     <span class='ocr_line' id='line_1_91' title="bbox 485 4468 2070 4549; baseline -0.009 -15"><span class='ocrx_word' id='word_1_719' title='bbox 485 4477 776 4549; x_wconf 83' lang='lat' dir='ltr'><strong>sapientia.</strong></span> <span class='ocrx_word' id='word_1_720' title='bbox 813 4477 944 4542; x_wconf 64' lang='lat' dir='ltr'><strong>Quae</strong></span> <span class='ocrx_word' id='word_1_721' title='bbox 987 4483 1168 4528; x_wconf 85' lang='lat' dir='ltr'><strong>autem</strong></span> <span class='ocrx_word' id='word_1_722' title='bbox 1219 4471 1487 4540; x_wconf 84' lang='lat' dir='ltr'><strong>sapientia</strong></span> <span class='ocrx_word' id='word_1_723' title='bbox 1547 4469 1676 4523; x_wconf 82' lang='lat' dir='ltr'><strong>Dei?</strong></span> <span class='ocrx_word' id='word_1_724' title='bbox 1713 4468 1900 4522; x_wconf 87' lang='lat' dir='ltr'><strong>Nonne</strong></span> <span class='ocrx_word' id='word_1_725' title='bbox 1957 4468 2070 4535; x_wconf 77' lang='lat' dir='ltr'><strong>ipse</strong></span> 
     </span>
    </p>
   </div>
   <div class='ocr_carea' id='block_1_92' title="bbox 2179 4468 3774 4549">
    <p class='ocr_par' dir='ltr' id='par_1_92' title="bbox 2181 4471 3774 4547">
     <span class='ocr_line' id='line_1_92' title="bbox 2181 4471 3774 4547; baseline -0.002 -18"><span class='ocrx_word' id='word_1_726' title='bbox 2181 4477 2312 4541; x_wconf 76' lang='grc' dir='ltr'><strong>Υίδς</strong></span> <span class='ocrx_word' id='word_1_727' title='bbox 2340 4474 2450 4547; x_wconf 77' lang='grc' dir='ltr'><strong>ἄρα</strong></span> <span class='ocrx_word' id='word_1_728' title='bbox 2477 4475 2721 4530; x_wconf 79' lang='grc' dir='ltr'><strong>διδάσκει</strong></span> <span class='ocrx_word' id='word_1_729' title='bbox 2753 4474 2976 4531; x_wconf 74' lang='grc' dir='ltr'><strong>ἑαυτόν.</strong></span> <span class='ocrx_word' id='word_1_730' title='bbox 3010 4474 3188 4529; x_wconf 67' lang='grc' dir='ltr'><strong>Βαϐαῖ</strong></span> <span class='ocrx_word' id='word_1_731' title='bbox 3214 4475 3315 4545; x_wconf 78' lang='grc' dir='ltr'><strong>τῆς</strong></span> <span class='ocrx_word' id='word_1_732' title='bbox 3349 4473 3540 4536; x_wconf 78' lang='grc' dir='ltr'><strong>ἀνοίας</strong></span> <span class='ocrx_word' id='word_1_733' title='bbox 3581 4471 3774 4544; x_wconf 75' lang='grc' dir='ltr'><strong>ὑμῶνί</strong></span> 
     </span>
    </p>
   </div>
   <div class='ocr_carea' id='block_1_93' title="bbox 489 4560 2068 4637">
    <p class='ocr_par' dir='ltr' id='par_1_93' title="bbox 489 4560 2068 4637">
     <span class='ocr_line' id='line_1_93' title="bbox 489 4560 2068 4637; baseline -0.009 -10"><span class='ocrx_word' id='word_1_734' title='bbox 489 4573 655 4627; x_wconf 81' lang='lat' dir='ltr'><strong>Filius</strong></span> <span class='ocrx_word' id='word_1_735' title='bbox 670 4569 887 4624; x_wconf 85' lang='lat' dir='ltr'><strong>?.Etiam</strong></span> <span class='ocrx_word' id='word_1_736' title='bbox 913 4564 1175 4637; x_wconf 85' lang='lat' dir='ltr'><strong>profecto.</strong></span> <span class='ocrx_word' id='word_1_737' title='bbox 1203 4562 1389 4631; x_wconf 80' lang='lat' dir='ltr'><strong>itaque</strong></span> <span class='ocrx_word' id='word_1_738' title='bbox 1411 4560 1578 4616; x_wconf 86' lang='lat' dir='ltr'><strong>Filius</strong></span> <span class='ocrx_word' id='word_1_739' title='bbox 1605 4563 1762 4616; x_wconf 81' lang='lat' dir='ltr'><strong>docet</strong></span> <span class='ocrx_word' id='word_1_740' title='bbox 1803 4560 2068 4630; x_wconf 85' lang='lat' dir='ltr'><strong>seipsum.</strong></span> 
     </span>
    </p>
   </div>
   <div class='ocr_carea' id='block_1_94' title="bbox 488 4653 2070 4736">
    <p class='ocr_par' dir='ltr' id='par_1_94' title="bbox 488 4653 2070 4736">
     <span class='ocr_line' id='line_1_94' title="bbox 488 4653 2070 4736; baseline -0.009 -12"><span class='ocrx_word' id='word_1_741' title='bbox 488 4669 646 4736; x_wconf 67' lang='lat' dir='ltr'><strong>Papa:</strong></span> <span class='ocrx_word' id='word_1_742' title='bbox 707 4670 910 4733; x_wconf 87' lang='lat' dir='ltr'><strong>quanta</strong></span> <span class='ocrx_word' id='word_1_743' title='bbox 966 4667 1146 4715; x_wconf 87' lang='lat' dir='ltr'><strong>vestra</strong></span> <span class='ocrx_word' id='word_1_744' title='bbox 1199 4656 1542 4726; x_wconf 80' lang='lat' dir='ltr'><strong>insipientia!</strong></span> <span class='ocrx_word' id='word_1_745' title='bbox 1576 4653 1857 4724; x_wconf 84' lang='lat' dir='ltr'><strong>Siquidem</strong></span> <span class='ocrx_word' id='word_1_746' title='bbox 1915 4654 2070 4723; x_wconf 87' lang='lat' dir='ltr'><strong>quasi</strong></span> 
     </span>
    </p>
   </div>
   <div class='ocr_carea' id='block_1_95' title="bbox 489 4748 2067 4828">
    <p class='ocr_par' dir='ltr' id='par_1_95' title="bbox 489 4748 2067 4828">
     <span class='ocr_line' id='line_1_95' title="bbox 489 4748 2067 4828; baseline -0.01 -12"><span class='ocrx_word' id='word_1_747' title='bbox 489 4773 713 4828; x_wconf 83' lang='lat' dir='ltr'><strong>puerum</strong></span> <span class='ocrx_word' id='word_1_748' title='bbox 731 4755 1016 4826; x_wconf 86' lang='lat' dir='ltr'><strong>quemdam</strong></span> <span class='ocrx_word' id='word_1_749' title='bbox 1046 4751 1264 4807; x_wconf 89' lang='lat' dir='ltr'><strong>traditis</strong></span> <span class='ocrx_word' id='word_1_750' title='bbox 1296 4750 1435 4805; x_wconf 81' lang='lat' dir='ltr'><strong>Patri</strong></span> <span class='ocrx_word' id='word_1_751' title='bbox 1468 4749 1662 4804; x_wconf 87' lang='lat' dir='ltr'><strong>Filium</strong></span> <span class='ocrx_word' id='word_1_752' title='bbox 1689 4748 2067 4803; x_wconf 86' lang='lat' dir='ltr'><strong>erudiendum.</strong></span> 
     </span>
    </p>
   </div>
   <div class='ocr_carea' id='block_1_96' title="bbox 490 4840 2073 4923">
    <p class='ocr_par' dir='ltr' id='par_1_96' title="bbox 490 4840 2073 4923">
     <span class='ocr_line' id='line_1_96' title="bbox 490 4840 2073 4923; baseline -0.008 -17"><span class='ocrx_word' id='word_1_753' title='bbox 490 4853 600 4923; x_wconf 71' lang='lat' dir='ltr'><strong>Ego</strong></span> <span class='ocrx_word' id='word_1_754' title='bbox 640 4861 822 4906; x_wconf 87' lang='lat' dir='ltr'><strong>autem</strong></span> <span class='ocrx_word' id='word_1_755' title='bbox 857 4862 979 4903; x_wconf 90' lang='lat' dir='ltr'><strong>cum</strong></span> <span class='ocrx_word' id='word_1_756' title='bbox 1015 4845 1108 4900; x_wconf 91' lang='lat' dir='ltr'><strong>Dei</strong></span> <span class='ocrx_word' id='word_1_757' title='bbox 1139 4843 1402 4915; x_wconf 88' lang='lat' dir='ltr'><strong>sapientia</strong></span> <span class='ocrx_word' id='word_1_758' title='bbox 1433 4855 1642 4905; x_wconf 81' lang='lat' dir='ltr'><strong>assero,</strong></span> <span class='ocrx_word' id='word_1_759' title='bbox 1669 4841 1716 4895; x_wconf 91' lang='lat' dir='ltr'><strong>si</strong></span> <span class='ocrx_word' id='word_1_760' title='bbox 1746 4841 1874 4912; x_wconf 92' lang='lat' dir='ltr'><strong>quid</strong></span> <span class='ocrx_word' id='word_1_761' title='bbox 1902 4840 2073 4896; x_wconf 82' lang='lat' dir='ltr'><strong>movit</strong></span> 
     </span>
    </p>
   </div>
   <div class='ocr_carea' id='block_1_97' title="bbox 485 4934 2070 5006">
    <p class='ocr_par' dir='ltr' id='par_1_97' title="bbox 485 4934 2070 5006">
     <span class='ocr_line' id='line_1_97' title="bbox 485 4934 2070 5006; baseline -0.008 -6"><span class='ocrx_word' id='word_1_762' title='bbox 485 4946 647 4999; x_wconf 84' lang='lat' dir='ltr'><strong>Pater</strong></span> <span class='ocrx_word' id='word_1_763' title='bbox 677 4958 784 4998; x_wconf 90' lang='lat' dir='ltr'><strong>non</strong></span> <span class='ocrx_word' id='word_1_764' title='bbox 814 4941 932 4995; x_wconf 86' lang='lat' dir='ltr'><strong>sine</strong></span> <span class='ocrx_word' id='word_1_765' title='bbox 966 4938 1106 4992; x_wconf 88' lang='lat' dir='ltr'><strong>Filio</strong></span> <span class='ocrx_word' id='word_1_766' title='bbox 1138 4937 1327 4992; x_wconf 86' lang='lat' dir='ltr'><strong>movit.</strong></span> <span class='ocrx_word' id='word_1_767' title='bbox 1362 4934 1478 5006; x_wconf 90' lang='lat' dir='ltr'><strong>lpse</strong></span> <span class='ocrx_word' id='word_1_768' title='bbox 1511 4935 1654 4989; x_wconf 90' lang='lat' dir='ltr'><strong>enim</strong></span> <span class='ocrx_word' id='word_1_769' title='bbox 1688 4944 1774 4990; x_wconf 86' lang='lat' dir='ltr'><strong>est</strong></span> <span class='ocrx_word' id='word_1_770' title='bbox 1803 4934 2070 5005; x_wconf 84' lang='lat' dir='ltr'><strong>sapientia</strong></span> 
     </span>
    </p>
   </div>
   <div class='ocr_carea' id='block_1_98' title="bbox 482 5027 2068 5106">
    <p class='ocr_par' dir='ltr' id='par_1_98' title="bbox 482 5027 2068 5106">
     <span class='ocr_line' id='line_1_98' title="bbox 482 5027 2068 5106; baseline -0.007 -14"><span class='ocrx_word' id='word_1_771' title='bbox 482 5038 606 5106; x_wconf 76' lang='lat' dir='ltr'><strong>ejus</strong></span> <span class='ocrx_word' id='word_1_772' title='bbox 631 5053 643 5089; x_wconf 91' lang='lat'><strong>:</strong></span> <span class='ocrx_word' id='word_1_773' title='bbox 673 5035 719 5088; x_wconf 88' lang='lat' dir='ltr'><strong>si</strong></span> <span class='ocrx_word' id='word_1_774' title='bbox 751 5033 881 5100; x_wconf 85' lang='lat' dir='ltr'><strong>quid</strong></span> <span class='ocrx_word' id='word_1_775' title='bbox 919 5041 1095 5102; x_wconf 91' lang='lat' dir='ltr'><strong>potest</strong></span> <span class='ocrx_word' id='word_1_776' title='bbox 1136 5031 1320 5098; x_wconf 78' lang='lat' dir='ltr'><strong>Pater,</strong></span> <span class='ocrx_word' id='word_1_777' title='bbox 1350 5047 1454 5086; x_wconf 87' lang='lat' dir='ltr'><strong>non</strong></span> <span class='ocrx_word' id='word_1_778' title='bbox 1491 5032 1609 5086; x_wconf 89' lang='lat' dir='ltr'><strong>sine</strong></span> <span class='ocrx_word' id='word_1_779' title='bbox 1671 5027 1810 5083; x_wconf 78' lang='lat' dir='ltr'><strong>Filio</strong></span> <span class='ocrx_word' id='word_1_780' title='bbox 1867 5037 2068 5098; x_wconf 87' lang='lat' dir='ltr'><strong>potest.</strong></span> 
     </span>
    </p>
   </div>
   <div class='ocr_carea' id='block_1_99' title="bbox 486 5122 2070 5197">
    <p class='ocr_par' dir='ltr' id='par_1_99' title="bbox 486 5122 2070 5197">
     <span class='ocr_line' id='line_1_99' title="bbox 486 5122 2070 5197; baseline -0.004 -15"><span class='ocrx_word' id='word_1_781' title='bbox 486 5130 604 5197; x_wconf 77' lang='lat' dir='ltr'><strong>Ipse</strong></span> <span class='ocrx_word' id='word_1_782' title='bbox 630 5125 776 5180; x_wconf 88' lang='lat' dir='ltr'><strong>enim</strong></span> <span class='ocrx_word' id='word_1_783' title='bbox 805 5133 891 5180; x_wconf 89' lang='lat' dir='ltr'><strong>est</strong></span> <span class='ocrx_word' id='word_1_784' title='bbox 920 5125 1038 5195; x_wconf 87' lang='lat' dir='ltr'><strong>ejus</strong></span> <span class='ocrx_word' id='word_1_785' title='bbox 1069 5125 1332 5194; x_wconf 80' lang='lat' dir='ltr'><strong>potentia.</strong></span> <span class='ocrx_word' id='word_1_786' title='bbox 1363 5125 1515 5190; x_wconf 82' lang='lat' dir='ltr'><strong>Quod</strong></span> <span class='ocrx_word' id='word_1_787' title='bbox 1550 5132 1733 5177; x_wconf 83' lang='lat' dir='ltr'><strong>autem</strong></span> <span class='ocrx_word' id='word_1_788' title='bbox 1775 5122 1890 5176; x_wconf 68' lang='lat' dir='ltr'><strong>haec</strong></span> <span class='ocrx_word' id='word_1_789' title='bbox 1941 5135 2070 5175; x_wconf 84' lang='lat' dir='ltr'><strong>vera</strong></span> 
     </span>
    </p>
   </div>
   <div class='ocr_carea' id='block_1_100' title="bbox 489 5213 2070 5285">
    <p class='ocr_par' dir='ltr' id='par_1_100' title="bbox 489 5213 2070 5285">
     <span class='ocr_line' id='line_1_100' title="bbox 489 5213 2070 5285; baseline -0.003 -11"><span class='ocrx_word' id='word_1_790' title='bbox 489 5222 620 5284; x_wconf 85' lang='lat' dir='ltr'><strong>sint,</strong></span> <span class='ocrx_word' id='word_1_791' title='bbox 638 5218 764 5274; x_wconf 84' lang='lat' dir='ltr'><strong>audi</strong></span> <span class='ocrx_word' id='word_1_792' title='bbox 789 5236 801 5272; x_wconf 94' lang='lat'><strong>:</strong></span> <span class='ocrx_word' id='word_1_793' title='bbox 823 5236 842 5269; x_wconf 75' lang='grc' dir='ltr'><strong>ι</strong></span> <span class='ocrx_word' id='word_1_794' title='bbox 867 5217 1004 5285; x_wconf 83' lang='lat' dir='ltr'><strong>Quia</strong></span> <span class='ocrx_word' id='word_1_795' title='bbox 1037 5232 1379 5285; x_wconf 67' lang='lat' dir='ltr'><strong>quaecunque</strong></span> <span class='ocrx_word' id='word_1_796' title='bbox 1399 5217 1528 5270; x_wconf 82' lang='lat' dir='ltr'><strong>facit</strong></span> <span class='ocrx_word' id='word_1_797' title='bbox 1552 5215 1731 5281; x_wconf 86' lang='lat' dir='ltr'><strong>Pater,</strong></span> <span class='ocrx_word' id='word_1_798' title='bbox 1751 5231 1814 5271; x_wconf 86' lang='lat' dir='ltr'><strong>ea</strong></span> <span class='ocrx_word' id='word_1_799' title='bbox 1833 5213 2070 5270; x_wconf 89' lang='lat' dir='ltr'><strong>etFilius</strong></span> 
     </span>
    </p>
   </div>
   <div class='ocr_carea' id='block_1_101' title="bbox 488 5307 2066 5378">
    <p class='ocr_par' dir='ltr' id='par_1_101' title="bbox 488 5307 2066 5378">
     <span class='ocr_line' id='line_1_101' title="bbox 488 5307 2066 5378; baseline -0.002 -11"><span class='ocrx_word' id='word_1_800' title='bbox 488 5311 738 5367; x_wconf 88' lang='lat' dir='ltr'><strong>similiter</strong></span> <span class='ocrx_word' id='word_1_801' title='bbox 762 5309 910 5365; x_wconf 84' lang='lat' dir='ltr'><strong>facit.</strong></span> <span class='ocrx_word' id='word_1_802' title='bbox 952 5326 971 5362; x_wconf 77' lang='grc' dir='ltr'><strong>ι</strong></span> <span class='ocrx_word' id='word_1_803' title='bbox 1012 5307 1070 5364; x_wconf 92' lang='lat' dir='ltr'><strong>Si</strong></span> <span class='ocrx_word' id='word_1_804' title='bbox 1101 5307 1264 5363; x_wconf 88' lang='lat' dir='ltr'><strong>Pater</strong></span> <span class='ocrx_word' id='word_1_805' title='bbox 1286 5325 1406 5362; x_wconf 85' lang='lat' dir='ltr'><strong>cum</strong></span> <span class='ocrx_word' id='word_1_806' title='bbox 1433 5319 1710 5378; x_wconf 82' lang='lat' dir='ltr'><strong>potestate</strong></span> <span class='ocrx_word' id='word_1_807' title='bbox 1747 5317 1804 5364; x_wconf 85' lang='lat' dir='ltr'><strong>et</strong></span> <span class='ocrx_word' id='word_1_808' title='bbox 1842 5310 2066 5375; x_wconf 87' lang='lat' dir='ltr'><strong>virtute,</strong></span> 
     </span>
    </p>
   </div>
   <div class='ocr_carea' id='block_1_102' title="bbox 491 5401 2066 5469">
    <p class='ocr_par' dir='ltr' id='par_1_102' title="bbox 491 5401 2066 5469">
     <span class='ocr_line' id='line_1_102' title="bbox 491 5401 2066 5469; baseline 0.004 -16"><span class='ocrx_word' id='word_1_809' title='bbox 491 5414 543 5456; x_wconf 77' lang='lat' dir='ltr'><strong>et</strong></span> <span class='ocrx_word' id='word_1_810' title='bbox 579 5403 750 5459; x_wconf 88' lang='lat' dir='ltr'><strong>Filius</strong></span> <span class='ocrx_word' id='word_1_811' title='bbox 787 5402 1054 5458; x_wconf 85' lang='lat' dir='ltr'><strong>similiter.</strong></span> <span class='ocrx_word' id='word_1_812' title='bbox 1093 5401 1207 5455; x_wconf 82' lang='lat' dir='ltr'><strong>Non</strong></span> <span class='ocrx_word' id='word_1_813' title='bbox 1249 5401 1412 5469; x_wconf 79' lang='lat' dir='ltr'><strong>igitur</strong></span> <span class='ocrx_word' id='word_1_814' title='bbox 1443 5401 1666 5459; x_wconf 78' lang='lat' dir='ltr'><strong>inferior</strong></span> <span class='ocrx_word' id='word_1_815' title='bbox 1691 5403 1864 5459; x_wconf 85' lang='lat' dir='ltr'><strong>Filius</strong></span> <span class='ocrx_word' id='word_1_816' title='bbox 1885 5403 2066 5460; x_wconf 81' lang='lat' dir='ltr'><strong>Patre.</strong></span> 
     </span>
    </p>
   </div>
   <div class='ocr_carea' id='block_1_103' title="bbox 493 5492 2069 5560">
    <p class='ocr_par' dir='ltr' id='par_1_103' title="bbox 493 5492 2069 5560">
     <span class='ocr_line' id='line_1_103' title="bbox 493 5492 2069 5560; baseline 0.006 -18"><span class='ocrx_word' id='word_1_817' title='bbox 493 5496 641 5560; x_wconf 76' lang='lat' dir='ltr'><strong>Quozl</strong></span> <span class='ocrx_word' id='word_1_818' title='bbox 677 5502 855 5545; x_wconf 82' lang='lat' dir='ltr'><strong>autem</strong></span> <span class='ocrx_word' id='word_1_819' title='bbox 889 5494 1168 5547; x_wconf 78' lang='lat' dir='ltr'><strong>humiliter</strong></span> <span class='ocrx_word' id='word_1_820' title='bbox 1195 5493 1340 5546; x_wconf 80' lang='lat' dir='ltr'><strong>diota</strong></span> <span class='ocrx_word' id='word_1_821' title='bbox 1372 5494 1504 5558; x_wconf 83' lang='lat' dir='ltr'><strong>sint,</strong></span> <span class='ocrx_word' id='word_1_822' title='bbox 1541 5511 1561 5542; x_wconf 72' lang='grc' dir='ltr'><strong><em>α</em></strong></span> <span class='ocrx_word' id='word_1_823' title='bbox 1602 5492 1925 5551; x_wconf 82' lang='lat' dir='ltr'><strong>Ostenditei</strong></span> <span class='ocrx_word' id='word_1_824' title='bbox 1950 5514 2069 5551; x_wconf 57' lang='lat' dir='ltr'><strong>om-</strong></span> 
     </span>
    </p>
   </div>
   <div class='ocr_carea' id='block_1_104' title="bbox 490 5583 2068 5657">
    <p class='ocr_par' dir='ltr' id='par_1_104' title="bbox 490 5583 2068 5657">
     <span class='ocr_line' id='line_1_104' title="bbox 490 5583 2068 5657; baseline 0.004 -19"><span class='ocrx_word' id='word_1_825' title='bbox 490 5588 580 5640; x_wconf 87' lang='lat' dir='ltr'><strong>nia</strong></span> <span class='ocrx_word' id='word_1_826' title='bbox 613 5600 626 5643; x_wconf 89' lang='lat'>:</span> <span class='ocrx_word' id='word_1_827' title='bbox 667 5605 684 5635; x_wconf 74' lang='grc' dir='ltr'><strong>ι</strong></span> <span class='ocrx_word' id='word_1_828' title='bbox 724 5586 809 5646; x_wconf 84' lang='grc' dir='ltr'><strong>Ει,</strong></span> <span class='ocrx_word' id='word_1_829' title='bbox 844 5604 862 5636; x_wconf 72' lang='grc' dir='ltr'><strong>ι</strong></span> <span class='ocrx_word' id='word_1_830' title='bbox 904 5583 1100 5650; x_wconf 71' lang='lat' dir='ltr'><strong>Maiora</strong></span> <span class='ocrx_word' id='word_1_831' title='bbox 1125 5585 1210 5637; x_wconf 86' lang='lat' dir='ltr'><strong>his</strong></span> <span class='ocrx_word' id='word_1_832' title='bbox 1250 5586 1524 5647; x_wconf 85' lang='lat' dir='ltr'><strong>OStendet,</strong></span> <span class='ocrx_word' id='word_1_833' title='bbox 1559 5604 1579 5636; x_wconf 78' lang='grc' dir='ltr'><strong>ι</strong></span> <span class='ocrx_word' id='word_1_834' title='bbox 1613 5591 2068 5657; x_wconf 70' lang='grc' dir='ltr'><strong>ιιοιιοροιιειιιιΙ-</strong></span> 
     </span>
    </p>
   </div>
   <div class='ocr_carea' id='block_1_105' title="bbox 494 5675 2065 5752">
    <p class='ocr_par' dir='ltr' id='par_1_105' title="bbox 494 5675 2065 5752">
     <span class='ocr_line' id='line_1_105' title="bbox 494 5675 2065 5752; baseline 0.004 -23"><span class='ocrx_word' id='word_1_835' title='bbox 494 5679 700 5730; x_wconf 68' lang='lat' dir='ltr'><strong>lltll&#39;dl&#39;l.</strong></span> <span class='ocrx_word' id='word_1_836' title='bbox 734 5675 868 5731; x_wconf 83' lang='lat' dir='ltr'><strong>Nam</strong></span> <span class='ocrx_word' id='word_1_837' title='bbox 895 5679 960 5730; x_wconf 82' lang='lat' dir='ltr'><strong>ad</strong></span> <span class='ocrx_word' id='word_1_838' title='bbox 988 5678 1233 5730; x_wconf 85' lang='lat' dir='ltr'><strong>homines</strong></span> <span class='ocrx_word' id='word_1_839' title='bbox 1265 5676 1524 5746; x_wconf 85' lang='lat' dir='ltr'><strong>loquitur,</strong></span> <span class='ocrx_word' id='word_1_840' title='bbox 1558 5680 1644 5747; x_wconf 88' lang='lat' dir='ltr'><strong>qui</strong></span> <span class='ocrx_word' id='word_1_841' title='bbox 1679 5691 1866 5736; x_wconf 79' lang='lat' dir='ltr'><strong>centra</strong></span> <span class='ocrx_word' id='word_1_842' title='bbox 1893 5683 2065 5752; x_wconf 76' lang='lat' dir='ltr'><strong>ipsum</strong></span> 
     </span>
    </p>
   </div>
   <div class='ocr_carea' id='block_1_106' title="bbox 493 5768 2066 5838">
    <p class='ocr_par' dir='ltr' id='par_1_106' title="bbox 493 5768 2066 5838">
     <span class='ocr_line' id='line_1_106' title="bbox 493 5768 2066 5838; baseline 0.006 -15"><span class='ocrx_word' id='word_1_843' title='bbox 493 5772 817 5837; x_wconf 65' lang='lat' dir='ltr'><strong>ti..-.~..:.&#39;...;.i!_.</strong></span> <span class='ocrx_word' id='word_1_844' title='bbox 865 5779 917 5825; x_wconf 71' lang='lat' dir='ltr'><strong>et</strong></span> <span class='ocrx_word' id='word_1_845' title='bbox 953 5783 1063 5838; x_wconf 58' lang='lat' dir='ltr'><strong>piae</strong></span> <span class='ocrx_word' id='word_1_846' title='bbox 1115 5768 1319 5823; x_wconf 63' lang='lat' dir='ltr'><strong>invidia</strong></span> <span class='ocrx_word' id='word_1_847' title='bbox 1374 5770 1806 5828; x_wconf 64' lang='lat' dir='ltr'><strong>tliesecahaazur.</strong></span> <span class='ocrx_word' id='word_1_848' title='bbox 1849 5776 1910 5830; x_wconf 76' lang='lat' dir='ltr'><strong>Et</strong></span> <span class='ocrx_word' id='word_1_849' title='bbox 1966 5777 2066 5832; x_wconf 52' lang='lat' dir='ltr'><strong>nisi</strong></span> 
     </span>
    </p>
   </div>
   <div class='ocr_carea' id='block_1_107' title="bbox 2180 4565 3778 4638">
    <p class='ocr_par' dir='ltr' id='par_1_107' title="bbox 2180 4565 3778 4638">
     <span class='ocr_line' id='line_1_107' title="bbox 2180 4565 3778 4638; baseline -0.003 -15"><span class='ocrx_word' id='word_1_850' title='bbox 2180 4569 2298 4638; x_wconf 79' lang='grc' dir='ltr'><strong>οἶγε</strong></span> <span class='ocrx_word' id='word_1_851' title='bbox 2323 4569 2399 4633; x_wconf 83' lang='grc' dir='ltr'><strong>ὡς</strong></span> <span class='ocrx_word' id='word_1_852' title='bbox 2433 4566 2605 4623; x_wconf 82' lang='grc' dir='ltr'><strong>παῖδὰ</strong></span> <span class='ocrx_word' id='word_1_853' title='bbox 2641 4583 2768 4622; x_wconf 85' lang='grc' dir='ltr'><strong>τινα</strong></span> <span class='ocrx_word' id='word_1_854' title='bbox 2795 4565 3164 4638; x_wconf 81' lang='grc' dir='ltr'><strong>παραδιδόατε</strong></span> <span class='ocrx_word' id='word_1_855' title='bbox 3189 4565 3268 4638; x_wconf 80' lang='grc' dir='ltr'><strong>τῷ</strong></span> <span class='ocrx_word' id='word_1_856' title='bbox 3307 4566 3491 4636; x_wconf 71' lang='grc' dir='ltr'><strong>Πατρὶ</strong></span> <span class='ocrx_word' id='word_1_857' title='bbox 3515 4565 3616 4618; x_wconf 68' lang='grc' dir='ltr'><strong>τὸν</strong></span> <span class='ocrx_word' id='word_1_858' title='bbox 3653 4565 3778 4619; x_wconf 61' lang='lat' dir='ltr'><strong>ne»</strong></span> 
     </span>
    </p>
   </div>
   <div class='ocr_carea' id='block_1_108' title="bbox 2183 4658 3775 4734">
    <p class='ocr_par' dir='ltr' id='par_1_108' title="bbox 2183 4658 3775 4734">
     <span class='ocr_line' id='line_1_108' title="bbox 2183 4658 3775 4734; baseline -0.004 -16"><span class='ocrx_word' id='word_1_859' title='bbox 2183 4663 2590 4734; x_wconf 76' lang='grc' dir='ltr'><strong>μαθησόμενον.</strong></span> <span class='ocrx_word' id='word_1_860' title='bbox 2625 4661 2772 4730; x_wconf 83' lang='grc' dir='ltr'><strong>Ἐγὼ</strong></span> <span class='ocrx_word' id='word_1_861' title='bbox 2818 4660 2876 4714; x_wconf 72' lang='grc' dir='ltr'><strong>δὲ</strong></span> <span class='ocrx_word' id='word_1_862' title='bbox 2921 4660 3062 4732; x_wconf 78' lang='grc' dir='ltr'><strong>μετὰ</strong></span> <span class='ocrx_word' id='word_1_863' title='bbox 3100 4661 3202 4731; x_wconf 76' lang='grc' dir='ltr'><strong>τῆς</strong></span> <span class='ocrx_word' id='word_1_864' title='bbox 3247 4658 3344 4713; x_wconf 82' lang='grc' dir='ltr'><strong>τοῦ</strong></span> <span class='ocrx_word' id='word_1_865' title='bbox 3387 4658 3526 4713; x_wconf 87' lang='grc' dir='ltr'><strong>Θεοῦ</strong></span> <span class='ocrx_word' id='word_1_866' title='bbox 3581 4659 3775 4729; x_wconf 79' lang='grc' dir='ltr'><strong>σοφίας</strong></span> 
     </span>
    </p>
   </div>
   <div class='ocr_carea' id='block_1_109' title="bbox 2179 4750 3773 4827">
    <p class='ocr_par' dir='ltr' id='par_1_109' title="bbox 2179 4750 3773 4827">
     <span class='ocr_line' id='line_1_109' title="bbox 2179 4750 3773 4827; baseline -0.003 -17"><span class='ocrx_word' id='word_1_867' title='bbox 2179 4756 2578 4827; x_wconf 66' lang='grc' dir='ltr'><strong>ἀποφαίνομαι,</strong></span> <span class='ocrx_word' id='word_1_868' title='bbox 2603 4756 2688 4809; x_wconf 83' lang='grc' dir='ltr'><strong>ὅτι</strong></span> <span class='ocrx_word' id='word_1_869' title='bbox 2721 4755 2776 4807; x_wconf 87' lang='grc' dir='ltr'><strong>εῖ</strong></span> <span class='ocrx_word' id='word_1_870' title='bbox 2797 4772 2850 4808; x_wconf 85' lang='grc' dir='ltr'><strong>τι</strong></span> <span class='ocrx_word' id='word_1_871' title='bbox 2903 4750 3043 4809; x_wconf 77' lang='grc' dir='ltr'><strong>οἶδεν</strong></span> <span class='ocrx_word' id='word_1_872' title='bbox 3071 4755 3099 4809; x_wconf 89' lang='lat'><strong>6</strong></span> <span class='ocrx_word' id='word_1_873' title='bbox 3124 4753 3337 4825; x_wconf 76' lang='grc' dir='ltr'><strong>Πατὴρ,</strong></span> <span class='ocrx_word' id='word_1_874' title='bbox 3370 4755 3474 4807; x_wconf 86' lang='grc' dir='ltr'><strong>οὑκ</strong></span> <span class='ocrx_word' id='word_1_875' title='bbox 3507 4753 3644 4807; x_wconf 82' lang='grc' dir='ltr'><strong>ἄνευ</strong></span> <span class='ocrx_word' id='word_1_876' title='bbox 3681 4752 3773 4806; x_wconf 74' lang='grc' dir='ltr'><strong>τοῦ</strong></span> 
     </span>
    </p>
   </div>
   <div class='ocr_carea' id='block_1_110' title="bbox 2180 4844 3774 4919">
    <p class='ocr_par' dir='ltr' id='par_1_110' title="bbox 2180 4844 3774 4919">
     <span class='ocr_line' id='line_1_110' title="bbox 2180 4844 3774 4919; baseline -0.002 -18"><span class='ocrx_word' id='word_1_877' title='bbox 2180 4849 2315 4902; x_wconf 87' lang='grc' dir='ltr'>Υίοῦ</span> <span class='ocrx_word' id='word_1_878' title='bbox 2345 4844 2489 4901; x_wconf 78' lang='grc' dir='ltr'><strong>οἶδεν</strong></span> <span class='ocrx_word' id='word_1_879' title='bbox 2509 4864 2521 4877; x_wconf 95' lang='grc'><strong>·</strong></span> <span class='ocrx_word' id='word_1_880' title='bbox 2573 4847 2736 4910; x_wconf 82' lang='grc' dir='ltr'><strong>αὐτὸς</strong></span> <span class='ocrx_word' id='word_1_881' title='bbox 2791 4847 2902 4919; x_wconf 84' lang='grc' dir='ltr'><strong>γάρ</strong></span> <span class='ocrx_word' id='word_1_882' title='bbox 2935 4848 3087 4901; x_wconf 69' lang='grc' dir='ltr'><strong>ἐστιν</strong></span> <span class='ocrx_word' id='word_1_883' title='bbox 3119 4850 3153 4917; x_wconf 82' lang='grc' dir='ltr'><strong>ή</strong></span> <span class='ocrx_word' id='word_1_884' title='bbox 3189 4848 3352 4916; x_wconf 83' lang='grc' dir='ltr'><strong>σοφία</strong></span> <span class='ocrx_word' id='word_1_885' title='bbox 3381 4845 3577 4902; x_wconf 79' lang='grc' dir='ltr'><strong>αὑτοῦ.</strong></span> <span class='ocrx_word' id='word_1_886' title='bbox 3627 4847 3697 4902; x_wconf 78' lang='lat' dir='ltr'><strong>El</strong></span> <span class='ocrx_word' id='word_1_887' title='bbox 3724 4864 3774 4899; x_wconf 86' lang='grc' dir='ltr'><strong>τι</strong></span> 
     </span>
    </p>
   </div>
   <div class='ocr_carea' id='block_1_111' title="bbox 2179 4936 3772 5008">
    <p class='ocr_par' dir='ltr' id='par_1_111' title="bbox 2179 4936 3772 5008">
     <span class='ocr_line' id='line_1_111' title="bbox 2179 4936 3772 5008; baseline -0.001 -16"><span class='ocrx_word' id='word_1_888' title='bbox 2179 4938 2404 4992; x_wconf 84' lang='grc' dir='ltr'><strong>δύναται</strong></span> <span class='ocrx_word' id='word_1_889' title='bbox 2439 4939 2467 4991; x_wconf 86' lang='lat'><strong>6</strong></span> <span class='ocrx_word' id='word_1_890' title='bbox 2491 4937 2705 5008; x_wconf 83' lang='grc' dir='ltr'><strong>Πατὴρ,</strong></span> <span class='ocrx_word' id='word_1_891' title='bbox 2738 4937 2841 4992; x_wconf 81' lang='grc' dir='ltr'><strong>οὑκ</strong></span> <span class='ocrx_word' id='word_1_892' title='bbox 2866 4938 2996 4993; x_wconf 80' lang='grc' dir='ltr'><strong>ἄνευ</strong></span> <span class='ocrx_word' id='word_1_893' title='bbox 3018 4937 3113 4992; x_wconf 82' lang='grc' dir='ltr'><strong>τοῦ</strong></span> <span class='ocrx_word' id='word_1_894' title='bbox 3143 4936 3276 4992; x_wconf 88' lang='grc' dir='ltr'><strong>Υίοῦ</strong></span> <span class='ocrx_word' id='word_1_895' title='bbox 3308 4937 3573 4991; x_wconf 84' lang='grc' dir='ltr'><strong>δύναται·</strong></span> <span class='ocrx_word' id='word_1_896' title='bbox 3614 4939 3772 5001; x_wconf 47' lang='grc' dir='ltr'><strong>αὑτὴ</strong></span> 
     </span>
    </p>
   </div>
   <div class='ocr_carea' id='block_1_112' title="bbox 2179 5030 3769 5104">
    <p class='ocr_par' dir='ltr' id='par_1_112' title="bbox 2179 5030 3769 5104">
     <span class='ocr_line' id='line_1_112' title="bbox 2179 5030 3769 5104; baseline -0.001 -18"><span class='ocrx_word' id='word_1_897' title='bbox 2179 5033 2288 5104; x_wconf 82' lang='grc' dir='ltr'><strong>γάρ</strong></span> <span class='ocrx_word' id='word_1_898' title='bbox 2316 5032 2466 5085; x_wconf 77' lang='grc' dir='ltr'><strong>ἐστιν</strong></span> <span class='ocrx_word' id='word_1_899' title='bbox 2525 5067 2534 5102; x_wconf 57' lang='grc' dir='ltr'><strong><em>ι</em></strong></span> <span class='ocrx_word' id='word_1_900' title='bbox 2570 5030 2802 5102; x_wconf 77' lang='grc' dir='ltr'><strong>δύναμις</strong></span> <span class='ocrx_word' id='word_1_901' title='bbox 2837 5030 3024 5086; x_wconf 82' lang='grc' dir='ltr'><strong>αὑτοῦ.</strong></span> <span class='ocrx_word' id='word_1_902' title='bbox 3062 5032 3184 5086; x_wconf 76' lang='grc' dir='ltr'><strong>Ὀτι</strong></span> <span class='ocrx_word' id='word_1_903' title='bbox 3229 5031 3288 5085; x_wconf 78' lang='grc' dir='ltr'><strong>δὲ</strong></span> <span class='ocrx_word' id='word_1_904' title='bbox 3334 5031 3517 5086; x_wconf 83' lang='grc' dir='ltr'><strong>ταῦτα</strong></span> <span class='ocrx_word' id='word_1_905' title='bbox 3568 5032 3769 5103; x_wconf 72' lang='grc' dir='ltr'><strong>ἀληθῆ.</strong></span> 
     </span>
    </p>
   </div>
   <div class='ocr_carea' id='block_1_113' title="bbox 2179 5123 3770 5196">
    <p class='ocr_par' dir='ltr' id='par_1_113' title="bbox 2179 5123 3770 5196">
     <span class='ocr_line' id='line_1_113' title="bbox 2179 5123 3770 5196; baseline -0.003 -16"><span class='ocrx_word' id='word_1_906' title='bbox 2179 5125 2343 5181; x_wconf 77' lang='grc' dir='ltr'><strong>ἄκουε</strong></span> <span class='ocrx_word' id='word_1_907' title='bbox 2367 5141 2381 5156; x_wconf 76' lang='grc' dir='ltr'><strong>ο</strong></span> <span class='ocrx_word' id='word_1_908' title='bbox 2423 5143 2444 5177; x_wconf 73' lang='grc' dir='ltr'><strong>ι</strong></span> <span class='ocrx_word' id='word_1_909' title='bbox 2491 5125 2560 5178; x_wconf 88' lang='grc' dir='ltr'><strong><em>Ὅ</em></strong></span> <span class='ocrx_word' id='word_1_910' title='bbox 2591 5142 2644 5178; x_wconf 84' lang='grc' dir='ltr'><strong>τι.</strong></span> <span class='ocrx_word' id='word_1_911' title='bbox 2673 5125 2740 5178; x_wconf 82' lang='grc' dir='ltr'><strong>ἂν</strong></span> <span class='ocrx_word' id='word_1_912' title='bbox 2767 5127 2794 5178; x_wconf 87' lang='grc' dir='ltr'>ὁ</span> <span class='ocrx_word' id='word_1_913' title='bbox 2827 5124 3017 5196; x_wconf 77' lang='grc' dir='ltr'><strong>Πατὴρ</strong></span> <span class='ocrx_word' id='word_1_914' title='bbox 3055 5128 3211 5196; x_wconf 80' lang='grc' dir='ltr'><strong>ποιῇ,</strong></span> <span class='ocrx_word' id='word_1_915' title='bbox 3239 5123 3418 5180; x_wconf 82' lang='grc' dir='ltr'><strong>ταῦτα</strong></span> <span class='ocrx_word' id='word_1_916' title='bbox 3453 5125 3551 5178; x_wconf 75' lang='grc' dir='ltr'><strong>καὶ</strong></span> <span class='ocrx_word' id='word_1_917' title='bbox 3586 5127 3618 5178; x_wconf 89' lang='lat'><strong>6</strong></span> <span class='ocrx_word' id='word_1_918' title='bbox 3649 5125 3770 5186; x_wconf 79' lang='grc' dir='ltr'><strong>Υίδς</strong></span> 
     </span>
    </p>
   </div>
   <div class='ocr_carea' id='block_1_114' title="bbox 2177 5216 3768 5289">
    <p class='ocr_par' dir='ltr' id='par_1_114' title="bbox 2177 5216 3768 5289">
     <span class='ocr_line' id='line_1_114' title="bbox 2177 5216 3768 5289; baseline 0 -18"><span class='ocrx_word' id='word_1_919' title='bbox 2177 5217 2382 5289; x_wconf 82' lang='grc' dir='ltr'><strong>ὁμοίως</strong></span> <span class='ocrx_word' id='word_1_920' title='bbox 2404 5217 2569 5271; x_wconf 79' lang='grc' dir='ltr'><strong>ποιεῖ.</strong></span> <span class='ocrx_word' id='word_1_921' title='bbox 2608 5235 2626 5268; x_wconf 81' lang='grc' dir='ltr'><strong>ι</strong></span> <span class='ocrx_word' id='word_1_922' title='bbox 2657 5216 2720 5269; x_wconf 81' lang='lat' dir='ltr'><strong>Et</strong></span> <span class='ocrx_word' id='word_1_923' title='bbox 2748 5218 2776 5268; x_wconf 89' lang='lat'><strong>6</strong></span> <span class='ocrx_word' id='word_1_924' title='bbox 2810 5216 3004 5287; x_wconf 78' lang='grc' dir='ltr'><strong>Πατὴρ</strong></span> <span class='ocrx_word' id='word_1_925' title='bbox 3047 5216 3168 5287; x_wconf 79' lang='grc' dir='ltr'><strong>μετ’</strong></span> <span class='ocrx_word' id='word_1_926' title='bbox 3200 5217 3453 5282; x_wconf 75' lang='grc' dir='ltr'><strong>ἐξουσίας</strong></span> <span class='ocrx_word' id='word_1_927' title='bbox 3489 5218 3586 5270; x_wconf 72' lang='grc' dir='ltr'><strong>καὶ</strong></span> <span class='ocrx_word' id='word_1_928' title='bbox 3613 5217 3768 5272; x_wconf 73' lang='grc' dir='ltr'><strong>δυνά-</strong></span> 
     </span>
    </p>
   </div>
   <div class='ocr_carea' id='block_1_115' title="bbox 2182 5310 3767 5383">
    <p class='ocr_par' dir='ltr' id='par_1_115' title="bbox 2182 5310 3767 5383">
     <span class='ocr_line' id='line_1_115' title="bbox 2182 5310 3767 5383; baseline -0.001 -18"><span class='ocrx_word' id='word_1_929' title='bbox 2182 5329 2351 5382; x_wconf 86' lang='grc' dir='ltr'><strong>μεως,</strong></span> <span class='ocrx_word' id='word_1_930' title='bbox 2385 5311 2482 5364; x_wconf 71' lang='grc' dir='ltr'><strong>καὶ</strong></span> <span class='ocrx_word' id='word_1_931' title='bbox 2509 5314 2537 5365; x_wconf 88' lang='lat'><strong>6</strong></span> <span class='ocrx_word' id='word_1_932' title='bbox 2576 5310 2696 5373; x_wconf 74' lang='grc' dir='ltr'><strong>Υἱὸς</strong></span> <span class='ocrx_word' id='word_1_933' title='bbox 2730 5311 2954 5380; x_wconf 83' lang='grc' dir='ltr'><strong>ὁμοίως.</strong></span> <span class='ocrx_word' id='word_1_934' title='bbox 2993 5312 3108 5365; x_wconf 79' lang='grc' dir='ltr'><strong>Οὐκ</strong></span> <span class='ocrx_word' id='word_1_935' title='bbox 3145 5312 3254 5382; x_wconf 80' lang='grc' dir='ltr'><strong>ἄρα</strong></span> <span class='ocrx_word' id='word_1_936' title='bbox 3306 5312 3703 5383; x_wconf 74' lang='grc' dir='ltr'><strong>ὑποδεέστερος</strong></span> <span class='ocrx_word' id='word_1_937' title='bbox 3739 5315 3767 5364; x_wconf 88' lang='lat'><strong>6</strong></span> 
     </span>
    </p>
   </div>
   <div class='ocr_carea' id='block_1_116' title="bbox 2178 5403 3766 5475">
    <p class='ocr_par' dir='ltr' id='par_1_116' title="bbox 2178 5403 3766 5475">
     <span class='ocr_line' id='line_1_116' title="bbox 2178 5403 3766 5475; baseline -0.001 -18"><span class='ocrx_word' id='word_1_938' title='bbox 2178 5405 2308 5470; x_wconf 82' lang='grc' dir='ltr'><strong>Υἱὸς</strong></span> <span class='ocrx_word' id='word_1_939' title='bbox 2333 5403 2431 5456; x_wconf 76' lang='grc' dir='ltr'><strong>τοῦ</strong></span> <span class='ocrx_word' id='word_1_940' title='bbox 2467 5403 2704 5473; x_wconf 77' lang='grc' dir='ltr'><strong>Πατρός.</strong></span> <span class='ocrx_word' id='word_1_941' title='bbox 2735 5403 2800 5457; x_wconf 89' lang='grc' dir='ltr'><strong>Εί</strong></span> <span class='ocrx_word' id='word_1_942' title='bbox 2830 5404 2887 5456; x_wconf 82' lang='grc' dir='ltr'><strong>δὲ</strong></span> <span class='ocrx_word' id='word_1_943' title='bbox 2917 5403 3195 5463; x_wconf 83' lang='grc' dir='ltr'><strong>ταπεινῶς</strong></span> <span class='ocrx_word' id='word_1_944' title='bbox 3224 5405 3443 5475; x_wconf 71' lang='grc' dir='ltr'><strong>εἴρηται</strong></span> <span class='ocrx_word' id='word_1_945' title='bbox 3467 5405 3549 5468; x_wconf 83' lang='grc' dir='ltr'><strong>τὸ,</strong></span> <span class='ocrx_word' id='word_1_946' title='bbox 3599 5423 3618 5456; x_wconf 84' lang='grc' dir='ltr'><strong>ι</strong></span> <span class='ocrx_word' id='word_1_947' title='bbox 3653 5403 3766 5456; x_wconf 71' lang='lat' dir='ltr'><strong>Asi-</strong></span> 
     </span>
    </p>
   </div>
   <div class='ocr_carea' id='block_1_117' title="bbox 2178 5495 3764 5573">
    <p class='ocr_par' dir='ltr' id='par_1_117' title="bbox 2178 5495 3764 5573">
     <span class='ocr_line' id='line_1_117' title="bbox 2178 5495 3764 5573; baseline -0.003 -21"><span class='ocrx_word' id='word_1_948' title='bbox 2178 5514 2368 5552; x_wconf 85' lang='grc' dir='ltr'><strong>κνυσιν</strong></span> <span class='ocrx_word' id='word_1_949' title='bbox 2401 5495 2553 5566; x_wconf 68' lang='grc' dir='ltr'><strong>αὐτῷ</strong></span> <span class='ocrx_word' id='word_1_950' title='bbox 2593 5496 2791 5562; x_wconf 79' lang='grc' dir='ltr'><strong>πάντα,</strong></span> <span class='ocrx_word' id='word_1_951' title='bbox 2835 5515 2854 5547; x_wconf 73' lang='grc' dir='ltr'><strong>ι</strong></span> <span class='ocrx_word' id='word_1_952' title='bbox 2912 5495 3009 5573; x_wconf 70' lang='grc' dir='ltr'><strong>καὶ</strong></span> <span class='ocrx_word' id='word_1_953' title='bbox 3046 5496 3128 5562; x_wconf 81' lang='grc' dir='ltr'><strong>τὸ,</strong></span> <span class='ocrx_word' id='word_1_954' title='bbox 3184 5515 3204 5548; x_wconf 84' lang='grc' dir='ltr'><strong>ι</strong></span> <span class='ocrx_word' id='word_1_955' title='bbox 3244 5499 3487 5562; x_wconf 76' lang='grc' dir='ltr'><strong>Μείζονα</strong></span> <span class='ocrx_word' id='word_1_956' title='bbox 3560 5496 3764 5551; x_wconf 85' lang='grc' dir='ltr'><strong>τούτων</strong></span> 
     </span>
    </p>
   </div>
   <div class='ocr_carea' id='block_1_118' title="bbox 2177 5588 3765 5663">
    <p class='ocr_par' dir='ltr' id='par_1_118' title="bbox 2177 5588 3765 5663">
     <span class='ocr_line' id='line_1_118' title="bbox 2177 5588 3765 5663; baseline -0.001 -17"><span class='ocrx_word' id='word_1_957' title='bbox 2177 5592 2364 5660; x_wconf 81' lang='grc' dir='ltr'><strong>δείξει,</strong></span> <span class='ocrx_word' id='word_1_958' title='bbox 2412 5611 2432 5644; x_wconf 84' lang='grc'>›</span> <span class='ocrx_word' id='word_1_959' title='bbox 2489 5591 2550 5643; x_wconf 84' lang='grc' dir='ltr'><strong>οὑ</strong></span> <span class='ocrx_word' id='word_1_960' title='bbox 2605 5590 2711 5662; x_wconf 81' lang='grc' dir='ltr'><strong>γρὴ</strong></span> <span class='ocrx_word' id='word_1_961' title='bbox 2762 5588 3091 5659; x_wconf 79' lang='grc' dir='ltr'><strong>Οαυμάζειν.</strong></span> <span class='ocrx_word' id='word_1_962' title='bbox 3129 5591 3274 5661; x_wconf 74' lang='lat' dir='ltr'><strong>&quot;pb;</strong></span> <span class='ocrx_word' id='word_1_963' title='bbox 3304 5594 3414 5663; x_wconf 79' lang='grc' dir='ltr'><strong>γὰρ</strong></span> <span class='ocrx_word' id='word_1_964' title='bbox 3444 5591 3765 5660; x_wconf 79' lang='grc' dir='ltr'><strong>ἀνῡρώπους</strong></span> 
     </span>
    </p>
   </div>
   <div class='ocr_carea' id='block_1_119' title="bbox 2177 5682 3761 5755">
    <p class='ocr_par' dir='ltr' id='par_1_119' title="bbox 2177 5682 3761 5755">
     <span class='ocr_line' id='line_1_119' title="bbox 2177 5682 3761 5755; baseline -0.002 -17"><span class='ocrx_word' id='word_1_965' title='bbox 2177 5685 2482 5753; x_wconf 76' lang='grc' dir='ltr'><strong>διαλέγεται</strong></span> <span class='ocrx_word' id='word_1_966' title='bbox 2512 5682 2974 5755; x_wconf 73' lang='grc' dir='ltr'><strong>φωνοῦντας,κατ’</strong></span> <span class='ocrx_word' id='word_1_967' title='bbox 3003 5683 3192 5750; x_wconf 80' lang='grc' dir='ltr'><strong>αὐτοῦ,</strong></span> <span class='ocrx_word' id='word_1_968' title='bbox 3226 5687 3322 5738; x_wconf 75' lang='grc' dir='ltr'><strong>καὶ</strong></span> <span class='ocrx_word' id='word_1_969' title='bbox 3347 5683 3761 5754; x_wconf 70' lang='grc' dir='ltr'><strong>διαπριομένους</strong></span> 
     </span>
    </p>
   </div>
   <div class='ocr_carea' id='block_1_120' title="bbox 2180 5776 3762 5851">
    <p class='ocr_par' dir='ltr' id='par_1_120' title="bbox 2180 5776 3762 5851">
     <span class='ocr_line' id='line_1_120' title="bbox 2180 5776 3762 5851; baseline -0.002 -20"><span class='ocrx_word' id='word_1_970' title='bbox 2180 5779 2258 5851; x_wconf 69' lang='grc' dir='ltr'><strong>’τῷ</strong></span> <span class='ocrx_word' id='word_1_971' title='bbox 2293 5777 2488 5848; x_wconf 55' lang='lat' dir='ltr'><strong>gedum.</strong></span> <span class='ocrx_word' id='word_1_972' title='bbox 2534 5779 2637 5832; x_wconf 62' lang='lat' dir='ltr'><strong>lia&quot;.</strong></span> <span class='ocrx_word' id='word_1_973' title='bbox 2694 5780 2736 5830; x_wconf 66' lang='lat' dir='ltr'><strong>si</strong></span> <span class='ocrx_word' id='word_1_974' title='bbox 2779 5780 2853 5847; x_wconf 65' lang='grc' dir='ltr'><strong>τεὴ</strong></span> <span class='ocrx_word' id='word_1_975' title='bbox 2902 5777 3180 5849; x_wconf 63' lang='grc' dir='ltr'><strong>’πανταχιῦ</strong></span> <span class='ocrx_word' id='word_1_976' title='bbox 3215 5778 3541 5851; x_wconf 78' lang='grc' dir='ltr'><strong>παρέπλεκε</strong></span> <span class='ocrx_word' id='word_1_977' title='bbox 3577 5776 3646 5832; x_wconf 78' lang='grc' dir='ltr'><strong>τὰ</strong></span> <span class='ocrx_word' id='word_1_978' title='bbox 3675 5793 3762 5829; x_wconf 73' lang='grc' dir='ltr'><strong>τα-</strong></span> 
     </span>
    </p>
   </div>
  </div>
