3936 6422
133 372 276 437 ιεδς)

823 367 1276 431 ENABRATIO
1322 369 1401 431 IN
1440 367 1952 431 EVANGELIUM
1992 370 2343 436 JOANNIS.
2374 395 2442 411 -“·
2481 372 2643 435 CAP.
2688 376 2754 437 ν.

132 487 303 541 statvi
332 485 446 549 τοῖς
490 482 745 554 ὑψηλοῖς,
780 480 833 534 τί
861 480 963 545 οὐκ
1001 483 1066 533 ἂν
1092 481 1337 543 ἐποίουν,
1367 480 1504 533 ὅπου
1554 492 1617 547 γε
1653 479 1747 529 καὶ

1863 482 2055 551 ultique
2102 482 2333 539 lmmilia
2394 481 2629 539 summis
2681 480 3123 546 interseruisset,
3176 481 3309 552 quid
3359 497 3465 537 non

127 581 281 638 οὕτω
327 576 607 640 ταπεινῶς
656 576 723 629 τὰ
756 575 931 628 πλείω
980 573 1408 645 φθεγγομένου,
1460 572 1738 640 λυττῶσις

130 676 203 728 Τί
257 674 316 728 δέ
349 676 491 736 ἐστι,
543 671 624 735 16,
661 686 681 720 ι
742 669 855 723 Καὶ
917 665 1146 739 μείζονα
1207 667 1417 721 τούτων
1464 666 1671 733 δείξει;
1719 687 1737 719 ι

143 768 370 835 Ἐπειδὴ
422 763 741 835 παράλυτον
776 762 1028 833 ἔσφιγξε,
1088 760 1276 831 μέλλει
1323 761 1381 814 δὲ
1413 762 1510 815 καὶ
1546 759 1744 832 νεκρὸν

132 861 401 933 ἐγείρειν,
431 856 523 911 διὰ
548 855 712 909 τοῦτό
735 873 905 926 φησιν
928 870 940 885 ο
970 854 1037 909 Εἰ
1088 852 1410 925 Θαυμάξετε
1444 854 1528 907 ὅτι
1560 854 1744 925 παρά-

127 959 295 1012 λυτον
333 953 463 1024 ὑγιῆ
495 952 802 1021 πεποίηκα,
840 949 1071 1021 μείζονα
1105 948 1316 1003 τούτων
1353 948 1577 1019 ὄψεσθε.
1618 949 1744 1004 Ὅτι

127 1050 191 1103 δὲ
224 1048 285 1103 16
308 1044 481 1112 δεῖξαι
509 1046 663 1116 ῥῆμα
683 1044 949 1098 ταπεινὸν
966 1043 1049 1109 ὃν,
1076 1042 1201 1097 κατ’
1224 1044 1542 1115 οἰκονομίαν
1563 1038 1744 1109 εἶπεν,

129 1144 227 1197 ἵνα
263 1140 364 1213 τὴν
397 1140 613 1212 μωρίαν
648 1137 834 1192 αὐτῶν
882 1137 1389 1210 παραμυθήσηται,
1427 1137 1594 1192 ἄκουε
1636 1136 1748 1191 τῶν

127 1237 358 1309 ἐφεξῆς.
417 1254 436 1289 ι
486 1233 577 1295 Ὠς
620 1232 732 1303 γάρ
781 1232 811 1285 6
851 1232 1068 1305 Πατὴρ,
1123 1230 1314 1303 φησὶν,
1364 1230 1577 1300 ἐγείρει
1620 1230 1747 1290 τοὺς

125 1330 388 1401 νεκροὺς,
432 1324 579 1379 οὕτω
626 1325 724 1378 καὶ
772 1324 802 1376 6
856 1323 989 1387 Υίδς
1050 1323 1147 1387 οὒς
1205 1322 1353 1378 θέλει
1405 1324 1685 1387 ζωοποιεῖ.
1724 1340 1742 1373 ι

144 1423 389 1493 Ἐγείρει
428 1418 530 1491 μὶν
563 1415 660 1474 οὖν
699 1419 729 1471 6
758 1417 914 1482 Υἱὸς,
963 1415 1161 1487 ῶσπερ
1199 1417 1228 1469 6
1269 1416 1484 1487 Πατὴρ,
1519 1416 1616 1469 καὶ
1659 1415 1749 1471 διὰ

129 1517 332 1571 τούτου
365 1514 614 1568 δείκνυσι
667 1512 729 1566 16
781 1510 886 1581 τῆς
926 1509 1216 1582 δυνάμεως
1270 1509 1703 1580 ἀπαράλλακτον
1731 1524 1743 1537 ·

130 1612 227 1665 διὰ
253 1610 311 1663 δὲ
334 1609 455 1673 τοῦ,
494 1627 513 1660 ι
555 1607 664 1671 Οὓς
695 1607 864 1671 θέλει,
898 1626 917 1660 ο
950 1607 1051 1677 τῆς
1083 1605 1337 1672 ἔξουσίας
1366 1604 1467 1675 τὴν
1499 1604 1746 1672 ἰσότητα.

132 1702 327 1757 ταῦτα
356 1701 412 1755 δὲ
467 1702 650 1755 πάντα
688 1701 738 1752 oi
794 1699 897 1771 μὲν
943 1698 1222 1770 Ἀρειανοὶ
1274 1697 1420 1763 κατὰ
1466 1696 1565 1765 τῆς
1615 1694 1749 1748 Υίοῦ

1845 576 2065 631 tandem
2117 575 2420 633 fecissent?
2466 576 2919 648 quandoquidem
2993 574 3279 632 insaniunt
3322 588 3464 645 cum

1846 679 1957 723 tam
2006 668 2176 723 multa
2221 670 2507 726 humiliter
2564 669 2835 739 loquitur.
2901 666 3046 736 Quid
3101 681 3287 723 autem
3357 676 3467 729 est,

1852 785 1871 819 ι
1914 765 1981 821 Ει
2015 767 2227 837 majora
2274 768 2362 824 bis
2410 768 2752 825 ostendet?»
2794 766 3065 835 Quoniam
3104 765 3469 838 paralyticum

1847 861 2210 925 solidaverat,
2230 862 2396 917 etiam
2426 871 2707 919 mortuum
2737 860 3104 917 suscitaturus
3130 868 3237 926 est,
3263 857 3474 914 idcirco

1849 954 1981 1009 dicit
2008 973 2021 1009 :
2052 952 2114 1010 Si
2144 953 2500 1011 admiramini
2533 954 2681 1027 quod
2724 953 3086 1026 paralyticum
3113 968 3309 1010 sanum
3341 950 3472 1018 feci,

1852 1047 2061 1118 majora
2092 1048 2181 1105 his
2214 1048 2496 1105 videbitis.
2530 1049 2689 1116 Quod
2731 1054 2917 1103 autem
2972 1055 3028 1103 et
3079 1046 3184 1102 hoc
3238 1034 3472 1102 verbum

1851 1140 2210 1202 tuonstrabit,
2245 1138 2453 1195 humile
2483 1140 2576 1204 sit,
2605 1150 2659 1195 et
2691 1155 2790 1209 per
2821 1138 3301 1211 dispensationem
3342 1138 3468 1192 dic-

1853 1242 1990 1301 tum,
2026 1242 2085 1288 nt
2115 1233 2391 1289 insaniam
2421 1233 2646 1289 illorum
2682 1231 3043 1299 demulceret,
3076 1234 3204 1288 audi
3235 1248 3473 1301 sequen-

1853 1327 1947 1382 tia.
1975 1346 1993 1379 ι
2022 1326 2155 1381 Nam
2180 1328 2325 1383 sicut
2350 1325 2516 1383 Pater
2539 1328 2769 1383 suscitat
2792 1336 3067 1389 mortuos,
3095 1326 3169 1379 ita
3203 1337 3260 1380 ct
3301 1326 3475 1380 Filius

1853 1436 1993 1490 quos
2042 1421 2180 1488 vult,
2221 1422 2485 1477 vivilicat.
2517 1442 2537 1475 ι
2568 1422 2737 1493 Igitur
2773 1421 3012 1479 suscitat
3043 1420 3265 1489 quidem
3300 1418 3474 1475 Filius

1854 1515 2001 1570 sicut
2031 1513 2218 1581 Pater,
2252 1524 2309 1569 et
2341 1516 2465 1570 ideo
2504 1525 2781 1571 monstrat
2817 1523 3150 1583 potestatem
3200 1529 3357 1569 snam
3398 1513 3472 1566 nil

1853 1607 2221 1664 diderentem.
2248 1607 2356 1665 Sed
2382 1620 2433 1665 et
2463 1625 2559 1680 per
2590 1609 2845 1673 verbum,
2870 1622 3039 1678 «quos
3059 1607 3230 1669 vult,»
3268 1607 3479 1662 indicat

1856 1715 1973 1756 suae
1996 1716 2124 1756 cum
2169 1700 2337 1757 Patre
2360 1701 2673 1771 potestatis
2707 1700 3108 1773 aequalitatem.
3135 1698 3264 1756 llzec
3291 1708 3475 1754 autem

130 1796 298 1870 δόξης
320 1794 793 1866 ὲκλαμϐάνονται,
834 1794 886 1847 oi.
932 1792 990 1847 δὲ
1025 1791 1306 1865 ὀρθόδοξοι
1350 1790 1497 1860 ὑπὲρ
1540 1789 1752 1861 ταύτης

1863 1796 2043 1850 omnia
2064 1794 2257 1849 Ariani
2289 1795 2513 1865 quidem
2549 1802 2834 1866 exponunt
2852 1803 3047 1850 contra
3074 1792 3308 1866 gloriam
3329 1792 3477 1858 Filii,

128 1889 386 1962 νοοῦμεν.

211 2005 233 2040 ι
268 1986 406 2042 Οὐδὲ
462 1984 575 2056 γὰρ
629 1986 659 2038 6
692 1982 887 2053 Πατὴρ
948 1982 1130 2053 κρίνει
1191 1980 1425 2045 οὐδένα,
1470 1978 1611 2033 ἀλλὰ
1650 1976 1753 2047 τὴν

130 2078 323 2151 κρίσιν
349 2079 537 2134 πᾶσαν
558 2077 766 2132 δέδωκε
791 2075 875 2147 τῷ
902 2074 1019 2147 Υίῷ
1038 2090 1053 2106 ⁸
1088 2075 1178 2129 ἵνα
1203 2076 1409 2137 πάντες
1436 2073 1642 2144 τιμῶσι
1659 2071 1752 2125 τὸν

131 2174 294 2241 Υίδν,
338 2170 526 2236 καθὼς
554 2170 761 2243 τιμῶσι
801 2170 895 2224 16v
924 2169 1173 2243 Πατέρα.
1238 2170 1300 2222 'O
1334 2167 1411 2239 μὴ
1441 2165 1621 2237 τιμῶν
1660 2165 1753 2219 16v

133 2267 291 2335 Υίδν,
340 2268 405 2322 οὐ
456 2266 599 2338 τιμᾷ
655 2265 750 2319 16v
802 2265 1027 2334 Πατέρα
1080 2264 1175 2317 τὸν
1211 2261 1513 2333 πέμψαντα
1562 2259 1749 2315 αὐτόν.

146 2359 350 2431 Ἀμὴν,
382 2356 537 2429 ἀμὴν
566 2356 716 2427 λέγω
750 2356 905 2427 ὑμῖν,
942 2356 971 2410 6
1001 2354 1115 2410 τῶν
1154 2354 1336 2423 λόγων
1378 2371 1483 2425 μου
1510 2352 1751 2417 ἀκούων,

132 2453 238 2508 καὶ
285 2450 569 2506 πιστεύων
602 2449 679 2522 τῷ
709 2446 996 2521 πέμψαντί
1038 2466 1140 2520 με,
1186 2448 1301 2519 ἔχει
1332 2446 1481 2517 ζωὴν
1508 2446 1751 2510 αἰώνιον,

128 2547 237 2602 καὶ
261 2545 342 2610 είς
373 2543 562 2617 κρίσιν
584 2543 686 2597 οὐκ
708 2541 959 2614 ἔρχεται,
986 2540 1127 2595 ἀλλὰ
1155 2540 1541 2612 μεταϐέϐηκεν
1570 2540 1635 2593 ὲκ
1658 2538 1753 2593 τοῦ

131 2641 375 2697 θανάτου
407 2638 487 2703 είς
512 2636 615 2710 τὴν
648 2635 818 2709 ζωήν.
865 2656 884 2689 ι
926 2636 1176 2703 Ἔδειεεν
1205 2634 1402 2690 ἑαυτὺν
1432 2634 1749 2706 εὐεργετεῖν

127 2734 439 2803 δυνάμενον
474 2731 565 2787 διὰ
611 2732 725 2784 τῶν
772 2730 991 2785 πολλῶν
1037 2729 1309 2801 σημείων,
1345 2722 1423 2784 ὧν
1466 2728 1751 2799 ἐποίησεν.

148 2826 307 2880 Ἐπεὶ
327 2825 387 2879 δὲ
406 2823 510 2879 οὐκ
541 2822 658 2895 (‘20)
683 2822 1045 2892 ὲδυσώπησεν
1068 2822 1296 2887 αὐτοὺς,
1323 2824 1357 2894 ἢ
1391 2822 1755 2877 ἐπεσπάσατο

134 2918 283 2991 πρὸς
312 2919 374 2973 16
422 2917 660 2991 τιμῆσαι
691 2916 882 2982 αὑτὸν,
936 2916 1014 2981 ὡς
1066 2916 1220 2982 ἄξιον
1268 2912 1361 2987 ἦν,
1418 2918 1608 2996 φησὶν,
1670 2915 1754 2969 ὅτι

140 3032 164 3069 ι
199 3012 319 3083 Τὴν
372 3011 562 3085 κρίσιν
603 3013 788 3066 πᾶσαν
814 3013 842 3066 6
874 3011 1069 3083 Πατὴρ
1116 3010 1197 3081 τῷ
1252 3010 1372 3082 Υίῷ
1420 3011 1689 3076 δέδωκεν,
1731 3030 1749 3061 ι

134 3106 232 3160 ινα
260 3105 357 3159 καὶ
385 3107 415 3159 6
459 3104 624 3175 φόϐος
655 3105 757 3175 τῆς
811 3105 1053 3176 κρίσεως
1106 3106 1276 3178 πείσῃ
1329 3105 1535 3168 αὐτοὺς
1586 3104 1756 3177 τιμὴν

1859 1902 1959 1943 nos
1989 1897 2175 1943 autem
2214 1887 2513 1944 orthodoxi
2548 1903 2646 1957 pro
2675 1888 2766 1944 illa
2804 1887 3191 1960 lntelligimus.

1932 1982 2103 2040 Vens.
2129 1981 2324 2038 ἥσει.
2375 2002 2394 2037 ι
2441 1981 2629 2055 Neque
2662 1982 2810 2040 enim
2838 1980 3007 2039 Pater
3043 1982 3258 2053 judicat
3287 1997 3483 2054 quem-

1857 2090 2045 2143 quam,
2079 2075 2177 2130 sed
2211 2089 2377 2130 omne
2428 2073 2699 2145 judicium
2757 2074 2910 2131 dedit
2958 2072 3123 2137 Filio,
3182 2085 3241 2129 ut
3288 2090 3483 2129 oumcs

1858 2169 2132 2223 honorent
2158 2164 2383 2233 Filium,
2431 2166 2577 2221 sicut
2630 2169 2909 2222 honorant
2951 2165 3188 2222 Patrem.
3231 2164 3334 2234 Qui
3371 2183 3479 2220 non

1857 2261 2094 2317 honorat
2151 2258 2375 2326 Filium,
2429 2275 2541 2315 non
2597 2260 2833 2315 honorat
2887 2258 3109 2315 Patrem
3177 2260 3268 2330 qui
3335 2259 3486 2314 misit

1860 2353 2036 2411 illum.
2066 2354 2263 2420 Amen,
2295 2368 2456 2409 amen
2486 2353 2612 2409 dico
2636 2354 2817 2422 vobis,
2840 2353 3269 2425 qniscrmonem
3298 2365 3481 2415 meum

1858 2452 2036 2521 audit,
2068 2462 2125 2508 et
2151 2452 2330 2509 credit
2364 2452 2413 2508 ei
2448 2450 2541 2523 qui
2576 2465 2663 2507 me
2699 2449 2869 2511 misit.
2921 2448 3092 2505 habet
3122 2448 3289 2503 vitam
3326 2454 3486 2503 teter-

1860 2564 2008 2615 nam,
2044 2559 2099 2605 et
2143 2549 2198 2604 in
2233 2546 2752 2604 condemnationem
2788 2542 2957 2617 575,
2984 2559 3092 2599 non
3136 2542 3340 2607 veniet,
3390 2542 3484 2597 scd

1862 2638 2117 2695 transivit
2172 2655 2201 2695 a
2258 2649 2439 2695 morte
2476 2637 2529 2693 in
2565 2637 2756 2693 vitam.
2797 2656 2817 2688 ι
2856 2635 3197 2692 Monstrarat
3236 2634 3481 2704 seipsum

1860 2748 2022 2803 posse
2052 2731 2382 2789 benefacere
2410 2746 2509 2801 per
2545 2732 2717 2786 multa
2752 2730 2908 2803 signa
2935 2744 3057 2800 qua:
3084 2727 3314 2785 fecerat.
3344 2723 3483 2795 Quia
3590 2756 3597 2759 τ

1860 2833 2043 2879 autem
2077 2821 2481 2879 benefaciendo
2502 2836 2611 2877 non
2638 2821 2848 2893 placuit
2878 2834 2995 2888 eos,
3041 2832 3145 2874 nec
3177 2825 3487 2873 attraxerat

1861 2924 1921 2971 ut
1957 2930 2018 2972 se
2079 2914 2446 2980 honorarent,
2501 2914 2647 2970 sicut
2704 2911 2933 2982 dignum
2991 2919 3135 2976 erat,
3172 2907 3309 2965 dicit
3338 2908 3487 2980 quod

1867 3026 1886 3061 ι
1926 3006 2094 3063 Pater
2115 3021 2281 3062 omne
2307 3005 2577 3077 judicium
2607 3004 2825 3061 dederit
2855 3001 3016 3065 Filio,
3050 3019 3069 3053 ι
3104 3009 3165 3056 ttt
3199 2997 3285 3055 vel
3321 2999 3489 3055 titnor

1857 3098 2049 3170 judicii
2108 3097 2215 3153 illis
2272 3096 2606 3168 persuadeat
2662 3110 2771 3164 quo
2826 3094 3006 3165 ipsum
3040 3093 3253 3149 honore
3288 3104 3481 3162 prose.

136 3198 284 3270 πρὸς
326 3197 494 3251 αὐτὸν
529 3197 896 3263 ἐνδείξασθαι.
919 3196 1103 3252 Είώοα
1114 3215 1216 3267 μεν
1233 3196 1344 3269 γὰρ
1368 3198 1418 3251 οἱ
1447 3195 1752 3269 ἄνθρωποι,

1870 3200 2134 3261 quatitur.
2165 3186 2575 3245 Consuevimus
2608 3185 2755 3241 enim
2795 3199 2896 3241 nos
2941 3184 3217 3249 homines,
3248 3194 3486 3252 praesen.

139 3292 238 3347 καὶ
274 3291 511 3363 μάλιστα
542 3292 594 3345 οἱ
627 3290 988 3363 ἀλογώτεροι,
1019 3290 1176 3362 φόϐῳ
1211 3291 1417 3363 μᾶλλον
1460 3290 1494 3361 ἢ
1527 3276 1754 3364 εὗεργε-

140 3384 311 3447 σίαις,
340 3386 403 3437 16
450 3382 570 3436 δέον
605 3382 1073 3456 μεταμανθάνειν.
1107 3382 1184 3437 Τὸ
1208 3382 1291 3449 δὲ,
1337 3402 1357 3435 ‹
1411 3383 1626 3437 Ἔδωκε
1657 3383 1755 3455 τὴν

137 3478 327 3550 κρίσιν
354 3476 434 3549 τῷ
476 3477 595 3549 Υίῷ
622 3478 649 3531 6
693 3478 902 3549 Πατὴρ.
936 3497 954 3529 ι
997 3476 1144 3534 οὕτω
1170 3477 1389 3548 νόησον,
1444 3479 1528 3531 ὅτι
1555 3478 1754 3549 κριτὴν

134 3572 310 3626 αὐτὸν
357 3572 680 3644 ἐγέννησεν,
741 3572 935 3644 ὥσπερ
970 3571 1198 3635 ἀκούεις
1238 3572 1337 3626 καὶ
1389 3573 1471 3639 16,
1512 3590 1529 3625 ι
1597 3573 1756 3643 Ζωὴν

136 3666 344 3721 ἔδωκεν
373 3666 547 3737 αὐτῷ,
604 3685 623 3717 ι
664 3666 759 3720 καὶ
789 3668 957 3731 νοεῖς,
992 3667 1078 3719 ὅτι
1106 3664 1291 3729 ζῶντα
1320 3665 1487 3721 αὑτὸν
1530 3666 1756 3737 ἐγέννη-

140 3777 259 3815 σεν.
291 3759 451 3813 Ἐπεὶ
476 3762 588 3831 γὰρ
638 3762 666 3813 ὁ
707 3759 903 3830 Πατήρ
954 3762 1106 3813 ἐστιν
1154 3758 1333 3824 αἴτιος
1362 3758 1443 3830 τῷ
1497 3759 1614 3830 Υίῷ
1657 3759 1754 3813 τοῦ

137 3847 307 3919 εῖναι,
342 3855 412 3905 τά
444 3852 651 3917 πάντα,
688 3851 793 3905 ὅσα
842 3851 959 3922 ἔχει
999 3851 1028 3903 6
1085 3850 1240 3916 Υἱὸς,
1291 3851 1515 3920 λέγεται
1565 3851 1755 3907 λαϐεῖν

140 3944 300 4017 παρὰ
328 3944 422 3999 τοῦ
453 3946 693 4017 Πατρὺς,
715 3946 793 4009 ὡς
824 3946 884 4010 ἐξ
908 3945 1079 3999 αὐτοῦ
1101 3947 1354 4014 φυσικῶς
1385 3948 1565 4003 ταῦτα
1591 3949 1751 4021 ἔχων.

142 4036 259 4091 Καὶ
287 4037 388 4109 τὴν
439 4041 623 4110 κρίσιν
655 4033 751 4093 οὖν
782 4039 901 4109 ἔχει
941 4040 1005 4096 ἐκ
1038 4040 1137 4093 τοῦ
1176 4041 1395 4111 Πατρὸς
1442 4042 1640 4107 οὕτως,
1679 4044 1756 4107 ὡς

144 4131 262 4201 ἔχει
295 4131 470 4202 αὐτὴν
504 4134 534 4185 ὁ
566 4132 785 4205 Πατήρ.
823 4132 947 4187 Ἵνα
989 4133 1102 4204 γὰρ
1144 4134 1223 4205 μὴ
1253 4136 1549 4199 ἀκούοντες
1582 4138 1757 4192 αἴτιον

142 4224 289 4281 εἶναι
318 4226 411 4280 τὸν
438 4226 662 4297 Πατέρα
692 4227 787 4280 τοῦ
816 4226 973 4289 Υίοῦ,
995 4230 1285 4299 νοήσωμεν
1308 4230 1391 4283 ὅτι
1421 4224 1577 4295 οὗτός
1600 4234 1753 4285 ἐστιν

142 4320 325 4385 αἴτιος
376 4320 571 4385 αὐτοῦ,
617 4320 813 4393 ὥσπερ
859 4322 956 4376 καὶ
996 4323 1107 4376 τῶν
1141 4326 1484 4396 κτισμάτων,
1538 4328 1634 4382 καὶ
1668 4327 1760 4381 διά

144 4412 308 4467 τοῦτο
330 4414 431 4484 τῆς
454 4413 625 4485 τιμῆς
665 4416 973 4470 ἐλάττωσιν
1018 4418 1436 4489 εἰσαγάγωμεν,
1472 4422 1642 4491 φησὶν
1672 4422 1756 4475 ὅτι

1867 3286 1965 3340 tim
2002 3284 2057 3339 hi
2094 3282 2188 3353 qui
2245 3280 2520 3337 crassiore
2556 3289 2740 3336 mente
2788 3278 3001 3351 praediti
3066 3290 3296 3341 sumus,
3335 3284 3483 3332 metu

1865 3380 2048 3453 potius
2078 3393 2243 3449 quam
2272 3375 2563 3433 beneﬁciis
2598 3374 2745 3446 quod
2774 3382 2994 3445 oportet
3023 3372 3331 3428 addiscere.
3363 3368 3484 3426 Jam

1866 3473 2011 3545 quod
2040 3472 2192 3539 dicit,
2234 3488 2253 3523 ι
2284 3469 2440 3526 Dedit
2462 3468 2733 3542 judicium
2765 3467 2931 3523 Pater
2962 3467 3125 3531 Filio,
3162 3485 3181 3517 ι
3208 3465 3291 3521 sic
3318 3466 3477 3520 iutel~

1868 3569 1991 3642 lige,
2027 3568 2173 3640 quod
2220 3568 2463 3639 judicem
2498 3580 2627 3623 eum
2701 3565 2995 3637 genuerit,
3042 3564 3123 3617 sic
3164 3561 3331 3617 etiam
3365 3575 3489 3616 cum

1867 3663 2026 3718 audis
2044 3662 2187 3733 quod
2209 3662 2377 3716 vitam
2391 3661 2605 3717 dederit
2629 3660 2729 3727 illi,
2753 3658 3033 3727 intelligas
3047 3659 3191 3728 quod
3215 3655 3487 3711 viventem

1867 3756 2020 3812 illum
2048 3754 2326 3825 genuerit.
2346 3748 2502 3823 Quia
2537 3754 2689 3810 enim
2718 3750 2884 3809 Pater
2906 3762 3102 3808 auctor
3133 3762 3220 3808 est
3254 3750 3396 3806 Filio
3427 3760 3489 3805 ut

1869 3854 1964 3918 sit,
2018 3851 2205 3911 omnia
2244 3863 2593 3923 quaecunque
2649 3849 2818 3906 habet
2870 3847 3065 3915 Filius,
3105 3846 3311 3905 dicitur
3342 3846 3491 3903 acci-

1868 3963 2001 4020 pere
2033 3963 2063 4002 a
2108 3946 2296 4011 Patre,
2332 3960 2399 4001 co
2429 3946 2581 4016 quod
2617 3961 2683 4001 cx
2713 3945 2804 4001 illo
2839 3944 3170 4000 naturaliter
3221 3943 3341 3999 hzcc
3389 3941 3492 3997 ha"

1870 4044 2017 4098 beat.
2057 4040 2229 4112 Igitur
2258 4049 2314 4095 et
2343 4038 2615 4111 judicium
2651 4040 2817 4095 habet
2846 4054 2875 4093 a
2907 4038 3094 4106 Patre,
3132 4035 3279 4092 sicut
3330 4036 3494 4092 habet

1868 4134 2002 4190 illud
2037 4135 2238 4189 Pater:
2284 4142 2341 4188 ut
2374 4147 2445 4188 ne
2474 4133 2767 4190 audientes
2789 4142 3074 4189 auctorem
3112 4147 3239 4188 csse
3267 4130 3488 4187 Patrem

1868 4226 2018 4294 Filii,
2052 4224 2433 4296 intelligamus
2456 4224 2603 4295 quod
2636 4224 2717 4281 sic
2750 4226 2824 4280 sit
2849 4235 3049 4281 auctor
3074 4224 3225 4294 ejus,
3252 4225 3400 4280 sicut
3439 4239 3496 4277 (οι

1868 4331 2273 4383 creaturarum,
2323 4330 2379 4374 et
2425 4328 2716 4389 praptcrca
2765 4319 2992 4376 honoris
3042 4319 3488 4375 imminutionem

1871 4413 2330 4471 introducamus:
2392 4413 2469 4468 ait
2494 4414 2641 4484 quod
2698 4413 2933 4481 inhitllo
2968 4412 3151 4470 minor
3197 4414 3376 4471 Filius
3408 4423 3489 4469 cst

148 4504 385 4575 οὐδεμία
428 4504 762 4577 παραλλαγὴ
807 4505 887 4577 τῷ
920 4508 1037 4577 Υἱῷ
1069 4508 1209 4579 πρὸς
1258 4511 1352 4563 τὸν
1396 4512 1642 4583 Πατέρα.
1697 4513 1752 4566 '0

1871 4510 2057 4565 Patre.
2092 4508 2229 4564 Nam
2261 4509 2354 4577 qui
2383 4507 2548 4564 habet
2575 4516 2904 4580 potestatem
2942 4507 3208 4579 puniendi
3242 4519 3291 4563 et
3324 4508 3470 4563 hono

152 4572 555 4672 γὰρ-ἐξουσίαν
600 4572 1059 4669 ἔχων-κολάζειν.
1092 4572 1406 4675 καὶτιμᾷν,
1459 4572 1752 4676 ὡς’βούλε-

1874 4602 2027 4657 randi
2062 4603 2206 4657 sicut
2238 4600 2374 4669 vult,
2412 4602 2608 4657 eadem
2640 4610 2825 4670 potest
2856 4617 2977 4673 qua:
3027 4599 3212 4667 Pater,
3259 4601 3388 4657 idco
3442 4612 3496 4655 ct

147 4711 263 4758 ται,
299 4694 474 4747 ταυτα
527 4692 757 4747 δύναται
790 4694 869 4764 τῷ
922 4696 1130 4765 Πατρί·
1188 4696 1273 4749 διὸ
1314 4698 1410 4750 καὶ
1458 4700 1542 4752 δεῖ
1592 4700 1758 4755 αὐτὸν

146 4789 318 4859 τιμᾷν
357 4786 537 4850 οὓτως
591 4787 667 4851 ὼς
715 4788 807 4841 16v
864 4789 1109 4862 Πατέρα.
1163 4810 1181 4842 ι
1240 4791 1361 4843 ’Ὶνα
1410 4792 1544 4864 γὰρ,
1597 4794 1755 4865 φησὶ,

148 4881 356 4943 πάντες
374 4880 581 4952 τιμῶσι
609 4881 701 4934 16v
722 4881 877 4946 Υίὸν,
905 4880 1091 4947 καθὼς
1112 4884 1321 4955 τιμῶσι
1340 4885 1432 4937 τὸν
1454 4886 1701 4958 Πατέρα.
1733 4906 1751 4938 ι

147 4975 214 5026 Oi
244 4973 380 5042 γοῦν
410 4974 543 5047 περὶ
570 4974 663 5029 τὸν
699 4976 948 5045 Ἀρειον,
982 4977 1174 5045 ἐπειδὴ
1204 4977 1282 5042 ὡς
1330 4978 1541 5051 κτίσμα
1592 4984 1760 5053 τιμᾷν

149 5068 357 5121 οἴονται
389 5068 486 5121 τὸν
523 5068 677 5136 Υίὸν,
710 5070 805 5123 καὶ
845 5071 939 5123 16v
978 5072 1200 5142 Πατέρα
1224 5072 1414 5127 λοιπὸν
1435 5074 1511 5138 ὡς
1549 5077 1762 5146 κτίσμα

150 5162 425 5231 τιμῶντες
455 5162 800 5232 ἐλέγχονται.
838 5164 911 5221 Ἦ
964 5164 1075 5235 γὰρ
1128 5164 1191 5219 οὐ
1220 5166 1461 5235 τιμῶσιν
1492 5166 1630 5231 ὅλως
1664 5169 1758 5223 16v

152 5254 301 5312 Tihv.
332 5256 427 5309 καὶ
465 5258 607 5325 μετὰ
635 5256 747 5311 τῶν
777 5258 1056 5312 Ἰουδαίων
1081 5260 1475 5315 ταττέσοωσαν
1495 5278 1511 5292 ο
1544 5262 1577 5334 ἢ
1602 5263 1759 5332 είπερ

148 5347 351 5418 τιμῶσι
403 5350 503 5420 μὲν
548 5350 737 5417 αὑτὸν,
777 5351 855 5415 ὡς
889 5354 1098 5424 κτίσμα
1126 5352 1207 5416 δὲ.
1243 5354 1451 5425 πρέπει
1486 5355 1545 5409 δὲ
1590 5358 1762 5428 τιμᾷν

151 5441 316 5495 αὑτὸν
358 5443 550 5515 ὥσπερ
602 5445 698 5497 καὶ
736 5446 831 5498 τὸν
884 5446 1133 5518 Πατέρα,
1185 5448 1504 5519 ἐλέγχονται
1541 5452 1760 5516 πάντως

150 5534 382 5589 καὶτὸν
424 5537 650 5610 Πατέρα
683 5539 760 5601 ὡς
806 5540 1020 5609 κτίσμα
1080 5542 1379 5610 τιμῶντες.
1440 5544 1553 5597 Καὶ
1582 5544 1761 5611 ἄλλως

150 5623 231 5691 δὲ,
262 5628 409 5681 κατὰ
436 5628 499 5682 16
531 5630 883 5700 ἐπαγόμενον
908 5647 919 5660 ·
980 5630 1101 5696 πῶς
1138 5634 1345 5703 τιμῶσι
1376 5634 1469 5689 τὸν
1519 5637 1758 5709 Πατέρα,

1134 5794 1217 5850 1⁸ίῖ
1248 5794 1576 5857 t'niiulinni

236 5916 344 5969 "2m
380 5914 509 5971 (νά.
551 5919 637 5983 Ἀθ,
681 5917 866 5981 ²’⁷;ῑιἰῖι;
932 5920 953 5969 -ἶι
997 5938 1057 5986 ξξ
1237 5946 1242 5954 ·

1870 4704 2093 4761 oportet
2130 4695 2286 4750 illum
2318 4695 2597 4751 honorare
2649 4696 2841 4752 eodem
2880 4697 3047 4752 modo
3093 4710 3204 4766 quo
3246 4695 3492 4751 Patrem.

1872 4790 2015 4845 Dicit
2071 4790 2243 4855 enim,
2288 4808 2307 4841 ι
2368 4786 2439 4844 Ut
2478 4804 2675 4847 omnes
2733 4792 3007 4847 honorent
3066 4791 3299 4855 Filium,
3347 4793 3495 4848 sicut

1873 4890 2150 4939 honorant
2184 4883 2427 4939 Patrem.
2470 4902 2488 4935 ι
2522 4883 2588 4938 Et
2626 4885 2701 4939 ita
2734 4884 2921 4941 Ariani
2953 4884 3083 4957 quia
3118 4884 3287 4941 veluti
3338 4902 3497 4941 crea-

1874 4989 2053 5033 turam
2090 4989 2286 5049 putant
2318 4978 2698 5034 honorandum
2737 4976 2964 5042 Filium,
2996 4987 3054 5035 et
3092 4977 3315 5035 Patrem
3351 4993 3492 5048 quo-

1873 5086 1983 5143 que
2032 5073 2179 5127 sicut
2220 5082 2538 5128 creaturam
2576 5073 2838 5128 honorari
2883 5073 3108 5137 debere,
3153 5074 3495 5145 redarguun-

1874 5177 2002 5223 tur:
2051 5168 2137 5224 vel
2197 5168 2423 5225 omnino
2482 5183 2591 5223 non
2642 5169 2919 5225 honorant
2976 5169 3201 5235 Filium,
3252 5179 3308 5227 et
3366 5187 3491 5226 cum

1870 5260 2076 5319 Judzeis
2104 5261 2456 5317 ordinantur.
2492 5260 2591 5318 Vel
2648 5262 2698 5318 si
2749 5262 2969 5333 quidem
3017 5265 3295 5320 honorant
3338 5280 3492 5326 eum,

1872 5359 2147 5413 honorant
2173 5372 2304 5412 vero
2339 5365 2398 5413 ut
2426 5368 2777 5423 creaturam,
2810 5358 2968 5413 decet
2999 5368 3183 5414 autem
3232 5359 3493 5415 honorari

1873 5451 2049 5519 ipsum
2108 5450 2255 5505 sicut
2306 5459 2361 5506 et
2408 5450 2670 5506 Patrem:
2710 5453 3122 5523 redarguuntur
3162 5454 3392 5508 omnino
3442 5466 3497 5507 rt

1873 5540 2093 5599 Patrem
2130 5544 2273 5599 sicut
2314 5556 2630 5600 creaturam
2661 5547 2957 5603 honorare.
2990 5546 3057 5599 Et
3100 5548 3261 5602 aliter
3292 5562 3489 5603 sccuno

1872 5639 2002 5694 dum
2029 5640 2129 5692 hoc
2159 5642 2304 5710 quod
2334 5641 2608 5709 subditur,
2636 5642 2912 5711 quomodo
2944 5646 3217 5698 honorant
3241 5640 3489 5706 Patrem,

1634 5800 1820 5857 t't-ti'i.
1867 5802 2094 5861 Υιεςιιιν.
2142 5802 2179 5857 S
2250 5801 2468 5859 λίπει

3326 369 3467 435 1270
3552 432 3562 441 ,
