3936 6398
519 363 643 424 2:71

1445 365 1514 422 TI
1529 362 1758 422 IEUI’II
1771 361 2034 420 YLAC'I’I
2073 360 2168 420 BU
2183 356 2267 418 LG
2281 361 2318 416 Α
2333 362 2377 418 ll
2393 359 2485 417 ΠΕ
2526 360 2567 416 Α
2579 357 2883 419 ιιριιιΕι).

3679 349 3795 417 1272

494 468 583 534 nui
624 482 726 519 non
757 465 1026 518 honorant
1059 463 1305 518 Filium?
1341 465 1538 520 Suhdit
1575 466 1745 531 enim,
1789 482 1805 514 ι
1842 465 1943 530 Qui
1979 479 2076 517 non

2195 462 2244 514 Ol
2291 464 2367 532 μὴ
2423 461 2698 530 τιμῶντες
2737 462 2830 513 τὸν
2881 459 3042 525 Υἱόν;
3087 457 3319 529 Ἐπάγει
3347 460 3499 532 γάρ·
3542 479 3563 514 I
3619 460 3680 516 Ὀ
3731 464 3792 532 μὴ

496 561 726 612 honorat
766 556 985 622 Filium,
1044 573 1149 611 non
1197 558 1429 612 honorat
1468 558 1704 614 Patrem.
1751 577 1769 609 ι
1823 558 1922 625 Qui
1977 574 2081 613 non

497 655 752 714 honorat,
785 647 981 717 inquit,
1030 650 1102 704 ita
1140 658 1196 703 ut
1233 649 1366 715 dixi,
1399 651 1541 705 sicut
1577 661 1628 706 et
1672 650 1914 706 Patrem.
1947 649 2082 717 Quia

494 747 536 802 si
581 745 700 815 quis
750 743 898 797 dicat
957 741 1097 809 quod
1161 752 1409 797 creatura
1479 744 1696 812 quidem
1761 742 1934 801 Filius
1990 745 2082 809 sit,

493 835 954 895 excellentissima
1004 845 1186 891 autem
1251 837 1503 892 omnium
1561 847 1969 903 creaturarum,
2031 848 2088 894 et

492 935 743 997 (.pIm-tur
776 929 939 984 tribti
978 928 1117 987 Filio
1166 930 1362 985 falsum
1421 931 1570 986 illum
1627 941 1680 987 et
1730 949 1924 986 vanum
1982 935 2082 988 ho-

493 1039 703 1089 norem,
757 1021 1053 1078 inltouorat
1103 1022 1328 1078 omnino
1377 1034 1432 1078 et
1490 1023 1709 1079 Patrem
1793 1025 1884 1096 qui
1939 1026 2086 1080 misit

489 1115 658 1170 illum.
698 1112 842 1171 Dixit
874 1125 1056 1171 autem
1088 1134 1107 1167 ι
1141 1130 1264 1171 eum
1291 1117 1384 1189 qui
1433 1118 1600 1183 misit,
1637 1136 1654 1169 ι
1691 1133 1757 1174 ne
1795 1134 2084 1189 exaspera-

488 1221 699 1270 rentur,
745 1207 889 1262 sicut
946 1209 1318 1278 praediximus.
1350 1207 1484 1262 Nam
1519 1208 1825 1263 doctrinam
1861 1214 1941 1265 (ut
1988 1210 2082 1264 di-

495 1308 636 1355 etum
667 1302 772 1373 εει)
825 1301 1154 1360 mirabiliter
1205 1301 1490 1371 implectit.
1545 1301 1825 1357 Interdum
1861 1303 2080 1373 quidem

490 1391 742 1449 sublimia
776 1396 842 1450 de
889 1409 948 1451 se
981 1394 1312 1457 testimonia,
1364 1404 1422 1448 ut
1463 1394 1682 1464 dignum
1735 1405 1872 1460 erat,
1932 1396 2078 1452 fert:

492 1485 768 1540 interdum
799 1496 983 1540 autem
1041 1487 1288 1550 humilia,
1329 1497 1551 1557 pr0pter
1587 1488 1856 1543 insaniam
1900 1489 2082 1544 inimi-

491 1591 680 1630 corum
732 1573 1065 1633 Judazorum.
1125 1578 1258 1632 Nam
1316 1581 1361 1633 si
1415 1591 1626 1634 cumet.
1666 1581 1996 1636 surrexisset
2049 1597 2080 1636 a

489 1669 740 1734 mortuis,
769 1681 823 1725 et
857 1671 1197 1728 ascendisset
1245 1673 1295 1726 in
1326 1674 1517 1744 ccelos,
1567 1685 1621 1728 et
1658 1690 1756 1744 per
1799 1675 2080 1744 apostolos

488 1776 640 1814 suam
697 1771 1056 1821 monstrasset
1094 1763 1394 1829 virtutem,
1445 1766 1863 1821 insurrexvrunt
1914 1767 2076 1823 Arius

485 1863 538 1906 et
575 1853 872 1910 Eunomius
914 1865 1103 1910 contra
1151 1856 1379 1927 gloriam
1418 1857 1556 1925 ejus,
1590 1866 1647 1914 et
1683 1859 1732 1912 in
1765 1868 2074 1914 creaturam

486 1945 664 2014 ipsum
690 1946 1077 2002 deduxerunt:
1112 1945 1281 2003 Judmi
1317 1949 1406 2018 qui
1443 1960 1568 2004 tunc
1596 1963 1776 2016 erant,
1807 1954 1898 2021 qui
1927 1953 2078 2006 vide-

485 2043 617 2092 Iaut
670 2040 844 2110 ipsum
881 2042 934 2094 in
966 2057 1132 2096 carne
1181 2043 1463 2098 ambulare
1511 2060 1633 2098 cum
1690 2045 1994 2113 publicanis
2022 2056 2080 2101 et

489 2129 892 2196 meretricibus,
947 2129 1109 2202 575
1141 2143 1196 2186 et
1229 2135 1521 2189 comedere
1573 2146 1627 2190 et
1682 2135 1870 2191 bibere
1933 2136 2078 2192 sicut

485 2239 652 2278 unuut
679 2239 742 2278 ex
778 2225 999 2292 multis;
1037 2225 1166 2294 quid
1197 2239 1301 2280 non
1331 2225 1594 2282 fecissent
1625 2228 1669 2283 si
1695 2228 1877 2283 omnia
1907 2228 2080 2284 subli¢

484 2316 592 2369 mia
629 2316 694 2369 de
731 2332 789 2372 se
830 2316 1078 2384 dixisset,
1122 2329 1176 2372 et
1209 2333 1315 2373 non
1347 2320 1729 2376 adtuiscuisset
1763 2325 1926 2376 etiam
1973 2323 2078 2377 hu-

485 2408 677 2462 milia?
712 2405 919 2464 Idcirco
951 2421 1008 2465 et
1034 2409 1253 2466 subdit:
1286 2429 1305 2462 ι
1354 2410 1453 2478 Qui
1487 2411 1640 2467 audit
1678 2429 1827 2469 meos
1865 2430 2080 2470 sermo-

482 2517 603 2566 ncs,
647 2511 701 2557 et
747 2503 919 2559 credit
950 2504 999 2558 ei
1037 2505 1125 2571 qui
1165 2519 1250 2560 me
1286 2505 1454 2571 misit,
1505 2507 1665 2560 habet
1699 2507 1863 2561 vitam
1917 2518 2078 2562 aster-

485 2609 632 2647 uatn.
671 2612 688 2644 ι
724 2592 790 2648 Ει
822 2605 1033 2649 mentes
1060 2609 1247 2649 eorum
1291 2594 1454 2650 etiam
1501 2611 1600 2666 per
1639 2597 1741 2651 hoc
1785 2597 2073 2663 cxhilarat,

483 2700 604 2739 CIIII)
642 2686 869 2740 audiunt
907 2687 1052 2756 quod
1101 2688 1390 2744 audientes
1430 2703 1712 2744 sermOnes
1765 2691 1917 2760 ejus,
1966 2691 2078 2747 Deo

483 2778 595 2832 sint
623 2778 902 2834 credituri.
933 2778 1049 2833 Non
1072 2780 1215 2835 enim
1243 2781 1397 2847 dixit,
1418 2781 1518 2850 Qui
1548 2783 1722 2837 credit
1757 2784 1888 2838 tnihi
1920 2804 1932 2838 :
1958 2787 2076 2852 sed,

489 2889 510 2921 ο
553 2868 612 2923 Ei
650 2870 740 2940 qui
774 2886 862 2925 me
890 2871 1058 2926 misit.
1096 2891 1114 2924 ι
1146 2871 1314 2943 Igitur
1344 2874 1438 2942 qui
1487 2876 1662 2930 credit
1691 2877 1791 2941 illi,
1835 2877 1886 2932 in
1932 2876 2080 2945 judi-

479 2964 654 3029 cium,
692 2964 794 3019 hoc
825 2974 928 3032 est,
983 2965 1037 3020 in
1076 2965 1404 3035 supplicium
1451 2982 1557 3022 non
1591 2970 1758 3032 venit,
1805 2971 1898 3024 sed
1950 2973 2080 3027 vivit

483 3057 652 3112 vitam
700 3064 986 3126 aeternam,
1039 3074 1144 3114 non
1197 3060 1418 3117 subiens
1465 3071 1698 3119 mortem
1752 3065 1969 3131 anitum,
2014 3083 2076 3120 ac

2191 554 2371 623 τιμῶν
2397 555 2488 606 τὸν
2522 555 2667 618 Υἱὸν,
2705 555 2767 607 οὐ
2799 555 2936 625 τιμᾷ
2989 555 3082 607 τὸν
3115 553 3362 624 Πατέρα.
3401 574 3426 607 θ
3498 553 3563 609 Ὀ
3609 557 3687 626 μὴ
3725 574 3791 609 τι.

2194 648 2333 718 μῶν,
2383 649 2570 717 φησὶν,
2606 647 2804 713 οὓτως,
2842 647 2917 711 ὡς
2957 642 3132 712 εἶπον,
3169 648 3356 711 καθὼς
3405 648 3509 701 καὶ
3557 648 3656 701 τὸν
3697 651 3771 704 II:

2189 741 2482 812 τέρα·ἐπεὶ
2506 741 2662 804 εἴτις
2685 740 2856 808 λέγει,
2906 741 2986 794 ὅτι
3013 739 3219 812 κτίσμα
3254 741 3357 812 μὲν
3388 744 3416 794 ὁ
3445 741 3611 805 Υἱὸς,
3641 742 3786 812 ὑπερ-

2191 831 2331 901 έχων
2365 831 2420 884 δὲ
2453 832 2672 885 πάντων
2707 831 2814 884 τῶν
2846 832 3188 902 κτισμάτων,
3236 833 3332 886 καὶ
3396 832 3604 902 δοκοίη
3652 835 3784 905 χειρί·

2190 922 2384 987 ζεσοαι
2419 923 2496 991 τῷ
2535 923 2650 994 Υῐῷ
2688 923 2859 993 ψευδῆ
2887 923 3094 993 ταύτην
3148 924 3242 978 καὶ
3288 926 3552 995 ματαίαν
3608 927 3780 996 τιμὴν,

2189 1013 2450 1086 ἀτιμάζει
2495 1017 2714 1080 πάντως
2757 1017 2852 1069 καὶ
2908 1017 3002 1070 τὸν
3050 1017 3274 1087 Πατέρα
3342 1017 3442 1071 τὸν
3496 1019 3791 1089 πέμψαντα

2188 1109 2375 1166 αὐτόν.
2417 1109 2490 1161 Τὸ
2522 1110 2600 1172 δὲ,
2656 1129 2674 1162 ι
2715 1110 3034 1179 πέμψαντα,
3075 1129 3092 1162 ι
3152 1104 3331 1174 εἶπεν,
3369 1111 3462 1164 ἵνα
3503 1112 3584 1182 μὴ
3641 1113 3792 1181 ἐκθη-

2194 1201 2462 1270 ριωθῶσι,
2500 1200 2645 1256 καθὰ
2698 1202 3059 1273 προείπομεν.
3095 1201 3208 1273 Τὴν
3253 1201 3364 1274 γὰρ
3409 1202 3791 1266 διδασκαλίαν,

2184 1293 2258 1357 ὡς
2295 1295 2532 1364 εἴρηται,
2583 1294 2770 1349 πλέκει
2823 1294 3168 1366 θαυμασίως,
3206 1296 3338 1349 ποτὲ
3374 1295 3483 1366 μὲν
3523 1297 3595 1348 τὶ
3623 1296 3793 1366 seu):

2187 1384 2368 1456 ἐαυτῷ
2415 1385 2882 1459 προσμαρτυρῶν,
2930 1385 3007 1450 ὡς
3054 1382 3123 1455 ἦν
3154 1387 3329 1453 ἄξιον,
3379 1389 3526 1440 ποτὲ
3573 1388 3659 1449 δὲ,
3712 1387 3790 1440 διὰ

2185 1479 2284 1549 τὴν
2329 1481 2529 1551 μανίαν
2561 1480 2668 1533 τῶν
2708 1480 2919 1551 ἐχθρῶν
2963 1481 3262 1547 Ἰουδαίων,
3311 1483 3382 1533 τὰ
3419 1483 3701 1536 ταπεινά.
3739 1480 3793 1533 ΕΞ

2184 1571 2294 1642 γὰρ
2348 1574 2440 1624 καὶ
2480 1572 2819 1636 ἀναστάντος
2861 1575 2922 1626 ὲκ
2961 1573 3198 1644 νεκρῶν,
3236 1575 3330 1626 καὶ
3373 1575 3699 1637 ἀναϐάντος
3724 1577 3795 1635 εἰς

2183 1664 2465 1734 οὐρανοὺς,
2496 1665 2589 1717 καὶ
2616 1665 2703 1718 διὰ
2725 1665 2834 1718 τῶν
2869 1667 3185 1720 ἀποστόλων
3227 1666 3523 1732 δείξαντος
3586 1670 3692 1738 τὴν
3721 1670 3792 1720 οἱ·

2184 1753 2340 1808 κείαν
2371 1756 2628 1826 δύναμιν,
2683 1756 3070 1826 ἐπανέστησαν
3103 1757 3324 1828 Ἀρειος
3382 1757 3486 1810 καὶ
3524 1757 3794 1827 Εὐνόμιος

2185 1851 2249 1919 τῇ
2281 1849 2405 1919 δέξῃ
2442 1848 2630 1914 αὑτοῦ.
2667 1849 2760 1902 καὶ
2805 1850 2885 1912 είς
2909 1849 3117 1919 κτίσμα
3138 1850 3302 1903 αὑτὸν
3338 1851 3680 1919 κατήγαγον
3710 1867 3723 1882 ·
3753 1854 3796 1903 ει

2186 1943 2310 1995 τότε
2347 1941 2594 1996 Ἰουδαῖοι
2646 1941 2938 2012 βλέποντες
2989 1942 3154 1996 αὐτὸν
3211 1943 3268 1994 ὲν
3323 1942 3502 2012 σαρκὶ
3563 1959 3800 2012 περιπα-

2185 2035 2384 2090 τοῦντα
2411 2036 2550 2107 μετά
2572 2037 2679 2089 τῶν
2698 2037 2947 2090 τελωνῶν
2965 2038 3058 2089 καὶ
3085 2036 3329 2107 πορνῶν,
3364 2037 3464 2090 καὶ
3481 2035 3795 2106 τρώγοντα,

2186 2130 2282 2184 καὶ
2313 2131 2563 2196 πίνοντα,
2595 2130 2672 2194 ὼς
2712 2131 2812 2184 ἕνα
2845 2131 2954 2184 τῶν
2990 2129 3226 2194 πολλῶν,
3259 2130 3314 2182 τί
3360 2131 3467 2182 οὐκ
3509 2131 3582 2182 ἃν
3609 2132 3796 2200 ἐποίη-

2188 2240 2312 2288 σαν,
2342 2225 2388 2276 εἰ
2423 2225 2603 2277 πάντα
2645 2223 2828 2294 ὑψηλά
2893 2225 3021 2294 περὶ
3081 2222 3279 2277 ἑαυτοῦ
3323 2223 3515 2291 ἔλεγε,
3577 2225 3678 2277 καὶ
3730 2226 3797 2294 μὴ

2190 2317 2634 2385 συγκατεμῐγνυε
2691 2318 2784 2369 καὶ
2832 2315 2900 2370 τὰ
2943 2317 3210 2382 ταπεινά;
3264 2317 3358 2368 Διὸ
3407 2317 3510 2368 καὶ
3563 2316 3794 2383 ἐπάγει·

2194 2428 2210 2459 ι
2269 2408 2324 2460 Ὀ
2381 2409 2598 2462 ἀκούων
2649 2427 2750 2479 μου
2794 2410 2924 2472 τοὺς
2976 2409 3188 2477 λόγους,
3258 2411 3353 2462 καὶ
3389 2410 3686 2462 πιστεύων
3727 2409 3798 2477 τῷ

2187 2501 2466 2570 πέμψαντὶ
2501 2519 2589 2572 με,
2621 2502 2735 2573 ἔχει
2801 2502 2946 2573 ζωὴν
2980 2501 3218 2556 αἰώνιον.
3261 2522 3278 2555 ι
3316 2503 3433 2565 Τὰς
3477 2503 3540 2557 δὲ
3573 2504 3798 2573 γνώμας

2187 2595 2370 2647 αὐτῶν
2423 2599 2515 2648 καὶ
2574 2594 2662 2648 διὰ
2724 2595 2935 2649 τούτων
2998 2594 3244 2667 ἱλαρὺνει
3298 2596 3656 2660 ἀκουόντων,
3726 2596 3803 2647 δτι

2186 2687 2307 2758 Θεῷ
2337 2689 2594 2758 μέλλουσι
2639 2688 2921 2742 πιστεύειν
2952 2688 3244 2750 ἀκούοντες
3281 2689 3411 2751 τοὺς
3465 2687 3677 2758 λόγους
3707 2691 3802 2741 αὖ-

2186 2779 2302 2832 τοῦ.
2338 2781 2411 2832 Οὐ
2448 2781 2557 2852 γὰρ
2610 2774 2798 2846 εἶπεν,
2836 2780 2919 2833 ὅτι
2986 2779 3046 2832 Ὀ
3090 2779 3366 2831 πιστεύων
3416 2780 3576 2848 ἐμοὶ,
3644 2779 3801 2843 ἀλλὰ,

2195 2892 2212 2926 ι
2252 2873 2342 2944 Τῷ
2366 2873 2645 2944 πέμψαντί
2681 2891 2770 2945 με.
2802 2894 2820 2926 ι
2867 2875 2926 2927 '0
2954 2875 3135 2928 τοίνυν
3165 2872 3444 2926 πιστεύων
3473 2873 3801 2943 ὲκείνιε›,εἰς

2186 2966 2392 3034 κρίσιν,
2413 2968 2532 3037 ἦτοι
2563 2969 2641 3030 είς
2674 2966 2914 3030 κόλασιν,
2935 2967 3036 3019 οὐκ
3067 2966 3318 3037 ἔρχεται,
3349 2965 3489 3018 ἀλλὰ
3525 2967 3598 3035 ζῇ
3630 2967 3801 3018 ὀῐδιτν

2185 3058 2354 3129 ζωὴν,
2389 3061 2622 3112 θάνατον
2675 3059 2764 3114 τὸν
2818 3060 3051 3130 ψυχικὸν
3117 3061 3210 3113 καὶ
3269 3059 3498 3114 αἰώνιον
3568 3061 3650 3130 μὴ
3700 3063 3800 3128 ὑφ·

485 3157 771 3216 reternam,
823 3151 1040 3204 etiamsi
1093 3151 1394 3207 naturalem
1443 3163 1496 3208 et
1551 3155 1906 3226 temporalem
1965 3173 2074 3214 non

2190 3154 2610 3223 ιστὲιμενος,εἰ
2666 3153 2760 3206 καὶ
2819 3153 2911 3226 τὸν
2972 3153 3203 3221 φυσικὸν
3277 3155 3372 3208 τὸν
3443 3157 3800 3226 πρόσκαιρον

483 3241 730 3312 eﬁugiat.

556 3328 724 3385 Vsus.
764 3328 958 3386 25-29.
998 3349 1015 3382 ι
1070 3333 1264 3400 Anton,
1321 3351 1480 3392 amen
1532 3335 1657 3392 dico
1705 3338 1878 3403 vobis,
1935 3341 2076 3410 quod

480 3424 632 3480 venit
682 3424 837 3489 hora,
888 3437 943 3481 et
1010 3444 1153 3484 nunc
1208 3441 1316 3496 est,
1356 3432 1574 3498 quando
1624 3437 1820 3490 mortui
1856 3438 2079 3490 audient

482 3532 668 3573 vocent
727 3516 850 3574 Filii
904 3520 1030 3575 Dei:
1081 3533 1135 3576 et
1185 3522 1275 3592 qui
1323 3525 1620 3592 audierint,
1667 3529 1871 3584 vivent.
1924 3528 2078 3584 Sicut

481 3611 626 3666 enim
657 3607 816 3667 Pater
849 3614 1013 3668 habet
1047 3617 1210 3669 vitam
1256 3617 1310 3671 in
1341 3620 1668 3690 semetipso,
1707 3622 1788 3677 sic
1828 3622 1973 3678 dedit
2021 3633 2076 3678 et

483 3700 623 3761 Filio
671 3705 724 3760 in
775 3708 1070 3777 semetipso
1121 3711 1323 3766 habere
1369 3713 1584 3767 vitam:
1647 3725 1702 3769 et
1750 3726 2073 3784 p0te5tatem

482 3795 636 3851 dedit
667 3797 1009 3865 eijudicandi
1051 3814 1292 3870 quoque,
1329 3805 1456 3872 quia
1489 3804 1658 3860 Filius
1687 3809 1921 3862 hominis
1969 3821 2073 3866 est.

481 3887 661 3944 Nolite
707 3891 898 3945 mirari
943 3892 1088 3958 hoc;
1123 3887 1250 3960 q°uia
1287 3895 1434 3950 venit
1466 3895 1599 3951 hora
1653 3898 1705 3952 in
1734 3914 1838 3967 qua
1886 3916 2079 3956 omnes

482 3981 574 4050 qui
617 3980 672 4035 in
718 3984 1088 4039 monumentis
1137 3995 1285 4051 sunt,
1337 3987 1560 4042 audient
1597 4005 1778 4045 vocent
1823 3992 1976 4061 ejus;
2025 4004 2079 4048 et

483 4075 777 4145 prodibant
825 4077 916 4147 qui
968 4077 1110 4133 bona
1159 4079 1448 4147 fecerunt,
1506 4082 1559 4136 in
1616 4086 2074 4141 resurrectionem

480 4176 647 4241 vitaz;
696 4174 789 4247 qui
831 4191 959 4232 vero
1009 4177 1151 4234 male
1201 4187 1454 4248 egerunt,
1491 4179 1545 4235 in
1611 4184 2072 4240 resurrectionem

480 4266 971 4322 condemnationis.
1014 4285 1032 4320 ι
1072 4267 1294 4324 Dixerat
1337 4271 1593 4340 superius
1625 4276 1770 4344 quod
1819 4277 1909 4345 qui
1966 4293 2075 4332 non

481 4357 716 4414 honorat
769 4359 1001 4426 Filium,
1053 4376 1160 4416 non
1219 4362 1454 4419 honorat
1508 4363 1762 4430 Patrem,
1819 4366 2075 4424 sublimia

479 4449 726 4519 quardam
770 4441 836 4506 de
876 4467 938 4508 se
979 4453 1382 4524 locutus:qu:e
1423 4463 1482 4509 ut
1528 4471 1598 4511 ne
1644 4456 1934 4512 videantur
1981 4474 2078 4527 per

2183 3248 2474 3316 ὑποσταίη.

2262 3361 2279 3393 ι
2327 3342 2533 3412 Ἀμὴν,
2571 3342 2718 3414 ἀμὴν
2750 3342 2895 3411 λέγω
2929 3344 3086 3414 ὑμῖν,
3121 3344 3203 3397 ὅτι
3237 3343 3467 3415 ἔρχεται
3503 3343 3668 3414 ὥρα,
3705 3345 3797 3396 καὶ

2183 3433 2279 3488 νῦν
2314 3436 2496 3502 ἐστιν,
2533 3436 2620 3489 Es:
2657 3437 2706 3489 οί
2744 3436 2930 3509 νεκροὶ
2962 3435 3291 3490 ἀκούσονται
3327 3435 3428 3504 τῆς
3469 3437 3668 3506 φωνῆς
3703 3435 3794 3488 τοῦ

2183 3527 2316 3582 Υἱοῦ
2350 3528 2444 3582 τοῦ
2480 3529 2638 3593 Θεοῦ,
2674 3531 2767 3585 καὶ
2802 3533 2851 3583 οἱ
2888 3532 3222 3594 ἀκούσαντες
3257 3530 3553 3607 ζήσονται.
3579 3532 3797 3599 ’Ὥσπερ

2182 3622 2289 3692 γὰρ
2323 3623 2350 3672 ὁ
2388 3622 2578 3692 Πατὴρ
2615 3621 2758 3692 ζωὴν
2793 3621 2906 3692 εχει
2942 3625 2999 3676 ὲν
3033 3622 3233 3692 ἐαυτῷ,
3269 3621 3447 3685 οὕτως
3485 3622 3665 3676 ἔδωκε
3702 3625 3795 3675 καὶ

2180 3715 2259 3781 τῷ
2305 3715 2416 3783 Υἱῴ
2461 3716 2605 3784 ζωὴν
2641 3713 2786 3785 ἔχειν
2819 3717 2875 3768 ὲν
2911 3715 3122 3785 ἐαυτῷ,
3157 3715 3254 3769 καὶ
3293 3715 3554 3781 ἔξουσίαν
3592 3716 3793 3770 ἔδωκεν

2181 3807 2330 3876 αὑτῷ
2360 3809 2452 3859 καὶ
2481 3807 2662 3876 κρίσιν
2689 3810 2860 3861 ποιεῖν
2888 3824 2900 3838 ·
2930 3810 3012 3862 ὅτι
3042 3807 3171 3873 Υἱὸς
3197 3807 3496 3877 ἀνθρώπου
3527 3809 3673 3863 ἐστί.
3703 3809 3793 3878 Μὴ

2183 3899 2493 3970 Οαυμάζετε
2521 3900 2700 3967 τοῦτο,
2727 3903 2811 3955 ὃτι
2843 3902 3065 3974 ἔρχεται
3094 3902 3232 3976 ὥρα,
3261 3905 3319 3956 ὲν
3409 3903 3622 3966 πάντες
3655 3904 3708 3957 οί
3737 3905 3794 3954 ὲν

2182 3996 2295 4055 τοῖς
2326 3997 2614 4064 μνημείοις
2643 3997 2970 4049 ἀκούσονται
2998 3997 3102 4066 τῆς
3129 3997 3312 4064 φωνῆς
3341 3996 3540 4060 αὑτοῦ,
3574 3997 3675 4050 καὶ
3706 3997 3796 4048 ὲκ-

2183 4086 2567 4154 πορεύσονται,
2598 4087 2646 4140 οἱ
2677 4089 2745 4141 τὰ
2777 4087 2959 4158 ἀγαθά
2990 4090 3337 4161 ποιήσαντες,
3371 4092 3454 4153 εἰς
3482 4091 3794 4146 ἀνάστασιν

2182 4179 2352 4250 ζωῆς,
2383 4182 2430 4232 οί
2461 4181 2517 4233 δὲ
2547 4181 2614 4233 τὰ
2646 4181 2829 4250 φαῦλα
2863 4181 3192 4251 πράξαντες,
3222 4185 3303 4245 εἰς
3333 4183 3647 4236 ἀνάστασιν
3675 4184 3793 4254 κρί-

2182 4289 2342 4336 σεως.
2378 4291 2395 4322 tt
2429 4271 2614 4326 Εἰπὼν
2641 4275 2922 4344 ἀνωτέρω,
2948 4274 3029 4328 ὅτι
3063 4291 3082 4326 ι
3110 4273 3179 4330 Ὀ
3210 4275 3284 4346 μὴ
3309 4275 3490 4345 τιμῶν
3517 4277 3614 4329 τὸν
3642 4277 3790 4336 Υἱδν.

2180 4363 2240 4416 οὐ
2266 4367 2401 4435 τιμᾷ
2426 4366 2516 4418 τὸν
2541 4366 2782 4436 Πατέρα,
2803 4368 2897 4422 καὶ
2919 4367 3100 4438 ὑψηλά
3122 4385 3244 4422 τινα
3268 4385 3331 4420 πε
3344 4368 3397 4440 ρί
3417 4369 3595 4422 αὐτοῦ
3623 4371 3792 4437 φθεγ-

2183 4455 2415 4524 ξάμενος
2434 4499 2448 4520 ,
2482 4457 2570 4511 ἴνα
2607 4458 2682 4529 μὴ
2715 4458 2841 4530 δόξῃ
2880 4459 3096 4530 κόμπος
3123 4455 3264 4514 εἶναι
3291 4458 3326 4513 ἀ
3354 4459 3540 4527 λέγει,
3573 4464 3672 4515 καὶ
3701 4463 3792 4515 τό·

479 4546 849 4616 arrogantiam
894 4556 950 4602 et
997 4547 1214 4602 inanem
1253 4549 1484 4620 gloriam
1520 4549 1699 4616 dicta,
1732 4550 1978 4622 adjungit
2024 4564 2076 4608 et

2186 4565 2285 4617 (ρος
2319 4549 2565 4613 διάκενος
2590 4591 2603 4613 ,
2639 4551 2870 4619 παρέχει
2907 4550 3000 4603 καὶ
3033 4549 3129 4621 τὴν
3163 4550 3252 4604 διὰ
3286 4550 3396 4604 τῶν
3428 4550 3618 4621 ἔργων
3651 4554 3792 4606 ἀπό-

479 4642 1003 4699 deutonstrationem
1058 4659 1155 4714 per
1201 4658 1402 4715 opera,
1454 4644 1644 4701 dicens
1682 4665 1700 4699 ι
1731 4645 1884 4714 Quod
1929 4647 2076 4702 venit

479 4734 638 4791 hora.
669 4755 687 4788 ι
723 4736 935 4792 Deinde
989 4747 1048 4792 ut
1078 4753 1150 4793 ne
1199 4737 1416 4808 longum
1457 4741 1810 4809 suspicentur
1842 4750 2073 4828 tempus,

481 4831 656 4901 inquit
696 4849 714 4883 ι
757 4831 823 4886 Ει
872 4848 1018 4888 nunc
1079 4843 1189 4900 est,
1228 4835 1446 4904 quando
1477 4835 1680 4891 mortui
1725 4835 1951 4891 audient
1981 4855 2078 4892 vo-

482 4939 599 4980 cem
656 4923 779 4980 Filii
835 4925 956 4991 Dei,
997 4946 1014 4979 ι
1057 4927 1163 4981 hoc
1208 4936 1314 4994 est,
1381 4942 1556 4982 meam
1586 4968 1600 4995 ,
1649 4929 1741 4999 qui
1795 4930 2074 4986 vobiscum

481 5033 800 5074 conversor.
832 5019 968 5074 Dicit
995 5029 1176 5076 autem
1210 5022 1325 5076 haec
1347 5024 1414 5077 de
1447 5021 1514 5077 iis
1539 5038 1678 5093 quos
1707 5023 2075 5080 suscitaturus

481 5120 635 5176 erat;
671 5120 728 5165 ut
764 5113 830 5167 de
861 5111 971 5168 ﬁlio
997 5113 1194 5179 vidute,
1229 5113 1339 5170 lilia
1364 5116 1780 5186 archisynagogi
1813 5127 1864 5171 et
1899 5116 2071 5172 Laza-

483 5219 568 5258 ro.
603 5203 805 5260 Deinde
831 5216 881 5260 et
922 5207 1187 5270 rationem
1219 5206 1376 5262 aﬂ‘ert
1421 5208 1692 5262 dictorum
1726 5209 2072 5264 demonstra-

482 5299 646 5352 tivam
677 5317 689 5365 ;
717 5297 850 5353 dicit
881 5300 1064 5354 enim:
1130 5319 1148 5352 ι
1185 5301 1335 5356 Sicut
1370 5300 1529 5356 Pater
1581 5303 1746 5357 vitam
1800 5302 1964 5357 habet
2020 5305 2072 5358 in

484 5390 798 5461 semetipso,
856 5391 925 5446 ita
992 5392 1135 5446 dedit
1194 5404 1249 5449 et
1311 5392 1448 5449 Filio
1507 5394 1670 5449 vitam
1728 5395 1933 5453 habere
2019 5398 2070 5452 in

485 5485 801 5553 semetipso,
845 5503 862 5536 ›
906 5495 964 5538 ιιι
989 5485 1221 5541 viviﬁcet
1257 5488 1539 5542 audientes
1563 5504 1752 5544 vocem
1789 5494 1929 5560 ejus.
1956 5490 2070 5545 Non

484 5576 659 5630 solum
693 5583 870 5631 autem
901 5586 1223 5645 potestatem
1260 5579 1405 5633 dedit
1441 5579 1488 5635 ei
1517 5580 1850 5645 viviﬁcandi,
1888 5586 1980 5637 sed
2020 5592 2072 5635 ct

489 5669 719 5724 faciendi
760 5669 1022 5736 judicium
1060 5678 1114 5725 et
1147 5673 1426 5742 puniendi.
1469 5675 1625 5742 Saepe
1650 5686 1829 5730 autem
1878 5678 1929 5731 in
1960 5693 2070 5731 nte-

484 5762 629 5814 tlinm
697 5765 852 5821 alTert
923 5780 1203 5821 sermones
1261 5767 1328 5842 de
1375 5769 1613 5837 judicio,
1682 5779 1738 5823 ut
1795 5771 2069 5826 auditores

486 5856 701 5908 excitet.
738 5858 833 5913 Cui
870 5859 1012 5912 enim
1057 5849 1373 5928 persuasum
1410 5870 1491 5916 est
1535 5863 1675 5931 quod
1723 5863 2070 5918 :usaitandus

2184 4641 2350 4708 δειξιν
2379 4642 2574 4710 λέγων,
2601 4643 2684 4697 ὅτι
2716 4662 2734 4694 ι
2763 4645 3030 4715 Ἔρχεται
3055 4643 3195 4718 ὥρα⁸
3220 4665 3237 4696 ι
3273 4639 3416 4710 εἶτα,
3449 4645 3539 4698 ἵνα
3571 4646 3653 4717 μὴ
3684 4664 3789 4713 μα-

2184 4735 2313 4808 κρὸν
2336 4738 2768 4806 ὑποπτεύσωμεν
2791 4739 2881 4790 τὸν
2905 4739 3116 4808 χρόνον,
3145 4737 3298 4807 φησί’
3333 4741 3476 4794 «Καὶ
3495 4739 3595 4794 νῦν
3621 4743 3790 4804 ἔστιν,

2183 4833 2270 4886 ὅτε
2298 4833 2346 4886 οἱ
2371 4833 2557 4902 νεκροὶ
2582 4831 2908 4886 ἀκούσονται
2931 4836 3029 4904 τῆς
3058 4834 3243 4903 φωνῆς
3267 4833 3361 4887 τοῦ
3392 4833 3550 4900 Υέοὖ,
3585 4856 3606 4889 r
3636 4856 3792 4892 τουτ-

2182 4930 2320 4990 έστι,
2351 4929 2445 4980 νῦν
2476 4928 2609 4998 ἐμοῦ
2643 4927 2764 4998 μεθ’
2789 4929 2944 4999 ὑμῶν
2971 4929 3364 4998 διατρίϐοντος.
3395 4931 3588 4987 Ταῦτα
3620 4934 3676 4988 δὲ
3703 4933 3790 4987 λέ-

2179 5041 2265 5090 γει
2300 5024 2426 5093 περὶ
2453 5017 2526 5076 ὧν
2552 5023 2774 5091 ἔμελλεν
2798 5023 3102 5094 ἀναστῆσαι
3132 5026 3366 5096 νεκρῶν,
3402 5021 3517 5080 οἷον
3538 5027 3638 5082 τοῦ
3670 5029 3787 5082 υἱοῦ

2180 5114 2280 5181 τῆς
2328 5116 2523 5183 χήρας,
2565 5115 2664 5184 τῆς
2710 5116 2980 5185 Θυγατρὸς
3022 5115 3116 5169 τοῦ
3164 5118 3652 5187 ἀρχισυναγώγου,
3694 5123 3787 5175 καὶ

2179 5203 2274 5257 τοῦ
2307 5204 2580 5276 Λαζάρου.
2613 5202 2746 5261 Εἶτα
2774 5209 2868 5260 καὶ
2896 5207 3156 5278 λογισμὸν
3189 5212 3387 5279 ἐπάγει
3415 5211 3526 5263 τῶν
3558 5213 3788 5281 εἰρημέ-

2181 5317 2286 5352 νων
2329 5301 2733 5354 ἀποδεικτικὸν.
2786 5320 2804 5353 ι
2838 5302 3051 5372 ’Ὠσπερ
3097 5303 3227 5371 γάρ,
3279 5305 3462 5370 φησιν,
3514 5305 3542 5355 ὁ
3595 5306 3783 5374 Πατὴρ

2179 5392 2326 5463 ζωὴν
2359 5393 2472 5462 ἔχει
2509 5395 2566 5446 ὲν
2600 5394 2797 5462 ἑαυτῷ,
2829 5393 3004 5457 οὕτως
3038 5397 3206 5448 ἔδωκε
3243 5397 3338 5447 καὶ
3369 5397 3444 5465 τῷ
3485 5397 3600 5464 Υἱῷ
3638 5398 3782 5465 ξωὴν

2179 5487 2321 5555 ἔχειν
2351 5490 2408 5540 ἐν
2434 5488 2647 5558 ἑαυτῷ·
2687 5508 2702 5537 ι
2737 5489 2820 5541 ἵνα
2856 5489 3096 5559 ζωογονῇ
3125 5492 3248 5552 τοὺς
3279 5492 3583 5554 ἀκούοντας
3617 5493 3778 5545 αὐτ·σῦ

2178 5581 2273 5648 τῆς
2307 5581 2512 5647 φωνῆς.
2541 5582 2616 5632 Οὐ
2654 5581 2812 5649 μόνον
2839 5582 2895 5635 δὲ
2923 5580 3170 5646 ἐξουσίαν
3194 5583 3432 5636 δέδωκεν
3459 5587 3613 5653 αὐτῷ
3649 5587 3775 5649 ζωτ-

2177 5677 2375 5742 γονείν,
2414 5675 2552 5728 ἀλλὰ
2603 5676 2695 5727 καὶ
2741 5676 2920 5747 κρίσιν
2959 5680 3154 5741 ποιεῖν,
3200 5678 3342 5731 ὥστε
3391 5680 3648 5742 κολάζειν
3691 5682 3776 5731 καὶ

2174 5768 2556 5839 τιμωρεῖσθαι.
2597 5769 2843 5837 Συνεχῶς
2879 5769 2935 5822 δὲ
2971 5772 3096 5834 τοὺς
3137 5773 3265 5841 περὶ
3309 5775 3545 5842 κρίσεως
3587 5774 3772 5838 λεέγίιιης

2178 5863 2250 5925 εἰς
2292 5864 2348 5914 τδ
2394 5863 2556 5933 μέσον
2598 5863 2738 5930 ἄγει,
2787 5863 2872 5918 τνια
2914 5865 3036 5928 τοὺς
3076 5865 3356 5938 ἀκροατὰς
3403 5869 3769 5936 Ξπαγάγητιε.
