  <div class='ocr_page' id='page_1' title='image "/cluster/home/n/w/nwhite01/storage/ocr_20150623/123/ien.35556001659978/642.png"; bbox 0 0 3936 6406; ppageno 0'>
   <div class='ocr_carea' id='block_1_1' title="bbox 162 423 309 492">
    <p class='ocr_par' dir='ltr' id='par_1_1' title="bbox 162 423 309 492">
     <span class='ocr_line' id='line_1_1' title="bbox 162 423 309 492; baseline 0.034 -4"><span class='ocrx_word' id='word_1_1' title='bbox 162 423 309 492; x_wconf 83' lang='lat'><strong><em>1273</em></strong></span> 
     </span>
    </p>
   </div>
   <div class='ocr_carea' id='block_1_2' title="bbox 885 436 2790 515">
    <p class='ocr_par' dir='ltr' id='par_1_2' title="bbox 885 436 2790 515">
     <span class='ocr_line' id='line_1_2' title="bbox 885 436 2790 515; baseline 0.009 -19"><span class='ocrx_word' id='word_1_2' title='bbox 885 436 1333 502; x_wconf 63' lang='lat' dir='ltr'><strong><em>ENARl’tATlO</em></strong></span> <span class='ocrx_word' id='word_1_3' title='bbox 1374 443 1456 504; x_wconf 79' lang='lat' dir='ltr'><strong>IN</strong></span> <span class='ocrx_word' id='word_1_4' title='bbox 1498 444 2013 510; x_wconf 79' lang='lat' dir='ltr'><strong><em>EVANGELlUM</em></strong></span> <span class='ocrx_word' id='word_1_5' title='bbox 2049 449 2398 512; x_wconf 67' lang='lat' dir='ltr'><strong><em>JOANNIS.</em></strong></span> <span class='ocrx_word' id='word_1_6' title='bbox 2428 476 2496 486; x_wconf 89' lang='grc'><strong><em>-</em></strong></span> <span class='ocrx_word' id='word_1_7' title='bbox 2523 451 2685 515; x_wconf 82' lang='lat' dir='ltr'><strong><em>CAP.</em></strong></span> <span class='ocrx_word' id='word_1_8' title='bbox 2726 453 2790 514; x_wconf 91' lang='lat' dir='ltr'><strong><em>V.</em></strong></span> 
     </span>
    </p>
   </div>
   <div class='ocr_carea' id='block_1_3' title="bbox 3359 453 3502 521">
    <p class='ocr_par' dir='ltr' id='par_1_3' title="bbox 3359 453 3502 521">
     <span class='ocr_line' id='line_1_3' title="bbox 3359 453 3502 521; baseline 0 -1"><span class='ocrx_word' id='word_1_9' title='bbox 3359 453 3502 521; x_wconf 68' lang='lat'><strong><em>1274</em></strong></span> 
     </span>
    </p>
   </div>
   <div class='ocr_carea' id='block_1_4' title="bbox 165 543 1752 634">
    <p class='ocr_par' dir='ltr' id='par_1_4' title="bbox 165 543 1752 632">
     <span class='ocr_line' id='line_1_4' title="bbox 165 543 1752 632; baseline 0.011 -34"><span class='ocrx_word' id='word_1_10' title='bbox 165 543 237 599; x_wconf 85' lang='lat'><strong><em>&#39;0</em></strong></span> <span class='ocrx_word' id='word_1_11' title='bbox 268 543 373 614; x_wconf 72' lang='grc' dir='ltr'>γὰρ</span> <span class='ocrx_word' id='word_1_12' title='bbox 406 546 670 613; x_wconf 74' lang='grc' dir='ltr'>πεισθεὶς,</span> <span class='ocrx_word' id='word_1_13' title='bbox 702 549 784 602; x_wconf 82' lang='grc' dir='ltr'>ὅτι</span> <span class='ocrx_word' id='word_1_14' title='bbox 812 550 906 604; x_wconf 72' lang='grc' dir='ltr'><strong><em>καὶ</em></strong></span> <span class='ocrx_word' id='word_1_15' title='bbox 934 553 1330 625; x_wconf 80' lang='grc' dir='ltr'>ἀναστήσεται,</span> <span class='ocrx_word' id='word_1_16' title='bbox 1362 561 1458 613; x_wconf 72' lang='grc' dir='ltr'><strong><em>καὶ</em></strong></span> <span class='ocrx_word' id='word_1_17' title='bbox 1487 560 1641 632; x_wconf 80' lang='grc' dir='ltr'>αὐτῷ</span> <span class='ocrx_word' id='word_1_18' title='bbox 1672 562 1752 616; x_wconf 60' lang='grc' dir='ltr'>δώι</span> 
     </span>
    </p>
   </div>
   <div class='ocr_carea' id='block_1_5' title="bbox 1861 543 3499 634">
    <p class='ocr_par' dir='ltr' id='par_1_5' title="bbox 1880 563 3499 634">
     <span class='ocr_line' id='line_1_5' title="bbox 1880 563 3499 634; baseline 0.003 -15"><span class='ocrx_word' id='word_1_19' title='bbox 1880 564 1959 620; x_wconf 84' lang='lat' dir='ltr'><strong><em>sit</em></strong></span> <span class='ocrx_word' id='word_1_20' title='bbox 2001 574 2323 634; x_wconf 79' lang='lat' dir='ltr'><strong><em>recepturus</em></strong></span> <span class='ocrx_word' id='word_1_21' title='bbox 2353 563 2678 619; x_wconf 88' lang='lat' dir='ltr'><strong><em>delictorum</em></strong></span> <span class='ocrx_word' id='word_1_22' title='bbox 2707 578 2898 634; x_wconf 62' lang='grc' dir='ltr'>ρωπος</span> <span class='ocrx_word' id='word_1_23' title='bbox 2922 605 2935 626; x_wconf 91' lang='grc'><strong><em>,</em></strong></span> <span class='ocrx_word' id='word_1_24' title='bbox 2972 563 3199 620; x_wconf 80' lang='lat' dir='ltr'><strong><em>omnino</em></strong></span> <span class='ocrx_word' id='word_1_25' title='bbox 3225 567 3398 622; x_wconf 89' lang='lat' dir='ltr'><strong><em>currit</em></strong></span> <span class='ocrx_word' id='word_1_26' title='bbox 3431 569 3499 624; x_wconf 81' lang='lat' dir='ltr'><strong><em>ad</em></strong></span> 
     </span>
    </p>
   </div>
   <div class='ocr_carea' id='block_1_6' title="bbox 152 635 1776 722">
    <p class='ocr_par' dir='ltr' id='par_1_6' title="bbox 152 635 1776 722">
     <span class='ocr_line' id='line_1_6' title="bbox 152 635 1776 722; baseline 0.011 -35"><span class='ocrx_word' id='word_1_27' title='bbox 152 651 248 689; x_wconf 73' lang='grc' dir='ltr'><strong><em>σει</em></strong></span> <span class='ocrx_word' id='word_1_28' title='bbox 286 635 385 698; x_wconf 76' lang='grc' dir='ltr'>τὰς</span> <span class='ocrx_word' id='word_1_29' title='bbox 428 637 662 702; x_wconf 64' lang='grc' dir='ltr'>εὐθύνας</span> <span class='ocrx_word' id='word_1_30' title='bbox 704 639 816 692; x_wconf 82' lang='grc' dir='ltr'>τῶν</span> <span class='ocrx_word' id='word_1_31' title='bbox 858 642 1445 716; x_wconf 82' lang='grc' dir='ltr'>πεπλημμελημένων,</span> <span class='ocrx_word' id='word_1_32' title='bbox 1492 652 1776 722; x_wconf 69' lang='grc' dir='ltr'>προσδρα-</span> 
     </span>
    </p>
   </div>
   <div class='ocr_carea' id='block_1_7' title="bbox 151 730 1774 814">
    <p class='ocr_par' dir='ltr' id='par_1_7' title="bbox 151 730 1774 814">
     <span class='ocr_line' id='line_1_7' title="bbox 151 730 1774 814; baseline 0.011 -35"><span class='ocrx_word' id='word_1_33' title='bbox 151 730 348 796; x_wconf 84' lang='grc' dir='ltr'>μεῖται</span> <span class='ocrx_word' id='word_1_34' title='bbox 388 730 607 795; x_wconf 80' lang='grc' dir='ltr'>πάντως</span> <span class='ocrx_word' id='word_1_35' title='bbox 650 732 822 802; x_wconf 83' lang='grc' dir='ltr'>αύτῷ,</span> <span class='ocrx_word' id='word_1_36' title='bbox 865 733 1243 808; x_wconf 81' lang='grc' dir='ltr'>ὲξιλεούμενος</span> <span class='ocrx_word' id='word_1_37' title='bbox 1286 740 1475 806; x_wconf 75' lang='grc' dir='ltr'>αὑτὸν,</span> <span class='ocrx_word' id='word_1_38' title='bbox 1518 743 1594 807; x_wconf 82' lang='grc' dir='ltr'>ὡς</span> <span class='ocrx_word' id='word_1_39' title='bbox 1640 744 1774 814; x_wconf 80' lang='grc' dir='ltr'>μέλ-</span> 
     </span>
    </p>
   </div>
   <div class='ocr_carea' id='block_1_8' title="bbox 147 818 1773 901">
    <p class='ocr_par' dir='ltr' id='par_1_8' title="bbox 147 818 1773 901">
     <span class='ocr_line' id='line_1_8' title="bbox 147 818 1773 901; baseline 0.012 -31"><span class='ocrx_word' id='word_1_40' title='bbox 147 818 322 873; x_wconf 83' lang='grc' dir='ltr'>λοντα</span> <span class='ocrx_word' id='word_1_41' title='bbox 355 821 522 874; x_wconf 74' lang='grc' dir='ltr'>αὑτοῦ</span> <span class='ocrx_word' id='word_1_42' title='bbox 560 825 754 894; x_wconf 83' lang='grc' dir='ltr'>κριτὴν</span> <span class='ocrx_word' id='word_1_43' title='bbox 789 824 1033 884; x_wconf 77' lang='grc' dir='ltr'>ἔσεσθαι.</span> <span class='ocrx_word' id='word_1_44' title='bbox 1071 830 1163 900; x_wconf 80' lang='grc' dir='ltr'><strong><em>Μὴ</em></strong></span> <span class='ocrx_word' id='word_1_45' title='bbox 1200 831 1514 901; x_wconf 80' lang='grc' dir='ltr'>θαυμάζετε</span> <span class='ocrx_word' id='word_1_46' title='bbox 1561 835 1617 888; x_wconf 80' lang='grc' dir='ltr'>δὲ</span> <span class='ocrx_word' id='word_1_47' title='bbox 1640 877 1655 900; x_wconf 94' lang='grc'><strong><em>,</em></strong></span> <span class='ocrx_word' id='word_1_48' title='bbox 1689 836 1773 890; x_wconf 85' lang='grc' dir='ltr'>ὅτι</span> 
     </span>
    </p>
   </div>
   <div class='ocr_carea' id='block_1_9' title="bbox 149 911 1769 998">
    <p class='ocr_par' dir='ltr' id='par_1_9' title="bbox 149 911 1769 998">
     <span class='ocr_line' id='line_1_9' title="bbox 149 911 1769 998; baseline 0.01 -33"><span class='ocrx_word' id='word_1_49' title='bbox 149 911 290 976; x_wconf 73' lang='grc' dir='ltr'>Υἱὸς</span> <span class='ocrx_word' id='word_1_50' title='bbox 333 914 628 983; x_wconf 75' lang='grc' dir='ltr'>ἀνθρώπου</span> <span class='ocrx_word' id='word_1_51' title='bbox 678 918 846 975; x_wconf 78' lang='grc' dir='ltr'>ἐστίν.</span> <span class='ocrx_word' id='word_1_52' title='bbox 899 922 960 974; x_wconf 86' lang='grc' dir='ltr'>Εἰ</span> <span class='ocrx_word' id='word_1_53' title='bbox 1006 921 1117 993; x_wconf 83' lang='grc' dir='ltr'>γὰρ</span> <span class='ocrx_word' id='word_1_54' title='bbox 1163 927 1256 977; x_wconf 83' lang='grc' dir='ltr'><strong><em>καὶ</em></strong></span> <span class='ocrx_word' id='word_1_55' title='bbox 1301 925 1430 990; x_wconf 80' lang='grc' dir='ltr'>Υἱὸς</span> <span class='ocrx_word' id='word_1_56' title='bbox 1475 928 1769 998; x_wconf 83' lang='grc' dir='ltr'>ἀνθρώπου</span> 
     </span>
    </p>
   </div>
   <div class='ocr_carea' id='block_1_10' title="bbox 150 1004 1770 1090">
    <p class='ocr_par' dir='ltr' id='par_1_10' title="bbox 150 1004 1770 1090">
     <span class='ocr_line' id='line_1_10' title="bbox 150 1004 1770 1090; baseline 0.012 -34"><span class='ocrx_word' id='word_1_57' title='bbox 150 1004 346 1070; x_wconf 78' lang='grc' dir='ltr'>ἐστὶν,</span> <span class='ocrx_word' id='word_1_58' title='bbox 382 1007 516 1060; x_wconf 63' lang='grc' dir='ltr'>ἀλλὰ</span> <span class='ocrx_word' id='word_1_59' title='bbox 552 1012 646 1062; x_wconf 76' lang='grc' dir='ltr'><strong><em>καὶ</em></strong></span> <span class='ocrx_word' id='word_1_60' title='bbox 682 1009 818 1076; x_wconf 82' lang='grc' dir='ltr'>Θεός</span> <span class='ocrx_word' id='word_1_61' title='bbox 850 1013 1001 1066; x_wconf 75' lang='grc' dir='ltr'>ἐστιν</span> <span class='ocrx_word' id='word_1_62' title='bbox 1029 1030 1042 1043; x_wconf 73' lang='grc' dir='ltr'><strong><em>ο</em></strong></span> <span class='ocrx_word' id='word_1_63' title='bbox 1079 1015 1222 1071; x_wconf 85' lang='grc' dir='ltr'>ὥστε</span> <span class='ocrx_word' id='word_1_64' title='bbox 1255 1017 1357 1090; x_wconf 79' lang='grc' dir='ltr'><strong><em>τὴν</em></strong></span> <span class='ocrx_word' id='word_1_65' title='bbox 1394 1019 1582 1090; x_wconf 89' lang='grc' dir='ltr'>κρίσιν</span> <span class='ocrx_word' id='word_1_66' title='bbox 1618 1020 1770 1074; x_wconf 76' lang='grc' dir='ltr'>εἰκό-</span> 
     </span>
    </p>
   </div>
   <div class='ocr_carea' id='block_1_11' title="bbox 151 1097 1770 1182">
    <p class='ocr_par' dir='ltr' id='par_1_11' title="bbox 151 1097 1770 1182">
     <span class='ocr_line' id='line_1_11' title="bbox 151 1097 1770 1182; baseline 0.012 -36"><span class='ocrx_word' id='word_1_67' title='bbox 151 1113 266 1160; x_wconf 83' lang='grc' dir='ltr'><strong><em>τως</em></strong></span> <span class='ocrx_word' id='word_1_68' title='bbox 299 1097 412 1168; x_wconf 73' lang='grc' dir='ltr'>ἔχει</span> <span class='ocrx_word' id='word_1_69' title='bbox 434 1139 449 1164; x_wconf 96' lang='grc'><strong><em>,</em></strong></span> <span class='ocrx_word' id='word_1_70' title='bbox 482 1099 559 1164; x_wconf 84' lang='grc' dir='ltr'>ὡς</span> <span class='ocrx_word' id='word_1_71' title='bbox 591 1101 718 1165; x_wconf 87' lang='grc' dir='ltr'>Υίὸς</span> <span class='ocrx_word' id='word_1_72' title='bbox 752 1102 912 1158; x_wconf 84' lang='grc' dir='ltr'>Θεοῦ.</span> <span class='ocrx_word' id='word_1_73' title='bbox 946 1106 1008 1158; x_wconf 85' lang='grc' dir='ltr'>Εί</span> <span class='ocrx_word' id='word_1_74' title='bbox 1037 1106 1094 1161; x_wconf 78' lang='grc' dir='ltr'>δὲ</span> <span class='ocrx_word' id='word_1_75' title='bbox 1126 1110 1219 1163; x_wconf 71' lang='grc' dir='ltr'><strong><em>καὶ</em></strong></span> <span class='ocrx_word' id='word_1_76' title='bbox 1250 1109 1544 1182; x_wconf 81' lang='grc' dir='ltr'>ἄνθρωπος</span> <span class='ocrx_word' id='word_1_77' title='bbox 1575 1111 1770 1178; x_wconf 80' lang='grc' dir='ltr'>φαίνε-</span> 
     </span>
    </p>
   </div>
   <div class='ocr_carea' id='block_1_12' title="bbox 148 1191 1769 1268">
    <p class='ocr_par' dir='ltr' id='par_1_12' title="bbox 148 1191 1769 1268">
     <span class='ocr_line' id='line_1_12' title="bbox 148 1191 1769 1268; baseline 0.011 -27"><span class='ocrx_word' id='word_1_78' title='bbox 148 1204 269 1252; x_wconf 88' lang='grc' dir='ltr'>ται,</span> <span class='ocrx_word' id='word_1_79' title='bbox 307 1191 382 1261; x_wconf 83' lang='grc' dir='ltr'>μὴ</span> <span class='ocrx_word' id='word_1_80' title='bbox 416 1191 755 1262; x_wconf 72' lang='grc' dir='ltr'>θαυμάζετε.</span> <span class='ocrx_word' id='word_1_81' title='bbox 787 1196 909 1267; x_wconf 81' lang='grc' dir='ltr'><strong><em>Χρὴ</em></strong></span> <span class='ocrx_word' id='word_1_82' title='bbox 941 1197 999 1251; x_wconf 79' lang='grc' dir='ltr'>δὲ</span> <span class='ocrx_word' id='word_1_83' title='bbox 1028 1202 1348 1268; x_wconf 71' lang='grc' dir='ltr'><strong><em>γινώσκειν,</em></strong></span> <span class='ocrx_word' id='word_1_84' title='bbox 1381 1205 1462 1258; x_wconf 86' lang='grc' dir='ltr'>ὅτι</span> <span class='ocrx_word' id='word_1_85' title='bbox 1497 1204 1712 1268; x_wconf 52' lang='grc' dir='ltr'>Παῦλος</span> <span class='ocrx_word' id='word_1_86' title='bbox 1741 1207 1769 1259; x_wconf 99' lang='lat'><strong><em>6</em></strong></span> 
     </span>
    </p>
   </div>
   <div class='ocr_carea' id='block_1_13' title="bbox 151 1280 1770 1364">
    <p class='ocr_par' dir='ltr' id='par_1_13' title="bbox 151 1280 1770 1364">
     <span class='ocr_line' id='line_1_13' title="bbox 151 1280 1770 1364; baseline 0.013 -34"><span class='ocrx_word' id='word_1_87' title='bbox 151 1280 533 1354; x_wconf 82' lang='grc' dir='ltr'>Σαμοσστεὺς,</span> <span class='ocrx_word' id='word_1_88' title='bbox 583 1286 739 1356; x_wconf 73' lang='grc' dir='ltr'>ψιλὸν</span> <span class='ocrx_word' id='word_1_89' title='bbox 785 1288 1078 1360; x_wconf 78' lang='grc' dir='ltr'>ἄνθρωπον</span> <span class='ocrx_word' id='word_1_90' title='bbox 1120 1293 1471 1364; x_wconf 78' lang='grc' dir='ltr'><strong><em>δογματίζων</em></strong></span> <span class='ocrx_word' id='word_1_91' title='bbox 1515 1295 1607 1350; x_wconf 88' lang='grc' dir='ltr'><strong><em>τὸν</em></strong></span> <span class='ocrx_word' id='word_1_92' title='bbox 1652 1298 1770 1352; x_wconf 81' lang='grc' dir='ltr'>Κύ-</span> 
     </span>
    </p>
   </div>
   <div class='ocr_carea' id='block_1_14' title="bbox 153 1372 1769 1457">
    <p class='ocr_par' dir='ltr' id='par_1_14' title="bbox 153 1372 1769 1457">
     <span class='ocr_line' id='line_1_14' title="bbox 153 1372 1769 1457; baseline 0.012 -33"><span class='ocrx_word' id='word_1_93' title='bbox 153 1388 308 1442; x_wconf 86' lang='grc' dir='ltr'>ριον,</span> <span class='ocrx_word' id='word_1_94' title='bbox 356 1372 530 1439; x_wconf 77' lang='grc' dir='ltr'>οὕτως</span> <span class='ocrx_word' id='word_1_95' title='bbox 583 1378 923 1445; x_wconf 86' lang='grc' dir='ltr'>ἀνεγίνωσκε</span> <span class='ocrx_word' id='word_1_96' title='bbox 968 1383 1130 1437; x_wconf 77' lang='grc' dir='ltr'>τοῦτο</span> <span class='ocrx_word' id='word_1_97' title='bbox 1176 1386 1239 1438; x_wconf 90' lang='grc' dir='ltr'><strong><em>τὸ</em></strong></span> <span class='ocrx_word' id='word_1_98' title='bbox 1287 1387 1528 1457; x_wconf 79' lang='grc' dir='ltr'>χωρίον’</span> <span class='ocrx_word' id='word_1_99' title='bbox 1581 1408 1599 1440; x_wconf 84' lang='grc' dir='ltr'><strong><em>ι</em></strong></span> <span class='ocrx_word' id='word_1_100' title='bbox 1655 1391 1769 1445; x_wconf 76' lang='grc' dir='ltr'><strong><em>Καὶ</em></strong></span> 
     </span>
    </p>
   </div>
   <div class='ocr_carea' id='block_1_15' title="bbox 148 1462 1768 1547">
    <p class='ocr_par' dir='ltr' id='par_1_15' title="bbox 148 1462 1768 1547">
     <span class='ocr_line' id='line_1_15' title="bbox 148 1462 1768 1547; baseline 0.014 -32"><span class='ocrx_word' id='word_1_101' title='bbox 148 1462 410 1530; x_wconf 71' lang='grc' dir='ltr'>ἐξουσίαν</span> <span class='ocrx_word' id='word_1_102' title='bbox 445 1467 646 1522; x_wconf 71' lang='grc' dir='ltr'>ἔδωκεν</span> <span class='ocrx_word' id='word_1_103' title='bbox 683 1470 870 1541; x_wconf 81' lang='grc' dir='ltr'>αὐτῷ,</span> <span class='ocrx_word' id='word_1_104' title='bbox 907 1475 1002 1528; x_wconf 75' lang='grc' dir='ltr'><strong><em>καὶ</em></strong></span> <span class='ocrx_word' id='word_1_105' title='bbox 1046 1477 1231 1545; x_wconf 93' lang='grc' dir='ltr'>κρίσιν</span> <span class='ocrx_word' id='word_1_106' title='bbox 1268 1483 1474 1545; x_wconf 80' lang='grc' dir='ltr'><strong><em>ποιεῖν,</em></strong></span> <span class='ocrx_word' id='word_1_107' title='bbox 1514 1482 1596 1535; x_wconf 81' lang='grc' dir='ltr'><strong><em>ὅτι</em></strong></span> <span class='ocrx_word' id='word_1_108' title='bbox 1637 1483 1768 1547; x_wconf 86' lang='grc' dir='ltr'>Υἱὸς</span> 
     </span>
    </p>
   </div>
   <div class='ocr_carea' id='block_1_16' title="bbox 148 1553 1768 1646">
    <p class='ocr_par' dir='ltr' id='par_1_16' title="bbox 148 1553 1768 1646">
     <span class='ocr_line' id='line_1_16' title="bbox 148 1553 1768 1646; baseline 0.012 -37"><span class='ocrx_word' id='word_1_109' title='bbox 148 1555 451 1627; x_wconf 80' lang='grc' dir='ltr'>ἀνθρώπου</span> <span class='ocrx_word' id='word_1_110' title='bbox 488 1553 681 1615; x_wconf 54' lang='grc' dir='ltr'>’ὲστίνὲ</span> <span class='ocrx_word' id='word_1_111' title='bbox 739 1583 757 1616; x_wconf 84' lang='grc' dir='ltr'><strong><em>ι</em></strong></span> <span class='ocrx_word' id='word_1_112' title='bbox 806 1567 1047 1621; x_wconf 79' lang='grc' dir='ltr'>ἐνταῦθα</span> <span class='ocrx_word' id='word_1_113' title='bbox 1090 1569 1149 1622; x_wconf 86' lang='grc' dir='ltr'>δὲ</span> <span class='ocrx_word' id='word_1_114' title='bbox 1198 1570 1430 1640; x_wconf 78' lang='grc' dir='ltr'>στίζων,</span> <span class='ocrx_word' id='word_1_115' title='bbox 1480 1574 1576 1630; x_wconf 81' lang='grc' dir='ltr'><strong><em>ἀπ’</em></strong></span> <span class='ocrx_word' id='word_1_116' title='bbox 1599 1574 1768 1646; x_wconf 75' lang='grc' dir='ltr'>ἄλλης</span> 
     </span>
    </p>
   </div>
   <div class='ocr_carea' id='block_1_17' title="bbox 145 1650 1768 1740">
    <p class='ocr_par' dir='ltr' id='par_1_17' title="bbox 145 1650 1768 1740">
     <span class='ocr_line' id='line_1_17' title="bbox 145 1650 1768 1740; baseline 0.012 -38"><span class='ocrx_word' id='word_1_117' title='bbox 145 1650 333 1720; x_wconf 75' lang='grc' dir='ltr'>ἀρχῆς</span> <span class='ocrx_word' id='word_1_118' title='bbox 364 1654 698 1722; x_wconf 80' lang='grc' dir='ltr'>ἀνεγίνωσκε</span> <span class='ocrx_word' id='word_1_119' title='bbox 725 1657 804 1724; x_wconf 88' lang='grc' dir='ltr'><strong><em>τὸ,</em></strong></span> <span class='ocrx_word' id='word_1_120' title='bbox 832 1677 850 1711; x_wconf 78' lang='grc' dir='ltr'><strong><em>ι</em></strong></span> <span class='ocrx_word' id='word_1_121' title='bbox 872 1660 964 1730; x_wconf 79' lang='grc' dir='ltr'><strong><em>Μὴ</em></strong></span> <span class='ocrx_word' id='word_1_122' title='bbox 984 1661 1297 1732; x_wconf 76' lang='grc' dir='ltr'>θαυμάζετε</span> <span class='ocrx_word' id='word_1_123' title='bbox 1326 1666 1536 1720; x_wconf 77' lang='grc' dir='ltr'>τοῦτο.ι</span> <span class='ocrx_word' id='word_1_124' title='bbox 1576 1669 1768 1740; x_wconf 84' lang='grc' dir='ltr'><strong><em>Ἀνὸη-</em></strong></span> 
     </span>
    </p>
   </div>
   <div class='ocr_carea' id='block_1_18' title="bbox 146 1741 1767 1831">
    <p class='ocr_par' dir='ltr' id='par_1_18' title="bbox 146 1741 1767 1831">
     <span class='ocr_line' id='line_1_18' title="bbox 146 1741 1767 1831; baseline 0.014 -40"><span class='ocrx_word' id='word_1_125' title='bbox 146 1756 248 1793; x_wconf 90' lang='grc' dir='ltr'><strong><em>τον</em></strong></span> <span class='ocrx_word' id='word_1_126' title='bbox 278 1741 335 1794; x_wconf 74' lang='grc' dir='ltr'>δὲ</span> <span class='ocrx_word' id='word_1_127' title='bbox 362 1743 585 1808; x_wconf 81' lang='grc' dir='ltr'>τελείως</span> <span class='ocrx_word' id='word_1_128' title='bbox 612 1747 731 1801; x_wconf 78' lang='grc' dir='ltr'>ἐστὶ</span> <span class='ocrx_word' id='word_1_129' title='bbox 755 1749 817 1802; x_wconf 90' lang='grc' dir='ltr'><strong><em>τὸ</em></strong></span> <span class='ocrx_word' id='word_1_130' title='bbox 847 1750 1022 1815; x_wconf 74' lang='grc' dir='ltr'>οὕτως</span> <span class='ocrx_word' id='word_1_131' title='bbox 1054 1754 1478 1823; x_wconf 75' lang='grc' dir='ltr'>ἀναγινώσκειν.</span> <span class='ocrx_word' id='word_1_132' title='bbox 1513 1759 1625 1831; x_wconf 80' lang='grc' dir='ltr'>Τὴν</span> <span class='ocrx_word' id='word_1_133' title='bbox 1657 1764 1767 1830; x_wconf 79' lang='grc' dir='ltr'>γὰρ</span> 
     </span>
    </p>
   </div>
   <div class='ocr_carea' id='block_1_19' title="bbox 144 1832 1767 1925">
    <p class='ocr_par' dir='ltr' id='par_1_19' title="bbox 144 1832 1767 1925">
     <span class='ocr_line' id='line_1_19' title="bbox 144 1832 1767 1925; baseline 0.014 -40"><span class='ocrx_word' id='word_1_134' title='bbox 144 1832 337 1903; x_wconf 85' lang='grc' dir='ltr'>κρίσιν</span> <span class='ocrx_word' id='word_1_135' title='bbox 363 1836 563 1892; x_wconf 85' lang='grc' dir='ltr'>δέδωκε</span> <span class='ocrx_word' id='word_1_136' title='bbox 591 1841 669 1911; x_wconf 86' lang='grc' dir='ltr'>τῷ</span> <span class='ocrx_word' id='word_1_137' title='bbox 705 1842 818 1914; x_wconf 85' lang='grc' dir='ltr'><strong><em>Υίῷ</em></strong></span> <span class='ocrx_word' id='word_1_138' title='bbox 848 1846 875 1896; x_wconf 88' lang='lat'><strong><em>6</em></strong></span> <span class='ocrx_word' id='word_1_139' title='bbox 908 1847 1119 1919; x_wconf 71' lang='grc' dir='ltr'>Πατὴρ,</span> <span class='ocrx_word' id='word_1_140' title='bbox 1150 1849 1249 1920; x_wconf 75' lang='grc' dir='ltr'>οὐχ</span> <span class='ocrx_word' id='word_1_141' title='bbox 1277 1852 1360 1904; x_wconf 79' lang='grc' dir='ltr'><strong><em>ὅτι</em></strong></span> <span class='ocrx_word' id='word_1_142' title='bbox 1392 1853 1520 1917; x_wconf 74' lang='grc' dir='ltr'>Υἱὸς</span> <span class='ocrx_word' id='word_1_143' title='bbox 1554 1855 1767 1925; x_wconf 81' lang='grc' dir='ltr'>ἀνθρώ-</span> 
     </span>
    </p>
   </div>
   <div class='ocr_carea' id='block_1_20' title="bbox 1882 656 3501 726">
    <p class='ocr_par' dir='ltr' id='par_1_20' title="bbox 1882 656 3501 726">
     <span class='ocr_line' id='line_1_20' title="bbox 1882 656 3501 726; baseline 0.002 -15"><span class='ocrx_word' id='word_1_144' title='bbox 1882 656 2060 726; x_wconf 87' lang='lat' dir='ltr'><strong><em>ipsum</em></strong></span> <span class='ocrx_word' id='word_1_145' title='bbox 2115 657 2406 726; x_wconf 82' lang='lat' dir='ltr'><strong><em>placatque</em></strong></span> <span class='ocrx_word' id='word_1_146' title='bbox 2458 666 2515 711; x_wconf 91' lang='lat' dir='ltr'><strong><em>ut</em></strong></span> <span class='ocrx_word' id='word_1_147' title='bbox 2567 663 2728 712; x_wconf 86' lang='lat' dir='ltr'><strong><em>suum</em></strong></span> <span class='ocrx_word' id='word_1_148' title='bbox 2785 656 3028 711; x_wconf 78' lang='lat' dir='ltr'><strong><em>futurum</em></strong></span> <span class='ocrx_word' id='word_1_149' title='bbox 3100 656 3367 726; x_wconf 88' lang='lat' dir='ltr'><strong><em>judicem.</em></strong></span> <span class='ocrx_word' id='word_1_150' title='bbox 3422 659 3501 715; x_wconf 81' lang='lat' dir='ltr'><strong><em>Nc</em></strong></span> 
     </span>
    </p>
   </div>
   <div class='ocr_carea' id='block_1_21' title="bbox 1879 748 3497 820">
    <p class='ocr_par' dir='ltr' id='par_1_21' title="bbox 1879 748 3497 820">
     <span class='ocr_line' id='line_1_21' title="bbox 1879 748 3497 820; baseline 0.001 -17"><span class='ocrx_word' id='word_1_151' title='bbox 1879 749 2228 804; x_wconf 80' lang='lat' dir='ltr'><strong><em>admiremini</em></strong></span> <span class='ocrx_word' id='word_1_152' title='bbox 2265 760 2446 804; x_wconf 88' lang='lat' dir='ltr'><strong><em>autem</em></strong></span> <span class='ocrx_word' id='word_1_153' title='bbox 2496 751 2640 820; x_wconf 91' lang='lat' dir='ltr'><strong><em>quod</em></strong></span> <span class='ocrx_word' id='word_1_154' title='bbox 2687 748 2858 804; x_wconf 84' lang='lat' dir='ltr'><strong><em>Filius</em></strong></span> <span class='ocrx_word' id='word_1_155' title='bbox 2897 751 3134 805; x_wconf 76' lang='lat' dir='ltr'><strong><em>hominis</em></strong></span> <span class='ocrx_word' id='word_1_156' title='bbox 3199 761 3283 806; x_wconf 87' lang='lat' dir='ltr'><strong><em>est</em></strong></span> <span class='ocrx_word' id='word_1_157' title='bbox 3315 767 3329 812; x_wconf 87' lang='lat'><strong>;</strong></span> <span class='ocrx_word' id='word_1_158' title='bbox 3368 767 3497 805; x_wconf 89' lang='lat' dir='ltr'><strong><em>nam</em></strong></span> 
     </span>
    </p>
   </div>
   <div class='ocr_carea' id='block_1_22' title="bbox 1877 841 3498 909">
    <p class='ocr_par' dir='ltr' id='par_1_22' title="bbox 1877 841 3498 909">
     <span class='ocr_line' id='line_1_22' title="bbox 1877 841 3498 909; baseline 0.001 -13"><span class='ocrx_word' id='word_1_159' title='bbox 1877 842 2131 909; x_wconf 79' lang='lat' dir='ltr'><strong><em>quamvis</em></strong></span> <span class='ocrx_word' id='word_1_160' title='bbox 2169 841 2341 896; x_wconf 85' lang='lat' dir='ltr'><strong><em>Filius</em></strong></span> <span class='ocrx_word' id='word_1_161' title='bbox 2384 843 2647 908; x_wconf 83' lang='lat' dir='ltr'><strong><em>hominis,</em></strong></span> <span class='ocrx_word' id='word_1_162' title='bbox 2683 853 2764 896; x_wconf 89' lang='lat' dir='ltr'><strong><em>est</em></strong></span> <span class='ocrx_word' id='word_1_163' title='bbox 2799 853 2984 897; x_wconf 88' lang='lat' dir='ltr'><strong><em>tamen</em></strong></span> <span class='ocrx_word' id='word_1_164' title='bbox 3031 852 3080 896; x_wconf 88' lang='lat' dir='ltr'><strong><em>et</em></strong></span> <span class='ocrx_word' id='word_1_165' title='bbox 3123 843 3286 898; x_wconf 83' lang='lat' dir='ltr'><strong><em>Dens.</em></strong></span> <span class='ocrx_word' id='word_1_166' title='bbox 3325 843 3392 898; x_wconf 85' lang='lat' dir='ltr'><strong><em>Et</em></strong></span> <span class='ocrx_word' id='word_1_167' title='bbox 3423 843 3498 898; x_wconf 85' lang='lat' dir='ltr'><strong><em>ita</em></strong></span> 
     </span>
    </p>
   </div>
   <div class='ocr_carea' id='block_1_23' title="bbox 1872 935 3495 1005">
    <p class='ocr_par' dir='ltr' id='par_1_23' title="bbox 1872 935 3495 1005">
     <span class='ocr_line' id='line_1_23' title="bbox 1872 935 3495 1005; baseline 0.004 -21"><span class='ocrx_word' id='word_1_168' title='bbox 1872 935 2148 1005; x_wconf 81' lang='lat' dir='ltr'><strong><em>judicium</em></strong></span> <span class='ocrx_word' id='word_1_169' title='bbox 2185 935 2384 990; x_wconf 86' lang='lat' dir='ltr'><strong><em>merito</em></strong></span> <span class='ocrx_word' id='word_1_170' title='bbox 2417 937 2584 991; x_wconf 83' lang='lat' dir='ltr'><strong><em>habet</em></strong></span> <span class='ocrx_word' id='word_1_171' title='bbox 2618 937 2761 990; x_wconf 89' lang='lat' dir='ltr'><strong><em>sicut</em></strong></span> <span class='ocrx_word' id='word_1_172' title='bbox 2799 936 2970 991; x_wconf 83' lang='lat' dir='ltr'><strong><em>Filius</em></strong></span> <span class='ocrx_word' id='word_1_173' title='bbox 3025 938 3142 992; x_wconf 85' lang='lat' dir='ltr'><strong><em>Dei.</em></strong></span> <span class='ocrx_word' id='word_1_174' title='bbox 3200 935 3259 992; x_wconf 91' lang='lat' dir='ltr'><strong><em>Si</em></strong></span> <span class='ocrx_word' id='word_1_175' title='bbox 3311 947 3495 993; x_wconf 87' lang='lat' dir='ltr'><strong><em>autem</em></strong></span> 
     </span>
    </p>
   </div>
   <div class='ocr_carea' id='block_1_24' title="bbox 1876 1028 3493 1097">
    <p class='ocr_par' dir='ltr' id='par_1_24' title="bbox 1876 1028 3493 1097">
     <span class='ocr_line' id='line_1_24' title="bbox 1876 1028 3493 1097; baseline 0.001 -14"><span class='ocrx_word' id='word_1_176' title='bbox 1876 1039 1932 1090; x_wconf 83' lang='lat' dir='ltr'><strong><em>et</em></strong></span> <span class='ocrx_word' id='word_1_177' title='bbox 1960 1028 2125 1083; x_wconf 87' lang='lat' dir='ltr'><strong><em>homo</em></strong></span> <span class='ocrx_word' id='word_1_178' title='bbox 2155 1037 2441 1097; x_wconf 73' lang='lat' dir='ltr'><strong><em>appareat,</em></strong></span> <span class='ocrx_word' id='word_1_179' title='bbox 2473 1043 2542 1082; x_wconf 90' lang='lat' dir='ltr'><strong><em>ne</em></strong></span> <span class='ocrx_word' id='word_1_180' title='bbox 2572 1029 2947 1085; x_wconf 83' lang='lat' dir='ltr'><strong><em>admiremini.</em></strong></span> <span class='ocrx_word' id='word_1_181' title='bbox 2979 1028 3277 1084; x_wconf 83' lang='lat' dir='ltr'><strong><em>Sciendum</em></strong></span> <span class='ocrx_word' id='word_1_182' title='bbox 3306 1041 3493 1084; x_wconf 82' lang='lat' dir='ltr'><strong><em>antem</em></strong></span> 
     </span>
    </p>
   </div>
   <div class='ocr_carea' id='block_1_25' title="bbox 1876 1119 3495 1192">
    <p class='ocr_par' dir='ltr' id='par_1_25' title="bbox 1876 1119 3495 1192">
     <span class='ocr_line' id='line_1_25' title="bbox 1876 1119 3495 1192; baseline 0.003 -19"><span class='ocrx_word' id='word_1_183' title='bbox 1876 1123 2021 1192; x_wconf 90' lang='lat' dir='ltr'><strong><em>quod</em></strong></span> <span class='ocrx_word' id='word_1_184' title='bbox 2055 1119 2258 1177; x_wconf 80' lang='lat' dir='ltr'><strong><em>Paulus</em></strong></span> <span class='ocrx_word' id='word_1_185' title='bbox 2286 1120 2684 1177; x_wconf 77' lang='lat' dir='ltr'><strong><em>Samosatenus</em></strong></span> <span class='ocrx_word' id='word_1_186' title='bbox 2731 1124 2937 1178; x_wconf 84' lang='lat' dir='ltr'><strong><em>docens</em></strong></span> <span class='ocrx_word' id='word_1_187' title='bbox 2971 1123 3264 1178; x_wconf 89' lang='lat' dir='ltr'><strong><em>Dominum</em></strong></span> <span class='ocrx_word' id='word_1_188' title='bbox 3299 1139 3495 1191; x_wconf 91' lang='lat' dir='ltr'><strong><em>purum</em></strong></span> 
     </span>
    </p>
   </div>
   <div class='ocr_carea' id='block_1_26' title="bbox 1874 1212 3496 1287">
    <p class='ocr_par' dir='ltr' id='par_1_26' title="bbox 1874 1212 3496 1287">
     <span class='ocr_line' id='line_1_26' title="bbox 1874 1212 3496 1287; baseline 0.001 -19"><span class='ocrx_word' id='word_1_189' title='bbox 1874 1228 1996 1269; x_wconf 88' lang='lat' dir='ltr'><strong><em>esse</em></strong></span> <span class='ocrx_word' id='word_1_190' title='bbox 2029 1212 2332 1279; x_wconf 86' lang='lat' dir='ltr'><strong><em>hominem,</em></strong></span> <span class='ocrx_word' id='word_1_191' title='bbox 2361 1215 2440 1269; x_wconf 89' lang='lat' dir='ltr'><strong><em>sic</em></strong></span> <span class='ocrx_word' id='word_1_192' title='bbox 2478 1214 2608 1284; x_wconf 86' lang='lat' dir='ltr'><strong><em>legit</em></strong></span> <span class='ocrx_word' id='word_1_193' title='bbox 2646 1216 2790 1270; x_wconf 88' lang='lat' dir='ltr'><strong><em>hunc</em></strong></span> <span class='ocrx_word' id='word_1_194' title='bbox 2819 1220 3003 1270; x_wconf 90' lang='lat' dir='ltr'><strong><em>locum</em></strong></span> <span class='ocrx_word' id='word_1_195' title='bbox 3038 1233 3052 1271; x_wconf 88' lang='lat'><strong><em>:</em></strong></span> <span class='ocrx_word' id='word_1_196' title='bbox 3098 1235 3115 1266; x_wconf 83' lang='grc' dir='ltr'><strong><em>ι</em></strong></span> <span class='ocrx_word' id='word_1_197' title='bbox 3156 1215 3220 1270; x_wconf 86' lang='grc' dir='ltr'>Ει</span> <span class='ocrx_word' id='word_1_198' title='bbox 3252 1227 3496 1287; x_wconf 86' lang='lat' dir='ltr'><strong><em>potesta-</em></strong></span> 
     </span>
    </p>
   </div>
   <div class='ocr_carea' id='block_1_27' title="bbox 1876 1305 3496 1378">
    <p class='ocr_par' dir='ltr' id='par_1_27' title="bbox 1876 1305 3496 1378">
     <span class='ocr_line' id='line_1_27' title="bbox 1876 1305 3496 1378; baseline 0.002 -18"><span class='ocrx_word' id='word_1_199' title='bbox 1876 1317 1983 1361; x_wconf 87' lang='lat' dir='ltr'><strong><em>tem</em></strong></span> <span class='ocrx_word' id='word_1_200' title='bbox 2015 1305 2164 1361; x_wconf 80' lang='lat' dir='ltr'><strong><em>dedit</em></strong></span> <span class='ocrx_word' id='word_1_201' title='bbox 2190 1305 2237 1360; x_wconf 90' lang='lat' dir='ltr'><strong><em>ei</em></strong></span> <span class='ocrx_word' id='word_1_202' title='bbox 2266 1305 2536 1376; x_wconf 87' lang='lat' dir='ltr'><strong><em>judicium</em></strong></span> <span class='ocrx_word' id='word_1_203' title='bbox 2577 1307 2838 1373; x_wconf 80' lang='lat' dir='ltr'><strong><em>faciendi,</em></strong></span> <span class='ocrx_word' id='word_1_204' title='bbox 2874 1308 3000 1378; x_wconf 83' lang='lat' dir='ltr'><strong>quia</strong></span> <span class='ocrx_word' id='word_1_205' title='bbox 3029 1309 3202 1364; x_wconf 90' lang='lat' dir='ltr'><strong><em>Filius</em></strong></span> <span class='ocrx_word' id='word_1_206' title='bbox 3253 1311 3496 1365; x_wconf 83' lang='lat' dir='ltr'><strong><em>hominis</em></strong></span> 
     </span>
    </p>
   </div>
   <div class='ocr_carea' id='block_1_28' title="bbox 1872 1395 3496 1469">
    <p class='ocr_par' dir='ltr' id='par_1_28' title="bbox 1872 1395 3496 1469">
     <span class='ocr_line' id='line_1_28' title="bbox 1872 1395 3496 1469; baseline -0.001 -15"><span class='ocrx_word' id='word_1_207' title='bbox 1872 1408 1975 1454; x_wconf 89' lang='lat' dir='ltr'><strong><em>est.</em></strong></span> <span class='ocrx_word' id='word_1_208' title='bbox 2016 1418 2035 1451; x_wconf 77' lang='grc' dir='ltr'><strong><em>ι</em></strong></span> <span class='ocrx_word' id='word_1_209' title='bbox 2088 1395 2203 1453; x_wconf 82' lang='lat' dir='ltr'><strong><em>Hoc</em></strong></span> <span class='ocrx_word' id='word_1_210' title='bbox 2248 1407 2432 1452; x_wconf 81' lang='lat' dir='ltr'><strong><em>autem</em></strong></span> <span class='ocrx_word' id='word_1_211' title='bbox 2474 1398 2593 1453; x_wconf 90' lang='lat' dir='ltr'><strong><em>loco</em></strong></span> <span class='ocrx_word' id='word_1_212' title='bbox 2656 1410 2920 1469; x_wconf 89' lang='lat' dir='ltr'><strong><em>punctum</em></strong></span> <span class='ocrx_word' id='word_1_213' title='bbox 2979 1400 3208 1464; x_wconf 82' lang='lat' dir='ltr'><strong><em>iaciens,</em></strong></span> <span class='ocrx_word' id='word_1_214' title='bbox 3268 1400 3337 1454; x_wconf 90' lang='lat' dir='ltr'><strong><em>ab</em></strong></span> <span class='ocrx_word' id='word_1_215' title='bbox 3386 1401 3496 1455; x_wconf 83' lang='lat' dir='ltr'><strong><em>alio</em></strong></span> 
     </span>
    </p>
   </div>
   <div class='ocr_carea' id='block_1_29' title="bbox 1872 1487 3492 1560">
    <p class='ocr_par' dir='ltr' id='par_1_29' title="bbox 1872 1487 3492 1560">
     <span class='ocr_line' id='line_1_29' title="bbox 1872 1487 3492 1560; baseline 0.002 -18"><span class='ocrx_word' id='word_1_216' title='bbox 1872 1489 2147 1560; x_wconf 90' lang='lat' dir='ltr'><strong><em>principio</em></strong></span> <span class='ocrx_word' id='word_1_217' title='bbox 2172 1488 2324 1559; x_wconf 81' lang='lat' dir='ltr'><strong><em>legit,</em></strong></span> <span class='ocrx_word' id='word_1_218' title='bbox 2363 1507 2382 1540; x_wconf 74' lang='grc' dir='ltr'><strong><em>ι</em></strong></span> <span class='ocrx_word' id='word_1_219' title='bbox 2414 1487 2493 1543; x_wconf 87' lang='lat' dir='ltr'><strong><em>Ne</em></strong></span> <span class='ocrx_word' id='word_1_220' title='bbox 2527 1489 2874 1546; x_wconf 85' lang='lat' dir='ltr'><strong><em>admiremini</em></strong></span> <span class='ocrx_word' id='word_1_221' title='bbox 2903 1491 3026 1546; x_wconf 90' lang='lat' dir='ltr'><strong><em>hoc.</em></strong></span> <span class='ocrx_word' id='word_1_222' title='bbox 3057 1510 3075 1544; x_wconf 77' lang='grc' dir='ltr'><strong><em>ι</em></strong></span> <span class='ocrx_word' id='word_1_223' title='bbox 3108 1491 3282 1548; x_wconf 74' lang='lat' dir='ltr'><strong><em>Valde</em></strong></span> <span class='ocrx_word' id='word_1_224' title='bbox 3309 1502 3492 1546; x_wconf 85' lang='lat' dir='ltr'><strong><em>autem</em></strong></span> 
     </span>
    </p>
   </div>
   <div class='ocr_carea' id='block_1_30' title="bbox 1872 1583 3495 1653">
    <p class='ocr_par' dir='ltr' id='par_1_30' title="bbox 1872 1583 3495 1653">
     <span class='ocr_line' id='line_1_30' title="bbox 1872 1583 3495 1653; baseline 0.001 -15"><span class='ocrx_word' id='word_1_225' title='bbox 1872 1583 2098 1639; x_wconf 84' lang='lat' dir='ltr'><strong><em>stultum</em></strong></span> <span class='ocrx_word' id='word_1_226' title='bbox 2128 1591 2211 1638; x_wconf 87' lang='lat' dir='ltr'><strong><em>est</em></strong></span> <span class='ocrx_word' id='word_1_227' title='bbox 2241 1584 2320 1639; x_wconf 85' lang='lat' dir='ltr'><strong><em>sic</em></strong></span> <span class='ocrx_word' id='word_1_228' title='bbox 2346 1584 2549 1653; x_wconf 84' lang='lat' dir='ltr'><strong><em>legere.</em></strong></span> <span class='ocrx_word' id='word_1_229' title='bbox 2581 1584 2696 1638; x_wconf 85' lang='lat' dir='ltr'><strong><em>Non</em></strong></span> <span class='ocrx_word' id='word_1_230' title='bbox 2747 1587 2892 1639; x_wconf 92' lang='lat' dir='ltr'><strong><em>enim</em></strong></span> <span class='ocrx_word' id='word_1_231' title='bbox 2947 1586 3093 1641; x_wconf 83' lang='lat' dir='ltr'><strong><em>dedit</em></strong></span> <span class='ocrx_word' id='word_1_232' title='bbox 3140 1585 3307 1640; x_wconf 87' lang='lat' dir='ltr'><strong><em>Pater</em></strong></span> <span class='ocrx_word' id='word_1_233' title='bbox 3355 1585 3495 1640; x_wconf 86' lang='lat' dir='ltr'><strong><em>Filio</em></strong></span> 
     </span>
    </p>
   </div>
   <div class='ocr_carea' id='block_1_31' title="bbox 1865 1677 3488 1747">
    <p class='ocr_par' dir='ltr' id='par_1_31' title="bbox 1865 1677 3488 1747">
     <span class='ocr_line' id='line_1_31' title="bbox 1865 1677 3488 1747; baseline 0.002 -18"><span class='ocrx_word' id='word_1_234' title='bbox 1865 1677 2132 1742; x_wconf 86' lang='lat' dir='ltr'><strong>judicium</strong></span> <span class='ocrx_word' id='word_1_235' title='bbox 2165 1679 2310 1747; x_wconf 86' lang='lat' dir='ltr'><strong><em>quod</em></strong></span> <span class='ocrx_word' id='word_1_236' title='bbox 2343 1677 2517 1733; x_wconf 83' lang='lat' dir='ltr'><strong><em>Filius</em></strong></span> <span class='ocrx_word' id='word_1_237' title='bbox 2557 1678 2797 1734; x_wconf 89' lang='lat' dir='ltr'><strong><em>hominis</em></strong></span> <span class='ocrx_word' id='word_1_238' title='bbox 2849 1678 2941 1744; x_wconf 86' lang='lat' dir='ltr'><strong><em>sit,</em></strong></span> <span class='ocrx_word' id='word_1_239' title='bbox 2997 1679 3093 1732; x_wconf 88' lang='lat' dir='ltr'><strong><em>sed</em></strong></span> <span class='ocrx_word' id='word_1_240' title='bbox 3149 1679 3275 1747; x_wconf 82' lang='lat' dir='ltr'><strong><em>quia</em></strong></span> <span class='ocrx_word' id='word_1_241' title='bbox 3319 1680 3488 1732; x_wconf 66' lang='lat' dir='ltr'><strong><em>Deus.</em></strong></span> 
     </span>
    </p>
   </div>
   <div class='ocr_carea' id='block_1_32' title="bbox 1872 1769 3495 1843">
    <p class='ocr_par' dir='ltr' id='par_1_32' title="bbox 1872 1769 3495 1843">
     <span class='ocr_line' id='line_1_32' title="bbox 1872 1769 3495 1843; baseline -0.002 -16"><span class='ocrx_word' id='word_1_242' title='bbox 1872 1769 2039 1843; x_wconf 80' lang='lat'><strong><em>576</em></strong></span> <span class='ocrx_word' id='word_1_243' title='bbox 2088 1769 2244 1827; x_wconf 88' lang='lat' dir='ltr'><strong><em>Unde</em></strong></span> <span class='ocrx_word' id='word_1_244' title='bbox 2295 1771 2385 1825; x_wconf 85' lang='lat' dir='ltr'><strong><em>ille</em></strong></span> <span class='ocrx_word' id='word_1_245' title='bbox 2444 1786 2552 1826; x_wconf 89' lang='lat' dir='ltr'><strong><em>non</em></strong></span> <span class='ocrx_word' id='word_1_246' title='bbox 2611 1771 2828 1839; x_wconf 82' lang='lat' dir='ltr'><strong><em>patiens</em></strong></span> <span class='ocrx_word' id='word_1_247' title='bbox 2861 1781 2919 1824; x_wconf 89' lang='lat' dir='ltr'><strong><em>ut</em></strong></span> <span class='ocrx_word' id='word_1_248' title='bbox 2966 1770 3223 1825; x_wconf 79' lang='lat' dir='ltr'><strong><em>Christus</em></strong></span> <span class='ocrx_word' id='word_1_249' title='bbox 3278 1773 3495 1825; x_wconf 75' lang='lat' dir='ltr'><strong><em>dieatur</em></strong></span> 
     </span>
    </p>
   </div>
   <div class='ocr_carea' id='block_1_33' title="bbox 1874 1859 3490 1932">
    <p class='ocr_par' dir='ltr' id='par_1_33' title="bbox 1874 1859 3490 1932">
     <span class='ocr_line' id='line_1_33' title="bbox 1874 1859 3490 1932; baseline 0.001 -19"><span class='ocrx_word' id='word_1_250' title='bbox 1874 1859 2038 1926; x_wconf 87' lang='lat' dir='ltr'><strong><em>Deus,</em></strong></span> <span class='ocrx_word' id='word_1_251' title='bbox 2067 1860 2161 1915; x_wconf 88' lang='lat' dir='ltr'><strong><em>sed</em></strong></span> <span class='ocrx_word' id='word_1_252' title='bbox 2185 1860 2356 1915; x_wconf 85' lang='lat' dir='ltr'><strong><em>Filius</em></strong></span> <span class='ocrx_word' id='word_1_253' title='bbox 2381 1861 2640 1926; x_wconf 85' lang='lat' dir='ltr'><strong><em>hominis,</em></strong></span> <span class='ocrx_word' id='word_1_254' title='bbox 2671 1861 2752 1915; x_wconf 87' lang='lat' dir='ltr'><strong><em>sic</em></strong></span> <span class='ocrx_word' id='word_1_255' title='bbox 2777 1861 3051 1931; x_wconf 87' lang='lat' dir='ltr'><strong><em>cogitabat</em></strong></span> <span class='ocrx_word' id='word_1_256' title='bbox 3073 1862 3313 1932; x_wconf 86' lang='lat' dir='ltr'><strong><em>judicem</em></strong></span> <span class='ocrx_word' id='word_1_257' title='bbox 3340 1863 3490 1915; x_wconf 86' lang='lat' dir='ltr'><strong><em>illum</em></strong></span> 
     </span>
    </p>
   </div>
   <div class='ocr_carea' id='block_1_34' title="bbox 143 1925 1752 2019">
    <p class='ocr_par' dir='ltr' id='par_1_34' title="bbox 143 1925 1752 2019">
     <span class='ocr_line' id='line_1_34' title="bbox 143 1925 1752 2019; baseline 0.018 -45"><span class='ocrx_word' id='word_1_258' title='bbox 143 1939 257 1975; x_wconf 82' lang='grc' dir='ltr'><strong><em>που</em></strong></span> <span class='ocrx_word' id='word_1_259' title='bbox 290 1925 469 1993; x_wconf 74' lang='grc' dir='ltr'>ἐστὶν,</span> <span class='ocrx_word' id='word_1_260' title='bbox 504 1930 622 1984; x_wconf 83' lang='grc' dir='ltr'>ἀλλ’</span> <span class='ocrx_word' id='word_1_261' title='bbox 644 1934 727 1986; x_wconf 86' lang='grc' dir='ltr'>ὅτι</span> <span class='ocrx_word' id='word_1_262' title='bbox 761 1935 915 1998; x_wconf 79' lang='grc' dir='ltr'>Θεός.</span> <span class='ocrx_word' id='word_1_263' title='bbox 956 1939 1196 2004; x_wconf 83' lang='grc' dir='ltr'>Ἐκεῖνος</span> <span class='ocrx_word' id='word_1_264' title='bbox 1234 1942 1335 2011; x_wconf 84' lang='grc' dir='ltr'>μὲν</span> <span class='ocrx_word' id='word_1_265' title='bbox 1368 1944 1462 1998; x_wconf 77' lang='grc' dir='ltr'><strong><em>οὖν</em></strong></span> <span class='ocrx_word' id='word_1_266' title='bbox 1499 1946 1573 2019; x_wconf 80' lang='grc' dir='ltr'>μὴ</span> <span class='ocrx_word' id='word_1_267' title='bbox 1608 1948 1752 2018; x_wconf 83' lang='grc' dir='ltr'>δεχό-</span> 
     </span>
    </p>
   </div>
   <div class='ocr_carea' id='block_1_35' title="bbox 1861 1925 3490 2019">
    <p class='ocr_par' dir='ltr' id='par_1_35' title="bbox 1869 1953 3490 2019">
     <span class='ocr_line' id='line_1_35' title="bbox 1869 1953 3490 2019; baseline 0.001 -11"><span class='ocrx_word' id='word_1_268' title='bbox 1869 1967 2014 2019; x_wconf 91' lang='lat' dir='ltr'><strong><em>esse,</em></strong></span> <span class='ocrx_word' id='word_1_269' title='bbox 2054 1970 2160 2008; x_wconf 92' lang='lat' dir='ltr'><strong><em>non</em></strong></span> <span class='ocrx_word' id='word_1_270' title='bbox 2193 1963 2249 2009; x_wconf 92' lang='lat' dir='ltr'><strong><em>ut</em></strong></span> <span class='ocrx_word' id='word_1_271' title='bbox 2298 1954 2494 2016; x_wconf 88' lang='lat' dir='ltr'><strong><em>Deum,</em></strong></span> <span class='ocrx_word' id='word_1_272' title='bbox 2546 1955 2641 2010; x_wconf 83' lang='lat' dir='ltr'><strong><em>sed</em></strong></span> <span class='ocrx_word' id='word_1_273' title='bbox 2689 1963 2748 2009; x_wconf 91' lang='lat' dir='ltr'><strong><em>ut</em></strong></span> <span class='ocrx_word' id='word_1_274' title='bbox 2803 1953 3003 2009; x_wconf 84' lang='lat' dir='ltr'><strong><em>Filium</em></strong></span> <span class='ocrx_word' id='word_1_275' title='bbox 3057 1956 3320 2010; x_wconf 87' lang='lat' dir='ltr'><strong><em>hominis.</em></strong></span> <span class='ocrx_word' id='word_1_276' title='bbox 3379 1955 3490 2010; x_wconf 77' lang='lat' dir='ltr'><strong><em>Nos</em></strong></span> 
     </span>
    </p>
   </div>
   <div class='ocr_carea' id='block_1_36' title="bbox 150 2021 1760 2112">
    <p class='ocr_par' dir='ltr' id='par_1_36' title="bbox 150 2021 1760 2112">
     <span class='ocr_line' id='line_1_36' title="bbox 150 2021 1760 2112; baseline 0.02 -45"><span class='ocrx_word' id='word_1_277' title='bbox 150 2031 319 2112; x_wconf 60' lang='grc' dir='ltr'>μενος</span> <span class='ocrx_word' id='word_1_278' title='bbox 350 2021 525 2075; x_wconf 73' lang='grc' dir='ltr'>εἰπεῖν</span> <span class='ocrx_word' id='word_1_279' title='bbox 555 2024 647 2077; x_wconf 83' lang='grc' dir='ltr'><strong><em>τὸν</em></strong></span> <span class='ocrx_word' id='word_1_280' title='bbox 677 2027 916 2098; x_wconf 83' lang='grc' dir='ltr'>Χριστὸν</span> <span class='ocrx_word' id='word_1_281' title='bbox 945 2031 1099 2098; x_wconf 82' lang='grc' dir='ltr'>Θεὸν,</span> <span class='ocrx_word' id='word_1_282' title='bbox 1136 2035 1255 2090; x_wconf 87' lang='grc' dir='ltr'>ἀλλ’</span> <span class='ocrx_word' id='word_1_283' title='bbox 1280 2037 1409 2092; x_wconf 79' lang='grc' dir='ltr'>Υὶὸν</span> <span class='ocrx_word' id='word_1_284' title='bbox 1442 2042 1760 2112; x_wconf 85' lang='grc' dir='ltr'>ἀνθρώπου,</span> 
     </span>
    </p>
   </div>
   <div class='ocr_carea' id='block_1_37' title="bbox 148 2104 1762 2199">
    <p class='ocr_par' dir='ltr' id='par_1_37' title="bbox 148 2104 1762 2199">
     <span class='ocr_line' id='line_1_37' title="bbox 148 2104 1762 2199; baseline 0.019 -41"><span class='ocrx_word' id='word_1_285' title='bbox 148 2104 330 2172; x_wconf 76' lang='grc' dir='ltr'>οὕτως</span> <span class='ocrx_word' id='word_1_286' title='bbox 374 2112 516 2166; x_wconf 79' lang='grc' dir='ltr'>ἐνόει</span> <span class='ocrx_word' id='word_1_287' title='bbox 555 2117 751 2186; x_wconf 78' lang='grc' dir='ltr'>κριτὴν</span> <span class='ocrx_word' id='word_1_288' title='bbox 788 2121 952 2174; x_wconf 78' lang='grc' dir='ltr'>αὑτὸν</span> <span class='ocrx_word' id='word_1_289' title='bbox 987 2118 1151 2190; x_wconf 75' lang='grc' dir='ltr'>εἶναι,</span> <span class='ocrx_word' id='word_1_290' title='bbox 1187 2127 1284 2198; x_wconf 80' lang='grc' dir='ltr'>οὐχ</span> <span class='ocrx_word' id='word_1_291' title='bbox 1329 2128 1405 2192; x_wconf 84' lang='grc' dir='ltr'><strong><em>ὡς</em></strong></span> <span class='ocrx_word' id='word_1_292' title='bbox 1449 2104 1606 2199; x_wconf 75' lang='grc' dir='ltr'>Θεὸν,</span> <span class='ocrx_word' id='word_1_293' title='bbox 1643 2104 1762 2188; x_wconf 42' lang='grc' dir='ltr'>ἀλλλ</span> 
     </span>
    </p>
   </div>
   <div class='ocr_carea' id='block_1_38' title="bbox 141 2198 1765 2299">
    <p class='ocr_par' dir='ltr' id='par_1_38' title="bbox 141 2198 1765 2299">
     <span class='ocr_line' id='line_1_38' title="bbox 141 2198 1765 2299; baseline 0.02 -48"><span class='ocrx_word' id='word_1_294' title='bbox 141 2198 225 2265; x_wconf 84' lang='grc' dir='ltr'>ὡς</span> <span class='ocrx_word' id='word_1_295' title='bbox 255 2202 381 2299; x_wconf 50' lang='grc' dir='ltr'>Υί-ὸν</span> <span class='ocrx_word' id='word_1_296' title='bbox 413 2206 706 2279; x_wconf 82' lang='grc' dir='ltr'>ἀνθρώπου</span> <span class='ocrx_word' id='word_1_297' title='bbox 725 2227 736 2240; x_wconf 82' lang='lat'>&#39;</span> <span class='ocrx_word' id='word_1_298' title='bbox 765 2214 929 2283; x_wconf 79' lang='grc' dir='ltr'>ἡμεῖς</span> <span class='ocrx_word' id='word_1_299' title='bbox 959 2216 1017 2269; x_wconf 86' lang='grc' dir='ltr'>δὲ</span> <span class='ocrx_word' id='word_1_300' title='bbox 1046 2217 1192 2273; x_wconf 80' lang='grc' dir='ltr'>οὕτω</span> <span class='ocrx_word' id='word_1_301' title='bbox 1217 2220 1473 2293; x_wconf 80' lang='grc' dir='ltr'>νοοῦμεν,</span> <span class='ocrx_word' id='word_1_302' title='bbox 1501 2226 1576 2290; x_wconf 85' lang='grc' dir='ltr'>ὠς</span> <span class='ocrx_word' id='word_1_303' title='bbox 1607 2228 1765 2299; x_wconf 74' lang='grc' dir='ltr'>εἴρη-</span> 
     </span>
    </p>
   </div>
   <div class='ocr_carea' id='block_1_39' title="bbox 141 2294 1758 2382">
    <p class='ocr_par' dir='ltr' id='par_1_39' title="bbox 141 2294 1758 2382">
     <span class='ocr_line' id='line_1_39' title="bbox 141 2294 1758 2382; baseline 0.017 -37"><span class='ocrx_word' id='word_1_304' title='bbox 141 2311 262 2349; x_wconf 88' lang='grc' dir='ltr'>ται.</span> <span class='ocrx_word' id='word_1_305' title='bbox 312 2294 495 2351; x_wconf 74' lang='grc' dir='ltr'>Εἰπὼν</span> <span class='ocrx_word' id='word_1_306' title='bbox 537 2300 593 2354; x_wconf 82' lang='grc' dir='ltr'><strong><em>δὲ</em></strong></span> <span class='ocrx_word' id='word_1_307' title='bbox 637 2304 769 2375; x_wconf 77' lang='grc' dir='ltr'>περὶ</span> <span class='ocrx_word' id='word_1_308' title='bbox 813 2307 913 2376; x_wconf 76' lang='grc' dir='ltr'>τῆς</span> <span class='ocrx_word' id='word_1_309' title='bbox 956 2311 1194 2382; x_wconf 79' lang='grc' dir='ltr'>μερικῆς</span> <span class='ocrx_word' id='word_1_310' title='bbox 1240 2315 1618 2381; x_wconf 78' lang='grc' dir='ltr'>ἀναστάσεως,</span> <span class='ocrx_word' id='word_1_311' title='bbox 1664 2319 1758 2374; x_wconf 73' lang='grc' dir='ltr'>τοῦ</span> 
     </span>
    </p>
   </div>
   <div class='ocr_carea' id='block_1_40' title="bbox 138 2386 1761 2486">
    <p class='ocr_par' dir='ltr' id='par_1_40' title="bbox 138 2386 1761 2486">
     <span class='ocr_line' id='line_1_40' title="bbox 138 2386 1761 2486; baseline 0.017 -47"><span class='ocrx_word' id='word_1_312' title='bbox 138 2386 446 2486; x_wconf 40' lang='grc' dir='ltr'><strong><em>ἔξαιῖςὶρου,Δ</em></strong></span> <span class='ocrx_word' id='word_1_313' title='bbox 478 2396 643 2465; x_wconf 73' lang='grc' dir='ltr'>φημὶ,</span> <span class='ocrx_word' id='word_1_314' title='bbox 694 2399 789 2452; x_wconf 66' lang='grc' dir='ltr'><strong><em>καὶ¹</em></strong></span> <span class='ocrx_word' id='word_1_315' title='bbox 835 2402 944 2454; x_wconf 81' lang='grc' dir='ltr'>τῶν</span> <span class='ocrx_word' id='word_1_316' title='bbox 992 2404 1192 2469; x_wconf 77' lang='grc' dir='ltr'>ἄλλων,</span> <span class='ocrx_word' id='word_1_317' title='bbox 1242 2407 1292 2461; x_wconf 76' lang='grc' dir='ltr'>οἳ</span> <span class='ocrx_word' id='word_1_318' title='bbox 1339 2408 1511 2465; x_wconf 83' lang='grc' dir='ltr'>πάλαι</span> <span class='ocrx_word' id='word_1_319' title='bbox 1556 2412 1761 2486; x_wconf 77' lang='grc' dir='ltr'>δηλαδὴ</span> 
     </span>
    </p>
   </div>
   <div class='ocr_carea' id='block_1_41' title="bbox 137 2481 1758 2578">
    <p class='ocr_par' dir='ltr' id='par_1_41' title="bbox 137 2481 1758 2578">
     <span class='ocr_line' id='line_1_41' title="bbox 137 2481 1758 2578; baseline 0.019 -45"><span class='ocrx_word' id='word_1_320' title='bbox 137 2481 368 2578; x_wconf 43' lang='grc' dir='ltr'>ἔθανον.</span> <span class='ocrx_word' id='word_1_321' title='bbox 399 2484 494 2578; x_wconf 65' lang='grc' dir='ltr'><strong><em>νύν</em></strong></span> <span class='ocrx_word' id='word_1_322' title='bbox 526 2489 676 2558; x_wconf 81' lang='grc' dir='ltr'>λέγει</span> <span class='ocrx_word' id='word_1_323' title='bbox 713 2497 843 2565; x_wconf 76' lang='grc' dir='ltr'>περὶ</span> <span class='ocrx_word' id='word_1_324' title='bbox 874 2495 974 2567; x_wconf 80' lang='grc' dir='ltr'><strong><em>τῆς</em></strong></span> <span class='ocrx_word' id='word_1_325' title='bbox 1008 2499 1245 2555; x_wconf 85' lang='grc' dir='ltr'>καθόλου</span> <span class='ocrx_word' id='word_1_326' title='bbox 1271 2518 1285 2532; x_wconf 90' lang='grc'><strong>·</strong></span> <span class='ocrx_word' id='word_1_327' title='bbox 1329 2522 1347 2556; x_wconf 77' lang='grc' dir='ltr'><strong><em>ι</em></strong></span> <span class='ocrx_word' id='word_1_328' title='bbox 1378 2505 1496 2559; x_wconf 86' lang='grc' dir='ltr'>Ὅτι</span> <span class='ocrx_word' id='word_1_329' title='bbox 1534 2481 1758 2578; x_wconf 52' lang='grc' dir='ltr'>ἔργεται</span> 
     </span>
    </p>
   </div>
   <div class='ocr_carea' id='block_1_42' title="bbox 134 2574 1757 2674">
    <p class='ocr_par' dir='ltr' id='par_1_42' title="bbox 134 2574 1757 2674">
     <span class='ocr_line' id='line_1_42' title="bbox 134 2574 1757 2674; baseline 0.018 -46"><span class='ocrx_word' id='word_1_330' title='bbox 134 2574 262 2644; x_wconf 79' lang='grc' dir='ltr'>ὥρα</span> <span class='ocrx_word' id='word_1_331' title='bbox 284 2620 298 2644; x_wconf 97' lang='grc'><strong><em>,</em></strong></span> <span class='ocrx_word' id='word_1_332' title='bbox 333 2580 392 2630; x_wconf 82' lang='grc' dir='ltr'>ὲν</span> <span class='ocrx_word' id='word_1_333' title='bbox 490 2585 537 2637; x_wconf 88' lang='grc' dir='ltr'>οἱ</span> <span class='ocrx_word' id='word_1_334' title='bbox 573 2587 631 2638; x_wconf 84' lang='grc' dir='ltr'>ὲν</span> <span class='ocrx_word' id='word_1_335' title='bbox 662 2589 775 2650; x_wconf 75' lang='grc' dir='ltr'>τοῖς</span> <span class='ocrx_word' id='word_1_336' title='bbox 810 2595 1104 2662; x_wconf 79' lang='grc' dir='ltr'>μνημείοις</span> <span class='ocrx_word' id='word_1_337' title='bbox 1139 2596 1470 2653; x_wconf 82' lang='grc' dir='ltr'>ἀκούσονται</span> <span class='ocrx_word' id='word_1_338' title='bbox 1503 2604 1602 2674; x_wconf 80' lang='grc' dir='ltr'>τῆς</span> <span class='ocrx_word' id='word_1_339' title='bbox 1640 2621 1757 2660; x_wconf 75' lang='grc' dir='ltr'><strong><em>φω-</em></strong></span> 
     </span>
    </p>
   </div>
   <div class='ocr_carea' id='block_1_43' title="bbox 134 2670 1758 2765">
    <p class='ocr_par' dir='ltr' id='par_1_43' title="bbox 134 2670 1758 2765">
     <span class='ocr_line' id='line_1_43' title="bbox 134 2670 1758 2765; baseline 0.02 -45"><span class='ocrx_word' id='word_1_340' title='bbox 134 2671 242 2753; x_wconf 65' lang='grc' dir='ltr'>νῆς</span> <span class='ocrx_word' id='word_1_341' title='bbox 273 2670 368 2724; x_wconf 84' lang='grc' dir='ltr'>τοῦ</span> <span class='ocrx_word' id='word_1_342' title='bbox 410 2670 548 2728; x_wconf 84' lang='grc' dir='ltr'><strong><em>Θεοῦ</em></strong></span> <span class='ocrx_word' id='word_1_343' title='bbox 579 2693 591 2706; x_wconf 87' lang='grc'><strong>·</strong></span> <span class='ocrx_word' id='word_1_344' title='bbox 639 2696 656 2730; x_wconf 84' lang='grc' dir='ltr'><strong><em>ι</em></strong></span> <span class='ocrx_word' id='word_1_345' title='bbox 703 2682 835 2752; x_wconf 76' lang='grc' dir='ltr'>περὶ</span> <span class='ocrx_word' id='word_1_346' title='bbox 878 2684 974 2756; x_wconf 84' lang='grc' dir='ltr'>τῆς</span> <span class='ocrx_word' id='word_1_347' title='bbox 1017 2687 1322 2761; x_wconf 84' lang='grc' dir='ltr'>καθολικῆς</span> <span class='ocrx_word' id='word_1_348' title='bbox 1364 2692 1474 2765; x_wconf 81' lang='grc' dir='ltr'>γὰρ</span> <span class='ocrx_word' id='word_1_349' title='bbox 1515 2670 1758 2751; x_wconf 74' lang='grc' dir='ltr'>ἀναστά-</span> 
     </span>
    </p>
   </div>
   <div class='ocr_carea' id='block_1_44' title="bbox 138 2766 1757 2858">
    <p class='ocr_par' dir='ltr' id='par_1_44' title="bbox 138 2766 1757 2858">
     <span class='ocr_line' id='line_1_44' title="bbox 138 2766 1757 2858; baseline 0.02 -45"><span class='ocrx_word' id='word_1_350' title='bbox 138 2779 282 2826; x_wconf 71' lang='grc' dir='ltr'>σεως</span> <span class='ocrx_word' id='word_1_351' title='bbox 312 2766 550 2824; x_wconf 64' lang='grc' dir='ltr'>ἐνταῦθα</span> <span class='ocrx_word' id='word_1_352' title='bbox 582 2789 772 2841; x_wconf 79' lang='grc' dir='ltr'>φησιν.</span> <span class='ocrx_word' id='word_1_353' title='bbox 807 2776 1029 2850; x_wconf 77' lang='grc' dir='ltr'>Ἐπειδὴ</span> <span class='ocrx_word' id='word_1_354' title='bbox 1061 2781 1118 2834; x_wconf 79' lang='grc' dir='ltr'><strong><em>δὲ</em></strong></span> <span class='ocrx_word' id='word_1_355' title='bbox 1152 2778 1307 2836; x_wconf 75' lang='grc' dir='ltr'>εἶπεν</span> <span class='ocrx_word' id='word_1_356' title='bbox 1339 2785 1641 2858; x_wconf 79' lang='grc' dir='ltr'>ἀνωτέρω,</span> <span class='ocrx_word' id='word_1_357' title='bbox 1674 2791 1757 2845; x_wconf 83' lang='grc' dir='ltr'><strong><em>ὅτι</em></strong></span> 
     </span>
    </p>
   </div>
   <div class='ocr_carea' id='block_1_45' title="bbox 143 2857 1756 2953">
    <p class='ocr_par' dir='ltr' id='par_1_45' title="bbox 143 2857 1756 2953">
     <span class='ocr_line' id='line_1_45' title="bbox 143 2857 1756 2953; baseline 0.017 -45"><span class='ocrx_word' id='word_1_358' title='bbox 143 2874 164 2908; x_wconf 77' lang='grc' dir='ltr'><strong><em>ι</em></strong></span> <span class='ocrx_word' id='word_1_359' title='bbox 204 2857 263 2911; x_wconf 93' lang='lat'>&#39;0</span> <span class='ocrx_word' id='word_1_360' title='bbox 295 2862 593 2928; x_wconf 87' lang='grc' dir='ltr'>πιστεύων,</span> <span class='ocrx_word' id='word_1_361' title='bbox 629 2870 708 2930; x_wconf 85' lang='grc' dir='ltr'><strong><em>είς</em></strong></span> <span class='ocrx_word' id='word_1_362' title='bbox 741 2869 926 2939; x_wconf 81' lang='grc' dir='ltr'>κρίσιν</span> <span class='ocrx_word' id='word_1_363' title='bbox 955 2873 1058 2928; x_wconf 85' lang='grc' dir='ltr'><strong><em>ούκ</em></strong></span> <span class='ocrx_word' id='word_1_364' title='bbox 1091 2874 1337 2946; x_wconf 80' lang='grc' dir='ltr'>ἔρχεται,</span> <span class='ocrx_word' id='word_1_365' title='bbox 1378 2897 1396 2930; x_wconf 80' lang='grc' dir='ltr'><strong><em>ι</em></strong></span> <span class='ocrx_word' id='word_1_366' title='bbox 1436 2880 1524 2935; x_wconf 83' lang='grc' dir='ltr'><strong><em>ἵνα</em></strong></span> <span class='ocrx_word' id='word_1_367' title='bbox 1559 2882 1634 2953; x_wconf 85' lang='grc' dir='ltr'>μὴ</span> <span class='ocrx_word' id='word_1_368' title='bbox 1669 2901 1756 2936; x_wconf 88' lang='grc' dir='ltr'>νο-</span> 
     </span>
    </p>
   </div>
   <div class='ocr_carea' id='block_1_46' title="bbox 140 2950 1756 3048">
    <p class='ocr_par' dir='ltr' id='par_1_46' title="bbox 140 2950 1756 3048">
     <span class='ocr_line' id='line_1_46' title="bbox 140 2950 1756 3048; baseline 0.017 -46"><span class='ocrx_word' id='word_1_369' title='bbox 140 2950 413 3048; x_wconf 14' lang='grc' dir='ltr'>μίσωᾲμεν,</span> <span class='ocrx_word' id='word_1_370' title='bbox 441 2957 525 3010; x_wconf 85' lang='grc' dir='ltr'><strong><em>ὅτι</em></strong></span> <span class='ocrx_word' id='word_1_371' title='bbox 555 2959 588 3030; x_wconf 77' lang='grc' dir='ltr'>ἡ</span> <span class='ocrx_word' id='word_1_372' title='bbox 624 2962 811 3027; x_wconf 80' lang='grc' dir='ltr'>πίστις</span> <span class='ocrx_word' id='word_1_373' title='bbox 844 2967 980 3036; x_wconf 69' lang='grc' dir='ltr'><strong><em>μὸνη</em></strong></span> <span class='ocrx_word' id='word_1_374' title='bbox 1017 2967 1095 3031; x_wconf 84' lang='grc' dir='ltr'><strong><em>είς</em></strong></span> <span class='ocrx_word' id='word_1_375' title='bbox 1133 2970 1413 3041; x_wconf 85' lang='grc' dir='ltr'>σωτηρίαν</span> <span class='ocrx_word' id='word_1_376' title='bbox 1437 2950 1756 3048; x_wconf 29' lang='lat' dir='ltr'><strong><em>timenem-</em></strong></span> 
     </span>
    </p>
   </div>
   <div class='ocr_carea' id='block_1_47' title="bbox 137 3046 1755 3135">
    <p class='ocr_par' dir='ltr' id='par_1_47' title="bbox 137 3046 1755 3135">
     <span class='ocr_line' id='line_1_47' title="bbox 137 3046 1755 3135; baseline 0.019 -40"><span class='ocrx_word' id='word_1_377' title='bbox 137 3047 249 3111; x_wconf 78' lang='grc' dir='ltr'>σὶν,</span> <span class='ocrx_word' id='word_1_378' title='bbox 279 3046 361 3101; x_wconf 85' lang='grc' dir='ltr'>ὄτι</span> <span class='ocrx_word' id='word_1_379' title='bbox 396 3067 416 3102; x_wconf 77' lang='grc' dir='ltr'><strong><em>ι</em></strong></span> <span class='ocrx_word' id='word_1_380' title='bbox 456 3051 904 3127; x_wconf 76' lang='grc' dir='ltr'>Ἀναστήσονται,</span> <span class='ocrx_word' id='word_1_381' title='bbox 933 3060 983 3113; x_wconf 80' lang='lat' dir='ltr'><strong><em>oi</em></strong></span> <span class='ocrx_word' id='word_1_382' title='bbox 1012 3062 1080 3114; x_wconf 76' lang='grc' dir='ltr'><strong><em>τὰ</em></strong></span> <span class='ocrx_word' id='word_1_383' title='bbox 1112 3064 1296 3132; x_wconf 83' lang='grc' dir='ltr'>φαῦλα</span> <span class='ocrx_word' id='word_1_384' title='bbox 1329 3068 1644 3134; x_wconf 81' lang='grc' dir='ltr'>πράξαντες</span> <span class='ocrx_word' id='word_1_385' title='bbox 1674 3072 1755 3135; x_wconf 84' lang='grc' dir='ltr'><strong><em>είς</em></strong></span> 
     </span>
    </p>
   </div>
   <div class='ocr_carea' id='block_1_48' title="bbox 135 3138 1753 3224">
    <p class='ocr_par' dir='ltr' id='par_1_48' title="bbox 135 3138 1753 3224">
     <span class='ocr_line' id='line_1_48' title="bbox 135 3138 1753 3224; baseline 0.017 -35"><span class='ocrx_word' id='word_1_386' title='bbox 135 3138 441 3196; x_wconf 77' lang='grc' dir='ltr'>ἀνάστασιν</span> <span class='ocrx_word' id='word_1_387' title='bbox 488 3146 764 3215; x_wconf 83' lang='grc' dir='ltr'>κρίσεως,</span> <span class='ocrx_word' id='word_1_388' title='bbox 818 3153 868 3205; x_wconf 86' lang='lat' dir='ltr'><strong><em>oi</em></strong></span> <span class='ocrx_word' id='word_1_389' title='bbox 917 3152 988 3206; x_wconf 78' lang='grc' dir='ltr'>τὰ</span> <span class='ocrx_word' id='word_1_390' title='bbox 1040 3155 1262 3224; x_wconf 68' lang='grc' dir='ltr'>ἀγαθὰ,</span> <span class='ocrx_word' id='word_1_391' title='bbox 1315 3160 1398 3223; x_wconf 84' lang='grc' dir='ltr'><strong><em>είς</em></strong></span> <span class='ocrx_word' id='word_1_392' title='bbox 1447 3162 1753 3217; x_wconf 81' lang='grc' dir='ltr'>ἀνάστασιν</span> 
     </span>
    </p>
   </div>
   <div class='ocr_carea' id='block_1_49' title="bbox 134 3227 1748 3323">
    <p class='ocr_par' dir='ltr' id='par_1_49' title="bbox 134 3227 1748 3323">
     <span class='ocr_line' id='line_1_49' title="bbox 134 3227 1748 3323; baseline 0.017 -42"><span class='ocrx_word' id='word_1_393' title='bbox 134 3227 307 3302; x_wconf 79' lang='grc' dir='ltr'>ζωῆς.</span> <span class='ocrx_word' id='word_1_394' title='bbox 344 3253 362 3286; x_wconf 81' lang='grc' dir='ltr'><strong><em>ι</em></strong></span> <span class='ocrx_word' id='word_1_395' title='bbox 393 3237 507 3290; x_wconf 85' lang='grc' dir='ltr'>Οὐκ</span> <span class='ocrx_word' id='word_1_396' title='bbox 534 3239 644 3309; x_wconf 79' lang='grc' dir='ltr'>ἄρα</span> <span class='ocrx_word' id='word_1_397' title='bbox 672 3242 705 3309; x_wconf 83' lang='grc' dir='ltr'>ἠ</span> <span class='ocrx_word' id='word_1_398' title='bbox 739 3242 924 3309; x_wconf 84' lang='grc' dir='ltr'>πίστις</span> <span class='ocrx_word' id='word_1_399' title='bbox 956 3248 1094 3320; x_wconf 85' lang='grc' dir='ltr'>μόνη</span> <span class='ocrx_word' id='word_1_400' title='bbox 1123 3251 1295 3321; x_wconf 72' lang='grc' dir='ltr'>χωρὶς</span> <span class='ocrx_word' id='word_1_401' title='bbox 1323 3252 1503 3323; x_wconf 79' lang='grc' dir='ltr'>ἔργων</span> <span class='ocrx_word' id='word_1_402' title='bbox 1527 3255 1748 3318; x_wconf 82' lang='grc' dir='ltr'>δικαιοῖ,</span> 
     </span>
    </p>
   </div>
   <div class='ocr_carea' id='block_1_50' title="bbox 133 3325 1752 3420">
    <p class='ocr_par' dir='ltr' id='par_1_50' title="bbox 133 3325 1752 3420">
     <span class='ocr_line' id='line_1_50' title="bbox 133 3325 1752 3420; baseline 0.015 -40"><span class='ocrx_word' id='word_1_403' title='bbox 133 3325 278 3420; x_wconf 80' lang='grc' dir='ltr'>ἀλλὰ</span> <span class='ocrx_word' id='word_1_404' title='bbox 302 3331 486 3386; x_wconf 75' lang='grc' dir='ltr'>καὶτὰ</span> <span class='ocrx_word' id='word_1_405' title='bbox 512 3333 648 3405; x_wconf 76' lang='grc' dir='ltr'>ἔργα</span> <span class='ocrx_word' id='word_1_406' title='bbox 676 3342 962 3408; x_wconf 81' lang='grc' dir='ltr'>προσεῖναι</span> <span class='ocrx_word' id='word_1_407' title='bbox 989 3342 1103 3397; x_wconf 81' lang='grc' dir='ltr'>δεῖ·</span> <span class='ocrx_word' id='word_1_408' title='bbox 1131 3345 1256 3398; x_wconf 77' lang='grc' dir='ltr'>τότε</span> <span class='ocrx_word' id='word_1_409' title='bbox 1282 3348 1393 3420; x_wconf 85' lang='grc' dir='ltr'>γὰρ</span> <span class='ocrx_word' id='word_1_410' title='bbox 1420 3350 1513 3402; x_wconf 78' lang='grc' dir='ltr'>καὶ</span> <span class='ocrx_word' id='word_1_411' title='bbox 1541 3349 1752 3420; x_wconf 83' lang='grc' dir='ltr'>κυρίως</span> 
     </span>
    </p>
   </div>
   <div class='ocr_carea' id='block_1_51' title="bbox 131 3418 1749 3510">
    <p class='ocr_par' dir='ltr' id='par_1_51' title="bbox 131 3418 1749 3510">
     <span class='ocr_line' id='line_1_51' title="bbox 131 3418 1749 3510; baseline 0.017 -39"><span class='ocrx_word' id='word_1_412' title='bbox 131 3418 322 3485; x_wconf 86' lang='grc' dir='ltr'>πίστις</span> <span class='ocrx_word' id='word_1_413' title='bbox 359 3423 528 3478; x_wconf 80' lang='grc' dir='ltr'>ἐστίν.</span> <span class='ocrx_word' id='word_1_414' title='bbox 556 3426 699 3499; x_wconf 85' lang='grc' dir='ltr'>Ὅρα</span> <span class='ocrx_word' id='word_1_415' title='bbox 739 3428 797 3483; x_wconf 79' lang='grc' dir='ltr'>δὲ</span> <span class='ocrx_word' id='word_1_416' title='bbox 843 3431 1041 3502; x_wconf 84' lang='grc' dir='ltr'>διπλῆν</span> <span class='ocrx_word' id='word_1_417' title='bbox 1075 3434 1176 3506; x_wconf 81' lang='grc' dir='ltr'>τὴν</span> <span class='ocrx_word' id='word_1_418' title='bbox 1209 3418 1563 3494; x_wconf 85' lang='grc' dir='ltr'>διδασκαλίαν</span> <span class='ocrx_word' id='word_1_419' title='bbox 1599 3418 1749 3510; x_wconf 84' lang='grc' dir='ltr'>γινο-</span> 
     </span>
    </p>
   </div>
   <div class='ocr_carea' id='block_1_52' title="bbox 134 3511 1750 3606">
    <p class='ocr_par' dir='ltr' id='par_1_52' title="bbox 134 3511 1750 3606">
     <span class='ocr_line' id='line_1_52' title="bbox 134 3511 1750 3606; baseline 0.016 -41"><span class='ocrx_word' id='word_1_420' title='bbox 134 3511 330 3606; x_wconf 67' lang='grc' dir='ltr'>μένην,</span> <span class='ocrx_word' id='word_1_421' title='bbox 357 3515 447 3569; x_wconf 79' lang='grc' dir='ltr'><strong><em>διὰ</em></strong></span> <span class='ocrx_word' id='word_1_422' title='bbox 478 3517 646 3586; x_wconf 76' lang='grc' dir='ltr'>φόϐου</span> <span class='ocrx_word' id='word_1_423' title='bbox 702 3524 794 3576; x_wconf 77' lang='grc' dir='ltr'><strong><em>καὶ</em></strong></span> <span class='ocrx_word' id='word_1_424' title='bbox 829 3524 1172 3598; x_wconf 78' lang='grc' dir='ltr'>ἱλαρότητος.</span> <span class='ocrx_word' id='word_1_425' title='bbox 1201 3530 1274 3583; x_wconf 83' lang='grc' dir='ltr'><strong><em>Τὸ</em></strong></span> <span class='ocrx_word' id='word_1_426' title='bbox 1311 3532 1411 3602; x_wconf 84' lang='grc' dir='ltr'><strong><em>μὲν</em></strong></span> <span class='ocrx_word' id='word_1_427' title='bbox 1438 3534 1549 3606; x_wconf 69' lang='grc' dir='ltr'>γὰρ</span> <span class='ocrx_word' id='word_1_428' title='bbox 1581 3553 1750 3590; x_wconf 75' lang='grc' dir='ltr'>καταο</span> 
     </span>
    </p>
   </div>
   <div class='ocr_carea' id='block_1_53' title="bbox 1869 2049 3489 2121">
    <p class='ocr_par' dir='ltr' id='par_1_53' title="bbox 1869 2049 3489 2121">
     <span class='ocr_line' id='line_1_53' title="bbox 1869 2049 3489 2121; baseline 0.001 -20"><span class='ocrx_word' id='word_1_429' title='bbox 1869 2058 2050 2103; x_wconf 85' lang='lat' dir='ltr'><strong><em>autem</em></strong></span> <span class='ocrx_word' id='word_1_430' title='bbox 2083 2049 2166 2104; x_wconf 92' lang='lat' dir='ltr'><strong><em>sic</em></strong></span> <span class='ocrx_word' id='word_1_431' title='bbox 2206 2049 2588 2121; x_wconf 84' lang='lat' dir='ltr'><strong><em>intelligimus,</em></strong></span> <span class='ocrx_word' id='word_1_432' title='bbox 2645 2062 2704 2105; x_wconf 90' lang='grc' dir='ltr'><strong><em>ιιι</em></strong></span> <span class='ocrx_word' id='word_1_433' title='bbox 2771 2051 2976 2105; x_wconf 86' lang='lat' dir='ltr'><strong><em>dictum</em></strong></span> <span class='ocrx_word' id='word_1_434' title='bbox 3025 2059 3135 2107; x_wconf 75' lang='lat' dir='ltr'><strong><em>est.</em></strong></span> <span class='ocrx_word' id='word_1_435' title='bbox 3194 2050 3489 2120; x_wconf 67' lang='lat' dir='ltr'><strong><em>Postquam</em></strong></span> 
     </span>
    </p>
   </div>
   <div class='ocr_carea' id='block_1_54' title="bbox 1867 2141 3488 2213">
    <p class='ocr_par' dir='ltr' id='par_1_54' title="bbox 1867 2141 3488 2213">
     <span class='ocr_line' id='line_1_54' title="bbox 1867 2141 3488 2213; baseline 0.001 -19"><span class='ocrx_word' id='word_1_436' title='bbox 1867 2150 2048 2194; x_wconf 90' lang='lat' dir='ltr'><strong><em>autem</em></strong></span> <span class='ocrx_word' id='word_1_437' title='bbox 2107 2141 2243 2197; x_wconf 78' lang='lat' dir='ltr'><strong><em>dixit</em></strong></span> <span class='ocrx_word' id='word_1_438' title='bbox 2289 2144 2354 2196; x_wconf 89' lang='lat' dir='ltr'><strong><em>de</em></strong></span> <span class='ocrx_word' id='word_1_439' title='bbox 2417 2143 2736 2213; x_wconf 86' lang='lat' dir='ltr'><strong><em>particulari</em></strong></span> <span class='ocrx_word' id='word_1_440' title='bbox 2776 2147 3216 2211; x_wconf 73' lang='lat' dir='ltr'><strong><em>resurrectione,</em></strong></span> <span class='ocrx_word' id='word_1_441' title='bbox 3295 2144 3488 2198; x_wconf 86' lang='lat' dir='ltr'><strong><em>Lazari</em></strong></span> 
     </span>
    </p>
   </div>
   <div class='ocr_carea' id='block_1_55' title="bbox 1868 2234 3490 2307">
    <p class='ocr_par' dir='ltr' id='par_1_55' title="bbox 1868 2234 3490 2307">
     <span class='ocr_line' id='line_1_55' title="bbox 1868 2234 3490 2307; baseline 0.004 -21"><span class='ocrx_word' id='word_1_442' title='bbox 1868 2234 2126 2290; x_wconf 78' lang='lat' dir='ltr'><strong><em>videlicet</em></strong></span> <span class='ocrx_word' id='word_1_443' title='bbox 2165 2246 2221 2291; x_wconf 91' lang='lat' dir='ltr'><strong><em>et</em></strong></span> <span class='ocrx_word' id='word_1_444' title='bbox 2246 2237 2482 2292; x_wconf 86' lang='lat' dir='ltr'><strong><em>aliorum</em></strong></span> <span class='ocrx_word' id='word_1_445' title='bbox 2518 2239 2609 2307; x_wconf 91' lang='lat' dir='ltr'><strong><em>qui</em></strong></span> <span class='ocrx_word' id='word_1_446' title='bbox 2641 2238 2840 2292; x_wconf 88' lang='lat' dir='ltr'><strong><em>iterum</em></strong></span> <span class='ocrx_word' id='word_1_447' title='bbox 2875 2238 3077 2292; x_wconf 89' lang='lat' dir='ltr'><strong><em>mortui</em></strong></span> <span class='ocrx_word' id='word_1_448' title='bbox 3127 2247 3296 2292; x_wconf 89' lang='lat' dir='ltr'><strong><em>sunt:</em></strong></span> <span class='ocrx_word' id='word_1_449' title='bbox 3347 2252 3490 2292; x_wconf 86' lang='lat' dir='ltr'><strong><em>nunc</em></strong></span> 
     </span>
    </p>
   </div>
   <div class='ocr_carea' id='block_1_56' title="bbox 1865 2327 3475 2400">
    <p class='ocr_par' dir='ltr' id='par_1_56' title="bbox 1865 2327 3475 2400">
     <span class='ocr_line' id='line_1_56' title="bbox 1865 2327 3475 2400; baseline 0 -19"><span class='ocrx_word' id='word_1_450' title='bbox 1865 2328 1997 2382; x_wconf 81' lang='lat' dir='ltr'><strong><em>dicit</em></strong></span> <span class='ocrx_word' id='word_1_451' title='bbox 2035 2327 2104 2383; x_wconf 91' lang='lat' dir='ltr'><strong><em>de</em></strong></span> <span class='ocrx_word' id='word_1_452' title='bbox 2131 2329 2466 2384; x_wconf 81' lang='lat' dir='ltr'><strong><em>universali:</em></strong></span> <span class='ocrx_word' id='word_1_453' title='bbox 2516 2347 2534 2380; x_wconf 77' lang='grc' dir='ltr'><strong><em>ι</em></strong></span> <span class='ocrx_word' id='word_1_454' title='bbox 2573 2329 2714 2397; x_wconf 86' lang='lat' dir='ltr'><strong><em>Quia</em></strong></span> <span class='ocrx_word' id='word_1_455' title='bbox 2769 2331 2917 2382; x_wconf 84' lang='lat' dir='ltr'><strong><em>venit</em></strong></span> <span class='ocrx_word' id='word_1_456' title='bbox 2968 2332 3099 2384; x_wconf 86' lang='lat' dir='ltr'><strong><em>hora</em></strong></span> <span class='ocrx_word' id='word_1_457' title='bbox 3156 2331 3207 2384; x_wconf 91' lang='lat' dir='ltr'><strong><em>iu</em></strong></span> <span class='ocrx_word' id='word_1_458' title='bbox 3248 2347 3354 2400; x_wconf 86' lang='lat' dir='ltr'><strong><em>qua</em></strong></span> <span class='ocrx_word' id='word_1_459' title='bbox 3417 2331 3475 2383; x_wconf 88' lang='lat' dir='ltr'><strong><em>hi</em></strong></span> 
     </span>
    </p>
   </div>
   <div class='ocr_carea' id='block_1_57' title="bbox 1863 2421 3485 2488">
    <p class='ocr_par' dir='ltr' id='par_1_57' title="bbox 1863 2421 3485 2488">
     <span class='ocr_line' id='line_1_57' title="bbox 1863 2421 3485 2488; baseline -0.001 -13"><span class='ocrx_word' id='word_1_460' title='bbox 1863 2421 1955 2488; x_wconf 91' lang='lat' dir='ltr'><strong><em>qui</em></strong></span> <span class='ocrx_word' id='word_1_461' title='bbox 1986 2421 2036 2475; x_wconf 92' lang='lat' dir='ltr'><strong><em>in</em></strong></span> <span class='ocrx_word' id='word_1_462' title='bbox 2075 2422 2451 2478; x_wconf 86' lang='lat' dir='ltr'><strong><em>monumentis</em></strong></span> <span class='ocrx_word' id='word_1_463' title='bbox 2480 2433 2631 2486; x_wconf 88' lang='lat' dir='ltr'><strong><em>sunt,</em></strong></span> <span class='ocrx_word' id='word_1_464' title='bbox 2660 2423 2890 2477; x_wconf 89' lang='lat' dir='ltr'><strong><em>audient</em></strong></span> <span class='ocrx_word' id='word_1_465' title='bbox 2915 2438 3101 2476; x_wconf 87' lang='lat' dir='ltr'><strong><em>vocem</em></strong></span> <span class='ocrx_word' id='word_1_466' title='bbox 3136 2423 3253 2477; x_wconf 84' lang='lat' dir='ltr'><strong><em>Dei.</em></strong></span> <span class='ocrx_word' id='word_1_467' title='bbox 3291 2441 3309 2473; x_wconf 84' lang='grc'><strong>›</strong></span> <span class='ocrx_word' id='word_1_468' title='bbox 3342 2421 3485 2475; x_wconf 80' lang='lat' dir='ltr'><strong><em>Nam</em></strong></span> 
     </span>
    </p>
   </div>
   <div class='ocr_carea' id='block_1_58' title="bbox 1865 2515 3483 2587">
    <p class='ocr_par' dir='ltr' id='par_1_58' title="bbox 1865 2515 3483 2587">
     <span class='ocr_line' id='line_1_58' title="bbox 1865 2515 3483 2587; baseline 0 -19"><span class='ocrx_word' id='word_1_469' title='bbox 1865 2515 1932 2568; x_wconf 91' lang='lat' dir='ltr'><strong><em>de</em></strong></span> <span class='ocrx_word' id='word_1_470' title='bbox 1963 2515 2259 2570; x_wconf 84' lang='lat' dir='ltr'><strong><em>universali</em></strong></span> <span class='ocrx_word' id='word_1_471' title='bbox 2309 2517 2711 2571; x_wconf 83' lang='lat' dir='ltr'><strong><em>resurrectione</em></strong></span> <span class='ocrx_word' id='word_1_472' title='bbox 2763 2517 2850 2570; x_wconf 87' lang='lat' dir='ltr'><strong><em>hic</em></strong></span> <span class='ocrx_word' id='word_1_473' title='bbox 2903 2516 3167 2587; x_wconf 75' lang='lat' dir='ltr'><strong><em>loquitur.</em></strong></span> <span class='ocrx_word' id='word_1_474' title='bbox 3212 2517 3483 2583; x_wconf 79' lang='lat' dir='ltr'><strong><em>Quoniam</em></strong></span> 
     </span>
    </p>
   </div>
   <div class='ocr_carea' id='block_1_59' title="bbox 1865 2609 3483 2680">
    <p class='ocr_par' dir='ltr' id='par_1_59' title="bbox 1865 2609 3483 2680">
     <span class='ocr_line' id='line_1_59' title="bbox 1865 2609 3483 2680; baseline 0.002 -17"><span class='ocrx_word' id='word_1_475' title='bbox 1865 2609 2080 2664; x_wconf 77' lang='lat' dir='ltr'><strong><em>dixerat</em></strong></span> <span class='ocrx_word' id='word_1_476' title='bbox 2140 2611 2414 2680; x_wconf 90' lang='lat' dir='ltr'><strong><em>superius,</em></strong></span> <span class='ocrx_word' id='word_1_477' title='bbox 2461 2631 2478 2663; x_wconf 80' lang='grc' dir='ltr'><strong><em>ι</em></strong></span> <span class='ocrx_word' id='word_1_478' title='bbox 2514 2609 2618 2678; x_wconf 84' lang='lat' dir='ltr'><strong><em>Qui</em></strong></span> <span class='ocrx_word' id='word_1_479' title='bbox 2680 2613 2878 2677; x_wconf 91' lang='lat' dir='ltr'><strong><em>credit,</em></strong></span> <span class='ocrx_word' id='word_1_480' title='bbox 2946 2614 2997 2666; x_wconf 90' lang='lat' dir='ltr'><strong>iu</strong></span> <span class='ocrx_word' id='word_1_481' title='bbox 3047 2611 3315 2679; x_wconf 85' lang='lat' dir='ltr'><strong><em>judicium</em></strong></span> <span class='ocrx_word' id='word_1_482' title='bbox 3375 2625 3483 2666; x_wconf 89' lang='lat' dir='ltr'><strong><em>non</em></strong></span> 
     </span>
    </p>
   </div>
   <div class='ocr_carea' id='block_1_60' title="bbox 1863 2703 3482 2774">
    <p class='ocr_par' dir='ltr' id='par_1_60' title="bbox 1863 2703 3482 2774">
     <span class='ocr_line' id='line_1_60' title="bbox 1863 2703 3482 2774; baseline 0.001 -19"><span class='ocrx_word' id='word_1_483' title='bbox 1863 2703 2050 2768; x_wconf 76' lang='lat' dir='ltr'><strong><em>venit,</em></strong></span> <span class='ocrx_word' id='word_1_484' title='bbox 2113 2723 2132 2754; x_wconf 83' lang='grc' dir='ltr'><strong><em>ι</em></strong></span> <span class='ocrx_word' id='word_1_485' title='bbox 2177 2719 2244 2758; x_wconf 89' lang='lat' dir='ltr'><strong><em>ne</em></strong></span> <span class='ocrx_word' id='word_1_486' title='bbox 2297 2715 2550 2773; x_wconf 90' lang='lat' dir='ltr'><strong><em>putemus</em></strong></span> <span class='ocrx_word' id='word_1_487' title='bbox 2575 2707 2720 2774; x_wconf 88' lang='lat' dir='ltr'><strong><em>quod</em></strong></span> <span class='ocrx_word' id='word_1_488' title='bbox 2777 2704 2910 2760; x_wconf 88' lang='lat' dir='ltr'><strong><em>ﬁdes</em></strong></span> <span class='ocrx_word' id='word_1_489' title='bbox 2967 2704 3081 2759; x_wconf 88' lang='lat' dir='ltr'><strong><em>sola</em></strong></span> <span class='ocrx_word' id='word_1_490' title='bbox 3135 2706 3200 2757; x_wconf 89' lang='lat' dir='ltr'><strong><em>ad</em></strong></span> <span class='ocrx_word' id='word_1_491' title='bbox 3251 2705 3482 2760; x_wconf 84' lang='lat' dir='ltr'><strong><em>salutem</em></strong></span> 
     </span>
    </p>
   </div>
   <div class='ocr_carea' id='block_1_61' title="bbox 1859 2794 3484 2868">
    <p class='ocr_par' dir='ltr' id='par_1_61' title="bbox 1859 2794 3484 2868">
     <span class='ocr_line' id='line_1_61' title="bbox 1859 2794 3484 2868; baseline 0.003 -19"><span class='ocrx_word' id='word_1_492' title='bbox 1859 2794 2118 2862; x_wconf 81' lang='lat' dir='ltr'><strong><em>suﬁiciat,</em></strong></span> <span class='ocrx_word' id='word_1_493' title='bbox 2171 2795 2306 2850; x_wconf 91' lang='lat' dir='ltr'><strong><em>dicit</em></strong></span> <span class='ocrx_word' id='word_1_494' title='bbox 2338 2795 2481 2866; x_wconf 92' lang='lat' dir='ltr'><strong><em>quod</em></strong></span> <span class='ocrx_word' id='word_1_495' title='bbox 2519 2815 2538 2848; x_wconf 77' lang='grc' dir='ltr'><strong><em>ι</em></strong></span> <span class='ocrx_word' id='word_1_496' title='bbox 2577 2794 2887 2868; x_wconf 84' lang='lat' dir='ltr'><strong><em>Resurgent</em></strong></span> <span class='ocrx_word' id='word_1_497' title='bbox 2919 2797 2975 2851; x_wconf 88' lang='lat' dir='ltr'><strong><em>hi</em></strong></span> <span class='ocrx_word' id='word_1_498' title='bbox 3015 2798 3106 2867; x_wconf 90' lang='lat' dir='ltr'><strong><em>qui</em></strong></span> <span class='ocrx_word' id='word_1_499' title='bbox 3142 2797 3282 2851; x_wconf 87' lang='lat' dir='ltr'><strong><em>mala</em></strong></span> <span class='ocrx_word' id='word_1_500' title='bbox 3334 2797 3484 2854; x_wconf 81' lang='lat' dir='ltr'><strong><em>fece-</em></strong></span> 
     </span>
    </p>
   </div>
   <div class='ocr_carea' id='block_1_62' title="bbox 1862 2888 3480 2961">
    <p class='ocr_par' dir='ltr' id='par_1_62' title="bbox 1862 2888 3480 2961">
     <span class='ocr_line' id='line_1_62' title="bbox 1862 2888 3480 2961; baseline 0.002 -21"><span class='ocrx_word' id='word_1_501' title='bbox 1862 2897 2013 2954; x_wconf 89' lang='lat' dir='ltr'><strong><em>runt,</em></strong></span> <span class='ocrx_word' id='word_1_502' title='bbox 2050 2888 2102 2941; x_wconf 93' lang='lat' dir='ltr'><strong><em>in</em></strong></span> <span class='ocrx_word' id='word_1_503' title='bbox 2129 2889 2595 2944; x_wconf 89' lang='lat' dir='ltr'><strong><em>resurrectionem</em></strong></span> <span class='ocrx_word' id='word_1_504' title='bbox 2622 2889 3103 2946; x_wconf 81' lang='lat' dir='ltr'><strong><em>condemnationis</em></strong></span> <span class='ocrx_word' id='word_1_505' title='bbox 3131 2908 3145 2954; x_wconf 88' lang='lat'><strong><em>;</em></strong></span> <span class='ocrx_word' id='word_1_506' title='bbox 3172 2893 3263 2961; x_wconf 90' lang='lat' dir='ltr'><strong><em>qui</em></strong></span> <span class='ocrx_word' id='word_1_507' title='bbox 3298 2901 3480 2946; x_wconf 87' lang='lat' dir='ltr'><strong><em>autem</em></strong></span> 
     </span>
    </p>
   </div>
   <div class='ocr_carea' id='block_1_63' title="bbox 1861 2967 3478 3056">
    <p class='ocr_par' dir='ltr' id='par_1_63' title="bbox 1861 2967 3478 3056">
     <span class='ocr_line' id='line_1_63' title="bbox 1861 2967 3478 3056; baseline 0.004 -22"><span class='ocrx_word' id='word_1_508' title='bbox 1861 2979 2026 3045; x_wconf 86' lang='lat' dir='ltr'><strong><em>bona,</em></strong></span> <span class='ocrx_word' id='word_1_509' title='bbox 2084 2981 2138 3036; x_wconf 93' lang='lat' dir='ltr'><strong><em>in</em></strong></span> <span class='ocrx_word' id='word_1_510' title='bbox 2191 2967 2659 3038; x_wconf 85' lang='lat' dir='ltr'><strong><em>resurrectionem</em></strong></span> <span class='ocrx_word' id='word_1_511' title='bbox 2705 2985 2852 3039; x_wconf 70' lang='lat' dir='ltr'><strong><em>vitae.</em></strong></span> <span class='ocrx_word' id='word_1_512' title='bbox 2894 3003 2913 3036; x_wconf 80' lang='grc' dir='ltr'><strong><em>ι</em></strong></span> <span class='ocrx_word' id='word_1_513' title='bbox 2961 2983 3080 3039; x_wconf 87' lang='lat' dir='ltr'><strong><em>Non</em></strong></span> <span class='ocrx_word' id='word_1_514' title='bbox 3138 2985 3308 3056; x_wconf 78' lang='lat' dir='ltr'><strong><em>igitur</em></strong></span> <span class='ocrx_word' id='word_1_515' title='bbox 3363 2985 3478 3040; x_wconf 88' lang='lat' dir='ltr'><strong><em>sola</em></strong></span> 
     </span>
    </p>
   </div>
   <div class='ocr_carea' id='block_1_64' title="bbox 1860 3073 3476 3148">
    <p class='ocr_par' dir='ltr' id='par_1_64' title="bbox 1860 3073 3476 3148">
     <span class='ocr_line' id='line_1_64' title="bbox 1860 3073 3476 3148; baseline 0.002 -19"><span class='ocrx_word' id='word_1_516' title='bbox 1860 3073 1995 3130; x_wconf 89' lang='lat' dir='ltr'><strong><em>ﬁdes</em></strong></span> <span class='ocrx_word' id='word_1_517' title='bbox 2025 3074 2235 3144; x_wconf 90' lang='lat' dir='ltr'><strong><em>absque</em></strong></span> <span class='ocrx_word' id='word_1_518' title='bbox 2269 3074 2530 3146; x_wconf 86' lang='lat' dir='ltr'><strong><em>operibus</em></strong></span> <span class='ocrx_word' id='word_1_519' title='bbox 2571 3077 2869 3148; x_wconf 85' lang='lat' dir='ltr'><strong><em>justiﬁcat,</em></strong></span> <span class='ocrx_word' id='word_1_520' title='bbox 2924 3076 3018 3133; x_wconf 88' lang='lat' dir='ltr'><strong><em>sed</em></strong></span> <span class='ocrx_word' id='word_1_521' title='bbox 3064 3087 3280 3147; x_wconf 75' lang='lat' dir='ltr'><strong><em>Oportet</em></strong></span> <span class='ocrx_word' id='word_1_522' title='bbox 3312 3080 3476 3133; x_wconf 87' lang='lat' dir='ltr'><strong><em>etiam</em></strong></span> 
     </span>
    </p>
   </div>
   <div class='ocr_carea' id='block_1_65' title="bbox 1857 3168 3481 3240">
    <p class='ocr_par' dir='ltr' id='par_1_65' title="bbox 1857 3168 3481 3240">
     <span class='ocr_line' id='line_1_65' title="bbox 1857 3168 3481 3240; baseline 0.005 -20"><span class='ocrx_word' id='word_1_523' title='bbox 1857 3181 2022 3221; x_wconf 86' lang='lat' dir='ltr'><strong><em>onera</em></strong></span> <span class='ocrx_word' id='word_1_524' title='bbox 2075 3168 2297 3232; x_wconf 84' lang='lat' dir='ltr'><strong><em>adesse,</em></strong></span> <span class='ocrx_word' id='word_1_525' title='bbox 2347 3176 2478 3224; x_wconf 91' lang='lat' dir='ltr'><strong><em>tunc</em></strong></span> <span class='ocrx_word' id='word_1_526' title='bbox 2507 3169 2654 3224; x_wconf 90' lang='lat' dir='ltr'><strong><em>enim</em></strong></span> <span class='ocrx_word' id='word_1_527' title='bbox 2717 3170 2939 3240; x_wconf 82' lang='lat' dir='ltr'><strong><em>proprie</em></strong></span> <span class='ocrx_word' id='word_1_528' title='bbox 2997 3170 3134 3226; x_wconf 88' lang='lat' dir='ltr'><strong><em>ﬁdes</em></strong></span> <span class='ocrx_word' id='word_1_529' title='bbox 3184 3184 3288 3227; x_wconf 63' lang='lat' dir='ltr'><strong><em>esu</em></strong></span> <span class='ocrx_word' id='word_1_530' title='bbox 3345 3172 3481 3228; x_wconf 76' lang='lat' dir='ltr'><strong><em>Vide</em></strong></span> 
     </span>
    </p>
   </div>
   <div class='ocr_carea' id='block_1_66' title="bbox 1778 3265 3479 3357">
    <p class='ocr_par' dir='ltr' id='par_1_66' title="bbox 1778 3265 3479 3357">
     <span class='ocr_line' id='line_1_66' title="bbox 1778 3265 3479 3357; baseline 0.005 -40"><span class='ocrx_word' id='word_1_531' title='bbox 1778 3294 1824 3357; x_wconf 67' lang='grc' dir='ltr'>Ο</span> <span class='ocrx_word' id='word_1_532' title='bbox 1860 3273 2040 3317; x_wconf 89' lang='lat' dir='ltr'><strong><em>autem</em></strong></span> <span class='ocrx_word' id='word_1_533' title='bbox 2073 3265 2348 3334; x_wconf 82' lang='lat' dir='ltr'><strong><em>geminam</em></strong></span> <span class='ocrx_word' id='word_1_534' title='bbox 2375 3266 2685 3322; x_wconf 88' lang='lat' dir='ltr'><strong><em>doctrinam</em></strong></span> <span class='ocrx_word' id='word_1_535' title='bbox 2726 3267 2843 3323; x_wconf 88' lang='lat' dir='ltr'><strong><em>ﬁeri</em></strong></span> <span class='ocrx_word' id='word_1_536' title='bbox 2875 3283 2972 3337; x_wconf 85' lang='lat' dir='ltr'><strong><em>per</em></strong></span> <span class='ocrx_word' id='word_1_537' title='bbox 3007 3279 3216 3324; x_wconf 90' lang='lat' dir='ltr'><strong><em>metum</em></strong></span> <span class='ocrx_word' id='word_1_538' title='bbox 3253 3278 3308 3326; x_wconf 87' lang='lat' dir='ltr'><strong><em>et</em></strong></span> <span class='ocrx_word' id='word_1_539' title='bbox 3338 3269 3479 3326; x_wconf 67' lang='lat' dir='ltr'><strong><em>laeti-</em></strong></span> 
     </span>
    </p>
   </div>
   <div class='ocr_carea' id='block_1_67' title="bbox 1864 3354 3474 3428">
    <p class='ocr_par' dir='ltr' id='par_1_67' title="bbox 1864 3354 3474 3428">
     <span class='ocr_line' id='line_1_67' title="bbox 1864 3354 3474 3428; baseline 0.004 -19"><span class='ocrx_word' id='word_1_540' title='bbox 1864 3355 2013 3409; x_wconf 91' lang='lat' dir='ltr'><strong><em>tiam.</em></strong></span> <span class='ocrx_word' id='word_1_541' title='bbox 2050 3354 2188 3411; x_wconf 87' lang='lat' dir='ltr'><strong><em>Nam</em></strong></span> <span class='ocrx_word' id='word_1_542' title='bbox 2217 3371 2341 3412; x_wconf 93' lang='lat' dir='ltr'><strong><em>cum</em></strong></span> <span class='ocrx_word' id='word_1_543' title='bbox 2387 3358 2522 3413; x_wconf 92' lang='lat' dir='ltr'><strong><em>dicit</em></strong></span> <span class='ocrx_word' id='word_1_544' title='bbox 2557 3359 2917 3414; x_wconf 91' lang='lat' dir='ltr'><strong><em>condemnari</em></strong></span> <span class='ocrx_word' id='word_1_545' title='bbox 2963 3359 3129 3428; x_wconf 88' lang='lat' dir='ltr'><strong><em>impia</em></strong></span> <span class='ocrx_word' id='word_1_546' title='bbox 3185 3358 3474 3426; x_wconf 81' lang='lat' dir='ltr'><strong><em>iacientes,</em></strong></span> 
     </span>
    </p>
   </div>
   <div class='ocr_carea' id='block_1_68' title="bbox 1860 3449 3477 3524">
    <p class='ocr_par' dir='ltr' id='par_1_68' title="bbox 1860 3449 3477 3524">
     <span class='ocr_line' id='line_1_68' title="bbox 1860 3449 3477 3524; baseline 0.004 -23"><span class='ocrx_word' id='word_1_547' title='bbox 1860 3449 2124 3503; x_wconf 89' lang='lat' dir='ltr'><strong><em>deterret.</em></strong></span> <span class='ocrx_word' id='word_1_548' title='bbox 2158 3450 2295 3506; x_wconf 90' lang='lat' dir='ltr'><strong><em>Cum</em></strong></span> <span class='ocrx_word' id='word_1_549' title='bbox 2331 3461 2514 3505; x_wconf 89' lang='lat' dir='ltr'><strong><em>autem</em></strong></span> <span class='ocrx_word' id='word_1_550' title='bbox 2547 3451 2682 3506; x_wconf 90' lang='lat' dir='ltr'><strong><em>dicit</em></strong></span> <span class='ocrx_word' id='word_1_551' title='bbox 2730 3467 3022 3524; x_wconf 78' lang='lat' dir='ltr'><strong><em>resurgere</em></strong></span> <span class='ocrx_word' id='word_1_552' title='bbox 3077 3454 3144 3508; x_wconf 88' lang='lat' dir='ltr'><strong><em>ad</em></strong></span> <span class='ocrx_word' id='word_1_553' title='bbox 3175 3452 3345 3508; x_wconf 90' lang='lat' dir='ltr'><strong><em>vitam</em></strong></span> <span class='ocrx_word' id='word_1_554' title='bbox 3381 3470 3477 3511; x_wconf 82' lang='lat' dir='ltr'><strong><em>eos</em></strong></span> 
     </span>
    </p>
   </div>
   <div class='ocr_carea' id='block_1_69' title="bbox 1862 3541 3229 3619">
    <p class='ocr_par' dir='ltr' id='par_1_69' title="bbox 1862 3541 3229 3619">
     <span class='ocr_line' id='line_1_69' title="bbox 1862 3541 3229 3619; baseline 0.007 -25"><span class='ocrx_word' id='word_1_555' title='bbox 1862 3541 1957 3611; x_wconf 91' lang='lat' dir='ltr'><strong><em>qui</em></strong></span> <span class='ocrx_word' id='word_1_556' title='bbox 1994 3542 2133 3599; x_wconf 88' lang='lat' dir='ltr'><strong><em>bona</em></strong></span> <span class='ocrx_word' id='word_1_557' title='bbox 2168 3543 2443 3619; x_wconf 80' lang='lat' dir='ltr'><strong><em>fecerunt,</em></strong></span> <span class='ocrx_word' id='word_1_558' title='bbox 2473 3560 2570 3617; x_wconf 87' lang='lat' dir='ltr'><strong><em>per</em></strong></span> <span class='ocrx_word' id='word_1_559' title='bbox 2596 3545 2849 3600; x_wconf 74' lang='lat' dir='ltr'><strong><em>lzetitiam</em></strong></span> <span class='ocrx_word' id='word_1_560' title='bbox 2881 3548 3229 3604; x_wconf 80' lang='lat' dir='ltr'><strong><em>exhortatur.</em></strong></span> 
     </span>
    </p>
   </div>
   <div class='ocr_carea' id='block_1_70' title="bbox 131 3605 3477 3712">
    <p class='ocr_par' dir='ltr' id='par_1_70' title="bbox 131 3605 3477 3712">
     <span class='ocr_line' id='line_1_70' title="bbox 131 3605 3477 3712; baseline 0.012 -56"><span class='ocrx_word' id='word_1_561' title='bbox 131 3605 394 3712; x_wconf 44' lang='grc' dir='ltr'>κριθῆναι</span> <span class='ocrx_word' id='word_1_562' title='bbox 425 3611 553 3674; x_wconf 81' lang='grc' dir='ltr'>τοὺς</span> <span class='ocrx_word' id='word_1_563' title='bbox 588 3613 656 3667; x_wconf 77' lang='grc' dir='ltr'>τὰ</span> <span class='ocrx_word' id='word_1_564' title='bbox 688 3616 878 3712; x_wconf 25' lang='grc' dir='ltr'>’φαῦλα</span> <span class='ocrx_word' id='word_1_565' title='bbox 912 3621 1254 3690; x_wconf 80' lang='grc' dir='ltr'>πράξαντας,</span> <span class='ocrx_word' id='word_1_566' title='bbox 1290 3605 1560 3696; x_wconf 12' lang='grc' dir='ltr'><strong><em>ἐκφοϐεἰῗο</em></strong></span> <span class='ocrx_word' id='word_1_567' title='bbox 1614 3629 1677 3683; x_wconf 84' lang='grc' dir='ltr'><strong><em>τὸ</em></strong></span> <span class='ocrx_word' id='word_1_568' title='bbox 1744 3631 1800 3686; x_wconf 73' lang='grc' dir='ltr'>δὲ</span> <span class='ocrx_word' id='word_1_569' title='bbox 1847 3605 1928 3700; x_wconf 77' lang='lat' dir='ltr'><strong><em>ei;</em></strong></span> <span class='ocrx_word' id='word_1_570' title='bbox 1969 3635 2118 3708; x_wconf 78' lang='grc' dir='ltr'>ζωὴν</span> <span class='ocrx_word' id='word_1_571' title='bbox 2153 3605 2632 3710; x_wconf 41' lang='grc' dir='ltr'>ἀναστῆναιιτοὺς</span> <span class='ocrx_word' id='word_1_572' title='bbox 2681 3639 2749 3692; x_wconf 82' lang='grc' dir='ltr'>τὰ</span> <span class='ocrx_word' id='word_1_573' title='bbox 2792 3639 2977 3708; x_wconf 67' lang='grc' dir='ltr'>ἀγαθὰ</span> <span class='ocrx_word' id='word_1_574' title='bbox 3022 3641 3367 3712; x_wconf 76' lang='grc' dir='ltr'>πράξαντας,</span> <span class='ocrx_word' id='word_1_575' title='bbox 3407 3635 3477 3695; x_wconf 78' lang='grc' dir='ltr'>δι’</span> 
     </span>
    </p>
   </div>
   <div class='ocr_carea' id='block_1_71' title="bbox 133 3699 892 3780">
    <p class='ocr_par' dir='ltr' id='par_1_71' title="bbox 133 3699 892 3780">
     <span class='ocr_line' id='line_1_71' title="bbox 133 3699 892 3780; baseline 0.018 -28"><span class='ocrx_word' id='word_1_576' title='bbox 133 3699 460 3773; x_wconf 73' lang='grc' dir='ltr'>ἱλαρότητος</span> <span class='ocrx_word' id='word_1_577' title='bbox 492 3709 892 3780; x_wconf 77' lang='grc' dir='ltr'>προτρέπεται.</span> 
     </span>
    </p>
   </div>
   <div class='ocr_carea' id='block_1_72' title="bbox 214 3801 1750 3888">
    <p class='ocr_par' dir='ltr' id='par_1_72' title="bbox 214 3801 1750 3888">
     <span class='ocr_line' id='line_1_72' title="bbox 214 3801 1750 3888; baseline 0.017 -36"><span class='ocrx_word' id='word_1_578' title='bbox 214 3818 234 3852; x_wconf 77' lang='grc' dir='ltr'><strong><em>ι</em></strong></span> <span class='ocrx_word' id='word_1_579' title='bbox 263 3801 337 3854; x_wconf 71' lang='grc' dir='ltr'><strong><em>Οὔ</em></strong></span> <span class='ocrx_word' id='word_1_580' title='bbox 364 3801 602 3875; x_wconf 84' lang='grc' dir='ltr'>δύναμαι</span> <span class='ocrx_word' id='word_1_581' title='bbox 630 3806 742 3875; x_wconf 82' lang='grc' dir='ltr'>ἐγὼ</span> <span class='ocrx_word' id='word_1_582' title='bbox 769 3811 944 3864; x_wconf 83' lang='grc' dir='ltr'>ποιεῖν</span> <span class='ocrx_word' id='word_1_583' title='bbox 965 3810 1323 3886; x_wconf 81' lang='grc' dir='ltr'>ἀπ’ὲμαυτοῦ</span> <span class='ocrx_word' id='word_1_584' title='bbox 1349 3819 1526 3874; x_wconf 74' lang='grc' dir='ltr'>οὐδέν·</span> <span class='ocrx_word' id='word_1_585' title='bbox 1556 3821 1750 3888; x_wconf 87' lang='grc' dir='ltr'>καθὼς</span> 
     </span>
    </p>
   </div>
   <div class='ocr_carea' id='block_1_73' title="bbox 129 3891 1749 3980">
    <p class='ocr_par' dir='ltr' id='par_1_73' title="bbox 129 3891 1749 3980">
     <span class='ocr_line' id='line_1_73' title="bbox 129 3891 1749 3980; baseline 0.015 -34"><span class='ocrx_word' id='word_1_586' title='bbox 129 3891 340 3959; x_wconf 80' lang='grc' dir='ltr'>ἀκούω,</span> <span class='ocrx_word' id='word_1_587' title='bbox 376 3896 568 3968; x_wconf 84' lang='grc' dir='ltr'>κρίνω,</span> <span class='ocrx_word' id='word_1_588' title='bbox 598 3903 694 3953; x_wconf 78' lang='grc' dir='ltr'><strong><em>καὶ</em></strong></span> <span class='ocrx_word' id='word_1_589' title='bbox 724 3901 758 3972; x_wconf 78' lang='grc' dir='ltr'><strong>ἠ</strong></span> <span class='ocrx_word' id='word_1_590' title='bbox 791 3903 973 3974; x_wconf 89' lang='grc' dir='ltr'>κρίσις</span> <span class='ocrx_word' id='word_1_591' title='bbox 1001 3909 1034 3978; x_wconf 86' lang='grc' dir='ltr'><strong>ή</strong></span> <span class='ocrx_word' id='word_1_592' title='bbox 1064 3908 1173 3980; x_wconf 82' lang='grc' dir='ltr'>ἐμὴ</span> <span class='ocrx_word' id='word_1_593' title='bbox 1203 3910 1392 3967; x_wconf 89' lang='grc' dir='ltr'>δικαία</span> <span class='ocrx_word' id='word_1_594' title='bbox 1421 3915 1571 3970; x_wconf 77' lang='grc' dir='ltr'>ἐστίν</span> <span class='ocrx_word' id='word_1_595' title='bbox 1604 3935 1618 3949; x_wconf 90' lang='grc'><strong>·</strong></span> <span class='ocrx_word' id='word_1_596' title='bbox 1665 3917 1749 3972; x_wconf 81' lang='grc' dir='ltr'>ὅτι</span> 
     </span>
    </p>
   </div>
   <div class='ocr_carea' id='block_1_74' title="bbox 1927 3825 3475 3901">
    <p class='ocr_par' dir='ltr' id='par_1_74' title="bbox 1927 3825 3475 3901">
     <span class='ocr_line' id='line_1_74' title="bbox 1927 3825 3475 3901; baseline 0.002 -21"><span class='ocrx_word' id='word_1_597' title='bbox 1927 3825 2092 3883; x_wconf 75' lang='lat' dir='ltr'><strong><em>Vens.</em></strong></span> <span class='ocrx_word' id='word_1_598' title='bbox 2122 3826 2214 3886; x_wconf 79' lang='lat'><strong><em>&#39;50.</em></strong></span> <span class='ocrx_word' id='word_1_599' title='bbox 2252 3846 2271 3900; x_wconf 71' lang='grc' dir='ltr'><strong><em>ι</em></strong></span> <span class='ocrx_word' id='word_1_600' title='bbox 2315 3827 2434 3884; x_wconf 86' lang='lat' dir='ltr'><strong><em>Non</em></strong></span> <span class='ocrx_word' id='word_1_601' title='bbox 2481 3845 2704 3900; x_wconf 87' lang='lat' dir='ltr'><strong><em>possum</em></strong></span> <span class='ocrx_word' id='word_1_602' title='bbox 2752 3846 2854 3901; x_wconf 81' lang='lat' dir='ltr'><strong><em>ego</em></strong></span> <span class='ocrx_word' id='word_1_603' title='bbox 2900 3847 2961 3885; x_wconf 80' lang='lat' dir='ltr'><strong><em>cx</em></strong></span> <span class='ocrx_word' id='word_1_604' title='bbox 3025 3831 3231 3900; x_wconf 81' lang='lat' dir='ltr'><strong><em>meipso</em></strong></span> <span class='ocrx_word' id='word_1_605' title='bbox 3293 3830 3475 3886; x_wconf 78' lang='lat' dir='ltr'><strong><em>facere</em></strong></span> 
     </span>
    </p>
   </div>
   <div class='ocr_carea' id='block_1_75' title="bbox 1848 3919 3470 3994">
    <p class='ocr_par' dir='ltr' id='par_1_75' title="bbox 1848 3919 3470 3994">
     <span class='ocr_line' id='line_1_75' title="bbox 1848 3919 3470 3994; baseline 0.005 -23"><span class='ocrx_word' id='word_1_606' title='bbox 1848 3919 2188 3990; x_wconf 87' lang='lat' dir='ltr'><strong><em>quidquam:</em></strong></span> <span class='ocrx_word' id='word_1_607' title='bbox 2237 3920 2380 3977; x_wconf 89' lang='lat' dir='ltr'><strong><em>sicut</em></strong></span> <span class='ocrx_word' id='word_1_608' title='bbox 2425 3923 2610 3987; x_wconf 90' lang='lat' dir='ltr'><strong><em>audio,</em></strong></span> <span class='ocrx_word' id='word_1_609' title='bbox 2635 3920 2850 3990; x_wconf 87' lang='lat' dir='ltr'><strong><em>judico.</em></strong></span> <span class='ocrx_word' id='word_1_610' title='bbox 2907 3923 3255 3994; x_wconf 68' lang='lat' dir='ltr'><strong><em>eljudirium</em></strong></span> <span class='ocrx_word' id='word_1_611' title='bbox 3291 3940 3470 3979; x_wconf 88' lang='lat' dir='ltr'><strong><em>meum</em></strong></span> 
     </span>
    </p>
   </div>
   <div class='ocr_carea' id='block_1_76' title="bbox 131 3983 1752 4087">
    <p class='ocr_par' dir='ltr' id='par_1_76' title="bbox 131 3983 1747 4087">
     <span class='ocr_line' id='line_1_76' title="bbox 131 3983 1747 4087; baseline 0.017 -51"><span class='ocrx_word' id='word_1_612' title='bbox 131 3983 203 4087; x_wconf 47' lang='lat'><strong><em>06-</em></strong></span> <span class='ocrx_word' id='word_1_613' title='bbox 242 3983 394 4087; x_wconf 59' lang='grc' dir='ltr'>ςητῶ</span> <span class='ocrx_word' id='word_1_614' title='bbox 438 3988 500 4041; x_wconf 90' lang='grc' dir='ltr'><strong><em>τὸ</em></strong></span> <span class='ocrx_word' id='word_1_615' title='bbox 544 3989 758 4062; x_wconf 76' lang='grc' dir='ltr'>θέλημα</span> <span class='ocrx_word' id='word_1_616' title='bbox 799 3994 862 4047; x_wconf 83' lang='grc' dir='ltr'><strong><em>τὸ</em></strong></span> <span class='ocrx_word' id='word_1_617' title='bbox 903 3996 1060 4067; x_wconf 78' lang='grc' dir='ltr'>ἐμὸν,</span> <span class='ocrx_word' id='word_1_618' title='bbox 1108 4001 1247 4055; x_wconf 79' lang='grc' dir='ltr'>ἀλλὰ</span> <span class='ocrx_word' id='word_1_619' title='bbox 1289 4004 1352 4057; x_wconf 89' lang='grc' dir='ltr'><strong><em>τὸ</em></strong></span> <span class='ocrx_word' id='word_1_620' title='bbox 1398 4005 1615 4078; x_wconf 84' lang='grc' dir='ltr'>θέλημα</span> <span class='ocrx_word' id='word_1_621' title='bbox 1651 4009 1747 4062; x_wconf 81' lang='grc' dir='ltr'>τοῦ</span> 
     </span>
    </p>
   </div>
   <div class='ocr_carea' id='block_1_77' title="bbox 1861 3983 3463 4087">
    <p class='ocr_par' dir='ltr' id='par_1_77' title="bbox 1869 4014 3463 4087">
     <span class='ocr_line' id='line_1_77' title="bbox 1869 4014 3463 4087; baseline 0.002 -21"><span class='ocrx_word' id='word_1_622' title='bbox 1869 4023 2054 4067; x_wconf 89' lang='lat' dir='ltr'><strong><em>ustum</em></strong></span> <span class='ocrx_word' id='word_1_623' title='bbox 2093 4024 2217 4082; x_wconf 88' lang='lat' dir='ltr'><strong><em>est;</em></strong></span> <span class='ocrx_word' id='word_1_624' title='bbox 2271 4014 2394 4084; x_wconf 85' lang='lat' dir='ltr'><strong><em>quia</em></strong></span> <span class='ocrx_word' id='word_1_625' title='bbox 2452 4030 2557 4069; x_wconf 88' lang='lat' dir='ltr'><strong><em>non</em></strong></span> <span class='ocrx_word' id='word_1_626' title='bbox 2612 4032 2799 4087; x_wconf 72' lang='lat' dir='ltr'><strong><em>quaero</em></strong></span> <span class='ocrx_word' id='word_1_627' title='bbox 2863 4017 3203 4071; x_wconf 85' lang='lat' dir='ltr'><strong><em>voluntatem</em></strong></span> <span class='ocrx_word' id='word_1_628' title='bbox 3257 4033 3463 4082; x_wconf 90' lang='lat' dir='ltr'><strong><em>meam,</em></strong></span> 
     </span>
    </p>
   </div>
   <div class='ocr_carea' id='block_1_78' title="bbox 132 4077 1746 4174">
    <p class='ocr_par' dir='ltr' id='par_1_78' title="bbox 132 4077 1746 4174">
     <span class='ocr_line' id='line_1_78' title="bbox 132 4077 1746 4174; baseline 0.018 -45"><span class='ocrx_word' id='word_1_629' title='bbox 132 4077 456 4174; x_wconf 47' lang='lat' dir='ltr'><strong><em>stipi;an;</em></strong></span> <span class='ocrx_word' id='word_1_630' title='bbox 489 4100 556 4151; x_wconf 86' lang='grc' dir='ltr'><strong><em>με</em></strong></span> <span class='ocrx_word' id='word_1_631' title='bbox 593 4085 829 4157; x_wconf 86' lang='grc' dir='ltr'>Πατρός.</span> <span class='ocrx_word' id='word_1_632' title='bbox 868 4107 886 4140; x_wconf 81' lang='grc' dir='ltr'><strong><em>ι</em></strong></span> <span class='ocrx_word' id='word_1_633' title='bbox 925 4092 1086 4146; x_wconf 82' lang='grc' dir='ltr'>Καθὰ</span> <span class='ocrx_word' id='word_1_634' title='bbox 1119 4095 1211 4148; x_wconf 74' lang='grc' dir='ltr'>καὶ</span> <span class='ocrx_word' id='word_1_635' title='bbox 1245 4098 1303 4149; x_wconf 74' lang='grc' dir='ltr'>ἐν</span> <span class='ocrx_word' id='word_1_636' title='bbox 1331 4100 1444 4163; x_wconf 85' lang='grc' dir='ltr'>τοῖς</span> <span class='ocrx_word' id='word_1_637' title='bbox 1478 4101 1746 4174; x_wconf 82' lang='grc' dir='ltr'>ἀνωτέρω</span> 
     </span>
    </p>
   </div>
   <div class='ocr_carea' id='block_1_79' title="bbox 131 4168 1745 4263">
    <p class='ocr_par' dir='ltr' id='par_1_79' title="bbox 131 4168 1745 4263">
     <span class='ocr_line' id='line_1_79' title="bbox 131 4168 1745 4263; baseline 0.018 -41"><span class='ocrx_word' id='word_1_638' title='bbox 131 4168 419 4238; x_wconf 79' lang='grc' dir='ltr'>λέλεκται,</span> <span class='ocrx_word' id='word_1_639' title='bbox 449 4175 550 4245; x_wconf 82' lang='grc' dir='ltr'><strong><em>τὴν</em></strong></span> <span class='ocrx_word' id='word_1_640' title='bbox 581 4177 1003 4249; x_wconf 81' lang='grc' dir='ltr'>ἀπαραλλαξίαν</span> <span class='ocrx_word' id='word_1_641' title='bbox 1033 4185 1128 4240; x_wconf 77' lang='grc' dir='ltr'>τοῦ</span> <span class='ocrx_word' id='word_1_642' title='bbox 1161 4187 1296 4243; x_wconf 87' lang='grc' dir='ltr'><strong><em>Υίοῦ</em></strong></span> <span class='ocrx_word' id='word_1_643' title='bbox 1331 4193 1470 4263; x_wconf 84' lang='grc' dir='ltr'>πρὸς</span> <span class='ocrx_word' id='word_1_644' title='bbox 1500 4194 1593 4249; x_wconf 89' lang='grc' dir='ltr'><strong><em>τὸν</em></strong></span> <span class='ocrx_word' id='word_1_645' title='bbox 1625 4168 1745 4250; x_wconf 68' lang='lat' dir='ltr'><strong><em>llat-</em></strong></span> 
     </span>
    </p>
   </div>
   <div class='ocr_carea' id='block_1_80' title="bbox 134 4265 1744 4350">
    <p class='ocr_par' dir='ltr' id='par_1_80' title="bbox 134 4265 1744 4350">
     <span class='ocr_line' id='line_1_80' title="bbox 134 4265 1744 4350; baseline 0.017 -33"><span class='ocrx_word' id='word_1_646' title='bbox 134 4265 270 4338; x_wconf 85' lang='grc' dir='ltr'>τέρα</span> <span class='ocrx_word' id='word_1_647' title='bbox 304 4266 675 4326; x_wconf 78' lang='grc' dir='ltr'>ἐνδείκνυνται</span> <span class='ocrx_word' id='word_1_648' title='bbox 710 4273 885 4328; x_wconf 82' lang='grc' dir='ltr'>ταῦτα</span> <span class='ocrx_word' id='word_1_649' title='bbox 921 4276 991 4330; x_wconf 79' lang='grc' dir='ltr'>τὰ</span> <span class='ocrx_word' id='word_1_650' title='bbox 1026 4281 1271 4350; x_wconf 81' lang='grc' dir='ltr'>ῥήματα,</span> <span class='ocrx_word' id='word_1_651' title='bbox 1307 4284 1388 4350; x_wconf 88' lang='grc' dir='ltr'><strong><em>τὸ,</em></strong></span> <span class='ocrx_word' id='word_1_652' title='bbox 1420 4304 1438 4337; x_wconf 80' lang='grc' dir='ltr'><strong><em>ι</em></strong></span> <span class='ocrx_word' id='word_1_653' title='bbox 1467 4288 1542 4340; x_wconf 83' lang='grc' dir='ltr'><strong><em>Οὐ</em></strong></span> <span class='ocrx_word' id='word_1_654' title='bbox 1578 4287 1744 4343; x_wconf 85' lang='grc' dir='ltr'>δύνα-</span> 
     </span>
    </p>
   </div>
   <div class='ocr_carea' id='block_1_81' title="bbox 133 4357 1748 4437">
    <p class='ocr_par' dir='ltr' id='par_1_81' title="bbox 133 4357 1748 4437">
     <span class='ocr_line' id='line_1_81' title="bbox 133 4357 1748 4437; baseline 0.019 -31"><span class='ocrx_word' id='word_1_655' title='bbox 133 4372 235 4425; x_wconf 83' lang='grc' dir='ltr'><strong><em>μαι</em></strong></span> <span class='ocrx_word' id='word_1_656' title='bbox 258 4357 367 4425; x_wconf 71' lang='grc' dir='ltr'><strong><em>ἐγὼ</em></strong></span> <span class='ocrx_word' id='word_1_657' title='bbox 389 4363 562 4415; x_wconf 81' lang='grc' dir='ltr'>ποιεῖν</span> <span class='ocrx_word' id='word_1_658' title='bbox 582 4363 679 4417; x_wconf 82' lang='grc' dir='ltr'><strong><em>ἀπ’</em></strong></span> <span class='ocrx_word' id='word_1_659' title='bbox 703 4366 949 4435; x_wconf 78' lang='grc' dir='ltr'>ἐμαυτοῦ</span> <span class='ocrx_word' id='word_1_660' title='bbox 971 4370 1151 4437; x_wconf 84' lang='grc' dir='ltr'>οὐδὲν,</span> <span class='ocrx_word' id='word_1_661' title='bbox 1195 4394 1212 4426; x_wconf 79' lang='grc' dir='ltr'><strong><em>ι</em></strong></span> <span class='ocrx_word' id='word_1_662' title='bbox 1250 4377 1343 4429; x_wconf 75' lang='grc' dir='ltr'>καὶ</span> <span class='ocrx_word' id='word_1_663' title='bbox 1371 4377 1472 4431; x_wconf 80' lang='grc' dir='ltr'><strong><em>ὅσα</em></strong></span> <span class='ocrx_word' id='word_1_664' title='bbox 1503 4383 1748 4436; x_wconf 87' lang='grc' dir='ltr'>τοιουτό-</span> 
     </span>
    </p>
   </div>
   <div class='ocr_carea' id='block_1_82' title="bbox 129 4452 1749 4547">
    <p class='ocr_par' dir='ltr' id='par_1_82' title="bbox 129 4452 1749 4547">
     <span class='ocr_line' id='line_1_82' title="bbox 129 4452 1749 4547; baseline 0.019 -48"><span class='ocrx_word' id='word_1_665' title='bbox 129 4464 332 4547; x_wconf 71' lang='grc' dir='ltr'>τροπα.</span> <span class='ocrx_word' id='word_1_666' title='bbox 370 4452 538 4506; x_wconf 77' lang='grc' dir='ltr'>Οὐδὲν</span> <span class='ocrx_word' id='word_1_667' title='bbox 575 4456 685 4527; x_wconf 76' lang='grc' dir='ltr'>γὰρ</span> <span class='ocrx_word' id='word_1_668' title='bbox 731 4457 882 4523; x_wconf 77' lang='grc' dir='ltr'>ξένον</span> <span class='ocrx_word' id='word_1_669' title='bbox 923 4463 1019 4514; x_wconf 76' lang='grc' dir='ltr'>καὶ</span> <span class='ocrx_word' id='word_1_670' title='bbox 1066 4465 1351 4538; x_wconf 78' lang='grc' dir='ltr'>ἀλλότριον</span> <span class='ocrx_word' id='word_1_671' title='bbox 1389 4471 1487 4525; x_wconf 80' lang='grc' dir='ltr'>τοῦ</span> <span class='ocrx_word' id='word_1_672' title='bbox 1531 4473 1749 4547; x_wconf 71' lang='grc' dir='ltr'>Πατρὸς</span> 
     </span>
    </p>
   </div>
   <div class='ocr_carea' id='block_1_83' title="bbox 1849 4107 3468 4180">
    <p class='ocr_par' dir='ltr' id='par_1_83' title="bbox 1849 4107 3468 4180">
     <span class='ocr_line' id='line_1_83' title="bbox 1849 4107 3468 4180; baseline 0.004 -19"><span class='ocrx_word' id='word_1_673' title='bbox 1849 4107 1944 4162; x_wconf 85' lang='lat' dir='ltr'><strong><em>sed</em></strong></span> <span class='ocrx_word' id='word_1_674' title='bbox 1976 4107 2312 4173; x_wconf 70' lang='lat' dir='ltr'><strong><em>voluntatem</em></strong></span> <span class='ocrx_word' id='word_1_675' title='bbox 2346 4107 2486 4177; x_wconf 88' lang='lat' dir='ltr'><strong><em>ejus,</em></strong></span> <span class='ocrx_word' id='word_1_676' title='bbox 2515 4111 2606 4180; x_wconf 88' lang='lat' dir='ltr'><strong><em>qui</em></strong></span> <span class='ocrx_word' id='word_1_677' title='bbox 2642 4110 2799 4164; x_wconf 87' lang='lat' dir='ltr'><strong><em>misit</em></strong></span> <span class='ocrx_word' id='word_1_678' title='bbox 2846 4126 2933 4165; x_wconf 89' lang='lat' dir='ltr'><strong><em>me</em></strong></span> <span class='ocrx_word' id='word_1_679' title='bbox 2984 4110 3189 4166; x_wconf 86' lang='lat' dir='ltr'><strong><em>Patris.</em></strong></span> <span class='ocrx_word' id='word_1_680' title='bbox 3233 4131 3251 4164; x_wconf 76' lang='grc' dir='ltr'><strong><em>ι</em></strong></span> <span class='ocrx_word' id='word_1_681' title='bbox 3309 4111 3468 4168; x_wconf 89' lang='lat' dir='ltr'><strong><em>Sicut</em></strong></span> 
     </span>
    </p>
   </div>
   <div class='ocr_carea' id='block_1_84' title="bbox 1847 4197 3471 4270">
    <p class='ocr_par' dir='ltr' id='par_1_84' title="bbox 1847 4197 3471 4270">
     <span class='ocr_line' id='line_1_84' title="bbox 1847 4197 3471 4270; baseline 0.005 -18"><span class='ocrx_word' id='word_1_682' title='bbox 1847 4208 1901 4252; x_wconf 89' lang='lat' dir='ltr'><strong><em>et</em></strong></span> <span class='ocrx_word' id='word_1_683' title='bbox 1956 4197 2010 4253; x_wconf 92' lang='lat' dir='ltr'><strong><em>iu</em></strong></span> <span class='ocrx_word' id='word_1_684' title='bbox 2075 4200 2459 4270; x_wconf 85' lang='lat' dir='ltr'><strong><em>superioribus</em></strong></span> <span class='ocrx_word' id='word_1_685' title='bbox 2515 4201 2722 4257; x_wconf 89' lang='lat' dir='ltr'><strong><em>dictmn</em></strong></span> <span class='ocrx_word' id='word_1_686' title='bbox 2787 4215 2894 4269; x_wconf 90' lang='lat' dir='ltr'><strong><em>cst,</em></strong></span> <span class='ocrx_word' id='word_1_687' title='bbox 2941 4204 3130 4259; x_wconf 88' lang='lat' dir='ltr'><strong><em>eadem</em></strong></span> <span class='ocrx_word' id='word_1_688' title='bbox 3195 4204 3375 4262; x_wconf 84' lang='lat' dir='ltr'><strong><em>Patris</em></strong></span> <span class='ocrx_word' id='word_1_689' title='bbox 3414 4217 3471 4262; x_wconf 90' lang='lat' dir='ltr'><strong><em>et</em></strong></span> 
     </span>
    </p>
   </div>
   <div class='ocr_carea' id='block_1_85' title="bbox 1850 4290 3467 4370">
    <p class='ocr_par' dir='ltr' id='par_1_85' title="bbox 1850 4290 3467 4370">
     <span class='ocr_line' id='line_1_85' title="bbox 1850 4290 3467 4370; baseline 0.004 -24"><span class='ocrx_word' id='word_1_690' title='bbox 1850 4290 1970 4347; x_wconf 87' lang='lat' dir='ltr'><strong><em>Filii</em></strong></span> <span class='ocrx_word' id='word_1_691' title='bbox 1997 4304 2246 4364; x_wconf 89' lang='lat' dir='ltr'><strong><em>potestas</em></strong></span> <span class='ocrx_word' id='word_1_692' title='bbox 2274 4295 2588 4351; x_wconf 88' lang='lat' dir='ltr'><strong><em>ostenditur</em></strong></span> <span class='ocrx_word' id='word_1_693' title='bbox 2618 4298 2771 4353; x_wconf 90' lang='lat' dir='ltr'><strong><em>hisce</em></strong></span> <span class='ocrx_word' id='word_1_694' title='bbox 2792 4297 3000 4364; x_wconf 80' lang='lat' dir='ltr'><strong><em>verbis,</em></strong></span> <span class='ocrx_word' id='word_1_695' title='bbox 3038 4317 3058 4351; x_wconf 79' lang='grc' dir='ltr'><strong><em>ι</em></strong></span> <span class='ocrx_word' id='word_1_696' title='bbox 3093 4297 3212 4354; x_wconf 76' lang='lat' dir='ltr'><strong><em>Non</em></strong></span> <span class='ocrx_word' id='word_1_697' title='bbox 3245 4315 3467 4370; x_wconf 76' lang='lat' dir='ltr'><strong><em>possunt</em></strong></span> 
     </span>
    </p>
   </div>
   <div class='ocr_carea' id='block_1_86' title="bbox 1849 4385 3469 4461">
    <p class='ocr_par' dir='ltr' id='par_1_86' title="bbox 1849 4385 3469 4461">
     <span class='ocr_line' id='line_1_86' title="bbox 1849 4385 3469 4461; baseline 0.003 -21"><span class='ocrx_word' id='word_1_698' title='bbox 1849 4400 1951 4454; x_wconf 78' lang='lat' dir='ltr'><strong><em>ego</em></strong></span> <span class='ocrx_word' id='word_1_699' title='bbox 1993 4385 2175 4441; x_wconf 80' lang='lat' dir='ltr'><strong><em>facere</em></strong></span> <span class='ocrx_word' id='word_1_700' title='bbox 2222 4401 2287 4441; x_wconf 81' lang='lat' dir='ltr'><strong><em>ex</em></strong></span> <span class='ocrx_word' id='word_1_701' title='bbox 2343 4388 2554 4456; x_wconf 89' lang='lat' dir='ltr'><strong><em>meipso</em></strong></span> <span class='ocrx_word' id='word_1_702' title='bbox 2597 4388 2941 4460; x_wconf 84' lang='lat' dir='ltr'><strong><em>quidquam:</em></strong></span> <span class='ocrx_word' id='word_1_703' title='bbox 2986 4409 3004 4443; x_wconf 83' lang='grc' dir='ltr'><strong><em>ι</em></strong></span> <span class='ocrx_word' id='word_1_704' title='bbox 3038 4398 3091 4445; x_wconf 91' lang='lat' dir='ltr'><strong><em>ct</em></strong></span> <span class='ocrx_word' id='word_1_705' title='bbox 3123 4407 3469 4461; x_wconf 67' lang='lat' dir='ltr'><strong><em>quaecunque</em></strong></span> 
     </span>
    </p>
   </div>
   <div class='ocr_carea' id='block_1_87' title="bbox 1849 4477 3468 4553">
    <p class='ocr_par' dir='ltr' id='par_1_87' title="bbox 1849 4477 3468 4553">
     <span class='ocr_line' id='line_1_87' title="bbox 1849 4477 3468 4553; baseline 0.002 -21"><span class='ocrx_word' id='word_1_706' title='bbox 1849 4477 2016 4549; x_wconf 88' lang='lat' dir='ltr'><strong><em>hujus</em></strong></span> <span class='ocrx_word' id='word_1_707' title='bbox 2040 4479 2263 4549; x_wconf 81' lang='lat' dir='ltr'><strong><em>generis</em></strong></span> <span class='ocrx_word' id='word_1_708' title='bbox 2306 4488 2455 4535; x_wconf 87' lang='lat' dir='ltr'><strong><em>sunt.</em></strong></span> <span class='ocrx_word' id='word_1_709' title='bbox 2491 4480 2638 4536; x_wconf 69' lang='lat' dir='ltr'><strong><em>Nihil</em></strong></span> <span class='ocrx_word' id='word_1_710' title='bbox 2670 4482 2819 4537; x_wconf 91' lang='lat' dir='ltr'><strong><em>enim</em></strong></span> <span class='ocrx_word' id='word_1_711' title='bbox 2858 4483 3097 4537; x_wconf 87' lang='lat' dir='ltr'><strong><em>alienum</em></strong></span> <span class='ocrx_word' id='word_1_712' title='bbox 3131 4493 3180 4537; x_wconf 90' lang='lat' dir='ltr'><strong><em>et</em></strong></span> <span class='ocrx_word' id='word_1_713' title='bbox 3218 4484 3468 4553; x_wconf 82' lang='lat' dir='ltr'><strong><em>peregri-</em></strong></span> 
     </span>
    </p>
   </div>
   <div class='ocr_carea' id='block_1_88' title="bbox 129 4541 1752 4644">
    <p class='ocr_par' dir='ltr' id='par_1_88' title="bbox 129 4541 1745 4636">
     <span class='ocr_line' id='line_1_88' title="bbox 129 4541 1745 4636; baseline 0.017 -43"><span class='ocrx_word' id='word_1_714' title='bbox 129 4541 369 4616; x_wconf 83' lang='grc' dir='ltr'>δύναμαι</span> <span class='ocrx_word' id='word_1_715' title='bbox 410 4547 522 4616; x_wconf 74' lang='grc' dir='ltr'><strong><em>ἐγὼ</em></strong></span> <span class='ocrx_word' id='word_1_716' title='bbox 565 4555 770 4607; x_wconf 84' lang='grc' dir='ltr'>ποιεῖν·</span> <span class='ocrx_word' id='word_1_717' title='bbox 808 4555 935 4610; x_wconf 79' lang='grc' dir='ltr'>οὔτε</span> <span class='ocrx_word' id='word_1_718' title='bbox 971 4559 1080 4628; x_wconf 76' lang='grc' dir='ltr'><strong><em>γὰρ</em></strong></span> <span class='ocrx_word' id='word_1_719' title='bbox 1118 4561 1332 4633; x_wconf 82' lang='grc' dir='ltr'>θέλημα</span> <span class='ocrx_word' id='word_1_720' title='bbox 1378 4564 1490 4636; x_wconf 81' lang='grc' dir='ltr'><strong><em>ἔχω</em></strong></span> <span class='ocrx_word' id='word_1_721' title='bbox 1531 4541 1745 4623; x_wconf 63' lang='grc' dir='ltr'>ἀλλοίόν</span> 
     </span>
    </p>
   </div>
   <div class='ocr_carea' id='block_1_89' title="bbox 1861 4541 3469 4644">
    <p class='ocr_par' dir='ltr' id='par_1_89' title="bbox 1861 4567 3469 4644">
     <span class='ocr_line' id='line_1_89' title="bbox 1861 4567 3469 4644; baseline 0.004 -22"><span class='ocrx_word' id='word_1_722' title='bbox 1861 4584 1983 4623; x_wconf 85' lang='lat' dir='ltr'><strong><em>num</em></strong></span> <span class='ocrx_word' id='word_1_723' title='bbox 2016 4585 2042 4622; x_wconf 89' lang='lat' dir='ltr'><strong><em>a</em></strong></span> <span class='ocrx_word' id='word_1_724' title='bbox 2069 4567 2232 4632; x_wconf 77' lang='lat' dir='ltr'><strong><em>Patre</em></strong></span> <span class='ocrx_word' id='word_1_725' title='bbox 2256 4583 2356 4641; x_wconf 87' lang='lat' dir='ltr'><strong><em>ego</em></strong></span> <span class='ocrx_word' id='word_1_726' title='bbox 2384 4586 2604 4642; x_wconf 87' lang='lat' dir='ltr'><strong><em>possum</em></strong></span> <span class='ocrx_word' id='word_1_727' title='bbox 2631 4571 2815 4628; x_wconf 89' lang='lat' dir='ltr'><strong><em>facere</em></strong></span> <span class='ocrx_word' id='word_1_728' title='bbox 2843 4592 2858 4641; x_wconf 90' lang='lat'><strong><em>;</em></strong></span> <span class='ocrx_word' id='word_1_729' title='bbox 2884 4589 3060 4644; x_wconf 88' lang='lat' dir='ltr'><strong><em>neque</em></strong></span> <span class='ocrx_word' id='word_1_730' title='bbox 3091 4574 3239 4628; x_wconf 86' lang='lat' dir='ltr'><strong><em>enim</em></strong></span> <span class='ocrx_word' id='word_1_731' title='bbox 3271 4573 3469 4630; x_wconf 82' lang='lat' dir='ltr'><strong><em>volun-</em></strong></span> 
     </span>
    </p>
   </div>
   <div class='ocr_carea' id='block_1_90' title="bbox 133 4630 1752 4739">
    <p class='ocr_par' dir='ltr' id='par_1_90' title="bbox 133 4630 1739 4725">
     <span class='ocr_line' id='line_1_90' title="bbox 133 4630 1739 4725; baseline 0.019 -37"><span class='ocrx_word' id='word_1_732' title='bbox 133 4639 284 4708; x_wconf 74' lang='grc' dir='ltr'>παρὰ</span> <span class='ocrx_word' id='word_1_733' title='bbox 316 4639 379 4693; x_wconf 90' lang='grc' dir='ltr'><strong><em>τὸ</em></strong></span> <span class='ocrx_word' id='word_1_734' title='bbox 422 4645 709 4713; x_wconf 81' lang='grc' dir='ltr'>πατρικὸν,</span> <span class='ocrx_word' id='word_1_735' title='bbox 746 4647 873 4704; x_wconf 78' lang='grc' dir='ltr'>οὔτε</span> <span class='ocrx_word' id='word_1_736' title='bbox 916 4651 1171 4725; x_wconf 79' lang='grc' dir='ltr'>δύναμιν.</span> <span class='ocrx_word' id='word_1_737' title='bbox 1210 4630 1510 4723; x_wconf 34' lang='grc' dir='ltr'>καθὼς-,δὲ</span> <span class='ocrx_word' id='word_1_738' title='bbox 1555 4662 1739 4718; x_wconf 80' lang='grc' dir='ltr'>ἀκούω</span> 
     </span>
    </p>
   </div>
   <div class='ocr_carea' id='block_1_91' title="bbox 1861 4630 3465 4739">
    <p class='ocr_par' dir='ltr' id='par_1_91' title="bbox 1861 4663 3465 4739">
     <span class='ocr_line' id='line_1_91' title="bbox 1861 4663 3465 4739; baseline 0.006 -23"><span class='ocrx_word' id='word_1_739' title='bbox 1861 4671 2020 4718; x_wconf 78' lang='lat' dir='ltr'><strong><em>tatem</em></strong></span> <span class='ocrx_word' id='word_1_740' title='bbox 2054 4663 2219 4718; x_wconf 83' lang='lat' dir='ltr'><strong><em>aliam</em></strong></span> <span class='ocrx_word' id='word_1_741' title='bbox 2251 4663 2430 4719; x_wconf 84' lang='lat' dir='ltr'><strong><em>habeo</em></strong></span> <span class='ocrx_word' id='word_1_742' title='bbox 2479 4675 2679 4735; x_wconf 72' lang='lat' dir='ltr'><strong><em>praeter</em></strong></span> <span class='ocrx_word' id='word_1_743' title='bbox 2722 4676 3033 4734; x_wconf 87' lang='lat' dir='ltr'><strong><em>paternam,</em></strong></span> <span class='ocrx_word' id='word_1_744' title='bbox 3081 4681 3264 4739; x_wconf 87' lang='lat' dir='ltr'><strong><em>neque</em></strong></span> <span class='ocrx_word' id='word_1_745' title='bbox 3300 4668 3465 4724; x_wconf 86' lang='lat' dir='ltr'><strong><em>aliam</em></strong></span> 
     </span>
    </p>
   </div>
   <div class='ocr_carea' id='block_1_92' title="bbox 129 4732 1737 4820">
    <p class='ocr_par' dir='ltr' id='par_1_92' title="bbox 129 4732 1737 4820">
     <span class='ocr_line' id='line_1_92' title="bbox 129 4732 1737 4820; baseline 0.018 -37"><span class='ocrx_word' id='word_1_746' title='bbox 129 4732 285 4802; x_wconf 74' lang='grc' dir='ltr'>παρὰ</span> <span class='ocrx_word' id='word_1_747' title='bbox 328 4733 421 4788; x_wconf 79' lang='grc' dir='ltr'>τοῦ</span> <span class='ocrx_word' id='word_1_748' title='bbox 471 4737 708 4808; x_wconf 81' lang='grc' dir='ltr'>Πατρὸς,</span> <span class='ocrx_word' id='word_1_749' title='bbox 755 4743 900 4798; x_wconf 73' lang='grc' dir='ltr'>οὕτω</span> <span class='ocrx_word' id='word_1_750' title='bbox 944 4747 1155 4818; x_wconf 90' lang='grc' dir='ltr'>κρίνω·</span> <span class='ocrx_word' id='word_1_751' title='bbox 1203 4752 1511 4820; x_wconf 82' lang='grc' dir='ltr'>τουτέστιν,</span> <span class='ocrx_word' id='word_1_752' title='bbox 1549 4756 1627 4819; x_wconf 86' lang='grc' dir='ltr'>ὼς</span> <span class='ocrx_word' id='word_1_753' title='bbox 1669 4757 1737 4812; x_wconf 85' lang='grc' dir='ltr'><strong><em>ἂν</em></strong></span> 
     </span>
    </p>
   </div>
   <div class='ocr_carea' id='block_1_93' title="bbox 128 4824 1735 4918">
    <p class='ocr_par' dir='ltr' id='par_1_93' title="bbox 128 4824 1735 4918">
     <span class='ocr_line' id='line_1_93' title="bbox 128 4824 1735 4918; baseline 0.017 -40"><span class='ocrx_word' id='word_1_754' title='bbox 128 4824 294 4918; x_wconf 80' lang='grc' dir='ltr'>αὐτὸς</span> <span class='ocrx_word' id='word_1_755' title='bbox 326 4828 354 4879; x_wconf 91' lang='lat'><strong><em>6</em></strong></span> <span class='ocrx_word' id='word_1_756' title='bbox 391 4829 582 4900; x_wconf 79' lang='grc' dir='ltr'>Πατὴρ</span> <span class='ocrx_word' id='word_1_757' title='bbox 617 4836 837 4903; x_wconf 83' lang='grc' dir='ltr'>κρίνει,</span> <span class='ocrx_word' id='word_1_758' title='bbox 872 4838 1018 4894; x_wconf 72' lang='grc' dir='ltr'>οὕτω</span> <span class='ocrx_word' id='word_1_759' title='bbox 1055 4843 1230 4912; x_wconf 80' lang='grc' dir='ltr'><strong><em>κάγώ.</em></strong></span> <span class='ocrx_word' id='word_1_760' title='bbox 1267 4846 1458 4902; x_wconf 75' lang='grc' dir='ltr'>Ταῦτα</span> <span class='ocrx_word' id='word_1_761' title='bbox 1492 4848 1548 4901; x_wconf 84' lang='grc' dir='ltr'>δὲ</span> <span class='ocrx_word' id='word_1_762' title='bbox 1585 4850 1735 4918; x_wconf 79' lang='grc' dir='ltr'>λέγει</span> 
     </span>
    </p>
   </div>
   <div class='ocr_carea' id='block_1_94' title="bbox 126 4917 1735 5014">
    <p class='ocr_par' dir='ltr' id='par_1_94' title="bbox 126 4917 1735 5014">
     <span class='ocr_line' id='line_1_94' title="bbox 126 4917 1735 5014; baseline 0.017 -42"><span class='ocrx_word' id='word_1_763' title='bbox 126 4917 218 4972; x_wconf 84' lang='grc' dir='ltr'>διὰ</span> <span class='ocrx_word' id='word_1_764' title='bbox 240 4919 302 4973; x_wconf 84' lang='grc' dir='ltr'><strong><em>τὸ</em></strong></span> <span class='ocrx_word' id='word_1_765' title='bbox 327 4920 522 4989; x_wconf 78' lang='grc' dir='ltr'>δεῖξαι,</span> <span class='ocrx_word' id='word_1_766' title='bbox 547 4926 623 4989; x_wconf 87' lang='grc' dir='ltr'>ὠς</span> <span class='ocrx_word' id='word_1_767' title='bbox 655 4929 919 4996; x_wconf 76' lang='grc' dir='ltr'>πολλάκις</span> <span class='ocrx_word' id='word_1_768' title='bbox 951 4934 1055 5007; x_wconf 74' lang='grc' dir='ltr'><strong><em>ἔφη</em></strong></span> <span class='ocrx_word' id='word_1_769' title='bbox 1066 4955 1187 5006; x_wconf 89' lang='grc' dir='ltr'>μεν,</span> <span class='ocrx_word' id='word_1_770' title='bbox 1214 4940 1275 4994; x_wconf 92' lang='grc' dir='ltr'><strong><em>τὸ</em></strong></span> <span class='ocrx_word' id='word_1_771' title='bbox 1301 4943 1735 5014; x_wconf 83' lang='grc' dir='ltr'>ἀπαράλλακτον</span> 
     </span>
    </p>
   </div>
   <div class='ocr_carea' id='block_1_95' title="bbox 126 5014 1732 5112">
    <p class='ocr_par' dir='ltr' id='par_1_95' title="bbox 126 5014 1732 5112">
     <span class='ocr_line' id='line_1_95' title="bbox 126 5014 1732 5112; baseline 0.018 -48"><span class='ocrx_word' id='word_1_772' title='bbox 126 5014 221 5066; x_wconf 70' lang='grc' dir='ltr'><strong><em>καὶ</em></strong></span> <span class='ocrx_word' id='word_1_773' title='bbox 252 5015 310 5067; x_wconf 79' lang='grc' dir='ltr'>ὲν</span> <span class='ocrx_word' id='word_1_774' title='bbox 336 5014 549 5085; x_wconf 75' lang='grc' dir='ltr'>ἔργοις,</span> <span class='ocrx_word' id='word_1_775' title='bbox 581 5019 676 5072; x_wconf 76' lang='grc' dir='ltr'><strong><em>καὶ</em></strong></span> <span class='ocrx_word' id='word_1_776' title='bbox 708 5021 909 5092; x_wconf 65' lang='grc' dir='ltr'>λόγοις,</span> <span class='ocrx_word' id='word_1_777' title='bbox 945 5027 1040 5079; x_wconf 66' lang='grc' dir='ltr'>καὶ</span> <span class='ocrx_word' id='word_1_778' title='bbox 1072 5030 1342 5098; x_wconf 82' lang='grc' dir='ltr'>κρίσεσιν.</span> <span class='ocrx_word' id='word_1_779' title='bbox 1365 5033 1483 5089; x_wconf 86' lang='grc' dir='ltr'>Ἵνα</span> <span class='ocrx_word' id='word_1_780' title='bbox 1516 5037 1622 5109; x_wconf 81' lang='grc' dir='ltr'>γὰρ</span> <span class='ocrx_word' id='word_1_781' title='bbox 1657 5040 1732 5112; x_wconf 87' lang='grc' dir='ltr'>μή</span> 
     </span>
    </p>
   </div>
   <div class='ocr_carea' id='block_1_96' title="bbox 123 5108 1728 5199">
    <p class='ocr_par' dir='ltr' id='par_1_96' title="bbox 123 5108 1728 5199">
     <span class='ocr_line' id='line_1_96' title="bbox 123 5108 1728 5199; baseline 0.017 -41"><span class='ocrx_word' id='word_1_782' title='bbox 123 5123 303 5171; x_wconf 80' lang='grc' dir='ltr'>τινες,</span> <span class='ocrx_word' id='word_1_783' title='bbox 354 5108 645 5181; x_wconf 82' lang='grc' dir='ltr'>ἄνθρωπον</span> <span class='ocrx_word' id='word_1_784' title='bbox 693 5114 935 5186; x_wconf 85' lang='grc' dir='ltr'>ὁρῶντες</span> <span class='ocrx_word' id='word_1_785' title='bbox 986 5121 1171 5190; x_wconf 82' lang='grc' dir='ltr'>αὐτὸν,</span> <span class='ocrx_word' id='word_1_786' title='bbox 1231 5127 1728 5199; x_wconf 79' lang='grc' dir='ltr'>σκανδαλίζωνται,</span> 
     </span>
    </p>
   </div>
   <div class='ocr_carea' id='block_1_97' title="bbox 125 5199 1732 5296">
    <p class='ocr_par' dir='ltr' id='par_1_97' title="bbox 125 5199 1732 5296">
     <span class='ocr_line' id='line_1_97' title="bbox 125 5199 1732 5296; baseline 0.017 -44"><span class='ocrx_word' id='word_1_787' title='bbox 125 5199 244 5264; x_wconf 83' lang='grc' dir='ltr'><strong><em>πῶς</em></strong></span> <span class='ocrx_word' id='word_1_788' title='bbox 287 5202 316 5254; x_wconf 93' lang='lat'><strong><em>6</em></strong></span> <span class='ocrx_word' id='word_1_789' title='bbox 361 5204 691 5274; x_wconf 74' lang='grc' dir='ltr'>φαινόμενος</span> <span class='ocrx_word' id='word_1_790' title='bbox 737 5209 1030 5281; x_wconf 75' lang='grc' dir='ltr'>ἄνθρωπος</span> <span class='ocrx_word' id='word_1_791' title='bbox 1076 5215 1298 5273; x_wconf 85' lang='grc' dir='ltr'>δικαίαν</span> <span class='ocrx_word' id='word_1_792' title='bbox 1345 5222 1530 5292; x_wconf 87' lang='grc' dir='ltr'>κρίσιν</span> <span class='ocrx_word' id='word_1_793' title='bbox 1573 5227 1732 5296; x_wconf 85' lang='grc' dir='ltr'>ποιή-</span> 
     </span>
    </p>
   </div>
   <div class='ocr_carea' id='block_1_98' title="bbox 125 5296 1729 5387">
    <p class='ocr_par' dir='ltr' id='par_1_98' title="bbox 125 5296 1729 5387">
     <span class='ocr_line' id='line_1_98' title="bbox 125 5296 1729 5387; baseline 0.018 -43"><span class='ocrx_word' id='word_1_794' title='bbox 125 5308 303 5359; x_wconf 85' lang='grc' dir='ltr'>σειεν,</span> <span class='ocrx_word' id='word_1_795' title='bbox 344 5296 438 5350; x_wconf 72' lang='grc' dir='ltr'>τοῦ</span> <span class='ocrx_word' id='word_1_796' title='bbox 481 5300 647 5353; x_wconf 73' lang='grc' dir='ltr'>Δαυῒδ</span> <span class='ocrx_word' id='word_1_797' title='bbox 692 5305 974 5372; x_wconf 72' lang='grc' dir='ltr'>εἰπόντος,</span> <span class='ocrx_word' id='word_1_798' title='bbox 1028 5326 1044 5358; x_wconf 85' lang='grc' dir='ltr'><strong><em>ι</em></strong></span> <span class='ocrx_word' id='word_1_799' title='bbox 1101 5311 1216 5372; x_wconf 79' lang='grc' dir='ltr'><strong><em>Πᾶς</em></strong></span> <span class='ocrx_word' id='word_1_800' title='bbox 1264 5313 1553 5385; x_wconf 78' lang='grc' dir='ltr'>ἄνθρωπος</span> <span class='ocrx_word' id='word_1_801' title='bbox 1596 5319 1729 5387; x_wconf 69' lang='grc' dir='ltr'>ψεύ-</span> 
     </span>
    </p>
   </div>
   <div class='ocr_carea' id='block_1_99' title="bbox 125 5389 1730 5477">
    <p class='ocr_par' dir='ltr' id='par_1_99' title="bbox 125 5389 1730 5477">
     <span class='ocr_line' id='line_1_99' title="bbox 125 5389 1730 5477; baseline 0.018 -40"><span class='ocrx_word' id='word_1_802' title='bbox 125 5402 258 5477; x_wconf 75' lang='grc' dir='ltr'>στης</span> <span class='ocrx_word' id='word_1_803' title='bbox 283 5404 296 5419; x_wconf 81' lang='grc' dir='ltr'><strong><em>ο</em></strong></span> <span class='ocrx_word' id='word_1_804' title='bbox 336 5408 354 5440; x_wconf 82' lang='grc' dir='ltr'><strong><em>ι</em></strong></span> <span class='ocrx_word' id='word_1_805' title='bbox 392 5389 596 5458; x_wconf 69' lang='grc' dir='ltr'>ἔφθασε</span> <span class='ocrx_word' id='word_1_806' title='bbox 633 5395 732 5465; x_wconf 81' lang='grc' dir='ltr'><strong><em>μὲν</em></strong></span> <span class='ocrx_word' id='word_1_807' title='bbox 761 5398 952 5464; x_wconf 76' lang='grc' dir='ltr'>εἰπὼν,</span> <span class='ocrx_word' id='word_1_808' title='bbox 986 5401 1068 5454; x_wconf 80' lang='grc' dir='ltr'><strong><em>ὅτι</em></strong></span> <span class='ocrx_word' id='word_1_809' title='bbox 1101 5403 1193 5475; x_wconf 81' lang='grc' dir='ltr'><strong><em>Μὴ</em></strong></span> <span class='ocrx_word' id='word_1_810' title='bbox 1227 5406 1566 5477; x_wconf 77' lang='grc' dir='ltr'>θαυμάζετε,</span> <span class='ocrx_word' id='word_1_811' title='bbox 1594 5413 1730 5468; x_wconf 73' lang='grc' dir='ltr'>διότι</span> 
     </span>
    </p>
   </div>
   <div class='ocr_carea' id='block_1_100' title="bbox 128 5475 1728 5577">
    <p class='ocr_par' dir='ltr' id='par_1_100' title="bbox 128 5475 1728 5577">
     <span class='ocr_line' id='line_1_100' title="bbox 128 5475 1728 5577; baseline 0.019 -48"><span class='ocrx_word' id='word_1_812' title='bbox 128 5475 253 5577; x_wconf 78' lang='grc' dir='ltr'>Υἱὸς</span> <span class='ocrx_word' id='word_1_813' title='bbox 282 5479 572 5550; x_wconf 76' lang='grc' dir='ltr'>ἀνθρώπου</span> <span class='ocrx_word' id='word_1_814' title='bbox 607 5486 723 5555; x_wconf 79' lang='grc' dir='ltr'>εἰμί</span> <span class='ocrx_word' id='word_1_815' title='bbox 754 5503 766 5516; x_wconf 74' lang='grc'><strong>⁸</strong></span> <span class='ocrx_word' id='word_1_816' title='bbox 801 5488 951 5558; x_wconf 81' lang='grc' dir='ltr'>λέγει</span> <span class='ocrx_word' id='word_1_817' title='bbox 982 5492 1038 5545; x_wconf 82' lang='grc' dir='ltr'>δὲ</span> <span class='ocrx_word' id='word_1_818' title='bbox 1075 5496 1171 5548; x_wconf 64' lang='grc' dir='ltr'><strong><em>κα)⁵</em></strong></span> <span class='ocrx_word' id='word_1_819' title='bbox 1201 5497 1317 5562; x_wconf 80' lang='grc' dir='ltr'>νῦν,</span> <span class='ocrx_word' id='word_1_820' title='bbox 1341 5475 1435 5554; x_wconf 13' lang='grc' dir='ltr'><strong><em>γὸτι</em></strong></span> <span class='ocrx_word' id='word_1_821' title='bbox 1467 5475 1664 5556; x_wconf 68' lang='grc' dir='ltr'>Δικαία</span> <span class='ocrx_word' id='word_1_822' title='bbox 1695 5506 1728 5577; x_wconf 77' lang='grc' dir='ltr'><strong>ἡ</strong></span> 
     </span>
    </p>
   </div>
   <div class='ocr_carea' id='block_1_101' title="bbox 125 5569 1731 5667">
    <p class='ocr_par' dir='ltr' id='par_1_101' title="bbox 125 5569 1731 5667">
     <span class='ocr_line' id='line_1_101' title="bbox 125 5569 1731 5667; baseline 0.017 -43"><span class='ocrx_word' id='word_1_823' title='bbox 125 5569 308 5639; x_wconf 79' lang='grc' dir='ltr'>κρίσις</span> <span class='ocrx_word' id='word_1_824' title='bbox 339 5573 440 5642; x_wconf 85' lang='grc' dir='ltr'><strong><em>μού</em></strong></span> <span class='ocrx_word' id='word_1_825' title='bbox 474 5578 623 5640; x_wconf 80' lang='grc' dir='ltr'>ἐστι,</span> <span class='ocrx_word' id='word_1_826' title='bbox 657 5579 794 5633; x_wconf 88' lang='grc' dir='ltr'>καθὸ</span> <span class='ocrx_word' id='word_1_827' title='bbox 827 5585 1032 5655; x_wconf 82' lang='grc' dir='ltr'>κρίνω,</span> <span class='ocrx_word' id='word_1_828' title='bbox 1062 5587 1139 5652; x_wconf 83' lang='grc' dir='ltr'>ὡς</span> <span class='ocrx_word' id='word_1_829' title='bbox 1168 5591 1356 5646; x_wconf 85' lang='grc' dir='ltr'>ἀκούω</span> <span class='ocrx_word' id='word_1_830' title='bbox 1383 5593 1477 5647; x_wconf 84' lang='grc' dir='ltr'>τοῦ</span> <span class='ocrx_word' id='word_1_831' title='bbox 1514 5569 1731 5667; x_wconf 75' lang='grc' dir='ltr'>Πατρός</span> 
     </span>
    </p>
   </div>
   <div class='ocr_carea' id='block_1_102' title="bbox 127 5667 1727 5758">
    <p class='ocr_par' dir='ltr' id='par_1_102' title="bbox 127 5667 1727 5758">
     <span class='ocr_line' id='line_1_102' title="bbox 127 5667 1727 5758; baseline 0.019 -44"><span class='ocrx_word' id='word_1_832' title='bbox 127 5680 228 5758; x_wconf 64' lang='grc' dir='ltr'><strong><em>μου</em></strong></span> <span class='ocrx_word' id='word_1_833' title='bbox 265 5667 564 5758; x_wconf 80' lang='grc' dir='ltr'>κρίνοντος.</span> <span class='ocrx_word' id='word_1_834' title='bbox 599 5672 692 5743; x_wconf 81' lang='grc' dir='ltr'><strong><em>Μὴ</em></strong></span> <span class='ocrx_word' id='word_1_835' title='bbox 728 5676 836 5744; x_wconf 81' lang='grc' dir='ltr'>γὰρ</span> <span class='ocrx_word' id='word_1_836' title='bbox 867 5678 928 5731; x_wconf 89' lang='grc' dir='ltr'><strong><em>τὸ</em></strong></span> <span class='ocrx_word' id='word_1_837' title='bbox 964 5679 1097 5749; x_wconf 79' lang='grc' dir='ltr'>ἐμὸν</span> <span class='ocrx_word' id='word_1_838' title='bbox 1129 5682 1345 5755; x_wconf 80' lang='grc' dir='ltr'>θέλημα</span> <span class='ocrx_word' id='word_1_839' title='bbox 1383 5687 1552 5758; x_wconf 81' lang='grc' dir='ltr'>ζητῶ,</span> <span class='ocrx_word' id='word_1_840' title='bbox 1588 5690 1727 5745; x_wconf 82' lang='grc' dir='ltr'>ἀλλὰ</span> 
     </span>
    </p>
   </div>
   <div class='ocr_carea' id='block_1_103' title="bbox 131 5756 1721 5854">
    <p class='ocr_par' dir='ltr' id='par_1_103' title="bbox 131 5756 1721 5854">
     <span class='ocr_line' id='line_1_103' title="bbox 131 5756 1721 5854; baseline 0.018 -46"><span class='ocrx_word' id='word_1_841' title='bbox 131 5756 180 5808; x_wconf 75' lang='grc' dir='ltr'>;ὸ</span> <span class='ocrx_word' id='word_1_842' title='bbox 209 5756 300 5811; x_wconf 81' lang='grc' dir='ltr'>τοῦ</span> <span class='ocrx_word' id='word_1_843' title='bbox 335 5761 569 5830; x_wconf 79' lang='grc' dir='ltr'>Πατρός.</span> <span class='ocrx_word' id='word_1_844' title='bbox 600 5764 662 5819; x_wconf 89' lang='lat'><strong><em>&#39;0</em></strong></span> <span class='ocrx_word' id='word_1_845' title='bbox 691 5767 791 5836; x_wconf 76' lang='grc' dir='ltr'><strong><em>μὲν</em></strong></span> <span class='ocrx_word' id='word_1_846' title='bbox 818 5768 990 5827; x_wconf 84' lang='grc' dir='ltr'>θέλων</span> <span class='ocrx_word' id='word_1_847' title='bbox 1014 5775 1074 5830; x_wconf 87' lang='grc' dir='ltr'><strong><em>τὸ</em></strong></span> <span class='ocrx_word' id='word_1_848' title='bbox 1106 5776 1305 5833; x_wconf 81' lang='grc' dir='ltr'>ἑαυτοῦ</span> <span class='ocrx_word' id='word_1_849' title='bbox 1338 5780 1588 5854; x_wconf 69' lang='grc' dir='ltr'>βούλημα</span> <span class='ocrx_word' id='word_1_850' title='bbox 1623 5801 1721 5838; x_wconf 79' lang='grc' dir='ltr'>κυ-</span> 
     </span>
    </p>
   </div>
   <div class='ocr_carea' id='block_1_104' title="bbox 192 5940 769 6012">
    <p class='ocr_par' dir='ltr' id='par_1_104' title="bbox 192 5940 769 6012">
     <span class='ocr_line' id='line_1_104' title="bbox 192 5940 769 6012; baseline 0.016 -18"><span class='ocrx_word' id='word_1_851' title='bbox 192 5940 434 5998; x_wconf 69' lang='lat' dir='ltr'><strong><em>“&#39;l’sal.</em></strong></span> <span class='ocrx_word' id='word_1_852' title='bbox 495 5961 619 6012; x_wconf 63' lang='grc' dir='ltr'>(λιιι,</span> <span class='ocrx_word' id='word_1_853' title='bbox 684 5948 769 6005; x_wconf 83' lang='lat' dir='ltr'><strong><em>ll.</em></strong></span> 
     </span>
    </p>
   </div>
   <div class='ocr_carea' id='block_1_105' title="bbox 1851 4757 3464 4833">
    <p class='ocr_par' dir='ltr' id='par_1_105' title="bbox 1851 4757 3464 4833">
     <span class='ocr_line' id='line_1_105' title="bbox 1851 4757 3464 4833; baseline 0.005 -22"><span class='ocrx_word' id='word_1_854' title='bbox 1851 4765 2207 4828; x_wconf 87' lang='lat' dir='ltr'><strong><em>potestatem.</em></strong></span> <span class='ocrx_word' id='word_1_855' title='bbox 2232 4757 2438 4814; x_wconf 82' lang='lat' dir='ltr'><strong><em>Verum</em></strong></span> <span class='ocrx_word' id='word_1_856' title='bbox 2471 4760 2617 4816; x_wconf 87' lang='lat' dir='ltr'><strong><em>sicut</em></strong></span> <span class='ocrx_word' id='word_1_857' title='bbox 2651 4760 2818 4816; x_wconf 86' lang='lat' dir='ltr'><strong><em>audio</em></strong></span> <span class='ocrx_word' id='word_1_858' title='bbox 2847 4776 2877 4816; x_wconf 89' lang='lat' dir='ltr'><strong><em>a</em></strong></span> <span class='ocrx_word' id='word_1_859' title='bbox 2906 4760 3091 4830; x_wconf 78' lang='lat' dir='ltr'><strong><em>Patre,</em></strong></span> <span class='ocrx_word' id='word_1_860' title='bbox 3129 4763 3202 4818; x_wconf 85' lang='lat' dir='ltr'><strong><em>ita</em></strong></span> <span class='ocrx_word' id='word_1_861' title='bbox 3235 4764 3464 4833; x_wconf 84' lang='lat' dir='ltr'><strong><em>judico:</em></strong></span> 
     </span>
    </p>
   </div>
   <div class='ocr_carea' id='block_1_106' title="bbox 1851 4851 3465 4928">
    <p class='ocr_par' dir='ltr' id='par_1_106' title="bbox 1851 4851 3465 4928">
     <span class='ocr_line' id='line_1_106' title="bbox 1851 4851 3465 4928; baseline 0.006 -22"><span class='ocrx_word' id='word_1_862' title='bbox 1851 4851 1956 4907; x_wconf 89' lang='lat' dir='ltr'><strong><em>hoc</em></strong></span> <span class='ocrx_word' id='word_1_863' title='bbox 1988 4861 2093 4916; x_wconf 90' lang='lat' dir='ltr'><strong><em>est,</em></strong></span> <span class='ocrx_word' id='word_1_864' title='bbox 2127 4852 2270 4907; x_wconf 89' lang='lat' dir='ltr'><strong><em>sicut</em></strong></span> <span class='ocrx_word' id='word_1_865' title='bbox 2321 4853 2438 4923; x_wconf 83' lang='lat' dir='ltr'><strong><em>ipse</em></strong></span> <span class='ocrx_word' id='word_1_866' title='bbox 2478 4853 2641 4910; x_wconf 87' lang='lat' dir='ltr'><strong><em>Pater</em></strong></span> <span class='ocrx_word' id='word_1_867' title='bbox 2679 4855 2913 4926; x_wconf 87' lang='lat' dir='ltr'><strong><em>judicat,</em></strong></span> <span class='ocrx_word' id='word_1_868' title='bbox 2971 4856 3047 4911; x_wconf 89' lang='lat' dir='ltr'><strong><em>ita</em></strong></span> <span class='ocrx_word' id='word_1_869' title='bbox 3091 4868 3146 4911; x_wconf 88' lang='lat' dir='ltr'><strong><em>et</em></strong></span> <span class='ocrx_word' id='word_1_870' title='bbox 3178 4872 3302 4928; x_wconf 82' lang='lat' dir='ltr'><strong><em>ego.</em></strong></span> <span class='ocrx_word' id='word_1_871' title='bbox 3338 4857 3465 4915; x_wconf 77' lang='lat' dir='ltr'><strong><em>llaec</em></strong></span> 
     </span>
    </p>
   </div>
   <div class='ocr_carea' id='block_1_107' title="bbox 1851 4946 3462 5020">
    <p class='ocr_par' dir='ltr' id='par_1_107' title="bbox 1851 4946 3462 5020">
     <span class='ocr_line' id='line_1_107' title="bbox 1851 4946 3462 5020; baseline 0.006 -24"><span class='ocrx_word' id='word_1_872' title='bbox 1851 4954 2035 4998; x_wconf 89' lang='lat' dir='ltr'><strong><em>autem</em></strong></span> <span class='ocrx_word' id='word_1_873' title='bbox 2071 4946 2208 5000; x_wconf 91' lang='lat' dir='ltr'><strong><em>dicit</em></strong></span> <span class='ocrx_word' id='word_1_874' title='bbox 2258 4956 2319 5002; x_wconf 91' lang='lat' dir='ltr'><strong><em>ut</em></strong></span> <span class='ocrx_word' id='word_1_875' title='bbox 2373 4948 2667 5015; x_wconf 90' lang='lat' dir='ltr'><strong><em>ostendat,</em></strong></span> <span class='ocrx_word' id='word_1_876' title='bbox 2709 4949 2852 5004; x_wconf 83' lang='lat' dir='ltr'><strong><em>sicut</em></strong></span> <span class='ocrx_word' id='word_1_877' title='bbox 2908 4965 3054 5020; x_wconf 53' lang='lat' dir='ltr'><strong><em>sa‘pe</em></strong></span> <span class='ocrx_word' id='word_1_878' title='bbox 3094 4951 3355 5017; x_wconf 78' lang='lat' dir='ltr'><strong><em>diximus,</em></strong></span> <span class='ocrx_word' id='word_1_879' title='bbox 3411 4951 3462 5006; x_wconf 90' lang='lat' dir='ltr'><strong><em>in</em></strong></span> 
     </span>
    </p>
   </div>
   <div class='ocr_carea' id='block_1_108' title="bbox 1851 5039 3462 5114">
    <p class='ocr_par' dir='ltr' id='par_1_108' title="bbox 1851 5039 3462 5114">
     <span class='ocr_line' id='line_1_108' title="bbox 1851 5039 3462 5114; baseline 0.006 -22"><span class='ocrx_word' id='word_1_880' title='bbox 1851 5039 2000 5094; x_wconf 88' lang='lat' dir='ltr'><strong><em>nullo</em></strong></span> <span class='ocrx_word' id='word_1_881' title='bbox 2027 5039 2130 5094; x_wconf 87' lang='lat' dir='ltr'><strong><em>sibi</em></strong></span> <span class='ocrx_word' id='word_1_882' title='bbox 2171 5041 2364 5097; x_wconf 90' lang='lat' dir='ltr'><strong><em>deesse</em></strong></span> <span class='ocrx_word' id='word_1_883' title='bbox 2391 5042 2601 5114; x_wconf 89' lang='lat' dir='ltr'><strong><em>aliquid</em></strong></span> <span class='ocrx_word' id='word_1_884' title='bbox 2634 5059 2662 5096; x_wconf 92' lang='lat' dir='ltr'><strong><em>a</em></strong></span> <span class='ocrx_word' id='word_1_885' title='bbox 2695 5042 2885 5111; x_wconf 87' lang='lat' dir='ltr'><strong><em>Patre,</em></strong></span> <span class='ocrx_word' id='word_1_886' title='bbox 2920 5046 3037 5101; x_wconf 86' lang='lat' dir='ltr'><strong><em>sive</em></strong></span> <span class='ocrx_word' id='word_1_887' title='bbox 3088 5045 3140 5100; x_wconf 90' lang='lat' dir='ltr'><strong><em>in</em></strong></span> <span class='ocrx_word' id='word_1_888' title='bbox 3189 5047 3462 5102; x_wconf 85' lang='lat' dir='ltr'><strong><em>sermoni-</em></strong></span> 
     </span>
    </p>
   </div>
   <div class='ocr_carea' id='block_1_109' title="bbox 1848 5131 3461 5209">
    <p class='ocr_par' dir='ltr' id='par_1_109' title="bbox 1848 5131 3461 5209">
     <span class='ocr_line' id='line_1_109' title="bbox 1848 5131 3461 5209; baseline 0.005 -23"><span class='ocrx_word' id='word_1_889' title='bbox 1848 5131 1971 5197; x_wconf 86' lang='lat' dir='ltr'><strong><em>bus,</em></strong></span> <span class='ocrx_word' id='word_1_890' title='bbox 2007 5133 2125 5188; x_wconf 84' lang='lat' dir='ltr'><strong><em>sive</em></strong></span> <span class='ocrx_word' id='word_1_891' title='bbox 2156 5134 2207 5188; x_wconf 91' lang='lat' dir='ltr'><strong><em>in</em></strong></span> <span class='ocrx_word' id='word_1_892' title='bbox 2249 5136 2532 5204; x_wconf 90' lang='lat' dir='ltr'><strong><em>operibus,</em></strong></span> <span class='ocrx_word' id='word_1_893' title='bbox 2575 5137 2692 5192; x_wconf 88' lang='lat' dir='ltr'><strong><em>sive</em></strong></span> <span class='ocrx_word' id='word_1_894' title='bbox 2726 5137 2777 5193; x_wconf 93' lang='lat' dir='ltr'><strong><em>in</em></strong></span> <span class='ocrx_word' id='word_1_895' title='bbox 2817 5138 3066 5209; x_wconf 82' lang='lat' dir='ltr'><strong><em>judiciis.</em></strong></span> <span class='ocrx_word' id='word_1_896' title='bbox 3103 5139 3246 5194; x_wconf 89' lang='lat' dir='ltr'><strong><em>Nam</em></strong></span> <span class='ocrx_word' id='word_1_897' title='bbox 3288 5149 3347 5194; x_wconf 92' lang='lat' dir='ltr'><strong><em>ut</em></strong></span> <span class='ocrx_word' id='word_1_898' title='bbox 3394 5155 3461 5194; x_wconf 84' lang='lat' dir='ltr'><strong><em>ne</em></strong></span> 
     </span>
    </p>
   </div>
   <div class='ocr_carea' id='block_1_110' title="bbox 1846 5227 3463 5305">
    <p class='ocr_par' dir='ltr' id='par_1_110' title="bbox 1846 5227 3463 5305">
     <span class='ocr_line' id='line_1_110' title="bbox 1846 5227 3463 5305; baseline 0.004 -24"><span class='ocrx_word' id='word_1_899' title='bbox 1846 5227 2071 5295; x_wconf 89' lang='lat' dir='ltr'><strong><em>quidam</em></strong></span> <span class='ocrx_word' id='word_1_900' title='bbox 2098 5228 2377 5284; x_wconf 88' lang='lat' dir='ltr'><strong><em>hominem</em></strong></span> <span class='ocrx_word' id='word_1_901' title='bbox 2415 5229 2669 5287; x_wconf 84' lang='lat' dir='ltr'><strong><em>videntes</em></strong></span> <span class='ocrx_word' id='word_1_902' title='bbox 2699 5248 2824 5287; x_wconf 90' lang='lat' dir='ltr'><strong><em>eum</em></strong></span> <span class='ocrx_word' id='word_1_903' title='bbox 2856 5233 3290 5299; x_wconf 83' lang='lat' dir='ltr'><strong><em>oiienderentur,</em></strong></span> <span class='ocrx_word' id='word_1_904' title='bbox 3325 5250 3463 5305; x_wconf 84' lang='lat' dir='ltr'><strong><em>quo-</em></strong></span> 
     </span>
    </p>
   </div>
   <div class='ocr_carea' id='block_1_111' title="bbox 1847 5321 3458 5397">
    <p class='ocr_par' dir='ltr' id='par_1_111' title="bbox 1847 5321 3458 5397">
     <span class='ocr_line' id='line_1_111' title="bbox 1847 5321 3458 5397; baseline 0.003 -22"><span class='ocrx_word' id='word_1_905' title='bbox 1847 5321 2010 5376; x_wconf 92' lang='lat' dir='ltr'><strong><em>modo</em></strong></span> <span class='ocrx_word' id='word_1_906' title='bbox 2044 5337 2169 5376; x_wconf 93' lang='lat' dir='ltr'><strong><em>cum</em></strong></span> <span class='ocrx_word' id='word_1_907' title='bbox 2198 5335 2461 5394; x_wconf 84' lang='lat' dir='ltr'><strong><em>appareat</em></strong></span> <span class='ocrx_word' id='word_1_908' title='bbox 2495 5325 2681 5390; x_wconf 91' lang='lat' dir='ltr'><strong><em>homo,</em></strong></span> <span class='ocrx_word' id='word_1_909' title='bbox 2725 5323 2936 5395; x_wconf 88' lang='lat' dir='ltr'><strong><em>justmn</em></strong></span> <span class='ocrx_word' id='word_1_910' title='bbox 2970 5326 3138 5382; x_wconf 83' lang='lat' dir='ltr'><strong><em>faciat</em></strong></span> <span class='ocrx_word' id='word_1_911' title='bbox 3167 5327 3458 5397; x_wconf 86' lang='lat' dir='ltr'><strong><em>judicium,</em></strong></span> 
     </span>
    </p>
   </div>
   <div class='ocr_carea' id='block_1_112' title="bbox 1842 5415 3450 5488">
    <p class='ocr_par' dir='ltr' id='par_1_112' title="bbox 1842 5415 3450 5488">
     <span class='ocr_line' id='line_1_112' title="bbox 1842 5415 3450 5488; baseline 0.002 -20"><span class='ocrx_word' id='word_1_912' title='bbox 1842 5429 1965 5469; x_wconf 91' lang='lat' dir='ltr'><strong><em>cum</em></strong></span> <span class='ocrx_word' id='word_1_913' title='bbox 2027 5415 2196 5472; x_wconf 89' lang='lat' dir='ltr'><strong><em>David</em></strong></span> <span class='ocrx_word' id='word_1_914' title='bbox 2245 5419 2430 5473; x_wconf 85' lang='lat' dir='ltr'><strong><em>dicat:</em></strong></span> <span class='ocrx_word' id='word_1_915' title='bbox 2470 5438 2488 5470; x_wconf 83' lang='grc' dir='ltr'><strong><em>ι</em></strong></span> <span class='ocrx_word' id='word_1_916' title='bbox 2529 5420 2723 5475; x_wconf 90' lang='lat' dir='ltr'><strong><em>Omnis</em></strong></span> <span class='ocrx_word' id='word_1_917' title='bbox 2781 5420 2946 5475; x_wconf 90' lang='lat' dir='ltr'><strong><em>homo</em></strong></span> <span class='ocrx_word' id='word_1_918' title='bbox 2999 5422 3235 5477; x_wconf 78' lang='lat' dir='ltr'><strong><em>mendax</em></strong></span> <span class='ocrx_word' id='word_1_919' title='bbox 3263 5423 3367 5488; x_wconf 69' lang='lat'><strong>&#39;3&#39;;</strong></span> <span class='ocrx_word' id='word_1_920' title='bbox 3432 5441 3450 5472; x_wconf 80' lang='grc' dir='ltr'><strong><em>ι</em></strong></span> 
     </span>
    </p>
   </div>
   <div class='ocr_carea' id='block_1_113' title="bbox 1841 5509 3456 5580">
    <p class='ocr_par' dir='ltr' id='par_1_113' title="bbox 1841 5509 3456 5580">
     <span class='ocr_line' id='line_1_113' title="bbox 1841 5509 3456 5580; baseline 0.004 -18"><span class='ocrx_word' id='word_1_921' title='bbox 1841 5509 2108 5574; x_wconf 65' lang='lat' dir='ltr'><strong><em>praevenit</em></strong></span> <span class='ocrx_word' id='word_1_922' title='bbox 2157 5510 2422 5580; x_wconf 88' lang='lat' dir='ltr'><strong><em>quidem,</em></strong></span> <span class='ocrx_word' id='word_1_923' title='bbox 2483 5512 2711 5568; x_wconf 87' lang='lat' dir='ltr'><strong><em>dicens:</em></strong></span> <span class='ocrx_word' id='word_1_924' title='bbox 2764 5513 2844 5570; x_wconf 78' lang='lat' dir='ltr'><strong><em>Ne</em></strong></span> <span class='ocrx_word' id='word_1_925' title='bbox 2875 5515 3227 5570; x_wconf 84' lang='lat' dir='ltr'><strong><em>admiremini</em></strong></span> <span class='ocrx_word' id='word_1_926' title='bbox 3281 5519 3347 5571; x_wconf 91' lang='lat' dir='ltr'><strong><em>de</em></strong></span> <span class='ocrx_word' id='word_1_927' title='bbox 3390 5533 3456 5570; x_wconf 86' lang='lat' dir='ltr'><strong><em>eu</em></strong></span> 
     </span>
    </p>
   </div>
   <div class='ocr_carea' id='block_1_114' title="bbox 1838 5599 3457 5672">
    <p class='ocr_par' dir='ltr' id='par_1_114' title="bbox 1838 5599 3457 5672">
     <span class='ocr_line' id='line_1_114' title="bbox 1838 5599 3457 5672; baseline 0.009 -23"><span class='ocrx_word' id='word_1_928' title='bbox 1838 5600 1979 5669; x_wconf 89' lang='lat' dir='ltr'><strong><em>quod</em></strong></span> <span class='ocrx_word' id='word_1_929' title='bbox 2015 5599 2186 5655; x_wconf 85' lang='lat' dir='ltr'><strong><em>Filius</em></strong></span> <span class='ocrx_word' id='word_1_930' title='bbox 2218 5602 2462 5658; x_wconf 90' lang='lat' dir='ltr'><strong><em>hominis</em></strong></span> <span class='ocrx_word' id='word_1_931' title='bbox 2491 5619 2610 5659; x_wconf 93' lang='lat' dir='ltr'><strong><em>sum</em></strong></span> <span class='ocrx_word' id='word_1_932' title='bbox 2643 5623 2656 5672; x_wconf 93' lang='lat'><strong><em>;</em></strong></span> <span class='ocrx_word' id='word_1_933' title='bbox 2687 5621 2814 5659; x_wconf 90' lang='lat' dir='ltr'><strong><em>nam</em></strong></span> <span class='ocrx_word' id='word_1_934' title='bbox 2853 5617 2908 5661; x_wconf 89' lang='lat' dir='ltr'><strong><em>et</em></strong></span> <span class='ocrx_word' id='word_1_935' title='bbox 2937 5606 3082 5662; x_wconf 82' lang='lat' dir='ltr'><strong><em>Deus</em></strong></span> <span class='ocrx_word' id='word_1_936' title='bbox 3119 5623 3263 5664; x_wconf 88' lang='lat' dir='ltr'><strong><em>sum.</em></strong></span> <span class='ocrx_word' id='word_1_937' title='bbox 3312 5608 3457 5663; x_wconf 80' lang='lat' dir='ltr'><strong><em>Dicit</em></strong></span> 
     </span>
    </p>
   </div>
   <div class='ocr_carea' id='block_1_115' title="bbox 1837 5695 3452 5769">
    <p class='ocr_par' dir='ltr' id='par_1_115' title="bbox 1837 5695 3452 5769">
     <span class='ocr_line' id='line_1_115' title="bbox 1837 5695 3452 5769; baseline 0.006 -21"><span class='ocrx_word' id='word_1_938' title='bbox 1837 5703 2061 5750; x_wconf 89' lang='lat' dir='ltr'><strong><em>autem:</em></strong></span> <span class='ocrx_word' id='word_1_939' title='bbox 2118 5695 2181 5750; x_wconf 85' lang='lat' dir='ltr'><strong><em>Et</em></strong></span> <span class='ocrx_word' id='word_1_940' title='bbox 2225 5712 2371 5751; x_wconf 90' lang='lat' dir='ltr'><strong><em>nunc</em></strong></span> <span class='ocrx_word' id='word_1_941' title='bbox 2422 5697 2632 5768; x_wconf 87' lang='lat' dir='ltr'><strong><em>justum</em></strong></span> <span class='ocrx_word' id='word_1_942' title='bbox 2687 5699 2956 5769; x_wconf 88' lang='lat' dir='ltr'><strong><em>judicium</em></strong></span> <span class='ocrx_word' id='word_1_943' title='bbox 3001 5717 3184 5757; x_wconf 90' lang='lat' dir='ltr'><strong><em>meum</em></strong></span> <span class='ocrx_word' id='word_1_944' title='bbox 3232 5711 3336 5765; x_wconf 83' lang='lat' dir='ltr'><strong><em>est,</em></strong></span> <span class='ocrx_word' id='word_1_945' title='bbox 3385 5717 3452 5758; x_wconf 89' lang='lat' dir='ltr'><strong><em>eo</em></strong></span> 
     </span>
    </p>
   </div>
   <div class='ocr_carea' id='block_1_116' title="bbox 1836 5775 3444 5868">
    <p class='ocr_par' dir='ltr' id='par_1_116' title="bbox 1836 5775 3444 5868">
     <span class='ocr_line' id='line_1_116' title="bbox 1836 5775 3444 5868; baseline 0.009 -26"><span class='ocrx_word' id='word_1_946' title='bbox 1836 5791 1983 5859; x_wconf 88' lang='lat' dir='ltr'><strong><em>quod</em></strong></span> <span class='ocrx_word' id='word_1_947' title='bbox 2025 5790 2215 5861; x_wconf 92' lang='lat' dir='ltr'><strong><em>judico</em></strong></span> <span class='ocrx_word' id='word_1_948' title='bbox 2241 5793 2387 5850; x_wconf 89' lang='lat' dir='ltr'><strong><em>sicut</em></strong></span> <span class='ocrx_word' id='word_1_949' title='bbox 2417 5775 2580 5852; x_wconf 82' lang='lat' dir='ltr'><strong><em>audio</em></strong></span> <span class='ocrx_word' id='word_1_950' title='bbox 2608 5795 2827 5853; x_wconf 86' lang='lat' dir='ltr'><strong><em>Patrem</em></strong></span> <span class='ocrx_word' id='word_1_951' title='bbox 2871 5811 3051 5855; x_wconf 88' lang='lat' dir='ltr'><strong><em>meum</em></strong></span> <span class='ocrx_word' id='word_1_952' title='bbox 3080 5796 3444 5868; x_wconf 85' lang='lat' dir='ltr'><strong><em>judicantem.</em></strong></span> 
     </span>
    </p>
   </div>
  </div>
