3936 6402
487 346 632 412 1275

1406 344 1993 427 THEOPHYLACTI
2033 344 2451 409 BULGARHS
2493 346 2854 408 ΑιιιῖΙΙιΕΡ.

3633 342 3762 407 19.ἶὸ

487 475 512 513 ι
555 456 669 512 Non
695 455 838 512 enim
869 469 1044 512 meam
1077 453 1412 511 voluntatem
1444 472 1649 528 quaero,
1681 458 1775 513 sed
1800 458 2002 514 Patris.
2040 477 2058 511 ι

2178 458 2369 528 ρῶται,
2414 460 2545 523 ἴσως
2591 458 2659 513 ἂν
2704 456 3095 530 ὑποπτευθείη.
3143 456 3221 522 ὡς
3270 456 3686 529 παραφθείρων
3727 455 3782 510 τδ

483 550 620 605 Nam
643 550 733 619 qui
752 564 905 604 suam
930 548 1163 605 voluerit
1196 550 1468 615 stabilire,
1504 548 1754 606 fortassis
1783 562 2070 623 suspectus

486 642 619 709 erit,
645 641 789 711 quod
835 650 1153 712 corrumpat
1180 642 1324 711 quod
1350 641 1561 711 justum
1603 653 1725 699 est:
1761 644 1854 713 qui
1889 654 2071 700 autem

490 750 596 789 non
629 748 728 789 sua
771 741 1004 804 spectat,
1052 748 1161 803 quo
1184 741 1448 803 praetextu
1479 743 1664 804 posset
1699 736 1900 806 injuste
1923 738 2075 807 judi-

488 824 666 880 care?
708 823 823 895 Ego
878 823 1046 895 igitur
1095 840 1201 880 uou
1243 838 1437 895 quem
1479 826 1816 883 voluntatem
1874 844 2072 895 meam,

490 930 666 987 neque
695 917 842 973 enim
877 931 980 988 ego
1010 932 1190 975 meam
1221 921 1394 975 habeo
1420 917 1780 988 voluntatem,
1806 921 1899 978 sed
1933 925 2076 992 quod

488 1007 603 1063 vult
633 1005 820 1075 Pater,
849 1008 980 1063 illud
1015 1016 1069 1063 et
1095 1023 1217 1079 ego.

562 1096 726 1153 Vsus.
754 1097 941 1154 ’ὀί-55.
981 1116 1000 1151 ι
1042 1097 1101 1153 Si
1159 1112 1257 1168 ego
1310 1100 1682 1157 testimonium
1728 1103 2073 1173 perbiberem

484 1192 553 1245 de
592 1190 821 1261 meipso,
855 1190 1227 1248 testimonium
1276 1208 1454 1249 meum
1494 1209 1606 1250 non
1658 1203 1809 1251 esset
1862 1209 2073 1253 verum.

484 1285 641 1341 Alius
664 1294 750 1341 est
778 1286 869 1357 qui
893 1286 1270 1343 testimonium
1300 1288 1556 1359 perbibet
1579 1288 1649 1345 de
1680 1288 1790 1345 me.
1840 1289 1906 1345 Et
1960 1289 2081 1349 scio

486 1393 677 1434 verum
708 1394 831 1436 esse
870 1380 1246 1437 testimonium
1276 1380 1418 1450 quod
1453 1389 1686 1438 testatur
1714 1382 1784 1439 de
1824 1397 1930 1438 me.
1969 1381 2075 1439 Vos

488 1471 714 1526 misistis
739 1472 808 1527 ad
856 1470 1147 1541 Joannem,
1196 1482 1254 1530 et
1303 1474 1351 1529 is
1404 1475 1779 1530 testimonium
1839 1474 2077 1531 reddidit

485 1560 730 1617 veritati.
764 1560 926 1633 577
959 1563 1072 1636 Ego
1104 1575 1286 1621 autem
1333 1580 1439 1622 non
1474 1566 1545 1624 ab
1577 1566 1799 1623 homine
1826 1569 2107 1626 testimo-r

485 1654 635 1709 nium
683 1658 941 1725 accipio;
975 1660 1071 1713 sed
1123 1658 1240 1714 haec
1285 1658 1432 1723 dico.
1472 1669 1532 1716 ut
1560 1675 1657 1716 vos
1711 1661 1850 1717 salvi
1907 1660 2071 1716 tiatis.

486 1743 579 1800 Ille
607 1756 726 1801 erat
782 1746 999 1802 lucerna
1034 1750 1231 1806 ardens
1259 1760 1316 1806 et
1360 1750 1571 1818 lucens,
1624 1765 1723 1807 vos
1766 1761 1948 1808 autem
1976 1767 2074 1808 νο·

487 1835 670 1892 luistis
701 1837 769 1892 ad
805 1848 1018 1907 tempus
1045 1842 1322 1897 exsultare
1356 1843 1410 1898 in
1432 1843 1566 1901 .luce
1593 1845 1734 1917 ejus.
1774 1865 1796 1900 ι
1831 1846 2072 1917 Apparet

490 1928 584 1984 hic
612 1931 886 1984 contraria
916 1931 1101 1988 dicere
1128 1932 1415 1992 Dominus.
1448 1933 1662 1994 Etenim
1686 1940 1887 1997 alicubi
1919 1942 2072 1998 vide-

486 2031 577 2074 tur
615 2023 801 2076 testari
838 2023 906 2078 de
931 2038 1012 2090 se,
1046 2025 1187 2080 sicut
1218 2025 1577 2084 Samaritana:
1611 2031 1865 2097 dicebat:
1903 2053 1922 2087 t
1951 2034 2069 2106 Ego

482 2125 602 2164 sum
631 2110 921 2168 Christus:
955 2132 975 2165 ι
1007 2125 1063 2169 et
1088 2131 1252 2181 caeco,
1276 2118 1480 2175 etalias
1498 2136 1661 2191 saepe.
1690 2122 1747 2178 Si
1766 2124 1931 2195 igitur
1957 2126 2072 2182 inec

484 2200 619 2258 falsa
653 2214 801 2270 sunt,
833 2219 955 2277 qua:
988 2207 1149 2263 nobis
1177 2209 1372 2267 salutis
1402 2213 1573 2283 spes?
1602 2213 1718 2270 Non
1743 2227 1924 2272 autem
1958 2218 2074 2277 haec

481 2296 600 2349 sola
655 2296 873 2353 videtur
931 2313 1054 2356 esse
1117 2305 1501 2370 contrarietas,
1557 2309 1651 2363 sed
1705 2318 1761 2363 et
1817 2310 1922 2365 alia
1967 2328 2072 2368 non

486 2385 687 2443 minor.
726 2388 864 2444 Nam
895 2401 950 2447 et
979 2391 1034 2447 in
1075 2408 1368 2465 progressu
1401 2397 1575 2453 dicit:
1631 2418 1651 2453 ι
1687 2400 1744 2456 Si
1777 2416 1879 2473 ego
1913 2404 2074 2461 testi-

482 2481 723 2535 monium
752 2484 1015 2552 perhibeo
1060 2487 1126 2541 de
1182 2488 1415 2558 meipso,
1471 2491 1847 2551 testimonium
1890 2509 2069 2551 meum

485 2586 670 2626 verum
722 2575 891 2629 est".
926 2592 949 2627 ι
1010 2574 1292 2641 Quomodo
1334 2579 1507 2650 igitur
1562 2584 1890 2640 convenient
1951 2602 2072 2658 quae

483 2676 727 2733 pugnare
772 2662 1075 2719 videnlur?
1116 2665 1170 2729 Id
1199 2668 1417 2735 quidem
1450 2672 1594 2742 quod
1622 2674 1773 2741 dicit,
1813 2694 1832 2727 ι
1864 2675 1922 2731 Si
1970 2693 2073 2750 ego

484 2752 748 2808 testiﬁcor
784 2754 850 2809 de
900 2758 1129 2827 meipso,
1186 2759 1560 2818 testimonium
1612 2779 1791 2821 meum
1839 2783 1947 2823 uou
1991 2779 2075 2826 est

485 2858 697 2911 verum,
743 2864 761 2899 ι
802 2846 937 2902 dicit
984 2851 1051 2903 ad
1094 2852 1409 2919 Opinionem
1448 2853 1782 2927 Judteorum,
1813 2865 2072 2930 quoniam

482 2939 628 2995 enim
661 2940 737 2995 illi
764 2942 963 2997 dicturi
996 2955 1155 3000 erant
1181 2947 1229 3000 ei
1256 2963 1271 3000 :
1304 2946 1384 3004 Tu
1409 2952 1783 3009 testimonium
1817 2954 2074 3027 perhibes

481 3033 551 3086 de
582 3034 788 3103 teipso;
826 3036 1007 3094 nullus
1059 3048 1239 3095 autem
1267 3043 1359 3113 qui
1388 3044 1455 3099 de
1483 3060 1542 3101 se
1566 3046 1685 3118 ipso
1716 3051 2067 3121 testiﬁcatur,

484 3121 591 3179 [ide
637 3125 833 3194 dignus
863 3138 968 3183 est.
1009 3127 1151 3184 Dicit
1188 3133 1435 3203 urgendo
1469 3136 1631 3195 illos:
1668 3139 1784 3197 Non
1823 3147 2066 3202 testimo-
2098 3163 2144 3225 α

485 3215 637 3270 nium
666 3218 929 3285 perhibeo
952 3235 1053 3291 ego
1074 3222 1143 3278 de
1170 3226 1401 3295 meipso,
1426 3229 1627 3303 alioqui
1650 3233 1805 3303 juxta
1832 3248 2071 3295 vestram

485 3309 810 3365 sententiam
840 3328 947 3366 non
964 3314 1160 3385 dignus
1185 3331 1366 3376 essem
1397 3325 1483 3378 cui
1504 3328 1841 3401 crederetur.
1875 3350 1892 3383 ι
1923 3333 2081 3395 Alius,

486 3402 629 3455 enim
645 3405 836 3474 estqui
865 3406 1231 3466 testimonium
1261 3413 1328 3468 de
1360 3430 1447 3471 me
1475 3420 1749 3489 perhibet,
1782 3440 1802 3475 ›
1835 3422 2075 3483 Joannes

486 3494 715 3549 scilicet.
749 3496 901 3563 Quod
924 3509 1107 3557 autem
1134 3504 1287 3571 dicit,
1324 3523 1345 3559 ι
1381 3508 1512 3565 Etsi
1564 3526 1667 3584 ego
1701 3516 2072 3574 testimonium
2136 3512 2137 3517 “

487 3586 766 3656 perhibeo.
784 3593 1151 3650 testimonium
1180 3612 1357 3653 meum
1388 3617 1576 3659 verum
1594 3616 1703 3679 est,
1730 3627 1749 3659 ι
1772 3613 2073 3668 secumlum

487 3686 897 3742 concessionem
927 3690 1079 3745 dicit.
1113 3693 1392 3749 Accedens
1415 3696 1562 3751 enim
1589 3704 1829 3763 sermoni
1860 3702 2074 3762 Judaro-

489 3790 632 3840 rum,
661 3775 833 3835 dicit:
870 3781 1000 3837 Esto
1030 3788 1173 3853 quod
1221 3802 1321 3857 ego
1365 3776 1735 3849 testimonium
1763 3795 1833 3851 de
1865 3800 2073 3871 meipso

488 3869 841 3939 perhibeam;
875 3886 927 3928 et
962 3877 1005 3929 si
1032 3888 1137 3944 ego
1161 3878 1327 3949 igitur
1362 3886 1731 3941 testimonium
1765 3889 1832 3946 de
1866 3869 2074 3963 meipso

488 3962 823 4031 perhibeam,
883 3969 1251 4028 testimonium
1310 3991 1491 4031 meum
1542 3992 1734 4034 verum
1782 3962 2073 4041 estfh'iam

410 4094 411 4097 η
484 4067 609 4107 cum
638 4053 782 4112 Deus
818 4060 943 4127 sim,
979 4062 1083 4119 lide
1114 4064 1312 4136 dignus
1354 4084 1498 4125 sum.
1521 4073 1698 4144 Atque
1733 4076 1804 4131 ita
1838 4080 2071 4148 primum

485 4146 623 4202 dixit
652 4148 775 4205 illos
810 4155 1075 4222 urgendo,
1108 4173 1214 4213 non
1246 4175 1347 4230 ego
1379 4163 1751 4222 testimonium
1785 4146 2070 4241 perhibeo,

485 4239 581 4291 sed
614 4236 950 4297 Prmcursor.
984 4244 1297 4304 Secundum
1342 4263 1525 4308 autem
1566 4270 1628 4310 se
1660 4236 2073 4330 illis—opponen-

487 4325 577 4391 do,
608 4328 691 4382 vel
725 4330 887 4384 etiam
919 4337 1291 4405 concedendo,
1334 4341 1567 4402 dicens:
1613 4362 1631 4395 ι
1684 4346 1741 4402 Si
1776 4325 1944 4406 etiam
1971 4367 2073 4425 ego

489 4418 858 4477 trstimonium
885 4426 1224 4495 perhibeam,
1263 4433 1636 4492 testimonium
1673 4455 1853 4496 meum
1880 4459 2072 4500 verum

2173 552 2419 606 δίκαιον·
2462 552 2491 604 6
2532 551 2598 606 δὲ
2639 550 2715 623 μὴ
2755 551 2825 606 τὰ
2869 551 3067 606 ἑαυτοῦ
3114 549 3358 616 σκοπῶν,
3399 550 3534 603 τίνα
3584 550 3657 603 ἂν
3693 548 3782 622 ἔχη

2175 644 2454 716 πρόφασιν
2478 642 2573 698 τοῦ
2610 644 2685 716 μὴ
2710 643 2781 698 τὰ
2810 643 2992 698 δίκαια
3016 642 3387 723 ψηφίζεσθαις
3422 640 3581 711 Ἐγὼ
3607 642 3783 697 τοίνυν

2174 737 2236 789 οὐ
2268 735 2417 807 ζητῶ
2444 736 2507 790 τὸ
2538 736 2751 807 θέλημα
2780 737 2843 790 τὸ
2873 737 3006 809 ἐμόν
3032 750 3048 767 ⁸
3078 736 3204 790 om
3234 736 3347 807 γὰρ
3375 737 3497 808 ἔχω
3526 736 3671 806 ἐμὸν
3698 735 3782 789 θέο

2177 829 2330 900 λημα
2350 845 2364 859 ·
2395 828 2514 883 ἀλλ’
2534 827 2564 882 6
2590 828 2739 883 θέλει
2766 829 2796 884 6
2824 829 3042 901 Πατὴρ,
3072 830 3253 885 ἐκεῖνο
3281 830 3468 899 κάγώ.

2256 1114 2275 1147 ι
2307 1096 2404 1148 ’Δν
2442 1094 2557 1164 ιγὼ
2606 1094 2873 1168 μαρτυρῶ
2916 1110 3045 1168 περι
3092 1097 3361 1166 εμαυτοΰ,
3410 1098 3449 1167 ή
3503 1100 3783 1170 μαρτυρία

2179 1202 2283 1257 μου
2310 1188 2413 1241 οὐκ
2436 1186 2587 1240 ἔστιν
2611 1186 2842 1257 ἀληθής.
2868 1187 3062 1253 Ἀλλος
3085 1189 3236 1243 εστὶν
3257 1192 3286 1244 6
3313 1191 3635 1261 μαρτυρῶν
3662 1192 3785 1261 περὶ

2175 1278 2333 1349 ιμοῦ,
2364 1279 2458 1333 καὶ
2486 1274 2607 1334 οῖδα
2635 1281 2719 1336 ὅτι
2747 1280 2961 1349 ἀληθής
2987 1283 3136 1335 ἐστιν
3161 1282 3195 1353 ἡ
3226 1283 3519 1354 μαρτυρία
3550 1286 3623 1355 ῆν
3651 1302 3789 1356 μαρ-

2176 1374 2334 1440 τυρεῖ
2357 1371 2489 1441 περὶ
2512 1373 2671 1441 ἐμοῦ.
2698 1371 2888 1443 Ὑμεῖς
2914 1374 3298 1429 ἀπεστάλκατε
3327 1375 3471 1445 πρὸς
3500 1378 3785 1449 Ἰωάννην,

2177 1464 2273 1517 καὶ
2305 1463 2705 1536 μεμαρτύρηκε
2733 1466 2800 1535 τῇ
2829 1462 3084 1538 ἀληθείᾳ.
3116 1464 3259 1534 Ἐγὼ
3286 1465 3347 1519 δὲ
3378 1466 3545 1539 παρὰ
3574 1467 3789 1539 ἀνθρὼ-

2177 1571 2282 1607 που
2317 1555 2418 1622 τὴν
2452 1553 2763 1625 μαρτυρίαν
2789 1553 2853 1608 οὐ
2889 1552 3154 1625 λαμϐάνω
3179 1570 3193 1585 ο
3231 1555 3371 1609 ἀλλὰ
3397 1556 3587 1610 ταῦτα
3626 1556 3788 1626 λέγω,

2178 1647 2266 1702 ἵνα
2291 1647 2453 1719 ὑμεῖς
2480 1648 2714 1720 σωθῆτε.
2752 1648 2995 1711 Ἐκεῖνος
3018 1643 3088 1721 ἦν
3110 1649 3140 1701 6
3165 1648 3363 1721 λύχνος
3389 1652 3418 1703 6
3448 1652 3786 1721 καιόμενος,

2177 1740 2273 1793 καὶ
2300 1740 2530 1809 φαίνων.
2561 1740 2721 1810 ὑμεῖς
2743 1741 2804 1794 δὲ
2829 1739 3135 1813 ἠθελήσατε
3162 1741 3617 1813 ἀγαλλιασοῆναι
3650 1747 3789 1816 πρὸς

2176 1833 2327 1901 ὥραν
2353 1834 2413 1888 ὲν
2439 1832 2519 1904 τῷ
2550 1835 2691 1904 φωτὶ
2720 1833 2909 1888 αὐτοῦ.
2946 1853 2965 1887 ι
2997 1834 3253 1889 Φαίνεται
3284 1834 3535 1890 ἐνταῦθα
3565 1837 3791 1891 ἐναντία

2176 1925 2350 1995 λέγων
2379 1929 2409 1981 6
2442 1926 2668 1998 Κύριος.
2713 1927 2823 1983 Καὶ
2859 1925 2969 1998 γὰρ
2992 1926 3260 1997 πολλαχοῦ
3293 1927 3555 1995 φαίνεται
3581 1945 3793 1999 μαραιν-

2176 2020 2353 2091 ρήσας
2393 2019 2606 2089 ἑαυτῷ,
2641 2016 2838 2091 ὥσπερ
2869 2021 2937 2090 τῇ
2975 2019 3338 2091 Σαμαρείτιδι
3384 2020 3539 2090 ἔφη·
3582 2042 3603 2074 ι
3651 2022 3791 2091 Ἐγώ

2175 2114 2291 2181 εἰμι
2322 2113 2350 2164 6
2382 2111 2619 2182 Χριστός
2642 2126 2658 2141 ⁸
2698 2129 2717 2163 ι
2755 2110 2853 2165 καὶ
2879 2110 2960 2182 τῷ
2987 2110 3211 2182 τυφλῷ,
3246 2111 3339 2166 καὶ
3374 2111 3625 2182 ἑτέρωθι
3657 2112 3789 2165 πολ-

2176 2205 2365 2277 λαχοῦ.
2403 2205 2533 2260 Ἐὰν
2559 2202 2655 2261 οὖν
2679 2204 2859 2260 ταῦτα
2890 2198 2994 2260 ῶσι
3025 2204 3231 2277 ψευδῆ,
3263 2206 3399 2259 ποία
3430 2208 3575 2276 ἡμῖν
3608 2224 3788 2279 σωτη-

2178 2300 2303 2371 ρίας
2347 2299 2539 2365 ὲλπίς;
2588 2299 2665 2353 Οὐ
2706 2297 2868 2353 τοῦτο
2909 2298 2967 2352 δὲ
3015 2299 3178 2369 μόνον
3225 2299 3380 2353 δοκεῖ
3427 2301 3787 2370 ἐναντίωμα,

2178 2391 2314 2445 ἀλλὰ
2348 2392 2445 2445 καὶ
2477 2390 2666 2462 ἓτερον
2700 2391 2804 2445 οὐκ
2842 2391 3089 2447 ἔλαττον.
3127 2391 3349 2463 Προϊὼν
3385 2391 3501 2462 γὰρ
3524 2432 3540 2455 ,
3582 2394 3787 2463 φησὶν,

2175 2485 2280 2550 ὅτι,
2310 2504 2327 2536 ι
2353 2483 2471 2539 Κᾶν
2501 2482 2614 2553 ἐγὼ
2652 2482 2920 2555 μαρτυρῶ
2957 2484 3087 2555 περὶ
3117 2483 3383 2555 ἐμαυτοῦ,
3423 2486 3457 2551 ὴ
3502 2485 3791 2556 μαρτυρία

2181 2594 2285 2647 μου
2310 2578 2520 2648 ἀληθής
2543 2579 2686 2631 ἐστι.
2720 2596 2739 2629 ι
2770 2576 2894 2641 Πῶς
2914 2572 3009 2631 οὖν
3032 2575 3591 2647 συμϐιϐασθήσονται
3616 2577 3791 2631 ταῦτα

2176 2672 2440 2727 δοκοῦντα
2460 2672 2767 2744 μάχεσθαι;
2792 2673 2861 2726 ⁸0
2881 2671 2983 2745 μὲν
3007 2671 3179 2739 λέγει,
3204 2672 3289 2725 ὅτι
3320 2690 3338 2723 ι
3366 2674 3468 2726 Ἂν
3499 2674 3622 2743 ἐγὼ
3653 2692 3791 2745 μαρ-

2178 2765 2330 2837 τυρῶ
2362 2768 2491 2836 περὶ
2526 2766 2792 2837 ἐμαυτοῦ,
2819 2768 2854 2839 ἡ
2884 2764 3165 2837 μαρτυρία
3200 2784 3303 2836 μου
3336 2767 3443 2820 οὐκ
3472 2767 3635 2820 ἐστιν
3664 2768 3789 2838 ἁλη-

2178 2858 2312 2926 Θὴς,
2356 2875 2375 2909 ι
2414 2858 2565 2926 λέγει
2599 2857 2676 2921 ὡς
2712 2856 2851 2927 πρὸς
2884 2856 2987 2929 τὴν
3020 2856 3293 2925 ὑπόληψιν
3328 2858 3443 2908 τῶν
3472 2856 3785 2911 Ἰουδαίων.

2191 2949 2345 3011 Ἐπεὶ
2375 2951 2485 3024 γὰρ
2514 2952 2740 3021 ἔμελλον
2770 2953 2970 3006 ἐκεῖνοι
3003 2950 3133 3015 ἴσως
3161 2950 3339 3005 εἰπεῖν
3371 2949 3534 3021 αὑτῷ
3554 2993 3570 3015 ,
3600 2951 3691 3005 ὅτι
3724 2953 3788 3004 Σὺ

2182 3047 2483 3117 μαρτυρεῖς
2510 3045 2641 3115 περὶ
2669 3043 2923 3106 σεαυτοῦ,
2952 3045 3131 3108 οὐδεὶς
3155 3043 3213 3097 δὲ
3242 3044 3556 3114 μαρτυρῶν
3582 3043 3787 3112 ἑαυτῷ,

2177 3138 2490 3205 ἀξιόπιστός
2520 3139 2661 3201 ἐστι,
2691 3138 2859 3208 φησὶν
2884 3138 3244 3200 ὲνστατικῶς,
3272 3139 3357 3192 ὅτι
3391 3138 3471 3191 υὺ
3512 3138 3787 3209 μαρτυρὼ

2178 3230 2291 3300 ἐγὼ
2331 3232 2461 3302 περὶ
2507 3230 2787 3303 ἐμαυτοῦ·
2831 3226 2868 3304 ἦ
2912 3231 3024 3300 γὰρ
3065 3230 3131 3284 ἂν
3172 3230 3317 3283 κατά
3353 3230 3459 3300 τὴν
3502 3231 3789 3302 ὑμετέραν

2176 3324 2404 3396 γνώμην
2421 3323 2686 3389 οὗκάξιος
2704 3324 2823 3396 εἵην
2858 3323 3237 3378 πιστεύεσθαι.
3275 3344 3295 3378 ι
3331 3325 3536 3388 ’Λλλος
3576 3327 3731 3379 ἐστὶν
3763 3328 3789 3378 6

2180 3416 2481 3489 μαρτυρῶν
2524 3418 2653 3490 περὶ
2697 3413 2857 3491 ἐμοῦ,
2884 3435 2904 3471 ι
2947 3419 2977 3471 6
3008 3415 3284 3489 Ἰωάννης.
3318 3420 3384 3470 ’0
3411 3418 3472 3470 δὲ
3499 3417 3682 3487 λέγει,
3709 3421 3787 3474 ὅτι

2183 3526 2203 3561 ι
2238 3509 2359 3563 Κᾶν
2380 3493 2494 3578 ἰτὼ
2521 3508 2863 3581 μαρτυρῶ,ή
2896 3509 3174 3580 μαρτυρία
3203 3526 3309 3580 μου
3338 3509 3559 3579 ἀληθής
3589 3513 3733 3572 ἐστι,
3765 3531 3780 3560 ι

2175 3602 2319 3673 κατὰ
2351 3586 2664 3673 συνδρομὴν
2694 3602 2877 3672 λέγει,
2916 3600 3233 3673 συντρέχων
3267 3593 3378 3671 γὰρ
3414 3603 3495 3673 τῷ
3533 3603 3786 3675 λογισμῷ

2173 3697 2284 3750 τῶν
2318 3696 2612 3759 Ἰουδαίων,
2649 3695 2839 3766 φησὶν,
2873 3696 2957 3750 ὅτι
2982 3695 3185 3760 Ἔστω,
3220 3698 3305 3750 ὅτι
3349 3697 3467 3765 ἐγὼ
3512 3698 3787 3769 μαρτυρῶ

2173 3789 2307 3863 περὶ
2350 3789 2617 3861 ἐμαυτοῦ.
2666 3789 2789 3845 Κᾶν
2834 3788 2945 3857 ἐγὼ
2988 3789 3170 3844 τοίνυν
3218 3790 3514 3861 μαρτυρῶ,
3573 3791 3783 3862 ἀληθής

2175 3885 2326 3937 ἐστιν
2367 3885 2402 3952 ἠ
2449 3881 2728 3955 μαρτυρία
2772 3900 2917 3954 μου·
2966 3882 3102 3944 Θεὸς
3148 3882 3258 3954 γὰρ
3304 3882 3404 3947 ὢν,
3456 3883 3780 3948 ἁξιόπιστύς

2175 3967 2497 4043 εἰμι.”Ωστε
2518 3974 2580 4026 τὸ
2606 3974 2706 4042 μὲν
2731 3974 2948 4043 πρῶτον
2972 3974 3310 4036 ἐνστατικῶς
3338 3970 3521 4038 εἶπεν,
3552 3976 3642 4028 ὅτι
3669 3978 3781 4028 υὺι

2175 4066 2288 4136 ἐγὼ
2329 4066 2631 4139 μαρτυρῶ,
2667 4065 2790 4120 ἀλλ’
2814 4068 2843 4118 6
2883 4065 3204 4136 Πρόδρομος
3229 4083 3242 4092 ·
3278 4066 3339 4119 τὸ
3380 4067 3439 4119 δὲ
3482 4066 3778 4140 δεύτερον.

2176 4160 2316 4215 κατὰ
2356 4160 2846 4231 ἁντιπαράστασιν,
2891 4159 3012 4231 ἦτοι
3058 4160 3388 4231 συνδρομὴν,
3435 4161 3522 4215 ὅτι
3594 4184 3613 4214 ι
3666 4165 3781 4217 Κᾶν

2173 4253 2285 4323 ἐγὼ
2311 4253 2600 4326 μαρτυρῶ,
2623 4252 2833 4325 ἀληθής
2856 4254 3005 4306 ἐστιν
3027 4254 3062 4324 ή
3091 4253 3372 4323 μαρτυρία
3398 4271 3529 4325 μου.
3567 4275 3589 4307 ι
3618 4258 3780 4327 Τρεῖς

2175 4344 2301 4413 οὖν,
2339 4348 2534 4419 φησὶν,
2573 4348 2683 4418 ἔχω
2720 4348 3041 4418 μάρτυρας,
3074 4347 3168 4400 τὸν
3204 4347 3497 4417 Ἰωάννην,
3530 4350 3607 4403 τά
3644 4351 3779 4421 ἔργα

2181 4459 2283 4510 μου
2305 4482 2321 4509 ,
2348 4441 2441 4495 τὸν
2467 4440 2689 4509 Πατέρα
2725 4457 2851 4510 μου.
2882 4440 2993 4494 Καὶ
3026 4439 3248 4511 πρῶτον
3278 4440 3371 4493 τὸν
3403 4441 3673 4513 Ἰωάννην
3704 4445 3777 4497 τξ-

483 4517 587 4566 est.
622 4530 644 4565 ι
694 4510 868 4570 Porro
902 4520 1023 4583 tria,
1071 4520 1269 4589 inquit,
1317 4523 1494 4582 balteo
1535 4531 1872 4599 testimonia,
1904 4534 2070 4593 Joan-

2178 4536 2357 4606 οησιν,
2392 4535 2483 4589 ἵνα
2520 4536 2682 4607 μήτις
2716 4536 2846 4605 είπῃ
2879 4532 3028 4603 αὑτῷ
3050 4548 3067 4565 ⁸
3100 4533 3166 4585 Τί
3194 4531 3310 4596 οὖν,
3334 4510 3779 4600 είὲκείνοςνπρλς

487 4618 632 4669 nem,
668 4621 830 4675 Opera
874 4625 1015 4673 mea,
1071 4614 1283 4670 Patrem
1314 4634 1517 4679 meum.
1547 4622 1613 4677 Et
1654 4625 1887 4693 primum
1920 4634 2073 4699 ponit

481 4692 771 4755 Joannem.
816 4702 887 4757 Ut
923 4720 989 4758 ne
1017 4707 1141 4773 quis
1164 4709 1310 4764 dicat
1333 4713 1406 4777 ei,
1432 4713 1573 4780 Quid
1607 4692 1771 4787 igitur
1804 4720 1849 4774 si
1880 4692 1971 4777 ille
2002 4726 2071 4781 ad

484 4789 713 4856 gratiam
749 4794 1069 4850 testiﬁcatus
1095 4807 1179 4851 est
1216 4802 1356 4854 tibi?
1383 4804 1536 4873 dicit,
1567 4806 1673 4863 Vos
1703 4809 1807 4880 ipsi
1844 4816 2069 4873 misistis

482 4880 548 4933 ad
580 4880 869 4939 Joannem.
900 4885 1135 4943 Omttiuo
1176 4904 1358 4950 autem
1406 4913 1514 4953 non
1568 4902 1858 4962 misissetis
1898 4908 2069 4965 inter-

482 4984 759 5043 rogantes,
798 4979 902 5034 nisi
929 4996 1051 5036 eum
1106 4984 1209 5041 [ide
1237 4988 1461 5059 dignum
1498 4994 1850 5055 habuissetis.
1888 5003 2064 5073 Atque

480 5064 553 5119 ita
592 5068 757 5123 etiant
793 5087 891 5127 vos
935 5075 1034 5145 ipsi
1085 5087 1251 5135 testes
1297 5083 1461 5151 estis,
1508 5091 1651 5155 quod
1697 5107 1859 5148 verax
1904 5064 2066 5154 fuerit

479 5157 756 5219 Joannes:
797 5171 1047 5235 quamvis
1072 5186 1172 5241 ego
1206 5177 1450 5244 quidem,
1486 5196 1608 5237 cum
1644 5184 1785 5241 Deus
1808 5188 1931 5254 sim,
1960 5191 2064 5246 bu-

480 5258 981 5316 manotestimouio
1024 5278 1160 5333 opus
1213 5284 1320 5325 non
1378 5273 1629 5342 habeam,
1696 5289 1751 5335 et
1797 5281 2063 5341 Dominus

480 5350 623 5402 servi
662 5354 993 5411 testimonio.
1046 5359 1187 5426 Quia
1255 5374 1435 5421 autem
1464 5383 1558 5425 vos
1581 5372 1883 5441 digniorem
1910 5378 2064 5435 illum

481 5444 737 5507 putastis,
778 5457 834 5500 et
885 5448 989 5518 ipsi
1045 5454 1219 5523 magis
1254 5471 1418 5526 quam
1460 5463 1594 5517 mihi
1649 5470 1973 5539 attendistis,
2010 5482 2066 5529 et

480 5534 549 5587 ad
614 5534 760 5591 illum
808 5542 1029 5610 quidem
1082 5550 1417 5617 accessiStis,
1472 5556 1600 5611 mihi
1652 5571 1832 5617 autem
1885 5581 2065 5635 neque

484 5627 747 5684 miracula
790 5632 1008 5690 facienti
1043 5641 1305 5703 creditis;
1353 5656 1637 5717 propterea
1674 5655 1827 5711 vobis
1863 5656 1915 5713 in
1946 5627 2062 5717 nic-

562 5820 605 5847 ²⁹
647 5818 800 5875 ιίιιυη.
844 5839 954 5887 \‘lll,
1016 5826 1100 5880 il.

2176 4631 2338 4700 χάριν
2368 4626 2723 4700 ἐμαρτύρησὲ
2758 4643 2877 4695 σοις
2908 4628 3097 4697 φησὶν,
3128 4627 3212 4679 ὅτι
3242 4627 3432 4697 Ὑμεῖς
3467 4629 3633 4681 αὐτοὶ
3666 4631 3773 4683 ἁπ-

2174 4724 2452 4778 εστείλατε
2483 4723 2623 4793 πρὸς
2652 4721 2931 4789 Ἰωάννην.
2956 4720 3185 4784 Πάντως
3212 4721 3269 4774 δὲ
3295 4722 3396 4772 οὐκ
3422 4723 3494 4774 ἂν
3517 4723 3776 4776 dmoni-

2173 4819 2302 4873 λατε
2337 4817 2675 4887 ἐρωτῶντες,
2707 4817 2757 4868 εί
2794 4814 2870 4885 μὴ
2905 4813 3226 4879 ἀξιόπιστον
3258 4815 3425 4887 αὑτὸν
3459 4816 3770 4885 ἐνομίζετε.

2175 4914 2341 4966 Ὥστε
2376 4910 2475 4965 καὶ
2507 4912 2669 4981 ὑμεῖς
2702 4909 2861 4964 αὐτοὶ
2898 4907 3254 4979 μαρτυρεῖτε,
3285 4909 3368 4961 ὅτι
3400 4907 3623 4982 ἀληθὴς
3653 4905 3722 4981 ἦν
3747 4911 3773 4962 6

2190 5006 2467 5075 Ἰωάννης.
2498 5005 2693 5057 Καίτοι
2726 5001 2841 5071 ἐγὼ
2876 5002 3001 5072 μὲν,
3032 4998 3122 5055 οἷα
3155 5000 3219 5070 δὴ
3252 5000 3387 5063 Θεὸς
3418 5000 3520 5065 ὢν,
3553 5002 3620 5055 οὑ
3658 5003 3770 5056 δέος

2181 5118 2275 5170 μαι
2305 5099 2655 5170 ἀνθρωπίνης
2686 5097 3021 5169 μαρτυρίας,
3042 5096 3144 5164 τῆς
3171 5097 3269 5149 τοῦ
3294 5094 3486 5149 δούλου
3516 5098 3544 5149 6
3572 5098 3772 5151 Δεσπὸ-

2172 5211 2295 5263 της.
2330 5193 2486 5247 Ἐπεὶ
2522 5192 2578 5245 δὲ
2617 5192 2776 5261 ὑμεῖς
2820 5188 2984 5244 αὑτὸν
3023 5189 3481 5260 ἀξιοπιστότερον
3521 5191 3766 5259 ἡγεῖσθε,

2176 5287 2272 5341 καὶ
2300 5286 2453 5358 αὑτῷ
2486 5286 2688 5357 μᾶλλον
2713 5284 3013 5356 προσέχετε
3042 5284 3191 5355 ἥπερ
3218 5284 3367 5355 ἐμοὶ,
3397 5285 3645 5358 κάκείνῳ
3677 5288 3769 5357 μὲν

2179 5379 2627 5451 προσεδράμετε,
2671 5377 2797 5447 ἐμοὶ
2838 5376 2896 5429 δὲ
2940 5375 3062 5429 οὑδὲ
3111 5374 3640 5447 Θαυματουργοῦντι
3682 5396 3763 5430 πι-

2176 5470 2418 5525 στεύετε·
2452 5469 2541 5524 διὰ
2571 5468 2730 5522 τοῦτο
2758 5468 3168 5539 ἀναμιμνήσκω
3196 5468 3299 5535 τῆς
3333 5469 3592 5523 Ἰωάννου
3629 5488 3763 5541 μαρ-

2173 5568 2390 5637 τυρίας,
2421 5565 2517 5618 καὶ
2548 5562 2729 5619 πάντα.
2761 5564 2921 5627 ποιῶ,
2953 5564 3049 5617 καὶ
3074 5562 3418 5633 ἀναδέχομαι
3450 5566 3547 5618 καὶ
3576 5566 3643 5617 τὰ
3674 5567 3763 5617 ἄν-

2175 5662 2298 5729 ἀξια
2329 5661 2429 5730 τῆς
2470 5660 2609 5730 ἐμῆς
2648 5658 2923 5729 θεότητος,
2958 5657 3045 5711 ἴνα
3084 5656 3246 5729 ὑμεῖς
3292 5658 3532 5729 σωθῆτε.
3569 5660 3759 5730 Λύχντιν
