3936 6420
162 329 304 400 1277

879 345 1028 407 ENA
1042 349 1327 413 ΗΒΑΤῙΟ
1372 354 1452 414 ιχ
1496 357 1743 420 EVANU

1850 362 2002 425 ill-1M
2041 367 2388 434 JOANNIS.
2429 399 2495 410 -
2533 375 2694 437 CAP.
2738 378 2803 439 ν.

3357 385 3495 452 1278

162 448 226 502 δὲ
262 450 552 519 καιόμενον
589 452 677 505 τὸν
714 454 970 526 Ἰωάννην
1004 462 1174 530 φησι,
1210 465 1395 528 καθὼς
1430 470 1526 520 καὶ
1562 469 1626 521 ἐκ
1661 470 1743 539 γῆι

168 536 223 559 ,ν
266 556 279 559 -
314 542 357 559 γε
434 542 458 559 αι
495 544 507 558 ι
569 547 581 559 ι
845 550 856 559 ι
934 552 946 559 -
1056 554 1076 559 μ
1150 556 1164 559 -
1406 558 1422 559 π

1874 480 2105 532 mor-iam
2142 483 2344 539 reduco
2376 483 2605 541 Joannis
2646 486 3019 545 testimonium
3050 508 3064 559 ;
3101 493 3287 548 omnia
3338 496 3481 549 iacio

161 536 285 612 εἷοχε
305 542 406 612 τὴν
429 542 740 610 διάπλασιν,
772 550 868 601 καὶ
894 552 995 605 οὐκ
1021 554 1235 608 οἴκοθεν
1261 559 1320 609 τὸ
1349 558 1491 628 φῶς,
1518 560 1637 614 ἀλλ’

160 634 270 703 τῆς
290 636 386 690 τοῦ
419 637 739 708 Πνεύματος
765 643 990 711 χάριτος
1019 648 1115 699 καὶ
1146 648 1680 723 πρόσκαιρον.”Αμα
1702 672 1763 708 τε

160 728 277 796 γὰρ
316 729 491 801 ἐφάνη
533 731 566 801 ἠ
606 731 701 784 τοῦ
750 736 957 806 Κυρίου
1000 739 1219 809 ἡμέρα,
1250 741 1371 812 ἦτοι
1416 743 1762 811 διδασκαλία,

160 822 262 873 καὶ
299 823 591 894 ἁπκρύὸη
624 826 656 878 ὀ
691 825 907 900 λύχνος.
946 828 1140 899 Ὑμεῖς
1173 833 1230 886 δὲ
1255 876 1267 900 ,
1304 835 1444 907 πρὸς
1478 835 1630 909 ὥραν
1666 821 1791 909 μὲν

156 912 494 978 ἀπεδέξασθε
534 916 606 970 τᾶ
648 919 918 990 εἰρημένα
957 925 1090 994 παρ’
1122 925 1314 991 αὐτοῦ,
1360 932 1457 982 καὶ
1496 931 1766 1001 ὴγαλλιά-
1800 931 1804 935 “

160 1005 331 1079 σθητε
362 1008 420 1061 ιν
449 1008 602 1091 αὐτῷ
622 1026 637 1040 ο
671 1006 794 1065 εἶτα
824 1013 1211 1087 ἐπιλαθόμενοι
1243 1012 1320 1073 ὧν
1350 1021 1483 1093 περὶ
1512 1023 1651 1092 ἐμοῦ
1685 1019 1764 1077 εῐ-

158 1116 287 1177 πεν,
328 1102 585 1172 ἔμεινατε
623 1107 719 1159 ἐπὶ
758 1108 858 1177 τῆς
899 1111 1177 1181 προτέρας
1218 1113 1505 1180 ἀπιστίας.
1548 1116 1612 1169 Εἰ
1653 1117 1761 1189 γὰρ

156 1192 356 1263 ικεενῳ
388 1193 537 1263 ἅπαξ
574 1197 811 1267 βεϐαίως
845 1202 1233 1268 ἐπιστεύσατε,
1265 1206 1480 1278 ταχέως
1512 1209 1583 1264 ἂν
1612 1211 1761 1282 ὑμᾶς

154 1284 298 1356 πρὸς
324 1287 424 1359 τὴν
452 1289 592 1361 ἐμὴν
624 1290 1039 1364 ἐχειρωγώγησε
1071 1294 1279 1351 πίστιν.

234 1596 255 1629 σ
306 1576 447 1646 Ἐγὼ
481 1578 538 1632 δὲ
573 1578 683 1651 ἔχω
713 1580 816 1652 τὴν
856 1584 1169 1656 μαρτυρίαν
1204 1561 1382 1658 μειξω
1412 1589 1509 1643 τοῦ
1555 1589 1745 1644 Ἰωάν-

148 1682 270 1720 νου.
314 1668 395 1723 Τὰ
441 1670 552 1741 γὰρ
602 1670 742 1741 ἔργα
788 1671 827 1728 ἃ.
864 1673 1037 1730 ἔδωκέ
1071 1694 1164 1748 μοι
1214 1680 1243 1733 6
1290 1680 1504 1751 Πατὴρ,
1538 1680 1627 1735 ἵνα
1663 1700 1755 1735 τε·

149 1760 370 1817 λιιώσω
420 1765 583 1831 αὐτὰ,
621 1766 764 1821 αὑτά
792 1768 863 1821 τὰ
893 1770 1032 1841 ἔργα
1071 1771 1109 1827 ἃ
1136 1771 1251 1841 ἐγὼ
1281 1776 1444 1839 ποιῶ,
1484 1780 1756 1847 μαρτυρεῖ

146 1856 283 1927 περὶ
328 1856 488 1926 ἐμοῦ,
560 1828 645 1911 ότι
699 1860 729 1912 6
784 1828 984 1934 Πατήρ
1039 1880 1108 1935 με
1162 1828 1522 1921 ἀπέσταλκε-ο
1562 1828 1682 1922 ἒιιαλ.⁸
1728 1828 1835 1921 6B

146 1948 382 2020 πέμψας
414 1968 483 2020 με
519 1952 737 2023 Πατὴρ,
778 1955 943 2021 αὐτὸς
974 1957 1375 2031 μεμαρτύρηκε
1408 1960 1540 2031 περὶ
1569 1960 1706 2030 ἐμοῦ
1738 1978 1753 1992 ο

142 2040 276 2098 οὗτε
322 2042 510 2113 φωνὴν
556 2043 723 2099 αὑτοῦ
779 2048 1061 2114 ἀκηκόατε
1108 2050 1334 2105 πώποτε
1357 2093 1373 2116 ,
1435 2052 1561 2107 οὕτε
1613 2049 1755 2117 εἶδος

142 2133 318 2189 αὐτοῦ
363 2136 673 2207 ἑωράκατε,
734 2139 828 2193 καὶ
875 2140 969 2194 τὸν
1019 2141 1183 2211 λόγον
1215 2144 1383 2198 αὑτοῦ
1437 2146 1542 2199 οὐκ
1599 2144 1754 2218 ἔχετε

144 2228 383 2302 μένοντα
430 2230 491 2284 ιν
541 2230 673 2303 ὑμῖν
696 2248 711 2262 ·
747 2233 833 2286 ὅτι
874 2232 935 2288 ὃν
974 2235 1267 2290 ἀπέστειλε
1304 2237 1535 2304 ἐκεῖνος,
1573 2239 1754 2309 τούτῳ

142 2322 309 2392 ὑμεῖς
354 2323 415 2377 οὐ
468 2322 782 2380 πιστεύετε.
840 2346 862 2381 ι
922 2327 1317 2402 Ἐμαρτύρησε
1378 2331 1503 2404 μὲν,
1559 2331 1751 2402 φησὶν,

152 2412 417 2486 Ἰωάννης
473 2417 606 2489 περὶ
658 2416 821 2489 ἐμοῦ,
898 2420 1157 2492 Ἰωάννης
1217 2425 1247 2476 ὁ
1303 2424 1528 2486 πάντων
1572 2423 1751 2478 δοκῶν

140 2507 279 2579 ὑμῖν
304 2507 781 2576 ἀξιοπιστότατος.
826 2512 982 2567 Ἐπεὶ
1013 2514 1073 2567 δὲ
1095 2514 1247 2579 εῑκὺς
1272 2496 1748 2587 εὑρεθῆναίτινας

139 2601 517 2672 συκοφάντας,
564 2602 616 2655 οἳ
656 2603 822 2675 τυχὸν
869 2604 1081 2679 ἄροῦσι·
1136 2608 1253 2663 Καὶ
1296 2609 1351 2662 τι
1384 2610 1523 2680 πρὸς
1564 2611 1746 2680 ἡμᾶς

152 2694 415 2766 Ἰωάννης
459 2694 751 2768 ὲχαρίζετό
797 2715 904 2766 σοι,
952 2699 1048 2753 καὶ
1093 2700 1184 2756 διὰ
1224 2700 1386 2755 τοῦτο
1419 2702 1489 2756 τὰ
1517 2704 1749 2774 χρηστός-

132 2802 276 2858 np:
334 2786 739 2860 ἐπεμαρτύριιο
794 2788 1235 2863 ’Υμεϊςίφησὶη
1275 2792 1562 2865 ἐπέμψατε
1607 2796 1747 2866 πρὸς

152 2879 435 2951 Ἰωάννην,
485 2883 584 2936 καὶ
610 2882 959 2954 ἠρωτήσατε,
989 2884 1168 2958 ἁληθῆ
1202 2886 1423 2951 πάντως
1462 2887 1627 2943 αὐτὸν
1658 2905 1746 2943 νο-

140 2972 420 3044 μίζοντες.
465 2975 614 3045 Πλὴν
666 2975 776 3047 ἔχω
825 2976 924 3031 καὶ
981 2978 1151 3049 ἄλλην
1203 2981 1515 3053 μαρτυρίαν
1568 2982 1743 3052 μείζω

129 3064 234 3120 τοῦ
276 3064 543 3121 Ἰωάννου.
580 3066 663 3121 Τὰ
694 3067 831 3138 ἔργα
871 3070 968 3124 καὶ
1023 3069 1061 3125 ἃ
1094 3070 1268 3127 ἔδωκέ
1318 3091 1410 3144 μοι
1446 3074 1476 3127 6
1521 3072 1739 3147 Πατὴρ,

1874 583 1927 627 et
1957 574 2163 644 recipio
2197 576 2363 632 etiam
2412 564 2637 651 indigna
2690 597 2810 638 mea
2842 583 3067 651 deitate,
3102 597 3160 640 ut
3205 602 3303 644 vos
3352 589 3489 643 salvi

1874 666 2041 722 ﬁalis.
2074 666 2380 726 Lucernam
2413 682 2597 728 autem
2648 675 2933 730 ardentem
2991 674 3263 733 Joannem
3316 680 3488 745 dicit,

1870 775 1937 815 eo
1966 763 2111 831 quod
2146 765 2213 817 de
2248 775 2392 819 terra
2424 765 2591 821 habet
2620 766 3034 836 formationem,
3065 781 3123 826 et
3151 789 3259 828 non
3294 789 3393 844 per
3425 790 3489 830 se

1869 855 2049 925 ipsum
2083 863 2169 913 est
2202 858 2409 923 lumen,
2445 861 2542 916 sed
2575 876 2605 914 a
2639 862 2817 931 gratia
2862 864 3129 933 Spiritus,
3171 880 3238 920 ac
3271 874 3487 937 tempo-

1869 950 2101 1006 rarium.
2165 952 2237 1005 At
2283 954 2375 1009 ubi
2436 957 2690 1024 apparuit
2746 957 2866 1012 dies
2923 955 3166 1022 Domini,
3217 959 3324 1016 hoc
3374 970 3483 1025 est,

1867 1045 2141 1111 doctrina,
2177 1046 2397 1101 occulta
2442 1056 2531 1102 est
2582 1047 2834 1105 lucerna.
2871 1048 3042 1120 578
3069 1052 3346 1107 Caeterum
3381 1068 3480 1109 vos

1866 1140 1935 1193 ad
1973 1139 2165 1194 horam
2190 1138 2413 1208 quidem
2456 1141 2747 1207 recepistis
2795 1156 2858 1195 ea
2911 1157 3033 1210 qua:
3073 1143 3142 1199 ab
3193 1144 3287 1199 illo
3338 1144 3481 1203 dicta

1865 1238 2014 1295 sunt,
2050 1239 2101 1284 et
2138 1228 2430 1286 exultastis
2470 1228 2524 1284 in
2575 1231 2720 1300 ipso,
2761 1237 2816 1285 et
2856 1232 3055 1288 deinde
3083 1232 3239 1289 obliti
3284 1250 3480 1290 eorum

1863 1338 1987 1391 quze
2022 1322 2090 1377 de
2119 1338 2205 1377 me
2243 1321 2419 1386 dixit,
2454 1324 2742 1379 mansistis
2778 1324 2831 1378 in
2866 1324 3040 1392 priori
3069 1326 3475 1382 incredulitate.

1861 1412 2002 1467 Nam
2050 1414 2098 1468 si
2154 1413 2228 1467 illi
2262 1413 2434 1469 semel
2491 1412 2727 1469 ﬁrmiter
2754 1415 3157 1485 credidissetis,
3200 1419 3479 1489 quampri-

1860 1521 2009 1561 mum
2048 1521 2145 1561 vos
2167 1505 2236 1562 ad
2268 1520 2444 1561 meam
2470 1506 2790 1563 adduxisset
2820 1507 3006 1563 ﬁdem.
3392 1533 3394 1535 ν

1931 1599 2100 1657 Vens.
2131 1600 2323 1656 56-38.
2364 1620 2384 1653 ι
2417 1601 2487 1657 At
2526 1615 2629 1673 ego
2662 1602 3043 1657 testimonium
3078 1586 3257 1657 habeo
3285 1600 3463 1671 majus

1860 1691 2179 1748 testimonio
2226 1691 2477 1748 Joannis.
2530 1691 2709 1765 Opera
2752 1694 2899 1750 enim
2944 1694 3277 1764 qum|dedit
3336 1695 3473 1750 mihi

1868 1785 2029 1841 l’ater
2080 1798 2141 1842 ut
2208 1787 2491 1858 perﬁciam
2536 1802 2624 1854 ea,
2679 1787 2794 1857 ipsa
2842 1801 3009 1857 opera
3056 1802 3207 1858 quaa-
3251 1804 3354 1857 ego
3395 1789 3474 1841 l'u-

1864 1879 1981 1943 cio,
2037 1879 2412 1934 testimonium
2482 1879 2773 1950 perhibent
2821 1882 2891 1935 de
2938 1896 3058 1945 me,
3118 1883 3263 1949 quod
3316 1880 3476 1936 Pater

1862 1989 1949 2029 me
2006 1972 2242 2028 miserit.
2301 1972 2367 2027 Et
2423 1972 2513 2042 qui
2582 1972 2733 2027 misit
2793 1988 2881 2028 me
2933 1971 3133 2037 Pater,
3197 1974 3315 2043 ipse
3391 1983 3474 2028 te-

1860 2073 2038 2121 status
2079 2074 2166 2121 est
2212 2067 2282 2121 de
2322 2079 2448 2120 me:
2494 2080 2672 2135 neque
2701 2080 2892 2120 vocem
2942 2064 3065 2136 ejus
3094 2080 3336 2135 unquam
3370 2079 3473 2120 au-

1859 2159 2044 2224 distis,
2087 2172 2267 2227 neque
2310 2157 2548 2227 speciem
2581 2157 2701 2228 ejus
2756 2158 2993 2225 vidistis,
3046 2166 3103 2212 et
3160 2172 3472 2213 sermonem

1857 2251 1976 2318 ejus
2009 2266 2118 2305 non
2169 2250 2387 2305 habetis
2435 2250 2490 2305 in
2543 2250 2703 2305 vobis
2741 2260 3087 2316 manentem,
3139 2251 3271 2321 quia
3306 2263 3471 2320 quem

1857 2342 2006 2399 misit
2034 2341 2146 2408 ille,
2199 2324 2269 2399 ein
2298 2356 2397 2398 vos
2428 2328 2544 2397 non.
2587 2338 2837 2398 Creditis.
2876 2360 2897 2394 ι
2945 2341 3208 2397 Testatus
3247 2339 3471 2412 quidem

1854 2445 1941 2494 est
1970 2434 2213 2493 Joannes
2246 2437 2314 2493 de
2351 2450 2440 2492 me
2475 2435 2569 2507 qui
2611 2433 2770 2492 vobis
2806 2435 3057 2491 omnium
3090 2435 3337 2489 maxime
3367 2432 3473 2489 ﬁde

1857 2530 2056 2599 dignus
2090 2528 2425 2584 videbatur:
2464 2536 2852 2584 verumtamen
2890 2528 3019 2597 quia
3049 2525 3354 2584 verisimile
3385 2534 3476 2581 est

1853 2623 1973 2678 fore
2004 2621 2274 2693 quosdam
2307 2622 2682 2694 sycophantas
2723 2620 2821 2690 qui
2863 2618 3123 2678 fortassis
3152 2617 3362 2681 dicent,
3404 2616 3472 2672 Et

1856 2717 1985 2786 quid
2011 2716 2080 2770 ad
2116 2715 2261 2771 nos?
2286 2715 2333 2770 si
2362 2711 2606 2770 Joannes
2628 2713 2933 2787 gratiﬁcari
2971 2714 3073 2769 tibi
3106 2712 3382 2771 voluerat.
3414 2720 3507 2765 et"

1849 2823 2142 2882 propterea
2187 2807 2479 2865 blandiora
2528 2807 2781 2879 quaedam
2824 2815 3120 2864 attestatus
3160 2804 3281 2860 est?
3331 2800 3468 2870 Vos,

1849 2904 2049 2972 inquit,
2082 2901 2316 2958 misistis
2340 2903 2409 2956 ad
2436 2900 2733 2967 Joannem,
2774 2908 2833 2956 et
2857 2898 3265 2967 interrogastis,
3308 2911 3470 2953 vera-

1846 3012 1967 3053 cetn
1998 3011 2099 3067 per
2134 2996 2323 3053 omnia
2348 2992 2502 3055 illum
2530 2993 2943 3051 existimantes.
2980 2990 3383 3048 Verumtamen
3409 3002 3469 3044 et

1843 3108 1946 3165 ego
1972 3093 2118 3153 aliud
2149 3091 2521 3148 testimonium
2560 3089 2740 3147 habeo
2782 3088 2961 3159 majus
3011 3085 3244 3145 Joanne.
3285 3084 3469 3148 Opera

130 3158 470 3224 τουτέστινν
492 3160 745 3216 ’Δνέϐετό
777 3181 867 3233 μοι
901 3165 930 3217 6
971 3164 1186 3239 Πατὴρ,
1219 3167 1307 3222 ἴνα
1342 3166 1741 3223 τελειιίισωαὺ-

1850 3158 1993 3240 enim
2029 3198 2154 3254 quae
2186 3182 2339 3239 dedit
2382 3176 2519 3238 mihi
2574 3179 2763 3248 Pater,
2806 3179 2914 3236 hoc
2960 3188 3068 3245 est,
3102 3192 3229 3249 qua:
3273 3176 3472 3233 statuit-

127 3249 227 3315 τὰ,
259 3250 601 3322 μαρτυροῦσι
632 3253 762 3324 περὶ
804 3252 967 3324 ἐμοῦ.
994 3254 1159 3323 Λέγει
1188 3257 1245 3310 δὲ
1276 3255 1437 3327 ἔργα,
1492 3258 1562 3313 τὰ
1610 3259 1753 3314 liciti--~

133 3359 289 3413 ματα
318 3342 518 3415 δήπου,
550 3336 665 3397 οἷον
691 3345 792 3414 τὴν
814 3344 911 3399 τοῦ
938 3346 1259 3418 παραλύτου
1291 3349 1621 3421 ἁνόρθωσιν,
1642 3353 1742 3405 καὶ

126 3434 203 3489 τὰ
234 3434 419 3490 λοιπά.
464 3436 619 3489 Ἐπεὶ
648 3436 708 3491 δὲ
734 3439 1030 3495 ἐνεκάλουν
1056 3440 1229 3512 αἰτῷ,
1257 3441 1342 3495 ὅτι
1369 3443 1427 3497 ὲν
1467 3428 1739 3516 Σαϐϐάτῳ

104 3526 306 3582 ’ταῦτα
336 3530 510 3594 ποιεῖ,
539 3528 811 3599 λέγοντες,
842 3531 925 3585 ὅτι
954 3550 974 3582 ¢
1011 3534 1128 3587 Ούκ
1161 3534 1312 3588 ἐστιν
1352 3537 1417 3589 ἐκ
1451 3536 1549 3590 τοῦ
1575 3520 1749 3603 Θεοῦ,

118 3622 212 3675 ὅτι
231 3621 293 3674 τὸ
321 3621 600 3676 Σάίδατον
642 3624 703 3677 οὐ
731 3627 959 3696 τηρεῖν»
988 3626 1261 3683 δείκνυσιν
1304 3630 1512 3697 αὐτοῖς,
1559 3632 1641 3685 ὅτι
1666 3632 1739 3686 τὰ

122 3710 209 3784 τῷ
242 3712 418 3784 Πατρὶ
446 3712 745 3783 δεδογμένα
771 3718 936 3782 ποιεῖ,
956 3718 1050 3772 καὶ
1074 3719 1158 3772 ὅτι
1188 3721 1389 3791 μᾶλλον
1407 3724 1472 3791 ὲκ
1487 3723 1578 3775 τοῦ
1598 3723 1736 3777 Θεοῦ

125 3809 273 3872 ἐστι,
307 3804 493 3869 καθὼς
523 3807 593 3861 τὰ
623 3807 778 3880 παρὰ
798 3809 895 3863 τοῦ
926 3810 1065 3864 Θεοῦ
1096 3812 1360 3885 δεδομένα
1408 3814 1563 3887 αὐτῷ
1596 3815 1737 3887 ἔργα

121 3895 293 3953 τελεῖ.
336 3914 356 3951 t
394 3898 477 3950 Τὰ
502 3896 613 3969 γὰρ
651 3897 812 3971 ἔργα,
845 3901 1035 4003 φησὶν,
1066 3901 1104 3957 ἃ.
1133 3902 1305 3959 ἐδωκέ
1338 3921 1431 3976 μοι
1456 3907 1485 3959 6
1517 3908 1734 4003 ﬂat-iqp‘,

123 3989 220 4044 ἵνα
239 3988 516 4043 τελειώσω
538 3990 698 4055 αὑτά.
731 4009 751 4043 ι
784 3992 944 4047 Ἐπεὶ
965 3989 1060 4048 οῦν
1086 3996 1116 4049 ὁ
1142 3996 1339 4067 Πατὴρ
1365 3996 1568 4052 δέδωκε
1600 3988 1736 4053 ταῦῖι

119 4100 218 4151 τα,
269 4084 430 4155 ὑμεῖς
462 4087 588 4138 ἐστε
611 4085 857 4140 ἀντίθεοι
897 4088 947 4141 οἱ
974 4089 1384 4159 ἐναντιούμενοι
1410 4094 1524 4156 τοῖς
1557 4093 1736 4147 τοιού-

119 4192 243 4239 τοις
271 4174 508 4247 ἔργοις(
547 4178 661 4230 Καὶ
683 4177 710 4229 6
733 4179 959 4248 πέμψας
990 4198 1059 4251 με
1084 4183 1298 4254 Πατὴρ,
1327 4184 1490 4247 αὐτὸς
1518 4202 1735 4258 μεμαρ·

118 4270 336 4341 τύρηκε
362 4271 490 4341 περὶ
515 4270 674 4342 ἐμοῦ.
708 4290 727 4324 ι
756 4274 868 4327 Ποῦ
889 4275 915 4327 δ
976 4277 1377 4350 μεμαρτύρηκε
1409 4280 1542 4350 περὶ
1562 4280 1732 4335 αὑτοῦ

120 4364 155 4416 6
180 4363 410 4436 Πατήρ;
440 4362 601 4429 Τινὲς
630 4366 732 4435 μὲν
752 4366 911 4435 λέγου
960 4388 1030 4437 ιν,
1063 4370 1141 4435 ὡς
1170 4372 1264 4425 ἐπὶ
1282 4370 1380 4426 τοῦ
1411 4373 1735 4445 βαπτίσμα-

117 4473 239 4524 τος,
284 4458 419 4513 ὅταν
452 4453 639 4512 εἶπενο
689 4478 708 4512 ι
766 4454 896 4515 Οὗτι
970 4464 1122 4517 ἐστιν
1165 4464 1195 4516 6
1222 4464 1352 4529 Υἱός
1386 4482 1491 4537 μου
1530 4467 1560 4521 6
1593 4467 1734 4535 ἀγα·

1845 3279 1979 3334 mihi
2034 3277 2200 3333 Pater
2266 3285 2327 3331 ut
2403 3273 2827 3347 perﬁciam,.ea
2889 3280 3172 3329 testantur
3233 3269 3304 3326 de
3354 3284 3466 3324 me.

1846 3370 1991 3427 Dicit
2043 3380 2229 3425 autem
2283 3382 2476 3439 opera,
2523 3366 2800 3423 mirabilia
2852 3365 2947 3421 illa
3000 3364 3239 3427 scilicet,
3301 3361 3469 3433 quale

1844 3461 1957 3518 fuit
2008 3460 2300 3533 paralytici
2358 3460 2662 3525 restitutio,
2704 3467 2815 3514 etc.
2876 3456 3272 3513 Verumtamen
3332 3454 3467 3527 quia

1842 3554 2147 3625 arguebant
2174 3569 2299 3608 eum
2324 3552 2471 3622 quod
2505 3553 2559 3608 in
2590 3550 2838 3607 Sabliato
2865 3551 2980 3606 inec
3005 3548 3215 3607 faceret
3262 3550 3457 3606 dicen-

1845 3657 1970 3705 tes:
2020 3665 2041 3699 ι
2082 3647 2186 3702 Hic
2241 3661 2346 3701 non
2377 3654 2462 3701 est
2508 3660 2576 3701 es
2626 3644 2762 3711 Deo,
2797 3646 2926 3717 quia
2982 3644 3288 3701 Sabbatum
3342 3659 3451 3699 non

1843 3748 2029 3796 servat
2060 3739 2129 3806 ⁸ο,
2163 3759 2182 3793 ι
2213 3739 2458 3795 ostendit
2491 3739 2573 3793 eis
2599 3739 2745 3810 quod
2774 3738 2944 3795 iaciat
2972 3754 3037 3794 ea
3069 3754 3192 3809 qua:
3221 3753 3251 3791 a
3285 3737 3453 3793 Patre

1842 3833 2086 3892 decreta.
2113 3839 2170 3886 ct
2213 3831 2359 3899 quod
2383 3832 2557 3900 magis
2589 3845 2619 3885 a
2658 3831 2772 3886 Deo
2810 3831 2905 3897 sit,
2936 3845 3002 3885 eo
3039 3831 3188 3901 quod
3217 3826 3463 3901 injuncta

1843 3925 1949 3980 sibi
1982 3938 2012 3978 a
2044 3923 2161 3980 Deo
2198 3938 2368 3994 opera
2397 3922 2586 3980 faciat.
2625 3941 2647 3977 ι
2677 3924 2857 3993 Opera
2891 3926 3066 3994 enim,
3109 3924 3313 3995 inquit,
3342 3940 3466 3992 qua:

1841 4015 1996 4071 dedit
2034 4015 2167 4070 mihi
2222 4016 2389 4069 Pater
2438 4023 2499 4069 ιιι
2545 4015 2834 4086 perﬁciam
2881 4031 2969 4072 ea.
3032 4035 3053 4069 ι
3116 4016 3257 4086 Quia
3294 4016 3466 4089 igitur

1845 4107 2009 4163 Pater
2030 4107 2185 4162 dedit
2217 4108 2353 4161 mibi
2401 4107 2517 4173 illa,
2552 4123 2648 4164 vos
2682 4109 2817 4165 estis
2852 4110 2965 4165 Deo
2998 4108 3327 4173 adversarii,
3362 4110 3458 4180 qui

1840 4200 1946 4255 illis
1984 4199 2240 4269 operibus
2272 4200 2679 4268 adversamini;
2730 4210 2787 4256 ct
2824 4202 2919 4272 qui
2962 4201 3115 4257 misit
3159 4216 3247 4257 me
3274 4200 3461 4265 Patcr,

1838 4294 1957 4361 ipse
1994 4300 2229 4346 testatur
2258 4293 2326 4348 de
2367 4307 2479 4348 me.
2513 4291 2619 4349 Ubi
2658 4300 2842 4348 autem
2891 4302 3133 4349 testatus
3162 4302 3248 4349 est
3283 4296 3351 4348 de
3388 4309 3457 4349 co

1838 4382 2046 4439 Pater?
2076 4382 2313 4451 Quidam
2351 4384 2540 4440 dicunt
2578 4386 2726 4455 quod
2757 4384 2811 4440 iu
2848 4383 3212 4457 baptismate,
3235 4386 3460 4456 quando

1839 4477 2074 4545 dixitu
2129 4475 2230 4533 llic
2274 4484 2360 4533 est
2385 4477 2563 4534 Filius
2609 4493 2764 4534 meus
2811 4479 3047 4535 dilectus
3068 4479 3139 4535 υ.
3186 4497 3206 4531 ι
3247 4478 3463 4549 Opinor

116 4549 323 4620 πητός.
374 4569 394 4603 ι
448 4552 720 4620 Κρείττον
766 4552 826 4606 δὲ
874 4549 1031 4626 οἴμαι
1073 4558 1239 4623 νοεῖν,
1290 4557 1374 4612 ὅτι
1421 4558 1515 4613 διὰ
1545 4558 1731 4630 πάσης

1850 4579 2024 4625 autem
2049 4568 2197 4641 quod
2235 4569 2412 4642 magis
2446 4571 2720 4643 intelligat
2743 4572 2888 4641 quod
2922 4586 3024 4642 per
3049 4581 3271 4628 omnem
3302 4572 3458 4629 Scri-

116 4642 226 4712 τῆς
260 4641 488 4713 Γραφῆς
523 4644 882 4716 ἐμαρτύρησε
927 4648 1061 4717 περὶ
1094 4648 1264 4703 αὐτοῦ
1300 4650 1329 4703 6
1360 4649 1516 4717 Θεὸς,
1552 4650 1643 4706 διά
1672 4669 1733 4705 τε

116 4733 220 4788 τοῦ
251 4735 421 4806 νόμου
454 4738 553 4789 καὶ
591 4735 704 4791 τῶν
741 4741 1065 4811 προφητῶν,
1126 4742 1269 4796 Ἀλλ’
1299 4744 1484 4815 ὑμεῖς,
1540 4747 1729 4817 φησὶν,

118 4824 253 4880 οὔτε
305 4827 494 4896 φωνὴν
548 4827 721 4880 αὑτοῦ
764 4830 1070 4900 ἀκηκόατε,
1121 4832 1219 4886 τοῦ
1285 4835 1501 4906 Πατρὸς
1560 4836 1729 4906 λέγω,

116 4917 252 4973 οὔτε
318 4916 463 4982 εἶδος
525 4920 695 4973 αὐτοῦ
766 4922 1090 4993 ἑωράκατε,
1169 4925 1311 4979 ἀλλὰ
1374 4929 1731 4983 παντάπασιν

115 5012 402 5090 ἄγνωστος
450 5010 582 5081 ὑμῖν
624 5015 766 5066 ἐστι*
802 5015 941 5069 διότι
988 5016 1205 5071 καὶτὸν
1230 5017 1391 5090 λόγον
1431 5019 1599 5077 αὐτοῦ
1629 5021 1731 5077 οὐκ

117 5088 275 5171 ἔχετε
311 5101 548 5172 μένοντα
591 5102 653 5155 ὲν
686 5102 855 5173 ὑμῖν·
896 5109 1174 5175 τουτέστι,
1226 5088 1338 5175 Τὰς
1372 5112 1600 5184 Γραφὰς
1628 5115 1731 5179 τὰς

115 5193 251 5265 περὶ
294 5191 436 5264 ἐμοῦ
490 5196 887 5266 μαρτυρούσας
926 5200 1030 5254 οὐκ
1058 5200 1265 5267 οἴδατε,
1311 5206 1361 5259 ei
1388 5207 1485 5259 καὶ
1516 5206 1729 5263 δοκεῖτε

115 5285 203 5338 ὅτι
245 5284 454 5350 οἴδατε,
485 5287 585 5342 καὶ
638 5290 946 5360 καυχᾶσθε,
990 5294 1067 5359 ὼς
1110 5296 1178 5349 τὰ
1228 5297 1404 5366 Λόγια
1434 5299 1533 5355 τοῦ
1584 5300 1727 5356 Θεοῦ

117 5376 607 5445 ἑμπιστευθὲντες.
663 5380 837 5444 Πόθεν
874 5384 1055 5455 δῆλον,
1110 5390 1195 5442 ὅτι
1240 5391 1343 5446 οὐκ
1394 5393 1576 5448 οἴδατε
1622 5394 1725 5462 τὰς

111 5468 373 5540 Γραφάςο
407 5488 428 5523 ‹
466 5472 595 5527 Ὅτι
626 5473 687 5527 ὃν
711 5476 1036 5532 ἀπέστειλεν
1065 5482 1298 5551 ἐκεῖνος,
1343 5487 1524 5559 τούτῳ
1560 5490 1720 5561 ὑμεῖς

114 5560 179 5615 οὐ
210 5561 524 5618 πιστεύετε.
561 5583 580 5615 ι
623 5566 840 5639 Ὠσπερ
872 5568 968 5624 οῦν
996 5573 1123 5626 οὔτε
1166 5575 1354 5649 φωνὴν
1385 5579 1524 5634 Θεοῦ
1557 5560 1718 5653 ἡκού-

118 5671 251 5711 σατε
285 5656 369 5727 (οὐ
417 5657 527 5728 γὰρ
558 5658 674 5729 ἔχει
715 5664 903 5734 φωνὴν
948 5665 977 5715 6
1025 5666 1158 5730 Θεὸς
1215 5671 1530 5745 αἰσθητὴν),
1584 5676 1712 5733 οὔτε

189 5838 234 5871 δε
278 5837 436 5896 Jeau.
478 5856 553 5902 tx.
597 5844 674 5899 lG.
762 5846 993 5903 "il-1"}!
1052 5866 1177 5905 xm.
1220 5852 1267 5907 ὃ.

1837 4669 2056 4732 pturam
2108 4671 2349 4731 testatus
2399 4664 2476 4719 sit
2529 4665 2597 4718 de
2643 4680 2711 4718 eo
2747 4663 2913 4732 Deus,
2973 4676 3083 4719 tam
3132 4682 3230 4737 per
3277 4666 3457 4737 legem

1836 4770 1999 4826 quam
2028 4771 2126 4828 per
2157 4757 2480 4829 prophetas.
2519 4777 2537 4809 ι
2598 4758 2706 4814 Sed
2746 4775 2866 4823 vos,
2915 4761 3117 4831 inquit,
3151 4776 3330 4832 neque
3362 4779 3458 4817 vo-

1836 4858 1965 4903 cem
1990 4849 2113 4920 cjus
2156 4851 2414 4913 audistis,
2455 4850 2657 4919 Patris,
2717 4855 2963 4924 inquam,
2996 4870 3177 4925 neque
3210 4858 3453 4926 speciem

1834 4938 1959 5009 ejus
2010 4940 2244 4996 vidistis.
2306 4959 2328 4994 ι
2392 4941 2522 4998 ideo
2573 4944 2834 5001 omnibus
2894 4945 3075 5003 modis
3139 4947 3455 5017 incognitus

1837 5034 2000 5089 vobis
2023 5044 2133 5090 est.
2178 5032 2309 5092 ideo
2346 5044 2404 5092 et
2436 5051 2751 5093 sermonem
2793 5038 2916 5110 ejus
2953 5054 3061 5094 non
3096 5039 3310 5096 habetis
3333 5055 3456 5096 ma-

1832 5136 2059 5183 nentem
2108 5128 2164 5184 in
2203 5129 2396 5198 vobis;
2449 5129 2555 5187 hoc
2586 5139 2694 5196 est,
2737 5130 3056 5203 Scripturas
3102 5148 3227 5204 qum
3253 5133 3322 5191 de
3366 5148 3455 5192 me

1834 5228 2131 5287 testantur,
2166 5220 2431 5278 nescitis:
2472 5222 2693 5277 tametsi
2730 5222 3028 5279 videamini
3076 5224 3223 5280 scire
3248 5233 3305 5281 et
3336 5224 3454 5297 glo-

1832 5309 1965 5365 riari
2020 5310 2076 5366 in
2112 5311 2349 5383 eloquiis
2403 5313 2497 5369 Dei
2551 5328 2673 5383 qua!
2716 5315 2872 5370 vobis
2926 5318 3243 5373 concredita
3294 5326 3445 5371 sunt.

1836 5398 1979 5457 Hinc
2014 5412 2200 5459 autem
2256 5404 2643 5462 manisi‘estum
2693 5408 2839 5477 quod
2877 5408 3143 5464 nesciatis
3195 5408 3450 5480 Scriptu-

1830 5508 1943 5560 ras,
1972 5496 2099 5566 quia
2132 5514 2153 5549 ‹
2175 5496 2224 5553 ei
2252 5512 2414 5567 quem
2478 5498 2568 5553 ille
2604 5500 2775 5565 misit,
2804 5515 2913 5555 nou
2940 5500 3187 5557 creditis.
3226 5519 3246 5553 ι
3273 5499 3445 5571 Igitur

1829 5589 1977 5645 sicut
2016 5604 2195 5662 neque
2235 5606 2424 5647 vocem
2463 5592 2556 5648 Dei
2593 5593 2886 5650 audivistis
2920 5595 3054 5665 (non
3086 5595 3234 5651 enim
3278 5595 3445 5651 habet

1829 5682 1973 5741 Deus
1995 5699 2183 5741 vocem
2217 5687 2581 5758 sensibiicm),
2637 5702 2814 5759 neque
2854 5691 3091 5759 speciem
3150 5672 3268 5759 ejus
3299 5688 3438 5744 vidi-
