3936 6418
157 430 297 499 1281

835 426 1280 488 ENARRATIO
1323 427 1404 489 ΙΝ
1445 426 1955 490 EVANGELIUM
1993 426 2342 491 IOANNIS.
2386 449 2447 462 -
2475 425 2647 489 CAP.
2692 425 2807 491 VI.

3350 426 3372 491 1
3384 426 3488 491 282

163 546 339 613 σύνης
375 541 607 612 ἐκκόψαι
654 539 1005 611 βουλόμενος)
1038 556 1050 569 ·
1101 538 1261 603 ἄλλος
1309 538 1364 593 δὲ
1397 538 1706 603 ἐλεύσεται,
1745 540 1768 591 ό

1880 555 2030 595 rem.
2064 539 2219 594 Alius
2256 547 2436 593 autem
2466 538 2671 605 veniet,
2707 536 3089 594 Antichristus
3129 536 3364 603 scilicet,
3396 537 3488 611 qui

161 637 543 708 Ἀντίχριστος
578 632 844 704 δηλονότι,
896 630 956 694 ὃς
1006 629 1190 700 μέλλει
1233 628 1649 695 ἀποδεικνύναι,
1683 631 1767 683 ὅτι

161 731 331 784 αὐτός
357 731 474 781 ἐστι
504 726 667 796 μόνος
703 724 855 787 Θεός.
891 723 1024 793 Ἑμέ
1061 724 1159 793 μὲν
1191 718 1285 775 οὖν
1316 722 1408 775 τὸν
1441 724 1499 775 ἐν
1536 723 1767 793 ὀνόματι

158 820 263 874 τοῦ
292 820 507 888 Πατρὺς
530 817 780 881 ἐλθόντα,
811 815 1085 880 τουτέστι,
1110 814 1203 867 τὸν
1236 814 1466 883 λέγοντα
1489 815 1644 887 παρὰ
1668 816 1766 870 τοῦ

163 913 381 983 [Ia-.96;
412 909 776 975 ἀπεστάλθαι,
814 910 875 960 ού
910 907 1157 977 δέχεσθε,
1194 910 1403 961 ἐκεῖνον
1434 907 1491 961 δέ
1518 907 1765 975 δέξεσθε.

162 1003 339 1057 Τοῦτο
366 1002 420 1054 δέ
463 1001 753 1071 συμϐαίνει
802 1001 955 1069 ὑμῖν,
992 1000 1127 1054 διότι
1160 1002 1370 1063 ἐκεῖνος
1408 1002 1508 1072 μὲν
1536 1003 1639 1072 τὴν
1668 1001 1763 1055 τοῦ

166 1096 287 1166 βίου
332 1093 490 1159 δόξαν
541 1093 670 1163 ὑμῖν
723 1092 1140 1160 ἐπαγγελεῖται,
1190 1092 1259 1164 ἢν
1309 1094 1469 1164 ὑμεῖς
1524 1096 1766 1165 ζητεῖτε,

165 1187 419 1250 θέλοντες
467 1187 568 1256 τὴν
620 1184 774 1256 παρά
814 1185 1061 1255 ἀλλήλων
1102 1186 1263 1251 δόξαν
1310 1188 1638 1259 λαμϐάνειν,
1671 1190 1767 1243 καὶ

160 1279 265 1349 τὴν
306 1281 456 1351 παρά
480 1278 574 1331 τοῦ
604 1279 766 1347 μόνου
790 1278 927 1331 Θεοῦ
951 1279 1307 1345 διαπτύοντες
1336 1297 1349 1311 ⁶
1384 1280 1494 1347 ἐγὼ
1524 1283 1580 1336 δὲ
1610 1283 1767 1336 οὐδὲν

162 1376 227 1425 ἐν
261 1372 360 1442 βίῳ
406 1370 770 1441 περίϐλεπτον
819 1372 949 1439 ὑμῖν
984 1370 1421 1443 ἐπαγγέλλομαι,
1464 1372 1603 1427 ἀλλά
1635 1373 1769 1426 πολ-

163 1467 265 1536 λὴν
302 1467 527 1535 ἐνορᾱτε
580 1464 872 1517 δυσκολίαν
922 1466 1035 1527 τοῖς
1077 1463 1168 1517 ὑπ’
1228 1465 1364 1534 ἐμοῦ
1418 1466 1765 1535 λεγομένοις.

164 1560 269 1611 Διά
294 1556 455 1610 τοῦτο
484 1552 597 1617 οὖν,
623 1559 809 1625 φησὶν,
838 1557 962 1625 ἐμοὶ
1007 1557 1068 1609 οὑ
1123 1558 1410 1610 πιστεύετε
1438 1573 1451 1587 ·
1476 1558 1629 1611 οὐδὲν
1656 1556 1768 1626 γὰρ

161 1648 398 1719 τερπνὸν
448 1648 705 1717 βιωτικὸν
753 1647 1092 1718 προσδοκᾶτε
1134 1648 1279 1711 ἕξειν
1314 1650 1408 1701 ἀπ’
1449 1648 1611 1719 ἐμοῦ.
1657 1650 1768 1702 Καὶ

162 1740 345 1802 ἄλλως
396 1738 452 1790 δέ
483 1754 497 1767 ·
544 1757 560 1789 ι
594 1738 669 1791 Οὐ
708 1737 996 1789 πιστεύετέ
1040 1753 1154 1803 μοι,
1193 1737 1268 1799 ὡς
1294 1737 1453 1801 δόξαν
1487 1738 1586 1807 τὴν
1613 1738 1768 1809 παρά

161 1832 413 1902 ἀλλήλων
448 1831 752 1895 Θέλοντες.»
797 1832 1096 1899 Ἄρχοντες
1128 1832 1226 1900 μὲν
1255 1832 1359 1903 γάρ
1390 1834 1482 1884 καὶ
1508 1833 1762 1887 διδάσκα·

1872 648 1937 688 se
1966 641 2380 687 monstraturus
2404 632 2650 701 estquod
2672 631 2794 701 ipse
2828 628 2982 685 solus
3011 630 3084 686 sit
3118 630 3282 687 Deus.
3318 628 3492 702 Igitur

1875 740 1961 780 me
1992 725 2236 795 quidem,
2277 725 2370 795 qui
2425 725 2481 779 in
2528 726 2752 778 nomine
2796 722 2979 779 Patris
3030 725 3178 789 veni,
3231 724 3335 778 hoc
3383 733 3492 791 est,

1872 819 1997 874 dico
2029 834 2114 873 me
2161 820 2393 873 missum
2429 834 2457 873 a
2508 817 2694 885 Patre,
2747 835 2854 873 non
2888 818 3157 888 recipitis,
3198 817 3349 871 illum
3395 831 3492 870 au-

1874 923 1980 967 tem
2027 913 2332 983 recipietis.
2368 913 2539 968 Porro
2568 914 2673 968 hoc
2704 912 2831 968 ideo
2880 916 3103 968 eveniet
3148 910 3326 975 vobis,
3360 913 3488 981 quia

1872 1005 2039 1077 580
2094 1005 2185 1060 ille
2234 1006 2390 1060 vobis
2439 1005 2673 1075 gloriam
2733 1005 2859 1059 vitae
2900 1004 3269 1076 pollicebitur,
3325 1019 3490 1072 quam

1874 1114 1971 1153 vos
1998 1098 2269 1168 qnazritis,
2301 1100 2587 1169 cupientes
2629 1099 2862 1169 gloriam
2910 1108 3161 1153 mutuum
3210 1098 3487 1168 accipere,

1870 1202 1925 1246 et
1952 1201 2290 1262 respuentes
2319 1206 2506 1247 veram
2554 1191 2810 1263 gloriam,
2852 1208 2974 1263 quae
3013 1209 3041 1245 a
3075 1192 3192 1248 solo
3229 1191 3338 1246 Deo
3379 1202 3485 1246 est.

1872 1287 1986 1358 Ego
2018 1298 2202 1345 autem
2234 1290 2372 1344 nihil
2420 1290 2745 1360 praclarum
2799 1290 2956 1346 vobis
2995 1291 3044 1344 in
3084 1290 3186 1345 hac
3214 1290 3327 1345 vita
3375 1288 3490 1358 pol-

1871 1383 2066 1449 liceor,
2110 1384 2206 1439 sed
2236 1384 2435 1439 videtis
2466 1386 2696 1439 multam
2730 1383 3111 1439 dilIicultatem
3152 1383 3206 1437 in
3251 1383 3336 1437 his
3368 1397 3491 1451 quae

1872 1491 1901 1530 a
1934 1491 2021 1531 me
2049 1476 2311 1531 dicuntur
2342 1493 2358 1540 ;
2387 1485 2444 1532 et
2468 1488 2759 1549 propterea
2803 1477 3003 1545 inquit.
3042 1476 3174 1529 mihi
3222 1491 3329 1529 non
3363 1490 3490 1529 cre-

1872 1568 2025 1623 ditis.
2060 1566 2206 1623 Nihil
2244 1570 2392 1624 enim
2432 1571 2576 1639 quod
2623 1567 2929 1637 jucundum
2974 1578 3060 1623 est
3094 1568 3145 1621 in
3203 1568 3307 1622 hac
3351 1567 3487 1632 vita,

1870 1664 2209 1733 exspectatis
2241 1679 2338 1718 vos
2384 1664 2673 1720 habituros
2723 1680 2752 1718 a
2805 1680 2911 1718 me.
2950 1663 3016 1718 Et
3064 1664 3270 1716 aliter:
3318 1682 3335 1712 ι
3369 1659 3488 1717 Non

1870 1759 2099 1814 creditis
2136 1760 2292 1825 mihi,
2329 1760 2423 1829 qui
2472 1759 2703 1829 gloriam
2752 1774 2779 1813 a
2810 1759 2968 1813 vobis
3009 1757 3243 1813 invicem
3287 1756 3491 1824 accipi-

1873 1852 1965 1906 tis.
2006 1870 2024 1902 ι
2075 1850 2209 1906 Nam
2244 1851 2526 1922 principes
2576 1852 2797 1920 quidem
2832 1862 2887 1906 ct
2941 1849 3191 1921 magistri
3243 1849 3346 1919 ipsi
3387 1848 3487 1902 soli

162 1926 250 1975 λοι
276 1924 433 1975 αὐτοὶ
463 1925 612 1992 μόνοι
650 1922 899 1985 θέλοντες
941 1923 1120 1974 δοκεῖν
1154 1922 1307 1990 παρά
1336 1922 1414 1991 τῷ
1446 1924 1668 1994 πλήθει,
1703 1926 1764 1979 οὐ

1876 1945 2126 1999 volentes
2154 1943 2346 1999 haberi
2384 1944 2526 2013 apud
2558 1943 2775 2014 vulgus,
2818 1957 2923 1996 non
2956 1942 3238 2011 accipiunt
3276 1956 3382 2005 me,
3423 1955 3491 1993 ne

162 2016 417 2086 δέχονταί
453 2034 539 2087 με,
576 2016 663 2068 ἵνα
698 2016 775 2085 μὴ
800 2015 1133 2087 ἐλαττωθείη
1171 2016 1356 2079 αὐτοῖς
1386 2020 1416 2087 ἡ
1449 2018 1579 2084 δόξα
1603 2035 1616 2049 ⁸
1648 2020 1770 2072 λαοὶ

162 2108 249 2171 δέ,
298 2108 397 2177 τὴν
432 2108 588 2178 παρά
642 2106 754 2160 τῶν
781 2108 1063 2177 ἀρχόντων
1094 2108 1319 2177 ἀγάπην
1351 2109 1670 2180 ζητοῦντες,
1706 2112 1768 2164 οὐ

163 2201 386 2255 θέλουσι
436 2201 815 2272 προσδραμεῖν
859 2203 1017 2271 ἐμοὶ,
1066 2202 1153 2255 ἵνα
1190 2203 1265 2273 μὴ
1300 2202 1403 2273 τῆς
1454 2205 1609 2273 παρὰ
1658 2204 1769 2256 τῶν

160 2295 445 2365 ἀρχόντων
472 2295 641 2365 τιμῆς
680 2294 748 2347 δι’
774 2296 873 2364 ἐμὲ
910 2297 1243 2349 ἐκπέσωσιν.
1270 2296 1428 2349 Ἐπεὶ
1455 2296 1511 2350 δὲ
1551 2296 1647 2349 καὶ
1678 2296 1769 2351 τὸν

161 2389 410 2457 Μωῡσῆν
450 2389 563 2443 ἄνω
591 2388 687 2441 καὶ
728 2389 879 2442 κάτω
912 2390 1242 2461 προέφερον.
1292 2390 1482 2459 φησὶν,
1534 2391 1615 2443 ὅτι
1661 2391 1771 2443 Αὑ-

161 2482 257 2543 τδς
306 2482 681 2552 κατηγορήσει
746 2481 939 2552 ὑμῶν·
1002 2484 1134 2552 περὶ
1190 2483 1299 2551 γὰρ
1359 2482 1496 2550 ἐμοῦ
1555 2484 1768 2546 ἐκεῖνος

162 2576 396 2645 ἔγραψε.
456 2574 565 2627 Ποῦ
631 2573 689 2627 δὲ
750 2574 957 2644 ἔγραψε
996 2574 1124 2646 περὶ
1165 2574 1359 2640 αὑτοῦ;
1387 2575 1498 2628 Καὶ
1539 2577 1595 2626 ἐν
1633 2573 1765 2626 πολ-

161 2670 279 2730 λοῖς
315 2668 412 2737 μὲν
442 2667 623 2731 ἀλλοις
652 2668 771 2725 (καὶ
819 2667 929 2736 γάρ
959 2667 1038 2730 τδ,
1078 2685 1095 2718 ι
1132 2667 1428 2737 Προφήτην
1470 2668 1600 2735 ὑμῖν
1632 2669 1767 2720 ἁνα-

167 2763 364 2833 στήσει
394 2760 619 2831 Κύριος,
662 2778 681 2812 ι
713 2762 845 2829 περὶ
870 2759 1111 2829 Χριστοῦ
1136 2755 1230 2827 ἧν,
1259 2761 1354 2811 καὶ
1385 2759 1521 2812 ἀλλα
1566 2759 1762 2823 πολλὰ,

164 2856 241 2907 τὰ
276 2855 377 2924 μὲν
408 2856 466 2906 ἐν
510 2853 714 2922 λόγοις,
741 2855 812 2907 τά
846 2854 903 2906 δὲ
946 2854 1005 2907 ἐν
1037 2854 1290 2923 σημείοις
1316 2854 1411 2906 καὶ
1442 2853 1764 2923 συμϐόλοις,

164 2940 283 3000 οἶον
332 2948 393 3000 τὸ
440 2950 541 3017 τῆς
600 2948 765 3017 βάτου
826 2946 1053 3015 θαῦμα·
1111 2945 1207 2998 καὶ
1254 2944 1364 3017 γὰρ
1414 2946 1525 3015 πῦρ
1574 2946 1674 3016 μὲν
1733 2947 1767 3016 ἡ

166 3035 361 3103 Θεότης
390 3052 402 3065 ·
439 3036 602 3105 βάτος
632 3037 688 3089 δὲ
728 3037 1074 3106 ἀκανθώδης,
1119 3038 1151 3104 ἡ
1198 3036 1530 3105 ἁμαρτωλὸς
1577 3035 1764 3102 φύσις,

164 3126 237 3201 ἦς
263 3130 660 3199 ἐπιλαϐόμενον
689 3130 750 3182 τὸ
775 3130 888 3201 πῦρ
918 3130 1015 3199 τῆς
1044 3130 1319 3201 θεότητος,
1347 3129 1768 3198 ἀκατάφλεκτον

1876 2035 2243 2089 imminuatur
2265 2050 2457 2089 eorum
2489 2034 2684 2106 gloria.
2719 2033 2912 2104 Populi
2948 2046 3131 2086 autem
3173 2043 3489 2102 qumrcntes

1874 2128 2023 2199 diligi
2061 2144 2089 2181 a
2124 2128 2489 2198 principibus,
2534 2144 2641 2183 non
2675 2144 2762 2184 me
2789 2128 3056 2183 accedere
3087 2128 3298 2190 volunt,
3335 2138 3391 2179 ut
3421 2139 3489 2179 ne

1872 2224 2133 2275 excidant
2159 2232 2386 2292 propter
2410 2238 2497 2277 mc
2526 2224 2593 2278 ab
2635 2225 2845 2278 honore
2878 2216 3044 2293 quem
3080 2237 3107 2273 a
3146 2221 3490 2290 principibus

1873 2312 2100 2367 habent.
2155 2313 2431 2378 Quoniam
2486 2322 2670 2369 autem
2714 2326 2769 2368 et
2810 2314 2997 2369 Mosen
3045 2312 3273 2367 multum
3304 2312 3488 2382 jacta-

1873 2406 2027 2469 bant,
2063 2408 2260 2476 inquit,
2317 2408 2436 2479 ipse
2494 2410 2779 2466 accusabit
2823 2424 2943 2475 vos,
2986 2426 3115 2464 nam
3152 2411 3218 2465 de
3264 2425 3349 2465 me
3400 2409 3490 2462 ille

1871 2502 2115 2571 scripsit.
2150 2500 2251 2555 Ubi
2284 2513 2469 2556 autem
2517 2504 2738 2573 scripsit
2783 2504 2848 2557 de
2884 2502 2989 2557 eo?
3036 2503 3247 2557 Etenim
3278 2500 3485 2555 dictum

1872 2592 1995 2659 hoc,
2028 2612 2045 2643 ι
2086 2592 2415 2661 Prolibetam
2455 2596 2743 2649 suscitabit
2784 2595 2941 2649 vobis
2979 2594 3328 2658 Dominus",
3361 2613 3379 2646 ι
3419 2596 3489 2647 de

1871 2684 2096 2737 Christo
2125 2694 2268 2749 erat,
2312 2695 2367 2738 et
2395 2685 2500 2738 alia
2537 2686 2711 2739 multa
2763 2694 2872 2739 tam
2911 2686 2962 2739 in
3008 2686 3192 2739 verbis
3234 2699 3397 2754 quam
3433 2683 3487 2736 in

1872 2776 2044 2846 signis
2090 2785 2145 2829 et
2196 2777 2486 2848 symbolis,
2533 2786 2589 2830 ut
2649 2777 2981 2832 miraculum
3036 2776 3183 2831 rubi.
3242 2774 3377 2829 Nam
3432 2783 3487 2829 et

1875 2868 2020 2939 ignis
2049 2870 2295 2939 quidem,
2344 2872 2555 2926 deitas:
2604 2871 2774 2925 rubus
2815 2882 2999 2925 autem
3055 2872 3335 2939 spinosus,
3365 2883 3492 2938 pcc-

1872 2963 2051 3015 catrix
2104 2972 2325 3030 natura,
2360 2978 2523 3032 quam
2578 2963 2823 3034 suscepit
2872 2964 3014 3033 ignis
3056 2963 3253 3027 deitas,
3307 2974 3362 3016 et
3404 2961 3493 3016 in-

1874 3057 2220 3111 combustam
2252 3057 2497 3112 servavit
2528 3058 2646 3111 luce
2679 3056 2978 3127 fulgidam;
3012 3066 3065 3111 et
3097 3070 3226 3111 suos
3266 3055 3489 3125 quidem

1874 3150 2059 3203 radios
2102 3149 2179 3204 illi
2231 3152 2688 3217 communicavit,
2730 3150 3183 3224 imperfectiones
3213 3162 3395 3205 autem
3426 3151 3491 3205 il-

166 3223 377 3293 ταύτην
426 3225 663 3295 ἐτήρησε
697 3265 711 3290 ,
760 3223 840 3293 τῷ
894 3224 1033 3292 φωτὶ
1082 3223 1437 3294 λαμπρύναν,
1503 3227 1601 3278 καὶ
1655 3224 1766 3278 τῶν

1879 3240 1987 3295 lius
2017 3241 2149 3295 inse
2178 3257 2285 3296 non
2316 3244 2579 3313 suscepit.
2608 3244 2785 3298 Etiam
2809 3223 2915 3300 hoc
2942 3244 3122 3301 Moses
3153 3244 3314 3307 dixit,
3342 3244 3490 3315 quod

165 3314 389 3367 οἰκείων
424 3315 523 3384 μὲν
544 3315 883 3384 αὐχημάτων
913 3316 1308 3386 μεταδεδωκὸς,
1326 3316 1437 3370 τῶν
1462 3317 1517 3370 δὲ
1546 3318 1765 3388 ἐκείνης

165 3408 576 3478 ἐλαττωμάτων
639 3410 714 3479 μὴ
771 3410 1145 3479 μετειληφὸς),
1179 3410 1277 3480 οὐχ
1324 3411 1529 3481 ἥκιστα
1574 3410 1631 3464 δὲ
1675 3412 1771 3464 καὶ

164 3501 327 3553 τοῦτο
370 3502 577 3571 Μωσῆς
629 3502 879 3571 εἷρηκεν,
913 3504 993 3564 είς
1038 3502 1138 3571 τὴν
1176 3500 1271 3554 τοῦ
1305 3500 1545 3573 Χριστοῦ
1584 3502 1771 3554 πίστιν

168 3595 645 3665 συμϐαλλόμενον.
678 3598 809 3649 Ἐὰν
847 3597 977 3666 γὰρ,
1018 3597 1173 3666 φησὶ,
1212 3599 1502 3668 προφήτης
1534 3598 1770 3667 ἀναστῇ,

167 3690 377 3757 σημεῖα
410 3689 606 3751 ποιῶν,
651 3689 749 3747 καὶ
789 3689 1035 3757 ἀφιστῶν
1070 3688 1179 3742 ἀπὸ
1219 3689 1381 3753 Θεοῦ,
1422 3690 1497 3760 μὴ
1542 3690 1770 3742 πιστεύ-

167 3795 304 3848 σητε
360 3778 545 3848 αὐτῷ’
607 3774 719 3841 οἷός
770 3781 920 3832 ἐστιν
975 3781 1003 3832 ὁ
1078 3781 1478 3851 Ἀντίχριστος.
1528 3781 1657 3833 Ἐὰν
1712 3780 1771 3834 δὲ

167 3873 379 3942 ἀναστῇ
416 3872 712 3943 προφήτης
746 3875 952 3941 σημεῖα
984 3872 1183 3933 ποιῶν,
1216 3874 1312 3926 καὶ
1346 3874 1483 3943 πρὸς
1517 3872 1607 3926 τὸν
1637 3874 1773 3927 Θεὸν

166 3966 265 4017 καὶ
297 3964 517 4036 Πατέρα
540 3964 714 4034 ἄγων,
753 3965 955 4036 μᾶλλον
980 3968 1079 4019 οὐκ
1107 3967 1353 4035 ἀφιστῶν
1380 3966 1570 4034 αὑτοῦ,
1596 3968 1772 4039 τούτῳ

167 4056 528 4112 πιστεύσατε.
570 4059 631 4111 '0
659 4059 893 4127 Χριστὸς
922 4055 1016 4113 οὖν
1062 4061 1121 4113 ἐν
1150 4060 1377 4130 ὀνόματι
1409 4062 1505 4113 τοῦ
1553 4062 1773 4131 Πατρὺς

167 4147 365 4211 ἐλθὼν,
395 4149 489 4201 καὶ
518 4150 725 4217 σημεῖα
755 4150 855 4219 μὲν
886 4150 1078 4216 ποιῶν,
1109 4150 1183 4222 μὴ
1214 4152 1449 4221 ἀπάγων
1483 4152 1541 4205 δέ
1569 4154 1771 4218 αὐτοὺς

167 4240 275 4311 τῆς
329 4240 663 4308 θεοσεϐείας,
717 4242 881 4304 αὐτὸς
927 4238 996 4313 ἦν
1026 4246 1053 4297 ὁ
1106 4244 1262 4314 παρά
1309 4246 1504 4299 Μωσεί
1555 4263 1772 4317 προφη-

168 4331 487 4403 τευόμενος.
545 4352 563 4386 ι
624 4335 686 4387 Εί
740 4330 835 4389 οὖν
870 4338 983 4399 τοῖς
1014 4336 1295 4401 Μωῦσέως
1338 4339 1671 4410 γράμμασιν
1706 4342 1767 4395 οὐ

168 4424 487 4490 πιστεύετε,
536 4424 656 4489 πῶς
703 4428 819 4489 τοῖς
877 4428 1033 4499 ἐμοῖς
1092 4430 1302 4500 ῥήμασι
1337 4432 1701 4497 πιστεύσετες
1743 4453 1761 4486 ι

178 4515 441 4583 Ἐκεῖνος,
474 4518 662 4588 φησὶν,
696 4517 929 4591 ἔγραψε,
964 4522 1059 4573 καὶ
1090 4522 1351 4592 πάρεισιν
1382 4524 1512 4594 ὑμῖν
1541 4527 1628 4578 ἀεὶ
1660 4528 1767 4599 πρὸ

1874 3334 2221 3389 conducebat
2257 3336 2418 3390 valde
2455 3336 2522 3389 ad
2560 3336 2723 3392 (idem
2754 3337 2961 3393 Christi
2994 3356 3005 3392 :
3043 3354 3169 3392 nam
3201 3339 3381 3409 inquit
3420 3338 3490 3399 ³³.

1879 3444 1899 3479 ι
1945 3426 2001 3481 Si
2038 3429 2299 3498 propheta
2334 3432 2641 3485 surrexerit
2676 3432 2834 3502 signa
2866 3432 3099 3498 faciens,
3136 3440 3191 3488 et
3232 3432 3493 3487 recedere

1873 3521 2089 3577 faciens
2135 3538 2163 3576 a
2209 3522 2343 3590 Dco,
2394 3538 2465 3577 ne
2515 3524 2762 3581 credatis
2820 3526 2923 3589 illi,
2973 3526 3156 3595 qualis
3204 3528 3310 3581 erit
3340 3525 3496 3579 Anti-

1873 3615 2119 3671 christus
2151 3636 2164 3671 :
2202 3615 2471 3671 Si'autem
2502 3619 2746 3673 surrexit
2768 3621 3039 3691 propheta
3068 3619 3279 3675 faciens
3310 3619 3490 3692 signa,

1873 3717 1928 3761 et
1957 3708 2024 3761 ad
2059 3710 2226 3763 Deum
2262 3722 2315 3764 et
2349 3711 2566 3766 Patrem
2602 3712 2835 3778 ducens,
2877 3724 2933 3769 et
2963 3729 3070 3769 non
3110 3713 3371 3769 recedere
3406 3712 3491 3767 fa-

1874 3799 2051 3866 ciens,
2092 3801 2166 3854 illi
2200 3802 2434 3857 credite.
2477 3822 2494 3854 ι
2528 3801 2704 3875 Igitur
2737 3806 2995 3863 Christus
3029 3806 3082 3860 in
3126 3808 3351 3863 nomine
3385 3806 3493 3861 Ρ..-

1879 3892 1980 3947 tris
2008 3892 2179 3959 venit,
2211 3903 2266 3947 et
2289 3894 2445 3965 signa
2473 3895 2699 3964 quidem
2732 3896 2964 3962 faciens,
2997 3909 3053 3953 et
3091 3913 3199 3954 non
3228 3898 3493 3955 recedere

1869 3980 2071 4049 jubens
2102 3998 2197 4038 eos
2236 3999 2266 4037 a
2300 3984 2395 4040 Dei
2444 3986 2618 4050 cultu,
2664 3988 2779 4057 ipse
2814 3972 2934 4043 erat
2970 3989 3064 4059 qui
3107 4006 3135 4043 a
3171 3990 3320 4045 Mose
3351 4006 3493 4059 pra:-

1875 4075 2081 4132 dictus.
2154 4095 2173 4129 ι
2233 4077 2423 4147 Itaque
2477 4080 2522 4134 si
2576 4078 2710 4135 Mosi
2768 4081 2990 4153 scriptis
3047 4098 3156 4137 non
3235 4084 3487 4149 creditis,

1875 4171 2152 4237 quomodo
2205 4170 2341 4225 meis
2368 4174 2550 4226 verbis
2601 4174 2883 4228 credetis?
2936 4193 2955 4226 ι
3008 4174 3128 4243 Ille,
3183 4175 3382 4247 inquit,
3433 4187 3491 4232 et

1875 4263 2117 4331 scripsit,
2154 4272 2208 4316 et
2252 4274 2385 4319 sunt
2420 4262 2544 4319 libri
2595 4280 2816 4337 semper
2846 4278 2977 4325 ante
3025 4269 3216 4326 oculos
3249 4282 3486 4339 vestros,

1876 4368 1933 4414 et
1976 4358 2049 4411 ita
2108 4369 2166 4416 ut
2205 4361 2369 4415 etiam
2414 4362 2457 4416 si
2517 4363 2956 4433 obliviscamini,
3009 4368 3234 4439 possitis
3284 4369 3488 4427 iterum

1877 4452 2041 4507 facile
2072 4453 2125 4507 in
2159 4456 2482 4509 memoriam
2521 4456 2811 4515 reducere.
2844 4459 3103 4516 Attamen
3132 4478 3239 4517 non
3261 4463 3491 4521 creditis

1876 4544 2118 4612 scriptis,
2150 4554 2204 4600 et
2234 4548 2511 4616 quomodo
2544 4549 2785 4607 credetis
2818 4551 3002 4608 verbis
3032 4554 3171 4609 meis
3204 4569 3312 4609 non
3348 4555 3493 4611 scri-

166 4608 466 4680 ὀφθαλμῶν
494 4610 561 4663 τὰ
610 4610 811 4680 βιϐλία,
846 4610 1010 4674 ὥστε,
1041 4614 1148 4667 κᾶν
1196 4615 1572 4683 ἐπιλάθοισθε,
1615 4618 1767 4690 ἔχειν

1879 4637 2023 4706 ptis?
2052 4638 2163 4692 Cur
2211 4640 2377 4709 igitur
2412 4642 2527 4697 haec
2557 4643 2717 4709 dicis,
2757 4659 2789 4699 ο
2830 4643 3087 4712 Domine,
3137 4662 3261 4701 cum
3311 4649 3490 4706 scires

165 4701 330 4755 πάλιν
388 4701 580 4772 ῥᾳδίαν
628 4704 729 4773 τὴν
788 4705 1135 4777 ἀνάμνησινο
1201 4708 1298 4761 καὶ
1364 4709 1516 4778 ὅμως
1567 4712 1628 4765 οὐ
1676 4729 1773 4765 πι-

166 4787 393 4841 στεύετε
439 4792 553 4853 τοῖς
598 4795 1015 4863 γεγραμμένοις
1044 4812 1058 4825 ο
1106 4798 1204 4849 καὶ
1262 4798 1379 4863 πῶς
1442 4804 1772 4858 πιστεύσετε

166 4882 280 4943 τοῖς
312 4883 467 4952 ἐμοῖς
496 4884 773 4954 ἀγράφοις
806 4886 1018 4957 ῥήμασι
1048 4906 1063 4955 ;
1106 4889 1171 4941 Τί
1218 4886 1315 4943 οὖν
1345 4892 1521 4946 ταῦτα
1564 4895 1768 4963 λέγεις,

166 4967 212 5027 ὦ
243 4975 442 5045 Κύριε,
482 4977 608 5031 ἐπεὶ
649 4975 819 5044 οἶδας,
854 4980 936 5033 ὅτι
992 4982 1052 5034 οὐ
1100 4984 1520 5053 πιστεύσουσιν;
1567 4988 1630 5041 El
1674 4990 1772 5043 καὶ

166 5063 304 5135 οῖδα,
353 5070 541 5137 φησιν,
601 5072 683 5127 ὅτι
734 5074 1203 5145 παρακούσουσιν,
1252 5079 1372 5131 ἀλλ’
1416 5082 1567 5151 ὅμως
1600 5081 1765 5151 λέγω,

166 5160 256 5213 ἴνα
294 5164 371 5234 μὴ
406 5160 636 5235 ὕστερον
683 5167 1157 5235 προφασίζωνται,
1196 5172 1280 5224 ὅτι
1317 5171 1378 5225 Et
1421 5169 1606 5237 εἶπας,
1648 5178 1770 5229 ἐπι-

166 5253 502 5325 στεύσαμεν.
540 5258 752 5323 Ἀλλως
774 5277 858 5324 τε,
889 5262 1093 5314 ἐκεῖνοι
1119 5262 1219 5331 μὲν
1244 5265 1291 5316 οί
1320 5265 1465 5329 τότε,
1486 5260 1575 5319 οἶα
1596 5267 1772 5335 ἀγνώ-

1873 4733 2020 4799 quod
2057 4746 2163 4785 non
2197 4733 2461 4788 credituri
2493 4736 2719 4791 essent?
2747 4736 3013 4805 Quamvis
3054 4740 3249 4809 sciam,
3282 4741 3486 4812 inquit,

1872 4820 2021 4889 quod
2082 4837 2190 4876 non
2248 4824 2502 4891 credant,
2554 4826 2676 4882 dico
2737 4840 2943 4897 tamen,
3008 4840 3068 4885 ut
3119 4846 3187 4887 ne
3249 4833 3489 4890 habeant

1873 4924 2059 4981 postea
2099 4917 2245 4985 quod
2281 4928 2606 4987 praetexam,
2647 4921 2704 4976 Si
2739 4923 2996 4989 dixisses,
3029 4926 3485 4985 credidissemus.

1872 4997 1938 5053 Et
1964 5001 2159 5056 aliter:
2197 5003 2275 5059 Illi
2300 5008 2522 5075 quidem
2550 5009 2643 5079 qui
2672 5020 2800 5066 tunc
2834 5024 3015 5078 erant,
3040 5026 3227 5083 utpote
3264 5017 3487 5089 ingrati,

1874 5104 1983 5144 non
2017 5093 2353 5149 credebant:
2402 5096 2469 5150 ab
2502 5096 2588 5151 his
2620 5108 2803 5153 autem
2841 5101 2936 5169 qui
2974 5109 3166 5169 postea
3199 5104 3485 5169 credituri,

1879 5198 1987 5237 non
2027 5195 2144 5239 erat
2182 5200 2617 5245 consentaneum
2657 5207 2834 5262 neque
2865 5193 3080 5263 justum
3113 5194 3323 5251 auferri
3367 5212 3489 5253 ver-

1880 5275 2077 5331 borum
2108 5278 2315 5335 Christi
2344 5284 2667 5338 utilitatem.

172 5362 351 5450 μρνες,
387 5349 491 5401 οὐκ
520 5350 810 5405 ἐπίστευον
834 5371 847 5383 ·
880 5358 1008 5417 τοὺς
1044 5355 1101 5408 δὲ
1136 5356 1436 5425 μετέπειτα
1462 5360 1761 5429 μέλλοντας
1804 5369 2106 5437 πιστεύειν,
2179 5373 2282 5427 οὐκ
2357 5370 2427 5447 ἦν
2472 5377 2642 5443 είκὸς,
2696 5378 2819 5433 ούδέ
2862 5378 3073 5434 δίκαιον
3095 5423 3110 5447 ,
3151 5378 3503 5454 στερηθῆναι

166 5439 269 5510 τῆς
300 5443 409 5498 ἀπὸ
452 5444 565 5497 τῶν
598 5444 694 5498 τοῦ
726 5448 968 5519 Χριστοῦ
1006 5451 1272 5520 ῥημάτων
1295 5450 1589 5521 ὠφελείας.

785 5564 1039 5618 usqum.
1079 5567 1171 5633 ς’.

164 5674 308 5757 Περὶ
333 5675 453 5730 τῶν
473 5679 653 5757 :rérte
683 5678 1005 5757 ἄρτωνλιαί
1043 5680 1161 5757 δύο
1187 5682 1431 5757 ίχθύῳν.
1462 5686 1599 5754 Περὶ
1661 5689 1772 5757 τῆς

236 5748 675 5817 ἀναχωρήσεως
713 5751 818 5805 τοῦ
881 5750 1108 5818 Ἰησοῦ,
1140 5752 1239 5804 ἵνα
1277 5753 1364 5823 μὴ
1428 5748 1771 5827 «animavit?

240 5910 284 5943 "
313 5908 469 5967 Deut.
501 5926 653 5978 xvm,
690 5903 775 5969 l3.
882 5914 925 5947 ’³
958 5919 1113 5970 Deut.
1146 5932 1258 5981 xm,
1298 5917 1348 5973 1.

2484 5576 2646 5649 581
2682 5577 2912 5635 CAPUT
2949 5578 3034 5635 vr.

1884 5685 1959 5742 De
1989 5688 2219 5761 quinque
2242 5690 2469 5755 panibus
2516 5701 2562 5745 et
2594 5693 2800 5747 duobus
2834 5693 3087 5761 piscibus.
3116 5692 3193 5747 De
3235 5694 3491 5747 secessio-

1954 5776 2017 5815 ne
2051 5760 2252 5817 Christi
2280 5778 2344 5816 ne
2372 5764 2608 5832 facerent
2648 5780 2767 5819 eum
2822 5760 3013 5835 regem.
3066 5766 3141 5820 De
3158 5764 3487 5819 ambulatio-
