3936 6416
183 456 314 522 1285

893 453 1345 543 ENARRATIO
1390 454 1468 515 lN
1510 449 2025 545 EVANGEEJUM
2064 449 2416 514 JOANNIS.
2446 448 2700 511 -C.\P.
2746 450 2840 514 VI.

3363 446 3507 515 1286

174 577 230 632 τί
260 579 405 632 ἐστιν
431 575 509 638 εἰς
534 570 826 636 τοσούτους
850 590 865 639 ;
892 591 911 625 ι
937 572 1095 637 Τίνος
1116 556 1565 637 ἐνεκενεϊπεῃὸ,
1589 589 1609 623 ι
1627 572 1761 626 ’Δνα

1899 578 1981 624 ιει·
2037 580 2150 624 tam
2201 566 2496 624 multos?»
2532 566 2717 633 Quare
2764 566 2921 633 dixit,
2951 584 2971 619 ι
3007 563 3144 623 Cum
3195 567 3509 628 sustulisset

180 668 381 740 ϐλέψας
394 670 510 731 τοῖς
535 667 881 737 ὀφθαλμοῖςό
908 667 1150 739 Ἰησοῦς;
1191 689 1212 725 ι
1235 669 1358 725 Ἵνα
1383 670 1776 742 μάθωμενλὸτι

173 750 271 815 οῦκ
300 758 572 831 ἐριμὸετο
623 759 757 823 τοὺς
804 759 1128 832 ὀφθαλμοὺς
1158 761 1286 833 τῇδε
1320 764 1552 818 κάκεῖσε
1590 779 1605 795 ο
1652 762 1774 818 ἀλλ’

173 856 264 911 ἐπὶ
280 856 530 920 συννοίας
555 852 871 927 καθήμενος
909 858 1003 912 καὶ
1026 858 1305 931 προσοχῆς
1325 860 1423 937 καὶ
1452 858 1774 931 ἀκριϐείας,

170 946 258 1005 οἷα
287 950 351 1021 δὴ
379 951 490 1014 τοῖς
527 948 803 1020 μαθηταῖς
838 953 973 1023 περί
999 969 1166 1006 τινων
1190 940 1483 1025 θειοτέρων
1519 952 1774 1022 διαλεγό-

173 1059 350 1114 μωος,
385 1042 542 1125 τέλος
595 1043 865 1114 ἀνέϐλεψε
922 1047 1037 1108 τοῖς
1085 1044 1415 1118 ὀφθαλμοῖς,
1444 1047 1541 1102 κειὶ
1590 1048 1777 1119 ἐρωτᾷ
1820 1032 1821 1035 Ἴ
1866 1101 1875 1112 ο

169 1134 417 1205 περὶτοῦ
478 1135 663 1207 ὄχλου,
698 1137 867 1192 πόθεν
914 1138 1381 1211 διατραφήσεται.
1435 1142 1554 1194 οὐκ
1611 1142 1774 1198 ἄλλον

167 1230 228 1283 δέ
250 1231 447 1302 ἐρωτᾷ,
482 1232 621 1285 ἀλλὰ
670 1230 961 1287 Φίλιππον.
990 1230 1165 1297 Οὗτος
1203 1236 1316 1307 γὰρ
1342 1230 1413 1307 ἦν
1458 1237 1488 1289 6
1518 1232 1774 1302 πλείονος

165 1321 414 1392 δεόμενος
435 1323 814 1392 διδασκαλίας,
844 1329 873 1381 6
898 1326 1040 1397 μετὰ
1082 1328 1259 1382 ταῦτα
1283 1328 1459 1398 λέγων
1491 1345 1507 1359 ·
1540 1349 1560 1382 ι
1587 1330 1773 1395 Δεῖξον

167 1417 300 1487 ἡμῖν
322 1417 416 1471 τὸν
446 1417 692 1490 Πατέρα,
716 1418 814 1474 καὶ
844 1420 1010 1492 ἀρκεῖ
1055 1423 1215 1494 ἡμῖν.
1256 1440 1276 1474 ι
1307 1422 1410 1477 Διά
1442 1422 1607 1479 τοῦτο
1663 1425 1774 1493 πρὸ

168 1508 363 1564 πολλοῦ
430 1511 601 1566 αὐτὸν
656 1512 939 1585 ῥυθμίζει,
967 1515 1065 1569 καὶ
1125 1514 1219 1571 διὰ
1276 1515 1382 1587 τῆς
1416 1517 1774 1588 ἐρωτήσεως

163 1602 348 1672 ἐνάγει
382 1603 548 1657 αὐτὸν
581 1604 665 1671 είς
700 1604 762 1659 τδ
798 1606 888 1661 ἀεὶ
914 1608 1290 1679 μνημονεύειν
1315 1607 1411 1662 τοῦ
1457 1608 1769 1680 θαύματος.

163 1694 231 1748 Ei
255 1696 351 1766 μὲν
376 1694 487 1768 γὰρ
538 1696 730 1760 ἁπλῶς
755 1696 817 1752 τὸ
851 1701 1083 1770 σημεῖον
1117 1698 1361 1769 ἐγένετο,
1400 1700 1508 1753 οὐκ
1543 1700 1612 1754 ἂν
1637 1716 1770 1753 τοσ-

162 1785 319 1841 οῦτον
374 1789 553 1860 ἐφάνη
592 1789 654 1843 τὸ
705 1788 896 1861 θαῦμα
927 1808 942 1823 ο
987 1794 1109 1847 νυνὶ
1161 1792 1221 1847 δὲ
1275 1792 1549 1864 πρότερον
1604 1794 1772 1848 αὐτὸν

164 1883 469 1951 ἀναγκάζει
515 1884 858 1955 ὁμολογῆσαι
886 1884 988 1956 τὴν
1046 1886 1268 1953 σπάνιν,
1306 1887 1395 1941 ἴνα
1438 1886 1768 1959 ἀκριδέστε-

1879 662 2070 719 oculos
2118 677 2246 718 suos
2283 662 2308 718 τ
2340 658 2456 717 θυι
2493 662 2772 718 discamus
2819 661 2965 733 quod
3021 677 3131 716 non
3184 661 3382 720 solitos
3433 664 3509 721 sit

1881 757 2011 813 binc
2038 767 2093 811 et
2123 755 2250 812 inde
2282 756 2468 827 vagari
2507 754 2702 819 oculis,
2728 755 2823 810 sed
2856 753 3197 825 compositus
3224 765 3279 811 et
3309 763 3497 811 atten-

1881 859 1969 906 tus
1997 850 2217 914 sedere,
2246 860 2437 919 utpote
2468 848 2674 904 docens
2706 847 3005 918 discipulos
3037 847 3306 902 diviniora
3330 863 3497 918 qua-

1879 944 2027 1002 dam.
2086 945 2337 1015 Denique
2390 944 2612 1009 sustulit
2668 946 2860 1000 oculos
2888 952 2945 999 et
3001 951 3157 1015 rogat
3216 944 3285 999 de
3334 943 3495 1001 turba

1879 1041 2152 1110 quomodo
2200 1038 2395 1093 alenda
2429 1039 2521 1094 sit.
2572 1035 2690 1092 Non
2739 1035 2906 1091 alium
2955 1046 3139 1090 autem
3192 1034 3500 1108 interrogat

1878 1148 2044 1204 quam
2075 1131 2410 1203 Philippum.
2436 1130 2559 1202 Ipse
2588 1129 2735 1185 enim
2773 1129 2964 1198 majori
3003 1129 3282 1198 indigebat
3310 1130 3500 1196 erudi-

1882 1226 2053 1289 tione,
2079 1225 2173 1294 qui
2210 1233 2395 1295 postea
2435 1223 2652 1278 dicebat
2682 1234 2697 1282 :
2732 1240 2751 1273 ι
2788 1219 3034 1278 Ostende
3061 1222 3223 1276 nobis
3249 1220 3495 1288 Patrem,

1878 1334 1943 1373 ac
1982 1318 2181 1375 suﬂicit
2228 1318 2389 1373 nobis
2408 1316 2477 1373 ³⁸.
2511 1336 2529 1370 ι
2562 1317 2628 1371 Ει
2666 1328 2954 1386 praptcrea
3005 1325 3167 1371 antea
3200 1313 3350 1370 illum
3386 1316 3499 1371 ins-

1881 1412 2033 1478 truit,
2063 1424 2120 1467 ct
2148 1426 2250 1483 per
2273 1410 2763 1482 interrogationem
2808 1409 3021 1465 inducit
3063 1423 3215 1475 eum,
3238 1417 3301 1463 ut
3329 1411 3499 1463 mira-

1877 1505 1988 1562 culi
2024 1519 2243 1575 semper
2272 1504 2348 1559 sit
2377 1518 2612 1560 memor.
2637 1501 2772 1557 Nam
2824 1502 3129 1599 si.quidem
3165 1502 3496 1560 miraculum

1876 1598 2204 1669 simpliciter
2274 1595 2471 1652 fuisset
2509 1595 2741 1660 factum,
2786 1595 2895 1651 non
2927 1610 3107 1666 usque
3155 1596 3294 1652 adeo
3312 1596 3492 1653 visum

1878 1692 2078 1748 fuisset
2141 1691 2223 1747 illi
2285 1690 2613 1745 miraculum
2664 1707 2680 1745 :
2733 1705 2882 1747 nunc
2934 1702 3118 1747 autem
3166 1691 3492 1763 priusquam

1880 1787 2060 1853 ﬁeret,
2087 1787 2240 1843 illum
2270 1783 2553 1856 compellit
2592 1782 2755 1840 fateri
2808 1783 3147 1856 paucitatem
3183 1799 3408 1853 panum,
3433 1795 3495 1840 ut

1878 1882 2191 1940 evidentius
2220 1881 2471 1937 addiscat
2504 1878 2675 1936 futuri
2730 1879 2985 1937 miraculi
3024 1881 3491 1951 magnitudinem,

169 1991 265 2044 ρον
296 1973 591 2047 καταμάθῃ
617 1975 715 2029 τοῦ
762 1976 1052 2048 μέλλοντος
1087 1976 1341 2047 γίνεσθαι
1388 1977 1673 2051 θαύματος
1706 1980 1764 2035 τὸ

1878 1993 1933 2034 ει
1991 1993 2098 2033 non
2133 1991 2165 2031 e
2201 1976 2468 2033 memoria
2525 1974 2744 2047 rejiciat
2789 1989 2855 2030 ea
2890 1989 3014 2044 quae
3048 1973 3340 2031 confessus
3384 1984 3491 2029 est.

166 2067 419 2139 μέγεθος,
447 2072 544 2125 καὶ
576 2071 653 2143 μὴ
692 2070 899 2144 δυνηθῇ
941 2071 1132 2126 λοιπὸν
1166 2073 1426 2139 ἐκϐαλεῖν
1453 2073 1556 2147 τὴν
1622 2075 1770 2147 μνή-

163 2178 277 2233 μην
308 2162 418 2217 τῶν
456 2164 928 2237 ὁμολογηθέντων.
964 2166 1065 2220 Διά
1106 2166 1268 2222 τοῦτό
1314 2186 1451 2243 φησι
1481 2185 1497 2200 ο
1531 2187 1569 2225 σ,
1592 2169 1769 2223 Πόθεν

158 2256 513 2329 ἁγοράσομεν
550 2258 777 2332 ἄρτους,
817 2260 904 2315 ῐνα
924 2261 1178 2331 φάγωσιν
1202 2255 1385 2327 citrei;
1430 2281 1451 2316 ι
1490 2263 1658 2332 Λέγει
1710 2263 1768 2318 δὲ

157 2350 335 2405 ταῦτα
355 2353 635 2424 πειράζων
653 2354 745 2407 τὸν
767 2355 1057 2422 Φίλιππον,
1089 2356 1368 2422 τουτέστι,
1404 2356 1579 2411 θέλων
1601 2358 1768 2411 αὐτὸν

156 2441 440 2514 γνώριμον
466 2445 841 2515 καταστῆσαι,
872 2445 999 2499 τίνα
1044 2447 1230 2500 πίστιν
1260 2446 1397 2518 ἔχει.
1425 2448 1502 2502 Οὐ
1532 2447 1643 2519 γάρ
1700 2448 1765 2519 δὴ

155 2533 235 2598 ὠς
264 2535 477 2603 ἀγνοῶν
513 2536 680 2601 αὐτὸς
704 2536 803 2609 τὴν
835 2538 928 2592 τοῦ
985 2538 1261 2593 Φιλίππου
1295 2538 1550 2613 γνώμην,
1582 2542 1767 2613 ἐρωτᾷ

155 2627 360 2695 αὑτὸν,
385 2627 521 2683 ἀλλά
553 2631 667 2693 τοῖς
699 2629 881 2694 ἄλλοις
911 2629 1082 2687 θέλων
1110 2632 1284 2700 δεῖξαι
1306 2634 1491 2688 αὐτόν.
1542 2652 1563 2687 ‹
1590 2635 1768 2699 Αὐτὸς

154 2716 312 2788 γάρό
338 2720 566 2792 Κύριος,
596 2722 714 2794 ᾔδει
741 2722 794 2775 τί
823 2722 1021 2792 ἔμελλε
1048 2725 1247 2780 ποιεῖν.
1280 2744 1299 2779 ι
1328 2725 1432 2781 Τὸν
1451 2725 1547 2781 οῦν
1576 2726 1767 2781 mm-

155 2827 261 2864 πον
293 2814 702 2884 πειράσας-εἴγε
728 2814 917 2869 πίστιν
948 2814 1087 2886 ἔχει,
1118 2817 1214 2870 καὶ
1246 2816 1426 2888 εὑρὼν
1461 2818 1627 2873 αὐτὸν
1668 2819 1766 2874 ἀν-

154 2907 453 2977 θρωπίνως
485 2906 565 2960 ἔτι
586 2907 951 2978 διακείμενον,
980 2910 1069 2962 ναὶ
1102 2913 1212 2979 μὴν
1239 2912 1336 2964 καὶ
1364 2907 1459 2965 τοῦ
1504 2911 1765 2983 Ἀνδρέαν

155 2999 409 3069 εὑρίσκει
430 3000 695 3055 τοιοῦτον.
732 3002 794 3054 Εἰ
833 3003 944 3070 γὰρ
976 3002 1073 3058 καὶ
1094 3002 1436 3075 ὁψηλάτερὸν
1466 3022 1519 3057 τι
1540 3005 1637 3059 τοῦ
1666 3006 1765 3057 Φι-

155 3091 367 3143 λίππου
395 3089 713 3161 ἐφαντάσθη
754 3092 990 3163 (ἐκείνου
1017 3093 1130 3165 γὰρ
1159 3094 1431 3159 εἰπόντος,
1460 3094 1544 3147 ὅτι
1580 3113 1597 3145 ι
1637 3095 1767 3148 Δια-

151 3183 360 3238 κτησίων
389 3182 664 3256 δηναρίων
696 3186 853 3257 ἄρτοι
873 3187 975 3241 οὐκ
1005 3187 1297 3259 ἀρκοῦσιν,
1335 3207 1354 3240 ι
1392 3189 1558 3252 αὐτὸς
1594 3189 1764 3243 πέντε

1875 2069 2085 2125 Idcirco
2136 2069 2274 2126 dicit
2305 2087 2319 2124 :
2357 2088 2377 2121 ‹
2415 2067 2578 2125 Unde
2614 2084 2864 2124 ememus
2901 2082 3074 2138 panes
3104 2075 3165 2123 ut
3198 2067 3496 2125 comedam

1874 2163 1970 2218 hi?
2009 2182 2026 2217 ι
2062 2163 2204 2219 Dicit
2251 2173 2438 2218 autem
2472 2164 2589 2220 haec
2618 2171 2840 2218 teutans
2872 2160 3211 2233 Philippum,
3238 2161 3345 2217 hoc
3374 2171 3481 2228 est,

1873 2256 2067 2317 volens
2107 2266 2297 2313 notum
2329 2257 2540 2323 facere,
2573 2271 2743 2329 quam
2775 2257 3006 2313 haberet
3037 2255 3128 2311 ille
3158 2255 3343 2312 tidem.
3365 2252 3483 2311 Ne-

1854 2361 1980 2419 ‘que
2029 2351 2179 2407 enim
2215 2361 2274 2405 ut
2316 2350 2582 2421 ignorans
2616 2350 2685 2405 de
2717 2348 2994 2407 sententia
3043 2347 3284 2421 Philippi
3318 2353 3493 2415 inter-
3578 2412 3583 2419 ἱ

1874 2447 2128 2514 rogabat,
2176 2446 2272 2502 sed
2322 2446 2448 2502 aliis
2506 2454 2821 2503 monstrare
2873 2445 3113 2502 volebat.
3146 2462 3167 2497 ι
3198 2441 3338 2498 Nam
3372 2442 3494 2515 ipse

1874 2541 2138 2597 Dominus
2194 2539 2400 2597 sciebat
2457 2541 2587 2612 quid
2641 2540 2890 2596 facturus
2940 2547 3109 2596 esset.
3160 2556 3179 2590 ι
3212 2535 3386 2608 Igitur
3434 2553 3494 2604 ιιι

1873 2633 2100 2689 tentavit
2148 2630 2457 2704 Philippum
2507 2632 2776 2705 numquid
2816 2633 3048 2688 haberet
3083 2631 3175 2688 ille
3208 2631 3401 2696 iidem,
3432 2631 3493 2686 el

1872 2726 2080 2783 invenit
2116 2725 2295 2798 ipsum
2333 2726 2513 2781 adhuc
2540 2724 2793 2780 allectum
2823 2714 3187 2803 utbominem
3218 2739 3243 2798 :7»
3263 2723 3496 2794 insuper

1869 2825 1927 2873 et
1955 2817 2235 2873 Andream
2291 2831 2513 2887 quoque
2553 2816 2719 2872 talem
2775 2816 3010 2883 invenit,
3042 2804 3265 2870 tametsi
3316 2813 3495 2872 subli-

1872 2910 2014 2965 mius
2065 2909 2328 2981 quiddam
2363 2907 2618 2980 Philippo
2653 2908 3014 2965 sentientem.
3049 2907 3147 2963 lllo
3197 2906 3347 2963 enim
3398 2905 3491 2963 di-

1871 3012 2031 3057 cente
2088 3001 2234 3070 quod
2288 2985 2667 3057 ducentorum
2725 3001 3085 3056 denariorum
3150 3004 3325 3069 partes
3378 3014 3488 3056 non

1870 3095 2167 3163 sulliciunt,
2214 3094 2310 3150 ille
2358 3094 2603 3165 quinque
2655 3108 2832 3165 panes
2885 3093 3223 3149 hordeaceos
3263 3102 3321 3149 et
3352 3093 3490 3148 duos

1872 3192 2053 3258 pisces
2082 3191 2565 3255 commonstravit,
2613 3189 2862 3259 cogitans
2896 3188 3038 3245 forte
3090 3188 3487 3259 prophetarum

150 3279 356 3347 ἄρτους
404 3278 707 3349 κριθίνους,
742 3278 839 3332 καὶ
879 3279 975 3335 δύο
1021 3281 1227 3353 ὀψάρια
1277 3276 1644 3348 ὑποδεικνύει,
1675 3287 1760 3337 ἐν·

1872 3282 2157 3347 miracula,
2184 3291 2243 3336 ut
2287 3282 2467 3337 Ε.ιίεωί
2524 3282 2578 3337 in
2618 3281 2855 3353 panibus
2892 3282 3135 3351 signum,
3169 3300 3187 3330 ι
3222 3296 3346 3337 cum
3387 3280 3491 3338 Sa-

146 3376 360 3440 νοήσας
393 3371 527 3436 ἴσως
559 3374 655 3427 καὶ⁵
701 3372 771 3427 τά
799 3373 910 3428 τῶν
960 3376 1263 3446 προφητῶν
1294 3375 1581 3449 θαύματα,
1613 3379 1765 3443 ὅπως

146 3462 178 3513 6
206 3460 512 3523 Ἐλισσαῖος
572 3461 748 3516 ἐποὲει
779 3462 840 3516 τὸ
885 3463 1117 3518 ἐπὶτῶν
1149 3465 1331 3537 ἄρτων
1387 3470 1639 3538 σημεῖον,
1670 3470 1764 3522 ὅτε

149 3556 185 3624 ἡ
217 3554 507 3623 Σαμάρεια
547 3555 629 3619 είς
664 3554 894 3627 ἔσχατον
920 3557 1201 3622 ἀπωλείας
1230 3554 1445 3630 ἦλθεν),
1479 3559 1764 3632 ἀλλ’ὃμως

146 3647 250 3700 καὶ
288 3644 550 3718 ’Λνδρέας
578 3647 885 3719 ἐλέγχεται,
924 3650 1095 3721 μηδὲν
1126 3649 1350 3717 ἐπάξιον
1398 3653 1496 3707 τοῦ
1549 3654 1763 3725 Κυρίου

141 3740 440 3811 ἐννοήσας.
460 3741 598 3811 Φησὶ
630 3742 759 3813 γάρ·
793 3761 812 3794 ‹
835 3741 998 3796 Ἀλλά
1014 3742 1193 3797 ταῦτα
1217 3744 1273 3799 τί
1302 3746 1451 3800 ἐστιν
1479 3746 1561 3810 είς
1577 3749 1765 3801 τοσού-

139 3849 314 3899 τους;
358 3850 379 3885 ι
426 3831 681 3904 Ἐνόμισε
715 3834 847 3902 γὰρ,
869 3834 953 3888 ὅτι
1010 3835 1241 3907 αὐξήσει
1270 3836 1377 3908 μὲν
1404 3840 1537 3903 ἴσως
1566 3841 1595 3893 6
1644 3840 1763 3893 Κύ-

143 3943 272 3998 ριος
296 3927 426 3990 τοὺς
460 3926 685 4001 ἄρτους,
714 3927 830 3982 ἀλλ’
860 3928 958 4013 ἐὰν
985 3924 1128 4002 ἦσαν
1157 3930 1426 3999 πλείονες,
1460 3933 1665 3989 πλείων
1692 3934 1760 3991 ἂν

140 4019 248 4074 καὶ
282 4021 317 4092 ἠ
340 4018 569 4092 αὔξησις
600 4020 834 4090 ἐγίνετο,
868 4022 1197 4093 ἐπισφαλῶς
1234 4025 1460 4090 πάντως
1487 4028 1648 4082 νοῶν.
1698 4028 1758 4083 ὐ

136 4115 260 4185 γάρ
297 4113 503 4185 Κύριος
534 4114 630 4168 καὶ
660 4116 727 4169 ἐκ
753 4114 829 4186 μὴ
857 4114 1029 4170 ὄντων
1061 4116 1298 4187 ἠδύνατο
1326 4118 1529 4190 ἄρτους
1581 4124 1761 4176 ποιεῖν

135 4203 228 4276 τῷ
252 4204 452 4277 πλήθει
476 4205 796 4277 ἀρκοῦντας
836 4223 851 4238 ο
875 4209 1029 4279 ὅμως
1072 4209 1158 4263 ἵνα
1216 4210 1293 4282 μὴ
1326 4208 1457 4284 δόξῃ
1486 4213 1519 4284 ἡ
1574 4214 1760 4279 κτίσις

132 4295 405 4369 ἀλλοτρία
431 4291 576 4353 εἶναι
602 4298 703 4367 τῆς
722 4298 889 4352 αὑτοῦ
924 4299 1143 4369 σοφίας,
1168 4301 1306 4372 αὐτῇ
1336 4304 1404 4374 τῇ
1450 4304 1630 4358 κτίσει
1667 4304 1759 4359 κέ-

130 4405 351 4461 χρηται
379 4388 517 4459 πρὸς
544 4388 644 4460 τὴν
668 4389 930 4444 ὑπόθεσιν
950 4390 1061 4446 τῶν
1084 4390 1389 4464 θαυμάτων
1413 4410 1429 4426 ο
1458 4396 1553 4449 καὶ
1578 4398 1758 4468 ἀφορ-

131 4482 255 4553 μὴν
308 4481 492 4536 λαϐὼν
534 4484 660 4545 τοὺς
699 4475 924 4555 ἄρτους,
970 4484 1166 4557 ὥσπερ
1208 4486 1346 4559 ὓλην
1394 4490 1542 4557 τινὰ,
1569 4490 1749 4557 οὕτως

130 4574 409 4628 εἰδοποιεῖ
461 4576 525 4629 τὸ
578 4574 792 4645 θαῦμα.
844 4562 1306 4650 Δίσχυνέσθωσαν
1362 4583 1411 4636 οἱ
1456 4584 1755 4656 Μανιχαῖοι

128 4664 425 4734 λέγοντες,
453 4665 537 4718 ὅτι
587 4669 615 4720 6
651 4667 839 4739 ἄρτος,
868 4645 1184 4724 κάίήπάντα
1205 4671 1276 4723 τὰ
1333 4672 1393 4726 ἐν
1423 4676 1489 4743 τῇ
1551 4645 1752 4741 κτίσει,
1789 4645 1836 4702 D

122 4755 241 4811 τοῦ
258 4757 501 4828 πονηροῦ
526 4757 667 4811 Θεοῦ
697 4761 807 4812 sict
828 4759 1298 4832 δημιουργήματα
1317 4780 1333 4797 -
1358 4764 1457 4817 καὶ
1476 4763 1566 4819 διά
1592 4766 1756 4820 τοῦτο

125 4851 243 4907 ἐάν
271 4867 359 4914 τις
390 4850 577 4915 αὐτοῖς
601 4849 716 4923 δῴη
741 4851 931 4924 ἄρτον,
962 4853 1039 4925 μὴ
1090 4853 1464 4925 λαμϐάνοντες
1501 4857 1668 4913 αὐτὸν
1690 4860 1756 4914 ἐκ

120 4942 255 4999 τῶν
283 4941 503 4997 ἐκείνου
532 4942 759 5014 χειρῶν,
781 4944 922 5001 ἀλλά
957 4947 1243 5019 πόρρωθεν
1280 4951 1381 5021 μὲν
1401 4951 1567 5008 αὑτὸν
1597 4953 1756 5025 ῥίψαι

123 5035 555 5105 ἐπιτάττοντες,
604 5036 889 5107 ἱστάμενοι
949 5040 1009 5093 δὲ
1074 5044 1170 5096 καὶ
1229 5045 1619 5117 καταρώμενοι
1674 5048 1756 5119 τῷ

119 5132 288 5187 δόντι
322 5147 339 5163 ·
378 5130 438 5184 '0
500 5131 736 5203 σπείρας
822 5149 911 5198 σε,
966 5138 1249 5209 σπαρείη·
1304 5141 1335 5193 6
1383 5140 1593 5211 ἀλήσας
1664 5159 1749 5210 σε,

125 5216 408 5297 ἁλισθείη
428 5225 529 5289 τὰς
562 5224 798 5295 σάρκας,
830 5226 929 5281 καὶ
954 5226 1056 5281 ὅσα
1078 5232 1496 5304 τοιουτότροπα.
1526 5235 1754 5306 Αἰσχυν-

117 5316 395 5372 έσθωσαν
449 5316 545 5375 οῦν
607 5321 901 5385 ἀκούοντες
928 5361 944 5387 ,
980 5323 1063 5377 ὅτι
1106 5325 1136 5378 6
1189 5324 1286 5379 τοῦ
1344 5327 1556 5395 ἀγαθοῦ
1604 5328 1744 5383 Θεοῦ

116 5409 272 5475 Υἱὸς
329 5413 358 5465 6
393 5413 652 5491 Χριστὸς,
706 5417 908 5489 ἄρτους
971 5417 1299 5490 ἐπλήθυνεν.
1344 5421 1408 5475 Et
1474 5422 1533 5476 δὲ
1577 5426 1749 5481 κακὸν

111 5498 281 5574 ἦσαν
315 5504 550 5575 κτίσμα,
589 5507 689 5559 οὐκ
721 5508 788 5561 ἂν
827 5509 856 5561 6
884 5509 1091 5579 ἀγαθὸς
1114 5510 1178 5565 τὸ
1213 5513 1386 5568 κακὸν
1416 5517 1743 5590 ἐπλήθυνεν,

115 5594 222 5647 ἵνα
257 5593 339 5666 μὴ
370 5593 516 5663 λέγω
543 5596 641 5650 καὶ
671 5596 837 5663 αὐτὸς
870 5598 1073 5671 ἄρτους
1104 5603 1318 5674 ἢσθιεν.
1350 5606 1495 5661 Ἀλλ’
1523 5611 1744 5683 ἐρωτήο

114 5703 216 5739 σοι
278 5684 350 5742 ἄν
406 5705 491 5752 τις
535 5705 550 5719 ·
586 5684 734 5761 ’Δρα
757 5691 916 5747 τοῦτο
959 5695 1022 5748 τὸ
1054 5697 1167 5751 τῶν
1194 5700 1377 5770 ἄρτων
1438 5702 1649 5777 θαῦμα,
1684 5709 1748 5764 τὸ

204 5871 256 5904 ³⁸
279 5870 439 5927 Joan.
475 5892 584 5938 xw,
617 5876 671 5939 8,
694 5875 745 5927 9.
827 5878 871 5909 ³⁸³
894 5878 959 5932 Ill
987 5881 1114 5953 Reg.
1151 5902 1223 5953 tv,
1250 5889 1341 5943 58.

1873 3376 2046 3429 maria
2083 3378 2137 3430 in
2191 3386 2497 3431 extremam
2532 3376 2781 3432 venisset
2833 3376 3083 3447 inopiam
3112 3376 3180 3430 ³⁸.
3216 3393 3234 3428 ι
3270 3374 3505 3439 Βειιετέ

1869 3472 2057 3541 guitur
2088 3478 2272 3526 tamen
2298 3480 2353 3524 et
2380 3470 2634 3525 Andreas
2657 3470 3040 3539 nihildignum
3071 3468 3306 3525 Domino
3338 3468 3490 3540 cogi-

1871 3572 2015 3619 taus.
2035 3562 2180 3617 Dicit
2205 3565 2391 3618 enim:
2420 3582 2439 3616 ‹
2479 3562 2587 3619 Sed
2618 3566 2733 3619 haec
2764 3564 2987 3635 quidem
3018 3572 3149 3617 sunt
3181 3564 3324 3618 inter
3374 3574 3487 3618 tam

1869 3656 2111 3711 multos?
2144 3675 2163 3709 ›
2202 3655 2580 3712 Existimabat-
2620 3657 2768 3711 enim
2805 3658 2952 3727 quod
3010 3654 3485 3726 multiplicaturus

1867 3752 2087 3821 quidem
2114 3765 2283 3820 panes
2320 3760 2469 3807 esset
2503 3749 2786 3816 Dominus,
2814 3751 2913 3818 sed
2954 3748 2999 3804 si
3032 3758 3225 3805 essent
3263 3748 3477 3820 plures,

1866 3844 2043 3917 major
2095 3855 2151 3900 et
2206 3843 2595 3914 multiplicatio
2628 3841 2814 3897 futura
2863 3852 3033 3908 esset,
3060 3856 3090 3896 a
3125 3850 3276 3898 recto
3315 3855 3485 3898 sensu

1865 3954 2096 4011 prorsus
2153 3939 2445 3995 aberrans.
2494 3935 2635 3993 Nam
2687 3936 2958 3994 Dominus
2979 3936 3176 3992 ~etiam
3204 3950 3272 3993 ex
3307 3934 3487 3992 nihilo

1864 4034 2136 4103 potuisset
2174 4047 2347 4103 panes
2376 4034 2583 4097 facere,
2606 4031 2699 4102 qui
2737 4029 2910 4101 turbae
2954 4028 3274 4087 subicerent
3301 4048 3317 4086 :
3340 4037 3483 4085 atta-

1866 4138 1990 4179 u'eu
2024 4139 2093 4180 ne
2125 4126 2405 4180 videretur
2449 4132 2706 4179 creatura
2739 4138 2850 4180 non
2885 4137 3008 4179 esse
3056 4137 3124 4179 ex
3173 4123 3346 4193 ipsius
3389 4136 3484 4179 sa-

1864 4218 2095 4286 pientia,
2126 4220 2245 4287 ipsa
2301 4225 2557 4273 creatura
2592 4233 2724 4273 usus
2758 4227 2847 4273 est
2876 4217 2931 4273 in
2980 4216 3270 4272 materiam
3308 4216 3481 4287 mira-

1862 4311 2206 4379 culorum,et
2243 4310 2490 4380 acceptis
2524 4311 2768 4380 quinque
2807 4309 3047 4379 panibus
3098 4308 3179 4363 uti
3207 4309 3471 4365 materia

1862 4408 2119 4476 quadam,
2147 4403 2467 4475 praeclarum
2507 4404 2652 4460 istud
2684 4403 3010 4459 miraculum
3046 4401 3200 4460 fecit.
3222 4401 3478 4461 Confun-

1861 4498 2068 4553 dantur
2121 4496 2430 4566 Mauicbasi,
2462 4497 2711 4553 dicentes
2753 4497 2904 4567 quod
2954 4499 3114 4568 panis
3172 4507 3231 4553 ει
3281 4509 3480 4555 omnes

1861 4600 2133 4646 creaturae
2190 4590 2349 4647 factze
2404 4590 2576 4646 siuta
2610 4589 2957 4646 malo‘Deo:
2989 4600 3045 4645 et
3072 4598 3367 4662 preptcrea
3426 4590 3478 4650 si

1860 4685 1999 4754 quis.
2043 4683 2259 4744 dederit
2309 4683 2392 4740 eis
2443 4698 2668 4754 panem,
2700 4700 2808 4739 non
2867 4683 3151 4754 accipiunt
3202 4684 3357 4739 illum
3405 4685 3477 4741 de

1864 4774 2115 4831 manibus
2149 4775 2315 4841 illius,
2341 4774 2438 4833 sed
2488 4777 2681 4847 procul
2713 4777 2940 4848 quidem
2992 4776 3144 4833 illum
3187 4776 3349 4847 abjici
3377 4776 3475 4850 ju-

1859 4866 2014 4936 beut,
2059 4876 2272 4923 stantes
2304 4878 2513 4938 autem,
2541 4875 2597 4924 et
2648 4869 3039 4926 maledicentes
3072 4870 3125 4926 ei
3168 4870 3260 4941 qui
3296 4870 3473 4942 dedit,

1859 4960 2052 5017 dicunt
2085 4980 2099 5017 ι
2133 4961 2238 5030 Qui
2272 4963 2569 5019 seminavit
2597 4974 2669 5028 te,
2705 4964 3058 5036 dispergatur
3091 4980 3107 5020 :
3145 4975 3203 5020 et
3234 4963 3327 5034 qui
3358 4965 3476 5035 pin-

1862 5053 1973 5109 suit
2014 5064 2085 5118 te,
2112 5054 2370 5123 pinsatur
2414 5069 2603 5122 carne,
2634 5066 2691 5109 et
2720 5054 2944 5109 similia.
2998 5052 3163 5127 583
3218 5051 3474 5109 Confun-

1858 5148 2061 5203 dantur
2098 5148 2284 5220 itaque
2316 5150 2606 5205 audientes
2640 5148 2784 5218 quod
2816 5148 2945 5205 boni
2982 5147 3077 5203 Dei
3110 5147 3286 5205 Filius
3312 5147 3475 5205 Chri-

1856 5250 1974 5297 stus
2002 5256 2174 5311 panes
2209 5240 2607 5313 multiplicarit.
2645 5241 2780 5297 Nam
2814 5243 2859 5298 si
2894 5243 3038 5298 mala
3070 5242 3275 5299 fuisset
3311 5257 3471 5301 crea-

1858 5344 2002 5401 tura,
2026 5334 2204 5391 bonus
2234 5336 2383 5406 quod
2413 5336 2614 5391 malum
2649 5346 2798 5392 esset
2839 5332 3030 5407 utique
3061 5352 3171 5393 non
3208 5336 3472 5408 multipli-

1855 5437 2037 5483 casset
2070 5445 2083 5482 :
2118 5438 2176 5482 ut
2233 5438 2446 5485 taceam
2515 5431 2761 5496 interim,
2813 5432 2961 5501 quod
3012 5440 3068 5486 et
3120 5432 3239 5502 ipse
3296 5442 3470 5501 panes

1857 5521 2120 5577 comedit.
2150 5520 2425 5575 Caeterum
2458 5522 2502 5576 si
2534 5521 2656 5592 quis
2685 5520 3134 5591 interrogaverit,
3165 5537 3297 5577 num
3325 5521 3469 5578 idem

1857 5617 1931 5669 sit
1988 5614 2091 5667 hoc
2157 5615 2485 5669 miraculum
2557 5630 2758 5685 panum
2807 5630 2933 5671 cum
2998 5629 3067 5671 eo
3116 5616 3266 5687 quod
3320 5614 3471 5685 apud

1859 5708 2176 5767 Matthazum
2240 5710 2616 5768 describitur?
2646 5710 2907 5779 dicimus,
2951 5708 3118 5767 Certe
3157 5709 3301 5766 idem
3355 5714 3469 5768 est.
