  <div class='ocr_page' id='page_1' title='image "/cluster/home/n/w/nwhite01/storage/ocr_20150623/123/ien.35556001659978/649.png"; bbox 0 0 3936 6398; ppageno 0'>
   <div class='ocr_carea' id='block_1_1' title="bbox 510 404 644 469">
    <p class='ocr_par' dir='ltr' id='par_1_1' title="bbox 510 404 644 469">
     <span class='ocr_line' id='line_1_1' title="bbox 510 404 644 469; baseline -0.007 0"><span class='ocrx_word' id='word_1_1' title='bbox 510 404 644 469; x_wconf 70' lang='lat'><strong>1237</strong></span> 
     </span>
    </p>
   </div>
   <div class='ocr_carea' id='block_1_2' title="bbox 1432 365 2877 450">
    <p class='ocr_par' dir='ltr' id='par_1_2' title="bbox 1432 365 2877 450">
     <span class='ocr_line' id='line_1_2' title="bbox 1432 365 2877 450; baseline -0.017 0"><span class='ocrx_word' id='word_1_2' title='bbox 1432 381 2023 450; x_wconf 70' lang='lat' dir='ltr'><strong>TilEt&#39;)Pl.lYl.AC&#39;l‘l</strong></span> <span class='ocrx_word' id='word_1_3' title='bbox 2064 369 2478 438; x_wconf 61' lang='lat' dir='ltr'><strong>BULGARIAE</strong></span> <span class='ocrx_word' id='word_1_4' title='bbox 2518 365 2877 428; x_wconf 81' lang='lat' dir='ltr'><strong>ARCHIEP.</strong></span> 
     </span>
    </p>
   </div>
   <div class='ocr_carea' id='block_1_3' title="bbox 3671 352 3800 417">
    <p class='ocr_par' dir='ltr' id='par_1_3' title="bbox 3671 352 3800 417">
     <span class='ocr_line' id='line_1_3' title="bbox 3671 352 3800 417; baseline 0 -1"><span class='ocrx_word' id='word_1_5' title='bbox 3671 352 3800 417; x_wconf 68' lang='lat'><strong>1238</strong></span> 
     </span>
    </p>
   </div>
   <div class='ocr_carea' id='block_1_4' title="bbox 510 470 2111 586">
    <p class='ocr_par' dir='ltr' id='par_1_4' title="bbox 510 499 2105 586">
     <span class='ocr_line' id='line_1_4' title="bbox 510 499 2105 586; baseline -0.016 -13"><span class='ocrx_word' id='word_1_6' title='bbox 510 517 774 586; x_wconf 77' lang='lat' dir='ltr'><strong>Quamvis</strong></span> <span class='ocrx_word' id='word_1_7' title='bbox 806 526 983 570; x_wconf 90' lang='lat' dir='ltr'><strong>autem</strong></span> <span class='ocrx_word' id='word_1_8' title='bbox 1014 511 1138 565; x_wconf 89' lang='lat' dir='ltr'><strong>illnc</strong></span> <span class='ocrx_word' id='word_1_9' title='bbox 1161 505 1415 577; x_wconf 83' lang='lat' dir='ltr'><strong>discipuli</strong></span> <span class='ocrx_word' id='word_1_10' title='bbox 1451 503 1718 558; x_wconf 79' lang='lat' dir='ltr'><strong>accedunt</strong></span> <span class='ocrx_word' id='word_1_11' title='bbox 1744 499 2105 553; x_wconf 82' lang='lat' dir='ltr'><strong>admonentes</strong></span> 
     </span>
    </p>
   </div>
   <div class='ocr_carea' id='block_1_5' title="bbox 2219 470 3815 586">
    <p class='ocr_par' dir='ltr' id='par_1_5' title="bbox 2219 470 3815 554">
     <span class='ocr_line' id='line_1_5' title="bbox 2219 470 3815 554; baseline -0.015 -11"><span class='ocrx_word' id='word_1_12' title='bbox 2219 488 2344 543; x_wconf 65' lang='grc' dir='ltr'>αὐτό</span> <span class='ocrx_word' id='word_1_13' title='bbox 2372 490 2490 538; x_wconf 80' lang='grc' dir='ltr'>ἐστι</span> <span class='ocrx_word' id='word_1_14' title='bbox 2517 483 2598 554; x_wconf 76' lang='grc' dir='ltr'>τῷ</span> <span class='ocrx_word' id='word_1_15' title='bbox 2627 482 2778 553; x_wconf 80' lang='grc' dir='ltr'><strong>παρᾶ</strong></span> <span class='ocrx_word' id='word_1_16' title='bbox 2801 479 2880 548; x_wconf 83' lang='grc' dir='ltr'>τῷ</span> <span class='ocrx_word' id='word_1_17' title='bbox 2907 474 3180 545; x_wconf 66' lang='grc' dir='ltr'>Ματθαὰρ</span> <span class='ocrx_word' id='word_1_18' title='bbox 3217 472 3336 547; x_wconf 70' lang='lat'><strong>(2‘2)</strong></span> <span class='ocrx_word' id='word_1_19' title='bbox 3363 491 3376 537; x_wconf 82' lang='grc'><strong>;</strong></span> <span class='ocrx_word' id='word_1_20' title='bbox 3415 471 3493 525; x_wconf 79' lang='grc' dir='ltr'><strong>Τὸ</strong></span> <span class='ocrx_word' id='word_1_21' title='bbox 3523 470 3668 523; x_wconf 73' lang='grc' dir='ltr'>αὐτὸ</span> <span class='ocrx_word' id='word_1_22' title='bbox 3697 472 3815 522; x_wconf 79' lang='grc' dir='ltr'>ἐστι.</span> 
     </span>
    </p>
   </div>
   <div class='ocr_carea' id='block_1_6' title="bbox 510 588 2100 666">
    <p class='ocr_par' dir='ltr' id='par_1_6' title="bbox 510 588 2100 666">
     <span class='ocr_line' id='line_1_6' title="bbox 510 588 2100 666; baseline -0.014 -2"><span class='ocrx_word' id='word_1_23' title='bbox 510 616 577 665; x_wconf 81' lang='lat' dir='ltr'><strong>de</strong></span> <span class='ocrx_word' id='word_1_24' title='bbox 611 609 761 662; x_wconf 82' lang='lat' dir='ltr'><strong>turba</strong></span> <span class='ocrx_word' id='word_1_25' title='bbox 804 615 865 660; x_wconf 85' lang='lat' dir='ltr'><strong>ut</strong></span> <span class='ocrx_word' id='word_1_26' title='bbox 903 605 1233 666; x_wconf 75' lang='lat' dir='ltr'><strong>dimittatur,</strong></span> <span class='ocrx_word' id='word_1_27' title='bbox 1263 601 1366 653; x_wconf 89' lang='lat' dir='ltr'><strong>hoc</strong></span> <span class='ocrx_word' id='word_1_28' title='bbox 1399 605 1576 650; x_wconf 84' lang='lat' dir='ltr'><strong>autem</strong></span> <span class='ocrx_word' id='word_1_29' title='bbox 1631 593 1749 646; x_wconf 83' lang='lat' dir='ltr'><strong>loco</strong></span> <span class='ocrx_word' id='word_1_30' title='bbox 1782 593 1896 660; x_wconf 87' lang='lat' dir='ltr'><strong>ipse</strong></span> <span class='ocrx_word' id='word_1_31' title='bbox 1940 588 2100 643; x_wconf 81' lang='lat' dir='ltr'><strong>Jesus</strong></span> 
     </span>
    </p>
   </div>
   <div class='ocr_carea' id='block_1_7' title="bbox 512 682 2100 769">
    <p class='ocr_par' dir='ltr' id='par_1_7' title="bbox 512 682 2100 769">
     <span class='ocr_line' id='line_1_7' title="bbox 512 682 2100 769; baseline -0.015 -11"><span class='ocrx_word' id='word_1_32' title='bbox 512 705 808 769; x_wconf 76' lang='lat' dir='ltr'><strong>interrogat</strong></span> <span class='ocrx_word' id='word_1_33' title='bbox 835 699 979 753; x_wconf 85' lang='lat' dir='ltr'><strong>unde</strong></span> <span class='ocrx_word' id='word_1_34' title='bbox 1028 703 1283 765; x_wconf 87' lang='lat' dir='ltr'><strong>pascatur</strong></span> <span class='ocrx_word' id='word_1_35' title='bbox 1314 708 1327 744; x_wconf 89' lang='lat'><strong>:</strong></span> <span class='ocrx_word' id='word_1_36' title='bbox 1363 705 1470 743; x_wconf 85' lang='lat' dir='ltr'><strong>non</strong></span> <span class='ocrx_word' id='word_1_37' title='bbox 1503 702 1641 757; x_wconf 87' lang='lat' dir='ltr'><strong>opus</strong></span> <span class='ocrx_word' id='word_1_38' title='bbox 1692 696 1775 738; x_wconf 85' lang='lat' dir='ltr'><strong>est</strong></span> <span class='ocrx_word' id='word_1_39' title='bbox 1820 682 2100 735; x_wconf 87' lang='lat' dir='ltr'><strong>admirari.</strong></span> 
     </span>
    </p>
   </div>
   <div class='ocr_carea' id='block_1_8' title="bbox 513 779 2168 850">
    <p class='ocr_par' dir='ltr' id='par_1_8' title="bbox 513 779 2168 850">
     <span class='ocr_line' id='line_1_8' title="bbox 513 779 2168 850; baseline -0.011 -5"><span class='ocrx_word' id='word_1_40' title='bbox 513 793 824 849; x_wconf 74' lang='lat' dir='ltr'><strong>Verisimile</strong></span> <span class='ocrx_word' id='word_1_41' title='bbox 900 791 1042 844; x_wconf 87' lang='lat' dir='ltr'><strong>enim</strong></span> <span class='ocrx_word' id='word_1_42' title='bbox 1106 797 1188 842; x_wconf 77' lang='lat' dir='ltr'><strong>est</strong></span> <span class='ocrx_word' id='word_1_43' title='bbox 1239 793 1531 850; x_wconf 86' lang='lat' dir='ltr'><strong>utrumque</strong></span> <span class='ocrx_word' id='word_1_44' title='bbox 1583 779 1789 832; x_wconf 81' lang='lat' dir='ltr'><strong>factum</strong></span> <span class='ocrx_word' id='word_1_45' title='bbox 1853 790 1994 836; x_wconf 86' lang='lat' dir='ltr'><strong>esse,</strong></span> <span class='ocrx_word' id='word_1_46' title='bbox 2049 783 2105 828; x_wconf 91' lang='lat' dir='ltr'><strong>et</strong></span> <span class='ocrx_word' id='word_1_47' title='bbox 2163 844 2168 848; x_wconf 24' lang='grc' dir='ltr'><strong><em>ι</em></strong></span> 
     </span>
    </p>
   </div>
   <div class='ocr_carea' id='block_1_9' title="bbox 512 867 2104 954">
    <p class='ocr_par' dir='ltr' id='par_1_9' title="bbox 512 867 2104 954">
     <span class='ocr_line' id='line_1_9' title="bbox 512 867 2104 954; baseline -0.014 -15"><span class='ocrx_word' id='word_1_48' title='bbox 512 888 804 953; x_wconf 75' lang='lat' dir='ltr'><strong>discipulos</strong></span> <span class='ocrx_word' id='word_1_49' title='bbox 836 885 989 954; x_wconf 89' lang='lat' dir='ltr'><strong>prius</strong></span> <span class='ocrx_word' id='word_1_50' title='bbox 1020 882 1370 934; x_wconf 73' lang='lat' dir='ltr'><strong>admonuisse</strong></span> <span class='ocrx_word' id='word_1_51' title='bbox 1400 873 1690 928; x_wconf 90' lang='lat' dir='ltr'><strong>Dominum</strong></span> <span class='ocrx_word' id='word_1_52' title='bbox 1714 871 1782 924; x_wconf 88' lang='lat' dir='ltr'><strong>de</strong></span> <span class='ocrx_word' id='word_1_53' title='bbox 1817 867 1991 923; x_wconf 85' lang='lat' dir='ltr'><strong>turbis</strong></span> <span class='ocrx_word' id='word_1_54' title='bbox 2024 867 2104 918; x_wconf 85' lang='lat' dir='ltr'><strong>di-</strong></span> 
     </span>
    </p>
   </div>
   <div class='ocr_carea' id='block_1_10' title="bbox 513 965 2102 1041">
    <p class='ocr_par' dir='ltr' id='par_1_10' title="bbox 513 965 2102 1041">
     <span class='ocr_line' id='line_1_10' title="bbox 513 965 2102 1041; baseline -0.014 -8"><span class='ocrx_word' id='word_1_55' title='bbox 513 979 815 1041; x_wconf 75' lang='lat' dir='ltr'><strong>lttitlcttdis,</strong></span> <span class='ocrx_word' id='word_1_56' title='bbox 854 987 909 1029; x_wconf 85' lang='lat' dir='ltr'><strong>et</strong></span> <span class='ocrx_word' id='word_1_57' title='bbox 957 986 1082 1027; x_wconf 91' lang='lat' dir='ltr'><strong>tunc</strong></span> <span class='ocrx_word' id='word_1_58' title='bbox 1136 968 1444 1038; x_wconf 82' lang='lat' dir='ltr'><strong>Philippum</strong></span> <span class='ocrx_word' id='word_1_59' title='bbox 1486 965 1876 1034; x_wconf 81' lang='lat' dir='ltr'><strong>interrogatum</strong></span> <span class='ocrx_word' id='word_1_60' title='bbox 1915 973 2038 1015; x_wconf 85' lang='lat' dir='ltr'><strong>esse</strong></span> <span class='ocrx_word' id='word_1_61' title='bbox 2073 973 2102 1011; x_wconf 87' lang='lat' dir='ltr'><strong>a</strong></span> 
     </span>
    </p>
   </div>
   <div class='ocr_carea' id='block_1_11' title="bbox 512 1069 1174 1127">
    <p class='ocr_par' dir='ltr' id='par_1_11' title="bbox 512 1069 1174 1127">
     <span class='ocr_line' id='line_1_11' title="bbox 512 1069 1174 1127; baseline -0.014 0"><span class='ocrx_word' id='word_1_62' title='bbox 512 1072 740 1127; x_wconf 87' lang='lat' dir='ltr'><strong>Domino</strong></span> <span class='ocrx_word' id='word_1_63' title='bbox 770 1071 910 1125; x_wconf 91' lang='lat' dir='ltr'><strong>unde</strong></span> <span class='ocrx_word' id='word_1_64' title='bbox 936 1069 1174 1122; x_wconf 82' lang='lat' dir='ltr'><strong>alantur.</strong></span> 
     </span>
    </p>
   </div>
   <div class='ocr_carea' id='block_1_12' title="bbox 581 1341 2104 1410">
    <p class='ocr_par' dir='ltr' id='par_1_12' title="bbox 581 1341 2104 1410">
     <span class='ocr_line' id='line_1_12' title="bbox 581 1341 2104 1410; baseline -0.01 -3"><span class='ocrx_word' id='word_1_65' title='bbox 581 1357 748 1410; x_wconf 70' lang='lat' dir='ltr'><strong>Vens.</strong></span> <span class='ocrx_word' id='word_1_66' title='bbox 783 1353 971 1410; x_wconf 67' lang='lat'><strong>10-13.</strong></span> <span class='ocrx_word' id='word_1_67' title='bbox 1012 1369 1036 1404; x_wconf 72' lang='grc' dir='ltr'><strong>ν</strong></span> <span class='ocrx_word' id='word_1_68' title='bbox 1076 1350 1220 1406; x_wconf 80' lang='lat' dir='ltr'><strong>Dixit</strong></span> <span class='ocrx_word' id='word_1_69' title='bbox 1252 1359 1430 1405; x_wconf 87' lang='lat' dir='ltr'><strong>autem</strong></span> <span class='ocrx_word' id='word_1_70' title='bbox 1462 1348 1619 1404; x_wconf 81' lang='lat' dir='ltr'><strong>Jesus</strong></span> <span class='ocrx_word' id='word_1_71' title='bbox 1651 1362 1664 1400; x_wconf 90' lang='lat'>:</span> <span class='ocrx_word' id='word_1_72' title='bbox 1705 1343 1890 1399; x_wconf 75' lang='lat' dir='ltr'><strong>Facite</strong></span> <span class='ocrx_word' id='word_1_73' title='bbox 1924 1351 1982 1396; x_wconf 91' lang='lat' dir='ltr'><strong>ut</strong></span> <span class='ocrx_word' id='word_1_74' title='bbox 2009 1341 2104 1396; x_wconf 79' lang='lat' dir='ltr'><strong>hn-</strong></span> 
     </span>
    </p>
   </div>
   <div class='ocr_carea' id='block_1_13' title="bbox 517 1425 2104 1510">
    <p class='ocr_par' dir='ltr' id='par_1_13' title="bbox 517 1425 2104 1510">
     <span class='ocr_line' id='line_1_13' title="bbox 517 1425 2104 1510; baseline -0.013 -7"><span class='ocrx_word' id='word_1_75' title='bbox 517 1450 695 1503; x_wconf 89' lang='lat' dir='ltr'><strong>mines</strong></span> <span class='ocrx_word' id='word_1_76' title='bbox 722 1445 1092 1500; x_wconf 89' lang='lat' dir='ltr'><strong>disrumhant.</strong></span> <span class='ocrx_word' id='word_1_77' title='bbox 1121 1442 1254 1496; x_wconf 88' lang='lat' dir='ltr'><strong>Erat</strong></span> <span class='ocrx_word' id='word_1_78' title='bbox 1299 1451 1481 1494; x_wconf 86' lang='lat' dir='ltr'><strong>autem</strong></span> <span class='ocrx_word' id='word_1_79' title='bbox 1518 1425 1744 1510; x_wconf 83' lang='lat' dir='ltr'><strong>gramen</strong></span> <span class='ocrx_word' id='word_1_80' title='bbox 1780 1433 2006 1487; x_wconf 91' lang='lat' dir='ltr'><strong>multum</strong></span> <span class='ocrx_word' id='word_1_81' title='bbox 2053 1431 2104 1484; x_wconf 92' lang='lat' dir='ltr'><strong>in</strong></span> 
     </span>
    </p>
   </div>
   <div class='ocr_carea' id='block_1_14' title="bbox 510 1524 2108 1600">
    <p class='ocr_par' dir='ltr' id='par_1_14' title="bbox 510 1524 2108 1600">
     <span class='ocr_line' id='line_1_14' title="bbox 510 1524 2108 1600; baseline -0.014 -5"><span class='ocrx_word' id='word_1_82' title='bbox 510 1557 576 1595; x_wconf 90' lang='lat' dir='ltr'><strong>eo</strong></span> <span class='ocrx_word' id='word_1_83' title='bbox 607 1541 744 1593; x_wconf 80' lang='lat' dir='ltr'><strong>Iuro.</strong></span> <span class='ocrx_word' id='word_1_84' title='bbox 786 1535 1184 1593; x_wconf 83' lang='lat' dir='ltr'><strong>Discubuerunt</strong></span> <span class='ocrx_word' id='word_1_85' title='bbox 1209 1548 1340 1600; x_wconf 82' lang='lat' dir='ltr'><strong>ergo</strong></span> <span class='ocrx_word' id='word_1_86' title='bbox 1362 1532 1460 1585; x_wconf 87' lang='lat' dir='ltr'><strong>viri</strong></span> <span class='ocrx_word' id='word_1_87' title='bbox 1491 1543 1717 1583; x_wconf 86' lang='lat' dir='ltr'><strong>numero</strong></span> <span class='ocrx_word' id='word_1_88' title='bbox 1747 1528 1921 1580; x_wconf 88' lang='lat' dir='ltr'><strong>l&#39;crme</strong></span> <span class='ocrx_word' id='word_1_89' title='bbox 1947 1524 2108 1594; x_wconf 89' lang='lat' dir='ltr'><strong>quin—</strong></span> 
     </span>
    </p>
   </div>
   <div class='ocr_carea' id='block_1_15' title="bbox 513 1618 2108 1699">
    <p class='ocr_par' dir='ltr' id='par_1_15' title="bbox 513 1618 2108 1699">
     <span class='ocr_line' id='line_1_15' title="bbox 513 1618 2108 1699; baseline -0.01 -15"><span class='ocrx_word' id='word_1_90' title='bbox 513 1633 670 1699; x_wconf 88' lang='lat' dir='ltr'><strong>quies</strong></span> <span class='ocrx_word' id='word_1_91' title='bbox 728 1631 895 1685; x_wconf 89' lang='lat' dir='ltr'><strong>mille.</strong></span> <span class='ocrx_word' id='word_1_92' title='bbox 950 1629 1177 1696; x_wconf 81' lang='lat' dir='ltr'><strong>Accepit</strong></span> <span class='ocrx_word' id='word_1_93' title='bbox 1206 1633 1385 1678; x_wconf 91' lang='lat' dir='ltr'><strong>autem</strong></span> <span class='ocrx_word' id='word_1_94' title='bbox 1421 1636 1590 1693; x_wconf 86' lang='lat' dir='ltr'><strong>panes</strong></span> <span class='ocrx_word' id='word_1_95' title='bbox 1635 1618 1816 1683; x_wconf 80' lang='lat' dir='ltr'><strong>Jesus,</strong></span> <span class='ocrx_word' id='word_1_96' title='bbox 1870 1630 2108 1683; x_wconf 85' lang='lat' dir='ltr'><strong>cumque</strong></span> 
     </span>
    </p>
   </div>
   <div class='ocr_carea' id='block_1_16' title="bbox 513 1709 2106 1799">
    <p class='ocr_par' dir='ltr' id='par_1_16' title="bbox 513 1709 2106 1799">
     <span class='ocr_line' id='line_1_16' title="bbox 513 1709 2106 1799; baseline -0.014 -20"><span class='ocrx_word' id='word_1_97' title='bbox 513 1730 717 1799; x_wconf 75' lang='lat' dir='ltr'><strong>gratias</strong></span> <span class='ocrx_word' id='word_1_98' title='bbox 747 1728 967 1796; x_wconf 73' lang='lat' dir='ltr'><strong>egisset,</strong></span> <span class='ocrx_word' id='word_1_99' title='bbox 1004 1723 1284 1778; x_wconf 80' lang='lat' dir='ltr'><strong>distribuit</strong></span> <span class='ocrx_word' id='word_1_100' title='bbox 1321 1717 1641 1787; x_wconf 78' lang='lat' dir='ltr'><strong>discipulis;</strong></span> <span class='ocrx_word' id='word_1_101' title='bbox 1676 1712 1922 1784; x_wconf 87' lang='lat' dir='ltr'><strong>discipuli</strong></span> <span class='ocrx_word' id='word_1_102' title='bbox 1955 1709 2106 1776; x_wconf 68' lang='lat' dir='ltr'><strong>tier&quot;,</strong></span> 
     </span>
    </p>
   </div>
   <div class='ocr_carea' id='block_1_17' title="bbox 514 1805 2104 1877">
    <p class='ocr_par' dir='ltr' id='par_1_17' title="bbox 514 1805 2104 1877">
     <span class='ocr_line' id='line_1_17' title="bbox 514 1805 2104 1877; baseline -0.014 -3"><span class='ocrx_word' id='word_1_103' title='bbox 514 1817 1007 1875; x_wconf 67' lang='lat' dir='ltr'><strong>discutnbentibus.</strong></span> <span class='ocrx_word' id='word_1_104' title='bbox 1055 1813 1322 1868; x_wconf 86' lang='lat' dir='ltr'><strong>Similiter</strong></span> <span class='ocrx_word' id='word_1_105' title='bbox 1353 1821 1407 1864; x_wconf 91' lang='lat' dir='ltr'><strong>et</strong></span> <span class='ocrx_word' id='word_1_106' title='bbox 1459 1825 1521 1862; x_wconf 79' lang='lat' dir='ltr'><strong>ex</strong></span> <span class='ocrx_word' id='word_1_107' title='bbox 1567 1805 1805 1877; x_wconf 84' lang='lat' dir='ltr'><strong>piscibus</strong></span> <span class='ocrx_word' id='word_1_108' title='bbox 1841 1814 2104 1872; x_wconf 86' lang='lat' dir='ltr'><strong>quantum</strong></span> 
     </span>
    </p>
   </div>
   <div class='ocr_carea' id='block_1_18' title="bbox 519 1890 2106 1969">
    <p class='ocr_par' dir='ltr' id='par_1_18' title="bbox 519 1890 2106 1969">
     <span class='ocr_line' id='line_1_18' title="bbox 519 1890 2106 1969; baseline -0.013 -7"><span class='ocrx_word' id='word_1_109' title='bbox 519 1911 790 1964; x_wconf 69' lang='lat' dir='ltr'><strong>volebant.</strong></span> <span class='ocrx_word' id='word_1_110' title='bbox 818 1906 886 1962; x_wconf 89' lang='lat' dir='ltr'><strong>Ut</strong></span> <span class='ocrx_word' id='word_1_111' title='bbox 909 1914 1088 1959; x_wconf 84' lang='lat' dir='ltr'><strong>autem</strong></span> <span class='ocrx_word' id='word_1_112' title='bbox 1118 1901 1486 1969; x_wconf 66' lang='lat' dir='ltr'><strong>impleti,sunt,</strong></span> <span class='ocrx_word' id='word_1_113' title='bbox 1513 1894 1940 1960; x_wconf 85' lang='lat' dir='ltr'><strong>dicitdiscipulis</strong></span> <span class='ocrx_word' id='word_1_114' title='bbox 1960 1890 2106 1945; x_wconf 84' lang='lat' dir='ltr'><strong>suis:</strong></span> 
     </span>
    </p>
   </div>
   <div class='ocr_carea' id='block_1_19' title="bbox 513 1986 2111 2071">
    <p class='ocr_par' dir='ltr' id='par_1_19' title="bbox 513 1986 2111 2071">
     <span class='ocr_line' id='line_1_19' title="bbox 513 1986 2111 2071; baseline -0.011 -15"><span class='ocrx_word' id='word_1_115' title='bbox 513 2003 758 2071; x_wconf 83' lang='lat' dir='ltr'><strong>Colligite</strong></span> <span class='ocrx_word' id='word_1_116' title='bbox 778 2014 896 2069; x_wconf 64' lang='lat' dir='ltr'><strong>qum</strong></span> <span class='ocrx_word' id='word_1_117' title='bbox 913 1995 1300 2066; x_wconf 82' lang='lat' dir='ltr'><strong>superfuerunt</strong></span> <span class='ocrx_word' id='word_1_118' title='bbox 1327 1995 1654 2061; x_wconf 73' lang='lat' dir='ltr'><strong>fragmenta,</strong></span> <span class='ocrx_word' id='word_1_119' title='bbox 1675 2003 1740 2041; x_wconf 91' lang='lat' dir='ltr'><strong>ne</strong></span> <span class='ocrx_word' id='word_1_120' title='bbox 1756 1986 1882 2058; x_wconf 89' lang='lat' dir='ltr'><strong>quid</strong></span> <span class='ocrx_word' id='word_1_121' title='bbox 1902 1994 2111 2055; x_wconf 84' lang='lat' dir='ltr'><strong>pereat.</strong></span> 
     </span>
    </p>
   </div>
   <div class='ocr_carea' id='block_1_20' title="bbox 516 2075 2114 2161">
    <p class='ocr_par' dir='ltr' id='par_1_20' title="bbox 516 2075 2114 2161">
     <span class='ocr_line' id='line_1_20' title="bbox 516 2075 2114 2161; baseline -0.011 -16"><span class='ocrx_word' id='word_1_122' title='bbox 516 2093 864 2161; x_wconf 71' lang='lat' dir='ltr'><strong>(Jollcgerunt</strong></span> <span class='ocrx_word' id='word_1_123' title='bbox 887 2102 1038 2156; x_wconf 90' lang='lat' dir='ltr'><strong>ergo,</strong></span> <span class='ocrx_word' id='word_1_124' title='bbox 1067 2096 1120 2139; x_wconf 91' lang='lat' dir='ltr'><strong>et</strong></span> <span class='ocrx_word' id='word_1_125' title='bbox 1157 2084 1518 2151; x_wconf 80' lang='lat' dir='ltr'><strong>impleverunt</strong></span> <span class='ocrx_word' id='word_1_126' title='bbox 1542 2077 1827 2132; x_wconf 84' lang='lat' dir='ltr'><strong>duodecim</strong></span> <span class='ocrx_word' id='word_1_127' title='bbox 1852 2075 2114 2143; x_wconf 84' lang='lat' dir='ltr'><strong>cophinos</strong></span> 
     </span>
    </p>
   </div>
   <div class='ocr_carea' id='block_1_21' title="bbox 517 2170 2113 2253">
    <p class='ocr_par' dir='ltr' id='par_1_21' title="bbox 517 2170 2113 2253">
     <span class='ocr_line' id='line_1_21' title="bbox 517 2170 2113 2253; baseline -0.011 -15"><span class='ocrx_word' id='word_1_128' title='bbox 517 2185 944 2253; x_wconf 79' lang='lat' dir='ltr'><strong>fragmentorum</strong></span> <span class='ocrx_word' id='word_1_129' title='bbox 982 2194 1047 2232; x_wconf 86' lang='lat' dir='ltr'><strong>ex</strong></span> <span class='ocrx_word' id='word_1_130' title='bbox 1081 2177 1322 2246; x_wconf 89' lang='lat' dir='ltr'><strong>quinque</strong></span> <span class='ocrx_word' id='word_1_131' title='bbox 1355 2174 1582 2243; x_wconf 86' lang='lat' dir='ltr'><strong>panibus</strong></span> <span class='ocrx_word' id='word_1_132' title='bbox 1615 2170 1954 2234; x_wconf 86' lang='lat' dir='ltr'><strong>hordeaceis,</strong></span> <span class='ocrx_word' id='word_1_133' title='bbox 1991 2182 2113 2237; x_wconf 64' lang='lat' dir='ltr'><strong>qua</strong></span> 
     </span>
    </p>
   </div>
   <div class='ocr_carea' id='block_1_22' title="bbox 519 2262 2115 2344">
    <p class='ocr_par' dir='ltr' id='par_1_22' title="bbox 519 2262 2115 2344">
     <span class='ocr_line' id='line_1_22' title="bbox 519 2262 2115 2344; baseline -0.009 -15"><span class='ocrx_word' id='word_1_134' title='bbox 519 2276 903 2344; x_wconf 82' lang='lat' dir='ltr'><strong>superfuerant</strong></span> <span class='ocrx_word' id='word_1_135' title='bbox 930 2273 1012 2325; x_wconf 89' lang='lat' dir='ltr'><strong>his</strong></span> <span class='ocrx_word' id='word_1_136' title='bbox 1040 2270 1128 2339; x_wconf 89' lang='lat' dir='ltr'><strong>qui</strong></span> <span class='ocrx_word' id='word_1_137' title='bbox 1160 2268 1534 2323; x_wconf 88' lang='lat' dir='ltr'><strong>comederant.</strong></span> <span class='ocrx_word' id='word_1_138' title='bbox 1569 2283 1584 2316; x_wconf 81' lang='grc' dir='ltr'><strong>ι</strong></span> <span class='ocrx_word' id='word_1_139' title='bbox 1618 2262 1785 2318; x_wconf 83' lang='lat' dir='ltr'><strong>Jussit</strong></span> <span class='ocrx_word' id='word_1_140' title='bbox 1815 2277 1910 2316; x_wconf 90' lang='lat' dir='ltr'><strong>eos</strong></span> <span class='ocrx_word' id='word_1_141' title='bbox 1937 2262 2115 2315; x_wconf 72' lang='lat' dir='ltr'><strong>facere</strong></span> 
     </span>
    </p>
   </div>
   <div class='ocr_carea' id='block_1_23' title="bbox 518 2355 2112 2435">
    <p class='ocr_par' dir='ltr' id='par_1_23' title="bbox 518 2355 2112 2435">
     <span class='ocr_line' id='line_1_23' title="bbox 518 2355 2112 2435; baseline -0.013 -11"><span class='ocrx_word' id='word_1_142' title='bbox 518 2369 888 2428; x_wconf 82' lang='lat' dir='ltr'><strong>discumbere.</strong></span> <span class='ocrx_word' id='word_1_143' title='bbox 926 2364 1083 2435; x_wconf 91' lang='lat' dir='ltr'><strong>quasi</strong></span> <span class='ocrx_word' id='word_1_144' title='bbox 1131 2371 1320 2432; x_wconf 86' lang='lat' dir='ltr'><strong>parata</strong></span> <span class='ocrx_word' id='word_1_145' title='bbox 1365 2374 1575 2413; x_wconf 88' lang='lat' dir='ltr'><strong>mensa.</strong></span> <span class='ocrx_word' id='word_1_146' title='bbox 1627 2355 1882 2424; x_wconf 83' lang='lat' dir='ltr'><strong>Discipuli</strong></span> <span class='ocrx_word' id='word_1_147' title='bbox 1933 2363 2112 2406; x_wconf 85' lang='lat' dir='ltr'><strong>autem</strong></span> 
     </span>
    </p>
   </div>
   <div class='ocr_carea' id='block_1_24' title="bbox 519 2449 2114 2530">
    <p class='ocr_par' dir='ltr' id='par_1_24' title="bbox 519 2449 2114 2530">
     <span class='ocr_line' id='line_1_24' title="bbox 519 2449 2114 2530; baseline -0.011 -15"><span class='ocrx_word' id='word_1_148' title='bbox 519 2462 769 2530; x_wconf 76' lang='lat' dir='ltr'><strong>quamvis</strong></span> <span class='ocrx_word' id='word_1_149' title='bbox 811 2460 960 2529; x_wconf 91' lang='lat' dir='ltr'><strong>prius</strong></span> <span class='ocrx_word' id='word_1_150' title='bbox 995 2454 1282 2518; x_wconf 89' lang='lat' dir='ltr'><strong>increduli,</strong></span> <span class='ocrx_word' id='word_1_151' title='bbox 1315 2464 1556 2506; x_wconf 89' lang='lat' dir='ltr'><strong>attamen</strong></span> <span class='ocrx_word' id='word_1_152' title='bbox 1611 2449 1864 2503; x_wconf 86' lang='lat' dir='ltr'><strong>alacriter</strong></span> <span class='ocrx_word' id='word_1_153' title='bbox 1902 2461 2114 2500; x_wconf 89' lang='lat' dir='ltr'><strong>recum-</strong></span> 
     </span>
    </p>
   </div>
   <div class='ocr_carea' id='block_1_25' title="bbox 518 2538 2111 2612">
    <p class='ocr_par' dir='ltr' id='par_1_25' title="bbox 518 2538 2111 2612">
     <span class='ocr_line' id='line_1_25' title="bbox 518 2538 2111 2612; baseline -0.01 -4"><span class='ocrx_word' id='word_1_154' title='bbox 518 2555 648 2608; x_wconf 85' lang='lat' dir='ltr'><strong>bere</strong></span> <span class='ocrx_word' id='word_1_155' title='bbox 673 2553 876 2607; x_wconf 80' lang='lat' dir='ltr'><strong>faciunt</strong></span> <span class='ocrx_word' id='word_1_156' title='bbox 906 2550 1174 2605; x_wconf 89' lang='lat' dir='ltr'><strong>homines.</strong></span> <span class='ocrx_word' id='word_1_157' title='bbox 1210 2566 1228 2600; x_wconf 76' lang='grc' dir='ltr'><strong>ι</strong></span> <span class='ocrx_word' id='word_1_158' title='bbox 1263 2547 1391 2600; x_wconf 86' lang='lat' dir='ltr'><strong>Erat</strong></span> <span class='ocrx_word' id='word_1_159' title='bbox 1424 2552 1605 2598; x_wconf 90' lang='lat' dir='ltr'><strong>autem</strong></span> <span class='ocrx_word' id='word_1_160' title='bbox 1634 2557 1880 2612; x_wconf 90' lang='lat' dir='ltr'><strong>gramen.</strong></span> <span class='ocrx_word' id='word_1_161' title='bbox 1917 2559 1933 2590; x_wconf 78' lang='grc' dir='ltr'><strong>ι</strong></span> <span class='ocrx_word' id='word_1_162' title='bbox 1963 2538 2111 2606; x_wconf 89' lang='lat' dir='ltr'><strong>Quo-</strong></span> 
     </span>
    </p>
   </div>
   <div class='ocr_carea' id='block_1_26' title="bbox 521 2632 2109 2708">
    <p class='ocr_par' dir='ltr' id='par_1_26' title="bbox 521 2632 2109 2708">
     <span class='ocr_line' id='line_1_26' title="bbox 521 2632 2109 2708; baseline -0.009 -8"><span class='ocrx_word' id='word_1_163' title='bbox 521 2648 666 2701; x_wconf 90' lang='lat' dir='ltr'><strong>niam</strong></span> <span class='ocrx_word' id='word_1_164' title='bbox 705 2660 801 2698; x_wconf 86' lang='lat' dir='ltr'><strong>ver</strong></span> <span class='ocrx_word' id='word_1_165' title='bbox 825 2652 945 2698; x_wconf 89' lang='lat' dir='ltr'><strong>erat</strong></span> <span class='ocrx_word' id='word_1_166' title='bbox 975 2659 989 2694; x_wconf 86' lang='lat'>:</span> <span class='ocrx_word' id='word_1_167' title='bbox 1022 2649 1140 2695; x_wconf 87' lang='lat' dir='ltr'><strong>erat</strong></span> <span class='ocrx_word' id='word_1_168' title='bbox 1171 2641 1337 2704; x_wconf 87' lang='lat' dir='ltr'><strong>enim,</strong></span> <span class='ocrx_word' id='word_1_169' title='bbox 1377 2637 1575 2708; x_wconf 90' lang='lat' dir='ltr'><strong>inquit,</strong></span> <span class='ocrx_word' id='word_1_170' title='bbox 1611 2635 1847 2698; x_wconf 80' lang='lat' dir='ltr'><strong>Pascha,</strong></span> <span class='ocrx_word' id='word_1_171' title='bbox 1883 2634 2025 2702; x_wconf 87' lang='lat' dir='ltr'><strong>quod</strong></span> <span class='ocrx_word' id='word_1_172' title='bbox 2057 2632 2109 2686; x_wconf 91' lang='lat' dir='ltr'><strong>in</strong></span> 
     </span>
    </p>
   </div>
   <div class='ocr_carea' id='block_1_27' title="bbox 521 2722 2111 2806">
    <p class='ocr_par' dir='ltr' id='par_1_27' title="bbox 521 2722 2111 2806">
     <span class='ocr_line' id='line_1_27' title="bbox 521 2722 2111 2806; baseline -0.011 -15"><span class='ocrx_word' id='word_1_173' title='bbox 521 2737 697 2806; x_wconf 87' lang='lat' dir='ltr'><strong>primo</strong></span> <span class='ocrx_word' id='word_1_174' title='bbox 759 2748 947 2788; x_wconf 87' lang='lat' dir='ltr'><strong>mense</strong></span> <span class='ocrx_word' id='word_1_175' title='bbox 1005 2732 1151 2785; x_wconf 85' lang='lat' dir='ltr'><strong>veris</strong></span> <span class='ocrx_word' id='word_1_176' title='bbox 1198 2729 1602 2799; x_wconf 78' lang='lat' dir='ltr'><strong>perﬁciebatur.</strong></span> <span class='ocrx_word' id='word_1_177' title='bbox 1637 2724 1810 2779; x_wconf 86' lang='lat' dir='ltr'><strong>Porro</strong></span> <span class='ocrx_word' id='word_1_178' title='bbox 1853 2724 1955 2777; x_wconf 87' lang='lat' dir='ltr'><strong>soli</strong></span> <span class='ocrx_word' id='word_1_179' title='bbox 2010 2722 2111 2774; x_wconf 82' lang='lat' dir='ltr'><strong>viri</strong></span> 
     </span>
    </p>
   </div>
   <div class='ocr_carea' id='block_1_28' title="bbox 522 2819 2112 2892">
    <p class='ocr_par' dir='ltr' id='par_1_28' title="bbox 522 2819 2112 2892">
     <span class='ocr_line' id='line_1_28' title="bbox 522 2819 2112 2892; baseline -0.011 -7"><span class='ocrx_word' id='word_1_180' title='bbox 522 2837 885 2885; x_wconf 88' lang='lat' dir='ltr'><strong>numerantur</strong></span> <span class='ocrx_word' id='word_1_181' title='bbox 915 2825 984 2879; x_wconf 86' lang='lat' dir='ltr'><strong>ab</strong></span> <span class='ocrx_word' id='word_1_182' title='bbox 1018 2822 1369 2892; x_wconf 71' lang='lat' dir='ltr'><strong>evangelista,</strong></span> <span class='ocrx_word' id='word_1_183' title='bbox 1403 2821 1492 2890; x_wconf 89' lang='lat' dir='ltr'><strong>qui</strong></span> <span class='ocrx_word' id='word_1_184' title='bbox 1529 2819 1663 2888; x_wconf 82' lang='lat' dir='ltr'><strong>legis</strong></span> <span class='ocrx_word' id='word_1_185' title='bbox 1693 2819 1940 2887; x_wconf 81' lang='lat' dir='ltr'><strong>sequitur</strong></span> <span class='ocrx_word' id='word_1_186' title='bbox 1978 2831 2112 2870; x_wconf 91' lang='lat' dir='ltr'><strong>con-</strong></span> 
     </span>
    </p>
   </div>
   <div class='ocr_carea' id='block_1_29' title="bbox 519 2913 2112 2984">
    <p class='ocr_par' dir='ltr' id='par_1_29' title="bbox 519 2913 2112 2984">
     <span class='ocr_line' id='line_1_29' title="bbox 519 2913 2112 2984; baseline -0.013 -3"><span class='ocrx_word' id='word_1_187' title='bbox 519 2923 884 2984; x_wconf 82' lang='lat' dir='ltr'><strong>suetudinem.</strong></span> <span class='ocrx_word' id='word_1_188' title='bbox 937 2919 1149 2975; x_wconf 75' lang='lat' dir='ltr'><strong>Etenim</strong></span> <span class='ocrx_word' id='word_1_189' title='bbox 1207 2926 1261 2971; x_wconf 90' lang='lat' dir='ltr'><strong>et</strong></span> <span class='ocrx_word' id='word_1_190' title='bbox 1311 2914 1482 2969; x_wconf 80' lang='lat' dir='ltr'><strong>Moses</strong></span> <span class='ocrx_word' id='word_1_191' title='bbox 1515 2929 1543 2966; x_wconf 90' lang='lat' dir='ltr'><strong>a</strong></span> <span class='ocrx_word' id='word_1_192' title='bbox 1593 2913 1856 2979; x_wconf 85' lang='lat' dir='ltr'><strong>vigesimo</strong></span> <span class='ocrx_word' id='word_1_193' title='bbox 1890 2922 2032 2962; x_wconf 89' lang='lat' dir='ltr'><strong>anno</strong></span> <span class='ocrx_word' id='word_1_194' title='bbox 2059 2915 2112 2960; x_wconf 85' lang='lat' dir='ltr'><strong>ct</strong></span> 
     </span>
    </p>
   </div>
   <div class='ocr_carea' id='block_1_30' title="bbox 521 2999 2110 3086">
    <p class='ocr_par' dir='ltr' id='par_1_30' title="bbox 521 2999 2110 3086">
     <span class='ocr_line' id='line_1_30' title="bbox 521 2999 2110 3086; baseline -0.012 -15"><span class='ocrx_word' id='word_1_195' title='bbox 521 3031 684 3086; x_wconf 87' lang='lat' dir='ltr'><strong>supra</strong></span> <span class='ocrx_word' id='word_1_196' title='bbox 735 3012 1044 3068; x_wconf 83' lang='lat' dir='ltr'><strong>muneravit</strong></span> <span class='ocrx_word' id='word_1_197' title='bbox 1094 3007 1375 3079; x_wconf 88' lang='lat' dir='ltr'><strong>populum,</strong></span> <span class='ocrx_word' id='word_1_198' title='bbox 1437 3005 1580 3060; x_wconf 88' lang='lat' dir='ltr'><strong>nulla</strong></span> <span class='ocrx_word' id='word_1_199' title='bbox 1642 3001 1916 3057; x_wconf 89' lang='lat' dir='ltr'><strong>mentione</strong></span> <span class='ocrx_word' id='word_1_200' title='bbox 1969 2999 2110 3052; x_wconf 77' lang='lat' dir='ltr'><strong>facta</strong></span> 
     </span>
    </p>
   </div>
   <div class='ocr_carea' id='block_1_31' title="bbox 522 3089 2108 3172">
    <p class='ocr_par' dir='ltr' id='par_1_31' title="bbox 522 3089 2108 3172">
     <span class='ocr_line' id='line_1_31' title="bbox 522 3089 2108 3172; baseline -0.011 -12"><span class='ocrx_word' id='word_1_201' title='bbox 522 3107 807 3161; x_wconf 87' lang='lat' dir='ltr'><strong>mulierum</strong></span> <span class='ocrx_word' id='word_1_202' title='bbox 843 3117 858 3156; x_wconf 87' lang='lat'><strong>:</strong></span> <span class='ocrx_word' id='word_1_203' title='bbox 887 3117 994 3172; x_wconf 90' lang='lat' dir='ltr'><strong>quo</strong></span> <span class='ocrx_word' id='word_1_204' title='bbox 1038 3102 1260 3154; x_wconf 90' lang='lat' dir='ltr'><strong>docetur</strong></span> <span class='ocrx_word' id='word_1_205' title='bbox 1291 3111 1454 3151; x_wconf 89' lang='lat' dir='ltr'><strong>omne</strong></span> <span class='ocrx_word' id='word_1_206' title='bbox 1485 3095 1628 3164; x_wconf 88' lang='lat' dir='ltr'><strong>quod</strong></span> <span class='ocrx_word' id='word_1_207' title='bbox 1678 3093 1832 3146; x_wconf 85' lang='lat' dir='ltr'><strong>virile</strong></span> <span class='ocrx_word' id='word_1_208' title='bbox 1870 3102 1923 3145; x_wconf 92' lang='lat' dir='ltr'><strong>et</strong></span> <span class='ocrx_word' id='word_1_209' title='bbox 1949 3089 2108 3159; x_wconf 82' lang='lat' dir='ltr'><strong>juve-</strong></span> 
     </span>
    </p>
   </div>
   <div class='ocr_carea' id='block_1_32' title="bbox 526 3185 2105 3265">
    <p class='ocr_par' dir='ltr' id='par_1_32' title="bbox 526 3185 2105 3265">
     <span class='ocr_line' id='line_1_32' title="bbox 526 3185 2105 3265; baseline -0.008 -12"><span class='ocrx_word' id='word_1_210' title='bbox 526 3200 634 3253; x_wconf 92' lang='lat' dir='ltr'><strong>nile</strong></span> <span class='ocrx_word' id='word_1_211' title='bbox 668 3207 772 3263; x_wconf 85' lang='lat' dir='ltr'><strong>est,</strong></span> <span class='ocrx_word' id='word_1_212' title='bbox 807 3197 1028 3265; x_wconf 88' lang='lat' dir='ltr'><strong>dignum</strong></span> <span class='ocrx_word' id='word_1_213' title='bbox 1053 3192 1266 3247; x_wconf 90' lang='lat' dir='ltr'><strong>censeri</strong></span> <span class='ocrx_word' id='word_1_214' title='bbox 1298 3201 1356 3244; x_wconf 87' lang='lat' dir='ltr'><strong>ttt</strong></span> <span class='ocrx_word' id='word_1_215' title='bbox 1386 3199 1705 3245; x_wconf 87' lang='lat' dir='ltr'><strong>muneretur</strong></span> <span class='ocrx_word' id='word_1_216' title='bbox 1740 3187 1880 3255; x_wconf 84' lang='lat' dir='ltr'><strong>apud</strong></span> <span class='ocrx_word' id='word_1_217' title='bbox 1915 3185 2105 3240; x_wconf 91' lang='lat' dir='ltr'><strong>Deum.</strong></span> 
     </span>
    </p>
   </div>
   <div class='ocr_carea' id='block_1_33' title="bbox 525 3278 2110 3356">
    <p class='ocr_par' dir='ltr' id='par_1_33' title="bbox 525 3278 2110 3356">
     <span class='ocr_line' id='line_1_33' title="bbox 525 3278 2110 3356; baseline -0.007 -11"><span class='ocrx_word' id='word_1_218' title='bbox 525 3290 592 3345; x_wconf 84' lang='lat' dir='ltr'><strong>Et</strong></span> <span class='ocrx_word' id='word_1_219' title='bbox 655 3289 895 3352; x_wconf 86' lang='lat' dir='ltr'><strong>acceptis</strong></span> <span class='ocrx_word' id='word_1_220' title='bbox 934 3285 1166 3356; x_wconf 86' lang='lat' dir='ltr'><strong>panibus</strong></span> <span class='ocrx_word' id='word_1_221' title='bbox 1197 3282 1404 3353; x_wconf 88' lang='lat' dir='ltr'><strong>gratias</strong></span> <span class='ocrx_word' id='word_1_222' title='bbox 1456 3281 1584 3349; x_wconf 87' lang='lat' dir='ltr'><strong>agit,</strong></span> <span class='ocrx_word' id='word_1_223' title='bbox 1639 3278 1932 3333; x_wconf 85' lang='lat' dir='ltr'><strong>ostendens</strong></span> <span class='ocrx_word' id='word_1_224' title='bbox 1965 3279 2110 3348; x_wconf 89' lang='lat' dir='ltr'><strong>quod</strong></span> 
     </span>
    </p>
   </div>
   <div class='ocr_carea' id='block_1_34' title="bbox 522 3370 2110 3447">
    <p class='ocr_par' dir='ltr' id='par_1_34' title="bbox 522 3370 2110 3447">
     <span class='ocr_line' id='line_1_34' title="bbox 522 3370 2110 3447; baseline -0.006 -13"><span class='ocrx_word' id='word_1_225' title='bbox 522 3390 648 3436; x_wconf 87' lang='lat' dir='ltr'><strong>ante</strong></span> <span class='ocrx_word' id='word_1_226' title='bbox 702 3380 882 3435; x_wconf 86' lang='lat' dir='ltr'><strong>cibum</strong></span> <span class='ocrx_word' id='word_1_227' title='bbox 935 3378 1124 3447; x_wconf 68' lang='lat' dir='ltr'><strong>gratiae</strong></span> <span class='ocrx_word' id='word_1_228' title='bbox 1159 3373 1382 3445; x_wconf 71' lang='lat' dir='ltr'><strong>agendae</strong></span> <span class='ocrx_word' id='word_1_229' title='bbox 1411 3372 1520 3426; x_wconf 83' lang='lat' dir='ltr'><strong>sint</strong></span> <span class='ocrx_word' id='word_1_230' title='bbox 1564 3371 1694 3425; x_wconf 89' lang='lat' dir='ltr'><strong>Deo.</strong></span> <span class='ocrx_word' id='word_1_231' title='bbox 1727 3370 1950 3439; x_wconf 88' lang='lat' dir='ltr'><strong>Insuper</strong></span> <span class='ocrx_word' id='word_1_232' title='bbox 1983 3372 2110 3441; x_wconf 92' lang='lat' dir='ltr'><strong>quia</strong></span> 
     </span>
    </p>
   </div>
   <div class='ocr_carea' id='block_1_35' title="bbox 532 3464 2112 3536">
    <p class='ocr_par' dir='ltr' id='par_1_35' title="bbox 532 3464 2112 3536">
     <span class='ocr_line' id='line_1_35' title="bbox 532 3464 2112 3536; baseline -0.004 -10"><span class='ocrx_word' id='word_1_233' title='bbox 532 3475 689 3526; x_wconf 89' lang='lat' dir='ltr'><strong>turha</strong></span> <span class='ocrx_word' id='word_1_234' title='bbox 714 3481 856 3536; x_wconf 89' lang='lat' dir='ltr'><strong>erat,</strong></span> <span class='ocrx_word' id='word_1_235' title='bbox 888 3472 1008 3524; x_wconf 87' lang='lat' dir='ltr'><strong>ideo</strong></span> <span class='ocrx_word' id='word_1_236' title='bbox 1033 3483 1217 3523; x_wconf 89' lang='lat' dir='ltr'><strong>coram</strong></span> <span class='ocrx_word' id='word_1_237' title='bbox 1251 3464 1406 3520; x_wconf 88' lang='lat' dir='ltr'><strong>turba</strong></span> <span class='ocrx_word' id='word_1_238' title='bbox 1442 3465 1644 3533; x_wconf 89' lang='lat' dir='ltr'><strong>gratias</strong></span> <span class='ocrx_word' id='word_1_239' title='bbox 1677 3464 1809 3531; x_wconf 81' lang='lat' dir='ltr'><strong>agit,</strong></span> <span class='ocrx_word' id='word_1_240' title='bbox 1842 3471 1898 3516; x_wconf 90' lang='lat' dir='ltr'><strong>ut</strong></span> <span class='ocrx_word' id='word_1_241' title='bbox 1933 3464 2112 3519; x_wconf 88' lang='lat' dir='ltr'><strong>omni-</strong></span> 
     </span>
    </p>
   </div>
   <div class='ocr_carea' id='block_1_36' title="bbox 527 3557 2108 3634">
    <p class='ocr_par' dir='ltr' id='par_1_36' title="bbox 527 3557 2108 3634">
     <span class='ocr_line' id='line_1_36' title="bbox 527 3557 2108 3634; baseline -0.004 -16"><span class='ocrx_word' id='word_1_242' title='bbox 527 3566 628 3620; x_wconf 88' lang='lat' dir='ltr'><strong>bus</strong></span> <span class='ocrx_word' id='word_1_243' title='bbox 694 3563 1021 3634; x_wconf 67' lang='lat' dir='ltr'><strong>persuadeat</strong></span> <span class='ocrx_word' id='word_1_244' title='bbox 1074 3561 1219 3632; x_wconf 89' lang='lat' dir='ltr'><strong>quod</strong></span> <span class='ocrx_word' id='word_1_245' title='bbox 1283 3557 1579 3613; x_wconf 91' lang='lat' dir='ltr'><strong>secundum</strong></span> <span class='ocrx_word' id='word_1_246' title='bbox 1638 3557 1967 3611; x_wconf 83' lang='lat' dir='ltr'><strong>voluntatem</strong></span> <span class='ocrx_word' id='word_1_247' title='bbox 2016 3557 2108 3612; x_wconf 91' lang='lat' dir='ltr'><strong>Dei</strong></span> 
     </span>
    </p>
   </div>
   <div class='ocr_carea' id='block_1_37' title="bbox 525 3646 2110 3722">
    <p class='ocr_par' dir='ltr' id='par_1_37' title="bbox 525 3646 2110 3722">
     <span class='ocr_line' id='line_1_37' title="bbox 525 3646 2110 3722; baseline -0.005 -12"><span class='ocrx_word' id='word_1_248' title='bbox 525 3654 825 3718; x_wconf 82' lang='lat' dir='ltr'><strong>advenerit,</strong></span> <span class='ocrx_word' id='word_1_249' title='bbox 850 3663 905 3708; x_wconf 89' lang='lat' dir='ltr'><strong>et</strong></span> <span class='ocrx_word' id='word_1_250' title='bbox 930 3654 1070 3722; x_wconf 90' lang='lat' dir='ltr'><strong>quod</strong></span> <span class='ocrx_word' id='word_1_251' title='bbox 1107 3668 1211 3706; x_wconf 90' lang='lat' dir='ltr'><strong>non</strong></span> <span class='ocrx_word' id='word_1_252' title='bbox 1241 3651 1310 3704; x_wconf 89' lang='lat' dir='ltr'><strong>sit</strong></span> <span class='ocrx_word' id='word_1_253' title='bbox 1343 3649 1687 3703; x_wconf 85' lang='lat' dir='ltr'><strong>adversarius</strong></span> <span class='ocrx_word' id='word_1_254' title='bbox 1717 3646 1848 3712; x_wconf 84' lang='lat' dir='ltr'><strong>Deo,</strong></span> <span class='ocrx_word' id='word_1_255' title='bbox 1877 3649 1969 3703; x_wconf 91' lang='lat' dir='ltr'><strong>sed</strong></span> <span class='ocrx_word' id='word_1_256' title='bbox 1987 3663 2110 3703; x_wconf 88' lang='lat' dir='ltr'><strong>om-</strong></span> 
     </span>
    </p>
   </div>
   <div class='ocr_carea' id='block_1_38' title="bbox 530 3739 2113 3810">
    <p class='ocr_par' dir='ltr' id='par_1_38' title="bbox 530 3739 2113 3810">
     <span class='ocr_line' id='line_1_38' title="bbox 530 3739 2113 3810; baseline -0.006 -7"><span class='ocrx_word' id='word_1_257' title='bbox 530 3749 620 3803; x_wconf 86' lang='lat' dir='ltr'><strong>nia</strong></span> <span class='ocrx_word' id='word_1_258' title='bbox 652 3748 855 3803; x_wconf 78' lang='lat' dir='ltr'><strong>referat</strong></span> <span class='ocrx_word' id='word_1_259' title='bbox 886 3749 937 3800; x_wconf 94' lang='lat' dir='ltr'><strong>in</strong></span> <span class='ocrx_word' id='word_1_260' title='bbox 972 3745 1213 3799; x_wconf 84' lang='lat' dir='ltr'><strong>Patrem.</strong></span> <span class='ocrx_word' id='word_1_261' title='bbox 1251 3741 1382 3795; x_wconf 82' lang='lat' dir='ltr'><strong>Nam</strong></span> <span class='ocrx_word' id='word_1_262' title='bbox 1424 3742 1643 3810; x_wconf 91' lang='lat' dir='ltr'><strong>quando</strong></span> <span class='ocrx_word' id='word_1_263' title='bbox 1705 3755 1948 3793; x_wconf 87' lang='lat' dir='ltr'><strong>seorsum</strong></span> <span class='ocrx_word' id='word_1_264' title='bbox 1984 3739 2113 3794; x_wconf 79' lang='lat' dir='ltr'><strong>facit</strong></span> 
     </span>
    </p>
   </div>
   <div class='ocr_carea' id='block_1_39' title="bbox 529 3830 2110 3900">
    <p class='ocr_par' dir='ltr' id='par_1_39' title="bbox 529 3830 2110 3900">
     <span class='ocr_line' id='line_1_39' title="bbox 529 3830 2110 3900; baseline -0.006 -5"><span class='ocrx_word' id='word_1_265' title='bbox 529 3840 876 3899; x_wconf 42' lang='lat' dir='ltr'><strong>miraculnrv,</strong></span> <span class='ocrx_word' id='word_1_266' title='bbox 913 3839 1041 3892; x_wconf 73' lang='lat' dir='ltr'><strong>nihil</strong></span> <span class='ocrx_word' id='word_1_267' title='bbox 1070 3837 1175 3890; x_wconf 87' lang='lat' dir='ltr'><strong>tale</strong></span> <span class='ocrx_word' id='word_1_268' title='bbox 1205 3835 1358 3899; x_wconf 78' lang='lat' dir='ltr'><strong>facit,</strong></span> <span class='ocrx_word' id='word_1_269' title='bbox 1388 3833 1601 3888; x_wconf 88' lang='lat' dir='ltr'><strong>etiamsi</strong></span> <span class='ocrx_word' id='word_1_270' title='bbox 1636 3830 1808 3899; x_wconf 80' lang='lat' dir='ltr'><strong>majus</strong></span> <span class='ocrx_word' id='word_1_271' title='bbox 1838 3832 2110 3900; x_wconf 87' lang='lat' dir='ltr'><strong>quoddam</strong></span> 
     </span>
    </p>
   </div>
   <div class='ocr_carea' id='block_1_40' title="bbox 525 3923 2115 3998">
    <p class='ocr_par' dir='ltr' id='par_1_40' title="bbox 525 3923 2115 3998">
     <span class='ocr_line' id='line_1_40' title="bbox 525 3923 2115 3998; baseline -0.008 -9"><span class='ocrx_word' id='word_1_272' title='bbox 525 3933 694 3989; x_wconf 76' lang='lat' dir='ltr'><strong>faciat</strong></span> <span class='ocrx_word' id='word_1_273' title='bbox 720 3950 733 3986; x_wconf 91' lang='lat'>:</span> <span class='ocrx_word' id='word_1_274' title='bbox 763 3933 976 3998; x_wconf 72' lang='grc' dir='ltr'>ηιιιιιιιιο</span> <span class='ocrx_word' id='word_1_275' title='bbox 1005 3939 1404 3982; x_wconf 69' lang='lat' dir='ltr'><strong>antetn*=cor:tm</strong></span> <span class='ocrx_word' id='word_1_276' title='bbox 1430 3926 1612 3979; x_wconf 91' lang='lat' dir='ltr'><strong>multis</strong></span> <span class='ocrx_word' id='word_1_277' title='bbox 1644 3923 1960 3978; x_wconf 89' lang='lat' dir='ltr'><strong>miraculum</strong></span> <span class='ocrx_word' id='word_1_278' title='bbox 1987 3939 2115 3993; x_wconf 81' lang='lat' dir='ltr'><strong>ope-</strong></span> 
     </span>
    </p>
   </div>
   <div class='ocr_carea' id='block_1_41' title="bbox 528 4014 2109 4090">
    <p class='ocr_par' dir='ltr' id='par_1_41' title="bbox 528 4014 2109 4090">
     <span class='ocr_line' id='line_1_41' title="bbox 528 4014 2109 4090; baseline -0.008 -11"><span class='ocrx_word' id='word_1_279' title='bbox 528 4033 702 4090; x_wconf 87' lang='lat' dir='ltr'><strong>ratur,</strong></span> <span class='ocrx_word' id='word_1_280' title='bbox 729 4034 856 4076; x_wconf 90' lang='lat' dir='ltr'><strong>tunc</strong></span> <span class='ocrx_word' id='word_1_281' title='bbox 885 4024 948 4074; x_wconf 87' lang='lat' dir='ltr'><strong>ad</strong></span> <span class='ocrx_word' id='word_1_282' title='bbox 993 4020 1162 4074; x_wconf 86' lang='lat' dir='ltr'><strong>Deum</strong></span> <span class='ocrx_word' id='word_1_283' title='bbox 1201 4019 1444 4089; x_wconf 89' lang='lat' dir='ltr'><strong>respicit.</strong></span> <span class='ocrx_word' id='word_1_284' title='bbox 1476 4016 1726 4072; x_wconf 86' lang='lat' dir='ltr'><strong>Ostendit</strong></span> <span class='ocrx_word' id='word_1_285' title='bbox 1753 4026 1934 4070; x_wconf 89' lang='lat' dir='ltr'><strong>autem</strong></span> <span class='ocrx_word' id='word_1_286' title='bbox 1968 4014 2109 4084; x_wconf 87' lang='lat' dir='ltr'><strong>quod</strong></span> 
     </span>
    </p>
   </div>
   <div class='ocr_carea' id='block_1_42' title="bbox 530 4107 2110 4178">
    <p class='ocr_par' dir='ltr' id='par_1_42' title="bbox 530 4107 2110 4178">
     <span class='ocr_line' id='line_1_42' title="bbox 530 4107 2110 4178; baseline -0.006 -10"><span class='ocrx_word' id='word_1_287' title='bbox 530 4129 638 4169; x_wconf 90' lang='lat' dir='ltr'><strong>non</strong></span> <span class='ocrx_word' id='word_1_288' title='bbox 693 4128 756 4167; x_wconf 82' lang='lat' dir='ltr'><strong>ex</strong></span> <span class='ocrx_word' id='word_1_289' title='bbox 785 4111 1102 4166; x_wconf 88' lang='lat' dir='ltr'><strong>inllrmitate</strong></span> <span class='ocrx_word' id='word_1_290' title='bbox 1133 4111 1237 4164; x_wconf 91' lang='lat' dir='ltr'><strong>hoc</strong></span> <span class='ocrx_word' id='word_1_291' title='bbox 1269 4109 1452 4174; x_wconf 81' lang='lat' dir='ltr'><strong>faciat,</strong></span> <span class='ocrx_word' id='word_1_292' title='bbox 1487 4107 1580 4163; x_wconf 86' lang='lat' dir='ltr'><strong>sed</strong></span> <span class='ocrx_word' id='word_1_293' title='bbox 1613 4117 1838 4178; x_wconf 84' lang='lat' dir='ltr'><strong>prOpter</strong></span> <span class='ocrx_word' id='word_1_294' title='bbox 1891 4107 2110 4175; x_wconf 74' lang='lat' dir='ltr'><strong>diepen-</strong></span> 
     </span>
    </p>
   </div>
   <div class='ocr_carea' id='block_1_43' title="bbox 529 4197 2113 4272">
    <p class='ocr_par' dir='ltr' id='par_1_43' title="bbox 529 4197 2113 4272">
     <span class='ocr_line' id='line_1_43' title="bbox 529 4197 2113 4272; baseline -0.006 -12"><span class='ocrx_word' id='word_1_295' title='bbox 529 4205 797 4260; x_wconf 84' lang='lat' dir='ltr'><strong>sationem</strong></span> <span class='ocrx_word' id='word_1_296' title='bbox 844 4219 1004 4272; x_wconf 76' lang='lat' dir='ltr'><strong>quam</strong></span> <span class='ocrx_word' id='word_1_297' title='bbox 1035 4203 1291 4267; x_wconf 80' lang='lat' dir='ltr'><strong>diximus,</strong></span> <span class='ocrx_word' id='word_1_298' title='bbox 1322 4217 1388 4256; x_wconf 83' lang='lat' dir='ltr'><strong>ex</strong></span> <span class='ocrx_word' id='word_1_299' title='bbox 1419 4217 1485 4258; x_wconf 90' lang='lat' dir='ltr'><strong>eo</strong></span> <span class='ocrx_word' id='word_1_300' title='bbox 1514 4203 1657 4270; x_wconf 87' lang='lat' dir='ltr'><strong>quod</strong></span> <span class='ocrx_word' id='word_1_301' title='bbox 1702 4199 1910 4269; x_wconf 75' lang='lat' dir='ltr'><strong>majora</strong></span> <span class='ocrx_word' id='word_1_302' title='bbox 1949 4197 2113 4253; x_wconf 81' lang='lat' dir='ltr'><strong>faciat</strong></span> 
     </span>
    </p>
   </div>
   <div class='ocr_carea' id='block_1_44' title="bbox 531 4291 2115 4364">
    <p class='ocr_par' dir='ltr' id='par_1_44' title="bbox 531 4291 2115 4364">
     <span class='ocr_line' id='line_1_44' title="bbox 531 4291 2115 4364; baseline -0.004 -14"><span class='ocrx_word' id='word_1_303' title='bbox 531 4298 857 4352; x_wconf 88' lang='lat' dir='ltr'><strong>uctoritate</strong></span> <span class='ocrx_word' id='word_1_304' title='bbox 906 4295 1162 4364; x_wconf 83' lang='lat' dir='ltr'><strong>quadam,</strong></span> <span class='ocrx_word' id='word_1_305' title='bbox 1197 4303 1252 4349; x_wconf 92' lang='lat' dir='ltr'><strong>et</strong></span> <span class='ocrx_word' id='word_1_306' title='bbox 1289 4305 1545 4362; x_wconf 87' lang='lat' dir='ltr'><strong>tanquam</strong></span> <span class='ocrx_word' id='word_1_307' title='bbox 1580 4293 1860 4348; x_wconf 90' lang='lat' dir='ltr'><strong>Dominus.</strong></span> <span class='ocrx_word' id='word_1_308' title='bbox 1920 4291 2115 4345; x_wconf 91' lang='lat' dir='ltr'><strong>Dicunt</strong></span> 
     </span>
    </p>
   </div>
   <div class='ocr_carea' id='block_1_45' title="bbox 532 4380 2115 4455">
    <p class='ocr_par' dir='ltr' id='par_1_45' title="bbox 532 4380 2115 4455">
     <span class='ocr_line' id='line_1_45' title="bbox 532 4380 2115 4455; baseline -0.003 -15"><span class='ocrx_word' id='word_1_309' title='bbox 532 4387 753 4455; x_wconf 89' lang='lat' dir='ltr'><strong>insuper</strong></span> <span class='ocrx_word' id='word_1_310' title='bbox 810 4384 1028 4453; x_wconf 86' lang='lat' dir='ltr'><strong>quidam</strong></span> <span class='ocrx_word' id='word_1_311' title='bbox 1072 4385 1214 4454; x_wconf 91' lang='lat' dir='ltr'><strong>quod</strong></span> <span class='ocrx_word' id='word_1_312' title='bbox 1247 4383 1412 4439; x_wconf 90' lang='lat' dir='ltr'><strong>etiam</strong></span> <span class='ocrx_word' id='word_1_313' title='bbox 1473 4393 1692 4453; x_wconf 89' lang='lat' dir='ltr'><strong>propter</strong></span> <span class='ocrx_word' id='word_1_314' title='bbox 1755 4383 1857 4436; x_wconf 91' lang='lat' dir='ltr'><strong>hoc</strong></span> <span class='ocrx_word' id='word_1_315' title='bbox 1914 4380 2115 4450; x_wconf 88' lang='lat' dir='ltr'><strong>gratias</strong></span> 
     </span>
    </p>
   </div>
   <div class='ocr_carea' id='block_1_46' title="bbox 529 4472 2113 4547">
    <p class='ocr_par' dir='ltr' id='par_1_46' title="bbox 529 4472 2113 4547">
     <span class='ocr_line' id='line_1_46' title="bbox 529 4472 2113 4547; baseline -0.006 -14"><span class='ocrx_word' id='word_1_316' title='bbox 529 4479 722 4547; x_wconf 77' lang='lat' dir='ltr'><strong>egerit,</strong></span> <span class='ocrx_word' id='word_1_317' title='bbox 778 4484 836 4531; x_wconf 92' lang='lat' dir='ltr'><strong>ut</strong></span> <span class='ocrx_word' id='word_1_318' title='bbox 893 4477 1289 4544; x_wconf 86' lang='lat' dir='ltr'><strong>ignoraretura</strong></span> <span class='ocrx_word' id='word_1_319' title='bbox 1327 4475 1569 4545; x_wconf 87' lang='lat' dir='ltr'><strong>principe</strong></span> <span class='ocrx_word' id='word_1_320' title='bbox 1610 4473 1794 4528; x_wconf 91' lang='lat' dir='ltr'><strong>mundi</strong></span> <span class='ocrx_word' id='word_1_321' title='bbox 1838 4487 2008 4542; x_wconf 89' lang='lat' dir='ltr'><strong>usque</strong></span> <span class='ocrx_word' id='word_1_322' title='bbox 2045 4472 2113 4525; x_wconf 81' lang='lat' dir='ltr'><strong>ad</strong></span> 
     </span>
    </p>
   </div>
   <div class='ocr_carea' id='block_1_47' title="bbox 2209 567 3818 646">
    <p class='ocr_par' dir='ltr' id='par_1_47' title="bbox 2209 567 3818 646">
     <span class='ocr_line' id='line_1_47' title="bbox 2209 567 3818 646; baseline -0.015 -11"><span class='ocrx_word' id='word_1_323' title='bbox 2209 583 2272 636; x_wconf 86' lang='grc' dir='ltr'>Εί</span> <span class='ocrx_word' id='word_1_324' title='bbox 2299 581 2356 633; x_wconf 80' lang='grc' dir='ltr'>δὲ</span> <span class='ocrx_word' id='word_1_325' title='bbox 2391 581 2507 631; x_wconf 84' lang='grc' dir='ltr'>ἐκεῖ</span> <span class='ocrx_word' id='word_1_326' title='bbox 2532 577 2634 646; x_wconf 86' lang='grc' dir='ltr'><strong>μὲν</strong></span> <span class='ocrx_word' id='word_1_327' title='bbox 2657 575 3055 646; x_wconf 61' lang='grc' dir='ltr'>προσέρχονται</span> <span class='ocrx_word' id='word_1_328' title='bbox 3084 572 3136 623; x_wconf 79' lang='grc' dir='ltr'><strong>οῖ</strong></span> <span class='ocrx_word' id='word_1_329' title='bbox 3184 567 3437 638; x_wconf 71' lang='grc' dir='ltr'>μαθηταὶ</span> <span class='ocrx_word' id='word_1_330' title='bbox 3513 567 3818 633; x_wconf 73' lang='grc' dir='ltr'>ὑπομιμνή-</span> 
     </span>
    </p>
   </div>
   <div class='ocr_carea' id='block_1_48' title="bbox 2227 659 3825 741">
    <p class='ocr_par' dir='ltr' id='par_1_48' title="bbox 2227 659 3825 741">
     <span class='ocr_line' id='line_1_48' title="bbox 2227 659 3825 741; baseline -0.012 -14"><span class='ocrx_word' id='word_1_331' title='bbox 2227 690 2449 735; x_wconf 67' lang='grc' dir='ltr'>σκοντες</span> <span class='ocrx_word' id='word_1_332' title='bbox 2480 673 2609 741; x_wconf 73' lang='grc' dir='ltr'>περὶ</span> <span class='ocrx_word' id='word_1_333' title='bbox 2658 669 2752 722; x_wconf 79' lang='grc' dir='ltr'><strong>τοῦ</strong></span> <span class='ocrx_word' id='word_1_334' title='bbox 2793 669 2975 738; x_wconf 66' lang='grc' dir='ltr'>δκλου,</span> <span class='ocrx_word' id='word_1_335' title='bbox 3011 667 3096 718; x_wconf 84' lang='grc' dir='ltr'><strong>ἵνα</strong></span> <span class='ocrx_word' id='word_1_336' title='bbox 3153 662 3537 723; x_wconf 83' lang='grc' dir='ltr'>ἀπολυθῶσιν,</span> <span class='ocrx_word' id='word_1_337' title='bbox 3605 659 3825 711; x_wconf 62' lang='grc' dir='ltr'>ἐνταῦθα</span> 
     </span>
    </p>
   </div>
   <div class='ocr_carea' id='block_1_49' title="bbox 2207 754 3828 834">
    <p class='ocr_par' dir='ltr' id='par_1_49' title="bbox 2207 754 3828 834">
     <span class='ocr_line' id='line_1_49' title="bbox 2207 754 3828 834; baseline -0.012 -13"><span class='ocrx_word' id='word_1_338' title='bbox 2207 769 2263 821; x_wconf 81' lang='grc' dir='ltr'>δὲ</span> <span class='ocrx_word' id='word_1_339' title='bbox 2293 767 2452 828; x_wconf 74' lang='grc' dir='ltr'>αὐτὸς</span> <span class='ocrx_word' id='word_1_340' title='bbox 2489 767 2515 816; x_wconf 88' lang='grc' dir='ltr'>ὁ</span> <span class='ocrx_word' id='word_1_341' title='bbox 2549 763 2759 834; x_wconf 84' lang='grc' dir='ltr'>Ἰησοῦς</span> <span class='ocrx_word' id='word_1_342' title='bbox 2799 763 2999 830; x_wconf 75' lang='grc' dir='ltr'>ἐρωτᾷ.</span> <span class='ocrx_word' id='word_1_343' title='bbox 3038 759 3204 812; x_wconf 75' lang='grc' dir='ltr'>πόθεν</span> <span class='ocrx_word' id='word_1_344' title='bbox 3233 757 3622 826; x_wconf 74' lang='grc' dir='ltr'>διατρεφεῖεν,</span> <span class='ocrx_word' id='word_1_345' title='bbox 3651 754 3712 804; x_wconf 83' lang='grc' dir='ltr'><strong>οὐ</strong></span> <span class='ocrx_word' id='word_1_346' title='bbox 3736 754 3828 821; x_wconf 60' lang='grc' dir='ltr'><strong>χρῆ</strong></span> 
     </span>
    </p>
   </div>
   <div class='ocr_carea' id='block_1_50' title="bbox 2212 846 3828 928">
    <p class='ocr_par' dir='ltr' id='par_1_50' title="bbox 2212 846 3828 928">
     <span class='ocr_line' id='line_1_50' title="bbox 2212 846 3828 928; baseline -0.011 -16"><span class='ocrx_word' id='word_1_347' title='bbox 2212 856 2538 928; x_wconf 74' lang='grc' dir='ltr'>θαυμάζειν.</span> <span class='ocrx_word' id='word_1_348' title='bbox 2603 855 2766 916; x_wconf 68' lang='grc' dir='ltr'>Ιςὶκδς</span> <span class='ocrx_word' id='word_1_349' title='bbox 2806 854 2916 924; x_wconf 88' lang='grc' dir='ltr'><strong>γάρ</strong></span> <span class='ocrx_word' id='word_1_350' title='bbox 2979 855 3129 904; x_wconf 75' lang='grc' dir='ltr'>ἐστιν</span> <span class='ocrx_word' id='word_1_351' title='bbox 3185 849 3487 918; x_wconf 71' lang='grc' dir='ltr'>ἀμφότερα</span> <span class='ocrx_word' id='word_1_352' title='bbox 3545 846 3828 913; x_wconf 71' lang='grc' dir='ltr'>γενέσθαι,</span> 
     </span>
    </p>
   </div>
   <div class='ocr_carea' id='block_1_51' title="bbox 2208 938 3830 1019">
    <p class='ocr_par' dir='ltr' id='par_1_51' title="bbox 2208 938 3830 1019">
     <span class='ocr_line' id='line_1_51' title="bbox 2208 938 3830 1019; baseline -0.015 -13"><span class='ocrx_word' id='word_1_353' title='bbox 2208 955 2301 1006; x_wconf 70' lang='grc' dir='ltr'><strong>καὶ</strong></span> <span class='ocrx_word' id='word_1_354' title='bbox 2328 953 2436 1005; x_wconf 86' lang='grc' dir='ltr'><strong>τῶν</strong></span> <span class='ocrx_word' id='word_1_355' title='bbox 2463 948 2724 1019; x_wconf 85' lang='grc' dir='ltr'>μαθητῶν</span> <span class='ocrx_word' id='word_1_356' title='bbox 2767 946 3039 1017; x_wconf 81' lang='grc' dir='ltr'>πρότερον</span> <span class='ocrx_word' id='word_1_357' title='bbox 3087 944 3542 1014; x_wconf 74' lang='grc' dir='ltr'>ὑπομνησάντων</span> <span class='ocrx_word' id='word_1_358' title='bbox 3597 938 3693 992; x_wconf 74' lang='grc' dir='ltr'>τὸν</span> <span class='ocrx_word' id='word_1_359' title='bbox 3724 938 3830 990; x_wconf 69' lang='grc' dir='ltr'><strong>Κύ-</strong></span> 
     </span>
    </p>
   </div>
   <div class='ocr_carea' id='block_1_52' title="bbox 2212 1029 3832 1116">
    <p class='ocr_par' dir='ltr' id='par_1_52' title="bbox 2212 1029 3832 1116">
     <span class='ocr_line' id='line_1_52' title="bbox 2212 1029 3832 1116; baseline -0.01 -20"><span class='ocrx_word' id='word_1_360' title='bbox 2212 1062 2325 1116; x_wconf 84' lang='grc' dir='ltr'>ριον</span> <span class='ocrx_word' id='word_1_361' title='bbox 2359 1042 2487 1111; x_wconf 80' lang='grc' dir='ltr'>περὶ</span> <span class='ocrx_word' id='word_1_362' title='bbox 2512 1039 2606 1092; x_wconf 83' lang='grc' dir='ltr'><strong>τοῦ</strong></span> <span class='ocrx_word' id='word_1_363' title='bbox 2643 1038 2988 1106; x_wconf 79' lang='grc' dir='ltr'>ἀπολυθῆναι</span> <span class='ocrx_word' id='word_1_364' title='bbox 3024 1038 3153 1096; x_wconf 73' lang='grc' dir='ltr'>τοὺς</span> <span class='ocrx_word' id='word_1_365' title='bbox 3216 1034 3439 1102; x_wconf 76' lang='grc' dir='ltr'>δχλους,</span> <span class='ocrx_word' id='word_1_366' title='bbox 3480 1029 3832 1099; x_wconf 68' lang='grc' dir='ltr'>ὲρωτηθῆνςι</span> 
     </span>
    </p>
   </div>
   <div class='ocr_carea' id='block_1_53' title="bbox 2209 1122 3832 1198">
    <p class='ocr_par' dir='ltr' id='par_1_53' title="bbox 2209 1122 3832 1198">
     <span class='ocr_line' id='line_1_53' title="bbox 2209 1122 3832 1198; baseline -0.01 -9"><span class='ocrx_word' id='word_1_367' title='bbox 2209 1135 2301 1188; x_wconf 85' lang='grc' dir='ltr'>τὸν</span> <span class='ocrx_word' id='word_1_368' title='bbox 2327 1133 2598 1186; x_wconf 83' lang='grc' dir='ltr'>Φίλιππον</span> <span class='ocrx_word' id='word_1_369' title='bbox 2641 1129 2748 1182; x_wconf 82' lang='grc' dir='ltr'>ὐπὸ</span> <span class='ocrx_word' id='word_1_370' title='bbox 2783 1127 2878 1182; x_wconf 82' lang='grc' dir='ltr'><strong>τοῦ</strong></span> <span class='ocrx_word' id='word_1_371' title='bbox 2929 1125 3166 1198; x_wconf 84' lang='grc' dir='ltr'><strong>Κυρίου,</strong></span> <span class='ocrx_word' id='word_1_372' title='bbox 3196 1125 3369 1177; x_wconf 73' lang='grc' dir='ltr'>πόθεν</span> <span class='ocrx_word' id='word_1_373' title='bbox 3420 1122 3832 1191; x_wconf 66' lang='grc' dir='ltr'>διατραφήσοιο-</span> 
     </span>
    </p>
   </div>
   <div class='ocr_carea' id='block_1_54' title="bbox 2208 1248 2319 1282">
    <p class='ocr_par' dir='ltr' id='par_1_54' title="bbox 2208 1248 2319 1282">
     <span class='ocr_line' id='line_1_54' title="bbox 2208 1248 2319 1282; baseline 0 0"><span class='ocrx_word' id='word_1_374' title='bbox 2208 1248 2319 1282; x_wconf 78' lang='grc' dir='ltr'>ται.</span> 
     </span>
    </p>
   </div>
   <div class='ocr_carea' id='block_1_55' title="bbox 2287 1306 3835 1386">
    <p class='ocr_par' dir='ltr' id='par_1_55' title="bbox 2287 1306 3835 1386">
     <span class='ocr_line' id='line_1_55' title="bbox 2287 1306 3835 1386; baseline -0.012 -11"><span class='ocrx_word' id='word_1_375' title='bbox 2287 1342 2305 1375; x_wconf 75' lang='grc' dir='ltr'><strong>ι</strong></span> <span class='ocrx_word' id='word_1_376' title='bbox 2351 1316 2488 1374; x_wconf 82' lang='grc' dir='ltr'>Εἶπε</span> <span class='ocrx_word' id='word_1_377' title='bbox 2525 1317 2583 1371; x_wconf 80' lang='grc' dir='ltr'>δὲ</span> <span class='ocrx_word' id='word_1_378' title='bbox 2621 1319 2647 1370; x_wconf 81' lang='grc' dir='ltr'><strong>ὁ</strong></span> <span class='ocrx_word' id='word_1_379' title='bbox 2680 1313 2894 1386; x_wconf 81' lang='grc' dir='ltr'>Ἰησοῦς</span> <span class='ocrx_word' id='word_1_380' title='bbox 2923 1330 2935 1342; x_wconf 78' lang='grc'><em>’</em></span> <span class='ocrx_word' id='word_1_381' title='bbox 3003 1311 3280 1380; x_wconf 77' lang='grc' dir='ltr'><strong>Ποιήσατε</strong></span> <span class='ocrx_word' id='word_1_382' title='bbox 3321 1307 3456 1370; x_wconf 71' lang='grc' dir='ltr'>τοὺς</span> <span class='ocrx_word' id='word_1_383' title='bbox 3502 1306 3835 1377; x_wconf 75' lang='grc' dir='ltr'>ἀνθρώπους</span> 
     </span>
    </p>
   </div>
   <div class='ocr_carea' id='block_1_56' title="bbox 2211 1400 3836 1478">
    <p class='ocr_par' dir='ltr' id='par_1_56' title="bbox 2211 1400 3836 1478">
     <span class='ocr_line' id='line_1_56' title="bbox 2211 1400 3836 1478; baseline -0.01 -10"><span class='ocrx_word' id='word_1_384' title='bbox 2211 1415 2529 1468; x_wconf 86' lang='grc' dir='ltr'>ἀναπεσεῖν.</span> <span class='ocrx_word' id='word_1_385' title='bbox 2555 1407 2664 1462; x_wconf 85' lang='grc' dir='ltr'>Ἦν</span> <span class='ocrx_word' id='word_1_386' title='bbox 2688 1409 2744 1461; x_wconf 79' lang='grc' dir='ltr'>δὲ</span> <span class='ocrx_word' id='word_1_387' title='bbox 2775 1407 2966 1478; x_wconf 76' lang='grc' dir='ltr'>χόρτος</span> <span class='ocrx_word' id='word_1_388' title='bbox 2989 1404 3158 1466; x_wconf 79' lang='grc' dir='ltr'>πολὺς</span> <span class='ocrx_word' id='word_1_389' title='bbox 3194 1404 3253 1456; x_wconf 85' lang='grc' dir='ltr'>ὲν</span> <span class='ocrx_word' id='word_1_390' title='bbox 3281 1401 3362 1472; x_wconf 83' lang='grc' dir='ltr'>τῷ</span> <span class='ocrx_word' id='word_1_391' title='bbox 3393 1403 3579 1471; x_wconf 70' lang='grc' dir='ltr'>τόπῳ.</span> <span class='ocrx_word' id='word_1_392' title='bbox 3618 1400 3836 1454; x_wconf 75' lang='grc' dir='ltr'>Ἀνὲπε·</span> 
     </span>
    </p>
   </div>
   <div class='ocr_carea' id='block_1_57' title="bbox 2214 1493 3832 1574">
    <p class='ocr_par' dir='ltr' id='par_1_57' title="bbox 2214 1493 3832 1574">
     <span class='ocr_line' id='line_1_57' title="bbox 2214 1493 3832 1574; baseline -0.009 -14"><span class='ocrx_word' id='word_1_393' title='bbox 2214 1525 2308 1560; x_wconf 90' lang='grc' dir='ltr'><strong>σον</strong></span> <span class='ocrx_word' id='word_1_394' title='bbox 2343 1506 2439 1560; x_wconf 80' lang='grc' dir='ltr'><strong>οὖν</strong></span> <span class='ocrx_word' id='word_1_395' title='bbox 2470 1505 2518 1558; x_wconf 90' lang='grc' dir='ltr'><strong>οί</strong></span> <span class='ocrx_word' id='word_1_396' title='bbox 2550 1503 2746 1574; x_wconf 78' lang='grc' dir='ltr'>ἄνδρες</span> <span class='ocrx_word' id='word_1_397' title='bbox 2786 1500 2880 1553; x_wconf 85' lang='grc' dir='ltr'><strong>τὸν</strong></span> <span class='ocrx_word' id='word_1_398' title='bbox 2909 1497 3147 1569; x_wconf 80' lang='grc' dir='ltr'>ἀριθμὸν</span> <span class='ocrx_word' id='word_1_399' title='bbox 3182 1496 3320 1549; x_wconf 73' lang='grc' dir='ltr'>ὡσεὶ</span> <span class='ocrx_word' id='word_1_400' title='bbox 3354 1493 3832 1564; x_wconf 74' lang='grc' dir='ltr'>πεντακισχίλιοι.</span> 
     </span>
    </p>
   </div>
   <div class='ocr_carea' id='block_1_58' title="bbox 2214 1589 3834 1666">
    <p class='ocr_par' dir='ltr' id='par_1_58' title="bbox 2214 1589 3834 1666">
     <span class='ocr_line' id='line_1_58' title="bbox 2214 1589 3834 1666; baseline -0.009 -14"><span class='ocrx_word' id='word_1_401' title='bbox 2214 1597 2416 1652; x_wconf 78' lang='grc' dir='ltr'>Ἔλαόε</span> <span class='ocrx_word' id='word_1_402' title='bbox 2444 1597 2500 1649; x_wconf 86' lang='grc' dir='ltr'>δὲ</span> <span class='ocrx_word' id='word_1_403' title='bbox 2523 1597 2650 1659; x_wconf 81' lang='grc' dir='ltr'>τοὺς</span> <span class='ocrx_word' id='word_1_404' title='bbox 2685 1596 2885 1666; x_wconf 80' lang='grc' dir='ltr'>ἄρτους</span> <span class='ocrx_word' id='word_1_405' title='bbox 2911 1594 2939 1645; x_wconf 84' lang='grc' dir='ltr'>ὁ</span> <span class='ocrx_word' id='word_1_406' title='bbox 2978 1589 3214 1660; x_wconf 84' lang='grc' dir='ltr'>Ἰησοῦς,</span> <span class='ocrx_word' id='word_1_407' title='bbox 3250 1590 3342 1642; x_wconf 57' lang='grc' dir='ltr'>καὶ</span> <span class='ocrx_word' id='word_1_408' title='bbox 3386 1589 3834 1658; x_wconf 74' lang='grc' dir='ltr'>εὐχαριστήσας,</span> 
     </span>
    </p>
   </div>
   <div class='ocr_carea' id='block_1_59' title="bbox 2210 1680 3830 1758">
    <p class='ocr_par' dir='ltr' id='par_1_59' title="bbox 2210 1680 3830 1758">
     <span class='ocr_line' id='line_1_59' title="bbox 2210 1680 3830 1758; baseline -0.01 -13"><span class='ocrx_word' id='word_1_409' title='bbox 2210 1691 2444 1745; x_wconf 78' lang='grc' dir='ltr'><strong>διέδωκε</strong></span> <span class='ocrx_word' id='word_1_410' title='bbox 2485 1691 2600 1750; x_wconf 79' lang='grc' dir='ltr'>τοῖς</span> <span class='ocrx_word' id='word_1_411' title='bbox 2638 1686 2938 1758; x_wconf 76' lang='grc' dir='ltr'><strong>μαθηταῖς,</strong></span> <span class='ocrx_word' id='word_1_412' title='bbox 2964 1683 3014 1737; x_wconf 79' lang='lat' dir='ltr'><strong>oi</strong></span> <span class='ocrx_word' id='word_1_413' title='bbox 3049 1682 3106 1735; x_wconf 85' lang='grc' dir='ltr'>δὲ</span> <span class='ocrx_word' id='word_1_414' title='bbox 3149 1681 3399 1752; x_wconf 76' lang='grc' dir='ltr'>μαθηταὶ</span> <span class='ocrx_word' id='word_1_415' title='bbox 3452 1684 3578 1743; x_wconf 79' lang='grc' dir='ltr'>τοῖς</span> <span class='ocrx_word' id='word_1_416' title='bbox 3609 1680 3830 1734; x_wconf 81' lang='grc' dir='ltr'>ἀνακει-</span> 
     </span>
    </p>
   </div>
   <div class='ocr_carea' id='block_1_60' title="bbox 2217 1772 3832 1852">
    <p class='ocr_par' dir='ltr' id='par_1_60' title="bbox 2217 1772 3832 1852">
     <span class='ocr_line' id='line_1_60' title="bbox 2217 1772 3832 1852; baseline -0.006 -18"><span class='ocrx_word' id='word_1_417' title='bbox 2217 1781 2440 1852; x_wconf 78' lang='grc' dir='ltr'>μένοιςο</span> <span class='ocrx_word' id='word_1_418' title='bbox 2470 1778 2676 1850; x_wconf 86' lang='grc' dir='ltr'>ὁμοίως</span> <span class='ocrx_word' id='word_1_419' title='bbox 2726 1777 2823 1830; x_wconf 71' lang='grc' dir='ltr'>καὶ</span> <span class='ocrx_word' id='word_1_420' title='bbox 2876 1777 2940 1828; x_wconf 82' lang='grc' dir='ltr'>ὲκ</span> <span class='ocrx_word' id='word_1_421' title='bbox 2981 1777 3092 1827; x_wconf 88' lang='grc' dir='ltr'><strong>τῶν</strong></span> <span class='ocrx_word' id='word_1_422' title='bbox 3143 1773 3396 1844; x_wconf 71' lang='grc' dir='ltr'>ὀψαρίων</span> <span class='ocrx_word' id='word_1_423' title='bbox 3452 1773 3591 1825; x_wconf 80' lang='grc' dir='ltr'>ὅσον</span> <span class='ocrx_word' id='word_1_424' title='bbox 3629 1772 3832 1841; x_wconf 66' lang='grc' dir='ltr'>ἤθελον.</span> 
     </span>
    </p>
   </div>
   <div class='ocr_carea' id='block_1_61' title="bbox 2142 1858 3826 1938">
    <p class='ocr_par' dir='ltr' id='par_1_61' title="bbox 2142 1858 3826 1938">
     <span class='ocr_line' id='line_1_61' title="bbox 2142 1858 3826 1938; baseline -0.009 -11"><span class='ocrx_word' id='word_1_425' title='bbox 2142 1858 2183 1913; x_wconf 75' lang='grc' dir='ltr'><strong>Β</strong></span> <span class='ocrx_word' id='word_1_426' title='bbox 2230 1873 2316 1936; x_wconf 86' lang='grc' dir='ltr'>Ὠς</span> <span class='ocrx_word' id='word_1_427' title='bbox 2344 1873 2400 1925; x_wconf 76' lang='grc' dir='ltr'>δὲ</span> <span class='ocrx_word' id='word_1_428' title='bbox 2446 1867 2878 1938; x_wconf 74' lang='grc' dir='ltr'>ἐνεπλήσθησαν,</span> <span class='ocrx_word' id='word_1_429' title='bbox 2922 1865 3080 1932; x_wconf 79' lang='grc' dir='ltr'>λέγει</span> <span class='ocrx_word' id='word_1_430' title='bbox 3118 1866 3230 1927; x_wconf 88' lang='grc' dir='ltr'>τοῖς</span> <span class='ocrx_word' id='word_1_431' title='bbox 3268 1863 3562 1934; x_wconf 82' lang='grc' dir='ltr'>μαθηταῖς</span> <span class='ocrx_word' id='word_1_432' title='bbox 3624 1860 3826 1914; x_wconf 60' lang='lat' dir='ltr'><strong>alto-3&#39;</strong></span> 
     </span>
    </p>
   </div>
   <div class='ocr_carea' id='block_1_62' title="bbox 2217 1953 3832 2033">
    <p class='ocr_par' dir='ltr' id='par_1_62' title="bbox 2217 1953 3832 2033">
     <span class='ocr_line' id='line_1_62' title="bbox 2217 1953 3832 2033; baseline -0.012 -13"><span class='ocrx_word' id='word_1_433' title='bbox 2217 1967 2569 2033; x_wconf 74' lang='grc' dir='ltr'>Συναγάγετε</span> <span class='ocrx_word' id='word_1_434' title='bbox 2608 1960 2684 2014; x_wconf 81' lang='grc' dir='ltr'><strong>τά</strong></span> <span class='ocrx_word' id='word_1_435' title='bbox 2737 1957 3173 2030; x_wconf 81' lang='grc' dir='ltr'>περιττεύσαντα</span> <span class='ocrx_word' id='word_1_436' title='bbox 3223 1955 3564 2024; x_wconf 80' lang='grc' dir='ltr'>κλάσματα,</span> <span class='ocrx_word' id='word_1_437' title='bbox 3627 1953 3720 2006; x_wconf 86' lang='grc' dir='ltr'><strong>ἵνα</strong></span> <span class='ocrx_word' id='word_1_438' title='bbox 3774 1954 3832 2022; x_wconf 71' lang='grc' dir='ltr'>μή</span> 
     </span>
    </p>
   </div>
   <div class='ocr_carea' id='block_1_63' title="bbox 2214 2044 3834 2126">
    <p class='ocr_par' dir='ltr' id='par_1_63' title="bbox 2214 2044 3834 2126">
     <span class='ocr_line' id='line_1_63' title="bbox 2214 2044 3834 2126; baseline -0.01 -14"><span class='ocrx_word' id='word_1_439' title='bbox 2214 2077 2267 2112; x_wconf 90' lang='grc' dir='ltr'><strong>τι</strong></span> <span class='ocrx_word' id='word_1_440' title='bbox 2299 2057 2592 2126; x_wconf 82' lang='grc' dir='ltr'>ἀπόληται.</span> <span class='ocrx_word' id='word_1_441' title='bbox 2628 2054 2944 2122; x_wconf 80' lang='grc' dir='ltr'>Συνήγαγον</span> <span class='ocrx_word' id='word_1_442' title='bbox 2975 2048 3094 2113; x_wconf 80' lang='grc' dir='ltr'>οὐν,</span> <span class='ocrx_word' id='word_1_443' title='bbox 3142 2047 3238 2101; x_wconf 73' lang='grc' dir='ltr'><strong>καὶ</strong></span> <span class='ocrx_word' id='word_1_444' title='bbox 3291 2047 3578 2114; x_wconf 76' lang='grc' dir='ltr'>ἐγέμισαν</span> <span class='ocrx_word' id='word_1_445' title='bbox 3631 2044 3834 2098; x_wconf 67' lang='grc' dir='ltr'>δώδεκα</span> 
     </span>
    </p>
   </div>
   <div class='ocr_carea' id='block_1_64' title="bbox 2216 2137 3833 2221">
    <p class='ocr_par' dir='ltr' id='par_1_64' title="bbox 2216 2137 3833 2221">
     <span class='ocr_line' id='line_1_64' title="bbox 2216 2137 3833 2221; baseline -0.011 -16"><span class='ocrx_word' id='word_1_446' title='bbox 2216 2151 2474 2221; x_wconf 78' lang='grc' dir='ltr'>κοφίνους</span> <span class='ocrx_word' id='word_1_447' title='bbox 2533 2145 2871 2214; x_wconf 78' lang='grc' dir='ltr'>κλασμάτων</span> <span class='ocrx_word' id='word_1_448' title='bbox 2931 2143 2998 2194; x_wconf 84' lang='grc' dir='ltr'>ὲκ</span> <span class='ocrx_word' id='word_1_449' title='bbox 3050 2140 3160 2193; x_wconf 88' lang='grc' dir='ltr'><strong>τῶν</strong></span> <span class='ocrx_word' id='word_1_450' title='bbox 3236 2139 3411 2191; x_wconf 80' lang='grc' dir='ltr'>πέντε</span> <span class='ocrx_word' id='word_1_451' title='bbox 3491 2137 3694 2209; x_wconf 78' lang='grc' dir='ltr'>ἀρτων</span> <span class='ocrx_word' id='word_1_452' title='bbox 3741 2138 3833 2188; x_wconf 71' lang='grc' dir='ltr'><strong>τῶν</strong></span> 
     </span>
    </p>
   </div>
   <div class='ocr_carea' id='block_1_65' title="bbox 2217 2229 3832 2316">
    <p class='ocr_par' dir='ltr' id='par_1_65' title="bbox 2217 2229 3832 2316">
     <span class='ocr_line' id='line_1_65' title="bbox 2217 2229 3832 2316; baseline -0.012 -18"><span class='ocrx_word' id='word_1_453' title='bbox 2217 2245 2503 2316; x_wconf 79' lang='grc' dir='ltr'>κριθίνων,</span> <span class='ocrx_word' id='word_1_454' title='bbox 2539 2240 2575 2294; x_wconf 77' lang='grc' dir='ltr'>ἃ.</span> <span class='ocrx_word' id='word_1_455' title='bbox 2626 2237 2993 2308; x_wconf 73' lang='grc' dir='ltr'>ἑπερίσσευσε</span> <span class='ocrx_word' id='word_1_456' title='bbox 3039 2234 3153 2296; x_wconf 88' lang='grc' dir='ltr'>τοῖς</span> <span class='ocrx_word' id='word_1_457' title='bbox 3209 2231 3600 2302; x_wconf 76' lang='grc' dir='ltr'>βεϐρωκόσιν.</span> <span class='ocrx_word' id='word_1_458' title='bbox 3673 2249 3694 2282; x_wconf 76' lang='lat' dir='ltr'><strong>s</strong></span> <span class='ocrx_word' id='word_1_459' title='bbox 3761 2229 3832 2288; x_wconf 74' lang='grc' dir='ltr'>Ὠς</span> 
     </span>
    </p>
   </div>
   <div class='ocr_carea' id='block_1_66' title="bbox 2217 2323 3830 2406">
    <p class='ocr_par' dir='ltr' id='par_1_66' title="bbox 2217 2323 3830 2406">
     <span class='ocr_line' id='line_1_66' title="bbox 2217 2323 3830 2406; baseline -0.011 -16"><span class='ocrx_word' id='word_1_460' title='bbox 2217 2337 2436 2406; x_wconf 80' lang='grc' dir='ltr'>ἑτοίμου</span> <span class='ocrx_word' id='word_1_461' title='bbox 2490 2334 2589 2404; x_wconf 85' lang='grc' dir='ltr'>τῆς</span> <span class='ocrx_word' id='word_1_462' title='bbox 2645 2330 2930 2402; x_wconf 76' lang='grc' dir='ltr'>τραπέζης</span> <span class='ocrx_word' id='word_1_463' title='bbox 3003 2326 3195 2396; x_wconf 80' lang='grc' dir='ltr'>οὐσης,</span> <span class='ocrx_word' id='word_1_464' title='bbox 3273 2325 3587 2377; x_wconf 75' lang='grc' dir='ltr'>ἐκέλευσεν</span> <span class='ocrx_word' id='word_1_465' title='bbox 3645 2323 3830 2382; x_wconf 58' lang='grc' dir='ltr'>αὐτοὺς</span> 
     </span>
    </p>
   </div>
   <div class='ocr_carea' id='block_1_67' title="bbox 2217 2415 3830 2488">
    <p class='ocr_par' dir='ltr' id='par_1_67' title="bbox 2217 2415 3830 2488">
     <span class='ocr_line' id='line_1_67' title="bbox 2217 2415 3830 2488; baseline -0.01 -8"><span class='ocrx_word' id='word_1_466' title='bbox 2217 2425 2420 2488; x_wconf 81' lang='grc' dir='ltr'>εὐθέως</span> <span class='ocrx_word' id='word_1_467' title='bbox 2452 2423 2777 2478; x_wconf 79' lang='grc' dir='ltr'>ἀναπεσεῖν.</span> <span class='ocrx_word' id='word_1_468' title='bbox 2819 2420 2882 2472; x_wconf 85' lang='grc' dir='ltr'><strong>Οἱ</strong></span> <span class='ocrx_word' id='word_1_469' title='bbox 2915 2418 2974 2471; x_wconf 78' lang='grc' dir='ltr'>δὲ</span> <span class='ocrx_word' id='word_1_470' title='bbox 3010 2415 3282 2486; x_wconf 64' lang='grc' dir='ltr'>μαθηταὶ,</span> <span class='ocrx_word' id='word_1_471' title='bbox 3326 2416 3528 2467; x_wconf 78' lang='grc' dir='ltr'>καίτοι</span> <span class='ocrx_word' id='word_1_472' title='bbox 3569 2415 3830 2486; x_wconf 70' lang='grc' dir='ltr'>πρότερον</span> 
     </span>
    </p>
   </div>
   <div class='ocr_carea' id='block_1_68' title="bbox 2216 2507 3828 2585">
    <p class='ocr_par' dir='ltr' id='par_1_68' title="bbox 2216 2507 3828 2585">
     <span class='ocr_line' id='line_1_68' title="bbox 2216 2507 3828 2585; baseline -0.011 -11"><span class='ocrx_word' id='word_1_473' title='bbox 2216 2519 2603 2582; x_wconf 87' lang='grc' dir='ltr'>ἀπιστοῦντες,</span> <span class='ocrx_word' id='word_1_474' title='bbox 2654 2516 2804 2585; x_wconf 78' lang='grc' dir='ltr'>ὅμως</span> <span class='ocrx_word' id='word_1_475' title='bbox 2867 2509 3172 2584; x_wconf 78' lang='grc' dir='ltr'>προθύμως</span> <span class='ocrx_word' id='word_1_476' title='bbox 3229 2507 3658 2562; x_wconf 80' lang='grc' dir='ltr'>κατακλίνουσι</span> <span class='ocrx_word' id='word_1_477' title='bbox 3719 2507 3828 2568; x_wconf 62' lang='grc' dir='ltr'>τοὺς</span> 
     </span>
    </p>
   </div>
   <div class='ocr_carea' id='block_1_69' title="bbox 2215 2595 3827 2682">
    <p class='ocr_par' dir='ltr' id='par_1_69' title="bbox 2215 2595 3827 2682">
     <span class='ocr_line' id='line_1_69' title="bbox 2215 2595 3827 2682; baseline -0.009 -18"><span class='ocrx_word' id='word_1_478' title='bbox 2215 2609 2559 2682; x_wconf 81' lang='grc' dir='ltr'>ἀνθρώπους.</span> <span class='ocrx_word' id='word_1_479' title='bbox 2591 2625 2610 2658; x_wconf 73' lang='grc' dir='ltr'><strong>ι</strong></span> <span class='ocrx_word' id='word_1_480' title='bbox 2644 2602 2752 2658; x_wconf 71' lang='grc' dir='ltr'><strong>Ἷὶν</strong></span> <span class='ocrx_word' id='word_1_481' title='bbox 2782 2605 2838 2658; x_wconf 78' lang='grc' dir='ltr'>δὲ</span> <span class='ocrx_word' id='word_1_482' title='bbox 2865 2603 3114 2674; x_wconf 79' lang='grc' dir='ltr'>χόρτος),</span> <span class='ocrx_word' id='word_1_483' title='bbox 3151 2600 3312 2671; x_wconf 78' lang='grc' dir='ltr'>ἔαρος</span> <span class='ocrx_word' id='word_1_484' title='bbox 3341 2599 3534 2662; x_wconf 72' lang='grc' dir='ltr'>ὄντος.</span> <span class='ocrx_word' id='word_1_485' title='bbox 3569 2595 3685 2651; x_wconf 88' lang='grc' dir='ltr'>Ἦν</span> <span class='ocrx_word' id='word_1_486' title='bbox 3715 2599 3827 2667; x_wconf 74' lang='grc' dir='ltr'>γὰρ,</span> 
     </span>
    </p>
   </div>
   <div class='ocr_carea' id='block_1_70' title="bbox 2216 2689 3825 2772">
    <p class='ocr_par' dir='ltr' id='par_1_70' title="bbox 2216 2689 3825 2772">
     <span class='ocr_line' id='line_1_70' title="bbox 2216 2689 3825 2772; baseline -0.007 -18"><span class='ocrx_word' id='word_1_487' title='bbox 2216 2689 2350 2772; x_wconf 74' lang='grc' dir='ltr'><strong>φήσῖ</strong></span> <span class='ocrx_word' id='word_1_488' title='bbox 2372 2741 2387 2766; x_wconf 89' lang='grc'><strong>,</strong></span> <span class='ocrx_word' id='word_1_489' title='bbox 2416 2701 2477 2752; x_wconf 82' lang='grc' dir='ltr'><strong>τὸ</strong></span> <span class='ocrx_word' id='word_1_490' title='bbox 2512 2699 2705 2768; x_wconf 81' lang='grc' dir='ltr'>Πάσχα</span> <span class='ocrx_word' id='word_1_491' title='bbox 2735 2712 2748 2726; x_wconf 86' lang='grc'><strong>·</strong></span> <span class='ocrx_word' id='word_1_492' title='bbox 2783 2695 2944 2748; x_wconf 77' lang='grc' dir='ltr'>τοῦτο</span> <span class='ocrx_word' id='word_1_493' title='bbox 2973 2693 3029 2746; x_wconf 80' lang='grc' dir='ltr'><strong>δὲ</strong></span> <span class='ocrx_word' id='word_1_494' title='bbox 3062 2695 3119 2745; x_wconf 81' lang='grc' dir='ltr'>ὲν</span> <span class='ocrx_word' id='word_1_495' title='bbox 3163 2692 3242 2760; x_wconf 79' lang='grc' dir='ltr'><strong>τῷ</strong></span> <span class='ocrx_word' id='word_1_496' title='bbox 3279 2689 3502 2762; x_wconf 79' lang='grc' dir='ltr'>πρώτῳ</span> <span class='ocrx_word' id='word_1_497' title='bbox 3533 2690 3638 2742; x_wconf 83' lang='grc' dir='ltr'><strong>τοῦ</strong></span> <span class='ocrx_word' id='word_1_498' title='bbox 3679 2690 3825 2761; x_wconf 64' lang='grc' dir='ltr'>ἔαρος</span> 
     </span>
    </p>
   </div>
   <div class='ocr_carea' id='block_1_71' title="bbox 2219 2785 3831 2866">
    <p class='ocr_par' dir='ltr' id='par_1_71' title="bbox 2219 2785 3831 2866">
     <span class='ocr_line' id='line_1_71' title="bbox 2219 2785 3831 2866; baseline -0.008 -19"><span class='ocrx_word' id='word_1_499' title='bbox 2219 2797 2352 2866; x_wconf 77' lang='grc' dir='ltr'>μηνὶ</span> <span class='ocrx_word' id='word_1_500' title='bbox 2382 2793 2640 2847; x_wconf 71' lang='grc' dir='ltr'>ἐτελεῖτο.</span> <span class='ocrx_word' id='word_1_501' title='bbox 2679 2791 2851 2844; x_wconf 62' lang='lat' dir='ltr'><strong>Movet.</strong></span> <span class='ocrx_word' id='word_1_502' title='bbox 2882 2789 2937 2841; x_wconf 83' lang='grc' dir='ltr'>δὲ</span> <span class='ocrx_word' id='word_1_503' title='bbox 2963 2789 3011 2840; x_wconf 86' lang='grc' dir='ltr'><strong>οί</strong></span> <span class='ocrx_word' id='word_1_504' title='bbox 3040 2786 3238 2855; x_wconf 81' lang='grc' dir='ltr'>ἄνδρες</span> <span class='ocrx_word' id='word_1_505' title='bbox 3269 2785 3664 2855; x_wconf 77' lang='grc' dir='ltr'>ἀριθμοῦνται</span> <span class='ocrx_word' id='word_1_506' title='bbox 3697 2785 3831 2853; x_wconf 68' lang='grc' dir='ltr'>παρὰ</span> 
     </span>
    </p>
   </div>
   <div class='ocr_carea' id='block_1_72' title="bbox 2214 2877 3828 2955">
    <p class='ocr_par' dir='ltr' id='par_1_72' title="bbox 2214 2877 3828 2955">
     <span class='ocr_line' id='line_1_72' title="bbox 2214 2877 3828 2955; baseline -0.009 -14"><span class='ocrx_word' id='word_1_507' title='bbox 2214 2887 2309 2941; x_wconf 87' lang='grc' dir='ltr'><strong>τοῦ</strong></span> <span class='ocrx_word' id='word_1_508' title='bbox 2332 2882 2753 2955; x_wconf 79' lang='grc' dir='ltr'>εὐαγγελιστοῦ,</span> <span class='ocrx_word' id='word_1_509' title='bbox 2777 2884 2845 2954; x_wconf 75' lang='grc' dir='ltr'>τῇ</span> <span class='ocrx_word' id='word_1_510' title='bbox 2867 2881 3068 2950; x_wconf 79' lang='grc' dir='ltr'>νομικῇ</span> <span class='ocrx_word' id='word_1_511' title='bbox 3089 2877 3350 2950; x_wconf 74' lang='grc' dir='ltr'>συνηθεξᾳ</span> <span class='ocrx_word' id='word_1_512' title='bbox 3370 2877 3828 2936; x_wconf 73' lang='grc' dir='ltr'>ἀκολουθοῦντος.</span> 
     </span>
    </p>
   </div>
   <div class='ocr_carea' id='block_1_73' title="bbox 2214 2972 3831 3049">
    <p class='ocr_par' dir='ltr' id='par_1_73' title="bbox 2214 2972 3831 3049">
     <span class='ocr_line' id='line_1_73' title="bbox 2214 2972 3831 3049; baseline -0.007 -14"><span class='ocrx_word' id='word_1_513' title='bbox 2214 2982 2328 3035; x_wconf 78' lang='grc' dir='ltr'><strong>Καὶ</strong></span> <span class='ocrx_word' id='word_1_514' title='bbox 2359 2981 2468 3049; x_wconf 86' lang='grc' dir='ltr'>γὰρ</span> <span class='ocrx_word' id='word_1_515' title='bbox 2500 2977 2597 3032; x_wconf 76' lang='grc' dir='ltr'>καὶ</span> <span class='ocrx_word' id='word_1_516' title='bbox 2647 2975 2856 3045; x_wconf 79' lang='grc' dir='ltr'>Μωσῆς</span> <span class='ocrx_word' id='word_1_517' title='bbox 2901 2973 3012 3027; x_wconf 86' lang='grc' dir='ltr'><strong>ἀπὸ</strong></span> <span class='ocrx_word' id='word_1_518' title='bbox 3043 2972 3403 3033; x_wconf 79' lang='grc' dir='ltr'>είκοσαετοῦς</span> <span class='ocrx_word' id='word_1_519' title='bbox 3438 2973 3548 3024; x_wconf 76' lang='grc' dir='ltr'>καὶ</span> <span class='ocrx_word' id='word_1_520' title='bbox 3583 2972 3831 3040; x_wconf 78' lang='grc' dir='ltr'>ἀνωτέρω</span> 
     </span>
    </p>
   </div>
   <div class='ocr_carea' id='block_1_74' title="bbox 2210 3064 3830 3144">
    <p class='ocr_par' dir='ltr' id='par_1_74' title="bbox 2210 3064 3830 3144">
     <span class='ocr_line' id='line_1_74' title="bbox 2210 3064 3830 3144; baseline -0.006 -18"><span class='ocrx_word' id='word_1_521' title='bbox 2210 3073 2488 3144; x_wconf 70' lang='grc' dir='ltr'>ἠρίθμησε</span> <span class='ocrx_word' id='word_1_522' title='bbox 2528 3069 2619 3123; x_wconf 84' lang='grc' dir='ltr'><strong>τὸν</strong></span> <span class='ocrx_word' id='word_1_523' title='bbox 2671 3067 2822 3132; x_wconf 72' lang='grc' dir='ltr'>λαὸν,</span> <span class='ocrx_word' id='word_1_524' title='bbox 2863 3066 3108 3138; x_wconf 82' lang='grc' dir='ltr'>μηδόλως</span> <span class='ocrx_word' id='word_1_525' title='bbox 3184 3064 3606 3134; x_wconf 82' lang='grc' dir='ltr'>μνημονεύσας</span> <span class='ocrx_word' id='word_1_526' title='bbox 3663 3083 3830 3134; x_wconf 74' lang='grc' dir='ltr'>γυναι-</span> 
     </span>
    </p>
   </div>
   <div class='ocr_carea' id='block_1_75' title="bbox 2138 3159 3832 3262">
    <p class='ocr_par' dir='ltr' id='par_1_75' title="bbox 2138 3159 3832 3262">
     <span class='ocr_line' id='line_1_75' title="bbox 2138 3159 3832 3262; baseline -0.005 -42"><span class='ocrx_word' id='word_1_527' title='bbox 2138 3197 2183 3262; x_wconf 75' lang='lat' dir='ltr'><strong><em>C</em></strong></span> <span class='ocrx_word' id='word_1_528' title='bbox 2215 3165 2328 3220; x_wconf 86' lang='grc' dir='ltr'><strong>κῶν</strong></span> <span class='ocrx_word' id='word_1_529' title='bbox 2351 3182 2365 3198; x_wconf 78' lang='grc' dir='ltr'><strong><em>ο</em></strong></span> <span class='ocrx_word' id='word_1_530' title='bbox 2398 3163 2691 3236; x_wconf 72' lang='grc' dir='ltr'>δηλοῦντος</span> <span class='ocrx_word' id='word_1_531' title='bbox 2738 3160 2834 3214; x_wconf 85' lang='grc' dir='ltr'><strong>τοῦ</strong></span> <span class='ocrx_word' id='word_1_532' title='bbox 2868 3159 3056 3228; x_wconf 85' lang='grc' dir='ltr'>λόγου,</span> <span class='ocrx_word' id='word_1_533' title='bbox 3088 3159 3170 3211; x_wconf 84' lang='grc' dir='ltr'><strong>ὅτι</strong></span> <span class='ocrx_word' id='word_1_534' title='bbox 3221 3159 3332 3210; x_wconf 79' lang='grc' dir='ltr'>πᾶν</span> <span class='ocrx_word' id='word_1_535' title='bbox 3369 3159 3509 3210; x_wconf 77' lang='grc' dir='ltr'>ὅσον</span> <span class='ocrx_word' id='word_1_536' title='bbox 3574 3159 3832 3229; x_wconf 72' lang='grc' dir='ltr'>ἀνδρῶδες</span> 
     </span>
    </p>
   </div>
   <div class='ocr_carea' id='block_1_76' title="bbox 2223 3249 3828 3326">
    <p class='ocr_par' dir='ltr' id='par_1_76' title="bbox 2223 3249 3828 3326">
     <span class='ocr_line' id='line_1_76' title="bbox 2223 3249 3828 3326; baseline -0.006 -12"><span class='ocrx_word' id='word_1_537' title='bbox 2223 3261 2320 3314; x_wconf 83' lang='grc' dir='ltr'>καὶ</span> <span class='ocrx_word' id='word_1_538' title='bbox 2345 3259 2621 3322; x_wconf 81' lang='grc' dir='ltr'>νεανικὸν,</span> <span class='ocrx_word' id='word_1_539' title='bbox 2656 3255 2865 3326; x_wconf 82' lang='grc' dir='ltr'>τίμιον,</span> <span class='ocrx_word' id='word_1_540' title='bbox 2899 3255 2994 3306; x_wconf 72' lang='grc' dir='ltr'><strong>καὶ</strong></span> <span class='ocrx_word' id='word_1_541' title='bbox 3027 3251 3178 3316; x_wconf 81' lang='grc' dir='ltr'>ἄξιον</span> <span class='ocrx_word' id='word_1_542' title='bbox 3211 3249 3464 3322; x_wconf 86' lang='grc' dir='ltr'>ἀριθμοῦ</span> <span class='ocrx_word' id='word_1_543' title='bbox 3513 3254 3679 3324; x_wconf 81' lang='grc' dir='ltr'><strong>παρά</strong></span> <span class='ocrx_word' id='word_1_544' title='bbox 3705 3252 3828 3320; x_wconf 72' lang='grc' dir='ltr'>Θεῷ.</span> 
     </span>
    </p>
   </div>
   <div class='ocr_carea' id='block_1_77' title="bbox 2221 3344 3833 3420">
    <p class='ocr_par' dir='ltr' id='par_1_77' title="bbox 2221 3344 3833 3420">
     <span class='ocr_line' id='line_1_77' title="bbox 2221 3344 3833 3420; baseline -0.007 -12"><span class='ocrx_word' id='word_1_545' title='bbox 2221 3353 2420 3409; x_wconf 85' lang='grc' dir='ltr'>Λαὸὼν</span> <span class='ocrx_word' id='word_1_546' title='bbox 2458 3351 2518 3405; x_wconf 83' lang='grc' dir='ltr'>δὲ</span> <span class='ocrx_word' id='word_1_547' title='bbox 2546 3352 2672 3413; x_wconf 84' lang='grc' dir='ltr'>τοὺς</span> <span class='ocrx_word' id='word_1_548' title='bbox 2701 3349 2904 3420; x_wconf 74' lang='grc' dir='ltr'>ἄρτους</span> <span class='ocrx_word' id='word_1_549' title='bbox 2935 3346 3278 3416; x_wconf 79' lang='grc' dir='ltr'>εὐχαριστεῖ,</span> <span class='ocrx_word' id='word_1_550' title='bbox 3323 3344 3592 3409; x_wconf 81' lang='grc' dir='ltr'>δεικνὺς,</span> <span class='ocrx_word' id='word_1_551' title='bbox 3627 3347 3708 3399; x_wconf 74' lang='grc' dir='ltr'>ὅτι</span> <span class='ocrx_word' id='word_1_552' title='bbox 3742 3344 3833 3413; x_wconf 71' lang='grc' dir='ltr'>πρὸ</span> 
     </span>
    </p>
   </div>
   <div class='ocr_carea' id='block_1_78' title="bbox 2219 3437 3833 3518">
    <p class='ocr_par' dir='ltr' id='par_1_78' title="bbox 2219 3437 3833 3518">
     <span class='ocr_line' id='line_1_78' title="bbox 2219 3437 3833 3518; baseline -0.007 -18"><span class='ocrx_word' id='word_1_553' title='bbox 2219 3446 2428 3518; x_wconf 85' lang='grc' dir='ltr'>τροφῆς</span> <span class='ocrx_word' id='word_1_554' title='bbox 2463 3445 2810 3515; x_wconf 79' lang='grc' dir='ltr'>εὐχαριστεῖν</span> <span class='ocrx_word' id='word_1_555' title='bbox 2836 3442 2917 3495; x_wconf 83' lang='grc' dir='ltr'><strong>δεῖ</strong></span> <span class='ocrx_word' id='word_1_556' title='bbox 2949 3440 3027 3510; x_wconf 81' lang='grc' dir='ltr'><strong>τῷ</strong></span> <span class='ocrx_word' id='word_1_557' title='bbox 3061 3437 3182 3508; x_wconf 85' lang='grc' dir='ltr'><strong>Θεῷ</strong></span> <span class='ocrx_word' id='word_1_558' title='bbox 3206 3455 3217 3467; x_wconf 89' lang='grc'><strong>·</strong></span> <span class='ocrx_word' id='word_1_559' title='bbox 3263 3439 3387 3508; x_wconf 79' lang='grc' dir='ltr'><strong>ἅμα</strong></span> <span class='ocrx_word' id='word_1_560' title='bbox 3421 3438 3483 3491; x_wconf 83' lang='grc' dir='ltr'>δὲ</span> <span class='ocrx_word' id='word_1_561' title='bbox 3520 3440 3626 3492; x_wconf 80' lang='grc' dir='ltr'>καὶ</span> <span class='ocrx_word' id='word_1_562' title='bbox 3657 3437 3833 3504; x_wconf 74' lang='grc' dir='ltr'>ἐπειδὴ</span> 
     </span>
    </p>
   </div>
   <div class='ocr_carea' id='block_1_79' title="bbox 2218 3532 3831 3610">
    <p class='ocr_par' dir='ltr' id='par_1_79' title="bbox 2218 3532 3831 3610">
     <span class='ocr_line' id='line_1_79' title="bbox 2218 3532 3831 3610; baseline -0.006 -18"><span class='ocrx_word' id='word_1_563' title='bbox 2218 3540 2374 3610; x_wconf 76' lang='grc' dir='ltr'>ὄχλος</span> <span class='ocrx_word' id='word_1_564' title='bbox 2414 3534 2504 3610; x_wconf 82' lang='grc' dir='ltr'>ἦν,</span> <span class='ocrx_word' id='word_1_565' title='bbox 2553 3537 2642 3591; x_wconf 77' lang='grc' dir='ltr'><strong>διὰ</strong></span> <span class='ocrx_word' id='word_1_566' title='bbox 2684 3534 2846 3588; x_wconf 89' lang='grc' dir='ltr'>τοῦτο</span> <span class='ocrx_word' id='word_1_567' title='bbox 2877 3534 3199 3604; x_wconf 82' lang='grc' dir='ltr'>εὐχαριστεῖ</span> <span class='ocrx_word' id='word_1_568' title='bbox 3236 3532 3485 3586; x_wconf 76' lang='grc' dir='ltr'>ἐνώπιον</span> <span class='ocrx_word' id='word_1_569' title='bbox 3526 3533 3628 3586; x_wconf 89' lang='grc' dir='ltr'><strong>τοῦ</strong></span> <span class='ocrx_word' id='word_1_570' title='bbox 3662 3533 3831 3601; x_wconf 64' lang='lat' dir='ltr'><strong>Exim,</strong></span> 
     </span>
    </p>
   </div>
   <div class='ocr_carea' id='block_1_80' title="bbox 2220 3624 3834 3695">
    <p class='ocr_par' dir='ltr' id='par_1_80' title="bbox 2220 3624 3834 3695">
     <span class='ocr_line' id='line_1_80' title="bbox 2220 3624 3834 3695; baseline -0.008 -8"><span class='ocrx_word' id='word_1_571' title='bbox 2220 3634 2310 3688; x_wconf 78' lang='grc' dir='ltr'>ἵνα</span> <span class='ocrx_word' id='word_1_572' title='bbox 2345 3629 2613 3685; x_wconf 86' lang='grc' dir='ltr'>πεισθῶσι</span> <span class='ocrx_word' id='word_1_573' title='bbox 2643 3629 2868 3693; x_wconf 86' lang='grc' dir='ltr'>πάντες,</span> <span class='ocrx_word' id='word_1_574' title='bbox 2932 3628 3014 3679; x_wconf 86' lang='grc' dir='ltr'>ὃτι</span> <span class='ocrx_word' id='word_1_575' title='bbox 3049 3625 3192 3678; x_wconf 86' lang='grc' dir='ltr'><strong>κατά</strong></span> <span class='ocrx_word' id='word_1_576' title='bbox 3235 3624 3477 3695; x_wconf 85' lang='grc' dir='ltr'>γνώμην</span> <span class='ocrx_word' id='word_1_577' title='bbox 3518 3626 3668 3679; x_wconf 81' lang='grc' dir='ltr'>Θεοῦ</span> <span class='ocrx_word' id='word_1_578' title='bbox 3707 3642 3834 3694; x_wconf 62' lang='grc' dir='ltr'>παρτ</span> 
     </span>
    </p>
   </div>
   <div class='ocr_carea' id='block_1_81' title="bbox 2220 3716 3833 3794">
    <p class='ocr_par' dir='ltr' id='par_1_81' title="bbox 2220 3716 3833 3794">
     <span class='ocr_line' id='line_1_81' title="bbox 2220 3716 3833 3794; baseline -0.007 -15"><span class='ocrx_word' id='word_1_579' title='bbox 2220 3724 2462 3794; x_wconf 70' lang='grc' dir='ltr'>εγενετο,</span> <span class='ocrx_word' id='word_1_580' title='bbox 2492 3723 2588 3776; x_wconf 68' lang='grc' dir='ltr'>καὶ</span> <span class='ocrx_word' id='word_1_581' title='bbox 2611 3721 2686 3784; x_wconf 86' lang='grc' dir='ltr'>ὼς</span> <span class='ocrx_word' id='word_1_582' title='bbox 2713 3721 2815 3773; x_wconf 87' lang='grc' dir='ltr'><strong>οὐκ</strong></span> <span class='ocrx_word' id='word_1_583' title='bbox 2843 3720 2990 3772; x_wconf 76' lang='grc' dir='ltr'>ἐστιν</span> <span class='ocrx_word' id='word_1_584' title='bbox 3013 3717 3284 3781; x_wconf 80' lang='grc' dir='ltr'>ἀντίθεος,</span> <span class='ocrx_word' id='word_1_585' title='bbox 3315 3716 3463 3770; x_wconf 77' lang='grc' dir='ltr'>ἀλλὰ</span> <span class='ocrx_word' id='word_1_586' title='bbox 3491 3718 3688 3772; x_wconf 85' lang='grc' dir='ltr'>πάντα</span> <span class='ocrx_word' id='word_1_587' title='bbox 3713 3718 3833 3789; x_wconf 74' lang='grc' dir='ltr'>πρὸς</span> 
     </span>
    </p>
   </div>
   <div class='ocr_carea' id='block_1_82' title="bbox 2220 3810 3834 3887">
    <p class='ocr_par' dir='ltr' id='par_1_82' title="bbox 2220 3810 3834 3887">
     <span class='ocr_line' id='line_1_82' title="bbox 2220 3810 3834 3887; baseline -0.004 -18"><span class='ocrx_word' id='word_1_588' title='bbox 2220 3818 2315 3871; x_wconf 81' lang='grc' dir='ltr'><strong>τὸν</strong></span> <span class='ocrx_word' id='word_1_589' title='bbox 2362 3815 2589 3887; x_wconf 80' lang='grc' dir='ltr'>Πατέρα</span> <span class='ocrx_word' id='word_1_590' title='bbox 2639 3813 2924 3884; x_wconf 74' lang='grc' dir='ltr'>ἀναφέρει.</span> <span class='ocrx_word' id='word_1_591' title='bbox 2991 3811 3124 3863; x_wconf 84' lang='grc' dir='ltr'>Ὅτε</span> <span class='ocrx_word' id='word_1_592' title='bbox 3178 3810 3278 3880; x_wconf 84' lang='grc' dir='ltr'>μὲν</span> <span class='ocrx_word' id='word_1_593' title='bbox 3321 3810 3437 3882; x_wconf 79' lang='grc' dir='ltr'><strong>γάρ</strong></span> <span class='ocrx_word' id='word_1_594' title='bbox 3472 3813 3630 3864; x_wconf 86' lang='grc' dir='ltr'><strong>κατά</strong></span> <span class='ocrx_word' id='word_1_595' title='bbox 3679 3811 3834 3882; x_wconf 57' lang='grc' dir='ltr'>μόνας</span> 
     </span>
    </p>
   </div>
   <div class='ocr_carea' id='block_1_83' title="bbox 2223 3902 3836 3979">
    <p class='ocr_par' dir='ltr' id='par_1_83' title="bbox 2223 3902 3836 3979">
     <span class='ocr_line' id='line_1_83' title="bbox 2223 3902 3836 3979; baseline -0.005 -17"><span class='ocrx_word' id='word_1_596' title='bbox 2223 3911 2372 3964; x_wconf 86' lang='grc' dir='ltr'>ποιεῖ</span> <span class='ocrx_word' id='word_1_597' title='bbox 2421 3910 2659 3979; x_wconf 81' lang='grc' dir='ltr'>σημεῖα,</span> <span class='ocrx_word' id='word_1_598' title='bbox 2702 3906 2856 3959; x_wconf 77' lang='grc' dir='ltr'>οὐδὲν</span> <span class='ocrx_word' id='word_1_599' title='bbox 2900 3902 3146 3957; x_wconf 89' lang='grc' dir='ltr'>τοιοῦτον</span> <span class='ocrx_word' id='word_1_600' title='bbox 3197 3907 3364 3968; x_wconf 88' lang='grc' dir='ltr'>ποιεῖ,</span> <span class='ocrx_word' id='word_1_601' title='bbox 3423 3905 3623 3958; x_wconf 86' lang='grc' dir='ltr'>καίτοι</span> <span class='ocrx_word' id='word_1_602' title='bbox 3677 3905 3836 3974; x_wconf 74' lang='grc' dir='ltr'>μείζω</span> 
     </span>
    </p>
   </div>
   <div class='ocr_carea' id='block_1_84' title="bbox 2222 3995 3831 4068">
    <p class='ocr_par' dir='ltr' id='par_1_84' title="bbox 2222 3995 3831 4068">
     <span class='ocr_line' id='line_1_84' title="bbox 2222 3995 3831 4068; baseline -0.007 -11"><span class='ocrx_word' id='word_1_603' title='bbox 2222 4002 2396 4057; x_wconf 75' lang='grc' dir='ltr'>τελῶν</span> <span class='ocrx_word' id='word_1_604' title='bbox 2422 4015 2437 4031; x_wconf 83' lang='grc'><strong>⁸</strong></span> <span class='ocrx_word' id='word_1_605' title='bbox 2469 4002 2600 4054; x_wconf 76' lang='grc' dir='ltr'>ὅταν</span> <span class='ocrx_word' id='word_1_606' title='bbox 2633 3999 2690 4052; x_wconf 78' lang='grc' dir='ltr'>δὲ</span> <span class='ocrx_word' id='word_1_607' title='bbox 2727 3996 2962 4052; x_wconf 77' lang='grc' dir='ltr'>ἐνώπιον</span> <span class='ocrx_word' id='word_1_608' title='bbox 2992 3995 3207 4050; x_wconf 83' lang='grc' dir='ltr'>πολλῶν</span> <span class='ocrx_word' id='word_1_609' title='bbox 3241 3997 3695 4068; x_wconf 77' lang='grc' dir='ltr'>θαυματουργῇ,</span> <span class='ocrx_word' id='word_1_610' title='bbox 3723 3998 3831 4048; x_wconf 67' lang='grc' dir='ltr'>τότε</span> 
     </span>
    </p>
   </div>
   <div class='ocr_carea' id='block_1_85' title="bbox 2223 4089 3836 4164">
    <p class='ocr_par' dir='ltr' id='par_1_85' title="bbox 2223 4089 3836 4164">
     <span class='ocr_line' id='line_1_85' title="bbox 2223 4089 3836 4164; baseline -0.006 -16"><span class='ocrx_word' id='word_1_611' title='bbox 2223 4095 2358 4164; x_wconf 78' lang='grc' dir='ltr'>πρὸς</span> <span class='ocrx_word' id='word_1_612' title='bbox 2414 4093 2508 4148; x_wconf 78' lang='grc' dir='ltr'><strong>τὸν</strong></span> <span class='ocrx_word' id='word_1_613' title='bbox 2562 4092 2699 4146; x_wconf 77' lang='grc' dir='ltr'>Θεὸν</span> <span class='ocrx_word' id='word_1_614' title='bbox 2756 4089 3082 4146; x_wconf 76' lang='grc' dir='ltr'>ἀναϐλέπει.</span> <span class='ocrx_word' id='word_1_615' title='bbox 3142 4089 3405 4141; x_wconf 87' lang='grc' dir='ltr'>Δείκνυσι</span> <span class='ocrx_word' id='word_1_616' title='bbox 3466 4089 3554 4154; x_wconf 83' lang='grc' dir='ltr'><strong>δὲ,</strong></span> <span class='ocrx_word' id='word_1_617' title='bbox 3625 4091 3714 4143; x_wconf 78' lang='grc' dir='ltr'>ὅτι</span> <span class='ocrx_word' id='word_1_618' title='bbox 3751 4089 3836 4141; x_wconf 68' lang='grc' dir='ltr'><strong>οὐκ</strong></span> 
     </span>
    </p>
   </div>
   <div class='ocr_carea' id='block_1_86' title="bbox 2221 4181 3836 4258">
    <p class='ocr_par' dir='ltr' id='par_1_86' title="bbox 2221 4181 3836 4258">
     <span class='ocr_line' id='line_1_86' title="bbox 2221 4181 3836 4258; baseline -0.007 -17"><span class='ocrx_word' id='word_1_619' title='bbox 2221 4186 2480 4258; x_wconf 81' lang='grc' dir='ltr'>ἀσθενείᾳ</span> <span class='ocrx_word' id='word_1_620' title='bbox 2513 4183 2674 4239; x_wconf 84' lang='grc' dir='ltr'>τοῦτο</span> <span class='ocrx_word' id='word_1_621' title='bbox 2704 4185 2869 4248; x_wconf 84' lang='grc' dir='ltr'>ποιεῖ,</span> <span class='ocrx_word' id='word_1_622' title='bbox 2914 4182 3052 4236; x_wconf 84' lang='grc' dir='ltr'>ἀλλὰ</span> <span class='ocrx_word' id='word_1_623' title='bbox 3091 4183 3163 4237; x_wconf 83' lang='grc' dir='ltr'>δι’</span> <span class='ocrx_word' id='word_1_624' title='bbox 3190 4181 3550 4249; x_wconf 81' lang='grc' dir='ltr'>οἰκονομίαν,</span> <span class='ocrx_word' id='word_1_625' title='bbox 3594 4184 3670 4255; x_wconf 78' lang='grc' dir='ltr'>ἢν</span> <span class='ocrx_word' id='word_1_626' title='bbox 3697 4183 3836 4235; x_wconf 71' lang='grc' dir='ltr'>εἵπο-</span> 
     </span>
    </p>
   </div>
   <div class='ocr_carea' id='block_1_87' title="bbox 2226 4272 3836 4348">
    <p class='ocr_par' dir='ltr' id='par_1_87' title="bbox 2226 4272 3836 4348">
     <span class='ocr_line' id='line_1_87' title="bbox 2226 4272 3836 4348; baseline -0.004 -16"><span class='ocrx_word' id='word_1_627' title='bbox 2226 4296 2350 4348; x_wconf 88' lang='grc' dir='ltr'>μεν,</span> <span class='ocrx_word' id='word_1_628' title='bbox 2391 4281 2457 4330; x_wconf 79' lang='grc' dir='ltr'>ὲκ</span> <span class='ocrx_word' id='word_1_629' title='bbox 2490 4279 2583 4330; x_wconf 79' lang='grc' dir='ltr'><strong>τοῦ</strong></span> <span class='ocrx_word' id='word_1_630' title='bbox 2618 4275 2688 4330; x_wconf 81' lang='grc' dir='ltr'>τὰ</span> <span class='ocrx_word' id='word_1_631' title='bbox 2725 4275 2952 4346; x_wconf 79' lang='grc' dir='ltr'>μείζονα</span> <span class='ocrx_word' id='word_1_632' title='bbox 2989 4276 3330 4337; x_wconf 86' lang='grc' dir='ltr'>δεσποτικῶς</span> <span class='ocrx_word' id='word_1_633' title='bbox 3358 4276 3458 4328; x_wconf 77' lang='grc' dir='ltr'>καὶ</span> <span class='ocrx_word' id='word_1_634' title='bbox 3489 4272 3836 4333; x_wconf 75' lang='grc' dir='ltr'>αὐθιντικῶς</span> 
     </span>
    </p>
   </div>
   <div class='ocr_carea' id='block_1_88' title="bbox 2223 4367 3833 4439">
    <p class='ocr_par' dir='ltr' id='par_1_88' title="bbox 2223 4367 3833 4439">
     <span class='ocr_line' id='line_1_88' title="bbox 2223 4367 3833 4439; baseline -0.001 -15"><span class='ocrx_word' id='word_1_635' title='bbox 2223 4373 2421 4424; x_wconf 89' lang='grc' dir='ltr'>ποιεῖν.</span> <span class='ocrx_word' id='word_1_636' title='bbox 2448 4370 2685 4439; x_wconf 64' lang='grc' dir='ltr'>Λέγουσι</span> <span class='ocrx_word' id='word_1_637' title='bbox 2708 4369 2766 4424; x_wconf 68' lang='grc' dir='ltr'>δέ</span> <span class='ocrx_word' id='word_1_638' title='bbox 2791 4385 2937 4432; x_wconf 86' lang='grc' dir='ltr'>τινες</span> <span class='ocrx_word' id='word_1_639' title='bbox 2957 4368 3045 4422; x_wconf 81' lang='grc' dir='ltr'><strong>διὰ</strong></span> <span class='ocrx_word' id='word_1_640' title='bbox 3067 4367 3227 4420; x_wconf 80' lang='grc' dir='ltr'>τοῦτο</span> <span class='ocrx_word' id='word_1_641' title='bbox 3254 4367 3425 4421; x_wconf 75' lang='grc' dir='ltr'>αὐτὸν</span> <span class='ocrx_word' id='word_1_642' title='bbox 3454 4368 3833 4438; x_wconf 75' lang='grc' dir='ltr'>εὐχαριστεῖν.</span> 
     </span>
    </p>
   </div>
   <div class='ocr_carea' id='block_1_89' title="bbox 2225 4463 3835 4538">
    <p class='ocr_par' dir='ltr' id='par_1_89' title="bbox 2225 4463 3835 4538">
     <span class='ocr_line' id='line_1_89' title="bbox 2225 4463 3835 4538; baseline -0.004 -18"><span class='ocrx_word' id='word_1_643' title='bbox 2225 4469 2312 4521; x_wconf 77' lang='grc' dir='ltr'><strong>ἵνα</strong></span> <span class='ocrx_word' id='word_1_644' title='bbox 2339 4465 2480 4538; x_wconf 82' lang='grc' dir='ltr'>λάθῃ</span> <span class='ocrx_word' id='word_1_645' title='bbox 2509 4465 2601 4519; x_wconf 78' lang='grc' dir='ltr'><strong>τὸν</strong></span> <span class='ocrx_word' id='word_1_646' title='bbox 2628 4464 2724 4519; x_wconf 86' lang='grc' dir='ltr'><strong>τοῦ</strong></span> <span class='ocrx_word' id='word_1_647' title='bbox 2759 4463 2970 4534; x_wconf 83' lang='grc' dir='ltr'>κόσμου</span> <span class='ocrx_word' id='word_1_648' title='bbox 2999 4465 3242 4534; x_wconf 78' lang='grc' dir='ltr'>ἄρχοντα</span> <span class='ocrx_word' id='word_1_649' title='bbox 3269 4464 3402 4533; x_wconf 75' lang='grc' dir='ltr'>ἄχρι</span> <span class='ocrx_word' id='word_1_650' title='bbox 3441 4463 3548 4516; x_wconf 81' lang='grc' dir='ltr'>καὶ</span> <span class='ocrx_word' id='word_1_651' title='bbox 3592 4463 3698 4517; x_wconf 80' lang='grc' dir='ltr'><strong>τοῦ</strong></span> <span class='ocrx_word' id='word_1_652' title='bbox 3729 4481 3835 4516; x_wconf 73' lang='grc' dir='ltr'>και-ι</span> 
     </span>
    </p>
   </div>
   <div class='ocr_carea' id='block_1_90' title="bbox 532 4554 2111 4638">
    <p class='ocr_par' dir='ltr' id='par_1_90' title="bbox 532 4567 2111 4638">
     <span class='ocr_line' id='line_1_90' title="bbox 532 4567 2111 4638; baseline -0.005 -13"><span class='ocrx_word' id='word_1_653' title='bbox 532 4579 745 4638; x_wconf 90' lang='lat' dir='ltr'><strong>tempus</strong></span> <span class='ocrx_word' id='word_1_654' title='bbox 774 4569 1066 4638; x_wconf 87' lang='lat' dir='ltr'><strong>passionis,</strong></span> <span class='ocrx_word' id='word_1_655' title='bbox 1087 4579 1141 4622; x_wconf 91' lang='lat' dir='ltr'><strong>et</strong></span> <span class='ocrx_word' id='word_1_656' title='bbox 1163 4583 1227 4621; x_wconf 81' lang='lat' dir='ltr'><strong>ex</strong></span> <span class='ocrx_word' id='word_1_657' title='bbox 1269 4569 1370 4621; x_wconf 87' lang='lat' dir='ltr'><strong>hoc</strong></span> <span class='ocrx_word' id='word_1_658' title='bbox 1392 4567 1604 4620; x_wconf 73' lang='lat' dir='ltr'><strong>daemon</strong></span> <span class='ocrx_word' id='word_1_659' title='bbox 1627 4581 1732 4619; x_wconf 89' lang='lat' dir='ltr'><strong>non</strong></span> <span class='ocrx_word' id='word_1_660' title='bbox 1763 4570 2111 4635; x_wconf 87' lang='lat' dir='ltr'><strong>cognosceret</strong></span> 
     </span>
    </p>
   </div>
   <div class='ocr_carea' id='block_1_91' title="bbox 2219 4554 3835 4638">
    <p class='ocr_par' dir='ltr' id='par_1_91' title="bbox 2224 4554 3835 4629">
     <span class='ocr_line' id='line_1_91' title="bbox 2224 4554 3835 4629; baseline -0.004 -19"><span class='ocrx_word' id='word_1_661' title='bbox 2224 4556 2322 4629; x_wconf 88' lang='grc' dir='ltr'><strong>ροῦ</strong></span> <span class='ocrx_word' id='word_1_662' title='bbox 2348 4556 2443 4609; x_wconf 88' lang='grc' dir='ltr'><strong>τοῦ</strong></span> <span class='ocrx_word' id='word_1_663' title='bbox 2479 4555 2709 4622; x_wconf 83' lang='grc' dir='ltr'>πάθους,</span> <span class='ocrx_word' id='word_1_664' title='bbox 2759 4556 2855 4608; x_wconf 74' lang='grc' dir='ltr'><strong>καὶ</strong></span> <span class='ocrx_word' id='word_1_665' title='bbox 2892 4555 2969 4626; x_wconf 82' lang='grc' dir='ltr'>μὴ</span> <span class='ocrx_word' id='word_1_666' title='bbox 3004 4554 3259 4609; x_wconf 65' lang='grc' dir='ltr'>ἐντεῦθεν</span> <span class='ocrx_word' id='word_1_667' title='bbox 3294 4556 3396 4626; x_wconf 70' lang='grc' dir='ltr'><strong>ἤδη</strong></span> <span class='ocrx_word' id='word_1_668' title='bbox 3449 4555 3689 4626; x_wconf 78' lang='grc' dir='ltr'>οίηθείη</span> <span class='ocrx_word' id='word_1_669' title='bbox 3749 4558 3835 4608; x_wconf 64' lang='grc' dir='ltr'><strong>αὑ-</strong></span> 
     </span>
    </p>
   </div>
   <div class='ocr_carea' id='block_1_92' title="bbox 531 4655 2118 4730">
    <p class='ocr_par' dir='ltr' id='par_1_92' title="bbox 531 4655 2118 4730">
     <span class='ocr_line' id='line_1_92' title="bbox 531 4655 2118 4730; baseline -0.004 -15"><span class='ocrx_word' id='word_1_670' title='bbox 531 4661 707 4730; x_wconf 89' lang='lat' dir='ltr'><strong>ipsum</strong></span> <span class='ocrx_word' id='word_1_671' title='bbox 739 4674 858 4715; x_wconf 88' lang='lat' dir='ltr'><strong>esse</strong></span> <span class='ocrx_word' id='word_1_672' title='bbox 882 4660 1072 4723; x_wconf 86' lang='lat' dir='ltr'><strong>Deum,</strong></span> <span class='ocrx_word' id='word_1_673' title='bbox 1119 4661 1214 4713; x_wconf 84' lang='lat' dir='ltr'><strong>sed</strong></span> <span class='ocrx_word' id='word_1_674' title='bbox 1259 4658 1622 4727; x_wconf 85' lang='lat' dir='ltr'><strong>deciperetur,</strong></span> <span class='ocrx_word' id='word_1_675' title='bbox 1669 4665 1721 4710; x_wconf 87' lang='lat' dir='ltr'><strong>et</strong></span> <span class='ocrx_word' id='word_1_676' title='bbox 1763 4655 2118 4719; x_wconf 86' lang='lat' dir='ltr'><strong>inescaretur,</strong></span> 
     </span>
    </p>
   </div>
   <div class='ocr_carea' id='block_1_93' title="bbox 531 4747 2124 4823">
    <p class='ocr_par' dir='ltr' id='par_1_93' title="bbox 531 4747 2124 4823">
     <span class='ocr_line' id='line_1_93' title="bbox 531 4747 2124 4823; baseline -0.004 -16"><span class='ocrx_word' id='word_1_677' title='bbox 531 4764 694 4823; x_wconf 84' lang='lat' dir='ltr'><strong>atque</strong></span> <span class='ocrx_word' id='word_1_678' title='bbox 712 4753 789 4808; x_wconf 90' lang='lat' dir='ltr'><strong>sic</strong></span> <span class='ocrx_word' id='word_1_679' title='bbox 814 4768 908 4820; x_wconf 89' lang='lat' dir='ltr'><strong>per</strong></span> <span class='ocrx_word' id='word_1_680' title='bbox 934 4765 1149 4806; x_wconf 86' lang='lat' dir='ltr'><strong>crucem</strong></span> <span class='ocrx_word' id='word_1_681' title='bbox 1175 4750 1550 4805; x_wconf 81' lang='lat' dir='ltr'><strong>conﬁceretur.</strong></span> <span class='ocrx_word' id='word_1_682' title='bbox 1571 4750 1836 4813; x_wconf 68' lang='lat' dir='ltr'><strong>Caeterum</strong></span> <span class='ocrx_word' id='word_1_683' title='bbox 1856 4747 2124 4818; x_wconf 85' lang='lat' dir='ltr'><strong>permittit</strong></span> 
     </span>
    </p>
   </div>
   <div class='ocr_carea' id='block_1_94' title="bbox 533 4841 2121 4914">
    <p class='ocr_par' dir='ltr' id='par_1_94' title="bbox 533 4841 2121 4914">
     <span class='ocr_line' id='line_1_94' title="bbox 533 4841 2121 4914; baseline -0.007 -12"><span class='ocrx_word' id='word_1_684' title='bbox 533 4847 796 4902; x_wconf 89' lang='lat' dir='ltr'><strong>Dominus</strong></span> <span class='ocrx_word' id='word_1_685' title='bbox 827 4853 884 4899; x_wconf 89' lang='lat' dir='ltr'><strong>ut</strong></span> <span class='ocrx_word' id='word_1_686' title='bbox 925 4843 1202 4914; x_wconf 87' lang='lat' dir='ltr'><strong>supersint</strong></span> <span class='ocrx_word' id='word_1_687' title='bbox 1257 4851 1334 4894; x_wconf 92' lang='lat' dir='ltr'><strong>tot</strong></span> <span class='ocrx_word' id='word_1_688' title='bbox 1387 4841 1709 4910; x_wconf 76' lang='lat' dir='ltr'><strong>fragmenta,</strong></span> <span class='ocrx_word' id='word_1_689' title='bbox 1767 4855 1870 4892; x_wconf 91' lang='lat' dir='ltr'><strong>non</strong></span> <span class='ocrx_word' id='word_1_690' title='bbox 1904 4850 2121 4908; x_wconf 86' lang='lat' dir='ltr'><strong>proptcr</strong></span> 
     </span>
    </p>
   </div>
   <div class='ocr_carea' id='block_1_95' title="bbox 534 4931 2121 5001">
    <p class='ocr_par' dir='ltr' id='par_1_95' title="bbox 534 4931 2121 5001">
     <span class='ocr_line' id='line_1_95' title="bbox 534 4931 2121 5001; baseline -0.006 -9"><span class='ocrx_word' id='word_1_691' title='bbox 534 4937 975 5001; x_wconf 86' lang='lat' dir='ltr'><strong>ostentationem,</strong></span> <span class='ocrx_word' id='word_1_692' title='bbox 1011 4936 1202 4990; x_wconf 87' lang='lat' dir='ltr'><strong>absit:</strong></span> <span class='ocrx_word' id='word_1_693' title='bbox 1253 4936 1346 4989; x_wconf 89' lang='lat' dir='ltr'><strong>sed</strong></span> <span class='ocrx_word' id='word_1_694' title='bbox 1408 4949 1475 4988; x_wconf 90' lang='lat' dir='ltr'><strong>ne</strong></span> <span class='ocrx_word' id='word_1_695' title='bbox 1521 4933 1905 5000; x_wconf 73' lang='lat' dir='ltr'><strong>credatur_per</strong></span> <span class='ocrx_word' id='word_1_696' title='bbox 1949 4931 2121 4998; x_wconf 89' lang='lat' dir='ltr'><strong>phan-</strong></span> 
     </span>
    </p>
   </div>
   <div class='ocr_carea' id='block_1_96' title="bbox 537 5020 2118 5094">
    <p class='ocr_par' dir='ltr' id='par_1_96' title="bbox 537 5020 2118 5094">
     <span class='ocr_line' id='line_1_96' title="bbox 537 5020 2118 5094; baseline -0.003 -14"><span class='ocrx_word' id='word_1_697' title='bbox 537 5035 767 5082; x_wconf 87' lang='lat' dir='ltr'><strong>tasmata</strong></span> <span class='ocrx_word' id='word_1_698' title='bbox 795 5028 1017 5083; x_wconf 84' lang='lat' dir='ltr'><strong>satiatos</strong></span> <span class='ocrx_word' id='word_1_699' title='bbox 1039 5042 1158 5081; x_wconf 88' lang='lat' dir='ltr'><strong>esse</strong></span> <span class='ocrx_word' id='word_1_700' title='bbox 1181 5027 1450 5089; x_wconf 90' lang='lat' dir='ltr'><strong>homines,</strong></span> <span class='ocrx_word' id='word_1_701' title='bbox 1480 5034 1734 5094; x_wconf 85' lang='lat' dir='ltr'><strong>appareat</strong></span> <span class='ocrx_word' id='word_1_702' title='bbox 1757 5034 1933 5077; x_wconf 90' lang='lat' dir='ltr'><strong>autem</strong></span> <span class='ocrx_word' id='word_1_703' title='bbox 1954 5020 2118 5094; x_wconf 63' lang='grc'><strong>584</strong></span> 
     </span>
    </p>
   </div>
   <div class='ocr_carea' id='block_1_97' title="bbox 536 5117 2115 5190">
    <p class='ocr_par' dir='ltr' id='par_1_97' title="bbox 536 5117 2115 5190">
     <span class='ocr_line' id='line_1_97' title="bbox 536 5117 2115 5190; baseline -0.006 -13"><span class='ocrx_word' id='word_1_704' title='bbox 536 5120 789 5177; x_wconf 88' lang='lat' dir='ltr'><strong>omnibus</strong></span> <span class='ocrx_word' id='word_1_705' title='bbox 837 5122 978 5190; x_wconf 86' lang='lat' dir='ltr'><strong>quod</strong></span> <span class='ocrx_word' id='word_1_706' title='bbox 1008 5135 1132 5175; x_wconf 82' lang='lat' dir='ltr'><strong>vere</strong></span> <span class='ocrx_word' id='word_1_707' title='bbox 1160 5120 1338 5176; x_wconf 89' lang='lat' dir='ltr'><strong>satiati</strong></span> <span class='ocrx_word' id='word_1_708' title='bbox 1385 5117 1608 5181; x_wconf 78' lang='lat' dir='ltr'><strong>iuerint,</strong></span> <span class='ocrx_word' id='word_1_709' title='bbox 1674 5118 2115 5185; x_wconf 82' lang='lat' dir='ltr'><strong>quandoquidem</strong></span> 
     </span>
    </p>
   </div>
   <div class='ocr_carea' id='block_1_98' title="bbox 539 5209 2114 5277">
    <p class='ocr_par' dir='ltr' id='par_1_98' title="bbox 539 5209 2114 5277">
     <span class='ocr_line' id='line_1_98' title="bbox 539 5209 2114 5277; baseline -0.003 -12"><span class='ocrx_word' id='word_1_710' title='bbox 539 5220 618 5266; x_wconf 91' lang='lat' dir='ltr'><strong>tot</strong></span> <span class='ocrx_word' id='word_1_711' title='bbox 669 5210 887 5264; x_wconf 87' lang='lat' dir='ltr'><strong>residua</strong></span> <span class='ocrx_word' id='word_1_712' title='bbox 933 5209 1174 5263; x_wconf 79' lang='lat' dir='ltr'><strong>fuerint:</strong></span> <span class='ocrx_word' id='word_1_713' title='bbox 1229 5219 1390 5276; x_wconf 85' lang='lat' dir='ltr'><strong>atque</strong></span> <span class='ocrx_word' id='word_1_714' title='bbox 1437 5216 1656 5277; x_wconf 87' lang='lat' dir='ltr'><strong>propter</strong></span> <span class='ocrx_word' id='word_1_715' title='bbox 1703 5210 1843 5262; x_wconf 89' lang='lat' dir='ltr'><strong>hanc</strong></span> <span class='ocrx_word' id='word_1_716' title='bbox 1897 5223 2114 5262; x_wconf 85' lang='lat' dir='ltr'><strong>causam</strong></span> 
     </span>
    </p>
   </div>
   <div class='ocr_carea' id='block_1_99' title="bbox 537 5297 2120 5368">
    <p class='ocr_par' dir='ltr' id='par_1_99' title="bbox 537 5297 2120 5368">
     <span class='ocr_line' id='line_1_99' title="bbox 537 5297 2120 5368; baseline -0.002 -15"><span class='ocrx_word' id='word_1_717' title='bbox 537 5298 696 5354; x_wconf 67' lang='lat' dir='ltr'><strong>Tussit</strong></span> <span class='ocrx_word' id='word_1_718' title='bbox 723 5300 887 5354; x_wconf 91' lang='lat' dir='ltr'><strong>etiam</strong></span> <span class='ocrx_word' id='word_1_719' title='bbox 924 5297 1231 5368; x_wconf 83' lang='lat' dir='ltr'><strong>fragmenta</strong></span> <span class='ocrx_word' id='word_1_720' title='bbox 1255 5297 1455 5365; x_wconf 89' lang='lat' dir='ltr'><strong>colligi,</strong></span> <span class='ocrx_word' id='word_1_721' title='bbox 1482 5309 1539 5351; x_wconf 90' lang='lat' dir='ltr'><strong>ut</strong></span> <span class='ocrx_word' id='word_1_722' title='bbox 1569 5297 1818 5351; x_wconf 85' lang='lat' dir='ltr'><strong>videntes</strong></span> <span class='ocrx_word' id='word_1_723' title='bbox 1847 5312 1934 5362; x_wconf 85' lang='lat' dir='ltr'><strong>ea,</strong></span> <span class='ocrx_word' id='word_1_724' title='bbox 1953 5299 2120 5350; x_wconf 82' lang='lat' dir='ltr'><strong>mira-</strong></span> 
     </span>
    </p>
   </div>
   <div class='ocr_carea' id='block_1_100' title="bbox 537 5387 2117 5461">
    <p class='ocr_par' dir='ltr' id='par_1_100' title="bbox 537 5387 2117 5461">
     <span class='ocr_line' id='line_1_100' title="bbox 537 5387 2117 5461; baseline -0.003 -15"><span class='ocrx_word' id='word_1_725' title='bbox 537 5391 644 5446; x_wconf 85' lang='lat' dir='ltr'><strong>culi</strong></span> <span class='ocrx_word' id='word_1_726' title='bbox 668 5392 794 5446; x_wconf 82' lang='lat' dir='ltr'><strong>lacti</strong></span> <span class='ocrx_word' id='word_1_727' title='bbox 821 5392 990 5461; x_wconf 89' lang='lat' dir='ltr'><strong>magis</strong></span> <span class='ocrx_word' id='word_1_728' title='bbox 1020 5396 1202 5445; x_wconf 87' lang='lat' dir='ltr'><strong>essent</strong></span> <span class='ocrx_word' id='word_1_729' title='bbox 1229 5403 1518 5442; x_wconf 89' lang='lat' dir='ltr'><strong>memores.</strong></span> <span class='ocrx_word' id='word_1_730' title='bbox 1549 5387 1777 5458; x_wconf 85' lang='lat' dir='ltr'><strong>Oportet</strong></span> <span class='ocrx_word' id='word_1_731' title='bbox 1804 5398 1983 5443; x_wconf 90' lang='lat' dir='ltr'><strong>autem</strong></span> <span class='ocrx_word' id='word_1_732' title='bbox 2011 5405 2117 5442; x_wconf 91' lang='lat' dir='ltr'><strong>non</strong></span> 
     </span>
    </p>
   </div>
   <div class='ocr_carea' id='block_1_101' title="bbox 537 5481 2116 5553">
    <p class='ocr_par' dir='ltr' id='par_1_101' title="bbox 537 5481 2116 5553">
     <span class='ocr_line' id='line_1_101' title="bbox 537 5481 2116 5553; baseline -0.004 -12"><span class='ocrx_word' id='word_1_733' title='bbox 537 5485 710 5541; x_wconf 85' lang='lat' dir='ltr'><strong>solum</strong></span> <span class='ocrx_word' id='word_1_734' title='bbox 744 5483 928 5538; x_wconf 88' lang='lat' dir='ltr'><strong>mirari</strong></span> <span class='ocrx_word' id='word_1_735' title='bbox 947 5483 1089 5553; x_wconf 89' lang='lat' dir='ltr'><strong>quod</strong></span> <span class='ocrx_word' id='word_1_736' title='bbox 1115 5482 1501 5552; x_wconf 77' lang='lat' dir='ltr'><strong>superiuerint,</strong></span> <span class='ocrx_word' id='word_1_737' title='bbox 1531 5487 1621 5537; x_wconf 85' lang='lat' dir='ltr'><strong>sed</strong></span> <span class='ocrx_word' id='word_1_738' title='bbox 1648 5483 1810 5535; x_wconf 90' lang='lat' dir='ltr'><strong>etiam</strong></span> <span class='ocrx_word' id='word_1_739' title='bbox 1836 5481 1979 5551; x_wconf 88' lang='lat' dir='ltr'><strong>quod</strong></span> <span class='ocrx_word' id='word_1_740' title='bbox 2011 5498 2116 5536; x_wconf 86' lang='lat' dir='ltr'><strong>nun</strong></span> 
     </span>
    </p>
   </div>
   <div class='ocr_carea' id='block_1_102' title="bbox 536 5575 2119 5649">
    <p class='ocr_par' dir='ltr' id='par_1_102' title="bbox 536 5575 2119 5649">
     <span class='ocr_line' id='line_1_102' title="bbox 536 5575 2119 5649; baseline 0.001 -20"><span class='ocrx_word' id='word_1_741' title='bbox 536 5575 719 5649; x_wconf 72' lang='lat' dir='ltr'><strong>plures</strong></span> <span class='ocrx_word' id='word_1_742' title='bbox 775 5590 952 5646; x_wconf 89' lang='lat' dir='ltr'><strong>neque</strong></span> <span class='ocrx_word' id='word_1_743' title='bbox 1003 5576 1308 5645; x_wconf 87' lang='lat' dir='ltr'><strong>pauciores,</strong></span> <span class='ocrx_word' id='word_1_744' title='bbox 1355 5589 1520 5642; x_wconf 89' lang='lat' dir='ltr'><strong>quam</strong></span> <span class='ocrx_word' id='word_1_745' title='bbox 1565 5576 1654 5644; x_wconf 90' lang='lat' dir='ltr'><strong>qui</strong></span> <span class='ocrx_word' id='word_1_746' title='bbox 1697 5590 1921 5630; x_wconf 85' lang='lat' dir='ltr'><strong>numero</strong></span> <span class='ocrx_word' id='word_1_747' title='bbox 1960 5590 2119 5644; x_wconf 81' lang='lat' dir='ltr'><strong>pares</strong></span> 
     </span>
    </p>
   </div>
   <div class='ocr_carea' id='block_1_103' title="bbox 2222 4647 3834 4720">
    <p class='ocr_par' dir='ltr' id='par_1_103' title="bbox 2222 4647 3834 4720">
     <span class='ocr_line' id='line_1_103' title="bbox 2222 4647 3834 4720; baseline -0.005 -15"><span class='ocrx_word' id='word_1_748' title='bbox 2222 4653 2317 4705; x_wconf 84' lang='grc' dir='ltr'><strong>τὸν</strong></span> <span class='ocrx_word' id='word_1_749' title='bbox 2343 4652 2499 4714; x_wconf 81' lang='grc' dir='ltr'>Θεὸν,</span> <span class='ocrx_word' id='word_1_750' title='bbox 2539 4648 2658 4704; x_wconf 84' lang='grc' dir='ltr'>ἀλλ’</span> <span class='ocrx_word' id='word_1_751' title='bbox 2711 4649 2997 4720; x_wconf 79' lang='grc' dir='ltr'>ἀπατηθῇ,</span> <span class='ocrx_word' id='word_1_752' title='bbox 3031 4649 3129 4701; x_wconf 79' lang='grc' dir='ltr'>καὶ</span> <span class='ocrx_word' id='word_1_753' title='bbox 3178 4647 3474 4718; x_wconf 55' lang='grc' dir='ltr'>δελεασθῖμ</span> <span class='ocrx_word' id='word_1_754' title='bbox 3541 4652 3652 4702; x_wconf 73' lang='grc' dir='ltr'>καὶ</span> <span class='ocrx_word' id='word_1_755' title='bbox 3706 4648 3834 4701; x_wconf 73' lang='grc' dir='ltr'>οὕτω</span> 
     </span>
    </p>
   </div>
   <div class='ocr_carea' id='block_1_104' title="bbox 2221 4738 3832 4811">
    <p class='ocr_par' dir='ltr' id='par_1_104' title="bbox 2221 4738 3832 4811">
     <span class='ocr_line' id='line_1_104' title="bbox 2221 4738 3832 4811; baseline -0.003 -15"><span class='ocrx_word' id='word_1_756' title='bbox 2221 4742 2309 4796; x_wconf 79' lang='grc' dir='ltr'>διὰ</span> <span class='ocrx_word' id='word_1_757' title='bbox 2339 4741 2433 4795; x_wconf 92' lang='grc' dir='ltr'><strong>τοῦ</strong></span> <span class='ocrx_word' id='word_1_758' title='bbox 2487 4740 2727 4811; x_wconf 90' lang='grc' dir='ltr'>σταυροῦ</span> <span class='ocrx_word' id='word_1_759' title='bbox 2764 4738 3096 4809; x_wconf 76' lang='grc' dir='ltr'>νεκρωθείη.</span> <span class='ocrx_word' id='word_1_760' title='bbox 3132 4740 3423 4809; x_wconf 85' lang='grc' dir='ltr'>Συγχωρεῖ</span> <span class='ocrx_word' id='word_1_761' title='bbox 3453 4739 3513 4794; x_wconf 79' lang='grc' dir='ltr'>δὲ</span> <span class='ocrx_word' id='word_1_762' title='bbox 3552 4744 3586 4794; x_wconf 83' lang='grc' dir='ltr'>ὁ</span> <span class='ocrx_word' id='word_1_763' title='bbox 3640 4740 3832 4810; x_wconf 73' lang='grc' dir='ltr'>Κύριος</span> 
     </span>
    </p>
   </div>
   <div class='ocr_carea' id='block_1_105' title="bbox 2221 4833 3830 4907">
    <p class='ocr_par' dir='ltr' id='par_1_105' title="bbox 2221 4833 3830 4907">
     <span class='ocr_line' id='line_1_105' title="bbox 2221 4833 3830 4907; baseline -0.004 -18"><span class='ocrx_word' id='word_1_764' title='bbox 2221 4834 2586 4907; x_wconf 83' lang='grc' dir='ltr'>περισσεῦσαι</span> <span class='ocrx_word' id='word_1_765' title='bbox 2638 4834 2752 4905; x_wconf 77' lang='lat'><strong>(&#39;25)</strong></span> <span class='ocrx_word' id='word_1_766' title='bbox 2807 4835 2937 4897; x_wconf 86' lang='grc' dir='ltr'><strong>τούς</strong></span> <span class='ocrx_word' id='word_1_767' title='bbox 2981 4834 3206 4903; x_wconf 79' lang='grc' dir='ltr'>ἄρτους,</span> <span class='ocrx_word' id='word_1_768' title='bbox 3269 4833 3330 4886; x_wconf 92' lang='grc' dir='ltr'><strong>οὐ</strong></span> <span class='ocrx_word' id='word_1_769' title='bbox 3409 4833 3480 4886; x_wconf 88' lang='grc' dir='ltr'>δι’</span> <span class='ocrx_word' id='word_1_770' title='bbox 3543 4834 3830 4900; x_wconf 55' lang='grc' dir='ltr'>ἐπίδειξιν</span> 
     </span>
    </p>
   </div>
   <div class='ocr_carea' id='block_1_106' title="bbox 2221 4926 3833 4999">
    <p class='ocr_par' dir='ltr' id='par_1_106' title="bbox 2221 4926 3833 4999">
     <span class='ocr_line' id='line_1_106' title="bbox 2221 4926 3833 4999; baseline -0.001 -19"><span class='ocrx_word' id='word_1_771' title='bbox 2221 4929 2436 4996; x_wconf 76' lang='grc' dir='ltr'>ἄπαγεί</span> <span class='ocrx_word' id='word_1_772' title='bbox 2468 4928 2584 4982; x_wconf 81' lang='grc' dir='ltr'>ἀλλ’</span> <span class='ocrx_word' id='word_1_773' title='bbox 2617 4928 2761 4982; x_wconf 84' lang='grc' dir='ltr'>ὥστε</span> <span class='ocrx_word' id='word_1_774' title='bbox 2802 4926 2880 4999; x_wconf 82' lang='grc' dir='ltr'>μὴ</span> <span class='ocrx_word' id='word_1_775' title='bbox 2926 4927 3206 4998; x_wconf 75' lang='grc' dir='ltr'>φαντασίᾳ</span> <span class='ocrx_word' id='word_1_776' title='bbox 3256 4926 3608 4996; x_wconf 83' lang='grc' dir='ltr'>νομισθῆναι</span> <span class='ocrx_word' id='word_1_777' title='bbox 3645 4929 3710 4981; x_wconf 84' lang='grc' dir='ltr'><strong>τὸ</strong></span> <span class='ocrx_word' id='word_1_778' title='bbox 3757 4945 3833 4980; x_wconf 69' lang='grc' dir='ltr'>κο·</span> 
     </span>
    </p>
   </div>
   <div class='ocr_carea' id='block_1_107' title="bbox 2225 5017 3832 5091">
    <p class='ocr_par' dir='ltr' id='par_1_107' title="bbox 2225 5017 3832 5091">
     <span class='ocr_line' id='line_1_107' title="bbox 2225 5017 3832 5091; baseline -0.002 -21"><span class='ocrx_word' id='word_1_779' title='bbox 2225 5018 2485 5089; x_wconf 79' lang='grc' dir='ltr'>ρεσθήναι</span> <span class='ocrx_word' id='word_1_780' title='bbox 2534 5019 2663 5082; x_wconf 81' lang='grc' dir='ltr'>τοὺς</span> <span class='ocrx_word' id='word_1_781' title='bbox 2692 5017 3046 5091; x_wconf 85' lang='grc' dir='ltr'>ἀνθρώπους,</span> <span class='ocrx_word' id='word_1_782' title='bbox 3085 5017 3223 5071; x_wconf 89' lang='grc' dir='ltr'><strong>ἀλλά</strong></span> <span class='ocrx_word' id='word_1_783' title='bbox 3258 5019 3392 5070; x_wconf 79' lang='grc' dir='ltr'>πᾶσι</span> <span class='ocrx_word' id='word_1_784' title='bbox 3443 5020 3730 5089; x_wconf 79' lang='grc' dir='ltr'>φανῆναι,</span> <span class='ocrx_word' id='word_1_785' title='bbox 3764 5019 3832 5072; x_wconf 82' lang='grc' dir='ltr'><strong>ὅτι</strong></span> 
     </span>
    </p>
   </div>
   <div class='ocr_carea' id='block_1_108' title="bbox 2219 5109 3828 5183">
    <p class='ocr_par' dir='ltr' id='par_1_108' title="bbox 2219 5109 3828 5183">
     <span class='ocr_line' id='line_1_108' title="bbox 2219 5109 3828 5183; baseline -0.002 -19"><span class='ocrx_word' id='word_1_786' title='bbox 2219 5110 2477 5165; x_wconf 85' lang='grc' dir='ltr'>τοσοῦτον</span> <span class='ocrx_word' id='word_1_787' title='bbox 2494 5111 2707 5180; x_wconf 86' lang='grc' dir='ltr'>ἀληθῶς</span> <span class='ocrx_word' id='word_1_788' title='bbox 2726 5111 3120 5183; x_wconf 74' lang='grc' dir='ltr'>ἐκορέσθησαν,</span> <span class='ocrx_word' id='word_1_789' title='bbox 3140 5109 3285 5164; x_wconf 83' lang='grc' dir='ltr'>ὥστε</span> <span class='ocrx_word' id='word_1_790' title='bbox 3302 5110 3399 5163; x_wconf 72' lang='grc' dir='ltr'><strong>καὶ</strong></span> <span class='ocrx_word' id='word_1_791' title='bbox 3416 5112 3828 5181; x_wconf 73' lang='grc' dir='ltr'>ἐπερίσσευσαν</span> 
     </span>
    </p>
   </div>
   <div class='ocr_carea' id='block_1_109' title="bbox 2221 5202 3829 5274">
    <p class='ocr_par' dir='ltr' id='par_1_109' title="bbox 2221 5202 3829 5274">
     <span class='ocr_line' id='line_1_109' title="bbox 2221 5202 3829 5274; baseline -0.002 -17"><span class='ocrx_word' id='word_1_792' title='bbox 2221 5204 2468 5257; x_wconf 85' lang='grc' dir='ltr'>τοσαῦτα</span> <span class='ocrx_word' id='word_1_793' title='bbox 2488 5219 2502 5234; x_wconf 78' lang='grc' dir='ltr'><strong><em>ο</em></strong></span> <span class='ocrx_word' id='word_1_794' title='bbox 2546 5203 2637 5256; x_wconf 83' lang='grc' dir='ltr'>διὰ</span> <span class='ocrx_word' id='word_1_795' title='bbox 2663 5203 2874 5273; x_wconf 88' lang='grc' dir='ltr'>ταύτην</span> <span class='ocrx_word' id='word_1_796' title='bbox 2901 5202 2958 5256; x_wconf 80' lang='grc' dir='ltr'>δὲ</span> <span class='ocrx_word' id='word_1_797' title='bbox 2986 5203 3086 5274; x_wconf 84' lang='grc' dir='ltr'>τὴν</span> <span class='ocrx_word' id='word_1_798' title='bbox 3110 5202 3297 5256; x_wconf 88' lang='grc' dir='ltr'>αίτίαν</span> <span class='ocrx_word' id='word_1_799' title='bbox 3324 5204 3422 5254; x_wconf 82' lang='grc' dir='ltr'>καὶ</span> <span class='ocrx_word' id='word_1_800' title='bbox 3446 5202 3517 5254; x_wconf 89' lang='grc' dir='ltr'><strong>τά</strong></span> <span class='ocrx_word' id='word_1_801' title='bbox 3540 5203 3829 5272; x_wconf 72' lang='grc' dir='ltr'>κλάσματα</span> 
     </span>
    </p>
   </div>
   <div class='ocr_carea' id='block_1_110' title="bbox 2223 5294 3830 5367">
    <p class='ocr_par' dir='ltr' id='par_1_110' title="bbox 2223 5294 3830 5367">
     <span class='ocr_line' id='line_1_110' title="bbox 2223 5294 3830 5367; baseline -0.001 -18"><span class='ocrx_word' id='word_1_802' title='bbox 2223 5296 2441 5351; x_wconf 85' lang='grc' dir='ltr'>κελεύει</span> <span class='ocrx_word' id='word_1_803' title='bbox 2471 5296 2832 5367; x_wconf 83' lang='grc' dir='ltr'>συναχθῆναι,</span> <span class='ocrx_word' id='word_1_804' title='bbox 2865 5295 2952 5349; x_wconf 75' lang='grc' dir='ltr'>ἵνα</span> <span class='ocrx_word' id='word_1_805' title='bbox 2979 5294 3221 5367; x_wconf 85' lang='grc' dir='ltr'>ὁρῶντες</span> <span class='ocrx_word' id='word_1_806' title='bbox 3248 5294 3450 5360; x_wconf 87' lang='grc' dir='ltr'>ταῦτα,</span> <span class='ocrx_word' id='word_1_807' title='bbox 3489 5296 3593 5348; x_wconf 79' lang='grc' dir='ltr'><strong>τοῦ</strong></span> <span class='ocrx_word' id='word_1_808' title='bbox 3620 5301 3830 5365; x_wconf 68' lang='grc' dir='ltr'>γεγονὲο</span> 
     </span>
    </p>
   </div>
   <div class='ocr_carea' id='block_1_111' title="bbox 2221 5387 3826 5461">
    <p class='ocr_par' dir='ltr' id='par_1_111' title="bbox 2221 5387 3826 5461">
     <span class='ocr_line' id='line_1_111' title="bbox 2221 5387 3826 5461; baseline -0.002 -18"><span class='ocrx_word' id='word_1_809' title='bbox 2221 5407 2311 5453; x_wconf 88' lang='grc' dir='ltr'><strong>τος</strong></span> <span class='ocrx_word' id='word_1_810' title='bbox 2343 5391 2880 5460; x_wconf 85' lang='grc' dir='ltr'>ἀναμιμνήσκωνται</span> <span class='ocrx_word' id='word_1_811' title='bbox 2920 5387 3202 5457; x_wconf 82' lang='grc' dir='ltr'>θαύματος</span> <span class='ocrx_word' id='word_1_812' title='bbox 3241 5390 3335 5442; x_wconf 75' lang='grc' dir='ltr'><strong>ἐπὶ</strong></span> <span class='ocrx_word' id='word_1_813' title='bbox 3369 5388 3560 5443; x_wconf 81' lang='grc' dir='ltr'>πλέον.</span> <span class='ocrx_word' id='word_1_814' title='bbox 3614 5388 3736 5461; x_wconf 75' lang='grc' dir='ltr'><strong>Χρὴ</strong></span> <span class='ocrx_word' id='word_1_815' title='bbox 3781 5388 3826 5441; x_wconf 73' lang='grc' dir='ltr'>δὲ</span> 
     </span>
    </p>
   </div>
   <div class='ocr_carea' id='block_1_112' title="bbox 2221 5482 3825 5554">
    <p class='ocr_par' dir='ltr' id='par_1_112' title="bbox 2221 5482 3825 5554">
     <span class='ocr_line' id='line_1_112' title="bbox 2221 5482 3825 5554; baseline -0.004 -18"><span class='ocrx_word' id='word_1_816' title='bbox 2221 5485 2282 5536; x_wconf 86' lang='grc' dir='ltr'><strong>οὐ</strong></span> <span class='ocrx_word' id='word_1_817' title='bbox 2314 5485 2479 5552; x_wconf 89' lang='grc' dir='ltr'>μόνον</span> <span class='ocrx_word' id='word_1_818' title='bbox 2511 5483 2818 5554; x_wconf 80' lang='grc' dir='ltr'>θαυμάσαι,</span> <span class='ocrx_word' id='word_1_819' title='bbox 2849 5483 2932 5536; x_wconf 86' lang='grc' dir='ltr'>ὃτι</span> <span class='ocrx_word' id='word_1_820' title='bbox 2957 5482 3386 5554; x_wconf 68' lang='grc' dir='ltr'>ἐπερίσσευσαν,</span> <span class='ocrx_word' id='word_1_821' title='bbox 3409 5482 3553 5535; x_wconf 77' lang='grc' dir='ltr'>ἀλλὰ</span> <span class='ocrx_word' id='word_1_822' title='bbox 3594 5487 3714 5547; x_wconf 81' lang='grc' dir='ltr'>καὶ,</span> <span class='ocrx_word' id='word_1_823' title='bbox 3745 5483 3825 5552; x_wconf 73' lang='grc' dir='ltr'><strong>τὴν</strong></span> 
     </span>
    </p>
   </div>
   <div class='ocr_carea' id='block_1_113' title="bbox 2222 5574 3821 5647">
    <p class='ocr_par' dir='ltr' id='par_1_113' title="bbox 2222 5574 3821 5647">
     <span class='ocr_line' id='line_1_113' title="bbox 2222 5574 3821 5647; baseline -0.003 -16"><span class='ocrx_word' id='word_1_824' title='bbox 2222 5575 2517 5647; x_wconf 78' lang='grc' dir='ltr'>ἀκρίϐειαν</span> <span class='ocrx_word' id='word_1_825' title='bbox 2543 5577 2640 5628; x_wconf 83' lang='grc' dir='ltr'><strong>τοῦ</strong></span> <span class='ocrx_word' id='word_1_826' title='bbox 2679 5575 3153 5647; x_wconf 85' lang='grc' dir='ltr'>περισσεύματος,</span> <span class='ocrx_word' id='word_1_827' title='bbox 3185 5577 3272 5630; x_wconf 84' lang='grc' dir='ltr'>ὅτι</span> <span class='ocrx_word' id='word_1_828' title='bbox 3301 5574 3426 5629; x_wconf 84' lang='grc' dir='ltr'>οὐτε</span> <span class='ocrx_word' id='word_1_829' title='bbox 3458 5575 3686 5645; x_wconf 85' lang='grc' dir='ltr'>πλεῖον,</span> <span class='ocrx_word' id='word_1_830' title='bbox 3715 5576 3821 5632; x_wconf 79' lang='grc' dir='ltr'>οὐτε</span> 
     </span>
    </p>
   </div>
   <div class='ocr_carea' id='block_1_114' title="bbox 1492 5690 2808 5756">
    <p class='ocr_par' dir='ltr' id='par_1_114' title="bbox 1492 5690 2808 5756">
     <span class='ocr_line' id='line_1_114' title="bbox 1492 5690 2808 5756; baseline 0.001 -5"><span class='ocrx_word' id='word_1_831' title='bbox 1492 5691 1581 5751; x_wconf 83' lang='lat' dir='ltr'><strong>Ex</strong></span> <span class='ocrx_word' id='word_1_832' title='bbox 1620 5690 1963 5753; x_wconf 87' lang='lat' dir='ltr'><strong>collatione</strong></span> <span class='ocrx_word' id='word_1_833' title='bbox 1997 5691 2185 5754; x_wconf 87' lang='lat' dir='ltr'><strong>codd.</strong></span> <span class='ocrx_word' id='word_1_834' title='bbox 2221 5693 2453 5756; x_wconf 79' lang='lat' dir='ltr'><strong>Venet.</strong></span> <span class='ocrx_word' id='word_1_835' title='bbox 2494 5694 2558 5756; x_wconf 90' lang='lat' dir='ltr'><strong>S.</strong></span> <span class='ocrx_word' id='word_1_836' title='bbox 2591 5691 2808 5754; x_wconf 83' lang='lat' dir='ltr'><strong>Marci.</strong></span> 
     </span>
    </p>
   </div>
   <div class='ocr_carea' id='block_1_115' title="bbox 615 5813 3231 5888">
    <p class='ocr_par' dir='ltr' id='par_1_115' title="bbox 615 5813 3231 5888">
     <span class='ocr_line' id='line_1_115' title="bbox 615 5813 3231 5888; baseline -0.007 -15"><span class='ocrx_word' id='word_1_837' title='bbox 615 5820 727 5885; x_wconf 60' lang='grc' dir='ltr'><strong>(Ἡ)</strong></span> <span class='ocrx_word' id='word_1_838' title='bbox 754 5817 888 5872; x_wconf 76' lang='lat' dir='ltr'><strong>Cod.</strong></span> <span class='ocrx_word' id='word_1_839' title='bbox 924 5819 1107 5881; x_wconf 75' lang='grc' dir='ltr'>51,Τὸ</span> <span class='ocrx_word' id='word_1_840' title='bbox 1132 5817 1263 5870; x_wconf 78' lang='grc' dir='ltr'>αὐτό</span> <span class='ocrx_word' id='word_1_841' title='bbox 1294 5819 1411 5888; x_wconf 73' lang='grc' dir='ltr'>ἐστι</span> <span class='ocrx_word' id='word_1_842' title='bbox 1435 5814 1508 5885; x_wconf 81' lang='grc' dir='ltr'>τῷ</span> <span class='ocrx_word' id='word_1_843' title='bbox 1545 5816 1691 5888; x_wconf 59' lang='grc' dir='ltr'>παρᾲ</span> <span class='ocrx_word' id='word_1_844' title='bbox 1717 5814 1792 5884; x_wconf 78' lang='grc' dir='ltr'>τῷ</span> <span class='ocrx_word' id='word_1_845' title='bbox 1823 5816 2117 5888; x_wconf 66' lang='grc' dir='ltr'>Ματθαίῳς</span> <span class='ocrx_word' id='word_1_846' title='bbox 2158 5816 2404 5888; x_wconf 64' lang='grc' dir='ltr'>Λέγομεν</span> <span class='ocrx_word' id='word_1_847' title='bbox 2427 5813 2541 5882; x_wconf 66' lang='grc' dir='ltr'>οὖν,</span> <span class='ocrx_word' id='word_1_848' title='bbox 2572 5819 2651 5872; x_wconf 69' lang='grc' dir='ltr'><strong>ὅτι</strong></span> <span class='ocrx_word' id='word_1_849' title='bbox 2687 5816 2788 5871; x_wconf 64' lang='grc' dir='ltr'><strong>καὶ</strong></span> <span class='ocrx_word' id='word_1_850' title='bbox 2818 5815 3027 5871; x_wconf 67' lang='grc' dir='ltr'><strong>τδαὺτά</strong></span> <span class='ocrx_word' id='word_1_851' title='bbox 3058 5816 3231 5870; x_wconf 61' lang='grc' dir='ltr'><strong>ἐστιν,</strong></span> 
     </span>
    </p>
   </div>
   <div class='ocr_carea' id='block_1_116' title="bbox 615 5886 2104 5960">
    <p class='ocr_par' dir='ltr' id='par_1_116' title="bbox 615 5886 2104 5960">
     <span class='ocr_line' id='line_1_116' title="bbox 615 5886 2104 5960; baseline -0.001 -18"><span class='ocrx_word' id='word_1_852' title='bbox 615 5889 728 5960; x_wconf 61' lang='grc' dir='ltr'><strong>βῦ)</strong></span> <span class='ocrx_word' id='word_1_853' title='bbox 762 5889 906 5944; x_wconf 85' lang='lat' dir='ltr'><strong>idem</strong></span> <span class='ocrx_word' id='word_1_854' title='bbox 938 5891 1079 5956; x_wconf 86' lang='lat' dir='ltr'><strong>cod.,</strong></span> <span class='ocrx_word' id='word_1_855' title='bbox 1123 5887 1487 5957; x_wconf 75' lang='grc' dir='ltr'>Ιιερισσεῦσαι</span> <span class='ocrx_word' id='word_1_856' title='bbox 1517 5886 1753 5940; x_wconf 54' lang='lat' dir='ltr'><strong>saeuiit).</strong></span> <span class='ocrx_word' id='word_1_857' title='bbox 1792 5887 2104 5955; x_wconf 60' lang='grc' dir='ltr'>κλᾲῖμαῖκ.</span> 
     </span>
    </p>
   </div>
  </div>
