3936 6452
92 393 110 454 l
123 389 233 458 289

809 389 1262 454 ENARRATIO
1300 388 1382 451 1N
1431 375 1946 448 EVANGELIUM
1987 373 2337 440 JOANNIS.
2369 402 2436 410 -
2464 377 2631 440 CAP.
2657 373 2759 442 VI.

3294 380 3437 453 1290

82 506 331 567 ἔλαττον,
375 504 492 558 ἀλλ’
527 502 858 574 ἰσαρίθμους
917 505 1029 556 τῶν
1060 503 1332 574 μαθητῶν
1367 501 1494 564 τοὺς
1543 495 1692 566 κοφί-

1816 500 2003 546 essent
2068 489 2357 558 discipulis
2400 489 2622 557 copliiui
2688 488 3072 560 reliquiarum,
3131 501 3192 549 ut
3247 510 3439 556 omnes

82 614 216 661 νους
243 597 352 651 τῶν
377 597 645 666 λειψάνων
668 596 897 664 ἐποίησε
931 597 1295 670 περιττεῦσαι
1324 614 1336 626 ·
1365 595 1454 648 ἵνα
1487 593 1693 654 πάντες

83 692 425 757 βαστάσὼσι,
453 690 548 743 καὶ
575 690 711 762 μηδὲ
738 693 764 744 ό
783 691 991 754 Ἰούδας
1018 691 1250 762 ἄμοιρος
1271 686 1692 756 καταλειφθείη,

79 782 205 835 ἀλλ’
234 784 329 854 ἔχῃ
376 786 474 837 καὶ
527 783 690 837 τοῦτο
719 784 781 842 τὸ
819 771 1037 854 θαῦμα
1065 784 1342 836 δεικτικὸν
1401 781 1496 835 τοῦ
1551 776 1695 832 εἶναι

79 877 219 929 Θεὸν
249 880 338 931 τὸν
371 877 541 930 αὑτοῦ
573 878 920 944 διδάσκαλον,
950 879 1048 931 καὶ
1085 877 1402 948 ὠφεληθείη
1425 877 1537 928 κάκ
1565 873 1692 926 τού·

75 987 203 1036 του,
235 971 336 1024 κᾶν
370 971 457 1026 διὰ
493 972 594 1041 τὴν
628 971 795 1025 αὑτοῦ
834 973 1038 1025 κακίαν
1072 973 1152 1035 είς
1189 971 1522 1042 κατάκρισιν
1555 967 1693 1036 μᾶλ-

75 1067 175 1115 λον
213 1065 374 1117 αὑτοῦ
406 1066 565 1119 τοῦτο
598 1066 792 1134 γέγονε
817 1081 829 1094 ·
863 1067 956 1120 τὸν
987 1066 1097 1137 γὰρ
1128 1065 1371 1119 τοσαῦτα
1404 1061 1694 1135 περιττεύ-

77 1172 235 1223 ματα
271 1160 602 1225 ποιήσαντα,
640 1160 700 1227 ἐξ
731 1154 805 1212 ὧν
838 1160 934 1213 καὶ
957 1160 1120 1219 αὐτὸς
1146 1159 1368 1228 κόφινον
1396 1156 1692 1218 ἐϐάστασε,

71 1246 271 1299 τοῦτον
314 1249 679 1318 προδέδωκεν.
719 1251 794 1303 Οὐ
829 1253 938 1320 γὰρ
981 1251 1047 1321 δὴ
1088 1251 1272 1321 μάτην
1305 1251 1417 1311 τοῖς
1458 1246 1694 1300 ἀποστό-

71 1339 197 1402 λοις
233 1341 540 1409 προσέταξε
586 1342 859 1412 βαστάσαι
919 1345 1049 1406 τοὺς
1085 1344 1372 1414 κοφίνους,
1435 1340 1553 1393 ἀλλ’
1605 1338 1694 1392 ἴνα.

68 1432 167 1483 ἀεὶ
219 1434 758 1506 ἀναμιμνήσκωνται
797 1435 893 1489 τοῦ
925 1436 1234 1506 θαύματος,
1284 1435 1361 1498 ώς
1401 1434 1693 1506 μέλλοντες

66 1523 305 1577 ἔσεσθαι
361 1525 676 1580 διδάσκαλοι
728 1529 828 1604 τῆς
890 1529 1247 1598 οἰκουμένης.
1302 1526 1378 1578 Τδ
1430 1525 1530 1596 μὲν
1580 1524 1693 1593 γάρ

71 1615 313 1686 πλῆθος,
341 1617 504 1672 οὐδὲν
535 1620 679 1688 μέγα
714 1620 944 1690 ἔμελ).ον
980 1618 1425 1691 καρπώσασθαι·
1472 1633 1695 1687 παραυ-

67 1708 212 1760 τίκα
253 1709 362 1780 γὰρ
413 1711 749 1765 ἐπελάθοντο
806 1711 902 1765 τοῦ
957 1711 1261 1783 θαύματος,
1323 1708 1498 1773 οὕτως
1549 1704 1693 1778 ἦσαν

67 1802 336 1873 ἀνόητοιο
387 1805 437 1857 oi
499 1805 556 1857 δὲ
612 1807 880 1877 μαθηταὶ,
932 1807 992 1859 οὐ
1045 1807 1115 1859 τὰ
1167 1805 1407 1876 τυχόντα
1459 1801 1690 1874 ἔμελλον

1809 592 2048 654 gestent,
2101 591 2154 638 et
2186 597 2368 650 neque
2413 580 2584 636 .luilas
2639 583 2756 653 ipse
2806 601 3007 657 expers
3068 589 3438 664 relinquatur,

1806 679 1902 734 sed
1953 677 2165 732 habens
2215 677 2380 730 ctiam
2423 678 2525 731 hoc
2564 678 2895 734 ItiiNCulutn
2959 686 3104 753 quod
3169 697 3443 743 monstret

1806 771 1912 825 sibi
1949 769 2122 825 Deum
2165 784 2290 823 esse
2318 771 2668 840 magistrum,
2717 773 2843 828 inde
2875 775 3170 854 utilitatqu
3215 779 3437 849 capiat:

1807 864 2062 934 quamvis
2112 867 2281 919 etiam
2336 865 2437 919 hoc
2492 876 2717 936 propter
2755 869 3021 924 malitiam
3057 873 3176 943 ejus
3211 873 3264 928 in
3307 890 3444 932 cono

1807 958 2218 1012 demnationem
2259 959 2433 1026 ipsius
2472 961 2738 1027 cesserit;
2770 977 2894 1016 eum
2922 965 3072 1019 enim
3118 967 3212 1036 qui
3260 978 3442 1026 tantas

1812 1050 2079 1120 reliquias
2140 1052 2371 1117 fecerat,
2407 1053 2476 1108 de
2503 1053 2706 1122 quibus
2730 1065 2783 1110 et
2820 1055 2936 1124 ipse
2978 1059 3278 1127 c0p|iiuum
3316 1078 3444 1133 por-

1810 1144 1967 1207 tavit,
1997 1144 2260 1214 prodidit.
2305 1143 2419 1199 Non
2452 1148 2598 1198 enim
2628 1147 2746 1199 siue
2781 1162 2946 1202 causa
2972 1150 3268 1220 imperavit
3304 1171 3442 1226 apu-

1809 1237 1968 1294 stolis
1997 1244 2058 1292 ut
2090 1239 2361 1309 cophinos
2389 1244 2812 1309 gestarent,sed
2836 1252 2894 1298 ut
2917 1259 3140 1315 semper
3166 1264 3444 1306 memores

1806 1343 1994 1388 essent
2038 1334 2317 1401 miraculi,
2370 1345 2561 1406 utpote
2592 1337 2846 1408 magistri
2888 1340 3043 1395 orbis
3070 1339 3268 1397 futuri.
3301 1342 3439 1398 Nam

1808 1427 2106 1484 multitudo
2147 1429 2372 1501 quidem
2419 1445 2530 1486 non
2569 1446 2828 1502 magnam
2889 1435 3186 1491 utilitatem
3254 1454 3443 1508 perce-

1807 1528 1968 1587 plura
2003 1532 2145 1588 erat,
2177 1521 2368 1577 statim
2410 1523 2558 1577 enim
2585 1523 3019 1581 obliviscebatur
3058 1529 3350 1598 miraculi;
3388 1543 3445 1588 at

1808 1612 2059 1684 discipuli
2095 1631 2206 1671 non
2261 1617 2489 1685 vulgare
2522 1617 2738 1673 lucrum
2780 1620 2907 1675 inde
2965 1620 3208 1679 habituri
3257 1638 3442 1683 erant.

1812 1703 2110 1764 Diseamus
2159 1708 2290 1764 item
2342 1724 2408 1765 ex
2450 1709 2556 1765 lioc
2603 1712 2872 1768 miraculo
2933 1729 3002 1768 ue
3058 1716 3443 1786 pusillanimes

1807 1796 1986 1852 simus
2007 1799 2062 1853 iu
2089 1801 2360 1870 angustiis
2386 1811 2439 1856 et
2475 1811 2824 1872 paupertate,
2855 1821 3036 1875 neque
3061 1808 3236 1865 timidi
3267 1810 3441 1867 simus

66 1895 416 1964 κερδαίνειν.
460 1898 828 1968 Μανθάνομεν
887 1899 946 1951 δὲ
992 1897 1102 1951 ἀπὸ
1132 1897 1226 1950 τοῦ
1272 1895 1563 1965 γεγονότος
1616 1893 1692 1965 μὴ

1810 1889 1864 1944 iu
1921 1892 2302 1962 hospitalitate
2368 1905 2422 1949 et
2489 1900 2922 1965 communione;
2981 1902 3076 1956 sed
3149 1904 3444 1962 credamus

68 1990 446 2062 μικροψυχεῖν
480 1993 539 2044 ἐν
568 1995 688 2055 ταῖς
724 1994 1118 2064 στενοχωρὶαις
1144 1993 1244 2063 τῆς
1293 1991 1523 2057 πενίας,’
1554 1989 1693 2062 μηδὲ

62 2083 280 2155 ὃειλιᾷν
315 2087 452 2159 πρὸς
484 2087 802 2156 φιλοξενίαν
868 2089 963 2140 καὶ
1023 2087 1340 2159 μετάδοσιν,
1392 2068 1546 2141 ’ἀλλὰ
1602 2097 1696 2137 πι-

66 2175 314 2244 στεύειν,
359 2179 440 2232 ὂτι
471 2180 577 2234 κᾶν
612 2179 709 2234 ἕνα
736 2179 903 2252 ἄρτον
943 2180 1185 2252 ἔχωμεν,
1213 2178 1479 2249 πληθυνεῖ
1500 2177 1694 2230 τοῦτον

63 2272 94 2322 ὁ
137 2272 206 2324 τὰ
241 2273 481 2328 τοσαῦτα
523 2276 886 2346 περιττεῧσαι
922 2276 1160 2346 ποιήσας
1197 2275 1262 2328 ὲκ
1286 2273 1453 2328 πέντε
1481 2273 1690 2344 ἄρτων.

65 2365 220 2420 Κατ’
259 2366 599 2439 ἀλληγορίαν
631 2369 708 2436 δὲ,
750 2371 840 2422 ὅτε
883 2370 1259 2439 ὲκπεφοίτηκε
1307 2368 1417 2422 τῶν
1460 2367 1695 2438 Ἱεροσο-

62 2459 266 2530 λύμων
293 2463 320 2514 ό
363 2463 595 2532 Κύριος,
629 2464 774 2516 κατὰ
804 2463 865 2516 τὸ
901 2465 961 2516 ἐν
1004 2465 1321 2534 προφήταις
1371 2462 1693 2535 εἰρημένον,

68 2573 90 2604 ι
156 2554 636 2622 Ἐγκαταλέλοιπα
666 2557 759 2609 τὸν
792 2550 945 2610 οἶκόν
978 2574 1102 2628 μου,
1142 2557 1328 2626 ἀφῆκα
1358 2555 1456 2626 τὴν
1488 2556 1692 2627 κληρο-

63 2651 272 2713 ’.ιομίαν
305 2667 434 2718 μτυ,
477 2669 494 2702 ι
543 2653 666 2704 τότε
695 2652 759 2722 δὴ
804 2655 882 2714 εἰς
914 2651 1014 2721 τὴν
1053 2651 1352 2704 Γαλιλαίαν
1384 2650 1495 2704 τῶν
1519 2648 1694 2703 ἐθνῶν

57 2741 336 2809 ἄπεισιν,
407 2746 535 2809 τοὺς
599 2745 850 2808 ἑθνικοὺς
903 2744 1545 2816 προσλαμϐανόμενος’,
1597 2744 1696 2796 καὶ

63 2837 239 2908 ὀχλος
271 2835 424 2903 αὐτῷ
459 2839 632 2902 πολὺς
661 2838 973 2894 ἀκολουθεῖ.
1017 2840 1228 2893 Ἀνεισι
1249 2838 1305 2891 δὲ
1336 2838 1416 2902 είς
1446 2837 1508 2891 τὸ
1543 2837 1692 2908 ὅρος,

57 2933 194 3003 ἦτοι
248 2933 329 2996 εἰς
386 2933 478 2986 τὸν
532 2935 787 3003 σταυρὸν,
857 2933 948 2988 ἵνα
1005 2933 1218 2997 πάντας
1292 2931 1500 3006 ἑλκύσῃ
1533 2931 1694 3002 ⁸πρὸς

58 3025 293 3090 ἑαυτὸν,
336 3025 477 3096 ἢείς
530 3027 621 3079 τὸν
662 3028 912 3095 οὐρανὸν,
985 3029 1066 3088 εἰς
1106 3027 1205 3108 τὴν
1267 3026 1552 3097 θεοπρεπῆ
1585 3043 1695 3096 grt-

64 3119 188 3190 μὴν
241 3121 333 3172 καί
367 3118 552 3185 δόξαν.
622 3120 986 3189 Ἀναληφθεὶς
1031 3119 1141 3190 γὰρ
1176 3111 1256 3179 Et;
1311 3119 1566 3191 οὐρανὸν,
1601 3119 1698 3172 καὶ

54 3211 147 3273 ὡς
189 3210 324 3274 Θεὸς
376 3211 510 3282 παρ’
549 3211 712 3283 ἡμῶν
780 3213 1191 3282 δοξαζόμενος,
1245 3212 1341 3264 καὶ
1399 3211 1472 3282 μὴ
1537 3211 1767 3311 sit).ch

57 3305 392 3376 ἄνθρωπος,
431 3308 511 3370 εἰς
554 3306 682 3376 ὃρος
713 3305 960 3360 ἀνελθεῖν
994 3306 1218 3374 λέγεται
1246 3322 1260 3336 ο
1301 3307 1333 3376 ἡ
1369 3305 1478 3377 γὰρ
1508 3305 1689 3376 ὑψηλὴ

57 3402 206 3472 περὶ
236 3401 402 3454 αὐτοῦ
436 3401 640 3465 ἔννοια,
671 3403 820 3470 ὅρος,
850 3400 1139 3454 Διαδίδωσι
1163 3400 1220 3453 δὲ
1254 3401 1390 3470 ἡμῖν
1419 3401 1533 3462 τοῖς
1567 3401 1692 3462 ταῖς

57 3491 244 3544 πέντε
308 3493 636 3561 αἰσθήσεσιν
725 3493 1197 3557 ύποπεπτωκόσι,
1249 3493 1375 3554 τοὺς
1435 3490 1690 3558 λογικοὺς

55 3587 277 3656 ἄρτους
313 3587 475 3640 πέντε
508 3587 603 3639 καὶ
629 3587 826 3650 αὐτοὺς
855 3585 1040 3649 ὄντας.
1077 3585 1317 3656 Ἐκάστῃ
1354 3585 1464 3656 γὰρ
1491 3584 1690 3654 αἰσθή-

60 3697 156 3732 σει
195 3680 288 3731 τὸν
322 3679 641 3749 πρόσφορον
673 3681 840 3748 ἄρτον
863 3679 1073 3741 δίδωσι,
1119 3678 1242 3749 ἤτοι
1266 3679 1357 3730 τὸν
1387 3678 1548 3746 λόγον
1571 3695 1582 3708 ”
1615 3676 1691 3740 ὼς

55 3775 166 3827 καὶ
194 3772 406 3836 Παῦλος
432 3774 600 3843 λέγει·
638 3793 656 3825 ι
689 3773 843 3826 Θέλω
865 3775 1031 3826 πέντε
1064 3773 1259 3843 λόγους
1289 3776 1346 3826 ἐν
1389 3772 1693 3844 Ἐκκλησία

54 3867 334 3936 λαλῆσαι,
391 3870 518 3931 τοὺς
562 3869 683 3931 ταῖς
729 3866 894 3919 πέντε
928 3867 1131 3938 δηλαδὴ
1161 3867 1487 3937 αἰσθήσεσιν
1516 3868 1694 3936 ἁρμό·

54 3966 272 4028 ζοντας
290 3963 424 4032 πρὸς
443 3962 754 4032 διόρθωσιν.
781 3980 800 4013 ›
831 3962 906 4014 Οὐ
939 3961 1126 4032 μέντοι
1156 3960 1441 4030 δυνάμεθα
1464 3959 1693 4022 τούτους

54 4059 202 4114 τοὺς
246 4057 411 4109 πέντε
458 4059 654 4124 λόγους
689 4057 846 4120 ὅλους
879 4059 1252 4125 καταφαγεῖν,
1295 4055 1436 4109 ἀλλὰ
1465 4057 1560 4109 καὶ
1597 4072 1695 4106 πε-

57 4151 442 4223 ριττεύουσιν.
501 4153 575 4203 Οὐ
626 4151 736 4221 γάρ
769 4169 852 4214 τις
892 4150 1122 4204 δύναται
1171 4151 1334 4221 ἡμῶν
1393 4151 1550 4213 ὅλους
1598 4146 1692 4203 τοῦ

64 4245 396 4314 μυστηρίου
433 4246 559 4306 τοὺς
586 4245 780 4312 λόγους
816 4245 1091 4315 χωρῆσαι,
1126 4244 1267 4299 ἀλλὰ.
1315 4244 1386 4297 τὰ
1417 4244 1550 4314 ἡμῖν
1579 4246 1695 4305 τοῖς

62 4337 440 4404 ὑλικωτέροις
467 4337 735 4405 ἀνέφικτα
770 4337 866 4390 καὶ
905 4337 1133 4409 άὸρωτα
1179 4337 1229 4389 οἱ
1259 4335 1553 4390 ἀπόστολοι
1599 4336 1694 4407 βα-

1802 1985 1947 2054 qiiod
2005 1988 2171 2042 etiam
2228 1990 2272 2042 si
2321 2006 2490 2062 unum
2556 2002 2769 2047 tantum
2849 2010 3045 2064 panem
3114 1996 3438 2068 habeamus,

1801 2077 1952 2133 illum
1997 2079 2470 2151 multiplicaturus
2523 2085 2617 2149 sit,
2668 2087 2758 2156 qui
2786 2100 2852 2140 ex
2905 2089 3153 2160 quinque
3199 2093 3441 2162 panibus

1800 2177 2013 2227 tantum
2045 2190 2338 2245 superesse
2375 2175 2522 2231 fecit.
2583 2176 2691 2233 Per
2739 2179 3058 2250 allegoriam
3093 2192 3282 2242 autem
3329 2187 3440 2246 Do-

1803 2266 1987 2322 mitius
2020 2270 2242 2338 quando
2285 2271 2456 2325 exivit
2502 2268 2910 2344 Hierosolyma,
2951 2279 3256 2334 secundum
3290 2286 3438 2353 quod

1802 2358 1858 2415 in
1906 2363 2194 2432 prophetis
2255 2362 2464 2418 dictum
2516 2377 2603 2420 est
2628 2366 2721 2421 ’τι
2786 2385 2806 2422 ι
2874 2369 3153 2443 Dereliqui
3210 2373 3439 2434 domum

1802 2469 2006 2523 meam,
2049 2457 2245 2528 reliqui
2294 2459 2677 2516 [nereditatem
2727 2471 2907 2519 meam
2939 2479 2953 2520 :
2990 2484 3011 2519 ι
3065 2477 3195 2524 tunc
3217 2473 3439 2529 saeviit

1803 2547 2093 2604 Galilaeam
2151 2553 2399 2620 gentium
2467 2555 2643 2619 vadit,
2690 2557 2929 2628 gent'les
2991 2561 3326 2634 suscipiens,
3384 2579 3442 2623 et

1803 2641 1965 2698 turba
2013 2645 2166 2699 illum
2220 2662 2417 2716 magna
2473 2651 2748 2720 sequitur.
2822 2654 3092 2710 Ascendit
3139 2669 3326 2715 autem
3383 2662 3438 2718 in

1801 2745 2069 2803 montem,
2119 2739 2227 2794 hoc
2272 2750 2359 2796 est
2391 2757 2638 2809 crucem,
2699 2752 2760 2800 ut
2794 2750 2863 2801 ad
2913 2763 2974 2804 se
3006 2751 3187 2822 rapiat
3242 2769 3440 2813 omnes

1804 2829 1887 2883 vel
1919 2830 1972 2884 in
2007 2831 2234 2900 cmlum,
2273 2835 2338 2889 ad
2373 2834 2644 2892 honorem
2691 2846 2747 2894 et
2779 2840 3014 2911 gloriam
3041 2842 3157 2900 Deo
3190 2847 3437 2919 dignam.

1808 2919 1876 2977 Ut
1917 2925 2064 2978 enim
2120 2928 2370 2984 ascendit
2425 2929 2478 2984 in
2519 2930 2694 2987 caelos
2747 2943 2803 2989 et
2851 2935 3150 3004 gloriﬁcari
3213 2945 3440 3014 cwpita

1808 3019 1971 3073 nobis
2002 3030 2060 3073 iit
2101 3019 2269 3086 Deus,
2311 3032 2367 3077 et
2408 3040 2514 3079 non
2544 3035 2601 3079 ut
2639 3027 2820 3084 nudus
2853 3028 3045 3097 homo,
3109 3033 3163 3087 in
3194 3045 3439 3093 montem

1807 3113 2127 3168 ascendisse
2165 3114 2390 3169 dicitur.
2450 3114 2722 3174 Sublimis
2776 3121 2923 3176 enim
2974 3123 3164 3180 deillo
3226 3129 3440 3198 Opinio,

1807 3219 1965 3259 mons
2011 3215 2114 3261 est.
2170 3207 2272 3262 Dat
2328 3221 2513 3265 autent
2569 3213 2750 3280 nobis,
2803 3217 3126 3288 quicunque
3181 3224 3442 3282 sensibus

1805 3295 2038 3365 subjecti
2083 3313 2300 3364 sumus,
2343 3304 2642 3360 rationales
2677 3323 2848 3377 panes
2898 3312 3171 3382 quinque,
3223 3318 3352 3385 quia
3387 3332 3444 3375 et

1803 3389 1906 3457 ipsi
1940 3391 2187 3462 quinque
2218 3403 2348 3449 sunt
2387 3412 2401 3449 :
2441 3398 2742 3469 unicuique
2776 3401 2922 3456 enim
2980 3409 3166 3464 sensui
3229 3427 3437 3472 conve‘

1803 3484 2051 3538 nientem
2104 3500 2301 3554 panem
2337 3487 2452 3555 dat,
2507 3491 2611 3546 llUC
2649 3476 2745 3548 est
2776 3509 3095 3554 sermonem
3134 3519 3148 3557 :
3195 3505 3339 3560 sicut
3383 3520 3443 3563 et.

1805 3577 2008 3635 Paulus
2031 3580 2165 3635 dicit
2196 3581 2275 3636 "z
2308 3601 2327 3635 ι
2368 3583 2501 3638 Volo
2526 3586 2773 3656 quinque
2800 3603 3089 3648 sermones
3115 3595 3169 3649 in
3191 3594 3438 3656 Ecclesia

1804 3673 1954 3744 loqui
1979 3675 2070 3745 qui
2095 3677 2339 3746 quinque
2361 3693 2622 3735 sensuum
2642 3681 2999 3740 aediﬁcatioui
3029 3693 3386 3750 conveniant.
3416 3716 3435 3749 ι

1803 3766 1927 3824 Non
1964 3783 2264 3839 possumus
2311 3781 2496 3828 autem
2546 3776 2793 3848 quinque
2847 3793 3138 3840 sermones
3191 3787 3440 3860 integros

1805 3877 2030 3934 capere,
2063 3866 2159 3920 sed
2212 3880 2279 3921 ex
2317 3867 2396 3920 eis
2430 3869 2716 3925 abundant
2750 3873 3016 3944 reliquiae.
3060 3877 3257 3936 Nullus
3283 3885 3436 3939 enim

1810 3967 1992 4027 petest
2020 3959 2267 4027 integros
2297 3961 2694 4030 mysteriorum
2751 3979 3042 4024 sermones
3080 3986 3307 4042 capere,
3341 3981 3436 4032 sed

1807 4069 1930 4123 quae
1969 4067 2067 4106 nos
2118 4067 2318 4122 capere
2363 4063 2418 4108 et
2449 4058 2742 4114 comedere
2797 4070 2989 4133 utpote
3040 4069 3296 4126 carnales
3331 4089 3437 4126 non

1807 4162 2125 4216 possmnus,
2155 4147 2385 4217 apostoli
2411 4158 2654 4217 gestant,
2687 4155 2843 4222 quasi
2877 4158 2931 4212 in
2969 4159 3215 4233 quinque
3242 4164 3442 4235 cophi-

1809 4241 1916 4309 nis,
1948 4243 2068 4297 suis
2113 4242 2278 4310 justis
2317 4243 2632 4298 animabus,
2662 4244 2897 4318 Copliini
2930 4265 2995 4304 ex
3024 4254 3196 4310 ramis
3226 4258 3439 4326 palma~

1810 4349 1934 4390 rum
1969 4343 2096 4387 sunt
2123 4351 2136 4399 ;
2180 4351 2198 4384 ι
2226 4331 2418 4388 Justus
2451 4345 2634 4390 autem
2654 4349 2711 4392 ut
2737 4339 2918 4408 palma
2947 4341 3242 4404 ﬂorebit”.
3264 4366 3286 4404 ι

57 4437 401 4501 στάζουσιν,
449 4435 666 4506 ὥσπερ,
711 4436 768 4488 ἐν
801 4453 911 4488 τισι
974 4435 1240 4503 κοφίνοις,
1303 4437 1425 4496 ταῖ,
1488 4435 1703 4489 ἐαυτᾷν
1742 4433 1986 4498 δικαίαις
2015 4432 2244 4504 ψυχαῖς.
2289 4433 2354 4486 Οἱ
2419 4433 2532 4504 γὰρ
2573 4434 2813 4505 κόφινοι,
2847 4437 2911 4493 ὲκ
2960 4437 3136 4511 βαῖων
3196 4448 3435 4517 φοινικί-

53 4549 180 4587 νων
207 4550 220 4562 ⁸
261 4553 277 4585 ι
320 4533 539 4597 Δίκαιος
564 4533 642 4598 δὲ,
682 4534 758 4596 ὼς
782 4535 973 4601 ,φοῖνιξ
1001 4532 1249 4600 ἀνθήσει.
1285 4552 1306 4585 ι

149 4653 169 4684 ι
215 4634 282 4686 Ol
319 4633 409 4686 οὖν
429 4633 738 4704 ἄνθρωποι,
780 4633 980 4696 ἰδόντες
1007 4633 1067 4685 τὸ
1109 4635 1344 4703 σημεῖον
1374 4632 1402 4686 ὃ
1437 4632 1692 4706 ἐποίησεν

1884 4628 2053 4684 Vatis.
2100 4628 2189 4691 l4,
2225 4626 2313 4680 l5.
2355 4626 2493 4696 ιξΙΙΙὶ
2525 4641 2657 4697 ergo
2702 4626 2958 4686 homines
3002 4647 3126 4688 cum
3165 4634 3436 4695 vidissent

54 4731 88 4782 ὁ
140 4726 384 4797 Ἰησοῦς,
416 4725 606 4795 ἔλεγον
630 4727 735 4792 ὅτι,
770 4719 938 4792 Οὗτός
979 4727 1127 4778 ἐστιν
1168 4725 1388 4796 ἀληθῶς
1421 4728 1448 4778 ὁ
1476 4728 1693 4797 πΡΟῬίΓ

54 4837 174 4890 της
207 4819 237 4870 ό
287 4820 584 4890 ἐρχόμενος
623 4821 706 4883 εἰς
740 4819 830 4871 τὸν
863 4819 1092 4889 κόσμον.
1143 4819 1354 4889 Ἰησοῦς
1387 4813 1500 4884 οὖν,
1531 4820 1695 4887 γνοὺς

55 4919 152 4969 ὅτι
198 4913 498 4982 μέλλουσιν
546 4912 830 4983 ἔρχεσθαι,
894 4912 993 4965 καὶ
1052 4911 1323 4984 ἁρπάζειν
1371 4911 1557 4975 αὑτὸν,
1606 4912 1696 4965 ῖνα

54 5010 385 5079 ποιήσωσιν
446 5007 612 5061 αὐτὸν
647 5004 899 5076 βασιλέα,
949 5004 1269 5076 ἀνεχώρησε
1312 5004 1478 5057 πάλιν
1523 5005 1604 5067 εἰς
1636 5005 1695 5056 τδ

49 5106 200 5177 ρρος
237 5101 404 5163 αὐτὸς
459 5100 646 5170 μόνος.
692 5119 710 5152 ι
748 5100 893 5170 Ὅρα
954 5097 1052 5170 τὴν
1106 5097 1566 5169 γαστριμαργίαν
1601 5097 1695 5150 τοῦ

53 5196 361 5268 πλήθους·
409 5194 581 5266 μυρία
642 5194 902 5264 θαύματα
963 5194 1301 5265 ποιήσαντος
1355 5192 1449 5245 τοῦ
1493 5192 1694 5261 Ἰησοῦ,

54 5294 167 5346 καὶ
235 5289 692 5358 θαυμασιώτερα,
730 5290 832 5341 οὐκ
890 5287 1239 5357 ὲθαύμαζον’
1285 5288 1379 5340 καὶ
1437 5287 1546 5339 ἰδοὺ
1609 5287 1698 5338 διὰ

63 5386 182 5458 τὴν
228 5383 462 5453 βρῶσιν,
519 5401 535 5434 ι
576 5376 784 5447 Οὗτος,
840 5383 1029 5449 φασὶν,
1068 5383 1215 5434 ἔστιν
1248 5382 1276 5432 ό
1317 5381 1631 5451 προφήτης.
1676 5398 1691 5429 t

56 5480 190 5531 Οὔκ
226 5477 311 5529 ἔτι
345 5476 496 5544 αύτῴ
536 5476 667 5544 περὶ
703 5476 804 5543 τῆς
853 5475 949 5528 τοῦ
1008 5471 1297 5528 Σαϐϐάτου
1326 5475 1699 5544 παραϐάσεως

57 5571 435 5641 ἐγκαλοῦσιν,
468 5572 569 5622 οὐκ
598 5569 676 5620 ἔτι
716 5570 805 5621 τὸν
834 5570 997 5639 νόμον
1035 5570 1350 5622 ὲκδικοῦσιν
1379 5587 1390 5597 ·
1431 5570 1565 5621 ἀλλὰ
1606 5586 1696 5620 το-

57 5669 276 5722 σοῦτον
331 5665 418 5718 διὰ
465 5667 592 5727 τοὺς
639 5665 838 5736 ἄρτους
893 5664 1059 5715 αὑτὸν
1116 5664 1374 5731 τιμῶσιν,
1429 5662 1574 5715 ὥστε
1633 5663 1694 5714 ού

57 5766 244 5836 μόνον
273 5760 564 5830 προφήτην
600 5756 1059 5827 ἀναγορεύουσιν,
1093 5757 1229 5808 ἀλλὰ
1283 5759 1376 5810 καὶ
1413 5756 1696 5824 βασιλείας

141 5953 190 5986 ³⁷
225 5949 438 6004 Jerem.
478 5964 576 6013 ιιι,
610 5946 663 6000 7.
742 5946 786 5977 ³⁸
813 5944 980 6000 lCor.
1015 5960 1128 6007 xtv,
1173 5941 1262 5997 19.

396 6044 676 6106 ΡΑτιιοι..
723 6039 846 6102 Gri.
897 6037 1194 6102 CXXIII.

1802 4725 1947 4796 quod
1990 4723 2153 4778 Jesus
2194 4721 2402 4776 fecerat
2436 4721 2680 4792 signum,
2721 4723 3020 4782 dicebant:
3063 4727 3163 4785 Ilie
3193 4740 3279 4788 est
3307 4749 3436 4790 vere

1808 4817 2076 4890 propheta
2122 4815 2210 4871 ille
2247 4815 2341 4885 qui
2400 4826 2671 4871 venturus
2725 4828 2811 4873 est
2847 4820 2898 4874 in
2951 4805 3241 4880 mundum.
3274 4825 3438 4885 Jesus

1808 4929 1939 4984 ergo
1979 4927 2104 4967 cum
2159 4911 2518 4979 cognovisset
2579 4912 2723 4981 quod
2757 4916 2977 4970 venturi
3010 4927 3218 4986 essent,
3254 4937 3320 4978 ae
3352 4938 3439 4978 ra-

1805 5015 1954 5075 pturi
2020 5004 2199 5074 ipsum
2267 5010 2326 5058 ut
2384 5001 2633 5058 facerent
2689 5003 2867 5073 ipsum
2931 5022 3141 5079 regem,
3200 5016 3439 5071 secessit

1807 5098 2005 5152 iterum
2039 5096 2158 5161 ipse
2207 5095 2257 5149 in
2301 5104 2548 5150 montem
2593 5097 2767 5151 solus.
2812 5117 2830 5148 ι
2871 5099 3007 5155 Vide
3037 5102 3218 5172 gulam
3264 5107 3434 5178 vulgi,

1807 5187 2172 5262 i-umgfecisset
2191 5188 2476 5242 innumera
2502 5190 2791 5257 miracula,
2814 5192 3046 5265 e1585
3069 5197 3434 5266 mirabiliora,

1809 5301 1914 5337 nou
1962 5283 2405 5347 adm7rabanlu-r,
2448 5293 2505 5339 et
2533 5297 2662 5338 ecce
2719 5297 2945 5356 propter
2985 5289 3171 5347 cibum
3223 5295 3433 5361 dicunt,

1815 5394 1832 5425 ι
1866 5374 1962 5429 llic
1989 5385 2073 5428 est
2110 5375 2200 5429 ille
2227 5375 2515 5443 propheta.
2558 5394 2576 5426 ›
2612 5375 2729 5430 Non
2769 5378 3002 5447 amplius
3038 5396 3163 5437 eum
3192 5385 3258 5440 de
3296 5385 3440 5443 Sab-

1811 5471 1923 5525 bati
1966 5469 2258 5524 violatione
2288 5480 2549 5535 arguunt,
2595 5485 2701 5523 non
2735 5470 2875 5526 ultra
2913 5474 3087 5545 legem
3127 5478 3436 5546 vindicant,

1813 5565 1906 5618 sed
1942 5564 2077 5619 adeo
2116 5564 2265 5616 illiilli
2305 5574 2528 5632 propter
2553 5579 2722 5633 panes
2753 5567 2960 5631 colunt,
2993 5580 3051 5623 ut
3088 5580 3143 5625 et
3176 5588 3301 5628 eum
3328 5591 3434 5632 nou

1813 5661 1988 5714 solum
2034 5660 2357 5730 proiilietam
2401 5659 2720 5727 praedicent,
2765 5662 2858 5716 sed
2911 5671 2967 5718 et
2999 5663 3221 5735 dignum
3271 5685 3438 5739 regno

1814 5765 2099 5809 Ci'nscattt.
2134 5752 2204 5808 At
2237 5753 2324 5808 ille
2354 5750 2512 5823 fugit,
2543 5755 2802 5811 erudiens
2830 5771 2933 5812 nos
2969 5759 3277 5818 mundanas
3307 5779 3445 5819 con-

1343 5943 1387 5974 ”
1418 5941 1563 5998 Psiil.
1604 5956 1716 6004 etii,
1754 5939 1841 5995 l3.

2997 6031 3068 6092 41
