3936 6412
570 367 700 434 1291

1500 332 2093 422 THEOPHYLACTI
2137 347 2556 414 BULGARIE
2595 345 2955 409 ARCHIEP.

3735 328 3834 393 129‘.

565 491 811 535 temnere
841 475 1155 550 dignitates.
1182 490 1214 538 ,ι
1257 471 1479 528 Sceedit
1506 480 1687 527 autem
1708 449 1772 523 in
1790 476 2033 522 montem
2057 465 2170 535 ipse

2278 462 2433 528 ἄξιον
2470 459 2701 514 οἴονται.
2745 455 2888 510 Ἀλλ’
2915 453 3128 515 ἐκεῖνος
3159 449 3391 520 φεύγει,
3431 442 3702 499 παιδεύων
3734 443 3838 512 ἡμὰς

565 572 738 638 solus,
775 589 795 624 ι
828 569 974 626 nullo
1006 565 1397 637 discipulorum
1447 571 1749 634 assumpto,
1790 575 1899 633 quo
1949 558 2163 614 illorum

565 664 823 738 probaret
859 659 1220 727 desiderium,
1260 661 1390 715 num
1449 655 1657 713 ferrent
1710 654 1792 711 sui
1833 651 2162 708 absentiam.

780 760 803 794 ﬂ

633 935 801 991 Vens.
837 933 1030 993 16-21.
1072 953 1090 987 ι
1135 931 1206 988 At
1236 931 1326 989 ubi
1373 931 1484 1000 jam
1563 943 1792 999 vespera
1840 935 2005 991 esset,
2069 924 2166 978 de-

564 1030 898 1087 scenderunt
955 1026 1213 1100 discipuli
1262 1024 1382 1096 ejus
1434 1023 1502 1078 ad
1553 1035 1737 1088 mare,
1769 1031 1825 1076 et
1869 1032 2163 1073 conscensa

563 1125 722 1189 navi,
758 1129 1029 1176 venerunt
1079 1115 1311 1187 traiecto
1351 1115 1490 1172 mari
1527 1115 1594 1168 ad
1642 1111 1901 1183 oppidum
1955 1106 2163 1178 Caper-

563 1232 751 1270 naum.
798 1213 1030 1282 Jamque
1068 1211 1307 1267 tenebrae
1341 1214 1533 1272 erant,
1566 1219 1668 1260 nec
1702 1209 1929 1258 venerat
1967 1201 2033 1255 ad
2069 1213 2165 1255 eos

559 1303 744 1360 Jesus.
780 1305 926 1357 Mare
960 1315 1140 1357 autem
1183 1309 1349 1355 vento
1395 1313 1595 1369 magno
1636 1295 1803 1351 ﬂante
1834 1295 2167 1350 intumesce—

564 1399 677 1470 bat.
734 1396 870 1450 Cum
931 1394 1291 1464 remig'assent
1338 1407 1467 1462 ergo
1515 1389 1691 1446 ferme
1741 1389 1914 1444 stadia
1971 1386 2163 1457 viginti

564 1491 806 1559 quinque
855 1497 950 1542 aut
1004 1487 1259 1557 triginta,
1319 1485 1504 1542 vident
1553 1482 1738 1539 Jesum
1789 1480 2164 1537 ambulantem

563 1596 728 1650 super
773 1593 925 1634 mare
975 1588 1030 1634 et
1074 1579 1606 1650 apprOpiuquantem
1641 1575 1808 1640 navi,
1846 1589 1908 1629 ac
1965 1575 2165 1627 timue-

563 1690 713 1728 runt.
759 1673 851 1726 ille
879 1682 1056 1726 autem
1092 1671 1224 1725 dicit
1254 1673 1369 1724 eis:
1407 1669 1518 1739 Ego
1552 1684 1696 1733 sum,
1734 1667 1905 1723 nolite
1949 1666 2162 1720 timere.

569 1765 872 1822 Voluerunt
922 1781 1052 1836 ergo
1107 1764 1352 1834 recipere
1386 1778 1511 1817 eum
1562 1765 1616 1816 in
1665 1763 1870 1822 navim,
1913 1770 1968 1813 et
2020 1758 2163 1813 illico

565 1861 718 1914 navis
759 1829 1042 1930 appulerat
1085 1829 1247 1911 terrae
1279 1856 1346 1908 ad
1391 1870 1553 1925 quam
1602 1855 1775 1908 ibant.
1831 1871 1848 1903 ι
1895 1850 2163 1905 Dominus
2195 1829 2239 1885 Β

567 1947 785 2018 quidem
823 1945 1140 2002 ascenditin
1165 1953 1401 2000 montem
1423 1944 1591 2008 solus,
1612 1955 1691 2010 ut,
1723 1944 1864 2000 sicut
1893 1943 2157 2008 diximus,

565 2042 757 2108 probet
787 2038 1121 2095 desiderium
1161 2037 1553 2108 discipulorum
1594 2051 1662 2090 an
1700 2034 1981 2105 inquirant
2013 2049 2160 2089 eum.

562 2135 636 2188 At
686 2133 760 2186 illi
801 2131 1197 2200 exspectabant
1230 2144 1406 2201 usque
1453 2129 1521 2183 ad
1565 2144 1848 2199 vesperam
1880 2136 2164 2197 sperantes

564 2237 853 2281 venturum
891 2225 1071 2295 ipsum
1129 2240 1143 2276 ε
1183 2233 1234 2277 et
1270 2236 1394 2276 cum
1436 2236 1544 2276 non
1582 2221 1831 2284 veniret,
1879 2235 1984 2274 non
2030 2219 2166 2274 tole-

566 2320 788 2384 rahant,
824 2318 918 2372 sed
959 2315 1235 2371 desiderio
1268 2314 1546 2385 quaerendi
1591 2313 1745 2368 illum
1788 2311 2005 2368 accensi
2038 2326 2169 2365 eon-

565 2411 837 2469 scendunt
868 2410 921 2464 in
953 2409 1157 2487 navim.
1183 2406 1303 2464 Non
1333 2409 1478 2464 enim
1507 2416 1712 2462 temere
1743 2417 1798 2461 et
1830 2405 1972 2460 forte
1994 2420 2167 2460 evan-

564 2506 755 2576 gelista
789 2513 1006 2573 tempus
1043 2499 1453 2567 manifestavit,
1483 2500 1575 2555 sed
1608 2513 1704 2570 per
1747 2499 1848 2554 hoc
1874 2503 2166 2552 vehemen-

569 2608 677 2650 tem
739 2593 954 2648 illorum
1019 2594 1347 2648 eharitatem
1403 2590 1740 2656 declaravit,
1789 2589 1937 2661 quod
1993 2603 2168 2658 neque

569 2702 798 2757 vespera
829 2701 924 2742 eos
958 2686 1271 2746 retinuerit.
1312 2683 1566 2740 Permisit
1597 2693 1782 2738 autem
1834 2698 1928 2738 eos
1960 2691 2171 2752 tempe-

570 2789 715 2836 state
763 2779 1101 2849 periclitari,
1148 2789 1210 2834 ut
1252 2777 1395 2833 facta
1441 2786 1565 2848 post
1604 2785 1982 2846 tempestatem
2023 2785 2174 2829 tran-

570 2870 863 2940 quillitate,
890 2869 1160 2926 miraculo
1199 2870 1372 2940 magis
1403 2867 1740 2934 laetarentur,
1775 2879 1831 2923 et
1866 2867 2174 2922 indelebilis

572 2960 838 3016 memoria
879 2959 982 3026 sui,
1015 2958 1227 3014 illorum
1279 2956 1592 3028 pectoribus
1628 2955 1905 3012 insideret.
1945 2953 2174 3010 Assistit

573 3059 752 3106 autem
778 3050 886 3106 illis
902 3065 1023 3104 cum
1048 3057 1340 3119 tempestas
1361 3057 1530 3115 esset,
1575 3057 1630 3102 et
1645 3061 1899 3103 sermone
1918 3046 2171 3102 timorem

573 3141 800 3213 ejiciens
834 3150 889 3196 et
914 3139 1368 3212 tranquillitatem
1397 3139 1452 3193 in
1479 3137 1618 3193 mari
1643 3139 1869 3202 iaciens,
1896 3137 2168 3208 duplicem

577 3233 1234 3307 serenitatemoperatur,
1259 3230 1503 3286 sedando
1535 3239 1642 3284 tam
1679 3229 1985 3285 animarum
2007 3245 2170 3300 quam

577 3325 744 3381 maris
790 3325 1178 3381 turbationem.
1211 3324 1391 3380 Porro
1442 3325 1496 3377 in
1551 3337 1746 3378 navem
1782 3337 1892 3378 non
1929 3324 2177 3378 ascendit

580 3419 902 3474 miraculum
938 3417 1112 3487 majus
1142 3415 1324 3473 facere
1356 3418 1564 3472 volens.
1601 3415 1734 3472 Vide
1761 3417 1906 3471 enim
1940 3417 2041 3471 tria
2073 3417 2178 3471 mi-

575 3510 760 3566 racula
795 3529 810 3566 :
843 3525 1035 3578 unum,
1063 3509 1210 3580 quod
1249 3510 1543 3565 ambularit
1574 3523 1739 3580 super
1768 3522 1952 3576 mare;
1979 3525 2178 3565 secun-

577 3605 741 3669 dum,
789 3604 932 3672 quod
989 3602 1396 3674 compescuerit
1449 3601 1683 3668 ﬂuctus;
1733 3604 1992 3669 tertium,
2030 3603 2175 3673 quod

578 3695 762 3750 statim
798 3709 992 3748 navem
1033 3692 1224 3749 fecerit
1262 3708 1384 3748 esse
1422 3694 1474 3748 in
1511 3703 1658 3748 terra
1702 3694 1754 3748 in
1791 3709 1955 3763 quam
1988 3695 2176 3759 ibant,

577 3787 829 3857 quamvis
875 3786 1105 3840 multum
1143 3786 1362 3842 abesset
1388 3802 1418 3839 a
1461 3795 1608 3841 terra
1645 3800 1769 3841 cum
1801 3786 2086 3842 assisteret
2127 3788 2176 3842 ei

581 3877 860 3934 Dominus.
916 3879 1089 3948 Igitur
1126 3879 1470 3933 tra'nsierunt
1539 3878 1756 3947 quidem
1805 3877 1976 3934 Judaei
2027 3893 2177 3932 mare

581 3970 846 4036 Rubrum,
904 3972 1038 4024 duce
1067 3968 1218 4024 Mose
1241 3967 1312 4036 “;
1373 3984 1563 4024 verum
1590 3968 1679 4024 ille
1697 3979 1759 4024 ut
1782 3983 1972 4024 servus
1993 3969 2178 4024 omnia

580 4061 814 4116 iaciebat
845 4070 898 4114 et
931 4061 1285 4130 precabatur;
1331 4068 1387 4114 at
1421 4060 1510 4114 hic
1542 4061 1690 4115 omni
1723 4075 1848 4114 cum
1883 4070 2174 4129 potestate.

582 4151 648 4205 Et
681 4151 786 4205 illic
810 4148 973 4208 llante
997 4158 1186 4204 austro
1215 4150 1442 4204 cedebat
1475 4163 1637 4219 aqua,
1670 4160 1730 4204 ut
1757 4152 1912 4220 quasi
1941 4151 1996 4205 in
2026 4152 2177 4207 arida

581 4246 739 4301 daret
768 4245 1091 4309 transitum;
1139 4245 1243 4298 hoc
1281 4254 1460 4299 autem
1495 4244 1614 4299 loco
1647 4243 1822 4313 majus
1855 4245 2178 4300 miraculum

582 4340 660 4392 tit.
701 4337 924 4391 Mauens
955 4336 1098 4390 enim
1133 4339 1187 4391 iu
1220 4352 1319 4392 sua
1357 4345 1551 4391 natura
1583 4352 1761 4402 mare,
1799 4337 1855 4392 iu
1891 4338 2181 4408 superlieie

577 4446 676 4486 sua
705 4429 916 4485 ferebat
942 4429 1250 4496 Dominum,
1275 4441 1333 4484 ut
1359 4429 1678 4500 impleretur
1697 4432 2075 4502 propheticum
2095 4433 2140 4464 “
2163 4451 2176 4489 :

2269 556 2382 610 τῶν
2434 552 2722 625 κοσμικῶν
2754 547 3128 619 καταφρονεῖν
3165 542 3549 614 ἀξιωμάτων.
3590 537 3840 606 ’Δναχωρεῖ

2270 647 2327 701 δὲ
2363 649 2443 711 εἰς
2492 646 2554 698 τὸ
2583 645 2712 716 ὅρος
2751 643 2917 704 αὐτὸς
2962 638 3148 710 μόνος,
3199 635 3422 707 μηδένα
3475 629 3591 686 τῶν
3641 629 3840 701 μαθητῶν

2271 737 2608 810 παραλαϐών
2635 754 2647 768 ·
2681 736 2756 799 ὡς
2791 734 2858 788 ἆν
2895 732 3080 785 αὐτῶν
3119 730 3212 784 τὸν
3245 726 3429 781 πόθον
3462 723 3754 794 δοκιμάσῃ,
3779 723 3842 773 xz".

2271 834 2319 886 εί
2351 834 2427 903 μὴ
2461 826 2835 903 φέρουσι-τὴν
2865 823 3035 881 αὑτοῦ
3064 823 3357 893 στέρησιν.

2347 945 2367 979 ι
2420 925 2510 989 Ὧς
2560 925 2616 978 δὲ
2675 923 2805 993 ὀψία
2856 920 3110 990 ἐγένετο,
3159 915 3500 986 κατέδησαν
3550 913 3600 965 οἱ
3645 909 3842 981 μαθητιί

2268 1018 2433 1072 αὐτοῦ
2460 1018 2540 1080 εἰς
2571 1017 2670 1086 τὴν
2697 1015 3000 1069 θάλασσαν.
3032 1010 3144 1065 Καὶ
3167 1009 3460 1080 ἐμϐάντες
3497 1006 3584 1068 είς
3605 1003 3665 1058 τδ
3688 1005 3844 1063 πλοῖον,

2269 1115 2500 1186 ἤρχοντο
2535 1112 2709 1182 πέραν
2740 1110 2840 1180 τῆς
2887 1107 3168 1176 θαλάσσης
3207 1106 3289 1168 εἰς
3327 1099 3739 1172 Καπερναούμ.
3771 1098 3847 1149 Καὶ

2271 1207 2464 1260 σκοτία
2495 1205 2597 1276 ἢδη
2644 1203 2923 1272 ἐγεγόνει,
2958 1199 3055 1254 καὶ
3081 1200 3182 1252 οὐκ
3214 1195 3488 1266 ἐληλύθει
3522 1192 3664 1264 πρὸς
3698 1193 3848 1250 abte};

2267 1303 2296 1354 ό
2344 1298 2582 1371 Ἰησοῦς.
2621 1298 2696 1350 Ἦ
2746 1313 2806 1348 τε
2837 1295 3089 1349 θάλασσα
3126 1291 3339 1361 ἀνέμου
3388 1288 3659 1350 πνέοντος
3688 1285 3850 1355 διητεε-

2271 1409 2416 1464 ρετο.
2478 1391 2839 1461 Ἐληλακότες
2879 1387 2973 1441 οῦν
3015 1385 3091 1450 ὡς
3144 1384 3412 1447 σταδίους
3470 1377 3850 1442 εἰκοσιπέντεῆ

2267 1486 2599 1556 τριάκοντα,
2645 1480 2917 1553 θεωροῦσι
2952 1478 3045 1533 τδν
3103 1476 3317 1547 Ἰησοῦν
3353 1472 3767 1547 περιπατοῦντα
3790 1469 3853 1521 ini.

2267 1578 2369 1648 τῆς
2400 1576 2682 1646 θαλάσσης
2705 1615 2720 1639 ,
2755 1575 2852 1628 καὶ
2885 1573 3056 1642 ἐγγὺς
3079 1571 3173 1625 τοῦ
3204 1568 3405 1623 πλοίου
3449 1566 3769 1637 γενόμενον·
3792 1564 3854 1614 καὶ

2267 1669 2644 1740 ἐφοϐήθησαν.
2687 1667 2758 1720 "0
2792 1667 2850 1720 δὲ
2896 1666 3048 1734 λέγει
3088 1665 3274 1728 αὐτοῖς
3299 1677 3314 1691 ·
3391 1658 3553 1728 Ἑγώ
3612 1659 3760 1727 ειμι,
3804 1655 3853 1723 μὴ

2269 1764 2551 1833 φοϐεῖσθε.
2606 1759 2842 1814 Ἤθελον
2871 1755 2968 1814 οὖν
2997 1757 3186 1812 λαϐεῖν
3229 1755 3404 1811 αὑτὸν
3445 1755 3533 1818 είς
3576 1753 3640 1805 τὺ
3679 1751 3852 1810 πλοῖον,

2268 1857 2366 1910 καὶ
2392 1856 2596 1918 εὐθέως
2625 1853 2689 1908 τὸ
2717 1852 2903 1905 πλοῖον
2935 1851 3153 1921 ἐγένετο
3174 1851 3266 1903 ἐπὶ
3289 1849 3400 1918 τῆς
3431 1847 3544 1917 γῆς
3571 1846 3653 1908 είς
3673 1846 3735 1915 ἢν

2268 1969 2389 2023 γον.
2424 1972 2442 2006 ι
2500 1953 2558 2008 '0
2596 1952 2696 2024 μὲν
2728 1952 2934 2024 Κύριος
2963 1950 3173 2005 ἄνεισιν
3197 1949 3277 2009 εἰς
3301 1945 3371 2000 τὸ
3413 1945 3552 2016 ὅρος
3581 1942 3754 2015 μόνος,
3783 1941 3854 1997 lvi.

2269 2048 2458 2111 καθὼς
2497 2047 2769 2118 εἴπωμεν,
2800 2042 3076 2116 δοκιμάσῃ
3111 2042 3204 2094 τὸν
3234 2040 3410 2095 πόθον
3455 2038 3576 2094 τῶν
3611 2035 3856 2108 μαθητῶν.

2270 2143 2318 2195 εἰ
2351 2139 2708 2212 ἐπιζητοῦσιν
2745 2138 2931 2192 αὐτόν.
2970 2138 3034 2192 Ol
3076 2136 3156 2198 δὲ,
3193 2132 3579 2204 περιμένουσι
3613 2130 3712 2200 μὲν
3739 2128 3858 2182 αὑτὸν

2269 2233 2432 2305 ἄχρις
2471 2233 2632 2305 ὀψίας
2654 2274 2669 2297 ,
2705 2230 3123 2302 προσδοκῶντες
3151 2226 3307 2298 ἥξειν
3333 2225 3518 2280 αὐτόν
3543 2240 3559 2254 ·
3603 2221 3679 2293 μὴ
3704 2221 3855 2274 ἐλθόν-

2270 2340 2362 2385 τςς
2400 2325 2456 2378 δὲ
2479 2365 2491 2388 ,
2520 2325 2620 2377 οὐκ
2654 2323 2940 2393 ἁνέχινται
2974 2361 2989 2384 ,
3019 2319 3155 2373 ἀλλὰ
3187 2316 3326 2387 πρὸς
3355 2317 3607 2387 ζήτησιν
3636 2312 3785 2370 αὐτοῦ
3806 2311 3858 2380 τῷ

2271 2416 2425 2486 πόθῳ
2476 2414 2875 2484 κεντούμενοι,
2937 2410 3296 2482 ἐμϐαίνουσιν
3339 2410 3432 2472 είς
3478 2409 3545 2462 τὸ
3585 2407 3774 2460 πλοῖον.
3807 2405 3856 2457 Oi;

2271 2510 2382 2581 γάρ
2416 2509 2626 2576 ἁπλῶς,
2663 2509 2759 2562 καὶ
2788 2508 2864 2570 ὡς
2913 2506 3128 2576 ἔτυχεν,
3158 2505 3186 2558 ὁ
3210 2502 3631 2573 εύαγγελιστὴς
3661 2501 3744 2553 τὸν
3773 2517 3858 2552 και-

2277 2604 2366 2674 ρὸν
2401 2603 2696 2674 ἐδήλωσεν,
2729 2600 2868 2654 ἀλλὰ
2896 2599 2985 2653 διὰ
3026 2598 3220 2650 τούτου
3248 2595 3351 2666 τὴν
3387 2594 3645 2665 σφοδράν
3685 2593 3858 2659 ἀγάπην

2273 2697 2458 2752 αὐτῶν
2483 2695 2801 2766 ἐμφαίνων,
2834 2694 2917 2746 ὅτι
2947 2692 3071 2746 οὐδὲ
3112 2689 3328 2760 ἑσπέρα
3364 2689 3582 2753 αὐτοὺς
3617 2686 3856 2753 κατέσχεν.

2288 2785 2508 2855 Ἀφίησι
2557 2786 2613 2838 δὲ
2647 2785 2848 2848 αὐτοὺς
2880 2783 3289 2854 χειμασθῆναι,
3329 2781 3426 2834 ἵνα
3462 2782 3535 2834 ὲκ
3572 2778 3671 2832 τοῦ
3701 2776 3857 2830 χλῇδπω.

2275 2895 2368 2940 νος
2423 2877 2670 2947 γαλήνης
2729 2874 3172 2944 ἐπιγενομένης,
3227 2871 3310 2942 τῷ
3365 2870 3638 2939 γεγονότι
3707 2866 3856 2939 μᾶλλον

2276 2969 2745 3042 ὲπευερρανθῶσι,
2797 2968 2894 3022 καὶ
2947 2965 3317 3034 άνεπζληστος
3359 2965 3396 3034 ἡ
3466 2965 3668 3033 μνήμη
3715 2961 3858 3012 τοῦτον

2276 3066 2398 3128 ταῖς
2437 3063 2619 3117 αὐτῶν
2665 3057 2917 3133 καρδίαις
2949 3059 3296 3130 ὲνσημανθῇ.
3345 3058 3689 3127 Ἑφίτταται
3790 3054 3856 3108 αὖ·

2277 3161 2394 3221 τοῖς
2421 3157 2848 3228 χειμαζομένοις
2870 3197 2885 3223 ,
2919 3153 3015 3209 καὶ
3047 3153 3136 3207 διὰ
3166 3152 3259 3206 τοῦ
3290 3152 3469 3221 λόγου
3506 3151 3604 3205 τόν
3645 3167 3702 3203 τε
3739 3148 3857 3218 φξῶι

2281 3248 2573 3315 ἐκϐάλλει,
2627 3247 2724 3301 καὶ
2762 3248 2880 3316 ἅμα
2935 3245 3179 3315 γαλήνην
3219 3245 3289 3314 τῇ
3327 3238 3598 3316 Θαλάσσῃ
3648 3241 3855 3310 ἐμποιεῖ·

2281 3343 2376 3397 καὶ
2402 3341 2599 3411 διπλῆν
2631 3338 2813 3392 εὐδίαν
2855 3337 3153 3410 ἐργάζεται
3180 3375 3195 3398 ,
3221 3335 3334 3388 τῶν
3380 3354 3448 3389 τε
3507 3337 3700 3408 ψυχῶν
3727 3334 3859 3388 nimi.-

2283 3434 2380 3487 καὶ
2407 3433 2506 3503 τῆς
2540 3432 2820 3503 Θαλάσσης
2849 3429 3100 3500 πραΰνας
3141 3428 3239 3500 τὴν
3264 3431 3548 3501 ταραχήν.
3594 3430 3708 3483 Οὐκ
3735 3426 3855 3490 esse,

2279 3526 2338 3578 δὲ
2387 3525 2467 3587 εἰς
2520 3524 2584 3577 τὸ
2639 3522 2859 3586 πλοῖον,
2913 3520 2976 3574 τὸ
3022 3520 3211 3589 θαῦμα
3258 3521 3459 3589 μεῖζον
3510 3518 3857 3594 ἑργὰσ[ατθξ;ι

2286 3616 2634 3688 βουλόμενος.
2696 3615 2840 3685 Ὅρα
2888 3613 2998 3683 γάρ
3047 3617 3178 3683 τρία
3225 3613 3295 3665 τά
3346 3611 3667 3684 θαύματα’
3700 3613 3858 3675 29,51:

2284 3709 2612 3781 περιεπάτει
2645 3710 2738 3762 ἐπὶ
2780 3710 2882 3780 τῆς
2909 3706 3185 3776 θαλάσσης
3209 3723 3224 3737 °
3261 3707 3572 3779 δεύτερον,
3625 3711 3706 3763 ὅτι
3743 3723 3860 3758 κακ-

2285 3802 2528 3873 στώρεσε
2579 3801 2649 3854 τὰ
2694 3800 2959 3869 κύματα’
3018 3798 3243 3869 τρίτον.
3299 3799 3361 3852 τὸ
3428 3801 3650 3863 εὐθέως
3689 3799 3860 3866 statim

2288 3891 2547 3960 γενέσθαι
2599 3891 2660 3943 τὸ
2710 3890 2900 3942 πλοῖον
2953 3889 3048 3942 ἐπὶ
3083 3890 3184 3957 τὴν
3223 3888 3370 3957 γῆν,
3413 3892 3497 3949 εἰς
3547 3897 3618 3961 ἣν
3663 3891 3858 3958 ὑπῆγε-ε.

2284 3985 2464 4039 καίτοι
2513 3983 2653 4036 πολὺ
2706 3984 2904 4049 ἀπεῖχε
2949 3981 3049 4050 τῆς
3094 3981 3242 4050 γῆς,
3276 3982 3368 4034 ὅτε
3408 3983 3601 4054 τούτῳ
3647 3979 3859 4044 ἐπέστηέ

2285 4076 2514 4148 Κύριος.
2553 4072 2827 4144 Διέϐησαν
2875 4073 2974 4143 μὲν
3007 4071 3101 4126 οὖν
3143 4075 3238 4126 καὶ
3283 4073 3544 4128 Ἰουδαῖοι
3587 4076 3690 4148 τὴν
3745 4076 3858 4140 Ἐρι-

2286 4168 2459 4238 θρὰν,
2507 4167 2756 4230 Μωσέως
2815 4165 3152 4235 ἡγουμένου.
3224 4165 3342 4218 ἀλλ’
3395 4167 3624 4233 ἐκεῖνος

2285 4260 2470 4320 δοῦλος
2524 4260 2702 4312 πάντα
2751 4258 3045 4329 εἰργάζετο
3083 4259 3178 4311 καὶ
3209 4260 3520 4328 εὐχόμενος
3549 4278 3565 4291 ο

2289 4353 2410 4424 μετ’
2439 4352 2690 4417 ἐξουσίας
2725 4351 2968 4422 ἀπάσης.
3004 4352 3185 4406 Κάκεῖ
3219 4353 3318 4422 μὲν
3347 4353 3512 4408 νότου
3547 4356 3860 4410 πνεύσαντος.

2287 4442 2397 4513 εἶξε
2439 4446 2500 4498 τὸ
2552 4444 2720 4516 ὕδωρ,
2762 4444 2907 4499 ὥστε
2947 4443 3041 4496 ἐπὶ
3092 4445 3264 4516 ξηρᾶς
3302 4449 3539 4518 ποιῆσαι
3581 4448 3860 4520 παρελθεῖν·

3698 4167 3783 4236 μὲν

3606 4257 3756 4325 οὗτος
3795 4259 3856 4312 δὲ.

586 4542 606 4575 ι
646 4524 747 4589 Qui
788 4523 1033 4578 ambulat
1067 4539 1231 4594 super
1263 4539 1412 4579 mare
1439 4535 1495 4579 ut
1525 4539 1690 4595 super
1714 4528 2108 4597 pavimentum.
2151 4548 2170 4582 ›

2287 4538 2525 4594 ἐνταῦθα
2558 4541 2637 4605 δὲ,
2689 4540 2878 4610 μεῖζον
2911 4542 2972 4595 τὸ
3004 4540 3193 4612 θαῦμα
3221 4541 3466 4610 ἐγένετο.
3497 4542 3760 4596 Μὲνουσα
3791 4539 3859 4606 τὰς

579 4615 733 4672 Multi
772 4626 955 4672 autem
985 4627 1037 4673 et
1085 4633 1229 4672 nunc
1265 4634 1454 4674 sumus
1499 4619 1550 4672 in
1596 4618 1973 4688 spiritualibus
2019 4631 2173 4677 tene-

581 4710 694 4762 bris
717 4745 732 4772 ,
763 4717 817 4762 et
850 4707 1226 4777 periclitamur
1262 4710 1316 4762 in
1367 4711 1639 4780 spirituali
1694 4713 1830 4767 mari
1863 4714 2174 4785 submergi;

579 4803 676 4857 sed
718 4802 1054 4870 excipiamus
1100 4800 1375 4857 Christum
1402 4841 1417 4868 ,
1474 4813 1530 4859 et
1572 4807 1796 4860 omnino
1847 4821 1876 4860 a
1918 4808 2178 4876 periculis

579 4897 932 4950 salvebimur.
1117 4896 1366 4963 quamvis
1423 4911 1566 4966 saepe
1625 4897 1889 4954 tumultus
1939 4901 2178 4955 excitent

583 4988 739 5042 nobis
757 4988 1001 5056 quidam,
1026 4987 1109 5042 vel
1131 4987 1354 5056 diaboli,
1380 4988 1460 5043 vel
1482 4989 1730 5045 homines
1751 5000 2022 5046 tentantes
2051 5007 2175 5057 nos,

581 5092 637 5137 et
694 5097 789 5150 per
838 5091 1080 5137 terrores
1137 5084 1424 5140 molientes
1487 5084 1655 5157 586
1704 5099 1804 5141 nos
1849 5099 2175 5154 concutere,

580 5176 867 5231 audiamus
900 5185 1076 5232 tamen
1109 5175 1388 5234 Christum
1408 5179 1774 5236 clamantem:
1815 5198 1834 5232 ι
1871 5177 1952 5235 Ne
1983 5181 2176 5236 timea-

585 5271 683 5336 tis,
711 5283 811 5338 ego
844 5283 984 5323 sum.
1027 5289 1044 5319 ι
1080 5269 1233 5337 Quod
1264 5281 1446 5326 autem
1482 5271 1635 5335 dicit,
1679 5271 1825 5329 hunc
1855 5272 2021 5329 habet
2051 5289 2177 5330 sen-

579 5376 700 5418 sum
735 5378 748 5414 :
786 5360 1074 5416 Terribilia
1110 5363 1326 5432 quidem
1358 5374 1706 5434 praetereunt,
1735 5367 1856 5424 ideo
1889 5384 1956 5425 ne
1980 5369 2172 5425 timea-

582 5453 651 5507 tis
690 5467 753 5506 ea
782 5469 904 5522 qua:
946 5463 1280 5522 praetereunt
1327 5472 1340 5506 :
1379 5453 1492 5523 Ego
1521 5465 1700 5511 autem
1738 5476 1877 5528 sum,
1938 5462 2042 5516 hoc
2092 5472 2174 5516 est

582 5552 801 5617 semper
856 5561 1115 5611 manens,
1169 5555 1224 5601 et
1263 5548 1406 5602 sicut
1445 5547 1587 5605 Deus
1633 5566 1735 5622 ego
1786 5569 1908 5609 sum
1953 5555 2043 5611 ille
2083 5556 2172 5626 qui

582 5649 682 5695 est.
721 5641 906 5709 Itaque
940 5639 1071 5708 quia
1103 5639 1370 5696 terribilia
1402 5642 1620 5711 quidem
1654 5648 1983 5719 temporaria
2026 5659 2175 5718 sunt,

651 5817 699 5848 ιο
733 5816 907 5873 Exod.
949 5835 1059 5887 xw,
1083 5820 1174 5877 9.9.
1255 5822 1296 5854 “
1327 5822 1471 5881 Psal.
1505 5843 1631 5893 LXV,
1672 5831 1725 5884 6.

2285 4636 2380 4688 ἐπὶ
2430 4635 2531 4704 τῆς
2583 4635 2794 4699 οἰκείας
2837 4635 3056 4706 φύσεως
3098 4638 3133 4708 ἡ
3179 4634 3474 4700 θάλασσα,
3513 4636 3704 4702 οὕτως
3732 4639 3859 4706 ,ἔτεμε

2285 4728 2376 4784 τὸν
2408 4728 2690 4801 Δεσπότην
2722 4729 2814 4783 ἐπὶ
2852 4729 2966 4785 τῶν
2993 4729 3181 4783 νώτων
3204 4773 3219 4798 ,
3253 4730 3340 4783 ἵνα
3375 4729 3660 4805 πληρωθῇ
3686 4733 3741 4786 τὸ
3770 4746 3860 4798 ap:-

2287 4822 2517 4893 φητικόν
2538 4838 2551 4851 ο
2593 4841 2610 4871 ι
2646 4824 2701 4875 ’0
2728 4823 3051 4894 περιπατῶν
3090 4824 3182 4877 ἐπὶ
3213 4823 3499 4895 θαλάσσης
3529 4826 3616 4891 ὡς
3650 4829 3739 4881 ἐπὶ
3777 4825 3859 4878 ἑξά-

2285 4931 2443 4985 φους.
2490 4933 2509 4965 ι
2547 4913 2740 4968 Πολλοὶ
2781 4917 2878 4970 καὶ
2913 4915 3012 4970 νῦν
3046 4915 3218 4987 ἔσμεν
3262 4917 3320 4970 ὲν
3353 4918 3540 4988 σκότῳ
3580 4919 3664 4991 τῷ
3697 4916 3856 4988 νοητῷ.

2286 5008 2380 5060 καὶ
2415 5006 2806 5077 κινδυνεύομεν
2845 5009 2903 5061 ἐν
2937 5012 3004 5080 τῇ
3038 5008 3290 5080 θαλάσσῃ
3320 5012 3389 5080 τῇ
3418 5015 3597 5084 νοητῇ
3641 5011 3859 5066 καταπτές.

2283 5097 2519 5166 γεσθαι·
2573 5097 2689 5151 ἀλλ’
2742 5097 3134 5169 ὑποᾶξὼμεθα
3185 5101 3465 5171 Χριστὸν.
3532 5103 3642 5157 καὶ

2284 5189 2649 5260 σωθησόμεθα
2704 5191 2815 5244 ἀπὸ
2849 5191 2961 5244 τῶν
2990 5191 3258 5247 κινδύνων
3283 5211 3296 5222 ·
3344 5193 3450 5248 κᾶν
3498 5197 3764 5259 πολλάκις
3791 5194 3854 5260 φό-

2283 5284 2412 5347 ϐους
2442 5285 2820 5354 ὲπεισάγωσιν
2862 5287 2998 5357 ἡμῖν
3035 5304 3219 5354 τινες,
3269 5290 3640 5361 πειράζοντες
3685 5287 3852 5361 quid

2280 5378 2537 5448 δαίμονες
2562 5421 2574 5445 ,
2605 5380 2638 5450 ἦ
2665 5380 2948 5451 ἄνθρωποι
2973 5423 2987 5448 ,
3022 5381 3118 5435 καὶ
3141 5382 3231 5435 διὰ
3266 5384 3358 5437 τὸν
3391 5384 3560 5452 φόὸον
3597 5386 3852 5457 πειρῶντε.

2285 5473 2431 5542 ἡμᾶς
2461 5463 2812 5541 κᾶτασείειν,
2844 5476 3171 5548 ἀκούσωμεν
3198 5476 3295 5530 τοῦ
3333 5479 3578 5550 Χριστοῦ
3615 5480 3848 5549 βοιῖιντος·

2293 5585 2312 5617 ι
2353 5565 2446 5638 Μὴ
2489 5566 2782 5636 φοϐεῖσθε,
2816 5568 2929 5637 ἐγώ
2962 5571 3103 5641 εἰμι.
3162 5589 3180 5622 ι
3223 5573 3290 5625 ’0
3324 5571 3381 5625 δὲ
3422 5572 3613 5639 λέγει,
3654 5569 3852 5626 tow-31:3

2287 5657 2404 5711 ἔστι
2425 5674 2437 5687 '
2479 5658 2560 5714 Τὰ
2599 5661 2699 5731 μὲν
2733 5659 2943 5732 φοϐερά
2973 5661 3373 5734 παρέρχονται,
3419 5665 3502 5719 διὸ
3533 5666 3610 5737 μὴ
3643 5663 3848 5736 φοῆεῖτῧε
