3936 6414
112 472 259 543 1293

832 463 1289 531 ENARRATIO
1326 463 1415 526 ΙΝ
1454 449 1972 525 EVANGELIUM
2008 443 2360 511 JOANNIS.
2388 463 2459 479 --
2494 438 2659 501 CAP.
2684 434 2789 499 VI.

3325 427 3474 498 1294

102 591 183 646 τὰ
242 584 659 661 παρερχόμενα.
722 581 876 650 ἐγω
932 578 993 633 δέ
1050 576 1210 649 ειμι,
1276 573 1597 637 τουτέστιν,
1647 566 1739 624 ἀεὶ

1863 569 1905 619 3t
1930 575 2037 616 non
2064 571 2198 614 vere
2232 564 2384 621 sunt,
2427 567 2529 623 ego
2569 560 2753 606 autem
2804 562 2949 615 sum,
2986 546 3091 602 ltoc
3132 553 3219 602 est
3249 561 3474 615 ntaneo,

2403 654 2414 661 .
2500 659 2545 661 ,_
2638 652 2683 661 Α.
2740 654 2867 661 __-_-
2914 654 3029 661 -___..
3123 652 3189 661 --Α
3226 637 3471 661 ..-...Ι.ςιτ-

108 687 289 759 μένω,
322 680 421 737 καὶ
449 680 527 744 ὡς
558 676 693 742 Θεὸς
707 676 838 745 οὑγὼ
865 672 1128 745 τυγχάνω
1166 674 1194 725 6
1223 668 1320 725 ὢν.
1368 667 1525 722 Ἐπεὶ
1548 664 1732 720 τοίνυν

104 778 186 833 τὰ
211 777 327 849 ,μὶν
373 770 587 845 φοϐερά
616 768 973 842 πρόσκαιρα,
1021 766 1119 820 καὶ
1158 765 1260 818 οὑκ
1311 760 1531 833 ἀληθῶς
1562 760 1729 849 ὅντα,

108 846 239 941 £36)-
260 868 319 923 δέ
349 868 497 935 ειμι,
541 862 665 917 ἀντὶ
698 858 795 914 τοῦ
816 900 830 924 ,
866 858 1019 929 μένω
1038 895 1054 922 ,
1084 854 1182 909 καὶ
1209 852 1471 906 οὐδέποτε
1515 846 1733 941 παρέρξ

107 939 320 1034 intuit,
352 958 471 1023 ἀλλ’
503 954 725 1027 ἀληθῶς
766 955 926 1023 είμι,
963 950 1040 1022 μὴ
1082 947 1333 1021 προδῶτε
1363 945 1464 1016 τὴν
1505 942 1587 1007 είς
1628 939 1731 1012 ὲμὶ

108 1055 304 1109 πίστιν
333 1051 423 1106 διὰ
452 1048 522 1104 τά
557 1048 899 1121 πρόσκαιρα.
935 1041 1083 1115 Ὅρα
1112 1040 1171 1096 δέ
1210 1056 1302 1111 μοι
1326 1079 1343 1105 ,
1384 1036 1506 1100 πῶς
1535 1034 1637 1089 οὑκ
1675 1034 1734 1086 ὲν

108 1146 266 1217 ἀρχῇ
292 1142 390 1197 τοῦ
422 1139 697 1205 κινδύνου,
731 1137 849 1192 ἀλλ’
880 1137 939 1213 έν
969 1135 1125 1207 ἀκμῇ
1153 1130 1507 1203 ἐπιφαίνεται
1538 1130 1568 1182 6
1598 1128 1735 1197 Χρι-

113 1238 286 1303 στὸς,
317 1235 415 1290 καὶ
447 1234 565 1287 λύει
602 1232 695 1286 τὸν
744 1230 933 1301 φόϐον.
974 1228 1072 1299 Ἐᾷ
1094 1227 1203 1299 γὰρ
1236 1225 1387 1297 ἡμᾶς
1433 1226 1494 1278 ἐν
1546 1221 1737 1293 μέσοις

106 1330 373 1400 γενέσθαι
406 1330 520 1391 τοῖς
571 1326 770 1389 δεινοῖς
793 1365 809 1389 ,
860 1322 951 1377 ῖνα
1002 1320 1379 1382 παλαίσαντες
1412 1319 1477 1389 τῇ
1512 1314 1732 1384 θλίψει,

106 1426 213 1482 καὶ
271 1424 631 1487 πιεσθέντες,
687 1416 1057 1489 δοκιμώτεροι
1101 1412 1441 1485 γενώμεθαο
1494 1410 1593 1466 καὶ
1645 1410 1735 1463 ῖνα

42 1582 49 1588 ,
107 1519 445 1589 κινήσαντες
473 1515 664 1573 πᾶσαν
685 1511 786 1584 τὴν
810 1509 1096 1583 ἡμετέραν
1119 1507 1358 1577 δύναμιν
1382 1506 1479 1559 καὶ
1511 1503 1731 1574 σοφίαν,

108 1616 215 1666 καὶ
246 1610 503 1683 εὑρόντες
543 1606 719 1679 αὐτὴν
751 1602 985 1674 ἀσθενῆ,
1020 1602 1159 1673 πρὸς
1208 1601 1423 1655 ἐκεῖνον
1453 1596 1737 1667 καταφεύ-

109 1721 307 1776 γωμεν
343 1704 530 1773 μόνον,
564 1703 659 1755 τὸν
694 1698 760 1764 ἐξ
792 1697 1227 1770 ἀπροσδοκήτων
1267 1692 1466 1759 σώζειν
1494 1690 1737 1759 δυνάμε-

110 1782 230 1852 νον.
273 1797 406 1850 Ὅτε
448 1794 561 1866 γὰρ
599 1795 627 1849 6
664 1791 1014 1864 ἀνθρώπινος
1050 1790 1321 1861 ᾴποκάμῃ
1360 1786 1510 1853 νοῦς,
1540 1785 1665 1840 τότε
1702 1786 1737 1856 η

110 1898 183 1950 ἐκ
212 1893 349 1949 Θεοῦ
382 1890 633 1963 σωτηρία
655 1890 853 1961 ἁθρόον
883 1887 1281 1959 ἐπιγενομένη,
1312 1882 1738 1956 παρασκευάζει

1838 662 1895 711 et
1948 664 2232 720 nunquam
2283 654 2555 718 praetereo
2580 683 2595 707 .
2631 652 2685 699 et
2740 654 2871 696 vere
2912 654 3031 694 sum
3056 680 3072 707 ,
3123 652 3193 693 ne
3226 637 3474 706 prodatis

1836 755 2083 802 vestram
2127 744 2182 799 in
2232 757 2319 797 me
2353 739 2515 795 ﬁdem
2548 748 2776 809 propter
2809 733 3163 806 temporalia.
3192 730 3329 786 Vide
3373 746 3475 785 au-

1839 853 1973 902 tem.
2018 838 2272 902 obsecro,
2305 833 2587 907 quomodo
2632 846 2741 887 non
2774 830 2966 883 statim
3013 826 3083 882 ab
3125 826 3285 882 initio
3322 826 3475 896 peri-

1837 933 1946 989 culi
1970 972 1986 997 ,
2026 932 2123 987 sed
2160 930 2213 983 in
2249 929 2465 983 fervore
2506 932 2739 995 apparet
2769 920 3029 977 Christus
3064 927 3120 974 ct
3162 910 3332 974 solvit
3366 933 3479 971 mc-

1839 1036 1979 1082 tum.
2033 1024 2180 1080 Sinit
2223 1022 2389 1079 enim.
2414 1034 2515 1075 nos
2550 1020 2603 1074 in
2663 1015 2858 1072 mediis
2902 1029 3028 1071 esse
3059 1010 3363 1084 periculis,
3414 1020 3474 1066 ut

1840 1136 1967 1177 cum
2012 1116 2421 1175 certaverimus
2468 1112 2524 1167 in
2572 1108 2927 1165 tribulatione
2977 1115 3034 1162 et
3080 1106 3264 1177 pressi
3305 1103 3475 1158 fueri-

1840 1227 1996 1279 mus,
2055 1209 2405 1282 probatiores
2467 1203 2698 1268 fiamus,
2746 1211 2802 1255 et
2844 1208 2903 1254 ut
2950 1214 3075 1255 cum
3129 1197 3475 1253 moverimus

1840 1319 2059 1362 omnem
2106 1312 2355 1358 nostram
2389 1299 2651 1354 virtutem
2689 1306 2742 1352 ct
2774 1294 3107 1367 sapientiam
3131 1335 3145 1355 .
3190 1291 3472 1347 inveneri-

1843 1414 2078 1470 mnsque
2110 1412 2233 1452 eam
2270 1394 2547 1451 infirmam
2573 1431 2590 1458 ,
2641 1392 2710 1445 ad
2747 1390 2901 1444 illum
2947 1386 3340 1458 confugiamus
3392 1400 3477 1441 so-

1842 1495 1979 1559 lum,
2013 1494 2106 1566 qui
2135 1507 2201 1547 ex
2243 1482 2640 1559 inexspectatis
2664 1485 2881 1540 salvare
2914 1482 3143 1553 poterit.
3176 1480 3315 1535 Nam
3350 1494 3476 1535 cum

1844 1590 2087 1645 humana
2122 1600 2279 1643 mens
2316 1582 2548 1655 fatigata
2580 1579 2769 1645 fuerit,
2800 1588 2931 1633 tunc
2971 1578 3157 1631 divina
3201 1574 3351 1630 salus
3390 1587 3477 1629 re—

1844 1693 2007 1754 pente
2056 1681 2345 1746 subvenit,
2390 1694 2457 1734 ac
2510 1682 2669 1747 parat
2725 1664 2835 1731 nos
2879 1682 2938 1728 ut
2973 1672 3043 1728 ad
3087 1672 3241 1727 illum
3294 1669 3476 1725 solum

1844 1776 2159 1849 fugiamus,
2219 1775 2317 1846 qui
2373 1771 2588 1829 salvare
2630 1779 2851 1839 potest,
2907 1778 2963 1825 et
3010 1783 3122 1823 non
3174 1766 3478 1835 nobisipsis

1845 1871 2189 1928 ascribamus
2238 1870 2497 1925 salutem.
2554 1867 2615 1921 Si
2654 1866 2992 1922 voluerimus
3041 1873 3230 1918 autem
3281 1872 3337 1917 et
3376 1875 3478 1917 nos

111 1988 270 2059 ἡμᾶς
302 1986 436 2059 πρὸς
468 1952 680 2039 ἐκεῖνον
712 1952 1185 2052 πέτασθαιῠμόνυον
1216 1952 1310 2034 τὸν
1342 1952 1613 2043 σῶζοντα,
1641 1976 1739 2031 καὶ

1869 1984 1902 2023 n
1950 1967 2134 2022 navim
2193 1974 2444 2022 nostram
2499 1963 2787 2034 suscipere
2829 1959 3150 2024 Christum,
3203 1960 3308 2015 hoc
3380 1966 3474 2015 est

116 2082 200 2153 μὴ
232 2078 447 2141 ἑαυτοῖς
466 2078 568 2150 τὴν
602 2076 883 2150 σωτηρίαν
914 2072 1358 2146 έπιγράφεσθαι.
1398 2072 1463 2125 Εἰ
1492 2069 1739 2142 θελήσω-

116 2190 228 2245 μεν
257 2172 315 2229 δὶ
356 2172 453 2227 καὶ
492 2172 574 2236 είς
603 2170 665 2225 τὸ
697 2170 886 2224 πλοῖον
914 2168 1076 2240 ἡμῶν
1106 2165 1299 2221 λαϐεῖν
1343 2165 1437 2221 τὸν
1464 2163 1737 2237 Χριστὸν,

113 2267 411 2327 τουτέστι.
474 2264 794 2319 κατοικίσαι
846 2262 941 2317 τὸν
1000 2260 1240 2334 Χριστὸν
1304 2263 1367 2315 έν
1417 2264 1487 2333 τῇ
1536 2260 1741 2333 καρδίᾳ

115 2358 303 2431 ἡμῶν,
338 2357 504 2421 εὐθὺς
534 2353 958 2428 εὑρεθησόμεθα
990 2355 1051 2408 ιν
1073 2355 1142 2426 τῇ
1184 2356 1279 2426 γῇ,
1307 2355 1385 2417 εἰς
1428 2353 1498 2425 ἣν
1526 2352 1743 2422 ἀπαγό-

122 2448 297 2522 μεθα.
330 2448 469 2513 Ποία
508 2447 629 2520 δὶή
674 2446 746 2517 γῆ
788 2448 941 2500 ἐστιν
974 2444 1155 2515 aiam;
1202 2439 1283 2498 Ἦ
1330 2444 1548 2508 πάντως
1588 2445 1623 2512 ἡ
1668 2443 1741 2514 γῆ

114 2546 224 2617 τῆς
254 2541 617 2612 ἐπαγγελίας,
646 2541 676 2595 6
706 2538 966 2611 οὐρανὸς,
992 2522 1033 2610 ¹ἡ
1078 2537 1152 2610 γῆ
1195 2536 1309 2592 τῶν
1355 2536 1605 2608 πραέων,
1646 2534 1743 2590 καὶ

115 2642 235 2694 om
261 2634 447 2711 πάσης
469 2635 667 2699 κακίας
696 2633 1160 2707 είρηνευσάντων.

206 2752 226 2787 ι
265 2733 345 2805 Τῇ
378 2730 647 2805 έπαύριον
685 2731 714 2783 6
750 2727 910 2801 ὀχλος
940 2728 969 2782 6
1012 2724 1269 2799 έστηκὼς
1304 2727 1486 2798 πέραν
1514 2726 1617 2799 τῆς
1648 2726 1745 2781 θα-

118 2827 358 2898 λάσσης,
393 2823 554 2889 εἰδὼς
584 2824 669 2878 ὅτι
695 2822 985 2893 πλοιάριον
1020 2820 1152 2877 ἄλλο
1176 2820 1280 2875 οὑκ
1307 2815 1377 2892 ἢν
1415 2822 1554 2888 ἐκεῖ,
1588 2823 1635 2875 εί
1668 2821 1744 2894 μὴ

120 2920 189 2975 ιν
224 2920 405 2973 έκεῖνο
443 2918 526 2981 είς
555 2916 584 2970 δ
610 2902 895 2987 άνέσησαν
922 2916 981 2969 'ol
1018 2914 1264 2986 μαθηταὶ
1298 2913 1491 2980 αὐτοῦ,
1531 2914 1627 2968 καὶ
1660 2915 1745 2969 ὅτι

119 3012 191 3067 οὑ
234 3009 555 3082 συνεισῆλθε
584 3010 705 3075 τοῖς
730 3008 1008 3080 μαθηταῖς
1048 3007 1216 3061 αὐτοῦ
1257 3009 1285 3061 6
1331 3005 1541 3078 Ἰησοῦς
1570 3008 1652 3072 είς
1682 3006 1745 3061 τὸ

121 3106 435 3177 πλοιάριον,
484 3103 625 3158 ἀλλὰ
674 3103 831 3173 μόνοι
874 3103 925 3156 oi
971 3101 1217 3172 μαθηταὶ
1251 3100 1423 3156 αὑτοῦ
1474 3101 1744 3173 ἀπῆλθον.

117 3199 271 3258 ᾶλλα
314 3199 373 3253 δὲ
412 3194 545 3271 ἦλθε
592 3195 850 3267 πλοιάρια
898 3196 965 3250 ὲκ
1015 3194 1120 3266 τῆς
1176 3194 1505 3267 Τιϐεριάδος
1574 3194 1747 3265 ἐγγὺς

1846 2060 2242 2116 habitationem
2292 2059 2426 2115 dare
2464 2056 2687 2113 Christo
2727 2055 2785 2111 in
2818 2053 2989 2111 corde
3030 2062 3244 2121 nostro,
3281 2052 3479 2109 statim

1848 2153 2197 2210 inveniemur
2242 2153 2297 2207 in
2330 2162 2477 2208 terra
2529 2151 2587 2207 in
2621 2164 2788 2222 quam
2829 2149 3067 2204 abimus.
3113 2148 3250 2215 Quae
3280 2156 3471 2202 autem

1849 2260 1997 2305 terra
2035 2248 2184 2305 ista?
2210 2245 2449 2304 Omnino
2480 2254 2629 2302 terra
2662 2237 3067 2315 promissionis,
3100 2243 3328 2310 ccelum,
3354 2257 3477 2313 quae

1847 2354 1931 2399 est
1961 2352 2106 2398 terra
2144 2342 2383 2411 mitium,
2427 2350 2485 2398 et
2514 2355 2707 2397 eorum
2755 2340 2847 2411 qui
2896 2339 3118 2396 liberati
3159 2354 3191 2395 a
3224 2337 3473 2406 malitia,

1848 2436 1903 2494 in
1934 2450 2072 2509 pace
2101 2436 2317 2491 vivunt.

1927 2721 2096 2779 Vitas.
2150 2719 2352 2778 22-96.
2412 2739 2433 2775 ι
2491 2720 2720 2777 Postero
2753 2719 2877 2786 die,
2930 2720 3088 2777 turba
3129 2735 3255 2791 qua:
3295 2720 3483 2776 stabat

1853 2827 2008 2872 trans
2042 2830 2231 2882 mare,
2270 2815 2408 2871 vidit
2452 2815 2599 2887 quod
2649 2814 2903 2869 navicula
2937 2814 3042 2869 alia
3079 2829 3186 2869 non
3224 2823 3374 2870 esset
3406 2815 3483 2870 ibi

1850 2911 1957 2968 nisi
1985 2926 2093 2967 una
2120 2910 2211 2966 illa
2246 2911 2299 2965 in
2325 2925 2492 2981 quam
2525 2910 2761 2981 ingressi
2792 2910 3014 2966 fuerant
3043 2909 3301 2979 discipuli
3336 2909 3481 2980 ejus,

1852 3014 1908 3061 et
1937 3004 2081 3075 quod
2118 3018 2230 3059 non
2266 3004 2551 3060 introisset
2577 3002 2740 3060 Jesus
2784 3019 2908 3060 cum
2944 3001 3231 3074 discipulis
3262 3004 3381 3059 suis
3424 3004 3481 3059 in

1854 3101 2163 3157 naviculam
2189 3140 2205 3167 ,
2257 3100 2355 3156 sed
2395 3099 2497 3157 soli
2538 3100 2794 3168 discipuli
2847 3098 2971 3173 ejus
3012 3100 3303 3157 abiissent.
3344 3099 3482 3156 Alia:

1853 3211 1985 3253 vero
2045 3206 2490 3267 supervenerunt
2546 3195 2820 3252 naviculae
2878 3212 2909 3251 a
2979 3196 3273 3253 'i‘iberiade
3326 3198 3487 3268 juxta

121 3292 227 3348 τοῦ
258 3292 453 3358 τόπου,
485 3291 622 3346 ὅπου
657 3289 865 3361 έφαγον
890 3288 983 3343 τὸν
1008 3287 1198 3360 ἄρτον,
1234 3286 1746 3361 εὐχαριστήσαντος

1863 3290 2035 3347 locum
2084 3288 2177 3345 ubi
2218 3290 2577 3345 comederunt
2622 3304 2859 3360 panem,
2915 3298 3210 3361 postquam
3273 3290 3485 3360 gratias

122 3387 227 3443 τοῦ
268 3386 499 3459 Κυρίου.
524 3386 616 3441 ὅτε
685 3384 781 3440 οὖν
815 3378 959 3439 εἶδεν
1010 3386 1039 3438 6
1068 3383 1251 3456 ὄχλος,
1285 3385 1372 3439 ὅτι
1406 3384 1619 3456 Ἰησοῦς
1648 3384 1751 3441 οὑκ

127 3483 285 3537 ἔστιν
324 3481 463 3547 εκεῖ,
514 3479 637 3534 οὐδὲ
686 3468 739 3533 οι
786 3478 1035 3551 μαθηταὶ
1082 3477 1277 3547 αὑτοῦ,
1328 3478 1611 3551 ἀνέδησαν
1654 3479 1753 3536 καὶ

123 3576 294 3629 αὐτοὶ
332 3576 415 3640 είς
444 3574 514 3629 τά
558 3572 824 3641 πλοιάρια
870 3574 968 3628 καὶ
996 3567 1165 3645 ἦλθον
1196 3575 1278 3637 εἰς
1326 3574 1711 3645 Καπερναοὺμ
1734 3613 1751 3641 ,

126 3666 433 3739 ζητοῦντες
472 3668 585 3725 ατὸν
638 3666 870 3739 Ἰησοῦν.
914 3666 1027 3722 Καὶ
1072 3665 1331 3738 εὑρόντες
1375 3666 1543 3721 αὑτὸν
1574 3669 1753 3738 πέραν

124 3762 238 3833 τῆς
274 3760 578 3833 θαλάσσης,
605 3755 768 3815 εἷπον
802 3758 957 3829 αύτῷ
981 3776 995 3791 ’
1043 3758 1270 3814 Ῥαϐὁεὶ
1292 3801 1306 3827 ,
1340 3760 1475 3813 πότε
1507 3753 1611 3815 ὧδε
1641 3779 1754 3816 πα-

128 3854 479 3928 ραγέγοναςς
530 3852 836 3925 Ἀπεκρίθη
867 3853 1053 3917 αὐτοῖς
1078 3854 1108 3906 6
1148 3851 1362 3924 Ἰησοῦς
1386 3895 1401 3919 ,
1433 3856 1531 3908 καὶ
1560 3850 1716 3908 εἶπεν
1735 3870 1749 3885 ·

144 3948 351 4020 Ἀμὴν,
381 3947 531 4020 ἀμην
555 3947 702 4016 λέγω
735 3948 890 4018 ὑμῖν,
935 3945 1155 4017 ζητεῖτέ
1193 3964 1287 4018 με,
1321 3948 1423 4019 οὐχ
1450 3949 1534 4003 ὅτι
1579 3949 1754 4003 εἴδετε

128 4042 368 4111 σημεῖα,
408 4039 526 4092 ἀλλ’
569 4038 655 4093 ὅτι
685 4038 924 4109 εφάγετε
954 4037 1021 4091 ὲκ
1064 4036 1179 4091 τῶν
1215 4038 1423 4110 ἄρτων,
1455 4039 1553 4094 καὶ
1594 4041 1757 4113 ἐχορ-

128 4132 401 4204 τάσθητε.
450 4150 470 4186 ι
509 4131 765 4198 Πεζεύων
802 4132 903 4204 μιν
950 4135 978 4187 6
1022 4130 1233 4205 Ἰησοῦς
1282 4133 1378 4186 ἐπὶ
1406 4132 1510 4204 τῆς
1546 4133 1755 4187 θαλάσ-

134 4243 267 4299 σης,
300 4224 545 4298 ἀπῆλθεν
576 4226 659 4289 είς
689 4224 753 4278 τὸ
790 4226 991 4296 πέραν.
1028 4226 1093 4279 Οῑ
1119 4224 1177 4279 δὲ
1206 4224 1358 4296 ὄχλοι
1385 4228 1453 4296 τῇ
1486 4224 1756 4297 ἐπαύριον

133 4318 441 4391 ζητοῦντες
494 4318 685 4385 αὑτὸν,
735 4320 832 4373 καὶ
877 4318 1115 4385 ίδόντες,
1167 4319 1253 4373 ὅτι
1283 4318 1468 4373 πλοῖον
1492 4319 1552 4373 ἓν
1589 4316 1658 4391 ἦν
1696 4319 1759 4374 τὸ

130 4414 271 4476 τοὺς
301 4412 554 4483 μαθητάς
585 4410 1015 4483 ὑποδεξάμενον,
1050 4415 1132 4476 είς
1160 4412 1190 4466 ὃ
1236 4412 1298 4465 οὐ
1336 4414 1695 4484 συνεισῆλθεν
1728 4414 1759 4468 ὁ

148 4503 389 4578 Ἰησοῦς,
431 4507 513 4569 είς
552 4503 765 4559 ῐννοιαν
810 4499 979 4577 ἦλθον
1016 4504 1112 4560 τοῦ
1146 4505 1454 4577 θαύματος,
1482 4509 1579 4561 καὶ
1625 4509 1759 4562 ὑπε-

132 4602 320 4668 νόουν,
356 4600 440 4655 ὅτι
465 4599 569 4672 τὴν
595 4599 878 4656 θάλασσαν
909 4600 1185 4669 πεζεύων,
1212 4602 1554 4673 παρεγένετο
1585 4604 1666 4667 είς
1697 4602 1758 4657 τὸ

1859 3386 2063 3457 egisset
2103 3384 2405 3442 Dominus.
2460 3384 2596 3440 Cum
2652 3399 2786 3455 ergo
2838 3384 3070 3440 vidisset
3125 3384 3282 3440 turba
3338 3384 3486 3456 quod

1857 3478 2019 3535 Jesus
2062 3493 2170 3535 non
2217 3487 2366 3535 esset
2419 3477 2520 3544 ibi,
2570 3492 2751 3549 neque
2793 3476 3055 3549 discipuli
3101 3477 3245 3548 ejus,
3283 3493 3489 3533 ast-cu-

1859 3574 2062 3627 derunt
2091 3583 2145 3628 et
2176 3572 2308 3642 ipsa:
2341 3573 2395 3628 in
2428 3571 2713 3627 naviculas
2737 3581 2793 3628 et
2820 3582 3091 3627 venerunt
3112 3572 3488 3641 Capernaum,

1858 3676 2171 3737 qnmrentes
2205 3666 2413 3722 Jesum.
2462 3667 2529 3722 Et
2581 3681 2707 3721 cum
2766 3668 3110 3722 invenissent
3157 3683 3284 3722 cum
3335 3679 3490 3724 trans

1862 3775 2035 3824 mare,
2059 3760 2317 3815 dixerunt
2344 3762 2391 3814 ci
2423 3779 2437 3815 :
2473 3759 2673 3825 Rabbi,
2704 3760 2926 3828 quando
2960 3762 3065 3816 huc
3095 3752 3347 3817 venisti?
3377 3762 3489 3819 Ite-

1862 3857 2085 3926 spondit
2120 3858 2203 3913 eis
2223 3854 2384 3911 Jesus
2405 3870 2460 3913 et
2488 3856 2665 3911 dixit:
2703 3857 2904 3917 Amen.
2937 3873 3099 3913 arnen
3139 3860 3262 3917 dico
3308 3861 3489 3925 vobis.

1862 3949 2115 4020 quaeritis
2167 3964 2292 4018 me,
2339 3964 2447 4004 non
2509 3950 2640 4021 quia
2695 3950 2916 4007 vidistis
2968 3954 3157 4023 signa,
3215 3957 3311 4011 sed
3359 3959 3489 4026 quia

1863 4042 2183 4098 contedistis
2232 4045 2301 4099 de
2362 4045 2635 4114 panibus,
2693 4054 2743 4100 et
2807 4049 3041 4102 saturati
3097 4050 3260 4106 estis.
3316 4070 3337 4105 ›
3399 4051 3494 4109 Je-

1863 4151 1957 4192 sns
2004 4138 2225 4207 quidem
2275 4140 2517 4210 pedestri
2568 4139 2770 4196 itinere
2820 4157 2987 4212 super
3035 4159 3189 4200 mare
3240 4147 3379 4203 abiit
3433 4148 3488 4203 in

1864 4232 2180 4300 regionem,
2237 4248 2359 4303 qua:
2416 4244 2568 4289 trans
2629 4250 2805 4291 mare.
2861 4236 3064 4292 Turbze
3112 4249 3340 4305 autem,
3397 4244 3489 4299 die

1864 4331 2122 4391 p0stero,
2202 4338 2327 4378 cum
2385 4325 2777 4396 quaesivissent
2843 4326 3036 4396 illum,
3100 4340 3150 4385 et
3217 4332 3492 4390 vidissent

1862 4418 2008 4488 quod
2042 4433 2146 4472 una
2181 4427 2392 4473 tantum
2430 4420 2588 4476 navis
2620 4422 2931 4489 adfuisset,
2970 4424 3022 4477 in
3052 4440 3217 4496 quam
3253 4427 3491 4499 ingressi

1864 4506 2084 4564 fuerant
2138 4508 2435 4578 discipuli,
2500 4520 2555 4566 et
2610 4527 2717 4567 non
2784 4510 2948 4572 Jesus
3000 4515 3152 4587 ipse,
3210 4522 3493 4591 cogitave-

1864 4609 1995 4656 runt
2052 4601 2193 4672 apud
2246 4617 2307 4657 se
2365 4602 2472 4657 hoc
2520 4603 2892 4675 miraculum,
2945 4617 3005 4664 et
3054 4610 3319 4682 suspicati
3361 4626 3496 4670 sunt

135 4695 346 4769 πέραν.
388 4694 454 4749 El
513 4694 615 4767 μὲν
650 4694 762 4767 γὰρ
804 4697 901 4750 καὶ
946 4695 1081 4751 άλλο
1131 4696 1321 4752 πλοῖον
1354 4692 1459 4769 ἦν,
1496 4698 1647 4772 εἰκὸς
1688 4693 1748 4771 ἦν

1866 4694 2013 4764 quod
2043 4710 2195 4751 mare
2238 4696 2403 4765 pedes
2437 4698 2745 4754 transierit.
2781 4699 2919 4755 Nam
2955 4703 2999 4757 si
3034 4703 3259 4775 quidem
3293 4718 3351 4762 et
3384 4709 3492 4765 alia

98 4816 107 4823 ε
135 4791 448 4863 ὑπονοῆσαι
470 4830 487 4859 ,
537 4790 624 4844 ὅτι
654 4791 771 4855 τοῖς
803 4790 1081 4863 μαθηταῖς
1120 4793 1182 4845 οὐ
1216 4792 1597 4847 συνέπλευσεν
1617 4834 1636 4861 ,
1679 4796 1759 4858 εἰς

134 4885 327 4941 ἐκεῖνο
374 4884 433 4938 δὲ
463 4882 727 4940 είσελθὼν
751 4923 768 4952 ,
816 4884 1133 4957 διεπέρασε.
1186 4885 1305 4941 Νῦν
1330 4887 1412 4953 δὲ,
1450 4888 1573 4953 ἰνὸς
1606 4889 1760 4953 ὄντος

130 4978 240 5035 τοῦ
283 4977 475 5032 πλοίου
528 4975 623 5031 τοῦ
675 4978 805 5044 τοὺς
842 4978 1099 5051 μαθητὰς
1148 4984 1370 5053 μόνους,
1410 4984 1505 5037 καὶ
1553 4984 1630 5054 μὴ
1670 4988 1761 5039 τὸν

135 5070 375 5143 Κύριον,
430 5066 866 5145 ὑποδεξαμένου,
902 5074 1176 5147 πρόδηλον
1214 5075 1276 5130 τὸ
1311 5074 1521 5147 θαῦμα.
1571 5076 1761 5131 Ταῦτα

133 5166 329 5223 τοίνυν
351 5168 510 5239 ὲννοή
521 5184 713 5232 σαντες
734 5168 785 5222 oi
805 5168 978 5240 ὄχλοι,
1007 5170 1197 5243 ἐπειδὴ
1221 5165 1383 5242 εὖρον
1408 5172 1545 5228 ἄλλα
1570 5174 1763 5228 πλοιά-

139 5277 243 5333 ρια
276 5259 342 5313 ὲκ
367 5259 463 5313 τοῦ
493 5259 674 5333 πέραν
708 5258 957 5323 ἐλθόντα,
986 5261 1258 5333 ἐνέϐησαν
1287 5266 1346 5319 ὲν
1378 5264 1635 5329 ἐκείνοις,
1668 5266 1763 5319 καὶ

137 5356 227 5418 είς
281 5353 664 5425 Καπερναοῦμ
710 5354 1049 5427 διεπέρασαν
1075 5374 1090 5389 ο
1128 5356 1259 5412 ένθα
1302 5358 1369 5431 δὴ
1416 5359 1507 5417 τὸν
1552 5360 1764 5430 Κύριον

137 5448 426 5520 εὑρόντες,
457 5448 521 5502 οὐ
556 5448 993 5519 προσπίπτουσι,
1032 5452 1129 5506 καὶ
1162 5452 1379 5507 δέονται
1413 5455 1613 5525 μαθεῖν
1645 5454 1757 5518 πῶς

136 5539 303 5613 διέϐη
324 5580 340 5606 ,
373 5541 497 5597 οὐδὲ
540 5542 768 5615 ζητοῦσι
804 5544 937 5617 περὶ
969 5545 1162 5601 τούτου
1210 5546 1307 5601 τοῦ
1354 5548 1609 5619 σημείου,
1643 5548 1761 5603 ἀλλ’

139 5632 295 5689 οὓτω
327 5634 542 5705 χαύνως
574 5636 710 5705 φασί
740 5654 753 5669 ι
793 5655 813 5690 ι
851 5638 991 5691 Πότε
1026 5631 1129 5692 ὦδε
1161 5642 1591 5712 παραγέγοναςς
1637 5662 1657 5694 ι
1700 5642 1761 5696 Oi

144 5725 262 5797 γάρ
288 5725 582 5796 ζητοῦντες
622 5728 790 5782 αὐτὸν
826 5731 1079 5802 ἁρπάσαι
1123 5734 1219 5784 καὶ
1249 5734 1477 5805 ποιῆσαι
1512 5734 1759 5805 βασιλέα,

146 5819 409 5893 εὑρόντες
434 5821 623 5891 αὑτὸν,
657 5823 810 5878 οὐδὲν
832 5825 1078 5880 τοιοῦτον
1108 5825 1461 5897 βουλεύονται
1488 5844 1500 5857 ·
1537 5828 1674 5883 ἀλλὰ
1703 5830 1765 5882 τὸ

147 5914 345 5986 θαῦμα
396 5916 758 5981 ἐκϐάλλοντες
781 5959 796 5985 ,
829 5919 999 5989 ἄλλης
1040 5918 1269 5992 ζητοῦσι
1303 5922 1587 5995 τραπέζης
1619 5924 1763 5978 ἁπο-

142 6009 363 6079 λαύειν,
395 6011 513 6079 οῖας
538 6011 637 6071 καὶ
666 6016 957 6087 πρότερον.
994 6015 1085 6069 Διὸ
1110 6015 1205 6071 καὶ
1226 6016 1581 6081 ὀνειδίζονται
1616 6019 1765 6089 παρὰ

1868 4790 2027 4845 navis
2060 4790 2365 4857 adfuisset,
2413 4793 2718 4848 verisimile
2768 4796 3015 4864 potuisse
3072 4812 3171 4855 eos
3207 4801 3491 4871 cogitare,

1867 4885 2011 4955 quod
2063 4901 2189 4941 cum
2237 4886 2525 4957 discipulis
2585 4903 2693 4943 non
2735 4892 3049 4961 navigarit,
3083 4895 3178 4949 sed
3226 4894 3280 4950 iu
3323 4896 3489 4954 aliam

1866 4978 2149 5049 ingressus
2181 4978 2499 5035 transferat.
2535 4979 2693 5036 Nunc
2734 4993 2919 5038 autem
2954 5001 3079 5041 cum
3123 4996 3228 5042 una
3274 5001 3491 5047 tantmu

1869 5074 2055 5141 fuerit,
2091 5091 2213 5144 qua:
2238 5074 2539 5145 diScipnlos
2572 5076 2743 5143 solos,
2778 5088 2834 5133 ct
2859 5095 2968 5134 non
3006 5080 3299 5139 Dominum
3325 5100 3491 5143 exce-

1868 5170 2043 5257 perit,
2102 5168 2268 5241 587
2336 5171 2689 5227 manifestum
2746 5184 2832 5228 est
2898 5176 3252 5235 miraculum.
3318 5181 3494 5255 Igitur

1870 5261 2043 5318 turba:
2085 5265 2201 5318 haec
2244 5263 2673 5331 intellexerunt;
2712 5278 2763 5320 et
2798 5278 2922 5335 post
2969 5266 3303 5329 invenerunt
3352 5276 3493 5333 alias

1870 5371 2039 5413 naves
2079 5372 2204 5429 quae
2255 5356 2622 5426 ttajccerant,
2676 5370 2733 5415 et
2775 5364 3155 5426 ascenderunt
3196 5368 3249 5424 in
3285 5368 3407 5425 illas
3441 5384 3499 5426 ct

1869 5452 1923 5505 in
1978 5452 2324 5522 Capernaum
2370 5452 2823 5510 transfretarunt.
2868 5455 2986 5512 Illic
3024 5469 3208 5515 autem
3266 5462 3498 5520 invento

1870 5544 2103 5602 Domino
2129 5587 2143 5613 ,
2178 5562 2287 5602 non
2331 5548 2646 5618 supplicant
2682 5559 2737 5603 et
2781 5564 2979 5623 rogant
3012 5564 3070 5607 ut
3104 5556 3325 5612 discant
3356 5575 3497 5629 quo-

1872 5639 2033 5695 modo
2067 5641 2371 5709 transierit,
2418 5657 2594 5711 neque
2637 5656 2890 5713 qumrunl
2926 5648 2993 5702 de
3030 5649 3135 5703 hoc
3184 5653 3365 5722 signo,
3398 5656 3498 5709 sed

1874 5739 2108 5792 remisse
2140 5737 2373 5793 dicunt:
2413 5756 2430 5787 ι
2474 5738 2704 5803 Quando
2742 5740 2849 5794 ltuc
2887 5745 3125 5798 venisti?
3168 5765 3186 5797 ›
3222 5748 3356 5800 Nam
3404 5751 3496 5815 qui

1870 5832 2193 5902 quierebant
2224 5831 2377 5886 illum
2412 5849 2606 5903 rapere
2644 5843 2696 5887 rt
2728 5835 2906 5890 facere
2934 5852 3139 5907 regem,
3174 5840 3399 5894 invento
3432 5857 3497 5896 eo

1874 5925 2009 5981 nihil
2053 5925 2161 5981 tale
2196 5924 2547 5991 deliberant;
2600 5928 2691 5981 sed
2731 5928 2946 5997 abiecto
2984 5932 3252 5984 mirando
3309 5932 3495 5999 inqui-

1878 6033 2005 6076 runt
2043 6020 2215 6092 magis
2244 6020 2355 6077 frui
2384 6037 2571 6080 mensa
2602 6023 2707 6077 alia
2742 6024 2887 6093 qttuii
2924 6035 2969 6079 ct
2999 6026 3150 6094 prius
3185 6044 3197 6079 :
3238 6035 3490 6093 propter-
