3936 6412
120 379 276 442 1237

830 384 1284 446 ENARRATIO
1324 383 1407 444 IN
1449 385 1964 449 EVANGELIUM
1999 389 2349 454 JOANNIS.
2382 419 2453 429 -
2490 395 2648 457 CAP.
2685 395 2786 460 \‘l.

3337 396 3474 462 1293

118 510 286 565 σητε,
326 494 446 560 πῶς
496 497 744 566 σήμερον
795 496 1194 568 ἐργασάμενοι,
1248 494 1444 566 αὔριον
1496 496 1744 551 ἀναπαύ-

1859 502 2182 570 qtt0tidiana
2214 507 2539 574 operatione
2568 518 2848 578 parantes,
2892 524 2962 565 ne
3012 511 3231 566 solliciti
3258 512 3380 567 silis
3409 516 3478 568 de

387 590 502 643 ἀλλ’
559 593 803 664 ἑκάστης
843 593 1058 664 ἡμέρας
1115 590 1324 661 τροφὴν
1368 594 1431 644 ὲκ
1479 592 1577 662 τῆς
1622 592 1743 645 καθ’

117 684 353 754 ἡμέραν
381 685 648 753 ἐργασίας
693 686 909 757 ἔχοντες
937 727 952 748 ,
1003 687 1080 758 μὴ
1115 689 1427 758 μεριμνᾶτε
1474 687 1605 756 περὶ
1645 687 1745 753 τῆς

118 776 344 848 αῠριον.
401 779 619 849 Βρῶσιν
659 782 714 834 δὲ
771 783 1082 852 μένουσαν,
1118 782 1219 852 τὴν
1271 782 1546 852 μυστικὴν
1594 781 1745 849 λέγει

122 872 444 942 μετάληψιν
465 876 562 942 τῆς
593 877 794 945 σαρκὸς
821 876 913 929 τοῦ
947 875 1176 946 Κυρίου,
1207 879 1273 948 ἢν
1314 877 1479 940 αὐτὸς
1510 879 1645 947 ἡμῖν
1670 876 1742 928 δί⁸

117 963 316 1030 δωσιν,
343 965 470 1029 Υἱὸς
499 968 792 1038 ἀνθρώπου
826 969 1144 1039 γενόμενος,
1179 970 1238 1022 ὃν
1262 972 1290 1023 ὁ
1321 970 1511 1040 Πατὴρ
1540 969 1748 1040 ἐσφρά-

119 1075 277 1124 γισε,
331 1061 634 1126 τουτέστιν,
687 1063 1001 1128 ἀπέδειξεν,
1057 1063 1410 1128 ἐϐεϐαίωσεν,
1478 1065 1560 1117 ὅτι
1595 1063 1745 1116 ἔστιν

125 1153 264 1217 Υἱὸς
312 1155 504 1208 αὐτοῦ.
571 1156 850 1221 Ἀπέδειξε
892 1157 994 1228 μὲν
1031 1159 1141 1229 γὰρ
1190 1159 1284 1211 καὶ
1337 1159 1502 1221 αὐτὸς
1549 1157 1747 1211 ἑαυτὸν

117 1248 149 1299 ὀ
175 1247 416 1316 Χριστὸς
443 1248 532 1302 διὰ
556 1249 666 1302 τῶν
694 1249 995 1320 θαυμάτων
1019 1270 1031 1282 ο
1061 1253 1183 1305 ἐπεὶ
1207 1253 1264 1305 δὲ
1288 1252 1424 1323 πρὸς
1460 1252 1747 1318 Ἰουδαίους

116 1341 474 1410 διαλέγεται,
519 1344 605 1398 ἵνα
666 1347 740 1417 μὴ
793 1347 1176 1418 ταραχθῶσιν,
1234 1348 1327 1400 ἐπὶ
1379 1347 1472 1401 τδν
1523 1347 1746 1419 Πατέρα

117 1434 446 1505 ἀνατρέχει,
479 1437 753 1506 καίφησι,
789 1440 922 1510 παρ’
961 1441 1127 1495 αὑτοῦ
1161 1441 1558 1510 ὲσφραγίσθαι,
1590 1459 1748 1495 τουτ⁹

116 1529 313 1591 ἐστιν,
375 1531 794 1602 ἀποδεδεῖχθαι,
876 1536 1366 1605 μεμαρτυρῆσθαι.
1438 1534 1594 1587 Ἐπεὶ
1653 1535 1746 1588 καὶ

117 1621 296 1674 εἰκών
333 1623 448 1675 ἐστι
479 1624 573 1677 τοῦ
608 1625 821 1695 Πατρὸς
855 1629 882 1679 ὁ
913 1626 1064 1692 Υἱὸς,
1103 1628 1199 1680 καὶ
1234 1627 1590 1697 σφράγισμα,
1651 1627 1747 1680 καὶ

115 1716 427 1788 χαρακτὴρ
453 1760 465 1779 ,
520 1718 631 1769 νόει
682 1721 812 1788 παρ’
862 1721 1030 1774 αὐτοῦ
1071 1721 1484 1791 σφραγι-σθῆναι
1517 1719 1745 1782 τοῦτον,

116 1806 252 1859 καθ’
289 1807 317 1860 ὃ
365 1808 533 1861 εἰκὼν
574 1811 668 1863 καὶ
716 1812 1052 1884 σφράγισμα
1088 1816 1280 1868 ἐστιν·
1323 1814 1466 1868 ὥστε
1507 1810 1647 1867 εἶναι
1686 1812 1746 1864 τὸ

119 605 186 640 σε
198 588 294 642 σθε
319 607 330 620 ’

1857 598 2124 654 crastino.
2172 598 2370 655 Cibum
2413 611 2597 656 autem
2640 613 2976 670 manentem,
3012 607 3306 676 mysticam
3347 607 3480 663 dicit

1854 692 2225 762 suinptioncm
2271 696 2453 750 carnis
2506 697 2761 763 Domini,
2813 714 2978 769 quam
3014 701 3172 756 nobis
3219 702 3337 771 ipse
3387 703 3479 757 dat.

1855 783 2024 838 Filius
2061 785 2299 842 hominis
2337 788 2534 855 factus,
2570 807 2734 862 quem
2775 793 2937 848 Pater
2981 796 3330 864 obsignavit,
3374 796 3477 850 hac

1853 889 1933 932 est
1967 882 2205 934 ostendit
2235 892 2287 936 et
2318 886 2668 940 conﬁrmavit
2694 889 2842 958 quod
2887 888 2959 944 sit
3009 889 3177 943 Filius
3213 905 3385 952 suns;
3423 899 3476 943 et

1855 973 1969 1043 ipse
1999 976 2222 1044 quidem
2261 973 2515 1033 Christus
2561 982 2797 1036 ostendit
2832 997 2891 1036 se
2919 999 3018 1053 per
3045 984 3347 1048 miracula;
3381 985 3477 1037 sed

1852 1068 1979 1137 quia
2014 1085 2136 1123 cum
2171 1070 2376 1127 Judaeis
2406 1074 2672 1144 loquitur,
2719 1087 2776 1130 ut
2809 1094 2880 1132 ne
2907 1080 3221 1143 turbentur,
3263 1081 3328 1133 ad
3378 1078 3480 1132 Pa-

1854 1169 1992 1214 trem
2038 1165 2297 1230 recurrit,
2356 1175 2410 1222 et
2451 1169 2583 1224 dicit
2635 1170 2704 1225 ab
2757 1171 2850 1226 illo
2899 1188 2958 1228 se
3007 1174 3284 1244 signatum
3330 1188 3473 1234 esse.

1855 1251 1956 1308 hoc
1996 1267 2102 1320 est,
2164 1268 2537 1315 monstratum
2581 1272 2636 1316 et
2692 1265 3028 1320 testimoniis
3084 1265 3496 1319 conﬁrmatum

1853 1359 2016 1415 esse;
2047 1350 2172 1418 quia
2206 1361 2261 1406 et
2295 1353 2474 1424 imago
2494 1364 2576 1410 est
2603 1355 2785 1412 Patris
2815 1358 3008 1425 Filios,
3046 1370 3098 1414 et
3132 1359 3477 1430 signaculum

1853 1445 1908 1491 et
1939 1438 2248 1510 character,
2285 1444 2533 1515 intellige
2570 1447 2637 1502 ab
2669 1448 2761 1503 illo
2797 1450 2942 1505 hunc
2984 1451 3284 1521 signatum,
3339 1467 3479 1520 qua-

1857 1538 2013 1586 tenus
2040 1533 2220 1604 imago
2253 1546 2309 1593 et
2360 1538 2601 1609 sigillum
2655 1552 2776 1609 est;
2813 1553 2867 1598 et
2904 1545 2973 1597 ita
3017 1561 3077 1599 se
3127 1545 3292 1600 habet
3332 1545 3477 1616 quod

1855 1626 2009 1693 dicit,
2044 1627 2203 1684 Hunc
2246 1631 2391 1686 enim
2426 1634 2518 1701 qui
2557 1635 2851 1690 videbatur
2900 1637 3072 1692 Filius
3112 1639 3377 1702 hominis,
3413 1638 3482 1692 si-

1854 1719 2040 1788 gnavit
2091 1720 2272 1790 Pater,
2339 1726 2441 1781 hoc
2484 1735 2566 1782 est
2619 1729 2970 1799 signaculum
3002 1747 3160 1786 suum
3197 1743 3251 1785 ct
3287 1733 3479 1801 imagi-

1857 1829 1978 1868 nem
2030 1817 2253 1884 genuit,
2309 1833 2432 1888 quae
2484 1821 2709 1878 haberet
2756 1824 2808 1879 in
2853 1840 2910 1880 se
2959 1841 3126 1880 omne
3180 1826 3329 1898 quod
3363 1827 3476 1896 ipse

115 1901 424 1974 λεγόμενον
490 1905 777 1959 τοιοῦτονο
812 1906 1022 1961 Τοῦτον
1089 1909 1200 1979 γὰρ
1253 1908 1346 1961 τὸν
1416 1907 1744 1977 φαινόμενον

1855 1907 2111 1974 habebat,
2144 1919 2198 1964 et
2229 1914 2535 1969 naturalem
2569 1931 2694 1972 eum
2728 1919 2844 1989 ipsa
2881 1919 3254 1977 identitatcm.

117 1998 258 2052 Υἱδν
315 2000 641 2070 ἀνθρώπου,
702 2003 1044 2076 ἐσφράγισεν
1102 2007 1129 2059 ὁ
1178 2006 1408 2076 Πατὴρ,
1451 2005 1742 2066 τουτέστι,
1789 2006 2066 2075 σφραγῖδα
2097 2009 2298 2079 ,αὖτοῦ
2332 2013 2426 2066 καὶ
2460 2014 2651 2070 είκόνα
2695 2017 2983 2089 ἐγέννησε,
3055 2019 3482 2093 ἀπαραλλαξίαν

120 2095 314 2147 πᾶσαν
352 2097 446 2149 καὶ
492 2097 799 2169 ταυτότητα
851 2101 1096 2170 φυσικὴν
1133 2103 1271 2171 πρὸς
1313 2102 1481 2156 αὑτὸν
1528 2098 1958 2162 ἁποσὼζουσαν.

207 2204 228 2238 ‹
275 2183 444 2242 Εἶπον
481 2186 577 2242 οὖν
622 2192 761 2262 πρὸς
794 2193 996 2246 αὐτόν’
1031 2195 1097 2247 Τί
1137 2195 1413 2265 ποιῶμεν,
1447 2194 1535 2249 ἵνα
1576 2196 1745 2264 ἐργα-

119 2276 359 2347 ζώμεθα
392 2281 462 2334 τὰ
513 2282 652 2352 ἔργα
700 2283 794 2337 τοῦ
838 2285 1015 2351 Θεοῦ;
1073 2287 1378 2357 Ἀπεκρίθη
1428 2289 1455 2340 ὁ
1509 2285 1742 2357 Ἰησοῦς.

119 2376 226 2426 καὶ
256 2370 410 2426 εἶπεν
446 2377 631 2440 αὐτοῖς
652 2395 666 2410 '
701 2378 874 2432 Τοῦτό
908 2382 1025 2434 ἐστι
1056 2381 1116 2434 τὸ
1146 2381 1309 2453 ἔργον
1338 2380 1435 2434 τοῦ
1462 2381 1624 2446 Θεοῦ,
1660 2383 1746 2436 ἵνα

122 2465 470 2539 πιστεύσητε
527 2472 609 2534 εἰς
664 2471 723 2525 ὃν
773 2474 1100 2529 ἀπέστειλεν
1157 2477 1390 2541 ἐκεῖνος.
1438 2471 1610 2531 Εἶπον
1650 2475 1746 2530 οὖν

121 2558 283 2627 αὐτῷ
311 2577 322 2590 ·
363 2560 428 2612 Τί
459 2557 554 2614 οὗν
596 2565 774 2626 ποιεῖς
829 2564 893 2616 σὺ
939 2566 1202 2635 σημεῖον,
1255 2567 1342 2619 ἵνα
1377 2566 1581 2635 ἴδωμεν
1604 2607 1618 2631 ,
1653 2564 1748 2618 καὶ

122 2651 523 2721 πιστεύσωμέν
575 2671 658 2708 σοι
686 2673 700 2718 ;
733 2656 799 2707 Τί
841 2657 1092 2730 ὲργάξῃς
1134 2677 1152 2710 ι
1197 2659 1465 2728 Ζητοῦσιν
1511 2661 1560 2711 οἱ
1609 2659 1745 2712 Ἰουο

118 2742 270 2796 δαῖοι
306 2745 502 2814 μαθεῖν
535 2746 596 2798 τὸ
634 2746 796 2816 ἔργον
829 2748 923 2801 τοῦ
955 2749 1117 2815 Θεοῦ,
1155 2752 1256 2820 οὐχ
1292 2751 1381 2804 ἵνα
1411 2748 1572 2803 τοῦτο
1604 2751 1750 2822 πρά-

124 2835 319 2901 ξωσιν,
356 2837 473 2890 ἀλλ’
514 2839 600 2892 ἵνα
645 2839 952 2910 δράξωνται
985 2844 1265 2914 ἀφορμάς.
1311 2843 1483 2907 Εἰδὼς
1514 2840 1608 2898 οὖν
1647 2847 1748 2899 au-

119 2930 256 2992 τοὺς
292 2931 461 2999 μηδὲν
486 2929 1050 3004 ὠφεληθησομένους,
1079 2937 1231 3006 ὅμως
1263 2936 1352 2990 διὰ
1384 2937 1444 2990 τὸ
1474 2955 1744 3008 κοινωφε-

120 3024 220 3086 λὲς
252 3027 351 3096 τῆς
383 3025 737 3092 διδασκαλίας
786 3032 1175 3102 ἀποκρίνεται,
1216 3033 1308 3086 καὶ
1352 3026 1744 3089 ὑ”ποδείκνυσιν

121 3118 334 3184 αὐτοῖς,
376 3121 581 3191 μᾶλλον
621 3123 678 3177 δὲ
723 3128 890 3180 πᾶσιν
921 3126 1261 3198 ἀνθρώποις,
1311 3129 1394 3183 ὅτι
1433 3129 1595 3184 τοῦτό
1627 3132 1746 3184 ἐστι

118 3213 187 3265 τὸ
214 3211 374 3283 ἔργον
403 3215 498 3269 τοῦ
528 3216 688 3283 Θεοῦ,
731 3220 792 3272 τὸ
835 3221 1119 3276 πιστεύειν
1155 3225 1234 3285 είς
1266 3222 1325 3275 ὃν
1364 3226 1571 3286 ἐκεῖνος
1604 3225 1742 3278 ἁπέο

122 3305 363 3362 στειλεν.
403 3307 468 3363 ’Ιί
503 3309 611 3381 γὰρ
638 3313 717 3374 είς
750 3313 916 3366 αὑτὸν
949 3316 1156 3380 πίστις,
1189 3316 1354 3387 ἔργον
1386 3317 1563 3382 ὅντως
1597 3320 1746 3392 ἱερόν

118 3417 184 3453 τε
225 3401 320 3453 καὶ
370 3401 599 3469 τέλειον,
657 3404 753 3457 καὶ
786 3407 1031 3473 ἁγιάζον
1079 3409 1208 3472 τοὺς
1251 3409 1461 3480 ταύτην
1493 3410 1738 3482 ἔχοντας.

132 3491 366 3563 Ὀδηγδς
412 3495 522 3567 γὰρ
565 3497 782 3565 γίνεται
821 3500 853 3570 ἠ
891 3501 1128 3571 ἀκριϐὴς
1166 3503 1352 3564 πίστις
1385 3505 1524 3574 πρὸς
1556 3507 1741 3559 πᾶσαν

119 3577 347 3658 ἀγαθὴν
397 3590 690 3661 ἐργασίαν,
733 3593 828 3646 καὶ
885 3595 916 3663 ὴ
969 3595 1153 3666 ἀγαθὴ
1196 3597 1438 3666 ἐργασία
1487 3601 1745 3670 συντηρεῖ

117 3680 233 3750 τὴν
260 3683 463 3736 πίστιν.
504 3704 521 3736 ι
565 3685 646 3740 Τά
669 3703 729 3738 τε
767 3686 877 3755 γὰρ
919 3686 1060 3756 ἔργα
1092 3690 1227 3761 ἄτερ
1267 3690 1509 3756 πίστεως
1545 3694 1742 3763 νεκρὰ,

119 3775 224 3829 καὶ
266 3778 297 3846 ἡ
339 3777 524 3841 πίστις
558 3781 728 3850 χωρὶς
758 3781 959 3852 ἔργων,
1004 3802 1022 3834 ι
1060 3785 1204 3856 Ὅρα
1255 3785 1311 3838 δὲ
1339 3787 1744 3859 ἀγνωμοσύνην

120 3869 225 3924 καί⁵
253 3871 616 3944 ἀναισθησίαν
640 3892 652 3904 ·
691 3878 922 3945 σημεῖον
952 3877 1115 3931 πάλιν
1141 3878 1402 3949 ζητοῦσιν
1423 3882 1473 3933 οἱ
1502 3881 1745 3934 τοσαῦτα

120 3964 225 4018 καὶ
282 3965 596 4036 τηλικαῦτα
655 3969 880 4036 ἰδόντες,
915 3971 1012 4024 καὶ
1064 3972 1124 4025 τὸ
1155 3973 1266 4027 τῶν
1300 3972 1487 4046 ἄρτων
1541 3975 1745 4046 μᾶλλον

120 4060 222 4130 ἀφ’
254 4053 331 4114 ὧν
378 4062 781 4134 ἐκορέσθησαν.
828 4067 919 4130 Ὠς
951 4070 1366 4142 γαστρίμαργοι
1395 4069 1521 4140 οὖν,
1580 4075 1744 4130 πάλιν

119 4156 369 4211 τοιοῦτον
398 4159 616 4212 αἰτοῦσι
659 4163 914 4231 σημεῖον,
957 4166 1039 4228 εἰς
1090 4169 1340 4239 γαστέρα
1380 4170 1567 4233 αὐτοῖς
1602 4188 1745 4238 συμ-

121 4250 482 4323 ϐαλλόμενον.
534 4254 661 4308 Ὅτι
710 4255 766 4310 δὲ
821 4257 985 4311 τοῦτο
1035 4260 1275 4331 ἀληθὲς,
1307 4262 1473 4334 δῆλον
1515 4265 1581 4317 ἐκ
1633 4264 1744 4318 τῶν

121 4346 277 4418 ἑξῆς.

202 4457 224 4493 ι
260 4440 322 4495 Oi
359 4441 601 4515 πατέρες
629 4444 790 4516 ἡμῶν
812 4447 870 4499 τὸ
903 4447 1083 4517 μάννα
1106 4449 1312 4519 ἔφαγον
1334 4447 1393 4504 ἒν
1421 4455 1486 4524 τῇ
1519 4455 1738 4527 ἐρήμῳ,

121 4532 313 4599 καθώς
348 4536 468 4620 ἐστι
513 4541 908 4610 γεγραμμένον
931 4560 943 4573 ·
1015 4545 1219 4614 ’Ἄρτον
1276 4547 1341 4599 ἐκ
1374 4546 1470 4600 τοῦ
1504 4551 1740 4620 οὐρανοῦ

119 4625 332 4682 ἔδωκεν
371 4615 557 4692 α’ὐτοῖς
591 4631 810 4700 φαγεῖν.
855 4626 1026 4686 Εἶπεν
1061 4633 1155 4688 οὖν
1203 4637 1389 4700 aii-cei;
1428 4641 1455 4692 ὁ
1508 4639 1740 4710 Ἰησοῦς·

137 4719 338 4793 Ἀμὴν,
373 4721 525 4793 ἀμὴν
547 4723 696 4793 λέγω
715 4725 869 4796 ὑμῖν,
901 4727 962 4779 οὐ
995 4729 1205 4798 Μωσῆς
1228 4731 1466 4786 δέδωκεν
1494 4735 1624 4805 ὑμῖν
1653 4737 1744 4790 τὸν

1932 2196 2092 2254 Vens.
2133 2197 2328 2256 28-50.
2379 2221 2397 2252 ι
2446 2201 2708 2258 Dixerunt
2743 2219 2880 2274 ergo
2909 2207 2975 2262 ad
3008 2221 3131 2260 emn
3175 2225 3187 2262 τ
3223 2209 3364 2274 Quid
3400 2208 3483 2262 fa-

1851 2291 2063 2346 ciemus
2098 2302 2156 2346 nt
2187 2307 2484 2364 operemur
2513 2311 2678 2368 opera
2713 2299 2851 2353 Dei?
2896 2299 3207 2372 Respondit
3237 2301 3399 2359 Jcsus
3429 2311 3484 2358 et

1851 2384 1989 2440 dixit
2036 2387 2119 2442 eis
2170 2407 2181 2443 :
2221 2388 2337 2446 lloc
2389 2403 2473 2447 est
2518 2409 2656 2464 opus
2711 2393 2829 2463 Dei,
2872 2405 2931 2451 ut
2973 2397 3216 2453 credatis
3254 2398 3307 2452 in
3354 2414 3477 2454 cum

1851 2493 2013 2547 quem
2067 2481 2213 2535 misit
2253 2482 2360 2539 ille.
2405 2484 2674 2542 Dixerunt
2727 2502 2860 2557 ergo
2901 2489 2991 2544 ei:
3027 2489 3182 2557 Quod
3241 2504 3374 2559 ergo
3421 2498 3474 2544 ttt

1852 2569 1987 2625 fatis
2025 2572 2240 2642 signum
2291 2584 2353 2629 ut
2389 2576 2673 2633 videamus
2726 2588 2779 2633 et
2827 2581 3122 2635 credamus
3176 2579 3315 2635 tibi?
3348 2581 3479 2651 quid

1851 2667 2137 2732 Operaris?
2181 2689 2199 2721 ι
2237 2669 2500 2737 Qumrunt
2534 2671 2708 2728 Jndmi
2753 2675 2970 2731 discere
3009 2691 3148 2745 opus
3196 2675 3328 2743 Dei,
3371 2693 3478 2731 non

1853 2767 1913 2810 nt
1946 2759 2046 2812 hoc
2094 2758 2327 2829 faciant,
2376 2766 2469 2819 sed
2522 2775 2581 2820 nt
2627 2769 2977 2824 occasionem
3033 2771 3475 2840 apprehendant.

1857 2850 2118 2908 Dominus
2152 2865 2333 2911 autem
2371 2861 2626 2929 quamvis
2661 2864 2834 2919 sciret
2883 2879 2980 2919 eos
3017 2865 3224 2919 tmllam
3268 2865 3479 2922 utilita-

1855 2955 1960 2999 tem
2018 2959 2398 3020 percepturos,
2455 2955 2742 3023 respondit
2797 2965 2979 3011 tamen
3026 2973 3126 3028 per
3158 2955 3475 3012 doctrinam

1852 3039 2038 3095 utilem
2074 3043 2359 3109 omnibus,
2397 3055 2452 3101 et
2495 3048 2738 3103 ostendit
2767 3049 2884 3115 eis,
2921 3050 3032 3104 imo
3068 3050 3327 3105 omnibus
3368 3049 3470 3105 ho-

1853 3135 2124 3202 minibus,
2186 3141 2333 3209 quod
2392 3143 2494 3198 hoc
2552 3143 2624 3199 sit
2651 3159 2790 3214 opus
2831 3145 2926 3200 Dei
2976 3147 3204 3202 credere
3241 3147 3296 3202 itt
3336 3165 3465 3207 eum

1852 3246 2014 3298 quem
2068 3232 2158 3288 ille
2188 3235 2358 3290 misit.
2407 3233 2545 3290 Nam
2590 3237 2724 3292 ﬁdes
2762 3254 2892 3310 erga
2944 3239 3135 3308 illum,
3172 3257 3312 3312 opus
3351 3261 3481 3315 pro-

1854 3326 1997 3380 fecto
2035 3336 2119 3382 rst
2151 3339 2407 3383 sanetum
2441 3341 2493 3384 et
2539 3332 2871 3401 perfectum,
2903 3344 2956 3391 et
2994 3339 3353 3396 sanetilicaus
3383 3355 3479 3396 eos

1851 3419 1944 3489 qui
1986 3420 2133 3474 illam
2185 3422 2408 3478 habent.
2473 3424 2590 3479 Dux
2633 3427 2780 3481 enim
2837 3428 2896 3483 ﬁt
2949 3423 3184 3500 diligens
3245 3432 3381 3490 ﬁdes
3411 3435 3480 3490 ad

1850 3529 2070 3570 omnem
2109 3516 2308 3572 bonam
2342 3520 2749 3591 operationem,
2786 3532 2842 3581 et
2869 3524 3014 3580 bona
3048 3525 3301 3595 operatio
3348 3541 3483 3583 con-

1853 3619 2044 3664 servat
2102 3609 2288 3667 ﬁdem.
2361 3633 2378 3665 l
2445 3613 2585 3670 Nam
2635 3626 2690 3673 et
2735 3633 2904 3688 opera
2953 3621 3073 3676 sine
3119 3620 3225 3678 ﬁde
3260 3632 3479 3678 mortua

1852 3712 2018 3768 sunt,
2054 3712 2111 3760 et
2141 3705 2274 3761 ﬁdes
2303 3707 2424 3762 sine
2455 3709 2717 3774 operibus
2740 3709 2807 3768 ⁸⁸.
2852 3731 2871 3765 ι
2912 3712 3051 3768 Vide
3079 3725 3266 3770 autem
3304 3716 3482 3786 ingrav

1853 3796 2141 3853 titudiuem
2180 3799 2595 3867 inscusatorutn
2632 3823 2644 3858 :
2699 3805 2915 3875 signum
2950 3809 3151 3863 iterum
3190 3821 3478 3880 quzerunt,

1849 3895 2105 3962 quamvis
2141 3904 2289 3947 tanta
2340 3906 2394 3950 et
2433 3897 2559 3951 talia
2595 3899 2858 3968 viderint,
2905 3911 2963 3958 et
2993 3904 3237 3958 maxime
3273 3920 3478 3975 panum

1851 3985 2052 4053 quibus
2095 3989 2325 4042 saturati
2368 3988 2607 4047 fuerant.
2644 3991 3204 4073 Veregastrimargi,
3239 3999 3332 4068 qui
3379 3999 3481 4054 itc—

1853 4096 1972 4134 rum
2006 4082 2224 4152 signum
2275 4085 2384 4141 tale
2416 4097 2695 4156 qumrnut,
2742 4091 2887 4158 quod
2925 4091 3102 4146 ventri
3135 4094 3426 4162 prodesset
3462 4113 3476 4149 :

1851 4183 1904 4229 et
1941 4175 2085 4244 quod
2123 4177 2225 4232 hoc
2271 4179 2344 4233 sit
2398 4195 2585 4236 verum
2623 4223 2636 4249 ,
2682 4181 2853 4254 589
2890 4183 3248 4242 manifestum
3282 4195 3368 4243 est
3414 4202 3480 4243 ex

1850 4269 2234 4340 Sequentibus.

1928 4457 2089 4512 Vens:
2113 4458 2304 4514 fil-54.
2339 4477 2357 4511 ι
2398 4460 2591 4518 Patres
2622 4467 2794 4521 nostri
2823 4472 3300 4527 manducm'erunt
3326 4490 3479 4530 man-

1852 4571 1918 4609 na
1968 4557 2018 4609 in
2059 4557 2300 4624 deserto,
2362 4559 2505 4614 sicut
2550 4561 2816 4632 scriptum
2857 4573 2940 4621 est
2969 4583 2982 4620 :
3014 4566 3216 4623 Panem
3247 4573 3312 4624 de
3341 4572 3480 4625 coelo

1851 4649 2001 4704 dedit
2061 4650 2141 4705 cis
2191 4652 2259 4706 ad
2311 4654 2611 4709 edendum.
2665 4656 2810 4712 Dixit
2873 4660 2955 4715 eis
3002 4661 3228 4720 Jcsus,:
3279 4666 3477 4731 Amen,

1853 4759 2007 4798 amen
2066 4745 2190 4800 dico
2241 4747 2398 4803 vobis
2448 4761 2461 4808 :
2517 4765 2621 4806 ttOu
2682 4753 2870 4809 Moses
2925 4756 3072 4812 dedit
3117 4759 3274 4816 vobis
3325 4762 3476 4817 illttm

123 4813 293 4885 ἄρτον
335 4816 399 4869 ἐκ
434 4815 531 4869 τοῦ
583 4818 842 4889 οὐρανοῦο
881 4820 1001 4873 ἀλλ’
1038 4823 1064 4875 ὁ
1105 4823 1300 4895 Πατήρ
1360 4843 1463 4896 μου
1524 4829 1743 4884 δίδωσιν

1855 4852 2050 4906 panem
2088 4839 2152 4893 de
2186 4841 2348 4907 coelo,
2392 4843 2489 4897 sed
2538 4842 2704 4900 Pater
2748 4863 2904 4904 meus
2942 4850 3035 4906 dat
3075 4856 3226 4909 vobis
3279 4874 3476 4926 ptznem

121 4907 260 4977 ὑμῖν
289 4907 381 4962 τὸν
411 4909 577 4981 ἄρτον
608 4912 672 4964 ὲκ
701 4912 796 4965 τοῦ
825 4914 1062 4985 οὐρανοῦ
1093 4917 1184 4970 τὸν
1222 4919 1500 4990 ἀληθινόν.
1547 4923 1605 4977 '0
1635 4928 1746 4996 γὰρ

122 5000 292 5074 ἄρτος
326 5003 422 5056 τοῦ
463 5003 600 5057 Θεοῦ
639 5007 788 5059 ἐστιν
819 5010 844 5060 ὁ
873 5009 1226 5064 καταϐαίνων
1261 5015 1324 5066 ὲκ
1357 5015 1452 5068 τοῦ
1486 5017 1744 5089 οὐρανοῦ,

124 5094 226 5150 καὶ
257 5094 405 5166 ζωὴν
434 5097 615 5162 διδοὺς
644 5099 722 5170 τῷ
754 5101 969 5174 κόσμῳ.
1007 5101 1178 5159 Εἶπον
1211 5103 1304 5161 οὖν
1362 5110 1502 5181 πρὸς
1555 5113 1742 5166 αὐτόν’

127 5205 147 5238 ι
187 5175 384 5259 Κύριε,
436 5190 673 5245 πάντοτε
729 5193 817 5255 δὸς
863 5198 997 5265 ἡμῖν
1025 5199 1115 5251 τὸν
1147 5200 1313 5269 ἄρτον
1353 5201 1564 5257 τοῦτον.
1611 5225 1627 5258 ι
1668 5207 1742 5259 Οὐ

125 5280 310 5352 μάτην
343 5281 633 5354 ἐλέγομεν,
665 5286 750 5339 ὅτι
785 5287 861 5351 ὡς
893 5293 961 5360 τῇ
995 5293 1179 5364 κοιλίᾳ
1204 5295 1580 5362 δουλεύοντες,
1612 5300 1744 5372 ἐζή-

120 5389 252 5425 τουν
284 5378 512 5445 σημεῖον
535 5393 547 5407 ·
583 5371 696 5431 οἷον
723 5374 791 5450 ἦν
829 5381 891 5434 τὸ
919 5383 1030 5435 τῶν
1063 5384 1290 5454 ἄρτων.’
1319 5390 1450 5444 Ἰδοὺ
1478 5390 1611 5459 γοῦν
1644 5394 1740 5447 τοῦ

124 5466 305 5537 μάννα
342 5469 674 5540 μέμνηνται,
712 5476 808 5526 καὶ
855 5478 954 5547 οὐχ
993 5479 1183 5551 ἑτέρου
1236 5484 1384 5547 τινος
1427 5486 1737 5558 θαύματος,

121 5560 237 5613 εἴτε
281 5560 391 5614 τῶν
424 5565 768 5636 Αἰγυπτίων,
827 5572 939 5626 εἴτε
990 5575 1101 5628 τῶν
1137 5577 1280 5631 κατὰ
1315 5580 1417 5650 τὴν
1466 5583 1739 5656 Ἐρυθρὰν

121 5652 429 5710 θάλασσαν.
482 5659 811 5732 Βουλόμενοι
847 5666 960 5738 γὰρ
998 5670 1247 5740 ἐρεθίσαι
1300 5675 1491 5743 αὐτὸν,
1529 5652 1616 5731 ἵνα
1640 5652 1741 5733 ααὶ

120 5746 285 5810 alno;
314 5748 562 5803 τοιοῦτον
591 5758 819 5825 σημεῖον
854 5763 1078 5834 ποιήσῃ,
1105 5765 1244 5836 ὅπερ
1273 5763 1510 5837 ἠδύνατο
1541 5771 1742 5833 αὐτοὺς

194 5931 239 5962 ’⁸
272 5929 390 5990 Jac.
445 5950 503 6004 tt,
544 5935 636 5993 :30.

1851 4931 1918 4985 de
1949 4932 2093 4987 crelo
2147 4947 2362 4988 verum.
2390 4934 2556 4993 Panis
2589 4940 2739 4994 enim
2795 4943 2887 4999 Dei
2919 4947 3158 5017 _csl,qui
3212 4950 3279 5004 de
3341 4951 3477 5006 coelo

1851 5026 2156 5093 descendit,
2196 5039 2250 5084 et
2291 5029 2383 5084 dat
2434 5031 2601 5086 vitam
2643 5036 2873 5091 mundo.
2907 5037 3171 5094 Dixerunt
3222 5057 3356 5115 ergo
3411 5049 3476 5098 ad

1847 5134 1969 5172 cum
2001 5135 2016 5175 :
2043 5119 2292 5187 Domine,
2319 5138 2539 5194 semper
2561 5125 2625 5181 da
2663 5128 2824 5185 nobis
2850 5147 3046 5201 panem
3068 5133 3252 5189 istum.
3295 5159 3312 5191 ι
3354 5136 3472 5194 Non

1847 5210 2051 5267 frustra
2072 5214 2310 5270 diximus
2327 5218 2473 5287 quod
2501 5223 2674 5276 ventri
2707 5226 3011 5282 servientes
3044 5232 3369 5297 qumrebant
3393 5236 3472 5287 si-

1844 5321 2010 5375 gnum
2030 5307 2197 5376 quale
2220 5319 2339 5364 erat
2364 5311 2584 5380 signum
2607 5329 2830 5382 panum.
2854 5317 2994 5374 Ecce
3014 5332 3067 5374 et
3091 5338 3304 5377 mantia":
3325 5340 3473 5379 men-

1848 5398 2052 5451 tionem
2074 5399 2300 5464 faciunt,
2326 5410 2501 5457 etnon
2528 5405 2756 5461 alterius
2774 5409 3022 5465 miraculi
3042 5415 3122 5466 vel
3141 5415 3194 5469 in
3215 5415 3474 5486 Egypto,

1854 5495 1934 5548 vel
1962 5495 2010 5548 in
2033 5497 2170 5550 mari
2209 5497 2417 5554 Rubro.
2444 5500 2702 5558 Volentes
2732 5507 2878 5561 enim
2903 5508 3137 5566 incitare
3166 5528 3289 5566 eum
3327 5524 3383 5567 ιιι
3421 5523 3476 5569 et

1849 5587 1963 5655 ipse
1997 5588 2104 5644 tale
2121 5582 2339 5661 signum
2363 5591 2570 5650 faceret
2612 5612 2721 5667 qtto
2756 5601 3053 5658 carnaliter
3089 5617 3470 5673 pascerentur,

1853 5684 2215 5740 recordantnr
2233 5701 2448 5743 manna:
2474 5701 2700 5761 propter
2723 5696 3076 5752 immodicam
3101 5699 3305 5769 gulam.
3330 5702 3471 5766 Quid

1851 5776 2020 5848 igitur
2057 5779 2325 5836 immensa
2363 5781 2456 5837 Dci
2493 5786 2764 5854 sapientia
2803 5789 3066 5848 Dominus
3100 5802 3288 5849 noster
3314 5791 3471 5849 .icstts
