3936 6396
495 314 633 377 t2:9
1424 274 2015 381 THEOPHYDLACTI
2055 311 2469 377 BULGARI/E
2508 310 2873 374 ARCBIEP.
3664 309 3783 374 13m

484 433 594 487 Chr
620 444 739 486 stus
791 426 1076 496 respondet
1111 426 1274 482 eis‘h
1331 423 1449 480 Non
1507 424 1683 482 Moses
1734 428 1883 482 dedit
1932 427 2037 483 vob

2236 426 2393 498 ρέψαι
2423 424 2727 497 σαρκικῶς,
2766 423 3079 495 μέμνηνται
3110 421 3205 477 τοῦ
3236 420 3420 493 μάννα
3451 422 3549 477 διὰ
3579 440 3790 494 γαστρι-

487 542 704 594 pzmem,
752 544 770 577 ι
807 524 907 579 hoc
958 508 1269 579 est'verum
1326 537 1520 592 panem
1570 536 1672 576 non
1723 521 1872 577 dedit
1927 521 2041 575 vobi

2234 520 2434 591 αργίας
2472 517 2807 589 ὑπερϐολήν.
2863 516 2929 572 Τί
2986 515 3081 571 οὖν
3133 518 3166 588 ἡ
3210 517 3449 589 ἄπειρος
3508 516 3613 570 τοῦ
3668 517 3788 570 Θεώ

483 619 682 675 Moses.
732 615 929 672 Omnia
978 617 1125 673 enim
1166 631 1286 685 qua:
1323 626 1449 669 tunc
1500 612 1720 679 ﬁebant,
1771 613 1879 684 typi
1927 628 2036 668 erat

2233 613 2369 683 xpla,
2402 611 2431 664 6
2461 611 2665 681 Κύριος
2694 610 2858 683 ἡμῶν
2895 609 3129 682 Ἰησοῦς.
3164 610 3544 680 ἀποκρίνεται
3573 610 3787 676 αὑτοίςς

484 724 672 765 eorum
703 724 825 778 qum
857 724 1001 763 nunc
1033 707 1187 762 ﬁunt.
1236 706 1411 761 Moses
1448 706 1593 759 enim
1650 704 1877 777 ﬁguram
1917 705 2038 762 habt

2238 706 2310 759 )τι
2343 723 2361 757 ι
2401 706 2475 759 Οὐ
2512 704 2719 772 Μωσῆς
2765 702 3000 757 δέδωκεν
3036 701 3165 774 ὑμῖν
3197 701 3292 755 τὸν
3326 700 3525 773 άρτον*
3586 719 3608 753 ι
3652 718 3792 755 τουτ-

483 806 575 857 bat
607 802 726 865 Dei,
751 802 865 856 veri
898 800 1260 873 spiritualium
1306 798 1674 853 lsraclitarum
1708 799 1883 855 ducis.
1915 798 2037 854 Pani

2232 816 2322 864 ττι,
2361 797 2453 850 τὸν
2519 797 2777 863 ἀληθινὸν
2810 796 2977 869 ἄρτον
3010 797 3071 851 ού
3101 796 3338 851 δέδωκεν
3389 797 3533 868 ὑμῖν
3566 796 3786 866 Μωσῆς·

482 906 664 951 autem
695 896 782 949 ille
813 896 980 965 ﬁgura
1013 904 1094 949 est
1140 892 1271 956 mei,
1297 894 1389 962 qui
1426 891 1495 948 de
1538 893 1681 948 ctelo
1717 892 1997 956 descendi,
2027 909 2036 943 ι

2238 893 2319 946 ιλά
2344 891 2521 945 πάντα
2552 891 2620 945 τὰ
2657 892 2778 945 τότε
2829 890 3115 961 γινόμενα,
3157 891 3323 944 τύποι
3351 885 3504 961 ἦσαν
3531 889 3660 943 τῶν
3706 888 3792 942 νῦν

479 1004 607 1044 vere
635 1003 819 1057 pasco,
869 998 923 1041 et
966 1000 1095 1041 vere
1132 1001 1275 1041 sum.
1313 986 1585 1040 Caeterum
1648 985 1779 1039 dicit
1834 985 2033 1053 seipsm

2236 986 2506 1057 νομένων.
2570 985 2630 1042 '0
2683 985 2785 1055 μὲν
2822 986 2932 1055 γὰρ
2975 986 3187 1055 Μωσῆς
3231 982 3407 1036 τύπον
3454 985 3657 1052 ἐπεῖχε
3707 979 3790 1035 τοῦ

480 1086 667 1138 verum
702 1098 920 1151 panem,
952 1096 1056 1135 non
1094 1081 1236 1149 quod
1275 1095 1471 1133 manna
1508 1079 1702 1133 falsum
1741 1078 1929 1145 fuerit,
1981 1094 2034 1135 se

2236 1080 2339 1145 εοῦ,
2374 1081 2468 1136 τοῦ
2500 1080 2759 1152 ἀληθινοῦ
2807 1080 2917 1133 τῶν
2940 1079 3150 1151 νοητῶν
3190 1077 3563 1151 Ἰσραηλιτῶν
3594 1093 3790 1147 στρατ-

476 1174 601 1244 quia
634 1175 762 1229 illud
800 1177 967 1245 ﬁgura
1006 1173 1106 1227 fuit
1152 1183 1207 1229 et
1260 1175 1471 1239 umbra,
1503 1188 1608 1227 non
1656 1173 1884 1241 ipsemet
1934 1189 2030 1229 ver

2234 1173 2341 1243 τοῦθ
2358 1174 2632 1244 ὀδὲᾶρτος
2657 1176 2887 1240 ἐκεῖνος,
2903 1172 3077 1237 τύπος
3102 1170 3237 1242 ἐμοῦ
3265 1169 3365 1224 τοῦ
3388 1172 3458 1223 ἐκ
3489 1171 3607 1223 τῶν
3630 1171 3788 1240 οὖρα-

480 1279 585 1323 tas.
616 1270 845 1339 Proprie
881 1269 1023 1325 enim
1060 1283 1258 1321 manna
1307 1268 1620 1338 unigenitus
1651 1267 1821 1322 Filius
1853 1268 1945 1323 Dei
1996 1268 2034 1322 ft

2238 1268 2285 1321 ὃν
2318 1267 2684 1333 καταϐάντος,
2721 1267 2817 1322 καὶ
2848 1267 3070 1338 ἀληθῶς
3096 1266 3428 1338 τρέφοντος,
3469 1267 3575 1320 καὶ
3608 1263 3792 1334 ἀληθι-

482 1372 604 1417 ctus
638 1364 822 1428 homo,
846 1362 1071 1417 verbum
1104 1371 1161 1416 et
1189 1361 1395 1417 auditio
1424 1360 1813 1427 obstupescere
1842 1359 2036 1414 facient

2236 1362 2271 1416 t3
2321 1362 2687 1435 ὑπάρχοντος.
2737 1362 2903 1430 Λέγει
2936 1360 2994 1415 δὲ
3044 1361 3240 1416 ἑαυτὸν
3278 1359 3552 1429 άληθινδν
3610 1360 3790 1427 ἀρτον,

471 1452 607 1507 Nam
661 1470 857 1509 manna
913 1456 1319 1526 interpretatur,
1360 1457 1485 1523 quid
1528 1452 1669 1510 hoc?
1702 1452 1874 1509 Judaei
1927 1454 2025 1509 eni

2242 1474 2276 1526 χ
2306 1456 2383 1519 ὡς
2410 1455 2505 1508 τοῦ
2542 1456 2718 1526 μάννα
2742 1455 2976 1525 ψευδοῦς
3005 1454 3180 1518 ὄντος,
3214 1454 3332 1508 ἀλλ’
3356 1453 3561 1524 ἐπειδὴ
3590 1454 3794 1514 ἐκεῖνος

472 1547 592 1601 νὶεο
627 1546 738 1610 illo,
772 1548 918 1618 quod
950 1548 1273 1603 cumulatim
1312 1547 1587 1619 deplutum
1623 1558 1770 1604 esset
1804 1558 1932 1604 ante
1978 1564 2026 1601 cr

2248 1566 2346 1613 πος
2378 1544 2447 1621 ἦν
2499 1552 2596 1605 καὶ
2646 1548 2799 1615 σκιά,
2836 1551 2933 1604 καὶ
2980 1550 3081 1603 οὐκ
3128 1547 3523 1618 αὐτοαλήθεια.
3574 1546 3795 1619 Κυρῖως

465 1642 663 1712 jusque
695 1642 1133 1708 tabernaculum,
1160 1642 1525 1713 obstupefacti
1577 1642 1796 1697 insolito
1824 1652 1878 1696 et
1912 1656 2019 1713 pert

2241 1665 2286 1719 tp
2343 1646 2525 1718 μάννα
2572 1646 2600 1698 6
2644 1641 2941 1715 μονογενὴς
2992 1641 3122 1705 Υίὸς
3154 1639 3250 1694 τοῦ
3295 1639 3438 1693 Θεοῦ
3498 1637 3795 1707 ἀνθρωπις

469 1752 633 1805 grtno
664 1736 995 1805 spectaculo,
1039 1738 1449 1807 interrogabant
1482 1752 1542 1791 se
1576 1736 1892 1792 invicemh
1930 1737 2023 1803 Qui

2244 1739 2491 1811 νόμενος,
2508 1737 2569 1791 τὸ
2588 1735 2962 1806 ἐκπληκτικὸν
2985 1734 3056 1807 pi;
3065 1752 3141 1804 μα
3166 1734 3260 1787 καὶ
3278 1733 3571 1805 ἄκουσμα.
3607 1731 3796 1785 Μάννσ

470 1828 577 1880 hoc
606 1828 672 1884 “.
710 1846 729 1878 ›
771 1826 1031 1883 Dominus
1070 1827 1237 1897 igitur
1286 1826 1464 1883 factus
1514 1829 1677 1883 homo
1717 1828 1889 1885 Filius
1949 1829 2023 1883 De

2238 1851 2285 1905 tp
2349 1830 2740 1903 ἑρμηνεύεται,
2807 1833 2869 1886 Τί
2913 1828 3136 1893 τοῦτο;
3194 1830 3257 1883 Oi
3328 1828 3444 1899 γὰρ
3520 1826 3792 1896 'Eﬁpaim,

466 1920 586 1990 ipse
609 1930 694 1974 est
720 1935 941 1988 manna,
964 1920 1105 1989 quod
1130 1918 1422 1991 stupefacil
1443 1934 1652 1988 omnes,
1671 1921 1741 1975 ita
1771 1928 1827 1975 ut
1853 1921 2010 1975 dican

2242 1926 2382 1987 ivre;
2418 1924 2553 1978 αὐτὸ
2578 1923 2811 1986 ἕκαστος
2844 1922 2952 1993 πρὸ
2982 1921 3085 1992 τῆς
3111 1921 3321 1985 οἰκείας
3355 1920 3576 1990 σκηνῆς
3616 1935 3796 1991 σωρη-

472 2032 492 2065 ‹
529 2014 671 2079 Quid
703 2013 848 2068 hoc?
882 2034 901 2067 ι
931 2014 1219 2081 Quomodo
1252 2014 1426 2071 Filius
1466 2014 1560 2070 Dei
1590 2026 1643 2071 et
1679 2015 1852 2071 Filius
1885 2017 2026 2071 bomi

2241 2036 2264 2073 ν
2293 2018 2625 2091 κεχυμένον,
2657 2017 2755 2072 καὶ
2781 2016 2860 2087 τῷ
2891 2017 3054 2089 ἀήθει
3089 2016 3185 2070 καὶ
3213 2015 3352 2086 ξένῳ
3384 2015 3485 2068 τοῦ
3515 2016 3795 2085 θεάματος

467 2104 587 2157 uis?
640 2103 927 2170 Quomodo
975 2121 1041 2160 ex
1089 2106 1305 2161 duobus
1357 2107 1591 2162 diversis
1636 2122 1739 2161 una
1795 2122 2021 2179 persona

2243 2111 2645 2179 ταπλαγέντες,
2677 2108 2907 2184 1ἠρώτων
2932 2108 3221 2180 ἀλλήλους·
3248 2107 3314 2161 Τί
3335 2108 3508 2164 τοῦτο
3534 2126 3550 2176 ;
3601 2108 3665 2163 Ὀ
3689 2109 3797 2161 τοξ-

464 2198 595 2266 quid
627 2198 731 2251 hoc
773 2199 1138 2270 mysterium?
1174 2200 1277 2255 Hic
1323 2200 1492 2270 igitur
1525 2201 1680 2268 panis
1722 2202 1833 2257 vita
1872 2217 2018 2257 secut

2241 2226 2267 2260 ν
2309 2205 2515 2276 Κύριος
2547 2204 2843 2275 γενόμενος
2884 2203 3177 2275 ἄνθρωπος
3220 2205 3249 2257 ὁ
3297 2202 3433 2267 Υἱὸς
3485 2202 3588 2256 τοῦ
3636 2201 3795 2279 Θεοῦ,

464 2292 593 2347 dum
613 2301 860 2346 naturam
886 2294 1179 2357 exsistens,
1206 2302 1393 2365 utpote
1418 2296 1648 2350 viventis
1675 2295 1853 2351 Patris
1876 2296 2009 2349 Filiu

2244 2299 2337 2363 τός
2376 2300 2495 2351 ἐστι
2530 2296 2593 2351 τὸ
2625 2298 2838 2360 πάντας
2884 2296 3196 2358 ἐκπλῆττον
3231 2294 3432 2366 μάννα,
3473 2293 3629 2347 ὥστε
3662 2295 3796 2347 ἔκαε-

468 2388 598 2441 l'acit
633 2392 776 2458 quod
810 2387 913 2442 sibi
950 2390 1234 2459 proprium
1266 2400 1390 2447 est:
1419 2391 1664 2445 viviﬁcat
1687 2393 1831 2445 enim
1858 2394 2022 2448 omni:

2232 2411 2297 2447 λον
2326 2391 2698 2463 διαποροῦντα
2721 2391 2924 2459 λέγειν·
2966 2390 3034 2443 Τί
3067 2389 3231 2443 τοῦτο
3259 2406 3275 2455 ;
3308 2388 3436 2451 Πῶς
3457 2389 3489 2441 6
3524 2387 3662 2451 Υἱὸς
3698 2387 3786 2441 τοῦ

461 2482 639 2552 Igitur
674 2482 818 2540 sicut
869 2483 957 2552 qui
995 2499 1059 2539 ex
1095 2494 1240 2539 terra
1281 2486 1456 2555 panis,
1501 2485 1770 2539 inﬁrmam
1810 2495 2015 2539 natura:

2244 2488 2327 2551 οῦ,
2366 2486 2458 2539 καὶ
2496 2485 2626 2549 Υἱὸς
2671 2483 3008 2556 ἀνθρώπου;
3054 2484 3182 2547 Πῶς
3223 2484 3288 2537 ὲκ
3339 2482 3434 2535 δύο
3472 2482 3590 2536 τῶν
3639 2484 3795 2536 ἐναν-

464 2576 649 2631 carnis
685 2576 930 2630 continet
982 2591 1086 2631 non
1139 2578 1331 2633 sinens
1366 2578 1514 2631 illam
1555 2580 1873 2648 corrumpi;
1907 2578 1978 2632 ita
2012 2598 2018 2629 ι

2240 2596 2299 2632 ον
2338 2578 2395 2630 ἒν
2430 2577 2726 2649 πρόσωπον
2756 2594 2772 2644 ;
2815 2576 2881 2629 Τί
2916 2574 3078 2629 τοῦτο
3112 2576 3175 2628 τὸ
3229 2574 3576 2645 μυστήριονς
3630 2565 3794 2636 Οὗτος

467 2666 721 2722 Christus
752 2682 847 2737 per
883 2667 1120 2738 Spiritus
1140 2670 1515 2738 operationem
1535 2669 1773 2723 animam
1800 2669 2011 2725 viviﬁca

2242 2690 2263 2728 ν
2296 2674 2324 2726 6
2352 2672 2543 2742 άρτος,
2575 2672 2688 2742 ζωὴ
2719 2670 2866 2725 κατὰ
2891 2669 3056 2741 φύσιν
3080 2668 3179 2734 ὣν,
3216 2663 3306 2721 οἷα
3336 2667 3550 2732 ζῶντος
3580 2668 3796 2738 [ἰατρὸς

464 2770 630 2828 atque
659 2759 822 2813 etiam
877 2758 1054 2828 ipsum
1091 2775 1293 2829 corpus
1351 2762 1419 2815 ab
1463 2761 1877 2830 incorruptione
1930 2775 2018 2815 cor

2241 2767 2321 2831 ὸς,
2382 2769 2531 2819 ποιεῖ
2579 2769 2641 2819 τὸ
2690 2767 2909 2819 οἰκεῖονο
2967 2763 3226 2829 ζωοποιεῖ
3278 2762 3390 2832 γάρ
3436 2760 3514 2813 τὰ
3588 2761 3791 2816 πάντα.

461 2860 669 2907 servat.
695 2851 800 2907 Per
829 2851 1104 2907 Christum
1141 2855 1287 2909 enim
1320 2854 1574 2909 humanae
1613 2864 1822 2909 natura:
1874 2867 2015 2910 resut

2244 2875 2385 2930 σπερ
2414 2853 2509 2913 οῦν
2542 2859 2570 2910 6
2606 2859 2671 2911 ὲκ
2702 2858 2807 2928 γῆς
2863 2856 3031 2927 άρτος
3059 2854 3161 2924 τὴν
3195 2852 3400 2925 ἀσθενῆ
3464 2852 3644 2922 φύσιν
3701 2853 3794 2923 τῆς

458 2945 638 3001 rectio
683 2959 752 3000 ex
811 2947 1065 3010 mortuis,
1116 2958 1167 3001 et
1232 2947 1569 3018 incorruptio
1628 2962 1921 3017 corporum
1976 2961 2012 3003 α

2245 2953 2375 3024 ρκδς
2416 2931 2657 3024 συνέχει,
2696 2952 2790 3006 καὶ
2836 2952 2939 3005 οὐκ
2995 2953 3060 3023 ἑᾷ
3093 2948 3603 3021 καταφθείρεσθαι·
3653 2949 3796 3004 οὕτω

461 3053 745 3093 concessa.
778 3038 885 3094 Sed
914 3037 1089 3094 Judaei
1122 3040 1301 3095 adhuc
1323 3039 1491 3096 dediti
1521 3040 1699 3096 ventri
1730 3049 1786 3096 et
1814 3041 1912 3097 toti
1944 3050 2015 3096 tet

2239 3051 2313 3105 t6
2345 3050 2583 3123 Χριστος
2612 3048 2702 3103 διά
2729 3049 2833 3121 τῆς
2871 3048 2967 3103 τοῦ
2998 3049 3327 3121 Πνεύματος
3352 3048 3663 3118 ἐνεργείας
3693 3048 3792 3119 τὴν

458 3130 601 3195 reni,
641 3131 709 3185 de
738 3132 979 3187 sensibili
1020 3148 1159 3203 pane
1210 3132 1519 3204 intelligunt
1552 3133 1698 3188 dicta
1737 3144 1793 3190 et
1847 3135 2010 3191 dicun

2245 3144 2348 3215 χὴν
2376 3142 2655 3209 ζωοποιεῖ,
2692 3142 2790 3198 καὶ
2840 3144 2950 3215 μὴν
2984 3143 3082 3197 καὶ
3106 3142 3241 3197 αὐτὸ
3267 3141 3329 3196 τδ
3362 3140 3538 3212 σῶμα
3570 3141 3793 3213 συνέχει

463 3243 483 3274 1
528 3222 604 3277 Da
639 3224 797 3278 nobis
828 3224 973 3281 hunc
1014 3240 1234 3295 panem.
1268 3244 1287 3277 ι
1327 3224 1420 3281 Sic
1449 3226 1617 3295 igitur
1642 3224 1808 3281 stulte
1833 3225 2017 3297 loquer

2239 3255 2254 3297 :
2288 3236 2625 3308 ἀφθαρσίαν.
2650 3238 2766 3292 ’Διά
2799 3238 2908 3309 γάρ
2938 3237 3182 3310 Χριστοῦ
3220 3239 3253 3307 ή
3290 3239 3355 3291 έκ
3396 3236 3628 3309 νεκρῶν
3660 3237 3793 3292 ἀνά-

458 3327 545 3372 tcs
581 3318 1049 3387 redarguebantur
1081 3330 1137 3376 et
1167 3320 1381 3388 dicunt,
1414 3340 1432 3373 ι
1458 3319 1768 3390 Semperda
1790 3322 1946 3377 nobis
1966 3337 2012 3392 p:

2244 3331 2368 3396 ασις
2415 3332 2482 3402 τῇ
2519 3330 2847 3405 ἀνθρωπίνῃ
2886 3330 3049 3400 φύσει
3085 3330 3442 3402 κεχάρισται,
3478 3329 3582 3381 καὶ
3619 3329 3656 3400 ἡ
3687 3328 3794 3381 τῶν

457 3424 583 3463 nem
617 3411 785 3479 hunc,
814 3432 833 3465 ι
862 3427 967 3467 non
1011 3413 1082 3468 ad
1108 3428 1275 3469 unum
1306 3413 1390 3467 vel
1445 3414 1511 3468 ad
1563 3412 1704 3470 duos
1756 3412 1897 3470 dies.
1943 3412 2011 3469 Η(

2241 3425 2443 3496 ιμάτων
2470 3423 2774 3495 ἁφθαρσία.
2821 3421 2966 3475 Ἀλλ’
3001 3421 3052 3475 oi
3080 3421 3334 3475 Ἰουδαῖοι
3364 3420 3506 3491 περὶ
3536 3420 3795 3493 γαστέρα

457 3512 643 3557 autem
675 3520 785 3573 pra:
818 3506 1047 3561 avaritia
1086 3507 1363 3564 dicebant.
1391 3506 1464 3563 Ut
1494 3508 1639 3564 enim
1678 3524 1784 3564 non
1815 3524 1953 3581 opus
1983 3524 2007 3566 s

2242 3538 2249 3573 ι
2284 3517 2557 3583 νεύοντες,
2601 3516 2698 3572 καὶ
2726 3514 2789 3569 τὸ
2837 3515 2959 3570 ὅλον
3002 3517 3072 3586 γῆ
3105 3514 3283 3580 ὄντες,
3333 3517 3471 3585 περὶ
3520 3512 3796 3586 αῐσθῆτοῦ

453 3599 627 3652 multa
672 3598 988 3667 impendere
1022 3602 1076 3656 in
1112 3602 1263 3659 cibos
1295 3604 1504 3669 dicunt,
1537 3602 1609 3659 Da
1651 3620 1867 3676 semper
1911 3605 2007 3661 hut

2244 3631 2335 3669 του
2368 3611 2550 3667 νοοῦσι
2580 3611 2651 3666 τὰ
2688 3611 2982 3682 εἰρημένα,
3010 3608 3106 3664 καί
3139 3626 3294 3679 φασι·
3337 3627 3356 3661 ι
3390 3609 3496 3673 Δὸς
3529 3612 3677 3681 ἡμῖν
3709 3610 3798 3663 τὸν

453 3688 616 3745 facile
648 3694 947 3762 parabilem
987 3694 1151 3767 590
1179 3711 1399 3766 panem.

2244 3722 2334 3758 τον
2356 3702 2567 3759 τοῦτον.
2600 3722 2618 3755 ι
2652 3703 2843 3766 Οὕτως
2866 3698 2961 3756 οὖν
2990 3702 3435 3774 ἀνοηταίνοντες,
3458 3702 3798 3775 ἠλέγχοντο,

453 3786 572 3849 καὶ,
615 3807 632 3837 ι
672 3787 913 3843 Πάντοτε
937 3789 1027 3853 δὸς
1054 3791 1186 3872 ημῖν
1216 3790 1309 3844 τὸν
1343 3791 1510 3863 ἄρτον
1552 3793 1767 3861 τοῦτον,
1803 3813 1821 3848 ι
1868 3795 2056 3865 φασὶν,
2099 3796 2162 3851 οὐ
2202 3797 2357 3868 μίαν
2408 3798 2625 3869 ἡμέραν
2697 3795 2823 3850 οὐδὲ
2869 3794 2984 3851 δύο.
3017 3795 3191 3849 Τοῦτο
3220 3795 3277 3848 δὲ
3309 3794 3408 3849 καὶ
3446 3795 3565 3849 ἀπὸ
3598 3795 3806 3869 φιλαρ-

452 3878 654 3950 γυρίας
707 3878 915 3949 ἔλεγον.
970 3882 1090 3937 Ἵνα
1122 3883 1232 3954 γὰρ
1266 3884 1341 3955 μὴ
1382 3886 1772 3957 ἀναλίσκωμεν
1816 3889 1884 3941 τὰ
1960 3890 2229 3962 χρήματα
2292 3890 2455 3964 ήμῶν
2484 3893 2619 3965 περὶ
2649 3890 2751 3963 τὴν
2784 3890 2887 3961 τῆς
2914 3892 3129 3962 τροφῆς
3157 3889 3447 3962 εὐπορίαν,
3503 3890 3601 3955 δὸς
3670 3892 3801 3945 πάν-

451 3988 575 4026 τοτε
600 3972 793 4027 τοῦτον
821 3974 914 4029 τὸν
938 3976 1266 4048 εὐπόριστον
1292 3978 1483 4050 ἄρτον.

523 4069 689 4127 Vens.
723 4071 923 4140 55,38.
956 4092 974 4126 ι
1015 4074 1158 4130 Dixit
1193 4086 1378 4131 autem
1414 4078 1494 4132 eis
1529 4077 1689 4135 Jesus
1731 4096 1744 4135 ε
1784 4080 1898 4154 Ego
1928 4098 2048 4138 sum

2249 4100 2264 4134 r
2324 4076 2460 4135 Εἶπε
2491 4080 2545 4134 δὲ
2596 4080 2784 4145 αὐτοῖς
2817 4082 2847 4135 6
2888 4078 3118 4151 Ἰησοῦς·
3188 4079 3335 4148 Ἐγώ
3379 4079 3505 4151 εἰμι
3562 4081 3593 4135 6
3630 4080 3803 4155 ἄρτος

450 4165 613 4233 panis
639 4166 764 4220 vitae
803 4184 815 4219 :
851 4168 940 4236 qui
978 4170 1125 4222 venit
1157 4169 1222 4223 ad
1271 4184 1380 4237 me,
1422 4187 1528 4224 non
1566 4172 1807 4241 esuriet;
1857 4184 1913 4229 et
1962 4190 2004 4245 qi

2246 4195 2265 4241 ;
2305 4175 2473 4247 ζωῆς*
2533 4178 2561 4230 6
2608 4176 2906 4249 ἐρχόμενος
2944 4177 3083 4248 πρὸς
3129 4174 3222 4245 μὲ,
3258 4174 3321 4227 ού
3362 4174 3440 4247 μὴ
3502 4178 3800 4253 πεινάσῃ-

452 4260 630 4313 credit
666 4260 719 4313 in
762 4276 869 4327 me,
905 4277 1013 4317 non
1055 4262 1205 4317 sitiet
1258 4280 1520 4334 unquam.
1567 4263 1676 4321 Sed
1731 4268 1841 4322 dixi
1899 4269 2002 4324 vob

2249 4276 2261 4324 ί
2287 4270 2315 4322 6
2345 4270 2623 4324 πιστεύων
2645 4271 2726 4332 είς
2752 4271 2875 4340 ἐμὲ,
2908 4269 2970 4323 ού
3002 4268 3078 4340 μὴ
3107 4268 3311 4339 διψήσῃ
3340 4267 3602 4324 πώποτε.
3652 4271 3803 4324 Ἀλλ’

451 4351 596 4419 quod
631 4351 797 4405 etiam
824 4353 1035 4407 vidistis
1060 4368 1165 4421 me,
1197 4368 1295 4409 nec
1322 4356 1567 4412 creditis.
1593 4355 1770 4413 Omne
1794 4360 1937 4428 quod
1963 4362 2005 4415 d:

2243 4382 2319 4418 ιον
2352 4364 2503 4434 ὑμῖν,
2540 4364 2623 4416 ὅτι
2652 4364 2748 4416 καὶ
2783 4361 3073 4434 ἑωράκατέ
3112 4377 3203 4433 με,
3235 4362 3329 4413 καὶ
3360 4360 3423 4413 ού
3466 4362 3797 4417 πιστεύετε.

450 4445 587 4500 mihi
621 4443 807 4512 Pater,
838 4448 903 4502 ad
934 4462 1018 4503 me
1044 4450 1223 4504 veniet
1258 4467 1272 4504 :
1304 4459 1358 4504 et
1410 4451 1500 4521 qui
1551 4453 1762 4508 venerit
1817 4456 1884 4510 ad
1942 4473 2004 4509 ιιιε

2246 4463 2284 4514 ἷν
2325 4460 2353 4514 ὃ
2384 4460 2571 4515 δίδωσι
2606 4476 2697 4531 μοι
2729 4462 2758 4514 6
2803 4457 3020 4529 Πατὴρ,
3058 4457 3197 4529 πρὸς
3235 4456 3338 4527 ἐμὲ
3372 4457 3524 4527 ἥξει·
3567 4460 3671 4512 καὶ
3708 4460 3800 4513 τὸν

452 4556 560 4595 non
605 4540 765 4612 ejicio
798 4540 966 4609 foras,
1000 4543 1124 4614 quia
1164 4543 1421 4600 descendi
1456 4547 1521 4602 de
1556 4548 1695 4603 coelo
1740 4557 1801 4603 ut
1856 4547 2006 4605 iaciat

2246 4556 2463 4627 (ὀμενον
2496 4555 2634 4626 πρὸς
2669 4555 2759 4626 μὲ,
2801 4556 2863 4609 οὐ
2902 4555 2978 4627 μὴ
3033 4551 3251 4607 ἐκϐάλω
3299 4553 3407 4619 ἔξω
3431 4570 3445 4584 ο
3490 4554 3584 4607 ὅτι
3618 4572 3800 4608 κατα-

455 4650 560 4689 ιιυη
595 4635 741 4703 quod
782 4649 885 4705 ego
916 4635 1061 4703 volo,
1090 4638 1185 4692 sed
1223 4640 1367 4707 quod
1417 4640 1534 4695 vult
1566 4642 1657 4711 qui
1703 4657 1787 4696 me
1824 4642 1991 4698 misit.

2244 4649 2381 4719 Ξηκα
2412 4650 2477 4702 ἐκ
2506 4647 2600 4702 τοῦ
2629 4647 2891 4720 οὐρανοῦ,
2927 4649 3027 4717 οὐχ
3075 4646 3163 4700 ἵνα
3199 4647 3340 4701 ποιῶ
3370 4646 3434 4700 τὸ
3467 4645 3701 4719 θέλημα
3742 4649 3798 4700 τδ

452 4728 590 4782 Cum
631 4721 826 4797 Judaei,
847 4738 1035 4802 utpote
1078 4732 1306 4797 terreni,
1333 4734 1399 4788 de
1430 4734 1676 4789 sensibili
1706 4752 1845 4806 pane
1894 4737 2006 4793 Chr

2246 4741 2328 4807 ὸν,
2387 4742 2521 4796 ἁ).λά
2571 4742 2632 4794 τὸ
2669 4739 2884 4812 θέλημα
2933 4739 3032 4793 τοῦ
3085 4739 3408 4811 πέμψαντός
3460 4759 3556 4808 με.
3605 4761 3623 4793 ι
3670 4741 3796 4795 Τῶν

454 4829 604 4877 stum
660 4822 808 4894 loqui
860 4834 1235 4896 putarent,get
1272 4838 1493 4904 propter
1545 4829 1647 4885 hoc
1701 4843 1962 4901 urgerent
2006 4861 2008 4880 ι

2236 4836 2459 4890 ουδαέων
2490 4828 2578 4888 οἷα
2614 4835 2677 4906 δὴ
2708 4837 2938 4906 γηΐνων,
2972 4836 3102 4907 περὶ
3129 4828 3392 4906 αἰσθητοῦ
3419 4835 3594 4904 ἄρτου
3623 4854 3790 4908 νομι-

453 4928 767 4986 quaarerent
815 4934 829 4972 :
880 4920 1222 4991 redargueus
1275 4937 1370 4980 eos
1431 4926 1722 4995 Dominus,
1787 4938 2007 4985 monstr:

2239 4948 2373 4984 ντων
2404 4931 2587 5001 λέγειν
2620 4932 2712 4983 τὸν
2744 4931 2975 5002 Κύριον,
3026 4932 3122 4985 καὶ
3158 4930 3247 4984 διά
3276 4929 3444 4985 τοῦτο
3493 4933 3793 5005 ἐπικειμέ-

451 5012 596 5081 quod
653 5010 897 5083 quandiu
943 5016 1258 5073 sensibilem
1289 5035 1483 5089 panem
1507 5033 1845 5093 exspectent,
1867 5040 1998 5081 accu

2236 5041 2292 5091 ιν,
2322 5024 2418 5077 καὶ
2452 5023 2788 5094 ζητούντων,
2822 5024 3063 5095 ἐλέγχων
3099 5024 3301 5087 αὖτοὺς
3336 5024 3363 5076 6
3411 5024 3647 5095 Κύριος,
3694 5028 3790 5081 καὶ

456 5114 583 5159 rant
618 5124 631 5161 :
669 5108 888 5175 quando
917 5120 1103 5166 autem
1145 5113 1363 5168 discunt
1408 5117 1550 5185 quod
1606 5118 1909 5188 spiritualis
1958 5120 2003 5176 si

2232 5115 2400 5181 ικνὺς,
2446 5116 2529 5169 ὅτι
2559 5114 2665 5180 ἕως
2700 5114 2800 5187 μὲν
2834 5114 3107 5187 αἰσθητὴν
3146 5114 3482 5169 ὑπώπτευον
3514 5118 3619 5189 τὴν
3653 5134 3786 5190 τρο-

454 5215 561 5253 non
592 5198 730 5253 ultra
757 5212 1069 5258 accurrant.
1106 5204 1261 5261 Unde
1292 5206 1427 5261 dicit
1462 5226 1475 5263 :
1514 5208 1684 5281 t'Ego
1733 5226 1855 5267 sum
1894 5218 2008 5283 pm

2229 5226 2293 5279 ιν,
2340 5207 2660 5281 ἐπέτρεχον
2711 5208 2842 5263 ὅταν
2874 5209 2933 5263 δὲ
2980 5209 3254 5281 μάθωσιν,
3296 5212 3379 5264 ὅτι
3416 5215 3783 5283 πνευματική

454 5293 594 5347 vitae.
629 5312 647 5343 ι
685 5290 803 5347 Non
843 5293 978 5350 dixit
1016 5306 1219 5366 autem,
1251 5300 1406 5369 panis
1436 5302 1733 5372 alimoniae,
1776 5306 1872 5363 sed
1904 5309 2008 5363 vita

2231 5320 2331 5367 τιν,
2363 5302 2465 5356 οὐκ
2490 5302 2573 5357 ἔτι
2615 5303 3067 5375 ὲπιδραμοῦνται,
3098 5303 3267 5374 φησίν
3306 5319 3321 5335 ⁸
3359 5325 3377 5359 ι
3413 5307 3564 5375 Ἐγώ
3596 5308 3720 5377 είμι
3758 5310 3785 5359 ὁ

452 5382 587 5437 Nam
614 5401 737 5440 cum
789 5390 974 5442 omnia
1008 5392 1334 5448 mortiﬁcata
1379 5407 1584 5465 essent,
1611 5398 1908 5456 viviﬁeavit
1957 5417 2006 5455 nt

2225 5413 2324 5459 ιτος
2356 5397 2453 5466 τῆς
2490 5396 2656 5466 ζωῆς.
2718 5416 2736 5449 ι
2794 5399 2909 5452 Οὐκ
2964 5394 3087 5451 εἷπε
3140 5397 3220 5465 δὲ,
3282 5400 3485 5470 ’Δρτος
3540 5402 3779 5473 τροὲῆς.

456 5493 552 5548 per
606 5480 964 5552 semetipsum
1016 5484 1289 5554 Christus,
1316 5492 1405 5560 qui
1456 5502 1541 5548 est
1594 5496 1772 5564 panis.
1812 5510 1878 5552 eo
1908 5511 2010 5566 quo

2220 5491 2316 5559 λὰ,
2363 5510 2379 5543 ι
2410 5492 2589 5563 Ζωῆς.
2634 5512 2652 5544 ι
2698 5493 2922 5567 Ἐπειδὴ
2964 5496 3073 5567 γάρ
3101 5496 3172 5550 τά
3219 5497 3405 5551 πάντα
3437 5496 3774 5569 νενέκρωτο,

459 5569 790 5627 fermentum
828 5575 1081 5633 humanm
1108 5583 1514 5650 conspersimus
1537 5586 1813 5641 credimus
1837 5596 2013 5642 coctut

2223 5584 2529 5657 ωοποίησεν
2579 5589 2730 5659 ἡμᾶς
2787 5588 2856 5644 δι’
2910 5590 3108 5645 ἑαυτοῦ
3149 5593 3178 5645 ὁ
3231 5591 3463 5662 Κύριος,
3513 5594 3573 5655 ὃς
3624 5594 3777 5645 ἐστιν

455 5675 577 5716 esse
607 5662 730 5731 igne
758 5665 993 5722 deitatis.
1027 5669 1190 5725 Panis
1224 5684 1399 5729 autem
1429 5675 1553 5733 vitae
1589 5692 1699 5734 non
1730 5676 1889 5749 hujus
1920 5679 2009 5737 soli

2221 5698 2343 5752 ιτος,
2378 5684 2514 5739 καθὸ
2548 5685 2650 5758 τὴν
2695 5684 2879 5757 ζύμην
2911 5684 3007 5739 τοῦ
3043 5684 3396 5757 ἀνθρωπίνου
3444 5686 3775 5759 φυράματος

540 5848 581 5876 ⁸⁸
614 5846 785 5907 Exod.
827 5866 936 5917 xw,
976 5851 1057 5906 iu.
