3936 6418
537 352 677 418 1303

531 573 847 619 occurrunt.
885 562 1033 618 llanc
1061 574 1241 617 antem
1274 562 1729 620 resurrectionem
1758 559 1957 614 Paulus
1992 558 2114 623 ἐξα-

529 656 810 721 νάστασιν,
842 656 941 710 hoc
962 668 1067 721 est,
1108 676 1125 709 ι
1157 657 1619 714 exsurrectionem
1654 671 1672 704 ι
1704 653 1967 715 nominat,
1993 666 2116 721 pro-

530 759 652 817 pter
676 747 1031 804 elevationem
1059 766 1089 805 a
1123 760 1289 805 terra.
1314 748 1635 806 Peccatores
1661 748 1805 803 enim
1832 754 2117 814 resurgent

533 842 747 909 quidem
780 858 844 896 ex
869 844 1135 913 sepulcris
1156 844 1214 911 in
1253 853 1476 907 terram,
1519 843 1585 896 de
1622 851 1763 896 terra
1800 850 1979 895 autem
2009 854 2113 893 non

532 943 827 1002 exsurgent
854 936 905 988 in
936 950 1139 990 aerem.
1179 935 1325 989 lnl'ra
1344 934 1485 989 enim
1508 935 1799 987 manebunt
1828 932 1967 986 sicut
1986 945 2113 985 con-

531 1025 791 1080 demnati.
842 1023 1027 1094 Itaque
1060 1024 1190 1091 justi
1246 1034 1539 1095 resurgunt
1583 1034 1637 1077 et
1667 1031 1989 1092 exsurgunt,
2023 1020 2113 1088 qui

533 1114 817 1183 rapiuntur
872 1118 926 1170 in
976 1116 1211 1170 nubibus
1273 1116 1326 1170 in
1399 1129 1686 1168 occursum
1775 1114 1981 1166 Domini
2034 1112 2113 1167 "z

537 1216 852 1275 peccatOres
883 1218 1061 1263 autem
1098 1217 1386 1279 resurgunt
1424 1216 1658 1261 tantum.
1712 1206 1882 1260 Porro
1931 1206 2115 1257 Domi-

533 1312 637 1353 nus
667 1301 1029 1368 interpretans
1063 1299 1192 1370 quid
1223 1300 1319 1364 sit,
1362 1317 1380 1351 ι
1420 1297 1592 1354 Omne
1632 1297 1776 1369 quod
1808 1298 1949 1351 dedit
1986 1297 2115 1350 mihi

531 1388 713 1455 Pater,
748 1406 851 1445 non
884 1393 1103 1459 perdam
1126 1392 1200 1461 (η)
1222 1432 1238 1457 ,
1280 1410 1297 1445 ι
1345 1391 1476 1446 dicit
1503 1392 1749 1446 eamdem
1784 1391 2114 1445 sententiam

532 1479 653 1534 aliis
685 1482 889 1547 verbis,
923 1502 941 1535 ι
979 1481 1047 1539 Ut
1082 1485 1262 1539 omnis
1286 1485 1377 1555 qui
1415 1484 1558 1539 videt
1587 1484 1806 1545 Filium.
1836 1494 1889 1537 et
1921 1485 2115 1549 credit,

531 1572 729 1627 habeat
776 1576 943 1629 vitam
974 1585 1257 1632 aeternam.
1312 1597 1331 1630 ι
1383 1579 1532 1633 Nihil
1567 1580 1712 1634 enim
1763 1578 1906 1632 aliud
1960 1578 2114 1643 dicit,

530 1678 691 1731 quam
724 1664 777 1719 id
828 1669 974 1737 quod
1026 1669 1164 1723 dixit
1208 1671 1480 1739 superius.
1536 1670 1668 1725 Nam
1722 1672 1827 1725 hoc
1873 1673 2116 1739 quidem,

540 1774 558 1806 ι
592 1756 763 1813 Omne
784 1760 930 1827 quod
963 1761 1110 1816 dedit
1134 1762 1264 1815 mihi
1299 1761 1479 1827 Pater,
1510 1782 1527 1813 ι
1565 1764 1705 1817 idem
1739 1773 1820 1818 est
1855 1779 1977 1817 cum
2006 1764 2115 1828 illo,

532 1847 723 1906 Omnis
750 1853 841 1919 qui
878 1854 1021 1906 videt
1052 1850 1249 1907 Filium
1273 1862 1325 1908 et
1347 1856 1539 1909 credit.
1566 1874 1583 1905 ι
1619 1854 1731 1908 lloc
1763 1864 1942 1909 autem
1976 1856 2116 1924 quod

530 1941 680 2006 dicit,
718 1960 737 1993 ι
772 1940 887 1997 Non
925 1943 1166 2011 perdam,
1209 1963 1226 1995 ι
1270 1946 1410 2000 idem
1440 1958 1523 2001 est
1556 1963 1680 2002 cum
1716 1962 1780 2004 co
1806 1948 2115 2017 quoddicit,

538 2029 741 2086 «liabet
755 2032 915 2086 vitam
935 2043 1213 2088 zeternam.
1230 2055 1246 2088 ι
1274 2034 1428 2105 Saepe
1447 2049 1626 2093 autem
1647 2040 1971 2093 mentionem
1992 2037 2121 2092 facit

532 2125 972 2191 resurrectionis,
1031 2136 1091 2179 ut
1150 2130 1477 2195 persuadeat
1530 2130 1869 2197 hominibus,
1923 2146 1993 2183 ne
2054 2131 2119 2185 iis

533 2216 708 2270 solum
744 2231 863 2284 qua:
894 2218 1167 2282 videntur,
1205 2219 1293 2272 Dei
1332 2221 1729 2289 providentiam
1758 2222 2121 2276 circumscri-

531 2307 685 2371 bunt,
720 2309 813 2363 sed
838 2309 1014 2363 sciant
1040 2326 1159 2366 esse
1187 2322 1238 2367 et
1264 2313 1430 2366 alium
1461 2323 1660 2367 statum
1695 2316 1747 2369 in
1780 2329 1890 2384 quo
1917 2314 2121 2383 absque

530 2399 695 2455 dubio
715 2400 935 2458 fruituri
962 2404 1071 2458 sint
1095 2407 1627 2461 remunerationibus
1650 2408 1897 2477 virtutis“:
1928 2423 2118 2477 quaut-

529 2493 614 2548 vis
646 2509 789 2549 nunc
834 2510 938 2551 non
973 2497 1043 2551 sit
1073 2498 1356 2566 perspicua
1390 2497 1443 2551 in
1481 2499 1583 2551 hac
1632 2499 1739 2552 vita
1798 2500 2116 2565 retributio,

532 2596 584 2643 et
616 2599 905 2657 propterea
939 2604 1044 2643 non
1075 2589 1431 2644 omittendum
1465 2590 1685 2644 virtutis
1710 2606 1953 2645 cursum.

605 2679 770 2734 Vsus.
808 2681 1004 2735 61-64.
1049 2699 1068 2731 ι
1098 2680 1510 2735 Murmurabant
1550 2698 1680 2753 ergo
1711 2683 1879 2738 Judaei
1916 2686 1982 2738 de
2029 2685 2121 2738 illo

476 2814 479 2817 γ
532 2772 676 2842 quod
705 2771 967 2827 dixisset:
999 2770 1114 2840 Ego
1146 2786 1263 2826 sum
1291 2774 1449 2842 panis
1486 2772 1573 2827 ille
1612 2776 1702 2843 qui
1754 2775 1819 2829 de
1848 2776 1990 2830 emlo
2026 2778 2120 2829 de-

536 2862 744 2929 scendi,
776 2874 827 2917 et
861 2864 1114 2918 dicebant
1141 2883 1159 2918 :
1207 2862 1393 2919 Nonne
1426 2865 1512 2919 hic
1554 2875 1634 2919 est
1671 2864 1827 2920 Jesus
1858 2866 1998 2921 [ilius
2028 2866 2119 2922 Jo-

533 2955 693 3025 seph,
720 2954 873 3025 cujus
903 2971 1001 3011 nos
1032 2958 1279 3011 novimus
1308 2965 1516 3026 patrem
1552 2967 1607 3010 et
1647 2958 1919 3012 matrem?
1971 2962 2118 3024 Quo-

536 3048 696 3102 modo
728 3062 858 3116 ergo
882 3048 1013 3102 dicit
1040 3048 1159 3101 hic:
1214 3048 1287 3102 De
1318 3050 1455 3103 casio
1491 3050 1784 3104 descendi?
1820 3050 2120 3121 Respondit

1462 348 2039 411 TIIEOPHYLACTI
2083 347 2490 409 BULGARl/E
2526 351 2879 413 ARCHIEP.

535 472 663 526 mini
710 472 762 526 iu
794 480 1019 537 aera,ct
1050 468 1200 540 prius
1248 482 1370 523 cum
1408 483 1602 537 magna
1646 468 1839 523 fiducia
1885 467 2115 521 Domino

2228 468 2526 538 ἀπάντησιν
2566 467 2659 521 τοῦ
2710 467 2913 537 Κυρέου
2957 468 3035 529 εἰς

2146 1814 2195 1874 Β

3082 467 3220 535 ἀέρα
3270 464 3818 533 ἀναλαμϐανόμενοί,

2220 564 2313 615 καὶ
2364 561 2862 632 προσαπαντῶντες
2904 558 2981 629 τῷ
3038 560 3226 630 Κνρὶῳ
3276 557 3425 627 μετὰ
3480 554 3819 626 παρρησίας.

2218 655 2437 723 Ταύτην
2482 654 2537 706 δὲ
2584 654 2682 723 τὴν
2745 653 3069 717 ἀνάστασιν,
3120 654 3147 703 6
3204 652 3424 714 Παῦλος
3463 649 3821 713 ἑξανάσταςιι

2218 748 2497 817 ὀνομάζει,
2528 748 2614 800 διὰ
2643 747 2740 817 τὴν
2772 748 2836 799 ὲκ
2865 747 2964 815 τῆς
2991 746 3093 813 γῆς
3120 743 3382 815 ἔπιρπιν.
3413 745 3480 797 οἱ
3508 744 3635 811 rio
3665 742 3822 809 ἁμαρ·

2216 841 2401 907 τωλοὶ,
2455 842 2772 895 ἀνίστανται
2804 841 2904 911 μὲν
2929 842 2994 892 ἐκ
3032 840 3141 891 τῶν
3171 838 3490 908 μνημείων,
3531 839 3607 890 ἐκ
3654 835 3709 886 δὲ
3742 837 3822 902 τῆς

2217 932 2321 1002 γῆς
2344 932 2445 984 οὐκ
2477 932 2857 995 ἐξανίστανται
2889 931 2969 993 εἰς
3009 930 3168 999 ἁέρα’
3220 929 3378 982 κάτω
3407 930 3533 996 γὰρ
3582 926 3825 994 μένουσιν

2218 1023 2293 1086 ὡς
2342 1023 2689 1093 κατάκριτοι.
2741 1022 2907 1075 Ὥστε
2959 1022 3009 1074 οἱ
3052 1021 3276 1081 δίκαιοι,
3325 1020 3423 1072 καὶ
3472 1016 3823 1073 ἀνίστανται,

2220 1116 2312 1168 καὶ
2340 1115 2713 1181 ἐξανίστανται
2740 1114 3115 1186 ἁρπαζόμενοι
3145 1117 3201 1166 ἐν
3244 1112 3515 1182 νεφέλαις
3548 1112 3638 1170 εἰς
3665 1107 3825 1160 6.1:!”-

2220 1227 2377 1279 τησιν
2408 1211 2503 1263 τοῦ
2533 1210 2763 1276 Κυρίου·
2808 1210 2857 1261 οἱ
2905 1208 2961 1262 δὲ
2997 1207 3317 1278 ἁμαρτωλοὶ
3361 1207 3707 1258 ἀνίστανται
3744 1202 3823 1269 p6-

2220 1319 2330 1355 νον.
2381 1301 2735 1371 Ἐρμηνεύων
2792 1300 2848 1353 δὲ
2890 1302 2917 1354 6
2965 1300 3170 1369 Κύριος
3198 1298 3251 1350 τί
3288 1300 3406 1351 ἐστι
3442 1298 3532 1353 τὸ.
3592 1314 3611 1346 ι
3672 1294 3829 1346 "iv",

2219 1394 2421 1448 δέδωκέ
2468 1411 2557 1464 μοι
2602 1396 2629 1447 ό
2681 1394 2891 1463 Πατὴρ,
2940 1393 3001 1445 οὐ
3032 1392 3106 1462 μὴ
3144 1391 3422 1455 ἀπολέσω,
3469 1409 3486 1442 ι
3560 1388 3708 1457 φησὶ
3745 1386 3829 1453 τὴν

2222 1487 2390 1559 αὐτὴν
2431 1487 2640 1540 ἔννοιαν
2680 1486 2746 1539 δι’
2778 1486 2951 1539 ἄλλων
2982 1484 3205 1550 λέξεωνο
3241 1501 3259 1533 ι
3307 1484 3425 1535 Ἱνα
3463 1481 3589 1543 πᾶς
3642 1481 3672 1529 6
3706 1480 3823 1528 Θεω-

2224 1582 2332 1653 ρῶν
2381 1582 2473 1634 τὸν
2506 1582 2654 1644 Υἱὸν,
2688 1580 2781 1633 καὶ
2809 1578 3107 1640 πιστεύων,
3152 1577 3251 1646 ἔχῃ
3299 1577 3448 1644 ζωὴν
3498 1574 3755 1625 αἰώνιον.
3809 1591 3821 1620 ι

2223 1676 2391 1728 Οὐδὲν
2438 1674 2547 1743 γὰρ
2597 1673 2725 1726 ἄλλο
2766 1671 2935 1738 λέγει,
2991 1670 3024 1741 ἢ
3073 1670 3213 1736 ὅπερ
3245 1666 3401 1719 εἶπεν
3437 1666 3739 1732 ἀνωτέρω.
3766 1663 3825 1714 T‘z

2226 1770 2322 1837 μὲν
2353 1769 2482 1838 γὰρ,
2520 1788 2537 1819 ι
2570 1768 2683 1819 Πᾶν
2713 1765 2739 1818 ὃ
2770 1764 2969 1817 δέδωκέ
3006 1781 3095 1829 μοι
3120 1763 3146 1814 6
3183 1761 3398 1830 Πατὴρ,
3434 1779 3450 1809 ι
3480 1761 3699 1810 ταυτόν
3726 1759 3825 1808 ἐστι

2222 1858 2322 1928 τῷ,
2360 1876 2377 1909 ι
2419 1858 2531 1920 Πᾶς
2550 1859 2577 1909 6
2600 1854 2821 1925 Θεωρῶν
2850 1854 2940 1906 τὸν
2968 1853 3118 1915 Titii,
3144 1852 3241 1903 καὶ
3268 1849 3579 1901 πιστειίωψ
3627 1869 3646 1899 ι
3681 1849 3741 1900 τὸ
3761 1847 3827 1909 6i,

2232 1968 2248 1999 ι
2282 1948 2355 1998 Οὐ
2392 1948 2468 2016 μὴ
2497 1945 2768 2007 ἀπολέσω,
2812 1964 2829 1994 ›
2876 1942 3071 1996 ταυτὸν
3106 1942 3205 2009 τῷ,
3257 1960 3273 1989 ι
3312 1942 3469 2008 Ἔχει
3503 1938 3668 2007 ζωὴν
3714 1938 3825 1988 αἰώ-

2224 2058 2356 2093 νιον.
2393 2058 2408 2089 ι
2438 2039 2683 2109 Συνεχῶς
2710 2037 2766 2089 δὲ
2799 2036 3075 2105 μέμνηται
3106 2033 3491 2096 ἀναστάσεως,
3546 2033 3644 2082 ἵνα
3674 2030 3829 2097 πείσῃ

2221 2135 2346 2195 τοὺς
2372 2131 2716 2201 ἀνθρώπους,
2751 2131 2823 2198 μὴ
2854 2131 2961 2191 τοῖς
3004 2126 3310 2198 ὁρωμένοις
3338 2126 3530 2191 μόνοις
3562 2125 3829 2194 περιγρά-

2224 2240 2345 2292 φειν
2377 2222 2476 2291 τὴν
2499 2221 2594 2274 τοῦ
2620 2218 2755 2274 Θεοῦ
2784 2220 3064 2289 πρόνοιαν,
3096 2218 3214 2269 ἀλλ’
3239 2218 3443 2269 εἰδέναι
3476 2216 3556 2279 ὡς
3590 2216 3713 2267 ἔστι
3750 2215 3831 2265 καὶ

2223 2316 2358 2383 ἄλλη
2383 2315 2738 2376 κατάστασις,
2769 2312 2887 2365 καθ’
2927 2311 2993 2380 ἢν
3021 2308 3410 2380 ἀναμςιϐόλως
3448 2308 3830 2361 ἀπολαύσουσι

2222 2406 2330 2460 τῶν
2354 2407 2451 2474 τῆς
2482 2405 2687 2475 ἀρετῆς
2722 2402 2931 2473 μισθῶν
2958 2418 2969 2430 ’
2998 2403 3045 2453 εἰ
3075 2403 3170 2453 καὶ
3199 2401 3274 2471 μὴ
3314 2399 3414 2452 νῦν
3459 2397 3830 2470 προᾷαὶνεταξ

2221 2502 2359 2568 τιςή
2391 2498 2621 2567 βιωτικὴ
2651 2494 2877 2565 ἀμοιϐὴ,
2918 2495 3007 2548 διὰ
3051 2494 3210 2547 τοῦτο
3245 2494 3321 2564 μὴ
3354 2494 3707 2563 καθυφιέναι
3747 2490 3829 2544 τιὸ

2222 2592 2361 2662 πρὸς
2386 2591 2593 2661 ἀρετὴν
2614 2590 2841 2658 δρόμου.

2301 2701 2318 2733 ι
2368 2678 2697 2747 Ἐγόγγυζον
2735 2678 2827 2733 οὖν
2851 2680 2901 2732 οἱ
2944 2679 3189 2732 Ἰουδαῖοι
3236 2680 3365 2746 περὶ
3408 2676 3620 2735 αὐτοῦ,
3658 2679 3740 2729 ὅτι
3768 2669 3831 2726 εἷο

2224 2790 2344 2837 πεν,
2396 2768 2538 2838 Ἐγώ
2583 2770 2700 2838 εἰμι
2730 2770 2757 2818 6
2788 2770 2951 2838 ἄρτος
2982 2770 3009 2821 6
3048 2769 3110 2819 ἐκ
3135 2768 3231 2820 τοῦ
3274 2765 3520 2860 οὐρανοῦ
3559 2767 3828 2827 καταϐὰς,

2223 2866 2317 2917 καί
2348 2863 2554 2930 ἔλεγον·
2594 2862 2705 2930 Οὐχ
2746 2854 2901 2923 οὗτός
2926 2862 3075 2913 ἐστιν
3128 2859 3340 2930 Ἰησοῦς
3385 2854 3567 2923 ὁῖδὶὸς
3614 2861 3828 2928 Ἰωσὴς,

2222 2949 2283 3008 οὗ
2309 2956 2468 3024 ἡμεῖς
2499 2954 2726 3022 οἴδαμεν
2757 2954 2846 3005 τὸν
2887 2953 3102 3024 πατέρα
3131 2952 3227 3005 καὶ
3264 2951 3367 3022 τὴν
3406 2953 3680 3022 μητέρας
3716 2952 3831 3013 Πῶς

2222 3044 2316 3101 οὖν
2346 3047 2497 3114 λέγει
2520 3040 2697 3109 οὗτος,
2731 3046 2835 3108 ὅτι,
2901 3044 2995 3096 Ἐκ
3017 3043 3110 3097 τοῦ
3138 3044 3374 3113 οὐρανοῦ
3423 3044 3830 3113 καταϐέϐηκα,

534 3154 665 3210 ergo
685 3137 845 3194 Jesus
872 3149 926 3194 et
949 3140 1085 3193 dixit
1107 3138 1223 3194 eis:
1254 3136 1427 3193 Nolite
1455 3157 1793 3195 murmurare
1822 3143 1964 3196 inter
1988 3158 2115 3197 vos:

2228 3139 2529 3209 Ἀπεκρίθη
2570 3139 2800 3209 Ἰησοῦς,
2828 3138 2923 3190 καὶ
2959 3132 3112 3189 εἶπεν
3152 3136 3359 3199 αὐτοῖς·
3388 3137 3487 3207 Μὴ
3525 3140 3830 3205 γογγύζετε

536 3231 706 3287 Nemo
735 3240 909 3301 potest
938 3234 1121 3287 venire
1147 3232 1213 3287 ad
1251 3247 1356 3299 me,
1392 3234 1490 3288 nisi
1515 3232 1676 3288 Pater
1707 3236 1795 3303 qui
1829 3237 1975 3288 misit
2006 3250 2113 3300 me,

536 3321 767 3375 traxerit
793 3334 941 3385 eum,
974 3329 1027 3375 ct
1061 3336 1160 3391 ego
1199 3323 1531 3376 resnscitaho
1569 3340 1691 3377 eum
1732 3326 1782 3378 in
1820 3326 2119 3381 novissimo

538 3412 648 3467 die.
688 3430 708 3463 ι
741 3410 1147 3467 liurmurahant
1179 3413 1340 3487 592
1372 3414 1535 3484 igitur
1572 3413 1742 3469 Judaei
1771 3417 1985 3472 dicente
2015 3418 2120 3471 Do-

538 3504 713 3568 mino,
746 3524 764 3556 ι
794 3505 906 3575 Ego
927 3521 1045 3561 sum
1075 3507 1252 3573 panis,
1294 3525 1312 3558 ι
1345 3507 1504 3562 veluti
1533 3509 1763 3577 decepti.
1802 3508 1937 3563 Nam
1988 3510 2122 3563 huc-

538 3612 707 3668 usque
753 3598 967 3668 quidem
1019 3599 1409 3654 existimabant
1439 3601 1503 3654 de
1549 3617 1689 3671 pane
1719 3602 1959 3657 sensibili
1996 3617 2119 3656 eum

544 3691 711 3760 loqui,
750 3702 805 3746 et
832 3701 1113 3746 mansuete
1150 3693 1325 3760 ipsqu
1359 3690 1628 3757 ferebant,
1666 3703 1947 3762 sperantes
1978 3695 2120 3762 quod

544 3786 773 3838 daturus
798 3792 942 3837 esset
969 3798 1163 3852 panem
1205 3783 1369 3847 hunc,
1400 3792 1455 3838 et
1488 3786 1660 3837 ventri
1692 3784 1929 3851 ipsorum
1953 3785 2122 3854 grati-

542 3874 801 3931 ﬁcaturus
827 3892 841 3929 :
871 3890 1017 3930 nunc
1057 3884 1236 3930 autem
1272 3876 1395 3944 quia
1440 3877 1698 3931 revelavit
1729 3878 1811 3932 eis
1843 3878 1983 3946 quod
2016 3892 2121 3931 non

541 3971 611 4023 de
636 3969 877 4025 sensibili
911 3984 1068 4039 pane,
1105 3971 1196 4025 sed
1232 3968 1501 4038 Spirituali
1535 3985 1843 4040 sermonem
1876 3970 2122 4034 haberet,

541 4071 853 4130 contempto
889 4062 1003 4125 illo,
1033 4061 1398 4115 murmurant.
1433 4060 1539 4126 Qui
1570 4062 1712 4116 enim
1748 4062 1821 4115 illi
1860 4061 2125 4131 intellige-

543 4162 665 4206 rent
697 4152 1033 4221 spiritualem
1058 4153 1260 4214 cibum,
1284 4161 1337 4205 et
1359 4153 1524 4205 vitam
1555 4162 1608 4206 et
1635 4154 2125 4209 resurrectionem?

546 4244 1069 4298 Seandalizabantur
1116 4243 1298 4313 itaque
1346 4244 1397 4296 iu
1435 4260 1524 4306 eo,
1559 4244 1807 4300 videntes
1844 4244 1959 4313 ejus
2007 4261 2129 4299 ma-

546 4342 707 4397 trem,
759 4332 1043 4387 audientes
1075 4342 1273 4399 _autem
1317 4332 1612 4400 dicentem,
1670 4352 1688 4384 ι
1739 4334 1813 4388 De
1859 4336 1997 4391 coelo
2036 4339 2127 4392 de-

544 4424 749 4480 scendi.
798 4442 817 4476 ι
866 4424 1036 4495 igitur
1082 4439 1187 4478 non
1216 4424 1579 4495 intelligentes
1611 4418 1920 4497 quodiipse
1960 4430 2125 4484 etiam

2231 3232 2350 3303 μετ’
2384 3233 2651 3303 ἀλλήλων.
2686 3232 2871 3293 Οὐδεὶς
2898 3231 3123 3285 δύναται
3172 3230 3349 3283 ἐλθεῖν
3402 3232 3552 3301 πρὸς
3608 3234 3705 3302 μὲ.
3748 3235 3832 3285 ἐὲν

2227 3325 2301 3395 μὴ
2330 3329 2358 3378 6
2384 3324 2575 3396 Πατὴρ
2616 3326 2645 3378 6
2691 3324 2911 3395 πέμψας
2960 3342 3026 3393 με
3067 3324 3276 3396 ἐλκύσῃ
3335 3325 3534 3387 αὐτὸν,
3593 3331 3695 3380 καὶ
3732 3328 3829 3393 ἐγὼ

2223 3418 2518 3487 ἀναστήσω
2561 3417 2726 3470 αὑτὸν
2758 3419 2814 3469 ἐν
2843 3419 2909 3488 τῇ
2944 3417 3148 3487 ἐσχάτῃ
3180 3416 3386 3486 ἡμέρα.
3427 3435 3448 3467 ι
3497 3416 3832 3486 Ἐγόγγυζον

2222 3512 2269 3562 oi
2310 3510 2580 3573 Ἰουδαῖοι,
2624 3510 2869 3572 εἰπόντος
2898 3510 2994 3562 τοῦ
3036 3509 3268 3579 Κυρίου,
3298 3511 3410 3573 ὅτι,
3442 3529 3463 3560 ι
3527 3511 3685 3579 Ἐγώ
3725 3514 3827 3580 εέμι

2222 3605 2251 3656 6
2282 3602 2468 3673 ἄρτος,
2520 3621 2538 3653 ι
2584 3602 2659 3664 ὡς
2686 3602 3086 3671 ἀπατηθέντες.
3133 3602 3300 3671 Ἄχρι
3346 3601 3449 3671 μὲν
3484 3602 3607 3673 γὰρ
3664 3604 3831 3672 ἐνόμι-

2225 3695 2315 3759 ζον
2353 3696 2481 3763 περὶ
2513 3694 2678 3763 ipsa»
2717 3693 2979 3763 αἰσθητοῦ
3015 3692 3197 3758 λέγειν
3244 3692 3434 3755 αὐτὸν,
3471 3696 3680 3765 πράως
3720 3698 3831 3764 ἐγε-

2229 3805 2343 3857 ρον,
2371 3786 2705 3849 ἐλπίζοντες,
2734 3786 2816 3839 ὅτι
2849 3786 3009 3839 δώσει
3054 3785 3233 3849 αὐτοῖς
3272 3788 3370 3843 τὸν
3411 3787 3595 3857 ἄρτον
3628 3791 3826 3847 τοῦτον.

2227 3881 2322 3932 καὶ
2345 3881 2410 3949 τῇ
2442 3879 2638 3947 γαστρὶ
2670 3878 2850 3930 αὐτῶν
2879 3878 3185 3947 χαρίσεταιθ
3219 3879 3346 3931 Emi.
3370 3878 3430 3931 δὲ
3473 3881 3828 3950 ἀπεκάλυψεν

2226 3971 2434 4033 αὐτοῖς,
2466 3970 2549 4022 ὅτι
2582 3969 2643 4021 οὗ
2667 3969 2794 4038 περὶ
2819 3967 3079 4039 αἰσθητοῦ
3108 3969 3298 4037 ἄρτου,
3332 3969 3477 4023 ἀλλὰ
3508 3974 3650 4042 περῖ
3684 3991 3827 4025 πνεν-

2230 4064 2463 4132 ματικοῦ
2496 4062 2643 4113 ἐστιν
2668 4062 2694 4113 6
2722 4060 2879 4126 λόγος
2906 4057 3075 4129 αὐτῷ,
3104 4059 3442 4127 ἀπογνόντες
3467 4063 3823 4130 γογγύζουσι.

2228 4153 2339 4205 ΙΙοῠ
2382 4153 2488 4221 γὰρ
2519 4153 2705 4214 αὐτοῖς
2756 4152 2814 4204 τὸ
2846 4155 2985 4205 νοεῖν
3019 4152 3412 4221 πνευματικὴν
3463 4157 3715 4225 τροιρὴν,
3754 4159 3830 4209 καὶ

2230 4244 2396 4316 ζωὴν,
2421 4245 2517 4296 καὶ
2538 4244 2869 4308 ἀνάστασιν;
2908 4243 3391 4306 Ἐσκανδαλίζοντο
3420 4240 3523 4299 οὖν
3549 4248 3646 4300 ἐπ’
3672 4249 3825 4317 αὐτῷ,

2228 4338 2462 4409 ὁρῶντες
2501 4338 2600 4405 μὲν
2633 4337 2798 4390 αὐτοῦ
2824 4336 2923 4408 τὴν
2962 4338 3196 4407 μητέρα,
3232 4336 3545 4403 ἀκούοντες
3595 4342 3679 4407 δὲ,
3736 4344 3825 4403 ὅτι,

2237 4450 2255 4482 ι
2303 4430 2399 4482 Ἐκ
2428 4429 2521 4482 τοῦ
2553 4428 2786 4499 οὐρανοῦ
2817 4428 3195 4499 καταϐέϐηκα.
3250 4449 3268 4481 ι
3305 4430 3401 4499 Μὴ
3432 4432 3707 4498 νοοῦντες
3736 4436 3827 4487 τοί-

544 4532 688 4576 esset
720 4521 883 4588 Deus,
918 4522 1011 4578 sed
1038 4523 1089 4576 in
1119 4523 1221 4577 hoc
1249 4523 1603 4594 respicientes
1630 4526 1772 4596 quod
1801 4528 2121 4598 apparebat,

2232 4541 2345 4587 νυν,
2382 4524 2464 4575 ὅτι
2494 4522 2590 4575 καὶ
2624 4522 2753 4587 Θεός
2791 4523 2936 4575 ἐστιν
2982 4523 3010 4575 6
3052 4522 3237 4587 αὐτὸς,
3276 4523 3395 4576 ἀλλ’
3432 4527 3518 4586 εἰς
3562 4528 3624 4579 τὺ
3666 4529 3829 4597 φαινό-

546 4614 978 4681 murmurabant,
1034 4623 1289 4684 tanquam
1330 4626 1629 4672 ostentator
1658 4630 1798 4674 esset
1843 4622 2125 4689 Dominus,

546 4706 602 4753 et
628 4699 910 4754 dicebant:
945 4718 963 4752 ι
1005 4699 1192 4756 Nonne
1230 4703 1316 4757 hic
1349 4713 1431 4759 cst
1472 4706 1611 4761 ﬁlius
1652 4706 1906 4777 Joseph?
1950 4730 1966 4761 ι
2008 4711 2127 4779 ipse

547 4797 728 4843 autem
773 4790 1024 4845 Salvator
1066 4807 1170 4846 non
1208 4794 1487 4862 respondit
1515 4796 1627 4851 eis:
1668 4797 1781 4853 Non
1826 4814 1945 4855 Sum
1992 4804 2131 4857 tilius

549 4880 768 4950 iosvph.
812 4880 926 4936 Non
954 4883 1102 4938 enim
1129 4894 1383 4952 poterant
1418 4887 1721 4958 intelligere
1754 4902 1965 4959 partum
1999 4894 2132 4948 inef-

553 4972 769 5029 iabilem
800 4974 890 5042 qui
923 4984 1037 5027 erat
1064 4990 1128 5028 ex
1167 4974 1392 5042 virgine.
1430 4976 1490 5030 Et
1525 4980 1649 5046 quia
1682 4997 1785 5035 non
1821 4998 1990 5051 capax
2036 4984 2136 5039 fuit

555 5079 709 5117 meus
736 5064 947 5117 illorum
998 5066 1296 5119 nativitatis
1337 5072 1631 5124 secundum
1676 5089 1917 5137 carnem,
1968 5078 2135 5133 multo

558 5157 735 5210 minus
767 5156 906 5224 ejus,
932 5171 1052 5226 qua:
1079 5167 1205 5211 ante
1234 5159 1427 5212 saecula
1458 5177 1521 5215 ex
1556 5161 1737 5218 Patre.
1778 5166 1914 5230 Quid
1953 5175 2133 5222 autem

550 5249 837 5318 respondet
877 5251 997 5305 eis?
1049 5271 1066 5303 ι
1112 5251 1303 5306 Nullus
1345 5266 1525 5321 potest
1557 5260 1741 5313 venire
1775 5260 1838 5312 ad
1878 5276 1983 5325 me,
2035 5263 2137 5321 uisi

560 5339 718 5394 Pater
743 5344 971 5397 traxerit
997 5360 1144 5400 eum.
1176 5365 1193 5398 ι
1239 5347 1352 5404 Hoc
1394 5360 1572 5404 autem
1602 5352 1731 5404 dicit
1757 5368 1858 5404 nou
1886 5363 1941 5405 ιιι
1975 5354 2140 5407 liber-

563 5441 725 5487 tatem
780 5435 932 5491 tollat
975 5440 1209 5507 arbitrii,
1263 5443 1439 5497 absit!
1492 5444 1582 5496 sed
1626 5452 1681 5497 ut
1716 5445 1963 5499 ostendat
1996 5447 2140 5514 quod

562 5523 727 5579 multa
768 5526 961 5581 habeat
993 5544 1129 5599 opus
1159 5535 1543 5603 cooperatioue
1595 5550 1623 5587 τι
1669 5534 1775 5590 Deo
1809 5536 1852 5591 is
1893 5538 1981 5607 qui
2026 5553 2143 5592 erc-

635 5661 678 5694 ίοτ
709 5663 900 5722 Thess.
934 5686 1006 5732 IV,
1053 5670 1135 5725 Ι(ί.

636 5807 710 5874 ἔβι)
751 5805 887 5861 ιςιιιι.
930 5807 1051 5862 Lut.
1085 5808 1285 5875 omisit,
1324 5825 1421 5861 m‘tt
1455 5808 1685 5875 pcrdnm.

2240 4633 2400 4687 μενον
2430 4615 2853 4679 ἀποϐλέποντες,
2888 4614 3205 4683 ἐγόγγυζον,
3248 4614 3322 4677 ὡς
3358 4616 3825 4689 ἀλαζονευομένου

2234 4708 2327 4760 τοῦ
2378 4708 2608 4778 Κυρίου,
2647 4707 2743 4760 καὶ
2793 4706 3002 4773 ἔλεγον·
3042 4724 3061 4757 ι
3102 4707 3215 4775 Οὐχ
3252 4701 3409 4770 οὗτός
3463 4710 3629 4763 ἐστιν
3658 4714 3689 4764 6
3733 4713 3827 4771 υἱὸς

2249 4802 2483 4872 ’1ωσήφ;
2518 4821 2535 4852 ›
2566 4800 2739 4863 Αὐτὸς
2759 4801 2815 4853 δέ
2838 4802 2865 4853 6
2887 4799 3079 4870 Σωτὴρ
3103 4800 3205 4853 οὐκ
3226 4800 3606 4870 ἀποκρίνεται
3632 4806 3825 4867 afuat.

2235 4898 2339 4958 ὃτι,
2371 4896 2483 4947 Οὐκ
2514 4895 2627 4965 εἰμὶ
2657 4894 2768 4956 υἱὸς
2811 4892 3011 4961 Ἰωσήφ
3034 4907 3047 4918 ·
3080 4893 3141 4945 οὐ
3181 4892 3291 4963 γὰρ
3340 4893 3624 4961 ἠδύναντο
3653 4898 3825 4966 νοῆσαι

2237 4988 2326 5041 τὸν
2358 4988 2513 5040 τόκον
2554 4986 2646 5039 τὸν
2685 4987 2924 5057 ἄρρητον
2958 4985 3051 5038 τόν
3085 4987 3148 5039 ἐκ
3185 4986 3496 5056 Παρθένου.
3543 4990 3611 5041 ΕΞ
3640 4990 3697 5042 δὲ
3744 4991 3825 5057 τὴν)

2246 5080 2387 5134 κατὰ
2416 5082 2595 5150 σάρκα
2635 5080 2889 5149 γέννησιν
2910 5081 3010 5131 οὐκ
3062 5078 3260 5150 ἐχώρει
3297 5082 3330 5147 ὴ
3383 5080 3604 5135 διάνοια
3636 5085 3823 5143 αὐτῶν,

2238 5173 2417 5242 πολλῷ
2445 5173 2655 5261 μάλλα’
2672 5172 2769 5242 τὴν
2800 5173 2863 5224 ἐκ
2890 5173 2985 5225 τοῦ
3027 5172 3239 5242 Πατρδς
3283 5174 3645 5243 προαιώνιον.
3684 5177 3747 5229 Ti
3781 5176 3825 5228 δὲ

2239 5266 2595 5335 ἀποκρίνεται
2639 5264 2853 5326 αὐτοῖςς
2911 5282 2929 5315 ι
2970 5264 3159 5326 Οὐδεὶς
3202 5265 3436 5318 δύναται
3479 5264 3660 5319 ἐλθεῖν
3708 5269 3823 5334 πρὶς

2243 5358 2330 5427 μὲ,
2366 5358 2460 5409 ἐὰν
2495 5357 2569 5427 μὴ
2598 5356 2626 5408 6
2660 5358 2849 5427 Πατὴρ
2878 5357 3079 5428 ἐλκύσῃ
3104 5357 3286 5411 αὐτόν.
3324 5377 3343 5409 ι
3373 5358 3551 5413 Τοῦτο
3581 5360 3637 5413 δὲ
3669 5363 3819 5427 λέγει,

2240 5451 2299 5501 οὐ
2346 5450 2406 5501 τὸ
2439 5448 2787 5512 αὐτεξούσιον
2821 5447 3083 5518 ἀναιρῶν,
3130 5448 3347 5517 ἄπαγεῐ
3382 5451 3521 5503 ἀλλὰ
3551 5452 3821 5505 δεικνύων.

2242 5541 2322 5594 ὅτι
2369 5540 2569 5609 πολλῆς
2612 5539 2783 5593 δεῖται
2827 5538 3148 5611 σννεργείας
3197 5542 3533 5615 παρὰνθεοίι
3562 5546 3589 5597 6
3626 5544 3816 5615 μέλλων
