3936 6416
178 395 325 461 13ῠ9
932 398 1386 462 ENARRATIO
1426 402 1509 465 IN
1550 403 2071 471 EVANGELIUM
2110 411 2471 478 JOANNIS.
2494 441 2566 453 -
2589 418 2756 483 CAP.
2792 420 2897 484 VI.
3408 420 3550 495 1310

172 507 387 579 κόσμου
422 507 571 578 ζωὴν
625 507 911 579 ὀνομάζει.
945 511 1067 566 Κᾶν
1103 513 1213 586 γὰρ
1242 516 1327 585 ’μὴ
1367 516 1572 581 πάντες
1612 535 1753 589 παρε

1893 528 2075 581 tamen
2100 529 2346 600 seipsnm
2376 546 2476 602 pro
2505 534 2716 589 mundo
2744 534 2917 603 dedit,
2946 544 2997 592 et
3025 544 3303 608 quantum»
3346 536 3400 593 in
3425 540 3549 611 ipso

169 602 401 669 δέξαντο
434 604 526 658 τὸν
572 605 852 675 άγιασμὺν
898 607 994 660 καὶ
1021 608 1125 678 τὴν
1165 609 1225 664 ὲν
1278 610 1565 683 Πνεύματι
1618 612 1753 686 ζωὴπ

1900 630 2042 687 erat,
2079 624 2318 679 mundus
2353 634 2630 693 servatus,
2669 638 2987 701 naturaque
3036 630 3300 688 universa
3344 634 3547 689 sancti‘

168 695 292 750 ἀλλ’
316 691 411 751 οὗν
440 698 534 764 ὅγε
560 695 769 768 Κύριος
806 697 950 769 ὑπὲρ
983 700 1079 752 τοῦ
1100 700 1312 771 κόσμου
1345 704 1543 758 ἑαυτὸν
1567 704 1753 760 δέδωκε

1900 711 2061 766 licata
2108 722 2218 782 est,
2255 729 2322 771 eo
2363 718 2511 787 quod
2548 691 2761 790 accepit
2798 691 3063 777 virtutem
3097 719 3357 777 vincendi
3406 735 3544 791 pec-

163 790 265 844 καὶ
294 791 416 845 ὅσον
442 789 505 842 τὸ
533 789 622 843 ἐπ’
654 791 871 862 ἐκείνῳ,
903 795 932 846 6
968 794 1177 866 κόσμος
1199 796 1406 869 ἐσώθη,
1438 800 1535 853 καὶ
1560 801 1592 871 ἡ
1627 800 1795 869 φύσις

164 882 359 936 ἅπασα
415 883 679 955 ἡγιάσθη,
738 886 874 940 καθὸ
929 887 1165 959 δύναμιν
1220 890 1383 946 ἔλασε
1452 896 1614 966 νικᾷν
1686 896 1788 968 τὴν

162 977 470 1049 ἁμαρτίαν,
497 979 595 1033 καὶ
629 980 661 1051 ή
692 981 945 1052 ἁμαρτία
971 984 1192 1055 ἀπέδρα
1233 987 1324 1041 διὰ
1369 988 1463 1043 τοῦ
1498 989 1621 1054 ἑνδς
1680 991 1779 1045 ἀν-

154 1070 392 1142 θρώπου
417 1073 512 1128 τοῦ
553 1077 942 1149 Κυρίουὴμῶν
970 1081 1155 1152 Ἰησοῦ
1182 1083 1450 1157 Χριστοῦ,
1470 1086 1669 1159 ὥσπερ
1725 1088 1819 1143 καὶ

157 1167 391 1239 σθησεν.
750 1205 754 1209 -

240 1280 260 1313 ε
300 1263 608 1335 Ἐμάχοντο
648 1264 742 1320 οὖν
798 1269 939 1341 πρὸς
974 1272 1250 1346 ἀλλήλους
1289 1280 1339 1333 οἱ
1387 1278 1664 1348 Ἰουδαῖοι,
1693 1280 1782 1335 λέ-

152 1372 353 1424 γοντες
380 1373 394 1387 ο
437 1357 561 1421 Πῶς
610 1358 835 1416 δύναται
864 1354 1025 1430 οὗτος
1058 1367 1193 1438 ἡμῖν
1244 1371 1432 1428 δοῦναι
1458 1375 1560 1447 τὴν
1595 1377 1782 1449 σάρκα

150 1453 357 1518 φαγεῖν
388 1468 401 1515 ;
433 1446 605 1506 Εἶπεν
629 1452 723 1507 οὖν
757 1457 947 1523 αὐτοῖς
1005 1461 1033 1513 6
1090 1460 1305 1535 Ἰησοῦς
1330 1484 1344 1498 ·
1390 1446 1591 1540 Ἀμῆν,
1624 1446 1776 1544 ἀμὴν

147 1541 305 1610 λέγω
328 1542 480 1612 ὑμῖν,
519 1543 615 1597 ἐὰν
659 1546 735 1617 μὴ
766 1550 983 1621 φάγητε
1012 1552 1115 1625 τὴν
1151 1556 1332 1627 σάρκα
1360 1561 1456 1614 τοῦ
1482 1563 1617 1617 Υἱοῦ
1668 1541 1775 1619 τοῦ

147 1632 475 1704 ἀνθρώπου,
517 1639 615 1693 καὶ
640 1639 803 1711 πίητε
838 1644 1007 1699 αὐτοῦ
1036 1647 1096 1699 τὸ
1128 1642 1291 1719 αἷμα,
1321 1654 1424 1708 οὐκ
1447 1655 1600 1727 ἔχετε
1625 1657 1777 1730 ζωὴν

1895 816 2085 860 catum
2159 821 2260 875 per
2319 824 2492 865 unum
2566 812 2851 867 hominem
2920 810 3218 868 Dominum
3280 822 3537 871 nostrum

1893 894 2082 952 Jesum
2118 895 2427 964 Christum,
2450 900 2597 955 sicut
2627 910 2683 955 et
2711 914 2811 973 per
2837 916 3011 957 unum
3039 902 3325 959 hominem
3360 904 3536 959 Adam

1894 990 1947 1045 in
1982 1002 2269 1061 peccatum
2308 993 2614 1051 ceciderat.

1895 1089 1964 1144 δι’
2006 1090 2132 1155 ἑνὸς
2188 1090 2487 1165 ἀνθρώπου
2537 1091 2634 1147 τοῦ
2681 1091 2862 1166 Ἀδὰμ
2918 1093 3001 1159 είς
3061 1093 3352 1167 ἁμαρτίαν
3402 1094 3534 1151 ὠλί-

1962 1277 2137 1336 Vens.
2166 1281 2361 1338 55-56.
2401 1299 2421 1333 ι
2468 1282 2841 1339 Decertabant
2871 1298 3007 1356 ergo
3042 1281 3220 1341 Judaei
3260 1284 3411 1339 inter
3442 1301 3528 1355 se,

1881 1374 2138 1433 dicentes
2184 1395 2199 1433 :
2254 1377 2547 1445 Quomodo
2580 1379 2670 1435 hic
2714 1388 2897 1450 potest
2932 1379 3094 1435 nobis
3133 1380 3267 1436 dare
3302 1394 3529 1437 carnem

1878 1483 2033 1524 suam
2083 1472 2150 1526 ad
2181 1458 2512 1527 edendum?
2554 1472 2702 1527 Dixit
2752 1473 2834 1529 eis
2864 1473 3028 1529 Jesus
3070 1490 3084 1528 :
3119 1473 3322 1541 Amen,
3360 1487 3523 1531 amen

1890 1564 2014 1619 dico
2061 1564 2235 1634 vobis,
2284 1566 2393 1621 nisi
2434 1566 2663 1623 ederitis
2711 1582 2939 1623 carnem
2965 1566 3091 1623 Filii
3147 1569 3415 1634 hominis,
3454 1578 3513 1624 et

1874 1655 2124 1711 biberitis
2159 1656 2278 1726 ejus
2332 1658 2681 1730 sanguinem,
2732 1672 2840 1713 non
2896 1658 3173 1715 habebitis
3228 1661 3402 1715 vitam
3465 1659 3521 1715 in

149 1724 216 1777 ὲν
248 1726 487 1833 ἑαυτοῖς.
528 1726 589 1782 '0
645 1731 883 1802 τρώγων
919 1754 1022 1806 μου
1060 1739 1163 1811 τὴν
1220 1744 1424 1815 σάρκα,
1603 1724 1753 1804 πίνω

1886 1750 2066 1806 vobis;
2099 1724 2203 1817 Qui
2238 1751 2352 1805 edit
2384 1766 2566 1807 meam
2596 1766 2846 1817 carnem,
2884 1762 2942 1807 et
2975 1750 3115 1807 bibit
3159 1766 3343 1806 meum
3390 1766 3522 1808 san.

150 1834 260 1888 μου
298 1820 358 1872 τὸ
389 1814 553 1890 αἷμα,
588 1822 703 1892 ἔχει
732 1824 882 1897 ζωὴν
912 1828 1137 1885 αίώνιον
1160 1850 1172 1863 ·
1204 1838 1301 1889 καὶ
1326 1838 1439 1906 ἐγὼ
1476 1841 1753 1911 ἁναστήσο

1886 1814 2324 1912 guinem,habet
2352 1844 2523 1898 vitam
2548 1854 2838 1908 aeternam,
2864 1852 2920 1898 et
2949 1858 3056 1915 ego
3080 1844 3364 1899 suscitabo
3393 1858 3520 1900 eum

144 1910 413 2007 αὑτδντῆ
458 1915 671 1988 ἐσχάτῃ
698 1920 907 1991 ἡμέρᾳ.
980 1922 1045 1977 Ἡ
1082 1925 1187 1998 γὰρ
1222 1930 1363 2001 σάρξ
1397 1950 1499 2002 μου
1547 1934 1771 2007 άληθῶς

147 2003 276 2093 est:
304 2003 532 2077 βρῶσις,
563 2012 658 2064 καὶ
690 2012 751 2064 τὸ
774 2008 915 2083 αἷμά
962 2034 1066 2084 μου
1102 2020 1324 2091 άληθῶς
1359 2026 1477 2080 ἐστι
1512 2003 1698 2093 πόσι-ς.
1744 2051 1762 2083 ι

158 2092 528 2162 Ἀκούσαντες
585 2102 637 2154 oi
702 2103 950 2159 Ἰουδαῖοι
1009 2111 1140 2180 περὶ
1194 2111 1297 2181 τῆς
1354 2114 1616 2186 βρώσεως
1666 2122 1770 2188 τῆς

142 2186 354 2256 σαρκὸς
378 2187 475 2241 τοῦ
511 2191 745 2261 Κυρίου.
775 2196 1095 2254 ἀπιστοῦσι.
1132 2202 1232 2255 Διὰ
1262 2203 1425 2257 τοῦτο
1457 2207 1552 2260 καὶ
1583 2208 1645 2261 τὸ
1667 2186 1767 2281 τῆς

138 2277 410 2356 άπιστῖας
443 2282 615 2353 ῥῆμα,
648 2286 742 2354 rbi,
776 2305 793 2338 ι
827 2290 987 2358 Πῶς;
1023 2312 1038 2343 ι
1076 2293 1622 2364 φθέγγονται.”οταν
1655 2277 1784 2376 γὰρ

136 2371 409 2438 ἀπιστίας
465 2376 727 2449 λογισμοὶ
774 2385 1098 2443 εἰσέλθωσιν
1137 2392 1218 2454 είς
1274 2392 1478 2465 ψυχὴν,
1497 2396 1621 2450 τότε
1665 2371 1763 2453 καλ.

134 2463 204 2516 τὸ
226 2504 241 2528 ,
278 2466 438 2531 Πὼς;
471 2473 907 2545 συνεισέρχεται.
942 2480 1041 2534 Διὰ
1071 2481 1234 2537 τοῦτο
1274 2463 1563 2553 καίῗαὺτὸς
1589 2490 1763 2549 θέλων

134 2557 339 2622 δεῖξαι,
368 2561 447 2612 ὅτι
482 2563 583 2617 οὐκ
618 2565 735 2620 ἔστι
771 2569 935 2624 τοῦτο
960 2574 1249 2641 ἀδύνατον,
1285 2580 1424 2634 ἀλλὰ
1476 2584 1573 2636 καὶ
1618 2586 1754 2655 σφό-

132 2652 243 2723 δρα
273 2656 599 2724 άναγκαίον,
651 2662 746 2713 καὶ
801 2665 902 2718 οὐκ
965 2666 1115 2720 ἔστιν
1159 2669 1336 2736 ἄλλως
1383 2673 1533 2744 ἔχειν
1586 2652 1757 2750 ζωῆν,

138 2746 313 2818 φησίν
346 2764 358 2777 ·
402 2768 422 2800 ι
474 2750 603 2806 Ἐὰν
665 2757 739 2824 μή
794 2774 899 2826 μου
934 2760 1033 2829 τὴν
1090 2762 1274 2829 σάρκα
1312 2768 1555 2838 φάγητε,
1584 2789 1601 2823 ι
1664 2746 1758 2827 ,ξαὶ

129 2838 385 2933 τάῗὲιξῆς.
427 2842 586 2897 Οὕτω
630 2846 725 2899 καὶ
752 2850 780 2900 6
810 2850 1129 2925 Νικόδημος
1175 2857 1233 2923 ἐξ
1264 2860 1527 2925 ἀπιστίας
1555 2862 1711 2933 ἔλεγε
1739 2884 1751 2896 ·

136 2948 158 2982 ς
203 2932 324 2996 Πῶς
344 2936 567 2989 δύναται
593 2939 881 3009 ἅνθρωπος
901 2946 1167 3000 εἰσελθεῖν
1187 2951 1267 3013 εἰς
1285 2952 1386 3023 τὴν
1411 2957 1625 3009 κοιλίαν
1651 2958 1755 3027 τῆς

133 3027 350 3124 μητρός
382 3047 396 3095 ;
444 3049 461 3081 ³
502 3034 595 3084 Δεῖ
624 3033 803 3096 τοίνυν
826 3038 976 3107 ἡμᾶς
1022 3041 1392 3111 ἀκούσαντας,
1427 3048 1512 3101 ὅτι
1537 3051 1631 3103 ἐὰν
1675 3054 1752 3124 μὴ

1887 1940 1941 1992 in
1982 1938 2285 1993 novissimo
2319 1936 2429 1993 die.
2465 1936 2611 1993 Caro
2641 1937 2789 1993 enim
2825 1951 2949 1992 mea
2978 1951 3110 1992 vere
3140 1946 3227 1994 est
3260 1936 3441 2005 cibus,
3465 1945 3525 1994 et

1882 2030 2108 2100 sanguis
2142 2046 2297 2085 meus
2329 2045 2458 2086 vere
2482 2038 2569 2087 est
2595 2042 2779 2100 potus.
2814 2049 2833 2083 ι
2860 2028 3037 2085 Judaei
3068 2047 3196 2085 cum
3227 2031 3521 2087 audissent

1881 2123 1948 2177 de
1995 2138 2093 2178 esu
2149 2124 2336 2178 carnis
2388 2123 2558 2188 illius,
2617 2122 2963 2179 discredunt.
3009 2121 3140 2179 Ideo
3189 2131 3247 2179 et
3282 2124 3512 2179 verbum

1879 2215 2530 2271 incredulitatisdicunt:
2563 2213 2855 2282 Quomodo
2884 2216 2908 2269 ἲ
2942 2213 3082 2270 Nam
3112 2217 3337 2285 quando
3361 2215 3514 2286 cogi.-

1879 2310 2120 2365 lationes
2155 2307 2567 2364 incredulitatis
2600 2310 2996 2382 ingrediuntur
3027 2310 3085 2365 in
3119 2310 3388 2377 animam,
3427 2311 3513 2365 in-

1874 2405 2125 2476 greditur
2172 2405 2363 2471 simul,
2420 2403 2755 2470 Quomodo?
2800 2404 3105 2476 Propterea
3155 2405 3274 2475 ipse
3320 2403 3515 2460 volens

1876 2498 1977 2552 hoc
2013 2498 2309 2552 ostendere
2351 2498 2499 2567 quod
2530 2511 2641 2552 non
2684 2497 2756 2551 sit
2796 2496 3171 2568 impossibile,
3204 2497 3301 2553 sed
3341 2496 3512 2554 etiam

1872 2591 2029 2645 valde
2073 2590 2472 2656 necessarium,
2520 2589 2599 2643 ait
2648 2606 2665 2646 :
2705 2587 2824 2645 Non
2876 2601 3057 2661 potest
3104 2591 3269 2647 aliter
3303 2592 3501 2648 haberi

1871 2682 2008 2746 vita,
2048 2700 2066 2732 ι
2108 2681 2209 2735 nisi
2252 2695 2431 2736 meam
2477 2695 2704 2737 carnem
2738 2680 2905 2753 595
2954 2683 3300 2752 comedalis,
3335 2702 3359 2735 »η
3395 2694 3507 2741 etc.

1868 2774 1948 2830 Ita
1981 2784 2035 2829 et
2065 2772 2411 2831 Nicodemns
2443 2791 2513 2829 ex
2549 2775 2939 2849 incredulitate
2971 2776 3194 2833 dicebat
3227 2793 3243 2832 :
3291 2796 3310 2831 ι
3352 2779 3504 2846 Quo-

1868 2869 2034 2922 modo
2077 2875 2259 2936 potest
2316 2867 2486 2922 bomo
2540 2869 2750 2923 intrare
2793 2868 2846 2923 in
2892 2878 3145 2925 ventrem
3191 2870 3434 2926 matris?
3480 2890 3503 2923 ι

1867 2960 2100 3033 Oportet
2135 2959 2303 3031 igitur
2341 2975 2465 3023 nos,
2495 2974 2623 3014 cum
2676 2960 3083 3029 audiverimus,
3120 2961 3237 3017 Nisi
3273 2962 3505 3019 ederitis

1866 3069 2089 3109 carnem
2124 3052 2273 3120 Filii,
2312 3068 2421 3109 non
2456 3053 2735 3111 habebitis
2771 3055 2968 3121 vitam,
3001 3055 3056 3111 in
3091 3054 3505 3127 sumptionibus

130 3118 407 3219 cpd_ywp.sv
436 3122 537 3193 τὴν
582 3126 767 3196 σάρκα
790 3130 885 3183 τοῦ
923 3131 1082 3200 Υίοῦ,
1112 3138 1215 3190 οὑκ
1250 3138 1453 3210 ἔχομεν
1487 3118 1752 3213 ζωὴνξὲν

1875 3145 2181 3201 divinorum
2215 3118 2611 3218 mysteriorum
2637 3118 3009 3202 indubitatam
3037 3118 3277 3203 retinere
3310 3147 3499 3213 tidem,

127 3212 257 3309 ταῖς
293 3215 633 3287 μεταλήψεσι
663 3220 775 3275 τῶν
804 3222 969 3277 θείων
1008 3230 1336 3301 μυστηρίων
1366 3232 1556 3288 πίστιν
1603 3235 1753 3308 ἔχειν

1875 3247 1917 3295 et
1954 3253 2065 3293 non
2101 3212 2373 3309 qurererc,
2408 3236 2531 3306 Quo
2583 3239 2789 3309 pacto?
2820 3237 2961 3295 Nam
2995 3238 3259 3297 animalis
3300 3238 3494 3306 homo,

127 3300 483 3369 άδίστακτον,
517 3310 613 3363 καὶ
659 3312 736 3383 μὴ
768 3313 961 3385 ζητεῖν
991 3315 1074 3384 τὸ,
1108 3300 1234 3384 Πῶς
1266 3339 1281 3389 ;
1319 3323 1381 3376 '0
1418 3324 1527 3396 γάρ
1585 3300 1754 3401 ψυχι-

126 3396 230 3490 κὸς
284 3397 596 3471 ἄνθρωπος,
621 3406 928 3478 τουτέστιν,
964 3411 994 3463 6
1042 3412 1330 3483 λογισμοῖς
1376 3396 1750 3490 ἀνθρωπίνοις

126 3489 231 3585 καὶ
274 3490 554 3561 ψυχικοῖς,
585 3495 706 3565 ἦτοι
757 3506 1036 3571 φυσικοῖς,
1068 3505 1364 3577 ἑπόμενος,
1419 3489 1492 3565 οὗ
1529 3513 1747 3585 δέχεται

122 3581 201 3635 τὰ
236 3583 373 3657 ὑπὲρ
400 3585 566 3655 φύσιν
597 3593 693 3644 καὶ
732 3599 1092 3664 πνευματικά
1123 3615 1136 3629 ·
1168 3600 1367 3677 ὥσπερ
1395 3600 1490 3660 οὖν
1522 3612 1619 3662 καὶ
1649 3609 1749 3682 τὴν

123 3680 518 3770 ⁴πνευματικὴν
550 3680 760 3753 βρῶσιν
786 3687 888 3757 τῆς
920 3689 1017 3742 τοῦ
1051 3690 1487 3768 Κυρίουραρκὺς
1512 3700 1574 3754 οὐ
1597 3680 1745 3770 νοεί,

231 3769 285 3865 οί
319 3771 394 3865 μη
450 3776 1001 3865 μεταλαμϐάνοντες,
1038 3760 1306 3858 ἀμέτοχοι
1356 3760 1582 3846 ἔσονται
1642 3760 1747 3865 τῆς

122 3861 351 3957 αἰωνίου
378 3862 549 3935 ζωῆς,
582 3866 658 3931 ὡς
692 3870 768 3942 μὴ
802 3875 1249 3948 παραδεξάμενοι
1278 3883 1372 3937 τὸν
1412 3884 1628 3957 Ἰησοῦν
1652 3861 1746 3941 τόν

121 3949 263 4051 {ivra
297 3953 761 4051 gwiivalqlitvﬁv.
808 3965 883 4018 Οὐ
912 3968 1022 4038 γάρ
1056 3969 1220 4038 ψιλοῦ
1271 3949 1572 4046 ἀνθρώπου
1603 3979 1745 4051 σάρξ

120 4042 337 4114 ἐστινὴ
387 4045 706 4120 ἑσθιομένη,
757 4052 896 4109 ἀλλὰ
924 4056 1089 4123 Θεοῦ,
1119 4064 1215 4114 καὶ
1256 4042 1533 4121 θεοποιεῖν
1579 4042 1743 4124 δυναλ

124 4138 306 4234 μένηἱ
342 4138 417 4234 tiu;
467 4142 845 4216 ἀνακραοείσα
900 4148 1140 4223 θεότητι.
1169 4153 1321 4228 Αὕτη
1366 4159 1461 4212 καὶ
1521 4160 1744 4234 ἀληθῶς

116 4229 242 4328 ἔστι
281 4228 507 4328 βρῶσις,
536 4235 674 4289 καθὸ
726 4239 787 4291 οὐ
845 4240 987 4313 πρὸς
1028 4243 1214 4315 ὀλίγον
1253 4251 1449 4323 καιρὸν
1500 4228 1739 4328 διαρκεῖ,

115 4319 245 4421 ουδὲ
271 4322 571 4421 -φθείρεται
606 4328 864 4403 καθάπερ
901 4335 933 4405 ή
966 4336 1172 4410 ρευστὴ
1207 4319 1436 4411 βρῶσις,
1470 4319 1610 4403 ἀλλά
1639 4319 1741 4421 τῆς

118 4416 347 4469 αἰωνίου
408 4417 556 4488 ζωῆς
601 4424 754 4476 ἐστιν
807 4426 879 4479 ἐπ

114 4506 281 4572 πόσις
332 4508 428 4563 τοῦ
461 4510 701 4582 αἵματος

111 4601 197 4654 ὅτι
240 4601 316 4673 μὴ
368 4605 509 4676 πρὸς
543 4609 740 4679 καιρὸν
773 4611 1017 4684 ἔπαρκεῖ
1044 4615 1122 4688 τῷ
1148 4618 1320 4690 δίψει,
1352 4623 1471 4677 ἀλλ’
1506 4629 1586 4693 είς

114 4695 309 4767 ἄδιψον
340 4699 595 4773 διατηρεί
622 4705 719 4757 καὶ
740 4706 1006 4781 ἀνεπιδεῆ
1037 4711 1129 4765 τὸν
1162 4715 1357 4771 πιόντα
1376 4734 1391 4749 '
1424 4720 1611 4788 καθὼς
1639 4727 1734 4781 καὶ

113 4789 257 4861 πρὸς
286 4792 382 4864 τὴν
404 4794 741 4866 Σαμαρεῖτιν
788 4798 1000 4869 ἔλεγεν,
1035 4803 1143 4870 ὅτι,
1175 4825 1193 4857 ‹
1242 4807 1303 4862 Ὀ
1336 4812 1512 4868 πίνων
1542 4818 1607 4871 ὲκ
1635 4819 1732 4874 τοῦ

112 4882 311 4947 ὓδατος
388 4877 451 4938 οὗ
500 4886 613 4956 ἐγὼ
675 4890 858 4958 δώσω,
914 4896 976 4949 οὺ
1028 4896 1259 4972 διψήσῃ.
1298 4921 1316 4954 ι
1379 4904 1569 4972 Ὅστις
1620 4911 1732 4983 γὰρ

107 4977 213 5074 τῂν
241 4977 405 5049 χάριν
434 4979 529 5035 τοῦ
557 4982 719 5050 ἁγίου
756 4986 1079 5058 Πνεύματος
1119 4992 1208 5047 διὰ
1233 4996 1336 5066 τῆς
1365 4977 1731 5074 μεταλήψεως

105 5068 221 5123 τῶν
278 5071 442 5128 θείων
478 5080 1069 5153 μυστηρίωνίδέξεται,
1108 5086 1236 5143 οὔτε
1290 5091 1559 5164 λιμώττει
1596 5115 1727 5172 νοη·

104 5161 202 5216 τὸν
226 5162 408 5236 λιμὸν,
441 5166 569 5221 οὔτε
598 5168 733 5243 διψᾷ
756 5172 932 5244 δίψος,
960 5172 1076 5231 οἷον
1097 5180 1146 5232 oi
1170 5161 1426 5243 ἄπιστοι.

125 5252 209 5354 ’-ι
363 5257 598 5354 τρώγων
628 5352 637 5354 _
649 5280 753 5333 μου
792 5265 894 5337 τὴν
944 5269 1150 5341 σάρκα,
1180 5277 1277 5329 καὶ
1314 5280 1490 5337 πίνων
1519 5300 1624 5354 μου
1661 5288 1726 5343 τὸ

108 5338 272 5415 αἷμα,
312 5347 372 5403 ἐν
412 5350 538 5421 ἐμοὶ
570 5352 747 5423 μένει,
806 5359 968 5428 κάγὼ
1018 5338 1079 5418 ἓν
1116 5365 1289 5440 αὐτῷ.
1338 5338 1541 5441 Καθὼς
1585 5338 1727 5435 άπίζ

109 5440 289 5545 στειλέ
420 5444 451 5497 6
480 5445 592 5510 ζῶν
624 5448 841 5523 Πατὴρ,
889 5456 1051 5527 κάγὼ
1085 5458 1166 5529 Ct?)
1194 5462 1288 5519 διὰ
1332 5467 1429 5522 τὸν
1460 5470 1681 5545 Πατέρα
1703 5491 1720 5507 ⁶

180 5914 436 5977 ⁸⁰ίϐυτ.
491 5939 550 5992 tt,
613 5924 699 5983 Η.
778 5930 822 5965 ⁸⁸
897 5931 1053 5994 Joan.
1120 5954 1195 6010 tv,
1232 5940 1323 5997 15.

1860 3332 1965 3387 boc
1996 3340 2083 3387 est
2123 3332 2215 3402 qui
2261 3334 2518 3402 sequitur
2566 3332 2936 3403 cogitationes
2979 3333 3254 3391 humanas
3281 3346 3339 3391 et
3374 3334 3495 3390 aui-

1859 3425 2053 3491 males,
2105 3426 2221 3481 sive
2274 3426 2581 3494 naturales,
2629 3441 2740 3481 non
2773 3436 2863 3483 est
2913 3434 3093 3499 cap‘ax
3126 3442 3322 3484 eorum
3368 3444 3495 3500 quae

1860 3529 1993 3573 sunt
2024 3534 2194 3589 super
2226 3530 2507 3587 naturam,
2542 3531 2600 3579 et
2643 3522 3047 3593 spiritualium.
3085 3524 3269 3594 Atque
3311 3523 3390 3579 ita
3439 3532 3497 3579 et

1856 3610 2202 3681 spiritualem
2231 3627 2387 3668 esum
2416 3614 2603 3672 carnis
2633 3615 2942 3672 Dominicte'
2972 3631 3081 3671 non
3117 3616 3376 3688 intelligit
3400 3618 3451 3651 "
3479 3635 3494 3674 :

1857 3703 2018 3774 cujus
2050 3704 2141 3775 qui
2178 3721 2290 3761 non
2319 3717 2450 3762 sunt
2479 3708 2812 3779 participes,
2854 3724 2966 3764 non
3000 3720 3165 3766 erunt
3193 3696 3495 3782 participes

1853 3807 2079 3853 :eternze
2113 3799 2261 3866 vita,
2286 3814 2362 3855 .eo
2392 3802 2544 3871 quod
2588 3812 3102 3874 non_susceperunt
3135 3803 3353 3874 Iesum,
3388 3806 3487 3878 qui

1850 3898 1938 3947 est
1972 3888 2096 3945 Vita
2135 3900 2368 3950 aeterna.
2417 3892 2538 3951 Non
2585 3895 2737 3951 enim
2772 3896 2907 3951 nudi
2957 3894 3204 3954 hominis
3240 3912 3375 3954 caro
3403 3908 3494 3957 est

1850 3997 1975 4055 quae
2012 3984 2404 4055 manducatur,
2448 3988 2544 4055 sed
2581 3987 2719 4055 Dei,
2753 3998 2808 4044 et
2840 4005 2964 4059 qua:
3011 3989 3278 4048 deiﬁcare
3318 3991 3490 4059 valet,

1852 4084 2046 4147 utpote
2095 4087 2511 4148 contemperata
2565 4081 2781 4138 deitati.
2844 4082 2953 4139 ista
3002 4085 3173 4140 etiam
3228 4100 3359 4143 vere
3406 4095 3494 4143 est

1850 4171 2029 4237 cibus,
2055 4185 2122 4227 eo
2158 4172 2306 4243 quod
2339 4188 2448 4229 non
2477 4175 2545 4230 ad
2580 4190 2816 4247 parvum
2847 4188 3064 4249 tempus
3095 4179 3277 4245 duret,
3307 4195 3491 4251 neque

1848 4276 2243 4336 corrumpatur
2278 4267 2424 4324 sicut
2472 4271 2855 4341 corruptibilis
2901 4272 3059 4328 cibus
3084 4315 3100 4341 ,
3136 4276 3233 4330 sed
3263 4284 3490 4333 aeterna

1848 4355 1977 4412 vitae
2025 4357 2097 4413 sit
2136 4359 2472 4416 subsidium.
2525 4362 2798 4417 Similiter
2858 4374 2915 4419 et
2965 4374 3132 4435 potus
3194 4370 3487 4439 sanguinis

864 4426 1126 4499 τίκουρος.
1192 4432 1428 4505 Ὁμοίως
1473 4439 1531 4493 δὲ
1578 4444 1734 4517 καὶὴ

1875 4451 2090 4521 )omini,
2125 4468 2256 4510 vere
2294 4464 2382 4511 est
2416 4465 2579 4526 potus
2614 4475 2629 4513 :
2664 4459 2795 4529 quia
2830 4474 2938 4514 non
2965 4426 3043 4514 ad
3076 4426 3485 4533 temptts'suﬂl-

734 4516 831 4571 τοῦ
870 4520 1105 4591 Κυρίου,
1132 4522 1355 4597 ἀληθῶς
1378 4531 1515 4595 ,ἐστι
1549 4516 1731 4604 πόσις,

1878 4543 1919 4600 it
1952 4545 2064 4612 siti,
2110 4548 2206 4603 sed
2234 4562 2457 4619 semper
2502 4550 2712 4622 absque
2758 4552 2849 4609 siti
2894 4566 3211 4623 conservat,
3261 4573 3363 4614 nec
3401 4560 3485 4615 in-

1843 4638 2031 4711 digere
2055 4643 2328 4712 permittit
2359 4644 2663 4713 bibentem,
2700 4646 2848 4703 sicut
2882 4658 2939 4703 et
2974 4648 3042 4704 ad
3066 4646 3478 4709 Samaritanam

1840 4737 2059 4794 dicebat
2099 4759 2112 4797 :
2145 4760 2164 4794 ι
2220 4744 2325 4810 Qui
2368 4743 2506 4801 bibit
2541 4761 2609 4801 ex
2653 4760 2795 4815 aqua
2830 4762 2998 4818 quam
3025 4763 3129 4820 ego
3163 4752 3330 4817 dabo,
3368 4766 3479 4807 non

1839 4830 1994 4895 sitiet
2039 4832 2110 4888 ⁸¹.
2166 4852 2186 4886 ι
2238 4832 2376 4891 Nam
2423 4836 2681 4908 quisquis
2718 4837 2956 4905 gratiam
3005 4839 3187 4896 sancti
3231 4841 3479 4913 Spiritus

1836 4941 1938 4998 per
1965 4928 2336 4999 sumptionem
2362 4930 2673 4987 divinorum
2703 4932 3092 5001 mysteriorum
3120 4936 3459 5007 susceperit,

1838 5037 2018 5093 neque
2041 5021 2244 5080 {amem
2278 5024 2622 5097 spiritualem
2652 5040 2835 5097 neque
2862 5027 3012 5083 sitim
3047 5030 3311 5099 patietur,
3342 5046 3481 5103 qua-

1840 5114 1947 5172 lem
1978 5118 2270 5175 increduli.

1920 5296 2083 5355 Vens.
2114 5298 2313 5358 57-59.
2359 5320 2378 5355 ι
2433 5302 2538 5370 Qui
2572 5305 2687 5361 edit
2730 5320 2911 5362 meam
2962 5321 3212 5376 carnem,
3243 5318 3299 5366 et
3336 5308 3476 5365 bibit

1835 5404 2017 5447 meum
2050 5395 2398 5465 sanguinem,
2433 5394 2487 5450 in
2516 5411 2604 5452 me
2634 5408 2842 5466 manet,
2868 5408 2923 5456 et
2950 5413 3051 5471 ego
3081 5400 3133 5455 in
3164 5398 3281 5456 illo.
3314 5398 3474 5457 Sicut

1841 5482 1993 5539 misit
2030 5500 2121 5541 me
2151 5480 2346 5544 vivens
2379 5486 2569 5559 Pater,
2601 5493 2675 5549 ita
2708 5502 2765 5550 et
2794 5510 2899 5565 ego
2930 5496 3060 5552 vivo
3098 5506 3327 5569 propter
3358 5494 3471 5551 Pas

1840 5585 2019 5647 trem,
2047 5589 2104 5636 et
2151 5582 2245 5651 qui
2290 5582 2469 5640 ederit
2502 5600 2615 5652 me,
2653 5594 2709 5643 et
2757 5587 2877 5659 ipse
2913 5588 3059 5645 vivet
3093 5600 3325 5662 propter
3358 5604 3468 5644 me.

1838 5670 1941 5729 llic
1987 5681 2075 5731 est
2126 5676 2287 5747 panis
2336 5679 2432 5750 qui
2467 5680 2538 5737 de
2586 5680 2732 5739 coelo
2774 5682 3065 5740 descendit
3118 5702 3132 5739 :
3170 5697 3279 5739 non
3319 5682 3467 5739 sicut

1624 5761 1720 5817 καὶ
1829 5766 2199 5829 comederunt
2250 5781 2436 5845 patres
2480 5774 2651 5833 vestri
2701 5789 2939 5848 manna,
2976 5785 3031 5833 et
3065 5774 3268 5833 mortui
3310 5782 3462 5835 sunt.
