3936 6420
483 312 627 399 ists

1416 321 2008 388 THEOPHYLAC'.“
2050 321 2472 385 Βυισλιιυε
2512 321 2875 387 ARCHIEP.

3657 320 3771 391 1316

476 453 817 520 exponentes
851 457 914 501 ea
955 435 1429 515 quae'dicebantur
1486 455 1517 494 a
1555 438 1799 504 Christo,
1838 435 2078 494 oﬂende—

2186 435 2633 508 ἐκλαμϐάνοντες
2702 437 2772 492 τὰ
2819 437 3096 511 λεγόμενα
3158 435 3315 508 παρὰ
3367 432 3477 491 τοῦ
3542 435 3781 508 Χριστοῦ,

479 540 704 608 bantur,
730 537 864 593 dicit
887 536 1033 609 quod
1081 533 1462 606 Spiritualiter
1498 532 1804 601 intelligere
1841 546 1903 587 ea
1952 544 2075 601 qua:

479 632 737 688 dicuntur
786 645 819 686 a
866 645 975 694 me,
1012 630 1115 685 hoc
1146 628 1325 683 solum
1380 627 1641 697 prodest;
1679 639 1809 680 caro
1863 636 2069 690 autem,

478 719 580 782 hoc
606 734 710 789 est,
736 724 1036 781 carnaliter
1074 722 1163 778 illa
1199 734 1499 791 exponere,
1528 718 1665 773 nihil
1700 718 1947 788 prodest,
1977 720 2072 773 sed

475 816 790 873 oﬁ‘endiculi
825 816 1047 875 occasio
1078 814 1158 869 ﬂt.
1196 812 1291 869 Sic
1336 812 1502 883 igitur
1548 813 1621 868 illi
1647 813 1737 882 qui
1782 811 2079 868 carnaliter

475 910 773 966 audiebant
808 923 930 979 quae
953 924 979 961 a
1006 906 1228 963 Christo
1255 905 1602 968 dicebantur,
1638 904 2075 960 oliendebantur.

477 1000 873 1071 Subditigitur,
922 997 1131 1055 «Verba
1147 1012 1379 1070 quaeego
1401 997 1615 1067 loquor,
1633 994 1859 1065 spiritus
1891 1007 2071 1061 sunt,o

476 1096 579 1150 hoc
610 1104 714 1162 est,
744 1091 1053 1165 spiritualia
1087 1100 1237 1158 sunt,
1275 1111 1293 1145 ι
1328 1098 1383 1147 et
1416 1091 1550 1155 vita,
1578 1086 1711 1145 nihil
1736 1089 1961 1145 carnale
1989 1091 2077 1145 ita-

475 1193 678 1259 bentia,
724 1203 781 1246 et
833 1192 1005 1245 vitam
1072 1188 1355 1244 allerentia
1416 1196 1705 1242 aeternam.
1770 1182 2079 1241 Ostendens

473 1291 659 1337 autem
679 1281 900 1337 deitatis
915 1292 1040 1335 esse
1068 1276 1684 1348 dignitatem,rcvelare
1712 1291 1835 1346 qua:
1859 1275 2076 1332 occulta

476 1382 619 1440 sunt,
651 1372 790 1428 dicit
820 1370 889 1428 ad
911 1385 1009 1426 eos
1042 1386 1057 1425 :
1091 1388 1111 1423 ι
1151 1371 1293 1426 Sunt
1324 1368 1547 1439 quidam
1566 1381 1635 1422 ex
1669 1368 1823 1423 vobis
1853 1367 1946 1437 qui
1973 1382 2079 1421 non

474 1464 727 1520 credunt.
771 1481 792 1516 ν
841 1462 1041 1519 Dicens
1100 1470 1309 1527 autem,
1355 1478 1375 1513 ι
1436 1458 1685 1530 quidam,
1723 1476 1743 1511 ι
1780 1458 2080 1529 discipulos

472 1560 707 1625 excepit.
743 1555 911 1628 598
941 1554 1007 1610 Et
1031 1554 1365 1627 evangelista
1418 1552 1606 1609 volens
1630 1552 1919 1608 ostendere
1936 1550 2079 1623 quod

475 1648 720 1704 ahinitio
754 1648 941 1703 mundi
961 1648 1144 1703 omnia
1177 1645 1519 1717 cognoverit,
1545 1644 1718 1700 dicit:
1755 1662 1774 1697 ι
1806 1645 1890 1699 Ab
1922 1641 2081 1699 initio

478 1750 705 1795 noverat
746 1739 906 1797 Jesus
947 1742 1040 1811 qui
1072 1748 1262 1796 essent
1316 1753 1424 1793 non
1481 1738 1789 1804 credentea,
1862 1739 2081 1806 insuper

2181 530 2655 597 ἐσκανδαλίζοντο,
2711 531 2902 602 φησὶν,
2950 531 3068 598 ὅτι,
3097 530 3175 587 Τδ
3216 528 3637 602 πνευματικῶς
3664 531 3782 585 νοεῖν

2180 624 2249 676 τὰ
2278 623 2551 693 λεγόμενα
2584 628 2715 694 παρ’
2745 623 2902 693 ἐμοῦ,
2942 623 3104 677 τοῦτὸ
3153 626 3274 678 ἐστι
3304 624 3368 679 τὸ
3428 622 3683 692 ὠφελῶν
3709 642 3725 657 ⁸
3756 627 3781 695 ἢ
3882 622 3883 651 ί

2182 714 2239 768 δὲ
2287 713 2446 785 σὰρξ,
2498 716 2769 781 τουτέστι,
2813 716 2875 769 τὸ
2920 714 3209 786 σαρκικῶς
3240 715 3392 771 αὐτὰ
3456 714 3780 786 ἐκδέχεσθαι,

2180 807 2336 860 οὐδὲν
2404 807 2634 878 ὠφελεῖ,
2691 808 2831 861 ἀλλὰ
2892 809 3199 862 σκανδάλου
3269 807 3519 881 ἀφορμὴ
3573 807 3783 878 γίνεται.

2183 900 2341 966 Οὕτω
2366 901 2431 974 δὴ
2467 904 2619 955 αὐτοὶ
2656 903 2941 975 σαρκικῶς
3001 902 3299 968 ἀκούοντες
3336 903 3463 957 τῶν
3498 904 3651 975 παρὰ
3673 903 3784 973 Χρι-

2185 995 2314 1049 στοῦ
2347 996 2686 1068 λεγομένων,
2721 997 3196 1062 ἐσκανδαλίζοντο.
3226 997 3537 1069 Ἐπιφέρει
3561 992 3781 1064 οὖν,ὃτι,

2187 1106 2207 1141 ι
2247 1089 2329 1143 Τὰ
2357 1090 2603 1161 ῥήματα,
2653 1090 2689 1144 ἃ
2722 1090 2836 1159 ἐγὼ
2885 1090 3054 1157 λαλῶ,
3092 1091 3314 1161 πνεῦμά
3396 1092 3550 1157 ἐστι,
3595 1108 3615 1141 ι
3649 1108 3784 1144 τουτ-

2184 1182 2328 1248 έστι,
2360 1183 2715 1254 πνευματικὰ
2764 1185 2904 1253 ἐστι,
2960 1203 2978 1236 t
3023 1185 3120 1238 καὶ
3168 1182 3284 1255 ζωή
3336 1185 3525 1251 ἔστιν,
3578 1202 3597 1235 ι
3650 1183 3783 1238 οὐδὲν

2183 1273 2382 1345 ἔχοντα
2443 1275 2729 1343 σαρκικδν,
2783 1276 2879 1329 καὶ
2920 1275 3066 1348 ζωὴν
3120 1273 3517 1347 προξενοῦντα
3560 1273 3784 1328 αἰώνιον.

2181 1364 2463 1419 Δεικνύων
2498 1364 2555 1417 δὲ
2585 1366 2647 1418 τὸ
2679 1366 2778 1436 τῆς
2831 1365 3091 1439 θεότητος
3135 1365 3380 1436 ἀξίωμα,
3420 1365 3488 1418 τὸ
3516 1364 3782 1419 ἀποκαλὺ-

2183 1474 2341 1511 πτειν
2374 1460 2518 1529 φημὶ
2552 1457 2622 1510 τὰ
2648 1462 3040 1531 κεκρυμμένα,
3074 1460 3211 1531 φησὶ
3244 1458 3389 1530 πρὸς
3445 1458 3676 1522 αὐτοὺς,
3716 1458 3785 1511 ὃτι

2188 1569 2207 1603 ι
2240 1552 2364 1605 Εἰσί
2412 1568 2561 1618 τινες
2613 1553 2672 1620 ἐξ
2710 1552 2891 1624 ὑμῶν,
2936 1552 2986 1607 οῖ
3027 1551 3523 1607 οὑπιστεύουσιν.
3564 1569 3585 1604 ι
3618 1550 3783 1607 Εἰπὼν

2182 1646 2262 1711 δὲ,
2316 1665 2335 1699 ι
2363 1646 2531 1717 τινὲς,
2570 1666 2589 1699 ι
2614 1648 2741 1710 τοὺς
2766 1646 3017 1719 μαθητὰς
3051 1650 3395 1717 ὑπεξήγαγε.
3426 1646 3547 1702 Καὶ
3574 1648 3604 1699 6
3637 1645 3787 1711 εὐαγ-

2183 1739 2446 1811 γελιστὴς
2510 1740 2683 1794 θέλων
2730 1741 2865 1812 ἡμῖν
2903 1740 3098 1807 δεῖξαι,
3163 1742 3246 1795 ὅτι
3316 1740 3429 1810 πρὸ
3484 1737 3785 1807 καταϐολῆς

473 1841 528 1887 et
566 1833 865 1903 proditoris
918 1833 1189 1889 malitiam
1230 1847 1244 1884 :
1284 1845 1391 1901 quo
1430 1840 1582 1885 certe
1661 1831 2073 1885 monstrabatur

2185 1832 2389 1901 κόσμου
2412 1832 2590 1887 πάντα
2617 1833 2907 1901 ἐγίνωσκε,
2942 1834 3132 1904 φησιν,
3174 1833 3279 1900 ὅτι,
3334 1831 3438 1898 Ἐξ
3472 1830 3656 1902 ἀρχῆς
3684 1830 3786 1896 ίγί·

475 1927 671 1981 deitas.
708 1924 842 1981 Nam
868 1924 1133 1997 propheta
1197 1924 1375 1994 inquit
1434 1922 1501 1979 de
1541 1922 1650 1979 Deo
1686 1939 1700 1975 :
1743 1941 1762 1974 ι
1802 1921 1905 1990 Qui
1933 1922 2074 1978 scie-

474 2018 779 2073 batomnia
816 2017 1138 2089 priusquam
1178 2016 1294 2085 ipsa
1332 2014 1529 2071 ﬁerent
1549 2015 1620 2069 “.
1653 2031 1674 2067 ι

2184 1941 2397 1978 νωσκεν
2451 1927 2479 1977 6
2537 1926 2772 1997 Ἰησοῦς,
2824 1926 2973 1991 τίνες
3006 1927 3146 1980 είσὶν
3181 1927 3232 1980 οί
3270 1926 3347 1997 μὴ
3400 1924 3780 1983 πιστεύοντες.

2184 2018 2268 2073 ἔτι
2308 2021 2365 2075 δὲ
2428 2021 2529 2074 καλ⁵
2577 2020 2673 2074 τοῦ
2731 2021 2997 2093 προδότου
3033 2020 3133 2094 τὴν
3180 2020 3464 2092 πονηρίαν
3493 2035 3510 2051 ο
3548 2020 3685 2089 ὅπερ
3723 2013 3781 2086 ἦν

473 2106 712 2179 ἀληθοῦς
754 2106 1013 2179 θεότητος
1055 2103 1305 2169 ἔνδειξις.
1353 2100 1416 2157 '0
1458 2102 1566 2177 γὰρ
1602 2106 1895 2179 προφήτης
1941 2106 2075 2179 περὶ
2142 2108 2239 2164 τοῦ
2283 2111 2421 2166 Θεοῦ
2470 2130 2675 2183 φησιν’
2715 2133 2733 2167 ι
2780 2114 2841 2168 '0
2883 2113 3045 2177 εἰδὼς
3110 2112 3180 2167 τὰ
3222 2112 3406 2168 πάντα
3457 2112 3599 2185 πρὶν
3642 2112 3782 2182 γενέο

475 2218 617 2265 σεως
638 2200 846 2254 αὐτῶν.
891 2218 910 2253 ι
1612 2248 1613 2251 η

548 2296 716 2353 Vens.
748 2293 940 2351 66-68.
977 2313 994 2349 ι
1032 2294 1099 2352 Et
1126 2296 1387 2354 dicebat:
1417 2294 1718 2368 Propterea
1757 2298 1869 2353 dixi
1904 2300 2078 2365 vobis,

478 2389 626 2459 quod
668 2402 831 2444 nemo
858 2396 1037 2459 potest
1062 2388 1256 2445 venire
1282 2390 1349 2445 ad
1386 2404 1494 2456 me,
1561 2390 1666 2444 nisi
1705 2389 1873 2443 fuerit
1905 2390 1954 2444 ei
1986 2393 2083 2446 da-

478 2493 591 2537 tutn
618 2496 648 2535 a
676 2480 840 2535 Patre
865 2494 1006 2536 meo.
1033 2480 1113 2535 Ex
1141 2493 1205 2536 eo
1225 2489 1473 2549 tempore
1497 2480 1655 2535 multi
1682 2480 2077 2551 discipulorum

475 2577 596 2646 ejus
626 2573 886 2631 abierunt
915 2582 1242 2641 retrorsum,
1272 2589 1373 2630 nec
1396 2573 1632 2644 amplius
1661 2587 1785 2628 cum
1819 2573 1912 2628 illo
1958 2588 2076 2628 am-

476 2667 760 2723 bulabant.
806 2666 948 2721 Dixit
1007 2680 1140 2737 ergo
1186 2665 1346 2721 Jesus
1374 2665 1445 2720 ad
1474 2665 1761 2721 duodecim
1802 2663 1985 2720 :Num
2029 2675 2083 2720 et

478 2773 581 2815 vos
612 2759 779 2815 vultis
800 2758 993 2814 abire?
1037 2777 1059 2811 ι
1103 2757 1261 2829 Saepe
1294 2757 1559 2823 diximus,
1591 2758 1811 2827 quando
1840 2758 2084 2814 audieris

476 2853 622 2924 quod
644 2852 810 2909 Pater
836 2852 931 2907 dat
962 2851 1121 2907 ﬁdem
1154 2853 1209 2906 in
1259 2850 1586 2922 Filiumgne
1622 2851 1905 2907 existimes
1938 2853 2085 2921 quod

475 2947 603 3002 aliis
633 2943 947 3003 benefaciat
1020 2943 1182 3000 Pater
1228 2960 1366 3013 quos
1406 2956 1681 3016 segreget,
1720 2946 1842 3000 aliis
1902 2956 2085 3001 autem

476 3054 586 3095 non
622 3059 635 3095 :
673 3029 779 3096 hoc
806 3040 955 3094 enim
981 3039 1185 3109 injuste
1220 3040 1437 3111 agentis
1469 3049 1650 3107 esset;
1699 3041 1797 3096 sed
1832 3040 1941 3097 illis
1975 3040 2085 3094 be-

477 3134 729 3189 nefacere
754 3142 883 3204 puta
940 3130 1181 3197 Patrem,
1225 3142 1280 3190 et
1327 3133 1435 3189 illis
1473 3135 1609 3189 dare
1678 3134 1881 3189 donum
1937 3134 2085 3201 lidei,

476 3227 677 3297 qnth
704 3233 1035 3295 cooperator
1065 3224 1266 3281 electio
1296 3235 1353 3281 et
1401 3227 1685 3283 voluntas.
1741 3224 1879 3280 Nam
1911 3227 2007 3295 qui
2046 3240 2075 3278 a

2261 2317 2281 2351 ι
2321 2299 2433 2352 Καὶ
2463 2297 2621 2366 ἔλεγε
2648 2315 2663 2331 ·
2716 2297 2815 2353 Διά
2854 2296 3017 2351 τοῦτο
3066 2296 3268 2369 εἴρηκα
3300 2296 3460 2367 ὑμῖν,
3508 2298 3598 2350 ὅτι
3622 2297 3781 2359 οὐδεὶς

2175 2389 2405 2442 δύναται
2452 2389 2631 2442 ἐλθεῖν
2671 2389 2810 2462 πρὸς
2853 2389 2947 2459 μὲ,
3011 2388 3107 2443 ἐὰν
3149 2388 3225 2459 μὴ
3254 2384 3615 2462 δεδομένον
3649 2387 3783 2457 αὐτῷ

2179 2484 2246 2535 ὲκ
2271 2482 2367 2536 τοῦ
2405 2482 2623 2553 Πατρός
2661 2500 2790 2553 μου.
2828 2482 2925 2536 Ἐκ
2954 2482 3152 2536 τούτου
3176 2482 3365 2537 πολλοὶ
3399 2482 3657 2555 ἀπῆλθον
3685 2482 3779 2535 τῶν

2186 2573 2451 2645 μαθητῶν
2484 2573 2653 2629 αὐτοῦ
2689 2577 2772 2639 είς
2804 2574 2875 2628 τὰ
2903 2574 3101 2639 ὀπίσω,
3152 2575 3247 2629 καί
3283 2574 3387 2628 οὐκ
3408 2574 3499 2629 ἔτι
3536 2574 3661 2646 μετ’
3693 2575 3780 2629 αὑ-

2181 2665 2277 2718 τοῦ
2334 2665 2731 2736 περιεπάτουν.
2769 2660 2903 2718 Eine
2954 2664 3012 2718 δὲ
3065 2667 3093 2719 6
3140 2664 3354 2737 Ἰησοῦς
3396 2668 3523 2730 τοῖς
3552 2664 3780 2720 δώδεκα·

2184 2755 2277 2827 Μὴ
2317 2758 2414 2810 καὶ
2444 2758 2602 2827 ὑμεῖς
2632 2758 2816 2811 θέλετε
2852 2756 3126 2825 ὑπάγειν;
3170 2776 3186 2809 ι
3219 2757 3500 2823 Πολλάκις
3535 2759 3777 2829 εἴπομεν,

2183 2850 2268 2903 ὅτι
2305 2851 2437 2904 ὅταν
2475 2850 2744 2924 ἀκούσῃς,
2794 2851 2869 2914 ὡς
2898 2852 2926 2903 6
2959 2850 3156 2922 Πατὴρ
3189 2848 3373 2905 δίδωσι
3426 2851 3538 2923 τὴν
3580 2854 3661 2917 εἰς
3704 2852 3780 2906 τὸν

2187 2942 2319 2995 Υἰδν
2353 2943 2565 3006 πίστιν,
2602 2943 2678 3014 μὴ
2712 2943 2967 3015 νομίσῃς,
3017 2945 3098 2997 ὅτι
3129 2944 3326 3007 ἄλλους
3373 2945 3477 3014 μὲν
3511 2945 3780 3015 εὐεργετεῖ

2183 3036 2212 3089 6
2241 3036 2438 3108 Πατὴρ
2466 3037 2610 3091 κατὰ
2642 3036 3055 3110 ἀποκλήρωσιν,
3074 3036 3272 3102 ἄλλους
3293 3038 3350 3091 δὲ
3373 3036 3469 3099 οῦς
3496 3040 3662 3092 τοῦτο
3683 3038 3777 3108 γὰρ

2184 3126 2501 3191 ἀδικοῦντάς
2539 3130 2711 3193 ἐστιν,
2769 3128 2886 3182 ἀλλ’
2939 3130 3187 3193 ἐκείνους
3242 3130 3569 3202 εὐεργετεῖν
3605 3131 3777 3203 νόμιζε

2185 3222 2278 3273 τὸν
2310 3220 2555 3292 Πατέρα,
2592 3222 2689 3276 καὶ
2734 3223 2968 3287 ἐκείνοις
3005 3223 3211 3277 διδόναι
3266 3226 3367 3294 τὴν
3405 3224 3513 3295 τῆς
3544 3225 3771 3288 πίστεως

475 3318 756 3374 voluntate
781 3333 888 3373 non
926 3316 1245 3386 adjuvatur,
1271 3318 1489 3374 etiamsi
1518 3334 1547 3373 a
1598 3318 1711 3373 Deo
1753 3318 2074 3383 assumitur,

2185 3313 2415 3384 δωρεὰν,
2452 3316 2599 3378 ὅσοις
2639 3317 2670 3385 ἡ
2737 3317 3065 3387 προαίρεσις
3128 3321 3405 3387 συνεργεῖ.
3464 3319 3528 3373 '0
3576 3320 3684 3391 γὰρ
3712 3319 3776 3389 μὴ

477 3425 584 3465 non
654 3409 886 3478 percipit
921 3409 1217 3464 utilitatem
1268 3426 1283 3463 :
1327 3416 1386 3463 ut
1430 3409 1667 3480 exempli
1722 3411 1898 3480 gratia
1947 3409 2077 3477 quid

476 3505 651 3559 dicam
680 3518 693 3556 :
726 3500 992 3557 Omnibus
1019 3502 1111 3557 dat
1143 3500 1311 3569 Deus,
1376 3502 1470 3555 sed
1510 3503 1611 3556 hoc
1634 3501 1856 3572 quidam
1888 3512 1943 3556 et
1981 3516 2075 3555 su-

475 3604 632 3650 munt
666 3594 826 3658 bene,
884 3603 939 3650 et
967 3602 1195 3648 tttuntur
1228 3606 1295 3649 eo
1357 3593 1500 3662 quod
1541 3593 1725 3659 datur,
1780 3603 1835 3647 et
1890 3603 2077 3647 custo-

476 3688 690 3743 dientes
721 3686 877 3751 illud,
906 3686 1205 3741 ostendunt
1239 3685 1335 3741 Dei
1365 3686 1593 3741 donum.
1625 3686 1860 3753 Quidam
1892 3700 2075 3743 autem

478 3781 791 3851 recipiuttt:
824 3783 920 3835 sed
962 3795 1025 3836 ea
1052 3771 1173 3849 (ιυώ
1217 3772 1436 3845 dantur,
1490 3780 1835 3850 disperdunt,
1891 3782 1962 3836 ita
2019 3794 2078 3838 ut

478 3872 609 3926 nihil
648 3871 929 3938 accepisse
988 3872 1297 3926 videantur.
1342 3871 1577 3938 Quando
1631 3875 1798 3943 igitur
1846 3890 2081 3945 evange-

476 3965 598 4017 lista
636 3964 791 4029 dicit,
825 3960 939 4017 Nisi
997 3962 1163 4018 fuerit
1219 3963 1383 4019 alicui
1426 3965 1611 4019 datum
1672 3981 1702 4019 a
1748 3965 1931 4031 Patre,
1970 3984 2075 4022 non

476 4057 677 4125 poterit
708 4056 898 4111 venire
930 4056 998 4111 ad
1054 4055 1253 4111 Filium
1277 4096 1295 4123 ,
1340 4058 1443 4113 hoc
1490 4059 1642 4125 dicit,
1679 4058 1773 4115 Ille
1826 4061 1975 4114 venit
2010 4062 2077 4116 ad

474 4147 697 4211 Filium.
730 4152 817 4204 cui
848 4149 1082 4204 daturus
1118 4148 1411 4217 estPater,
1443 4152 1549 4207 hoc
1574 4161 1725 4219 est,a
1757 4169 1865 4223 quo
1894 4165 2079 4210 custo-

480 4242 657 4295 ditum
706 4239 876 4296 fuerit
914 4240 1113 4296 donum
1154 4256 1187 4295 a
1231 4243 1342 4299 Deo
1373 4246 1519 4314 quod
1577 4245 1654 4299 illi
1720 4248 1906 4300 datum
1966 4258 2073 4303 est.

485 4351 506 4385 ι
526 4332 797 4387 Ahierunt
822 4332 987 4403 igitur
1007 4333 1160 4388 multi
1190 4334 1438 4405 discipuli
1456 4348 1781 4403 retrorsum,
1808 4358 1826 4391 ι
1852 4339 2077 4407 hocest,

480 4423 799 4479 diviserunt
821 4436 879 4479 se
907 4438 935 4477 a
966 4422 1248 4494 Magistro,
1279 4434 1335 4481 et
1356 4429 1631 4499 progressi
1658 4440 1786 4484 sunt
1816 4446 1924 4485 non
1958 4447 2082 4500 pro-

482 4516 753 4581 “cientes,
784 4517 881 4573 sed
914 4528 1240 4586 retrorsum,
1266 4519 1370 4575 hoc
1393 4531 1498 4587 est,
1526 4521 1579 4577 in
1610 4521 2073 4579 incredulitatem.

481 4605 619 4663 Nam
653 4624 842 4664 revera
872 4610 968 4681 qui
996 4612 1240 4682 seipsum
1277 4628 1307 4668 a
1353 4612 1572 4669 Christo
1619 4614 1831 4683 dividit,
1869 4626 2078 4671 retror-

2185 3406 2290 3459 ὑπὸ
2318 3407 2417 3476 τῆς
2446 3410 2827 3477 προαιρέσεως
2868 3410 3333 3480 συνεργούμενος,
3372 3412 3501 3466 οὐδὲ
3561 3413 3665 3466 ὑπὸ
3693 3411 3775 3466 to:

2182 3497 2321 3551 Θεοῦ
2353 3500 2925 3571 προσλαμϐανόμενος
2977 3502 3298 3572 ὠφελεῖται.
3352 3500 3482 3558 Οἷόν
3515 3523 3572 3559 τι
3618 3507 3774 3573 λέγω·

2183 3595 2329 3647 Πᾶσι
2362 3595 2583 3649 δίδωσιν
2640 3600 2665 3649 6
2703 3598 2856 3663 Θεὸς,
2884 3598 3002 3652 ἀλλ’
3059 3601 3111 3653 oi
3153 3601 3254 3671 μὲν
3290 3602 3385 3655 καὶ
3424 3603 3776 3673 λαμϐάνουσι,

2183 3689 2278 3740 καὶ
2318 3689 2561 3759 χρῶνται
2593 3690 2777 3754 καλῶς
2812 3690 2892 3762 τῷ
2928 3675 3227 3765 δεδομένῳ,
3261 3696 3360 3749 καὶ
3414 3696 3773 3766 φυλὰττοντες

2182 3782 2335 3846 αὐτὸ,
2361 3782 2673 3836 δεικνύουσι
2703 3786 2802 3855 τὴν
2825 3785 2919 3838 τοῦ
2943 3785 3079 3839 Θεοῦ
3120 3788 3357 3858 δωρεάν.
3399 3792 3462 3843 Ui
3488 3791 3554 3844 δὲ
3586 3790 3780 3860 λαμϐά-

2184 3890 2343 3926 νουσι
2377 3873 2501 3944 μὲν,
2560 3875 2898 3941 ἀπολλύντες
2939 3877 2994 3931 δὲ
3044 3882 3112 3930 τὰ
3170 3880 3463 3949 δεδομένα,
3510 3884 3777 3951 φαίνονται

2188 3968 2359 4037 μηδὲν
2396 3968 2679 4031 λαϐόντες.
2713 3970 2887 4023 Ὅταν
2922 3968 3017 4023 οὖν
3036 3972 3174 4043 λέγῃ
3197 3974 3223 4025 6
3248 3973 3680 4045 εὐαγγελιστὴς,
3710 3975 3777 4027 ὅτι

2196 4060 2325 4113 Ἐὰν
2366 4061 2440 4130 μὴ
2542 4061 2834 4131 δεδομένον
2874 4062 2983 4116 τινὶ
3019 4067 3081 4117 ὲκ
3112 4064 3205 4117 τοῦ
3246 4066 3468 4138 Πατρδς
3491 4105 3509 4133 ,
3552 4068 3613 4121 οὐ
3638 4068 3775 4121 δύνα-

2181 4171 2273 4206 ται
2304 4154 2481 4207 ἐλθεῖν
2518 4156 2653 4226 πρὸς
2681 4155 2771 4209 τὸν
2808 4157 2953 4225 Υίδν,
2989 4158 3151 4212 τοῦτο
3182 4158 3355 4227 λέγει,
3394 4160 3504 4226 ὃτι,
3558 4160 3775 4223 Ἐκεῖνος

2184 4246 2407 4317 ἔρχεται
2456 4248 2594 4317 πρὸς
2630 4247 2724 4302 τὸν
2759 4248 2910 4316 Υίδν,
2944 4243 3099 4319 ᾧτινι
3157 4251 3323 4305 δώσει
3357 4255 3386 4305 6
3422 4253 3644 4327 Πατὴρ,
3675 4254 3776 4325 ἦτοι

2185 4342 2320 4411 παρ’
2347 4335 2408 4395 οὗ
2459 4341 2762 4416 φυλαχθείη
2821 4346 2854 4414 ή
2917 4346 3192 4418 γενομένη
3247 4346 3404 4417 αὖτῷ
3442 4348 3607 4419 παρὰ
3652 4344 3773 4401 Θεοῦ

2187 4432 2387 4505 δωρεά.
2430 4452 2448 4484 ι
2513 4434 2789 4504 ’Λπῆλθον
2826 4432 2923 4491 οὖν
2966 4439 3080 4511 (24)
3134 4439 3325 4493 πολλοὶ
3360 4440 3476 4494 τῶν
3533 4440 3777 4513 μαθητῶν

2186 4528 2265 4589 είς
2316 4526 2385 4579 τὰ
2414 4527 2625 4581 ὀπίσω·
2675 4547 2693 4580 ι
2731 4532 3039 4596 τουτέστιν,
3098 4533 3510 4602 ἀποσχίσαντε,
3567 4533 3774 4595 ἑαυτοὺς

2184 4618 2280 4672 τοῦ
2312 4620 2677 4687 Διδασκάλου,
2717 4623 2817 4677 οὐκ
2856 4626 2936 4687 εἰς
2988 4625 3279 4696 προκοπὴν
3314 4629 3623 4699 προῆλθον,
3676 4625 3772 4683 ἀλλ’

480 4714 603 4754 sum
642 4701 794 4755 vadit
825 4719 839 4756 :
874 4701 967 4768 qui
991 4711 1175 4757 autem
1217 4706 1516 4760 secundum
1574 4705 1801 4763 Paulum
1836 4710 2078 4765 adhaeret

2188 4713 2267 4776 είς
2301 4713 2368 4767 τὰ
2426 4714 2629 4781 ὀπίσω,
2687 4716 2995 4783 τουτέστιν,
3056 4720 3137 4782 είς
3198 4719 3487 4774 ἀπιστίαν·
3547 4722 3628 4793 τῷ
3676 4722 3771 4774 ὗντι

482 4791 740 4860 Domino,
785 4806 1003 4864 semper
1029 4809 1090 4852 se
1138 4796 1389 4850 extendit
1441 4796 1509 4851 ad
1557 4800 1832 4854 anteriora
1851 4802 1916 4857 ".
1963 4802 2079 4871 Ipse

483 4896 663 4942 autem
717 4888 1019 4945 ostendens
1079 4889 1225 4960 quod
1266 4889 1474 4945 nullius
1528 4890 1611 4945 vel
1649 4892 1936 4949 ministerii
1997 4898 2082 4951 νει

484 4996 628 5036 cum:
677 4983 819 5051 quod
864 4981 967 5037 sibi
1030 4983 1423 5054 impendebant
1476 4984 1738 5055 indigeat,
1787 4989 1920 5043 dicit
1958 4992 2087 5046 eis:

490 5090 508 5123 ι
557 5070 693 5126 Νυηι
752 5074 917 5127 etiam
967 5088 1060 5129 vos
1119 5074 1284 5130 vultis
1332 5075 1525 5131 abire'?
1585 5095 1603 5129 ι
1659 5077 1843 5145 Quare
1898 5092 2080 5139 autem

484 5177 593 5217 non
646 5163 823 5233 magis
882 5162 1122 5218 laudavit
1190 5164 1502 5231 duodecim,
1558 5170 1707 5238 quod
1777 5186 1883 5227 non
1961 5188 2085 5230 cum

483 5254 604 5311 aliis
658 5253 850 5310 abacti
892 5255 1155 5312 fuerunt?
1204 5256 1408 5313 Partim
1446 5262 1572 5331 quia
1628 5261 1884 5320 servabat
1909 5267 2086 5339 digni-

566 5419 611 5450 ³³
649 5419 786 5475 Dan.
837 5434 955 5483 xm,
985 5418 1077 5473 42.
1160 5420 1202 5451 ’³
1236 5422 1467 5495 Philipp.
1502 5442 1583 5495 ιιι,
1621 5430 1709 5487 13.

2186 4806 2319 4879 γὰρ,
2353 4808 2380 4860 6
2409 4809 2607 4861 ἑαυτὸν
2627 4808 2946 4880 ἀποσχίζων
2978 4810 3073 4866 τοῦ
3105 4813 3374 4883 Χριστοῦ,
3402 4816 3485 4879 είς
3515 4817 3588 4869 τὰ
3618 4816 3771 4868 ὀπίσω

2182 4896 2407 4951 ἄπεισιν
2434 4914 2447 4926 ·
2479 4900 2507 4950 6
2544 4898 2599 4951 δὲ
2626 4900 2773 4953 κατὰ
2810 4900 3029 4957 Παῦλον
3084 4903 3434 4975 κολλώμενος
3469 4904 3552 4975 τῷ
3578 4906 3767 4977 Κυρίῳ,

2182 4988 2269 5041 ἀεὶ
2294 4992 2407 5053 τοῖς
2447 4989 2768 5063 ἔμπροσθεν
2823 4994 3233 5051 ἐπεκτείνεται.
3266 4998 3445 5063 Αὐτὸς
3476 4999 3536 5053 δὲ
3572 5000 3767 5058 δεικνὺς

2185 5084 2268 5137 ὅτι
2294 5084 2356 5137 οὐ
2388 5084 2575 5141 δέεταί
2630 5104 2802 5155 τινος,
2843 5091 2967 5146 οὐδὲ
3030 5095 3130 5161 τῆς
3159 5096 3292 5163 παρ’
3356 5095 3550 5149 αὐτῶν
3588 5096 3769 5150 τούτων
3882 5156 3883 5159 η

2185 5180 2535 5253 διακονίαςῆ
2584 5182 2912 5254 θεραπείας,
2950 5187 3103 5259 λέγει
3154 5190 3295 5260 πρὸς
3355 5192 3580 5257 αὐτούς·
3637 5212 3653 5244 ι
3695 5190 3768 5254 Μὴ
3882 5180 3883 5249 ί

2188 5276 2283 5328 καὶ
2309 5275 2469 5347 ὑμεῖς
2499 5276 2686 5332 θέλετε
2744 5280 3018 5351 ὑπάγειν,
3067 5302 3083 5334 ι
3140 5285 3238 5338 Διὰ
3270 5286 3399 5340 τίδὲ
3454 5289 3655 5358 μᾶλλον
3690 5286 3767 5337 οὐκ

1464 5576 1551 5637 Ex
1588 5574 1940 5638 collatione
1980 5578 2172 5640 codd.
2224 5581 2454 5643 Venet.
2496 5584 2557 5643 S.
2594 5582 2812 5649 Marci.

556 5692 668 5773 ςει)
695 5693 830 5773 βοά.
867 5696 961 5773 50,
991 5697 1023 5765 ὴ
1072 5702 1380 5773 γενομένη-
1400 5699 1589 5773 αὐτῷ*
1613 5702 1767 5773 παρὰ
1797 5702 1934 5757 Θεοῦ
1979 5707 2085 5759 δω-

486 5766 606 5848 ρεὰ,
636 5766 729 5848 καὶ
754 5768 811 5829 ὃς
844 5768 1060 5847 ποιῄσει
1085 5766 1280 5848 εαυτὸν
1316 5766 1469 5848 ἄξιον
1501 5766 1595 5823 τοῦ
1629 5766 1835 5848 λαξεῖν.
1874 5776 2082 5845 ’Λπῆλ-

483 5838 577 5887 υον
612 5838 725 5899 οὖν,
776 5854 829 5891 κ.
858 5854 907 5891 τ.
936 5838 982 5891 λ.
1037 5859 1052 5888 ι
1098 5838 1304 5893 Donum
1336 5861 1362 5895 ιι
1401 5845 1544 5907 Deo,
1580 5846 1721 5912 quod
1765 5846 1836 5899 illi
1896 5838 2079 5926 tlatntn

2197 5717 2300 5772 est,
2336 5709 2513 5789 etqui
2546 5724 2603 5764 se
2640 5710 2859 5789 dignum
2896 5714 3199 5785 accipiendi
3252 5721 3590 5789 prmstiterit.
3635 5722 3766 5779 Ahie

2199 5790 2323 5834 runt
2354 5782 2517 5851 igitur
2549 5783 2725 5847 multi,
2768 5803 2786 5834 ι
2834 5796 2937 5838 etc.
