3936 6402
201 367 347 439 1317

201 579 430 643 ἄλλοις
472 572 651 647 Ὁμοῦ
687 571 791 645 μὲν
824 569 1013 641 τηρῶν
1047 568 1110 622 τὸ
1158 567 1244 640 τῷ
1276 568 1594 639 διδασκάλῳ
1622 566 1841 647 πρέπον

208 657 458 740 ἀξίωμα,
495 645 637 736 ὁμοῦ
669 663 727 717 δὲ
764 660 1042 716 δεικνύων
1069 660 1167 713 καὶ
1193 661 1357 731 ἡμῖν,
1396 661 1479 713 ὅτι
1504 657 1596 711 διὰ
1635 645 1839 710 τούτου

208 762 421 837 μᾶλλον
453 754 794 831 ἐφέλκεσθαι
832 754 929 809 τοῦ
975 753 1191 825 τρόπου
1219 753 1455 807 ἔνεστιν.
1490 751 1556 806 Εί
1592 750 1696 822 μὲν
1728 749 1841 821 γὰρ

205 857 470 928 ἐπῄνεσε,
509 851 616 906 κᾶν
649 849 860 905 ἔπαθόν
892 866 949 903 τι
990 846 1371 920 ἀνθρώπινον,
1405 845 1504 901 καὶ
1539 845 1841 917 ἠλαζονεύ-

208 962 397 1013 σαντο,
442 943 776 1017 χαρίζεσθαι
834 941 989 1013 αὐτῷ
1048 940 1296 1012 οἰόμενοι
1350 938 1443 993 διά
1477 940 1581 1011 τῆς
1610 938 1840 993 ἀκολου·-

212 1039 453 1111 θήσεως.
486 1038 562 1091 Τὸ
592 1037 652 1092 δὲ
682 1031 983 1101 δεικνύναι,
1022 1032 1104 1097 ὼς
1154 1034 1217 1087 ού
1249 1034 1424 1088 δεῖται
1450 1032 1552 1104 τῆς
1602 1030 1839 1087 ἀκολου-

210 1131 433 1203 θήσεως
470 1128 683 1192 αὐτῶν,
743 1126 954 1198 μᾶλλον
1006 1124 1215 1189 αὐτοὺς
1274 1124 1516 1195 ἠδύνατο
1551 1122 1834 1195 κατέχειν,

207 1227 288 1291 ὡς
325 1222 833 1297 εύεργετουμένους
866 1218 1100 1293 μᾶλλον,
1135 1219 1170 1291 ἢ
1214 1218 1682 1291 εὐεργετοῦντας,
1725 1218 1839 1284 ικαὶ

210 1319 607 1392 λαμϐάνοντας
637 1310 855 1387 ’χάριν,
926 1313 963 1385 ἢ
1016 1312 1292 1378 διδόντας.
1330 1312 1538 1367 Σκόπει
1581 1310 1667 1378 δὲ,
1715 1310 1837 1376 πῶς

201 1412 457 1478 ’συνετῶς
512 1406 698 1467 εἷπεν.
763 1409 882 1463 Οὺκ
914 1403 1040 1462 εἷπε
1087 1407 1223 1481 γὰρ,
1295 1406 1635 1462 ’Δπέλθετεο
1673 1404 1837 1459 τοῦτο

210 1509 326 1580 γὰρ
394 1502 804 1574 ἀπωθούμενον
827 1497 934 1574 ἦν’
998 1500 1117 1557 ἀλλ’
1154 1501 1358 1573 ἐρωτᾷ·
1424 1519 1442 1553 ι
1511 1499 1606 1571 Μὴ
1640 1498 1833 1553 θέλετε

202 1602 485 1671 ·ύπάγειν;
552 1618 571 1653 ι
630 1599 772 1670 ὅπερ
831 1591 903 1669 ἦν
944 1594 1148 1659 αὐτοὺς
1199 1593 1396 1650 ποιοῦν
1437 1594 1669 1665 κυρίους
1738 1592 1834 1647 τοῦ

208 1692 538 1752 ἀκολουθεῖν
594 1690 691 1745 καὶ
749 1690 851 1760 μή·
920 1686 1261 1755 δεικνύντος,
1299 1688 1386 1742 ὅτι
1451 1688 1512 1741 ού
1569 1686 1831 1758 βούλεται

209 1787 415 1851 αὐτοὺς
451 1785 597 1840 αἱδοῖ
631 1784 700 1855 τῇ
734 1782 875 1853 πρὸς
912 1781 1081 1836 αὑτὸν
1102 1779 1428 1835 ἀκολουθεῖν
1460 1779 1637 1852 αὐτῷ,
1688 1780 1835 1835 ἀλλά

218 1878 361 1951 μετὰ
396 1877 493 1933 τοῦ
518 1878 683 1949 χάριν
714 1876 922 1931 εἰδέναι
954 1873 1101 1944 ὑπὲρ
1129 1873 1226 1928 τοῦ
1267 1872 1613 1929 ἀκολουθεῖν.

290 1986 311 2019 ι
362 1966 667 2037 Ἀπεκρίθη
717 1962 871 2037 αὐτῷ
916 1964 1104 2034 Σίμων
1138 1962 1379 2033 Πέτρος’
1440 1961 1641 2035 Κύριε,
1688 1963 1831 2035 πρὸς

206 2062 331 2116 τίνα
379 2058 840 2129 ἀπελευσόμεθα;
894 2059 1151 2129 Ῥήματα
1198 2054 1345 2128 ᾇυῆς
1384 2056 1612 2111 αίωνίου
1647 2056 1832 2129 ἔχεις·

206 2152 305 2208 καὶ
331 2154 497 2224 ἡμεῖς
531 2150 1014 2222 πεπιστεύκαμεν,
1042 2151 1140 2206 καὶ
1172 2148 1529 2223 ἐγνώκαμεν,
1569 2151 1655 2206 δτι
1686 2151 1751 2205 σὺ
1784 2146 1837 2206 εῐ

206 2248 237 2300 ὁ
262 2246 501 2316 Χριστὸς
524 2248 554 2300 ό
578 2244 710 2311 Υἱὸς
739 2246 833 2300 τοῦ
859 2245 995 2300 Θεοῦ
1017 2244 1115 2300 τοῦ
1140 2245 1370 2312 ζῶντος.
1402 2244 1710 2318 Ἀπεκρίθη
1736 2244 1832 2299 αύ-

205 2341 322 2403 τοῐς
335 2341 364 2393 ό
379 2338 614 2411 Ἰησοῦς·
652 2340 771 2394 Οὐκ
787 2337 900 2407 ἐγὼ
919 2340 1064 2409 ὑμᾶς
1079 2337 1205 2403 τοὺς
1221 2338 1436 2395 δώδεκα
1449 2338 1793 2411 ἐξελεξάμην
1813 2356 1830 2407 ;

207 2434 319 2489 Καὶ
348 2433 409 2500 ἐξ
438 2433 596 2506 ὑμῶν
620 2426 701 2497 εἷς
732 2432 983 2500 διάϐολός
1012 2418 1201 2499 Eatur;
1238 2432 1439 2503 Ἔλεγε
1475 2433 1535 2488 δὲ
1562 2434 1657 2487 τὸν
1694 2433 1831 2488 Ἰού-

205 2526 304 2579 δαν
332 2524 581 2595 Σίμωνος
624 2523 1019 2595 Ἰσκαρίωτηψ
1048 2517 1206 2587 οὗτος
1246 2524 1359 2596 γὰρ
1400 2521 1633 2594 ἔμελλεν
1667 2522 1834 2576 αὑτὸν

207 2618 589 2690 παραδιδόναι,
631 2612 713 2681 εἷς
758 2616 836 2671 ὢν
866 2618 933 2671 ὲκ
965 2615 1076 2671 τῶν
1126 2616 1363 2671 δώδεκα.
1406 2636 1423 2669 ι
1464 2616 1833 2687 Φιλόστοργος

207 2712 284 2765 ὢν
309 2714 337 2765 ό
370 2712 579 2783 Πέτρος
608 2712 706 2765 καὶ
734 2712 1087 2780 φιλάδελφος,
1127 2711 1272 2781 ὑπὲρ
1296 2713 1501 2775 παντὸς
1535 2712 1832 2781 ἀπολογεῖ-

208 2822 298 2860 ται
330 2805 426 2860 τοῦ
465 2807 659 2879 χοροῦ.
692 2807 770 2860 Οὐ
802 2810 912 2876 γὰρ
935 2801 1085 2872 εἶπε,
1120 2806 1323 2876 Κύριε,
1366 2806 1506 2877 πρὸς
1539 2805 1662 2859 τίνα
1689 2806 1834 2859 ἀπε·-

208 2900 513 2971 λεύσομαι;
550 2902 665 2957 Καὶ
705 2902 788 2956 δτι
834 2903 1097 2971 Ἔγνωκα
1129 2908 1225 2958 καὶ
1255 2904 1631 2971 πεπίστευκα,
1667 2903 1830 2970 ἀλλὰ,

217 3012 235 3045 ι
275 2993 417 3065 Πρὸς
438 2994 571 3048 τίνα.
596 2994 1055 3065 ἁπελευσόμεθας
1094 3015 1113 3048 ι
1155 2998 1250 3051 καὶ
1294 2998 1364 3051 τὰ
1395 2997 1547 3069 ἑξῆς.
1583 2998 1741 3069 Ζωῆς
1773 2998 1833 3051 δὲ

208 3085 432 3140 αίωνίου
486 3088 714 3157 ῥήματα
768 3087 916 3158 ἔχειν
966 3089 1064 3141 τὸν
1117 3089 1329 3161 Κύριόν
1389 3106 1584 3161 φησιν,
1640 3090 1831 3162 ἐπειδὴ

208 3178 443 3251 ἢκουσεν
486 3178 657 3233 αὑτοῦ
702 3179 980 3250 λέγοντος,
1014 3182 1099 3235 δτι
1154 3200 1172 3232 ι
1222 3182 1330 3235 Τὸν
1365 3183 1700 3238 πιστεύοντα
1751 3185 1834 3247 είς
1862 3208 1911 3271 c

208 3274 309 3345 ἐμὲ
339 3275 658 3345 ἀναστήσω,
693 3276 790 3327 καὶ
830 3274 945 3340 ἔξει
978 3275 1126 3344 ζωὴν
1177 3275 1421 3331 αἰώνιον.
1466 3296 1485 3329 ι
1532 3276 1672 3346 Ἤδη
1723 3275 1834 3348 γὰρ

209 3365 308 3436 τὴν
335 3366 640 3419 ἀνάστασιν
669 3358 817 3420 οῦτοι
848 3362 1245 3437 παρεδέξαντο,
1283 3369 1383 3420 καὶ
1407 3370 1594 3421 πᾶσαν
1626 3368 1727 3439 τὴν
1754 3369 1835 3421 δι-

211 3460 535 3513 δασκαλίαν.
568 3460 735 3514 Ὥστε
758 3459 820 3514 οὐ
847 3461 1074 3531 ῥήματα
1118 3456 1260 3532 ἦσαν
1288 3464 1355 3515 τὰ
1378 3463 1831 3531 σκανδαλίζοντα,

210 3551 346 3605 ἀλλὰ
379 3554 475 3605 καὶ
502 3554 535 3625 ὴ
560 3551 867 3623 ἀπροσεξία
890 3555 987 3608 καὶ
1020 3554 1054 3623 ἡ
1090 3553 1361 3625 ῥᾳθυμία,
1390 3557 1487 3609 καὶ
1511 3558 1545 3628 ἡ
1579 3558 1835 3629 ἀγνωμο-

214 3646 347 3717 σύνη
377 3645 489 3700 τῶν
535 3646 869 3701 ἀκουόντων.
908 3646 1022 3701 Καὶ
1058 3648 1168 3718 γὰρ
1204 3648 1302 3701 καὶ
1348 3642 1501 3703 οὗτοι
1534 3650 1587 3703 οἱ
1616 3650 1833 3705 δώδεκα

210 3738 279 3791 τὶ
310 3739 454 3791 αὐτὰ
507 3739 731 3810 ἤκουον,
784 3740 880 3793 καὶ
930 3740 1085 3810 ὅμως
1142 3741 1245 3794 οὐκ
1291 3742 1828 3813 ἐσκανδαλίσθησαν,

211 3830 326 3883 ἀλλ’
351 3832 597 3903 ἔμειναν.
622 3832 691 3885 Τί
723 3827 817 3886 οῦν
843 3834 871 3886 ὁ
898 3834 1136 3903 Χριστός
1154 3829 1327 3905 ;Ἀρα
1353 3836 1573 3889 ὲπαινεί
1598 3837 1827 3909 Πέτρον,

211 3923 402 3995 ὥσπερ
445 3924 686 3995 ἀλλαχοῦ
726 3924 889 3979 τοῦτο
938 3926 1238 3997 sarcinam;
1276 3928 1573 3999 Οὐδαμῶς,
1625 3929 1716 3983 ἵνα
1752 3932 1830 4002 μὴ

206 4018 359 4090 δόξῃ,
399 4020 483 4071 ὅτι
510 4018 803 4072 κολακεύει
836 4018 928 4073 διὰ
967 4020 1029 4073 τὸ
1063 4021 1412 4091 παραμεῖναι
1440 4022 1614 4093 αὐτῷ.
1665 4021 1833 4077 Ἀλλά

208 4112 260 4164 τί
288 4111 437 4179 λέγει
470 4110 607 4181 πρὸς
639 4111 734 4165 τὸν
766 4111 1013 4193 Πέτρον;
1075 4110 1220 4182 Ἐγὼ
1255 4114 1358 4185 μὲν
1392 4114 1540 4186 ὑμᾶς
1573 4114 1831 4182 ἐξελεξά-

215 4219 322 4272 μην
350 4202 475 4267 τοὺς
502 4202 739 4265 δώδεκα,
774 4202 914 4273 πλὴν
945 4203 1069 4256 οὐδὲ
1101 4204 1262 4274 ὑμεῖς
1294 4204 1542 4268 ἀπαντές
1576 4207 1701 4259 ἐστε
1727 4207 1832 4276 τῆς

211 4295 446 4364 ἐκλογῆς
481 4296 649 4363 ἀξιοι,
672 4294 789 4349 ἀλλ’
823 4290 906 4361 εἷς
934 4296 992 4365 ἐξ
1028 4298 1186 4368 ὑμῶν
1213 4298 1461 4362 διάϐολός
1490 4300 1628 4354 ἐστι.
1658 4298 1832 4353 Τοῦτο

213 4389 269 4443 δὲ
298 4388 463 4459 διχῶς
497 4390 741 4458 νοητέον.
769 4389 840 4443 ’Ἦ
872 4389 981 4461 γὰρ
1008 4390 1115 4447 ὅτι.
1149 4390 1261 4445 Καὶ
1290 4390 1387 4444 νῦν
1414 4394 1596 4448 πάντα
1629 4393 1696 4445 τὰ
1719 4392 1831 4464 ὲμά

209 4481 618 4547 διαϐάλλει,κα¹ι
640 4482 794 4537 οὐδὲν
815 4482 1025 4538 τούτων
1049 4485 1404 4557 ἀποδέχεται,
1431 4485 1463 4557 ἦ
1488 4488 1595 4555 ὅτι,
1626 4488 1832 4541 Μέλλει

933 363 1393 426 ENARRATIO
1436 361 1519 425 IN
1556 357 2073 425 EVANGEIJUM
2116 360 2473 425 JOANNIS.
2511 387 2581 398 -ο
2611 361 2775 424 CAP.
2813 360 2917 424 Vl.

200 482 447 559 δπήνεσε
504 478 633 543 τοὺς
693 476 928 539 δώδεκα.
961 475 1039 538 ὼς
1092 473 1169 546 μὴ
1210 471 1677 544 συναπαχθέντας
1713 472 1831 533 τοῖς

1943 478 2106 527 tatem
2166 471 2383 529 doctori
2435 472 2864 530 convenientem
2908 488 2922 525 :

1859 1830 1913 1893 Β

3432 353 3577 423 1318

2986 468 3191 541 partim
3262 469 3394 541 quia
3465 474 3578 531 hoc

1949 568 2116 622 modo
2162 567 2340 639 magis
2371 568 2578 623 attrahi
2617 574 2893 639 poterant.
2932 560 3071 620 Nam
3102 562 3149 621 si
3201 562 3425 634 quidem
3459 565 3581 622 lau-

1949 666 2159 732 dasset,
2217 664 2365 722 forte
2424 665 2730 720 humanum
2786 662 3051 734 quiddam
3108 659 3256 731 passi
3316 658 3577 727 fuissent,

1948 758 2190 829 factique
2221 759 2639 831 arrogantiorcs
2675 757 3089 812 existimassem
3133 767 3195 811 se
3247 753 3324 808 illi
3361 753 3580 828 gratifi-

1945 850 2063 906 cari
2100 860 2328 923 propter
2386 849 2832 907 comitationem.
2885 848 2991 904 Per
3038 848 3143 902 hoc
3174 854 3385 913 autem,
3430 846 3581 917 quod

1946 944 2352 1000 demonstravit
2423 943 2508 999 eis
2584 957 2646 998 se
2690 942 2897 998 nullius
2978 939 3231 1012 indigere
3284 941 3576 1007 comitatu,

1946 1038 2125 1109 magis
2168 1037 2351 1107 potuit
2402 1051 2500 1095 eos
2545 1037 2858 1102 continere,
2934 1049 3002 1091 eo
3033 1036 3184 1105 quod
3244 1032 3576 1089 beneficium

1943 1131 2131 1205 potius
2157 1132 2437 1201 accipiant
2460 1146 2626 1202 quam
2658 1138 2961 1202 praestent:
2998 1137 3058 1184 et
3088 1127 3365 1198 accipiant
3391 1126 3571 1198 magis

1944 1242 2112 1298 quam
2145 1228 2304 1285 dent.
2350 1227 2415 1283 Et
2448 1227 2744 1283 considera
2785 1240 2954 1297 quam
2990 1223 3297 1296 prudenter
3316 1223 3524 1280 dixerit
3557 1240 3574 1279 ;

1946 1338 2059 1381 non
2089 1325 2236 1379 enim
2269 1323 2427 1390 dixit,
2456 1322 2639 1387 Abite,
2674 1323 2779 1378 hoc
2808 1322 2958 1377 enim
2993 1319 3311 1389 repellentis
3337 1317 3576 1378 fuisset:

1944 1416 2041 1472 sed
2076 1416 2465 1488 interrogavit,
2521 1432 2543 1468 ι
2580 1413 2725 1471 Num
2760 1413 2927 1470 vultis
2981 1412 3181 1469 abire?
3214 1430 3234 1465 ι
3273 1410 3398 1481 Quo
3439 1427 3572 1469 ver-

1954 1510 2024 1566 bo
2090 1510 2175 1565 eis
2210 1508 2450 1567 liberum
2512 1510 2775 1575 faciebat,
2828 1516 3219 1579 sequerentur,
3275 1519 3489 1572 necne;
3522 1515 3581 1563 et

1946 1603 2373 1660 demonstrabat
2403 1606 2552 1675 quod
2601 1603 2776 1661 nollet
2805 1618 2904 1660 eos
2958 1601 3272 1679 reverentia
3323 1615 3455 1674 erga
3489 1613 3574 1667 se.

1946 1696 2202 1753 comitari
2236 1712 2299 1753 se
2337 1716 2353 1753 :
2398 1698 2493 1754 sed
2528 1706 2589 1753 ut
2641 1699 2854 1755 scirent
2889 1696 3221 1753 beneficium
3267 1710 3396 1753 esse
3421 1694 3573 1766 quod

1945 1798 2271 1861 sequantur.

2018 1966 2190 2025 Vsus.
2217 1967 2415 2025 69-72.
2447 1986 2465 2020 ι
2502 1966 2812 2039 Respondit
2835 1984 2969 2041 ergo
2999 1968 3050 2024 ei
3092 1967 3285 2025 Simon
3322 1966 3565 2025 Petrus:

1944 2060 2114 2135 599
2140 2060 2391 2127 Domine,
2416 2062 2481 2116 ad
2516 2076 2680 2133 quem
2710 2062 2948 2118 ibimus?
2980 2060 3162 2118 Verba
3193 2061 3320 2118 vitae
3344 2072 3569 2119 teternae

1943 2154 2135 2222 habes,
2160 2163 2219 2210 et
2264 2168 2363 2210 nos
2410 2154 2688 2210 credimus
2722 2164 2777 2210 et
2822 2154 3189 2226 cognovimus
3229 2153 3376 2225 quod
3424 2162 3480 2210 tu
3512 2168 3575 2212 es

1944 2248 2198 2305 Christus
2220 2246 2391 2303 Filius
2408 2246 2514 2307 Dei
2539 2247 2669 2303 vivi.
2691 2246 3101 2319 Responditeis
3129 2246 3293 2304 Jesus
3329 2266 3343 2303 :
3373 2246 3575 2305 Nonne

1944 2356 2049 2413 ego
2074 2356 2171 2396 vos
2202 2341 2492 2397 duodecim
2520 2340 2703 2410 elegi?
2740 2350 2797 2398 et
2820 2356 2889 2398 ex
2938 2342 3095 2398 vobis
3136 2356 3282 2399 unus
3322 2342 3579 2399 diabolus

1943 2435 2062 2491 est?
2088 2434 2319 2491 Dicebat
2342 2444 2526 2490 autem
2559 2436 2626 2490 de
2660 2432 2802 2490 Juda
2842 2433 3091 2492 Simonis
3131 2435 3436 2492 lscariotze.
3474 2433 3577 2490 llic

1943 2530 2091 2586 enim
2126 2529 2448 2600 proditurus
2476 2537 2597 2586 erat
2628 2546 2779 2598 eum,
2822 2544 2950 2586 cum
2980 2540 3129 2585 esset
3161 2546 3305 2586 unus
3334 2544 3403 2587 ex
3431 2531 3579 2589 duo-

1944 2620 2144 2677 decim.
2199 2640 2218 2673 ι
2286 2620 2484 2676 Petrus
2517 2636 2643 2676 cum
2693 2629 2844 2677 esset
2896 2630 3114 2675 amator
3164 2620 3422 2684 fratrum,
3475 2633 3579 2689 pro

1945 2727 2061 2772 toto
2091 2716 2263 2772 choro
2292 2717 2615 2786 respondet.
2651 2715 2772 2771 Non
2824 2716 2970 2770 enim
3000 2716 3161 2782 dixit,
3207 2713 3466 2781 Domine,
3509 2715 3580 2769 ad

1944 2825 2105 2881 quem
2136 2810 2263 2865 ibo?
2300 2819 2379 2877 et,
2414 2808 2661 2881 Cognovi
2702 2819 2757 2863 et
2788 2810 3023 2874 credidi,
3061 2809 3181 2872 sed,
3232 2826 3250 2859 ι
3300 2807 3381 2861 Ad
3414 2823 3577 2877 quem

1945 2902 2185 2959 ibimus?
2214 2922 2233 2956 ι
2273 2911 2384 2958 etc.
2421 2902 2560 2957 Vitae
2592 2912 2774 2957 autem
2814 2911 3035 2957 aeternae
3064 2903 3231 2955 verba
3280 2898 3574 2957 Dominum

1945 2998 2151 3055 habere
2181 2997 2336 3065 dicit,
2371 2996 2499 3066 quia
2531 2996 2819 3051 audiverat
2853 3003 2981 3050 eum
3024 2995 3327 3058 dicentem,
3372 3011 3391 3045 ι
3430 2992 3575 3049 Eum

1944 3092 2036 3163 qui
2060 3091 2232 3147 credit
2260 3091 2315 3145 in
2353 3104 2461 3153 me,
2482 3088 2853 3154 resuscitabo,
2877 3096 2932 3141 et
2962 3086 3187 3141 habebit
3210 3086 3375 3141 vitam
3408 3097 3576 3141 aeter-

1944 3200 2095 3240 nam.
2129 3202 2146 3235 δ
2192 3182 2317 3238 Jam
2347 3183 2496 3239 enim
2531 3180 2607 3237 illi
2646 3179 3118 3236 resurrectionem
3149 3187 3499 3248 receperant,
3523 3186 3580 3232 et

1940 3294 2161 3334 omnem
2200 3278 2513 3334 doctrinam
2574 3294 2588 3331 :
2639 3277 2827 3347 itaque
2877 3275 3047 3329 verba
3088 3274 3205 3345 ipsa
3241 3271 3580 3328 offendicula

1939 3388 2047 3427 non
2088 3380 2273 3436 erant,
2308 3370 2404 3426 sed
2468 3368 2792 3424 attendendi
2844 3366 3176 3438 negligentia
3238 3375 3294 3421 et
3330 3364 3574 3434 ignavia,

1941 3466 2424 3537 imprudentiaque
2447 3445 2791 3519 auditorum.
2813 3462 2951 3517 Nam
2983 3461 3039 3516 hi
3065 3461 3358 3517 duodecim
3379 3462 3572 3515 eadem

1937 3566 2254 3628 audierunt,
2291 3575 2395 3616 nec
2420 3568 2605 3615 tamen
2654 3568 2783 3613 sunt
2816 3556 3037 3621 offensi,
3073 3556 3172 3612 sed
3217 3562 3569 3611 manserunt.

1938 3658 2080 3725 Quid
2114 3656 2279 3729 igitur
2302 3653 2593 3711 Christus?
2622 3651 2880 3722 Nunquid
2921 3651 3107 3705 laudat
3144 3649 3389 3715 Petrum,
3428 3649 3575 3703 sicut

1938 3750 2046 3806 alio
2068 3750 2188 3805 loco
2209 3747 2378 3805 facit?
2413 3747 2659 3811 Minime,
2689 3756 2750 3801 ut
2791 3760 2860 3800 ne
2893 3744 3179 3800 videretur
3206 3740 3447 3797 blandiri
3494 3740 3571 3795 illi

1938 3839 2084 3911 quod
2120 3839 2263 3909 apud
2293 3852 2353 3894 se
2382 3845 2656 3892 maneret.
2705 3834 2816 3890 Sed
2864 3834 2994 3904 quid
3027 3832 3172 3888 dixit
3205 3832 3273 3889 ad
3306 3828 3575 3887 Petrum?

1937 3932 2053 4003 Ego
2075 3931 2297 4002 quidem
2323 3945 2422 3985 vos
2455 3929 2592 4001 elegi
2625 3929 2940 3991 duodecim,
2972 3936 3353 3982 verumtamen
3391 3939 3572 3994 neque

1938 4042 2035 4082 vos
2068 4039 2263 4079 omnes
2299 4023 2437 4078 estis
2481 4022 2753 4077 electione
2785 4021 2959 4091 digni,
2988 4022 3085 4076 sed
3124 4033 3266 4075 unus
3300 4034 3366 4074 ex
3406 4017 3567 4075 vobis

1938 4117 2189 4175 diabolus
2216 4124 2319 4172 est.
2346 4114 2463 4169 Hoc
2486 4123 2671 4169 autem
2701 4113 2960 4169 bifariam
2991 4122 3076 4167 est
3104 4110 3523 4181 intelligendum
3556 4128 3570 4165 :

1938 4209 2025 4265 vel
2094 4208 2241 4263 enim
2287 4208 2369 4263 sic
2406 4226 2419 4261 :
2452 4205 2610 4263 Nunc
2656 4220 2776 4261 mea
2806 4205 3015 4271 omnia
3075 4203 3468 4270 calumniatur,
3518 4210 3575 4259 et

1940 4300 2078 4355 nihil
2132 4300 2349 4355 illorum
2393 4298 2589 4368 recipit
2622 4314 2637 4363 ;
2676 4295 2762 4353 vel
2808 4298 2891 4354 sic
2926 4313 2941 4356 :
2972 4294 3426 4352 Calumniaturus
3480 4305 3568 4352 est

1942 4410 2049 4451 me.
2078 4394 2142 4449 Et
2169 4395 2316 4449 enim
2342 4395 2526 4464 reipsa
2559 4391 2688 4449 talis
2720 4392 2975 4462 apparuit
2997 4390 3196 4454 Judas,
3222 4389 3572 4447 calumnians

1940 4491 2081 4560 apud
2126 4488 2349 4545 Iudaeos
2385 4487 2706 4553 Dominum,
2740 4496 2796 4541 et
2824 4484 3091 4558 mysteria
3136 4482 3257 4549 ejus
3291 4483 3400 4538 illis
3433 4480 3569 4539 effe-

210 4573 488 4629 διαϐαλεῖν
539 4574 661 4645 ὲμέ.
708 4575 817 4629 Καὶ
844 4575 956 4646 γὰρ
1004 4577 1180 4641 δντως
1233 4576 1482 4643 τοιοῦτος
1534 4579 1829 4651 ἀπεφάνθη

1943 4600 2092 4652 rens,
2131 4585 2277 4641 sicut
2303 4592 2358 4639 et
2401 4581 2571 4637 David
2601 4580 2820 4651 ἀείρεο
2869 4580 3002 4633 dicit
3036 4596 3051 4633 :
3104 4596 3122 4630 ι
3163 4575 3567 4648 Egrediebatur

224 4666 448 4733 Ἰούδας,
469 4664 777 4720 διαϐάλλων
798 4667 936 4738 πρὸς
964 4666 1253 4733 Ἰουδαίους
1274 4669 1366 4723 τὸν
1388 4670 1617 4743 Κύριον,
1638 4673 1736 4725 καὶ
1759 4672 1830 4726 τὰ

216 4762 492 4834 μυστήρια
525 4760 697 4814 αὑτοῦ
745 4760 1001 4834 ἐκφέρων
1054 4763 1276 4829 αὐτοῖς’
1333 4764 1483 4820 καθά
1526 4767 1622 4821 καὶ
1662 4763 1829 4819 Δαυῒδ

212 4857 341 4929 περὶ
385 4854 554 4910 αὐτοῦ
604 4872 800 4927 φησιν’
856 4873 876 4907 ι
928 4856 1325 4928 Ἐξεπορεύετο
1356 4856 1484 4924 ἔξω,
1514 4857 1611 4912 καὶ
1645 4858 1829 4911 ἐλάλει

213 4949 305 5004 ἐπὶ
343 4948 405 5003 τὸ
437 4948 593 5003 αὑτό.
634 4967 653 5013 η
690 4948 856 5017 Λέγει
909 4949 971 5003 δὶ
1020 4948 1199 5003 ταῦτα
1239 4949 1379 5021 πρὸς
1416 4950 1509 5003 τὸν
1556 4950 1769 5023 Πέτρον
1800 4952 1829 5004 ὁ

213 5042 441 5113 Κύριος,
476 5040 861 5113 διορθούμενος
896 5042 1082 5096 αὑτὸν.
1104 5042 1289 5111 ,Ἐπεὶ
1323 5043 1433 5113 γὰρ
1466 5038 1621 5097 εἶπεν
1660 5045 1688 5097 ό
1721 5044 1829 5097 Πέ-

212 5152 364 5207 τρος,
426 5135 533 5200 ὅτι,
575 5136 687 5189 Καὶ
734 5135 1065 5204 ἐγνώκαμεν
1097 5138 1193 5187 καὶ
1227 5136 1703 5207 πεπιστεύκαμεν,
1737 5136 1832 5207 Μὴ

211 5230 370 5283 τοῦτο
415 5228 631 5299 νόμιζε,
684 5229 875 5299 φησίν.
919 5230 998 5284 Οὐ
1033 5229 1144 5301 γὰρ
1199 5231 1403 5295 πάντες
1452 5232 1577 5285 ὲστὲ
1621 5231 1829 5297 πιστοὶ,

211 5321 331 5376 οὐδὲ
366 5323 571 5385 πάντες
610 5338 678 5392 με
712 5322 1017 5390 ἐγνώκατε.
1056 5322 1202 5394 Ὅρα
1240 5323 1296 5377 δέ
1330 5342 1423 5394 μοι
1454 5325 1545 5378 τὸν
1598 5324 1829 5395 Κύριον,

212 5417 331 5478 πῶς
378 5415 461 5469 ἐτι
524 5416 814 5487 πόρρωθεν
847 5416 942 5471 τοῦ
979 5418 1247 5487 προδότου
1290 5417 1391 5488 τὴν
1444 5419 1650 5474 κακίαν
1699 5420 1831 5473 ἀνα-

211 5511 568 5583 κρουόμενος,
608 5512 705 5566 καὶ
740 5514 1112 5583 ἀναχαιτίζων
1162 5514 1355 5585 αὐτὴν,
1408 5515 1584 5571 ταῦτά
1623 5534 1827 5589 φησιν’

211 5604 369 5669 είδὼς
423 5606 543 5675 μὲν,
582 5607 665 5660 ὅτι
708 5607 864 5660 οὐδὲν
900 5608 1197 5679 ὠφελήσει,
1232 5609 1381 5679 ὅμως
1417 5610 1474 5663 δὲ
1523 5610 1584 5662 τὸ
1624 5611 1825 5665 ἑαυτοῦ

211 5696 418 5754 τ’)ιῶν·
466 5700 561 5751 καὶ
616 5699 742 5753 οὗτε
802 5701 1041 5772 φανερὸν
1114 5701 1280 5755 αὑτὸν
1337 5703 1619 5774 ἐποὲησεν,
1698 5703 1825 5760 οὔτε

284 5884 327 5915 ⁸³
366 5881 507 5935 l‘sul.
540 5897 626 5939 XL.
668 5883 721 5936 7.

1942 4678 2113 4744 foras,
2166 4686 2221 4733 et
2258 4676 2589 4745 loquebatur
2642 4674 2696 4728 in
2739 4672 2979 4745 idipsum
3003 4670 3073 4727 “.
3117 4689 3136 4723 ι
3195 4670 3338 4725 Dicit
3378 4678 3565 4725 autem

1940 4772 2060 4827 haec
2088 4772 2154 4825 ad
2186 4770 2405 4826 Petrum
2440 4770 2721 4831 Dominus,
2742 4767 3048 4822 emendans
3084 4779 3208 4819 eum
3232 4761 3393 4833 ;quia
3418 4763 3567 4821 enim

1939 4866 2155 4920 dixerat
2186 4862 2405 4928 Petrus,
2454 4861 2522 4917 Et
2552 4862 2913 4932 cognovimus
2961 4868 3015 4915 et
3060 4857 3400 4914 credidimus
3434 4874 3449 4911 :
3486 4855 3567 4911 Ne

1940 4960 2045 5015 hoc
2065 4970 2245 5029 putes,
2270 4957 2466 5028 inquit,
2501 4970 2606 5010 non
2633 4955 2780 5009 enim
2816 4967 3013 5009 omnes
3043 4952 3178 5007 estis
3209 4950 3426 5015 fideles,
3461 4966 3563 5006 ne~

1938 5066 2045 5124 que
2088 5066 2282 5107 omnes
2324 5064 2411 5104 me
2456 5048 2812 5118 cognovistis.
2852 5046 2991 5102 Vide
3050 5054 3236 5101 autem
3284 5046 3563 5116 quomodo

1932 5155 2093 5201 antea
2126 5144 2391 5199 Dominus
2422 5140 2725 5213 proditoris
2760 5140 3034 5194 malitiam
3075 5138 3355 5209 repellens
3381 5146 3437 5194 et
3469 5151 3563 5193 re-

1933 5239 2310 5297 frenanshazc
2339 5238 2495 5303 dicit,
2532 5236 2717 5293 sciens
2748 5234 2972 5305 quidem
3014 5233 3159 5303 quod
3198 5232 3334 5288 nihil
3372 5231 3563 5303 profu-

1932 5348 2091 5395 turus
2142 5346 2315 5399 esset,
2364 5332 2732 5389 nihilominus
2784 5340 2968 5386 tamen
3039 5329 3188 5399 quod
3250 5342 3410 5383 suum
3441 5338 3562 5383 erat

1932 5429 2166 5496 faciens,
2198 5441 2378 5498 neque
2433 5426 2586 5481 illum
2641 5422 3039 5488 manifestavit,
3096 5436 3275 5491 neque
3333 5420 3559 5475 omnino

1932 5524 2207 5582 occultum
2242 5537 2366 5579 esse
2408 5519 2664 5586 permisit
2698 5540 2709 5574 :
2745 5519 2878 5575 illud
2902 5517 3150 5589 quidem,
3186 5525 3244 5569 ut
3288 5530 3354 5570 ne
3381 5515 3561 5584 impu-

1933 5615 2154 5671 dentior
2188 5622 2243 5668 et
2276 5611 2678 5669 contentiosior
2722 5609 2879 5665 fieret
2913 5626 2927 5663 :
2980 5608 3084 5663 hoc
3123 5617 3333 5671 autem,
3384 5617 3441 5658 ut
3488 5620 3557 5659 ne

1937 5706 2169 5764 licenter
2200 5704 2413 5763 facinus
2444 5712 2713 5775 patraret,
2746 5702 3032 5760 occultum
3060 5700 3190 5757 illud
3217 5709 3433 5770 putans.
3474 5695 3551 5751 Ex
