3936 6454
156 408 282 476 I331

825 400 973 464 ENA
985 399 1271 462 RRATIO
1292 466 1293 469 η
1312 398 1393 460 ΙΝ
1436 395 1756 459 EVANGEl

1865 392 1943 454 ῙΜ
1986 387 2335 455 JOANNIS.
2371 412 2438 422 -υ
2480 386 2645 448 CAP.
2692 385 2824 446 VII.

3328 377 3465 445 132’:

153 526 317 594 χωρεῖ
366 521 546 573 τοίνυν
598 520 673 579 εἰς
731 514 1024 567 Γαλιλαίαν
1065 511 1181 565 νῦν.
1226 511 1381 564 Ἐπεὶ
1436 509 1547 580 γὰρ
1591 505 1747 561 οὖπω

1865 521 1980 560 ium
2023 514 2079 560 et
2133 516 2536 573 supervacuum
2590 508 2710 553 erat
2764 500 2815 551 in
2872 494 3049 549 medio
3110 494 3462 549 inimicorum

152 616 451 686 ἐνειστήκει
475 615 501 665 ὁ
531 610 722 679 καιρὸς
749 607 843 661 τοῦ
882 604 1112 670 πάθους,
1154 604 1387 674 μάταιον
1418 598 1487 673 ἦν
1521 601 1615 655 καὶ
1646 617 1746 655 πε-

154 724 354 779 ριττον,
391 709 447 757 ἐν
480 704 632 774 μέσῳ
672 701 781 754 τῶν
815 699 1027 770 ἐχθρῶν
1077 696 1245 750 αὑτοῦ
1282 693 1747 763 ἀναστρέφεσθαι.

152 800 243 853 καὶ
280 797 526 859 πλείονος
571 796 656 848 ἀεὶ
706 792 907 862 λύττης
940 792 1125 852 αὐτοῖς
1162 789 1424 861 πρόξενον
1466 786 1747 854 Thesea“,

155 913 172 944 ι
212 888 315 945 Ἤν
348 892 428 952 δὲ,
464 888 651 959 φησὶν,
746 885 1124 956 Σκηνοπηγία.
1154 903 1171 935 ι
1202 884 1388 948 Ἄξιον
1413 883 1590 933 εἰπεῖν
1620 879 1747 949 περὶ

149 989 255 1041 τῶν
282 985 485 1057 ἑορτῶν
530 984 638 1036 τῶν
688 980 1033 1050 τελουμένων
1081 982 1195 1042 τοῖς
1250 977 1553 1038 Ἰουδαίοις.
1585 975 1751 1043 Τρεῖς

151 1083 258 1150 γὰρ
285 1076 459 1149 ἦσαν·
511 1077 665 1147 μίαή
695 1075 790 1129 τοῦ
826 1074 1041 1142 ιιάσχα,
1086 1073 1153 1142 ἣν
1188 1071 1409 1123 ἐτέλουν
1434 1069 1510 1132 ὡς
1541 1069 1606 1120 ἐκ
1647 1066 1751 1134 τῆς

153 1167 423 1234 Αἰγύπτου
455 1165 762 1226 διαϐάντες,
793 1163 828 1233 ἢ
862 1162 960 1216 καὶ
991 1162 1186 1231 πρώτη
1220 1159 1350 1229 παρ’
1384 1159 1600 1220 αὐτοῖς·
1627 1156 1751 1209 δευ-

150 1260 279 1330 τέρα
306 1258 360 1313 δὲ
394 1260 426 1329 ἡ
461 1255 837 1326 Πεντηκοστὴ,
873 1256 941 1325 ἣν
966 1255 1185 1307 ἐτέλουν
1216 1253 1292 1315 ὡς
1325 1250 1622 1324 ρυσθέντες
1651 1248 1750 1317 μὲν

149 1351 257 1403 τῶν
301 1353 357 1402 ἐν
396 1354 462 1421 τῇ
504 1351 692 1419 ἐρήμῳ
725 1346 937 1411 κακῶν,
971 1348 1051 1408 είς
1088 1346 1143 1397 δὲ
1186 1346 1283 1415 τὴν
1317 1344 1419 1413 γῆν
1455 1345 1546 1411 τῆς
1578 1344 1735 1409 ὲπαγι

149 1445 334 1512 γελίας
373 1443 731 1505 εἰσελθόντες,
796 1443 890 1494 καὶ
953 1442 1294 1507 γευσάμενοι
1349 1437 1474 1489 τότε
1519 1436 1752 1503 πρώτως

151 1537 361 1608 καρποῦ
425 1534 679 1604 annm-3'
722 1532 803 1585 διὸ
841 1536 934 1585 καὶ
983 1531 1281 1601 δράγματα
1335 1531 1393 1581 ἐν
1452 1529 1626 1597 ταύτῃ
1682 1528 1750 1595 τῇ

150 1633 307 1701 ἑορτῇ
346 1630 419 1693 ὡς
453 1628 709 1699 ἀπαρχὰς
742 1629 1040 1696 προσῆγον.
1090 1626 1262 1695 Τρίτη
1294 1625 1326 1693 ἡ
1366 1622 1748 1690 Σκηνοπαγία,

151 1727 217 1791 ἢν
252 1723 464 1774 ἐτέλουν
512 1720 936 1791 εῦχαριστὴριον
1008 1719 1100 1769 ἐπὶ
1141 1721 1203 1785 τῇ
1273 1715 1585 1784 συγκομιδῇ
1641 1713 1751 1765 τῶν

152 1812 376 1882 καρπῶν
446 1815 588 1865 κατὰ
668 1811 760 1863 τὸν
812 1809 1188 1881 Σεπτέμὸριον
1248 1807 1400 1878 παρᾶ
1453 1805 1747 1875 Ῥωμαίοις

1855 612 2078 653 suorum
2135 593 2374 661 versari,
2414 601 2472 648 'et
2520 590 2744 662 majoris
2777 604 2994 660 semper
3027 588 3195 642 rahiei
3228 588 3332 643 illis
3365 605 3466 643 au-

1854 704 2060 748 ctorem
2086 690 2225 745 fieri.
2251 690 2382 744 Erat
2410 698 2617 752 autem,
2658 685 2857 755 inquit,
2888 684 3248 753 Scenopegia.
3274 681 3468 753 Operze

1855 786 2090 852 pretium
2131 782 2293 837 fuerit
2332 780 2514 835 dicere
2544 778 2614 833 de
2665 778 2821 832 festis
2861 792 2984 845 qua:
3026 772 3463 830 faciunt'Jmltci.

1855 879 1981 933 Tria
2023 877 2169 932 enim
2222 885 2382 930 erant
2437 891 2453 928 :
2515 888 2683 926 unum
2743 871 2976 936 Pascha,
3022 870 3168 940 quod
3223 868 3470 924 fecerunt

1822 971 2059 1040 egressi
2098 984 2165 1024 ex
2206 969 2466 1039 Aﬂgypto,
2530 966 2675 1036 quod
2725 973 2780 1018 et
2832 965 3071 1033 primum
3125 963 3266 1031 apud
3320 963 3471 1031 ipsos

1855 1074 1973 1117 erat
2005 1081 2016 1115 :
2044 1061 2343 1117 secundum
2378 1060 2728 1119 Pentecoste,
2753 1057 2897 1126 quod
2922 1055 3277 1111 celebrabant
3302 1055 3464 1125 σοι

1856 1157 2078 1227 quidem
2130 1165 2187 1208 ut
2252 1152 2468 1209 liberati
2513 1150 2764 1223 3]ῐ1ἶ11ί5
2812 1149 3010 1217 quibus
3062 1148 3117 1205 in
3170 1147 3469 1201 solitudine

1857 1248 2236 1318 adﬂigebantur
2269 1264 2282 1299 :
2328 1262 2449 1301 cum
2488 1244 2699 1300 scilicet
2742 1243 2795 1296 in
2832 1251 3034 1296 terram
3087 1241 3471 1309 promissionis

1856 1340 2086 1410 ingressi
2113 1347 2315 1405 eSsenl,
2341 1353 2401 1390 ac
2424 1348 2551 1391 tunc
2571 1337 2802 1406 primum
2835 1332 3097 1387 frumenti
3123 1330 3356 1385 fructum
3377 1347 3474 1403 gn-

1856 1442 2130 1498 stasscnt;
2156 1432 2355 1487 etideo
2392 1428 2768 1499 manipulosin
2790 1426 2929 1481 festo
2957 1424 3048 1479 illo
3075 1434 3329 1494 tanquam
3362 1425 3474 1492 pri-

1858 1526 2039 1581 mitias
2056 1522 2355 1579 offerebant
2382 1541 2393 1575 :
2423 1522 2643 1577 tertium
2672 1520 3035 1589 Scenopegia,
3053 1519 3196 1588 quod
3222 1516 3472 1572 ct-lcbra-

1859 1617 1986 1669 hanl
2007 1618 2059 1668 in
2085 1616 2385 1684 gratiarum
2417 1612 2687 1666 actionem
2720 1619 2941 1680 propter
2966 1616 3258 1663 convectas
3287 1606 3475 1678 fruges

1860 1724 1889 1761 tt
1936 1706 2197 1761 Romanis
2224 1704 2301 1777 (rt)
2330 1720 2513 1759 mense
2534 1701 2866 1771 Septembri.
2903 1702 3059 1753 Tunc
3095 1700 3239 1752 enim
3267 1699 3475 1769 gratias-

1861 1806 2095 1871 agebant
2121 1799 2371 1858 Domino.
2406 1797 2687 1852 convectis
2718 1795 2977 1849 omnibus
3019 1794 3315 1849 fructibus.
3352 1794 3474 1847 ltlcn

152 1906 318 1973 μῆνα.
348 1904 481 1957 Τότε
514 1905 621 1971 γὰρ
645 1903 709 1972 δὴ
745 1901 1111 1971 εὐχαρίστονν
1148 1897 1223 1967 “cf:
1256 1897 1471 1967 Κυρίῳ,
1515 1894 1590 1958 ὡς
1616 1894 1746 1946 πάν·

1865 1903 1912 1948 ct
1962 1893 2315 1948 tabernacula
2373 1892 2596 1953 fiebant,
2655 1898 2709 1943 et
2761 1890 2918 1957 quasi
2961 1889 3067 1941 sub
3122 1887 3213 1941 dio
3252 1900 3475 1957 agentes

148 2014 246 2059 τας
270 1999 393 2059 τοὺς
425 1998 678 2065 καρποὺς
713 1994 1209 2063 σνγκομισάμενοι.
1251 1991 1343 2042 Διὸ
1381 1989 1475 2041 καὶ
1514 1988 1748 2057 σκηνὰς,

149 2091 266 2158 ἦτοι
291 2089 533 2151 καλύϐας
595 2087 891 2155 ὲπὴγνυον,
920 2088 1014 2138 καὶ
1049 2086 1121 2147 ὡς
1148 2086 1205 2137 ὲν
1236 2084 1425 2152 ἀγροῖς
1451 2080 1752 2148 διάγοντες,

150 2181 530 2250 ηὐφραίνοντο.
567 2180 733 2233 Ὅθεν
765 2180 860 2232 καὶ
909 2177 1161 2246 ψαλμούς
1208 2191 1366 2237 τινας
1401 2172 1750 2235 Δαϋιτικοὺς,

148 2273 461 2344 ἐπιγραφὴν
502 2273 750 2343 ἔχοντας,
800 2270 975 2342 Ὑπὲρ
1023 2269 1132 2321 τῶν
1167 2268 1367 2339 ληνῶν,
1415 2265 1546 2335 φασί
1586 2282 1753 2329 τινες,

148 2368 228 2427 είς
257 2366 462 2434 ταύτην
494 2366 592 2435 τὴν
627 2365 823 2435 ἑορτὴν
880 2362 1208 2432 συντεθῆναι
1251 2362 1356 2415 ὑπ’)
1425 2360 1520 2413 τοῦ
1570 2357 1751 2413 Δαυῖδ.

150 2455 283 2507 Τίτε
310 2457 418 2527 γὰρ
439 2455 504 2527 δὴ
534 2457 659 2519 τοῦς
691 2457 888 2526 ληνοὺς
912 2454 1094 2508 αὐτῶν
1122 2454 1418 2525 ἐπλήρουν,
1440 2451 1756 2519 τρυγῶντες

147 2548 349 2618 δηλαδὴ
386 2549 480 2601 καὶ
518 2550 610 2601 ἐπὶ
639 2548 851 2611 τούτοις
880 2545 1361 2619 εὐχαριστοῦντες,
1389 2544 1487 2598 καὶ
1515 2543 1756 2613 ψαλμοῖς

150 2638 409 2707 ἐχρῶντο,
433 2640 525 2691 καὶ
557 2642 667 2703 τοῖς
702 2639 882 2701 ἄλλοις
909 2643 1024 2699 τοῖς
1048 2638 1183 2709 πρὸς
1216 2636 1597 2707 εὐχαριστίαν.
1630 2630 1756 2696 Οἷός

150 2734 301 2784 ἐστιν
341 2735 369 2784 ὁ
415 2733 600 2799 ὄγδοος
633 2732 868 2804 ψαλμός.
910 2735 1000 2786 Διὸ
1036 2735 1131 2787 καὶ
1178 2734 1236 2785 ἐν
1283 2731 1434 2801 αὑτῷ
1472 2733 1752 2802 μέμνηται

150 2823 261 2876 τῶν
293 2826 447 2891 παρὰ
491 2826 630 2879 Θεοῦ
670 2827 938 2880 δοθέντων
987 2826 1213 2896 ἀγαθῶν
1267 2826 1344 2895 τῷ
1398 2823 1673 2895 ἀνθρώπῳ
1728 2825 1756 2876 ὁ

151 2918 462 2987 προφήτης.
502 2919 783 2990 ᾙνίττετο
817 2921 873 2973 δὲ
920 2921 1014 2972 καὶ
1061 2919 1273 2972 ταῦτα·
1306 2917 1368 2971 τὸ
1408 2917 1508 2988 μὲν
1538 2918 1754 2986 Πάσχα,

150 3009 251 3077 τὴν
280 3007 530 3062 διάΰασιν
567 3010 748 3079 ἡμῶν,
797 3010 896 3081 τὴν
936 3010 997 3075 ἐξ
1028 3010 1288 3071 ἀπιστίας
1322 3010 1402 3071 είς
1449 3008 1674 3060 πίστινο
1722 3006 1755 3077 ἡ

151 3099 210 3152 δὲ
244 3102 614 3175 Πεντηκοστὴ,
647 3102 746 3172 τὴν
778 3106 858 3166 είς
896 3102 998 3173 τὴν
1041 3101 1376 3171 Ἐκκλησίαν
1427 3099 1753 3161 είσέλευσιν,

1862 1987 2201 2041 laetabantur.
2245 1984 2400 2040 Unde
2435 1982 2675 2052 psalmos
2710 1983 2978 2051 quosdam
3037 1981 3202 2035 David
3257 1981 3349 2050 qui
3391 1981 3475 2035 in-

1861 2081 2048 2149 scripti
2094 2078 2348 2133 suntPro
2403 2076 2793 2143 torcularibus,
2853 2076 3078 2156 quidam
3136 2075 3477 2144 compositos

1860 2189 1982 2228 esse
2018 2172 2276 2227 dieuutin
2311 2171 2415 2226 hoc
2451 2170 2677 2225 festum.
2706 2170 2840 2224 Nam
2875 2180 3008 2225 tunc
3046 2169 3344 2224 toreularia
3372 2185 3470 2224 sua

1864 2266 2178 2335 implebant,
2206 2272 2258 2319 et
2282 2280 2413 2320 uvas
2437 2262 2786 2333 premebant,
2816 2273 3219 2333 proptereaque
3244 2264 3478 2331 agebant

1861 2357 2086 2426 gratias,
2128 2367 2182 2410 et
2230 2356 2454 2426 psalmis
2489 2357 2787 2411 utebantur
2817 2364 2984 2426 atque
3025 2354 3146 2409 aliis
3180 2356 3231 2409 in
3264 2357 3474 2426 gratia-

1863 2465 1982 2502 rum
2019 2449 2314 2505 actionem.
2356 2447 2504 2505 Talis
2540 2458 2625 2504 est
2661 2448 2906 2520 psalmus
2932 2464 3056 2527 νιιι.
3090 2448 3215 2505 Ideo
3248 2456 3301 2502 et
3338 2448 3476 2505 Pro-

1862 2546 2020 2615 pheta
2057 2545 2108 2598 in
2157 2545 2279 2613 ipso
2314 2545 2564 2600 meminit
2598 2546 2866 2599 bonorum
2903 2544 3114 2599 homini
3153 2559 3184 2598 a
3236 2544 3346 2601 Deo
3380 2544 3479 2599 da-

1864 2647 2062 2692 torum.
2104 2636 2428 2709 Significant
2452 2647 2634 2693 autem
2660 2639 2824 2693 etiam
2855 2642 2969 2694 haec
2994 2655 3006 2691 :
3036 2637 3267 2703 Pascha,
3295 2648 3478 2692 tran5¢

1863 2728 1996 2782 itum
2040 2738 2284 2783 nostrmn
2329 2745 2393 2784 ex
2428 2730 2748 2786 infidelitate
2792 2732 2860 2785 ad
2895 2730 3089 2797 ﬁdem;
3123 2729 3476 2797 Pentecoste,

1862 2821 2164 2891 ingressum
2192 2822 2245 2875 in
2269 2821 2593 2887 Ecclesiam,
2618 2835 2677 2877 ut
2706 2832 2910 2878 terram
2944 2824 3107 2877 aliam
3144 2825 3475 2895 promissio-

1864 2914 1968 2977 nis,
2017 2914 2237 2983 quando
2261 2914 2469 2968 scilicet
2503 2922 2557 2968 ct
2588 2928 2781 2984 panem
2818 2915 3213 2969 manducamus
3240 2931 3472 2971 sumen-

1865 3018 1943 3063 tes
1978 3008 2160 3062 divina
2195 3010 2475 3079 mysteria.
2518 3005 2636 3062 Non
2660 3010 2805 3063 enim
2831 3009 2993 3062 simul
3030 3018 3196 3078 atque
3221 3009 3476 3065 credide-

1864 3099 2053 3167 rimus,
2097 3100 2624 3169 transivetimusque
2666 3101 2733 3153 ah
2785 3098 3198 3166 incredulitate,
3254 3117 3377 3157 mox
3420 3106 3479 3157 et

152 3193 230 3255 ὡς
281 3194 385 3263 γῆν
418 3193 589 3266 ἀλλην
645 3196 1004 3264 ἐπαγγελίας,
1059 3196 1148 3248 ὅτε
1195 3194 1399 3266 δηλαδὴ
1455 3194 1550 3246 acati
1590 3194 1755 3263 ἄρτον

1865 3206 2057 3260 panem
2088 3194 2445 3258 comedimus,
2490 3193 2584 3247 sed
2632 3202 2848 3261 oportet
2891 3194 3127 3262 primum
3182 3196 3477 3266 baptizari,

152 3286 461 3357 τρώγομεν,
501 3288 1013 3359 μεταλαμϐάνοντες
1055 3289 1165 3341 τῶν
1199 3289 1361 3341 θείων
1413 3290 1755 3358 μυστηρίων.

154 3379 234 3432 υὺ
268 3381 375 3451 γὰρ
419 3381 539 3452 ἅμα
583 3382 660 3452 τῷ
710 3382 1005 3436 πιστεῦσαι
1045 3384 1139 3436 καὶ
1195 3383 1451 3453 διαϐῆναι
1502 3382 1616 3436 ἀπὸ
1660 3383 1758 3451 τῆς

154 3472 436 3536 ἀπιστίας,
482 3474 584 3545 ἠδη
626 3476 722 3529 καὶ
771 3475 865 3528 τοῦ
921 3476 1090 3543 ἄρτου
1126 3476 1422 3545 ἐσθίομεν·
1478 3475 1617 3527 ἀλλὰ
1675 3473 1761 3527 δεῖ

155 3564 422 3634 πρότερον
464 3565 854 3637 βαπτισθῆναι,
890 3568 986 3620 καὶ
1018 3567 1170 3631 ἄξιον
1199 3566 1459 3635 γενέσθαι
1485 3565 1580 3619 τοῦ
1616 3562 1759 3636 μετὰ

151 3655 269 3709 τῶν
292 3655 745 3729 βεδαπτισμένων
767 3661 824 3711 ὲν
866 3659 1166 3729 Ἐκκλησία
1195 3659 1473 3724 ἵστασθαι,
1507 3658 1601 3710 καὶ
1634 3657 1759 3708 τότε

152 3742 253 3795 τοῦ
288 3744 453 3816 ἄρτου
491 3746 840 3815 μεταλαϐεῖν,
883 3748 943 3802 ἸΙ
980 3748 1037 3800 δὲ
1074 3748 1456 3819 Σκηνοπηγία,
1488 3746 1589 3819 τὴν
1622 3747 1761 3800 ἀνά-

156 3849 372 3901 στασιν,
403 3839 492 3891 ὅτε
521 3840 722 3903 πάντες
750 3840 848 3909 μὲν
875 3840 922 3892 οἲ
948 3840 1154 3909 καρποὶ
1182 3840 1290 3893 τῶν
1321 3841 1577 3912 πράξεων
1602 3841 1761 3910 ήμιὶν

158 3928 569 3999 συντελοῦνται,
606 3932 672 3984 τὰ
710 3933 1046 4003 σκηνώματα
1080 3934 1134 3985 δὲ
1190 3932 1349 4003 ἡμῶν
1401 3932 1472 3986 τὰ
1529 3933 1619 3985 διὰ
1650 3930 1759 3993 ¹τοῦ

154 4023 394 4077 θανάτου
435 4026 829 4090 καταλυθέντα,
866 4023 1025 4102 αὖθις
1064 4031 1511 4098 συμπήγνυνται.
1547 4028 1671 4080 Εἰσὶ
1704 4027 1761 4080 δὲ

153 4114 256 4168 καὶ
289 4113 436 4169 ἄλλοι
457 4117 608 4185 λόγοι
656 4115 920 4188 θειότεροι
956 4120 1049 4171 ἐπὶ
1076 4118 1308 4182 ταύταις
1347 4119 1471 4181 ταῖς
1509 4118 1756 4189 ἑορταῖς,

153 4205 254 4270 οὓς
284 4208 345 4260 οὐ
377 4210 473 4261 νῦν
503 4210 682 4277 λέγειν
718 4212 907 4282 καιρός
928 4229 940 4241 ·
973 4212 1033 4263 “rb
1061 4214 1174 4274 τοῖς
1218 4211 1435 4274 πολλοῖς
1464 4213 1575 4282 γὰρ
1617 4211 1763 4280 ὠφε-

157 4296 465 4370 λιμώτερον
514 4302 601 4353 ἀεὶ
635 4303 992 4373 ἐκλεγόμεθα.
1039 4303 1222 4373 Οὔσης
1278 4302 1370 4357 οὖν
1421 4306 1618 4375 ἑορτῆς
1649 4306 1762 4368 τοῖς

170 4392 451 4458 Ἰουδαίοις
494 4395 595 4465 τῆς
629 4397 975 4468 καλουμένης
1009 4398 1422 4468 Σκηνοπηγίας,
1467 4398 1591 4449 ἐπεὶ
1621 4392 1764 4451 εἶδον

157 4486 330 4539 αὑτὸν
357 4488 405 4539 oi
439 4488 662 4557 ἀδελφοὶ
701 4489 870 4542 αὑτοῦ
913 4490 986 4561 μὴ
1031 4489 1592 4559 παρασκευαζόμενον
1635 4491 1767 4543 dva-

1864 3295 1922 3339 ut
1944 3285 2090 3356 digni
2115 3284 2310 3339 ﬁamus
2340 3285 2433 3355 qui
2472 3295 2687 3341 stemus
2709 3300 2833 3340 cum
2869 3287 3164 3358 baptizatis
3198 3289 3253 3343 in
3286 3287 3479 3345 Ecclc‘

1863 3379 1965 3443 sia,
1987 3389 2042 3434 et
2061 3389 2189 3435 tunc
2210 3380 2274 3434 de
2296 3396 2436 3450 pane
2464 3378 2879 3454 participcmos.
2900 3383 3245 3455 Scenopegia
3267 3394 3479 3449 autem,

1866 3475 2349 3540 resurrectionem,
2378 3476 2599 3546 quando
2637 3492 2830 3533 omnes
2867 3478 3089 3547 quidem
3128 3477 3345 3535 fructus
3376 3494 3480 3535 no-

1865 3577 2099 3623 atrorum
2134 3585 2358 3639 operum
2378 3582 2857 3640 consummantur,
2882 3574 3343 3645 tabernaculaque
3377 3591 3480 3630 110*

1866 3667 1978 3713 stra
2021 3674 2118 3730 per
2156 3672 2393 3717 mortem
2453 3665 2759 3729 destructa,
2800 3665 2998 3721 iterum
3055 3675 3477 3723 construuntur.

1866 3750 2007 3805 Sunt
2034 3760 2087 3806 et
2118 3752 2211 3807 alii
2242 3754 2540 3811 diviniorcs
2568 3772 2857 3815 sermones
2899 3758 2969 3814 de
3000 3759 3084 3815 his
3118 3760 3297 3829 festis,
3327 3762 3483 3817 atde

1868 3843 1950 3897 his
1982 3859 2125 3900 nunc
2154 3859 2265 3900 non
2296 3856 2381 3901 est
2417 3847 2633 3903 dicendi
2665 3858 2905 3919 tempus.
2951 3849 3297 3923 Exponimus
3330 3856 3481 3910 enim

1866 3938 1970 3993 hoc
2009 3938 2154 4007 quod
2191 3939 2376 3997 multis
2426 3942 2631 3998 utilius.
2670 3943 2865 4014 Itaque
2914 3961 3039 4000 cum
3089 3956 3237 4003 esset
3278 3932 3483 4005 festum

1865 4027 2175 4086 Judzeorum
2206 4034 2351 4102 quod
2381 4044 2611 4090 vocatur
2651 4034 3016 4108 Seenopegia,
3052 4040 3184 4108 quia
3226 4040 3484 4096 vtderunt

1867 4139 1994 4177 cum
2026 4124 2224 4180 fratres
2257 4125 2374 4196 ejus
2404 4143 2509 4182 non
2544 4141 2872 4197 apparatum
2909 4133 2975 4186 ad
3012 4133 3139 4197 iter,
3172 4133 3484 4190 invidentes

1868 4214 1915 4267 ei
1943 4216 2169 4269 dicunt:
2205 4215 2399 4271 Transi
2432 4218 2579 4281 hinc,
2613 4228 2669 4274 et
2700 4221 2836 4276 vade
2873 4220 3023 4288 illuc,
3058 4232 3116 4276 ut
3144 4231 3201 4277 et
3226 4223 3486 4294 discipuli

1871 4307 1970 4371 tui,
2002 4308 2104 4361 hoc
2133 4317 2217 4362 est
2251 4309 2425 4364 turba:
2464 4325 2586 4379 qua:
2617 4320 2671 4365 te
2722 4325 3053 4381 sequuntur,
3111 4315 3331 4370 videant
3362 4332 3485 4386 qum

1871 4397 2024 4454 facis.
2058 4400 2178 4455 Non
2209 4402 2356 4459 enim
2400 4403 2466 4457 dc
2499 4404 2790 4460 duodecim
2839 4406 2993 4473 dicit,
3043 4408 3140 4465 sed
3183 4408 3250 4464 de
3285 4408 3350 4464 iis
3387 4412 3485 4479 qui

1871 4486 2021 4541 illum
2053 4489 2191 4544 alias
2224 4491 2613 4560 sequebantur.
2650 4492 2967 4564 Arguebant
2996 4510 3181 4552 autem
3204 4514 3327 4553 eum
3366 4498 3484 4555 fra-

156 4576 350 4645 ϐῆναι,
384 4579 708 4649 φθονοῦντες
742 4581 915 4652 αὐτῷ,
945 4582 1110 4651 φασί·
1156 4582 1449 4652 Μετάϐηίι
1487 4583 1756 4650 ἐντεῦθεν1

1872 4589 1984 4633 tres
2015 4581 2152 4647 ejus,
2188 4581 2281 4636 filii
2314 4584 2526 4639 scilicet
2555 4583 2781 4656 Joseph,
2816 4599 3037 4657 propter
3065 4592 3202 4644 duas
3231 4589 3485 4645 affectio-

159 4674 257 4725 καὶ
289 4672 467 4743 ὕπαγε
497 4676 635 4740 ἐκεῖ,
676 4676 761 4728 ἵνα
795 4678 885 4729 καὶ
929 4679 977 4730 ci
1009 4676 1251 4748 μαθηταί
1294 4696 1409 4741 σου,
1451 4678 1759 4744 τουτέστιν,

157 4765 214 4819 οι
244 4764 395 4835 δχλοι
427 4768 475 4819 οί
511 4767 933 4833 ἀκολουθοῦντες
972 4786 1074 4835 σοι,
1108 4771 1464 4841 θεωρήσωσιν
1493 4771 1529 4825 ἃ.
1563 4775 1760 4835 ποιεῖς.

155 4858 239 4913 Οὐ
258 4860 371 4929 γὰρ
387 4860 515 4931 περὶ
546 4860 656 4912 τῶν
683 4860 894 4915 δώδεκά
925 4879 1113 4933 φησιν,
1137 4864 1275 4916 ἀλλὰ
1301 4864 1561 4935 περὶτῶν
1586 4864 1761 4928 ἄλλως

156 4951 453 5022 ἑπομένων
484 4953 656 5025 αὐτῷ.
701 4954 1029 5023 Ἐγκαλοῦσι
1060 4957 1115 5009 δὲ
1150 4958 1300 5028 αὑτῴ
1325 4960 1376 5011 οἱ
1403 4959 1626 5027 ἀδελφοὶ
1662 4959 1763 5011 αὑ-

157 5043 286 5109 τοῦ,
310 5044 362 5097 οἱ
391 5044 485 5098 τοῦ
521 5045 720 5116 Ἰωσὴφ
745 5046 945 5119 δηλαδὴ
977 5049 1191 5113 παῖδες,
1215 5050 1310 5103 δύο
1337 5050 1509 5123 πάθη,
1532 5036 1763 5115 δειλίαν,

158 5138 259 5190 καὶ
302 5136 630 5207 φιλοδοξίαν.
681 5138 772 5192 Διὸ
825 5139 917 5193 καί
971 5156 1175 5211 φασιν·
1235 5161 1251 5193 t
1296 5143 1487 5207 Οὐδεὶς
1546 5143 1656 5216 γὰρ
1708 5147 1765 5199 έν

157 5229 402 5300 κρυπτῷ
444 5246 495 5281 τι
544 5233 710 5296 ποιεῖ,
751 5250 768 5283 ι
805 5232 943 5303 ὅπερ
992 5233 1111 5287 ἐστὶ
1146 5233 1372 5301 δειλίας,
1413 5254 1430 5287 ι
1471 5238 1565 5289 καὶ
1612 5237 1770 5308 ζητεῖ

157 5320 334 5386 αὐτὸς
358 5323 416 5374 ὲν
444 5324 729 5397 παρρησίᾳ
757 5321 917 5393 εἶναι,
943 5344 960 5376 ι
988 5327 1126 5399 ὅπερ
1156 5330 1271 5381 ἐστὶ
1300 5328 1625 5398 φιλοδοξίας.
1655 5350 1672 5382 ι
1706 5333 1767 5385 Ei

154 5412 342 5466 ταῦτα
370 5417 567 5477 ποιεῖς,
594 5414 933 5486 φανέρωσον,
969 5420 1126 5488 φασὶ,
1151 5423 1378 5475 σεαυτὸν
1408 5420 1484 5491 τῷ
1509 5421 1720 5492 κόσμῳ.
1750 5442 1767 5474 ι

170 5496 449 5559 Ἐνταῦθα
481 5505 539 5558 δὲ
580 5506 929 5573 αἰνίττονται,
962 5510 1044 5563 ὅτι
1083 5512 1222 5564 Οὐδὲ
1250 5513 1464 5585 ἀγαθὴν
1503 5514 1775 5586 ὑπόληψιν

155 5597 368 5671 ἔχομεν
408 5601 501 5654 ἐπὶ
526 5603 641 5664 τοῖς
678 5600 784 5654 ὑπὸ
836 5602 932 5655 σοῦ
971 5606 1306 5674 γενομένοις.
1355 5606 1416 5660 Et
1458 5608 1565 5680 γὰρ
1597 5609 1774 5664 ταῦτα

160 5695 348 5757 ποιεῖς
390 5692 469 5758 ὡς
520 5694 681 5761 καλὰ,
737 5696 1057 5766 φανέρωσον
1104 5700 1368 5753 σεαυτόν·
1426 5705 1476 5755 εἰ
1526 5702 1581 5756 δὲ
1632 5702 1773 5759 ἀπο-

240 5878 321 5948 (a)
353 5877 499 5935 Edit.
527 5876 649 5933 Lut.
685 5884 792 5934 non
828 5879 1011 5942 habet.
1042 5898 1072 5934 a
1104 5879 1382 5938 Romanis.

473 5978 743 6039 ΡΑτιιοι..
778 5979 897 6040 tio.
938 5978 1221 6043 CXXIII.

1874 4687 1991 4733 nes,
2038 4673 2291 4729 timorem
2343 4683 2395 4729 et
2452 4691 2645 4730 vanam
2701 4678 2956 4747 gloriam,
3008 4680 3212 4736 ideoct
3248 4684 3480 4740 dicunt:

1878 4782 1895 4815 ι
1939 4762 2128 4820 Nullus
2156 4768 2300 4821 enim
2336 4767 2387 4821 in
2423 4768 2640 4824 occulto
2673 4769 2802 4826 facit
2849 4773 3052 4843 aliquid
3097 4776 3172 4847 (id
3221 4777 3366 4846 quod
3398 4790 3487 4834 cst.

1874 4857 2229 4928 formidinis),
2267 4869 2322 4914 et
2362 4864 2559 4930 qumrit
2609 4862 2727 4933 ipse
2768 4864 2945 4933 palam
2988 4881 3131 4931 esse,
3189 4886 3207 4919 ›
3257 4870 3309 4924 id
3336 4873 3486 4939 quod

1878 4966 2027 5007 rana:
2083 4952 2287 5025 gloriae.
2330 4972 2350 5007 ι
2390 4954 2448 5009 Si
2505 4956 2621 5011 Iure
2680 4956 2840 5025 facis,
2894 4962 3182 5017 manifesta
3249 4963 3485 5034 teipsum

1877 5046 2100 5102 mundo.
2147 5065 2164 5099 ι
2198 5048 2313 5103 Hoc
2352 5059 2531 5103 autem
2572 5050 2690 5104 loco
2734 5051 3048 5106 insinuant:
3098 5052 3255 5108 Ilaud
3282 5056 3486 5111 bonam

1876 5139 2187 5211 opinionem
2219 5143 2484 5198 habemus
2510 5145 2577 5199 de
2621 5144 2707 5199 his
2740 5160 2861 5215 qum
2904 5161 2934 5200 a
2973 5156 3025 5201 te
3058 5146 3215 5202 fiunt.
3242 5148 3386 5204 ‘Nam
3436 5150 3486 5205 si

1879 5233 1992 5287 lucc
2018 5231 2155 5287 facis
2198 5244 2254 5289 ut
2284 5232 2446 5301 bona,
2482 5233 2773 5292 manifesta
2808 5237 3069 5308 teipsum.
3110 5240 3169 5297 Si
3206 5251 3391 5297 autem
3430 5252 3485 5297 te

1879 5328 2195 5393 occultatis,
2231 5330 2581 5385 manifestum
2612 5331 2756 5403 quod
2789 5332 2934 5387 mala
2978 5332 3191 5391 faciens
3238 5336 3486 5392 occulte-

1878 5421 1973 5476 ris.
2007 5421 2176 5493 Cujus
2222 5434 2404 5478 autem
2437 5426 2612 5495 gratia
2647 5426 2700 5478 in
2753 5425 2840 5481 his
2877 5426 3121 5497 quinque
3172 5430 3483 5497 mensibus,

1876 5530 1997 5570 cum
2029 5517 2159 5571 nihil
2184 5517 2328 5573 aliud
2361 5530 2639 5574 narrasset
2664 5520 3024 5589 evangelista,
3062 5537 3230 5592 quam
3266 5523 3484 5595 signum

1878 5609 1981 5664 hoc
2011 5609 2076 5665 de
2116 5610 2350 5681 panibus
2378 5620 2433 5667 et
2456 5626 2768 5668 sermonem
2807 5613 3025 5669 Domini
3072 5616 3142 5669 ad
3185 5616 3485 5671 comeden-

1877 5713 1982 5771 tcs,
2016 5719 2176 5773 quem
2216 5712 2405 5777 postea
2446 5706 2649 5777 ingrati
2683 5706 3010 5774 irridebant,
3043 5700 3110 5764 ad
3141 5708 3249 5765 alia
3280 5710 3488 5765 transi-

3092 5987 3165 6045 42
