3936 6416
145 478 163 542 Ι
179 480 285 545 325

821 474 1270 561 ENARRATIO
1306 475 1391 537 IN
1427 469 1935 535 EVANGELIUM
1976 466 2322 531 IOANNIS.
2362 490 2431 501 -
2458 465 2619 525 (Ἀρ.
2662 461 2797 525 VH.

3306 455 3441 521 13:5;
3464 432 3465 437 ‘

135 602 239 651 ουκ
270 597 417 651 εστιν
438 612 451 626 ·
485 596 614 665 ὑμῖν
650 592 705 647 δέ
737 610 823 661 γε,
860 593 939 645 ὡς
962 589 1272 663 συμφώνως
1294 593 1410 654 τοῖς
1455 588 1732 652 Ἰουδαίοις

1857 588 2040 642 'estum
2070 583 2245 655 agatis
2273 597 2397 638 cum
2421 580 2585 653 603
2617 578 2703 633 his
2729 577 2823 648 qui
2857 573 3011 659 vo‘his
3040 573 3250 629 similes
3291 583 3443 627 sunt.

134 692 672 763 ἐμπολιτευομένας,
706 689 802 742 xui
832 688 910 757 τῷ
943 688 1136 761 κόσμῳ
1160 687 1610 781 προσκειμένοις,
1633 685 1734 740 οῦκ

135 784 407 836 ἀνοίκειον
469 783 531 835 τὸ
578 778 962 851 συνεορτάζειν
994 783 1110 842 τοῖς
1142 781 1352 849 ὁμοίοις
1408 778 1561 850 ὑμῖν.
1623 778 1733 831 Καὶ

138 876 285 944 ὗμᾶς
322 874 419 944 μὲν
451 874 479 924 ό
514 875 719 942 κόσμος
748 872 809 924 ού
841 871 1068 926 δύναται
1101 874 1310 943 μισεῖν,
1346 872 1651 938 τουτέστιν,
1684 873 1733 925 0i

134 967 207 1020 τά
233 966 325 1019 τοῦ
366 968 573 1036 κόσμου
624 965 976 1036 φρονοῦντες,
1018 960 1108 1018 οἷα
1153 965 1240 1033 δὴ,
1296 965 1442 1018 καθὰ
1495 965 1734 1035 εῐρηται,

134 1060 389 1120 ἐοικότας
419 1058 634 1120 αὐτοῖς·
675 1056 774 1126 ἐμὲ
810 1056 868 1109 δὲ
902 1058 1077 1126 μισεῖ,
1104 1057 1187 1108 ὅτι
1216 1055 1428 1125 ἐλέγχω
1462 1055 1633 1108 αὑτοῦ
1667 1054 1737 1106 τὰ

134 1152 295 1220 ἔργα.
327 1150 499 1203 Τοῦτο
522 1151 630 1220 γὰρ
652 1148 746 1202 τοῦ
772 1149 966 1218 μίσους
990 1149 1205 1217 γίνεται
1232 1148 1429 1213 αἴτιον,
1458 1151 1487 1202 ό
1515 1146 1754 1217 ἐλεγχος·

134 1248 164 1295 ὁ
200 1244 781 1315 πεπαρρησιασμένος.
824 1244 1043 1312 Πέμπει
1086 1243 1272 1295 τοίνυν
1308 1244 1434 1305 τοὺς
1467 1242 1739 1309 ἀδελφοὺς

136 1337 220 1397 είς
272 1338 371 1403 τὴν
418 1335 633 1405 ἑορτὴν,
680 1326 967 1397 δεικνύων,
1012 1336 1096 1387 ὅτι
1148 1336 1250 1387 οὐκ
1293 1334 1602 1400 ἀναγκάζει
1634 1332 1738 1384 σὺν

137 1425 291 1494 αὐτῷ
330 1427 537 1495 μένειν,
568 1426 619 1478 εί
637 1443 700 1493 γε
739 1428 813 1496 μὴ
848 1426 1123 1495 βούλεται.
1157 1427 1361 1478 Σκόπει
1382 1428 1460 1490 δὲ,
1483 1427 1564 1478 ὅτι
1598 1425 1739 1494 πρὸς

135 1516 207 1570 τὰ
244 1516 339 1570 δύο
374 1517 700 1587 ἐγκλήματα
737 1518 771 1571 a
806 1518 1077 1587 ἐπέφερον
1107 1518 1259 1586 αὐτῷ
1290 1520 1511 1581 ἐκεῖνοι,
1535 1518 1739 1570 δειλίαν

135 1609 287 1677 λέγω
303 1610 396 1662 xui
414 1610 744 1677 φιλοδοξίαν,
771 1610 864 1662 δύο
890 1613 983 1662 καὶ
1006 1611 1107 1673 τὰς
1144 1610 1445 1678 ἀπολογίας
1470 1606 1705 1663 ποιεῖται
1722 1625 1736 1639 °

138 1703 279 1771 πρὸς
315 1703 412 1769 μὲν
439 1701 535 1773 τὴν
563 1702 788 1763 δειλίαν,
816 1704 873 1754 ὲν
912 1702 990 1771 τῷ
1018 1702 1223 1771 λέγειν,
1260 1704 1344 1756 ὃτι
1384 1703 1628 1773 Ἐλέγχω
1671 1702 1740 1756 τὰ

137 1795 279 1864 ἔργα
327 1792 420 1844 τοῦ
467 1794 698 1861 κόσμου,
737 1794 905 1863 ἤγουν
942 1796 1050 1846 τῶν
1084 1792 1293 1847 τά⁴τοῦ
1342 1795 1549 1863 κόσμου
1603 1809 1741 1863 φρο-

137 1887 377 1938 νούντων
401 1899 425 1920 ο
462 1885 561 1939 οῦκ
596 1888 661 1939 ἂν
694 1886 747 1937 δὲ
783 1887 1034 1956 ήλεγχον,
1070 1888 1123 1939 εἴ
1156 1904 1220 1954 γε
1250 1886 1423 1950 δειλὸς
1456 1887 1627 1957 ήμην,
1667 1884 1743 1946 ὡς

1840 691 1893 736 et
1911 695 2008 735 vos
2049 676 2266 748 quidem
2299 677 2537 730 mundus
2561 688 2667 727 non
2699 679 2881 741 potest
2924 669 3054 724 odio
3084 668 3309 732 habere,
3339 664 3444 718 hoc

1842 784 1927 829 est
1971 773 2024 826 hi
2067 772 2157 842 qui
2201 770 2475 824 mundana
2517 767 2760 834 sapiunt,
2805 760 2995 822 veluti,
3048 761 3189 813 sicut
3231 758 3442 811 dictum

1838 876 1945 929 est,
1972 866 2054 921 sui
2085 864 2296 919 simiirs
2333 880 2347 916 :
2381 875 2469 914 me
2496 870 2679 913 autem
2713 858 2840 912 odio
2875 856 3061 917 habet,
3090 852 3217 920 quia
3251 849 3444 903 redar-

1840 976 1948 1030 guo
1986 972 2150 1028 opera
2202 955 2341 1022 ejus.
2391 953 2640 1008 Liberior
2674 954 2821 1005 enim
2870 945 3229 1016 reprehensio
3256 943 3439 996 odium

1842 1054 2004 1118 parit.
2025 1050 2187 1105 Mittit
2216 1050 2381 1119 igitur
2413 1048 2613 1100 fratres
2639 1045 2705 1098 ad
2739 1042 3117 1104 festivitatem,
3143 1039 3445 1093 ostendens

1842 1144 1985 1214 quml
2027 1158 2130 1195 non
2165 1150 2319 1207 cogat
2358 1154 2483 1192 cum
2516 1153 2582 1191 eo
2621 1150 2864 1199 manere,
2899 1134 2941 1185 si
2979 1132 3198 1201 quidem
3245 1129 3444 1181 nolint~

1844 1235 2078 1290 Attende
2112 1242 2294 1287 autem
2321 1231 2594 1301 quomodo
2630 1229 2695 1281 ad
2727 1228 2833 1281 duo
2859 1225 3088 1278 crimina
3120 1237 3239 1290 qua!
3269 1220 3449 1273 inten-

1844 1328 2050 1383 debant
2100 1325 2198 1389 illi,
2245 1336 2447 1378 uictum
2502 1324 2648 1386 dico,
2680 1332 2732 1375 ct
2782 1334 2973 1371 vanam
3035 1315 3287 1386 gloriam,
3344 1314 3453 1364 duo

1845 1424 2009 1476 etiam
2053 1433 2315 1489 responsa
2373 1420 2505 1470 dat:
2560 1417 2625 1471 ad
2668 1425 2873 1469 metum
2925 1412 3141 1480 quidem
3195 1407 3450 1467 diennzlu,

1845 1515 2030 1582 Argno
2056 1528 2219 1578 opera
2260 1510 2472 1573 mundi,
2513 1510 2615 1563 hoc
2666 1515 2772 1570 est,
2806 1520 2999 1559 eorum
3048 1503 3138 1569 qui
3189 1499 3449 1552 mundum

1850 1608 2071 1675 Sapittnl
2102 1622 2113 1657 :
2144 1621 2253 1658 non
2300 1615 2481 1656 autem
2518 1602 2842 1670 arguissem,
2878 1600 2922 1651 si
2959 1596 3181 1667 quidem
3219 1595 3455 1647 meticu-

1848 1699 1999 1753 losus
2019 1708 2217 1759 essent,
2250 1706 2303 1747 ut
2336 1694 2539 1762 putatis
2566 1710 2579 1756 ;
2619 1693 2685 1746 ad
2719 1707 2914 1745 vanam
2971 1700 3149 1741 autem
3198 1684 3452 1755 gloriam,

1849 1806 1957 1845 non
2003 1789 2383 1860 compellenda
2412 1802 2508 1842 eos
2565 1797 2623 1839 ut
2673 1801 2858 1840 secum
2905 1790 3193 1836 maneant:
3230 1795 3354 1834 nam
3408 1777 3455 1832 si

1851 1885 2030 1937 inanis
2081 1884 2271 1951 gloriae
2320 1882 2537 1934 crimini
2587 1879 2780 1933 fuisset
2809 1879 3102 1937 obnoxius,
3137 1877 3453 1942 neutiquam

138 1975 393 2047 νομίζετε
420 1993 434 2008 ο
467 1977 601 2046 πρὸς
630 1977 683 2028 δὲ
714 1977 812 2047 τὴν
845 1978 1173 2045 φιλοδοξίαν,
1206 1980 1262 2030 ὲν
1286 1978 1364 2047 τῷ
1388 1979 1463 2046 μὴ
1494 1975 1740 2044 ἀναγκά-

1857 1975 1968 2028 illos
1986 1974 2310 2038 dimisisset;
2331 1972 2587 2041 quoniam
2605 1971 2788 2041 gloriae
2808 1970 2930 2038 eupi
2960 1967 3456 2039 €is(a),;deditrsquc

139 2070 255 2132 ζειν
282 2072 501 2133 αὐτοὺς,
534 2070 677 2123 ὥστε
702 2072 1043 2141 παραμένειν
1077 2072 1247 2142 αύτῷ.
1292 2072 1356 2125 Ei
1391 2072 1499 2143 γάρ
1532 2088 1615 2123 τοι
1649 2087 1741 2139 φι-

138 2161 380 2228 λοδοξίας
451 2161 760 2229 ἐγκλήματι
803 2165 986 2231 ἔνοχος
1018 2159 1108 2233 ἦν,
1145 2164 1248 2216 οὐκ
1280 2162 1348 2217 ἂν
1402 2162 1601 2225 αὐτοὺς
1632 2163 1745 2214 ἀπ-

140 2254 427 2321 επέμπετο
449 2269 461 2282 ⁸
496 2256 622 2305 ἐπεὶ
666 2257 778 2316 τοῖς
811 2254 1110 2321 φιλοδόξοις
1140 2256 1233 2307 καὶ
1277 2254 1643 2318 ἀλαζονικοὶς,
1677 2253 1739 2305 τὸ

142 2348 374 2411 πολλοὺς
405 2348 550 2419 ἔχειν
578 2349 907 2414 ἀκολούθους
934 2351 1138 2422 μᾶλλον
1171 2351 1559 2415 σπουδάζεται.
1591 2349 1773 2403 Ἐπεὶ,

138 2442 237 2496 οῦν
263 2442 355 2495 δύο
377 2442 553 2494 ταῦτα
587 2442 736 2511 αὐτῷ
760 2443 1206 2511 προσωνείδιζον,
1244 2443 1475 2506 είκότως
1504 2443 1642 2513 πρὸς
1675 2440 1746 2495 τὰ

139 2539 235 2591 δύο
270 2537 525 2607 ἀντέστη,
558 2535 819 2588 δεικνύων
856 2534 1069 2605 σαθρὰν
1098 2537 1199 2607 τὴν
1241 2536 1426 2588 αὐτῶν
1460 2536 1740 2589 ὑπόνοιαν.

142 2631 217 2682 Τὸ
238 2629 315 2693 δὲ,
346 2648 362 2680 ι
401 2628 461 2682 Ὀ
495 2628 684 2697 καιρζς
713 2629 742 2679 ό
776 2628 908 2697 ἐμὸς
942 2626 1097 2681 οὔπω
1124 2628 1508 2699 πεπλήρωται,
1540 2647 1557 2679 ι
1585 2626 1747 2681 τοῦτο

138 2721 314 2791 δηλοῖ,
367 2722 449 2773 ὅτι
474 2718 643 2773 Οῦπω
678 2718 772 2771 τοῦ
806 2719 1040 2773 Θανάτου
1089 2720 1182 2772 καὶ
1212 2720 1306 2773 τοῦ
1360 2719 1596 2790 σταυροῦ
1627 2738 1747 2773 και-

145 2814 260 2882 ρός.
292 2814 382 2864 Δεῖ
400 2813 507 2883 γάρ
532 2830 600 2881 με
626 2811 704 2865 ἔτι
731 2813 787 2864 ὲν
812 2812 977 2882 σαρκὶ
1004 2812 1104 2883 ζῇν
1138 2812 1276 2883 πρὸς
1306 2812 1366 2865 τὸ
1396 2815 1491 2865 xui
1523 2812 1745 2865 πλείονα

144 2907 352 2973 σημεῖα
386 2908 635 2973 ποιῆσαι,
666 2904 761 2955 xui
804 2903 1028 2965 πλείους
1061 2904 1411 2967 διδασκαλίας
1448 2903 1706 2957 ἐκθέσθαι
1730 2920 1744 2936 ⁸

143 2994 220 3057 ὡς
251 2994 317 3047 ἂν
351 2997 445 3047 καὶ
488 2995 708 3058 πλείους
743 2994 934 3064 ὄχλους
982 2994 1275 3048 πιστεῦσαι
1312 2997 1744 3064 παρασκευάσω,

144 3087 241 3139 xui
274 3087 399 3150 τοὺς
430 3087 680 3157 μαθητάς
721 3088 1117 3157 στερῤοτὲρους
1163 3090 1400 3158 ποιήσω,
1432 3088 1523 3141 διά
1561 3105 1621 3140 τε
1653 3090 1752 3159 τῆς

1850 2067 2200 2119 ostentationi
2231 2066 2465 2119 Iuaxima
2504 2079 2634 2117 cura
2673 2072 2772 2124 est,
2802 2064 3004 2114 multos
3037 2061 3241 2113 habere
3275 2066 3454 2113 secta-

1852 2170 2017 2216 t0res.
2046 2158 2245 2228 Itaquer
2271 2159 2399 2227 quia
2439 2158 2546 2213 duo
2578 2157 2696 2212 haec
2723 2154 3214 2225 cpprobraverant,
3251 2150 3452 2205 merito

1846 2264 2039 2309 contra
2074 2254 2183 2308 duo
2214 2253 2302 2307 illa
2338 2254 2563 2316 reStitit,
2605 2256 2904 2306 ostendens
2947 2251 3201 2303 vitiosam
3236 2247 3452 2298 illorum

1847 2347 2237 2415 suspicionem.
2278 2364 2297 2398 ι
2334 2346 2573 2415 Tempus
2600 2344 2745 2399 enim
2778 2359 2959 2398 meum
2991 2342 3229 2400 nondum
3260 2338 3455 2405 imple-

1851 2447 1965 2492 tum
1998 2448 2104 2504 est,
2135 2458 2154 2491 ι
2186 2438 2459 2505 significat
2492 2440 2637 2508 quod
2658 2436 2908 2491 Nondum
2946 2447 3026 2490 est
3064 2444 3274 2503 tanpus
3309 2448 3459 2486 mor-

1853 2533 1922 2588 tis
1948 2544 2004 2587 et
2030 2534 2231 2587 crucis.
2254 2535 2475 2601 Oportet
2499 2531 2646 2587 enim
2670 2545 2754 2585 me
2778 2528 2958 2583 adhuc
2980 2531 3031 2581 in
3060 2542 3228 2581 carne
3247 2528 3455 2589 τίνοι-ρ,

1852 2634 1909 2678 ιιι
1934 2626 2089 2694 plura
2110 2626 2263 2694 signa
2294 2624 2519 2688 faciam,
2554 2634 2608 2677 et
2638 2623 2823 2693 plures
2854 2622 3136 2676 doctrinas
3159 2635 3456 2687 exponam,

1851 2728 2018 2789 atque
2054 2720 2127 2772 ita
2153 2729 2209 2771 ut
2233 2717 2414 2787 plures
2441 2722 2633 2771 turbas
2660 2718 2711 2770 in
2746 2718 2850 2771 fide
2884 2716 3180 2779 instruant,
3208 2722 3262 2767 et
3291 2712 3462 2767 disci-

1855 2812 2011 2880 pulos
2055 2826 2204 2866 meos
2235 2809 2539 2865 roufortem
2579 2821 2687 2863 tam
2738 2824 2838 2880 per
2880 2809 3034 2879 plura
3072 2808 3250 2876 signa,
3292 2820 3458 2877 quam

1855 2920 1951 2972 per
1983 2904 2279 2959 doctrinas.
2327 2902 2576 2957 Nondum
2615 2904 2800 2974 igitur,
2834 2904 3033 2972 inquit,
3058 2912 3218 2971 urget
3245 2911 3462 2968 tempus

1858 2998 2071 3063 mortis,
2113 3008 2174 3051 ut
2217 2998 2471 3067 obiit-inm
2524 3012 2611 3050 me
2666 2997 2748 3051 his
2797 2998 2887 3063 qui
2935 3004 3125 3049 contra
3168 3008 3255 3046 me
3309 2992 3464 3047 insa-

1866 3078 2023 3144 niunt
2060 3106 2073 3143 :
2110 3102 2398 3161 propterea
2432 3104 2610 3157 neque
2642 3090 2711 3142 ad
2753 3086 2951 3141 festum
2985 3086 3239 3141 ascendo.

144 3184 259 3239 τῶν
303 3184 565 3236 πλειόνων
613 3184 857 3253 σημείων
892 3182 1207 3248 ἐπιδείξεως
1253 3186 1348 3238 καὶ
1390 3185 1488 3254 τῆς
1532 3185 1871 3248 διδασαλίας.
1907 3185 2078 3241 Οῦπω
2138 3186 2255 3254 οὖν,
2290 3188 2478 3257 φησιν,
2508 3186 2707 3255 ἐνέστη
2755 3186 2784 3237 ό
2837 3184 3028 3255 καιρὸς
3066 3183 3161 3237 τοῦ
3201 3182 3467 3254 θανάτου,

146 3278 238 3331 ἵνα
270 3276 543 3349 ὲπιρῤίψω
570 3278 804 3346 ἐμαυτὸν
836 3281 950 3341 τοῖς
996 3278 1114 3330 κατ’
1158 3276 1294 3347 ἐμοῦ
1325 3277 1562 3329 λυττῶσι
1584 3294 1598 3307 ·
1624 3277 1706 3330 διὸ
1734 3278 1858 3331 οὐδὲ
1890 3280 2171 3332 ἀναϐαίνω
2206 3282 2287 3342 εἰς
2315 3280 2415 3350 τὴν
2450 3282 2664 3352 ἑορτήν.

228 3392 247 3425 ι
285 3374 472 3427 Ταῦτα
502 3373 559 3427 δὲ
593 3373 761 3425 είπὼν
793 3374 999 3435 αὐτοῖς,
1032 3372 1249 3441 ἔμεινεν
1280 3373 1339 3425 ἐν
1359 3376 1424 3443 τῇ
1460 3372 1742 3446 Γαλιλαίᾳ.

1923 3373 2290 3439 Vsus.9,10.
2336 3395 2354 3427 ι
2395 3375 2537 3447 _ll.ec
2593 3387 2777 3431 autem
2848 3392 2971 3433 cum
3030 3379 3261 3434 dixisset
3325 3380 3462 3443 illis,

150 3466 265 3520 Καὶ
293 3468 383 3519 ὅτε
413 3466 690 3535 ἀνέδησαν
721 3467 769 3517 οἱ
800 3463 1023 3533 ιίιδελιρολ⁵
1058 3464 1247 3530 αὑτοῦ,
1280 3466 1401 3517 τότε
1433 3468 1528 3519 καὶ
1582 3467 1749 3530 αὐτὸς

150 3557 319 3627 ἀνέϐη
342 3559 423 3621 είς
449 3557 544 3625 τὴν
578 3558 793 3628 ἑορτὴν.
832 3557 893 3609 οὐ
934 3557 1207 3627 φανερῶς,
1235 3556 1353 3609 ἀλλ’
1404 3556 1481 3619 ὡς
1515 3559 1574 3608 ἰν
1606 3573 1745 3627 κρυ-

149 3648 292 3719 πτῷ.
328 3667 346 3700 ι
380 3648 539 3712 Τίνος
561 3648 773 3716 ἕνεκεν,
805 3645 978 3700 εἰπὼν
1005 3651 1118 3712 τοῖς
1150 3647 1421 3716 ἀδελφοῖς,
1462 3646 1545 3701 ὅτι
1579 3665 1598 3698 ι
1633 3648 1750 3702 Οῦκ

149 3741 430 3795 ἀναϐαίνω
468 3742 550 3804 είς
600 3742 701 3810 τὴν
727 3741 947 3811 ἑορτὴν,
990 3758 1007 3790 ι
1064 3738 1229 3793 πάλιν
1276 3739 1751 3803 ἀναϐαίνειςυύκ

151 3831 277 3887 εἷπε
305 3832 582 3897 καθάπαξ,
612 3833 693 3885 ὅτι
724 3832 839 3885 Οὐκ
888 3830 1189 3895 ἀναϐαίνω,
1248 3831 1407 3894 ἀλλὰ,
1446 3831 1585 3897 Νῦν,
1634 3848 1752 3885 του-

148 3925 327 3991 τέστι,
352 3926 487 3979 Μεθ’
517 3925 691 3996 ὑμῶν.
741 3925 833 3979 Ἐν
863 3926 1007 3996 ἀρχῇ
1043 3924 1142 3995 μὲν
1164 3926 1468 3996 παρῃτεῖτο
1494 3926 1593 3997 τὴν
1618 3928 1752 3980 ἀνά-

150 4020 361 4087 ϐασιν,
416 4017 514 4072 an
559 4018 794 4082 ζεόντων
852 4016 1014 4087 θυμῷ
1062 4017 1172 4071 τῶν
1244 4018 1539 4073 Ἰουδαίων.
1596 4020 1753 4074 Μετά

151 4110 329 4166 ταῦτα
410 4112 594 4182 μέντοι
656 4109 964 4180 μελλούσης
1038 4110 1138 4179 τῆς
1216 4113 1413 4183 ἑορτῆς
1473 4110 1750 4176 λύεσθαι,

154 4207 388 4268 ἄνεισιν,
412 4206 501 4257 ὅτε
531 4203 628 4257 xui
655 4204 751 4274 τὴν
779 4204 980 4273 μανίαν
1003 4204 1185 4256 αὐτῶν
1202 4206 1348 4268 εἰκὸς
1378 4201 1448 4276 ἦν
1472 4205 1748 4275 λωφῆσαι.

159 4298 275 4349 Καὶ
306 4297 483 4360 ἄλλως
534 4297 626 4348 δέ·
670 4298 785 4350 Οὐκ
838 4296 1062 4350 ἐναντία
1101 4300 1408 4369 πεποίηκεν
1446 4292 1521 4354 ὧν
1574 4295 1751 4354 εἶπεν.

156 4389 236 4442 Οὐ
264 4389 374 4460 γάρ
408 4387 578 4455 ἀνέϐη
612 4388 911 4459 ἑορτάσων,
944 4388 1083 4441 ἀλλά
1116 4388 1373 4453 διδάξων·
1396 4390 1491 4443 xui
1518 4392 1579 4444 οὐ
1612 4391 1753 4461 μετὰ

159 4480 481 4551 ἱλαρότητος
593 4479 834 4549 χρῶνται
863 4482 912 4533 οί
964 4480 1455 4551 πανηγυρίζοντες,
1489 4483 1626 4536 ἁλλά
1656 4484 1755 4537 λά-

158 4574 289 4641 θρα.
320 4572 644 4643 Κρύπτεται
675 4572 730 4625 δὲ
753 4572 840 4623 διὰ
868 4573 927 4624 τὸ
960 4569 1261 4642 βεϐαιῶσαι
1289 4575 1352 4627 τὸ
1383 4576 1749 4646 ἀνθρώπινον.

158 4666 224 4719 Εἰ
257 4666 365 4736 γὰρ
391 4665 741 4734 ἐνεφανίσθη,
763 4664 1065 4735 ἐλύττησαν
1100 4667 1165 4719 ἂν
1192 4666 1314 4719 κατ’
1341 4668 1531 4733 αὑτοῦ,
1567 4670 1756 4740 βουλό-

161 4774 318 4835 μενοι
361 4758 525 4809 αὐτὸν
583 4759 922 4809 ἀποκτεῖναι.
961 4758 1074 4811 Οὐκ
1123 4758 1188 4813 ἂν
1238 4759 1294 4812 δὲ
1356 4761 1756 4833 παρεχώρησεν

156 4848 347 4911 αὐτοῖς
379 4848 540 4901 τοῦτο
576 4848 822 4918 ποιῆσαι,
855 4846 944 4902 οἷα
973 4850 1142 4920 μήπω
1173 4850 1266 4903 τοῦ
1304 4852 1502 4923 καιροῦ
1531 4855 1754 4909 ἐνστάν-

156 4958 253 5004 τος
280 4940 373 4994 τοῦ
404 4942 611 5004 πάθους
634 4956 645 4969 ⁸
686 4940 820 4993 άλλὰ
850 4942 1014 5010 μέσον
1053 4942 1235 4997 αὐτῶν
1267 4943 1364 5009 ὢν,
1398 4945 1665 5015 ἐξέφυγεν
1688 4949 1753 5000 ἂν

158 5033 226 5088 τὸ
258 5033 449 5097 πάθος,
485 5034 579 5086 καὶ
616 5032 795 5099 ἔδοξεν
819 5032 884 5085 ἂν
918 5035 1196 5106 φαντασίᾳ
1229 5039 1587 5108 σαρκωθῆναι
1618 5056 1631 5069 ·
1668 5040 1759 5093 διὰ

156 5124 320 5179 τοῦτο
344 5125 536 5194 φεύγει
560 5127 656 5178 xui
687 5126 963 5196 ἀναχωρεῖ
1002 5128 1077 5190 ὡς
1113 5126 1425 5198 ἄνθρωπος,
1455 5132 1759 5203 οἰκονομῶν

156 5221 234 5275 τὰ
268 5224 464 5276 οἰκεῖα.

240 5424 259 5457 ι
298 5406 362 5460 Oi
391 5405 485 5459 οὖν
519 5402 763 5467 Ἰουδαῖοι
791 5405 1024 5475 ἐζήτουν
1062 5406 1226 5459 αὐτὸν
1266 5409 1323 5460 ἐν
1353 5411 1418 5478 τῇ
1446 5410 1631 5481 ἑορτῇ,
1664 5412 1761 5464 xui

161 5500 389 5567 ἕλεγοψ
425 5498 535 5553 Ποῦ
562 5500 733 5552 ἔστιν
776 5500 1017 5566 ἑκεῐνος;
1069 5502 1178 5553 Καὶ
1220 5504 1549 5572 γογγυσμὸς
1591 5505 1759 5569 πολὺς

162 5592 298 5663 περὶ
351 5592 518 5645 αὐτοῦ
568 5586 637 5663 ἦν
678 5594 735 5645 ἐν
770 5593 885 5653 τοῖς
924 5592 1126 5661 ὄχλοις.
1173 5595 1235 5647 Οἱ
1270 5595 1369 5663 μὲν
1432 5596 1640 5665 ἔλεγον.
1677 5599 1759 5651 ὅτι

160 5684 398 5754 Ἀγαθός
415 5687 565 5738 ἐστιν
588 5702 601 5715 ·
634 5686 783 5739 ἀλλοι
811 5687 865 5739 δὲ
894 5686 1101 5755 ἔλεγον,
1127 5688 1263 5753 Οῦκ,
1289 5690 1427 5741 ἀλλὰ
1464 5690 1643 5760 πλανᾷ
1668 5692 1760 5742 τὸν

161 5778 345 5848 ὃχλοεθ.
386 5778 577 5842 Οὐδεὶς
608 5779 793 5848 μέντοι
852 5779 1139 5850 παρρησία
1188 5781 1367 5832 ἐλάλει
1409 5785 1538 5847 περὶ
1594 5784 1757 5835 αὑτοῦ

240 5956 320 6026 (η)
362 5954 503 6011 Edit.
560 5954 682 6012 [ιιι.
727 5960 851 6024 quia
888 5960 1255 6030 arrogantibus
1308 5978 1515 6025 magum
1566 5984 1768 6026 noun?
1796 5986 1853 6022 cr-

1785 4747 1839 4807 D

1855 3468 2059 3523 iiiansit
2111 3468 2165 3523 in
2213 3466 2457 3524 Galilma.
2489 3468 2557 3524 Ut
2602 3481 2785 3523 autem
2849 3473 3217 3527 ascenderunt
3264 3470 3471 3530 fratres

1852 3558 1993 3628 ejus,
2020 3571 2147 3615 tunc
2162 3570 2215 3614 et
2235 3562 2348 3631 ipse
2372 3562 2619 3615 ascendit
2658 3564 2723 3615 ad
2749 3561 2974 3629 festum,
3011 3578 3117 3617 non
3146 3564 3465 3629 manifeste,

1851 3655 1947 3709 sed
1978 3656 2122 3708 velut
2145 3656 2200 3709 in
2228 3656 2463 3712 occulto.
2498 3674 2517 3707 ι
2552 3656 2735 3721 Quare
2758 3658 2945 3713 dicens
2975 3657 3267 3716 fratribus:
3297 3678 3319 3714 ι
3347 3636 3489 3718 Non

1854 3749 2091 3805 ascendo
2152 3751 2220 3806 ad
2278 3751 2438 3813 diem,
2473 3750 2697 3818 fesmm,
2742 3770 2764 3804 ι
2819 3753 3103 3809 ascendit?
3151 3755 3270 3812 Non
3326 3756 3471 3812 dixit

1854 3841 2366 3910 simpliciter,‘:Non
2424 3844 2661 3899 ascendo
2716 3860 2733 3899 :
2791 3847 2909 3915 sed,
2954 3847 3132 3914 Nunc,
3183 3848 3291 3906 hoc
3349 3860 3459 3918 est,

1860 3930 2171 3986 Vobiscum.
2209 3931 2344 3989 Nam
2404 3933 2672 4005 principio
2732 3936 2951 4006 quidem
3005 3940 3311 3997 ascendere
3368 3942 3468 3997 (le-

1864 4027 2152 4088 trectabat,
2208 4034 2395 4097 utpote
2458 4025 2801 4084 ferventibus
2850 4026 3039 4085 furore
3076 4030 3300 4088 Judaeis.
3342 4033 3473 4091 Post

1860 4118 1975 4172 hsce
2004 4126 2186 4171 autem
2214 4133 2337 4172 cum
2383 4117 2584 4175 festum
2619 4108 2939 4178 solvendum
2976 4137 3147 4191 esset,
3188 4124 3464 4196 ascendit,

1859 4210 2081 4278 quando
2110 4220 2165 4264 et
2204 4212 2475 4266 insaniam
2514 4214 2729 4270 illorum
2774 4217 3074 4277 verisimile
3113 4232 3230 4279 erat
3256 4226 3474 4298 mitiga-

1862 4311 1971 4355 tam
2023 4317 2163 4357 esse.
2197 4302 2261 4356 Et
2320 4305 2479 4361 aliter
2520 4323 2781 4379 quoque:
2824 4311 2971 4368 :Non
3020 4315 3145 4371 fecit
3188 4320 3471 4375 contraria

1863 4393 1949 4448 his
2009 4410 2130 4463 quae
2184 4396 2343 4453 dixit.
2379 4397 2496 4451 Non
2546 4402 2703 4456 enim
2764 4406 3012 4475 ascendit
3061 4409 3206 4464 diem
3266 4409 3470 4467 festum

1866 4499 2112 4555 arturus,
2150 4493 2245 4545 sed
2293 4493 2602 4549 docturus:
2645 4505 2701 4550 et
2732 4513 2841 4553 non
2883 4515 3008 4554 cum
3043 4502 3318 4559 hilaritate
3366 4523 3473 4576 qua

1863 4583 2039 4638 solent
2068 4585 2397 4640 celebraturi
2431 4587 2625 4656 ferias,
2654 4593 2750 4647 sed
2772 4593 2935 4649 clam.
2961 4595 3240 4653 Delitescit
3260 4612 3471 4667 autem,

1864 4677 2239 4733 utconfirmet
2285 4695 2343 4733 se
2402 4681 2701 4739 hominem.
2753 4685 2888 4741 Nam
2943 4690 2987 4743 si
3049 4696 3472 4763 comparuisset,

1870 4773 2253 4827 iusauivisscnt
2284 4776 2472 4845 utique
2499 4788 2692 4833 contra
2721 4795 2867 4845 eum,
2903 4784 3157 4841 occidere
3188 4786 3337 4842 illum
3378 4804 3474 4851 cu:

1865 4866 2075 4932 pientes
2116 4886 2129 4919 :
2187 4876 2241 4939 et
2271 4868 2335 4935 ξεί
2372 4884 2482 4923 non
2517 4873 2854 4939 permisisset
2902 4879 2983 4932 eis
3024 4879 3127 4934 hoc
3157 4879 3359 4947 facere,
3404 4897 3473 4938 eo

1865 4956 2007 5024 quod
2036 4958 2270 5010 nomium
2306 4958 2540 5015 instaret
2570 4970 2788 5035 tempus
2824 4968 3124 5036 passionis,
3156 4974 3256 5027 sed
3292 4989 3323 5027 e
3350 4989 3469 5029 me-

1867 5050 1957 5102 dio
2012 5064 2200 5103 eorum
2248 5050 2530 5122 effugisset
2602 5060 2938 5129 passionem,
2983 5062 3158 5118 videri
3202 5066 3476 5135 potuisset

1870 5142 2014 5209 quod
2056 5157 2163 5195 non
2199 5158 2350 5209 vere,
2382 5150 2474 5203 scd
2528 5160 2864 5220 apparenter
2903 5162 3115 5208 tantum
3154 5156 3347 5212 fuisset
3385 5158 3476 5212 in-

1869 5246 2128 5289 carnatus
2174 5256 2185 5288 :
2222 5250 2277 5291 et
2322 5252 2605 5308 propterea
2657 5242 2793 5315 fugit
2828 5256 2883 5299 et
2928 5249 3134 5303 secedit
3173 5259 3233 5303 ut
3284 5250 3470 5319 homo,

1868 5329 2013 5396 quod
2047 5328 2285 5383 hominis
2318 5344 2435 5386 erat
2452 5333 2677 5389 faciens.

1944 5418 2109 5474 Vens.
2164 5424 2357 5479 11-15.
2402 5447 2419 5477 ι
2460 5424 2633 5483 Judmi
2669 5446 2802 5502 ergo
2867 5420 3185 5503 qumrehant
3234 5456 3358 5496 eum
3418 5442 3473 5498 in

1872 5512 1960 5565 die
2005 5512 2168 5576 festo,
2197 5526 2249 5569 et
2299 5517 2608 5576 dicebant:
2654 5522 2759 5579 Ubi
2812 5539 2895 5579 est
2956 5528 3077 5583 ille?
3118 5531 3182 5585 Et
3227 5548 3477 5587 murmur

1874 5606 2100 5659 multum
2130 5619 2249 5663 erat
2280 5612 2333 5664 in
2354 5612 2526 5668 turbis
2548 5618 2614 5669 de
2630 5631 2717 5671 eo.
2748 5617 2976 5685 Quidam
3006 5623 3151 5675 enim
3173 5625 3426 5679 dicebant
3454 5646 3471 5683 :
3502 5616 3505 5621 ’

1874 5697 2053 5752 Bonus
2113 5702 2279 5776 ϐοῇ,
2334 5716 2440 5759 est.
2470 5706 2572 5762 Alii
2632 5722 2811 5765 autem
2846 5714 3099 5767 dicebant
3136 5734 3151 5771 :
3188 5716 3327 5781 Non,
3372 5722 3467 5773 sed

1872 5793 2084 5845 seducit
2122 5801 2357 5851 turbam.
2395 5798 2563 5852 Nemo
2592 5814 2774 5858 tamen
2809 5807 2987 5876 paiam
3043 5810 3368 5879 Inqueiinzur
3407 5815 3472 5864 de

1861 5971 1939 6022 τιέὶ
1974 5991 2031 6026 ,ττι
2044 5986 2109 6028 ηέ,
