3936 6402
179 407 312 472 ῘΏΩ

173 533 266 581 καὶ
307 525 447 596 πρὸς
498 523 754 595 διαϐολὴν
815 526 910 578 τοῦ
964 526 1207 594 γείτονος

171 619 448 688 χρώμενος
482 629 495 644 ⁶
530 616 755 680 Πάντως
784 618 911 686 γὰρ,
946 620 1133 689 φησιν,
1159 617 1362 686 ἔκλεψε
1391 617 1492 686 τὴν
1529 615 1760 686 ὲσθῆτα.

172 708 352 771 Οὕτως
386 704 480 762 οὖν
511 709 605 763 καὶ
631 711 680 763 οἱ
710 711 954 764 Ἰουδαῖοι
986 729 999 741 ο
1035 730 1053 762 ι
1088 710 1212 774 Πῶς
1245 703 1401 772 οὗτος
1431 704 1541 762 οίδε
1578 709 1762 781 γράμο

174 817 358 870 ματα;
409 820 427 853 ι
460 802 689 865 Πάντως
728 803 785 855 ἐν
815 803 891 873 τῷ
949 802 1304 868 Βεελζεόούλ.
1339 801 1537 854 Καίτοι
1591 801 1763 872 ὲχρῆν

168 892 363 956 αὐτοὺς
390 892 499 945 ἀπὸ
531 892 723 946 τούτου
770 895 973 964 μᾶλλον
1008 897 1284 963 ἐννοῆσαι,
1325 895 1408 948 ὅτι
1459 894 1616 947 ούδὲν
1669 893 1763 948 ἀν-

172 986 448 1057 θρώπινον
495 981 563 1057 ἦν
597 989 768 1059 αὐτῷ.
795 988 939 1043 Ἀλλ’
1000 988 1193 1058 ἐπειδὴ
1236 987 1394 1040 τοῦτο
1456 986 1614 1040 αὐτοὶ
1659 988 1761 1040 οὐκ

168 1079 361 1149 ἤθελον
388 1078 748 1150 ὁμολογῆσαι,
783 1081 947 1145 αὐτὸς
988 1082 1351 1152 ἀποκρίνεται
1381 1081 1586 1146 αὐτοῖς,
1622 1082 1758 1135 ἀνα-

167 1173 462 1243 διδάσκων,
496 1175 580 1229 ὅτι
605 1175 712 1229 ἀπὸ
735 1175 829 1228 τοῦ
856 1175 1082 1245 ’Πατρὸς
1115 1176 1210 1228 καὶ
1249 1174 1385 1228 Θεοῦ
1413 1177 1563 1230 ἐστιν
1595 1177 1629 1245 ἡ
1669 1175 1751 1229 δι-

165 1265 454 1323 δασκαλία.
507 1269 674 1322 Οὐδὲν
734 1268 843 1340 γὰρ
886 1269 1021 1336 ἐμόν
1075 1270 1212 1332 ἐστι,
1267 1271 1424 1339 φησι,
1472 1270 1627 1325 οὐδὲν
1661 1270 1756 1326 ἀπ’

167 1359 406 1428 ἐμαυτοῦ
443 1360 519 1424 ὡς
558 1360 805 1424 ἀντίθεος
835 1361 1172 1431 φθέγγομαι,
1201 1362 1316 1414 ἀλλ’
1353 1365 1498 1434 ἆπερ
1554 1365 1620 1419 ἂν
1669 1368 1753 1437 είη

162 1447 257 1500 τοῦ
289 1449 526 1520 Πατρδς,
563 1450 737 1503 ταῦτα
767 1453 862 1504 καὶ
885 1452 997 1510 ἐμά
1031 1455 1147 1505 ἐστι
1172 1456 1418 1524 ῥήματα.

237 1645 256 1677 ι
294 1627 420 1682 Ἐάν
449 1644 533 1691 τις
567 1629 695 1703 θέλῃ
717 1631 778 1684 τὸ
802 1631 1014 1701 θέλημα
1045 1633 1212 1686 αὐτοῦ
1241 1639 1437 1701 ποιεῖν,
1482 1638 1753 1704 γνώσεται

163 1720 289 1791 περὶ
315 1725 412 1792 τῆς
434 1724 677 1794 διδαχῆς,
703 1728 934 1796 πότερον
959 1729 1021 1781 ἐκ
1054 1730 1149 1782 τοῦ
1179 1730 1316 1783 Θεοῦ
1358 1734 1530 1796 ἐστιν,
1560 1735 1592 1805 ἢ
1639 1735 1752 1802 ἐγὼ

161 1814 255 1866 ἀπ’
279 1814 522 1883 ἐμαυτοῦ
573 1817 740 1872 λαλῶ.
794 1820 854 1872 Ὀ
883 1822 978 1887 ἀφ’
1010 1821 1205 1875 ἑαυτοῦ
1237 1823 1440 1890 λαλῶν,
1463 1826 1563 1896 τὴν
1590 1827 1751 1892 δόξαν

161 1905 258 1978 τὴν
295 1905 431 1958 ίδίαν
463 1907 651 1977 ζητεῖ,
692 1911 747 1963 Ὀ
775 1910 830 1963 δὲ
867 1911 1047 1982 ζητῶν
1070 1913 1170 1983 τὴν
1193 1915 1354 1982 δόξαν
1381 1916 1476 1970 τοῦ
1503 1918 1755 1987 πέμψαν·
1787 1897 1829 1952 Β

158 2016 247 2061 τος
273 1999 460 2068 αὑτὸν,
491 1997 646 2065 οὗτος
672 1988 890 2074 ἀληθής
929 2007 1069 2067 ἐστι,
1108 2009 1205 2062 καὶ
1241 2010 1428 2064 ἀδικία
1468 2012 1570 2065 οὐκ
1605 2011 1756 2069 ἐστιν

164 2092 222 2144 ἑν
252 2092 424 2162 αὐτῷ.
465 2113 483 2145 ι
544 2095 749 2161 Εἰπὼν,
806 2099 885 2150 ὅτι
936 2119 953 2150 ι
1006 2100 1069 2152 Ἢ
1104 2101 1211 2172 ἐμὴ
1241 2103 1427 2173 διδαχὴ
1458 2105 1558 2157 οὐκ
1605 2104 1753 2160 ἔστιν

161 2184 288 2255 ἐμὴ,
337 2204 355 2237 ι
389 2188 690 2252 τουτέστιν,
717 2190 936 2244 ἐναντία
967 2193 1110 2262 Θεῷ,
1151 2213 1168 2246 ι
1209 2195 1346 2248 ἀλλά
1372 2196 1468 2250 τοῦ
1531 2198 1752 2268 Πατρός

161 2274 261 2343 μοῦ
293 2279 464 2351 ἐστιν,
503 2299 522 2332 ι
557 2281 740 2350 φησιν,
770 2283 850 2334 ὅτι
882 2284 1012 2337 Ἐάν
1051 2304 1136 2348 τις
1170 2287 1230 2339 τὸ
1252 2287 1465 2359 θέλημα
1493 2289 1590 2344 τοῦ
1615 2291 1750 2345 Θεοῦ

160 2370 310 2437 ποιῇ,
335 2371 635 2437 τουτέστιν,
659 2373 789 2425 Ἐάν
820 2392 902 2438 τις
927 2377 1130 2446 ἀρετῆς
1165 2379 1534 2449 ἀντιποιῆται,
1571 2381 1667 2435 καὶ
1687 2381 1748 2435 οὐ

158 2456 334 2525 φθόνῳ
383 2459 630 2532 δουλεύῃ,
664 2463 785 2516 οὐδὲ
847 2465 926 2534 τῷ
969 2468 1106 2534 πρός
1170 2487 1238 2537 με
1298 2471 1515 2541 ματαίῳ
1570 2472 1750 2542 φθόνῳ

156 2549 536 2622 ἐπισκοτῆται,
578 2554 851 2620 γνώσεται
891 2558 1000 2609 τῶν
1051 2561 1201 2629 ἐμῶν
1229 2564 1409 2630 λόγων
1437 2567 1535 2634 τὴν
1587 2565 1751 2619 δύνα-

166 2656 278 2704 μιν,
303 2640 396 2697 ἐάν
446 2659 504 2693 τε
534 2644 600 2696 τὰ
631 2645 726 2696 τοῦ
762 2648 973 2716 [ἰατρὸς
1017 2649 1185 2713 λαλῶ,
1223 2653 1318 2704 ἐάν
1359 2672 1418 2706 τε
1452 2655 1585 2720 ξένα
1627 2657 1750 2712 τινὰ

155 2729 246 2782 καὶ
281 2732 733 2803 παρηλλαγμένα.
767 2739 994 2808 Θέλημα
1025 2741 1080 2794 δὲ
1122 2744 1216 2795 τοῦ
1265 2745 1401 2798 Θεοῦ
1455 2751 1616 2812 ποιεῖ,
1654 2752 1749 2804 καὶ

154 2823 181 2871 ὁ
209 2820 308 2881 τὰς
337 2822 561 2892 Γραφὰς
609 2829 703 2879 καὶ
737 2831 862 2891 τοὺς
897 2836 1188 2903 προφήτας
1217 2838 1476 2903 ἐρευνῶν.
1519 2840 1580 2893 '0
1615 2841 1748 2909 γοῦν

148 2912 394 2977 τοιοῦτος
425 2915 651 2970 δύναται
679 2922 886 2986 γνῶναι
921 2927 1053 2994 περὶ
1079 2926 1176 2995 τῆς
1213 2929 1306 2981 τοῦ
1345 2932 1552 3001 Κυρίου
1599 2934 1746 2990 διδα-

152 3003 272 3072 χῆς.
308 3006 390 3058 ὅτι
419 3008 525 3060 ἀπὸ
549 3008 682 3062 Θεοῦ
722 3014 892 3068 ἐστιν.
925 3016 984 3068 ΟΞ
1041 3022 1325 3090 προφῆται
1368 3024 1478 3093 γὰρ
1508 3027 1609 3079 οὐκ
1641 3029 1742 3081 ἀν-

149 3094 325 3150 τίθεον
347 3098 629 3168 εἰσάγουσι
660 3104 748 3156 τὸν
767 3106 973 3175 Κύριον
997 3110 1092 3162 καὶ
1121 3113 1213 3179 ἀφ’
1237 3115 1433 3168 ἑαυτοῦ
1454 3117 1743 3186 λαλοῦντα,

149 3181 284 3236 ἀλλά
316 3185 492 3239 πάντα
543 3189 611 3242 τὰ
637 3191 715 3260 τῷ
761 3194 880 3263 Θεῷ
915 3195 1206 3265 δοκοῦντα,
1238 3203 1333 3255 καὶ
1357 3204 1588 3272 λέγοντα
1646 3181 1741 3261 καί

146 3274 483 3342 πράττοντα.
505 3275 637 3333 Εἶτα
670 3284 760 3336 καὶ
795 3286 984 3357 ἕτερον
1031 3289 1293 3361 λογισμὸν
1339 3297 1620 3366 ἐπιφέρει,
1653 3299 1738 3353 λέ-

149 3381 261 3430 γων
286 3384 302 3399 ο
358 3368 418 3421 '0
462 3372 556 3440 ἀφ’
580 3375 776 3429 ἑαυτοῦ
798 3378 996 3442 λαλῶν,
1018 3385 1320 3449 τουτέστιν,
1356 3388 1384 3439 δ
1413 3389 1744 3462 βουλόμενος

153 3456 292 3510 ίδίαν
346 3464 546 3531 στῆσαι
602 3467 979 3536 διδασκαλίαν,
1030 3475 1095 3527 δι’
1149 3477 1304 3531 οὐδὲν
1347 3479 1537 3550 ἕτερον
1585 3485 1744 3538 τοῦτο

145 3554 308 3617 ποιεῖ,
343 3553 562 3624 ἥχὰριν
614 3560 707 3612 τοῦ
750 3563 910 3628 δόξαν
953 3568 1075 3619 τινὰ
1111 3571 1174 3621 ἐκ
1211 3570 1404 3625 τούτου
1435 3576 1741 3644 καρπώσα-

143 3641 293 3735 σθαι.
354 3645 416 3698 El
451 3648 508 3701 δὲ
537 3649 668 3718 ἐγὼ,
707 3655 891 3722 φησιν,
925 3658 986 3707 ού
1037 3658 1298 3732 βούλομαι
1337 3641 1742 3735 καρπῶσασοαι

141 3731 301 3798 δόξαν
327 3736 484 3803 ἰδίαν,
511 3741 648 3794 ἀλλὰ
675 3744 774 3813 τὴν
801 3747 960 3810 δόξαν
987 3751 1078 3803 τοῦ
1108 3731 1427 3823 πέμψαντόξ
1463 3776 1532 3828 με
1566 3761 1735 3830 ζητῶ,

139 3825 288 3923 τίνος
320 3829 504 3884 ἕνεκεν
538 3833 831 3905 βουλοίμην
861 3838 927 3892 ἂν
948 3842 1110 3911 ἕτερα
1144 3844 1420 3899 διδάσκειν
1451 3825 1475 3914 ;v
1497 3825 1739 3923 ’Λλτέθὴς

139 3913 235 3971 οῦν
259 3921 397 3986 εἰμι,
427 3924 520 3975 καὶ
550 3927 651 3977 οὐκ
693 3927 842 3982 ἔστιν
892 3933 1076 3984 ἀδικία
1111 3936 1167 3986 ἐν
1203 3938 1365 4005 ἐμοί·
1422 3941 1727 4007 τουτέστιν,

145 4011 224 4062 Οὐ
248 4010 439 4076 δόξαν⁵
468 4016 642 4087 ἑτέρῳ
693 4021 1043 4090 ἁρμόζουσαν
1095 4027 1363 4095 ἁρπάζω·
1416 4032 1578 4086 τοῦτο
1627 4036 1736 4106 γὰρ

135 4105 345 4160 ἀδικία.
377 4107 538 4161 Ὥστε
587 4112 839 4182 ἡδιδαχή
879 4134 982 4184 μου
1027 4121 1124 4170 καὶ
1175 4121 1438 4190 ἀλήθειαν
1467 4126 1601 4196 ἔχει,
1645 4105 1737 4181 καὶ

133 4192 493 4267 δικαιοσύνην
524 4201 581 4250 ὲν
627 4203 832 4271 ταύτῷ.
866 4206 942 4257 Οὐ
980 4207 1086 4277 γὰρ
1120 4209 1178 4272 ἐξ
1231 4192 1553 4277 ἀλαζονείας
1588 4218 1736 4285 γίνε-

132 4303 246 4352 ται,
290 4288 374 4341 ἵνα
421 4291 515 4343 καὶ
573 4293 638 4345 τὸ·
661 4293 856 4362 ψευδὲς
882 4297 982 4370 ἔχῃ
1017 4301 1111 4353 καὶ
1154 4303 1214 4355 τὸ
1253 4305 1459 4361 ἄδικον.
1514 4307 1574 4360 '0
1624 4313 1733 4382 γὰρ

131 4379 353 4442 ἀλαζὼν
408 4383 502 4435 καὶ
552 4385 824 4453 ψεύδεται,
870 4392 1005 4444 καθὸ
1066 4395 1197 4464 περὶ
1248 4398 1412 4450 αὑτοῦ
1475 4401 1541 4452 τὰ
1590 4379 1730 4473 ὑπὲρ

133 4473 237 4541 τὴν
270 4473 430 4537 ἀξίαν
475 4478 642 4530 αὑτοῦ
678 4481 846 4548 λέγει,
879 4485 973 4537 καὶ
1027 4487 1225 4552 ἀδικεῖ,
1249 4491 1383 4543 καθὸ
1418 4493 1520 4562 τὴν
1573 4495 1730 4547 ἀλλοο

812 368 1268 486 ΕΝΑιιιιΑΤιο
1320 405 1404 466 IN
1445 403 1740 466 EVANGE

1851 403 1951 464 ΗΜ
2007 403 2358 468 JOANNIS.
2418 430 2488 442 --
2525 404 2684 465 CAP.
2731 406 2869 469 VII.

1282 523 1546 584 τοιούτοις
1584 522 1734 591 λόγοι

1877 539 1995 578 mus
2031 524 2191 580 erat?
2224 522 2380 579 Unde
2411 523 2542 581 huic
2579 526 2750 581 vestis
2775 523 2914 579 illa?
2951 521 3080 580 Haec
3121 533 3303 579 autem
3339 525 3472 580 dicit

3336 408 3476 474 i330

1871 633 1975 670 non
2006 618 2148 685 quod
2194 617 2368 686 reipsa
2404 617 2729 683 admiretur,
2772 618 2867 673 sed
2900 617 3044 688 quod
3090 617 3354 673 aduratur
3386 617 3474 671 in-

1866 712 2033 774 vidia,
2065 713 2130 766 ad
2167 712 2332 767 vicini
2365 711 2694 767 calumniam
2723 727 2854 767 usus
2879 712 3078 768 talibus
3096 713 3470 766 sermonibus.

1866 802 2100 859 Omnino
2127 805 2298 870 enim,
2323 805 2477 871 dicit,
2520 804 2734 861 furatus
2788 815 2872 861 est
2905 815 3131 861 vestem.
3170 804 3262 860 Sic
3307 806 3474 876 igitur

1866 905 1921 950 et
1957 894 2126 951 Judaei
2167 916 2180 950 :
2218 915 2235 948 ι
2277 894 2561 963 Quomodo
2592 896 2682 951 hic
2729 896 2834 954 scit
2864 896 3119 952 litteras?
3153 915 3169 947 ι
3214 895 3470 964 Pl‘Oft'CItt

1863 1003 1930 1044 ex
1963 987 2248 1044 Beelzebul
2279 988 2474 1046 habet.
2507 989 2752 1045 Tametsi
2789 989 2912 1044 inde
2967 988 3086 1044 illos
3154 989 3473 1078 conjectare

1866 1083 2044 1153 potius
2071 1084 2361 1154 oportebat
2392 1099 2499 1139 non
2534 1099 2657 1138 esse
2694 1086 2798 1138 hoc
2830 1085 3126 1138 humanum
3164 1099 3178 1137 :
3215 1086 3310 1139 sed
3340 1085 3466 1150 quia

1865 1175 1966 1229 hoc
1997 1175 2100 1243 ipsi
2130 1175 2290 1229 fateri
2319 1176 2632 1242 noluerunt,
2664 1176 2779 1246 ipse
2818 1174 3106 1246 respondet
3139 1175 3239 1238 eis,
3261 1177 3468 1232 docens

1861 1269 2005 1338 quod
2042 1284 2070 1322 a
2109 1267 2219 1342 Deo
2261 1280 2316 1323 et
2346 1267 2507 1324 Patre
2554 1269 2626 1324 sit
2653 1270 2900 1324 doctrina
2946 1270 3058 1324 illa.
3088 1269 3230 1323 Nihil
3287 1284 3467 1323 meum

1861 1371 1966 1426 εει,
2007 1361 2202 1429 inquit,
2244 1376 2420 1430 neque
2455 1378 2483 1416 a
2535 1363 2767 1432 meipso,
2803 1372 3060 1432 tanquam
3120 1361 3469 1417 adversarius

1862 1450 1992 1512 Deo,
2024 1451 2213 1521 loquor
2248 1470 2260 1506 :
2299 1453 2394 1508 sed
2452 1469 2799 1524 qurecunuue
2852 1455 2940 1509 illa
2999 1455 3206 1511 fuerint
3261 1454 3465 1518 Patris,

1860 1546 1974 1600 haec
2015 1556 2068 1599 et
2103 1562 2219 1600 mea
2257 1549 2421 1603 verba
2455 1557 2601 1605 sunt.

1938 1639 2096 1695 Vens.
2131 1641 2218 1708 17,
2252 1642 2338 1696 18.
2381 1662 2397 1695 ι
2437 1643 2492 1697 Si
2519 1644 2643 1714 quis
2671 1643 2906 1698 voluerit
2931 1643 3270 1698 voluntatem
3295 1643 3468 1714 ipsius

1859 1731 2059 1796 facere,
2087 1733 2226 1788 sciet
2252 1736 2317 1788 de
2352 1733 2599 1788 doctrina
2635 1743 2816 1787 utrtnn
2842 1748 2911 1788 ex
2947 1734 3056 1788 Deo
3082 1734 3177 1797 sit,
3201 1749 3268 1787 an
3305 1749 3408 1804 ego
3434 1751 3464 1788 a

1859 1825 2065 1892 meipso
2123 1824 2335 1895 loquar.
2367 1825 2470 1893 Qui
2504 1843 2531 1880 ει
2574 1828 2871 1897 semetipso
2908 1827 3172 1896 loquitur,
3235 1828 3465 1899 gloriam

1859 1918 2134 1986 propriam
2195 1921 2393 1989 quaerit
2426 1937 2441 1975 ε
2493 1922 2581 1992 qui
2620 1934 2800 1975 autem
2836 1921 3031 1990 quaerit
3070 1922 3301 1992 gloriam
3347 1923 3465 1992 ejus

1858 2011 1950 2083 qui
2000 2011 2147 2066 misit
2183 2014 2383 2084 ipsum,
2414 2015 2504 2070 hic
2535 2029 2700 2070 verax
2753 2023 2859 2079 est,
2891 2026 2944 2070 et
2970 2015 3234 2086 injustitia
3288 2017 3342 2071 in
3400 2032 3467 2072 eo

1857 2121 1967 2160 non
2005 2114 2109 2158 est.
2153 2124 2171 2156 ι
2204 2106 2429 2161 Dixerat
2467 2125 2480 2161 :
2514 2125 2534 2159 ι
2574 2107 2688 2162 Mea
2721 2108 2973 2162 doctrina
3005 2123 3110 2162 non
3138 2119 3224 2163 est
3257 2123 3398 2174 mea,
3440 2128 3460 2162 ι

1857 2195 1960 2250 hoc
1989 2204 2092 2261 est,
2144 2195 2459 2251 adversaria
2503 2197 2638 2264 Deo,
2700 2216 2720 2249 ι
2769 2200 2864 2253 sed
2904 2197 3085 2253 Patris
3133 2199 3240 2255 mei
3293 2211 3398 2267 est,
3440 2219 3457 2252 ι

1857 2286 2054 2358 inquit.
2094 2287 2150 2342 Si
2202 2289 2324 2357 quis
2371 2288 2706 2344 voluntatem
2748 2289 2842 2345 Dei
2887 2289 3106 2354 fecerit,
3140 2291 3244 2345 hoc
3277 2300 3381 2355 est,
3417 2292 3464 2345 si

1855 2381 2108 2437 virtutem
2133 2383 2472 2452 amplexatus
2501 2383 2686 2445 fuerit,
2717 2392 2769 2438 et
2807 2383 3026 2439 invidiae
3056 2399 3162 2440 non
3186 2385 3461 2449 servierit,

1856 2487 2032 2542 neque
2074 2489 2215 2529 vano
2257 2483 2450 2530 contra
2514 2490 2602 2530 me
2645 2475 2772 2530 odio
2818 2475 3217 2533 obtenebratus
3275 2477 3462 2537 fuerit.

1853 2565 1991 2620 sciet
2038 2580 2284 2620 meorum
2343 2582 2664 2624 sermonum
2691 2567 2976 2634 virtutem,
3023 2585 3155 2622 num
3218 2585 3281 2624 ea
3339 2584 3463 2639 quae.

1852 2657 2033 2712 Patris
2078 2669 2205 2714 sunt
2235 2661 2450 2731 loquar,
2503 2680 2570 2718 an
2609 2665 2787 2721 aliena
2812 2677 2869 2723 et.
2903 2666 3126 2738 indigna
3181 2670 3456 2738 quaedam.

1853 2745 2200 2804 Voluntalem
2261 2761 2444 2807 autem
2505 2755 2596 2810 Dei
2639 2756 2771 2811 facit
2804 2767 2860 2813 ει
2905 2759 2997 2828 qui
3045 2760 3364 2830 Scripturas
3409 2773 3463 2817 et

1852 2840 2155 2909 prophetas
2213 2854 2513 2901 scrutatur.
2569 2847 2738 2919 Igitur
2802 2852 2893 2919 qui
2959 2852 3080 2906 talis
3123 2862 3227 2916 est,
3263 2856 3462 2922 poterit

1853 2935 1997 2988 scire
2029 2936 2094 2990 de
2117 2935 2363 2991 doctrina
2399 2938 2776 3009 Dominiquod
2811 2957 2876 2999 ex
2908 2943 3013 2997 Deo
3035 2944 3127 2998 sit.
3155 2943 3289 2997 Nam
3333 2960 3460 3014 pro-

1856 3026 2032 3095 phetae
2061 3043 2167 3083 non
2195 3029 2462 3087 inducunt
2496 3033 2782 3088 Dominum
2826 3035 2934 3090 Deo
2976 3036 3378 3102 adversarium,
3407 3048 3464 3092 et

1857 3133 1885 3171 a
1918 3119 2099 3187 seipse
2139 3121 2479 3191 loquentem,
2517 3126 2612 3181 sed
2649 3127 2834 3182 omnia
2864 3143 2985 3197 qua:
3017 3130 3124 3184 Deo
3150 3142 3462 3200 congruunt

1770 3249 1814 3310 Ο
1852 3222 1907 3264 ει
1945 3213 2214 3268 dicentem
2261 3215 2661 3308 etfacientem.
2693 3219 2921 3291 Insuper
2961 3233 3014 3276 et
3069 3223 3236 3304 aliain
3290 3226 3460 3278 rat-io-

1852 3319 1973 3356 nem
2013 3305 2219 3371 subdit,
2262 3293 2452 3364 dicens
2483 3327 2496 3363 :
2527 3310 2627 3376 Qui
2670 3327 2698 3367 ε
2726 3314 2909 3384 seipse
2945 3293 3340 3385 loquitur,:boc
3374 3330 3458 3372 est

1849 3399 1940 3462 qui
1975 3397 2085 3451 vult
2110 3401 2386 3469 propriam
2423 3412 2672 3461 statuere
2697 3407 3034 3477 doctrinam,
3061 3419 3289 3480 propter
3313 3413 3452 3465 nihil

1850 3488 1994 3544 aliud
2026 3491 2128 3546 hoc
2157 3491 2308 3558 facit,
2340 3510 2507 3563 quam
2541 3506 2599 3552 ut
2631 3499 2863 3570 gloriam
2896 3506 3190 3570 quamdam
3224 3505 3449 3559 inanem

1849 3581 1977 3635 inde
1998 3584 2283 3652 percipiat.
2322 3583 2378 3640 Si
2407 3601 2590 3643 autem
2616 3604 2739 3659 ego,
2776 3591 2976 3662 inquit,
3011 3593 3197 3663 gloria:
3223 3598 3457 3666 propria}

1849 3673 2082 3727 fructum
2117 3676 2259 3743 uolo,
2301 3679 2396 3734 sed
2425 3681 2655 3750 gloriam
2684 3681 2802 3752 ejus
2823 3684 2916 3754 qui
2951 3699 3037 3739 me
3067 3686 3218 3742 misit
3246 3704 3453 3757 quaero,

1846 3763 2004 3832 cujus
2036 3769 2214 3837 gratia
2257 3771 2419 3825 velim
2452 3774 2558 3826 alia
2594 3778 2795 3830 docere
2833 3791 2846 3829 :
2889 3792 3051 3831 verax
3109 3780 3272 3849 igitur
3308 3798 3451 3845 sum,

1845 3866 1899 3908 ct
1956 3873 2061 3910 non
2110 3870 2194 3913 est
2237 3860 2503 3928 injustitia
2555 3867 2606 3919 in
2653 3881 2784 3921 me:
2821 3866 2928 3923 hoc
2985 3879 3070 3924 est
3136 3887 3243 3926 non
3301 3875 3453 3942 rapio

1844 3948 2074 4016 gloriam
2102 3952 2258 4008 alteri
2300 3955 2564 4014 debitam.
2600 3957 2715 4014 Hoc
2758 3963 2906 4016 enim
2944 3961 3226 4032 injustilite
3288 3967 3446 4021 foret.

1843 4040 2021 4109 Atque
2057 4042 2132 4097 ita
2185 4045 2428 4100 doctrina
2465 4063 2582 4102 mea
2619 4059 2673 4104 et
2706 4054 2992 4108 veritatem
3040 4056 3450 4125 complectitur,

1843 4133 2198 4203 etjustitiam
2242 4139 2292 4193 in
2331 4154 2411 4197 se.
2445 4140 2562 4199 Non
2599 4146 2745 4199 enim
2788 4163 2854 4202 ex
2910 4152 3219 4219 arrogantia
3272 4155 3351 4216 lit,
3393 4169 3448 4206 ιιι

1843 4228 2186 4282 mendacium
2216 4231 2414 4287 habeat
2450 4249 2513 4289 ac
2549 4236 2898 4306 injustitiam.
2930 4240 3204 4312 Arrogans
3235 4259 3368 4299 vero
3397 4258 3451 4297 ct

1840 4317 2125 4386 mentitur,
2155 4336 2221 4376 eo
2276 4325 2420 4391 quod
2451 4326 2520 4381 de
2548 4342 2607 4381 se
2638 4328 2758 4397 plus
2787 4345 2952 4400 quam
2982 4346 3245 4399 meretur,
3283 4336 3445 4401 dicit,

1837 4419 1890 4460 ct
1944 4409 2142 4477 injuste
2175 4415 2307 4484 agit,
2337 4418 2466 4486 quia
2523 4418 2757 4474 alienam
2809 4433 2864 4478 et
2896 4425 2998 4479 sibi
3049 4425 3445 4482 inconvenien-

1839 4505 1944 4552 tem
2001 4501 2230 4570 gloriam
2279 4509 2439 4576 rapit.
2501 4511 2570 4564 At
2624 4511 2890 4570 Dominus
2931 4518 3059 4586 quia
3111 4533 3234 4588 quae
3265 4518 3444 4573 Patris

137 4565 299 4635 τρίαν
329 4569 424 4620 καὶ
463 4571 628 4640 μηδὲν
654 4574 804 4644 αύτῷ
850 4578 1241 4648 προσήκουσαν
1269 4583 1428 4647 δόξαν
1463 4586 1724 4656 ἁρπάζει,

143 4654 201 4675 'll
234 4656 278 4675 ιιι
321 4659 362 4675 Ir
387 4658 400 4673 1
561 4663 573 4675 ι
687 4665 705 4675 ιι
722 4666 732 4675 ι
811 4665 821 4675 α
929 4667 951 4675 ε
976 4670 1018 4675 -
1132 4671 1141 4675 -
1219 4674 1224 4675 ,
1249 4673 1256 4675 _

1851 4599 1960 4642 iUlll
1999 4595 2299 4663 quaerebat,
2329 4607 2384 4652 et
2431 4598 2565 4653 nihil
2613 4601 2679 4656 de
2731 4617 2790 4658 se
2840 4565 3166 4675 arroganter
3197 4607 3432 4670 dicebat,

143 4654 203 4707 Ὀ
230 4656 286 4708 δὲ
321 4658 527 4728 Κύριος
557 4663 744 4736 ἐπειδὴ
766 4665 833 4717 τὰ
861 4667 954 4719 τοῦ
976 4670 1188 4740 Πατρὸς
1213 4673 1417 4741 ἐζήτει,
1453 4654 1548 4729 καὶ
1571 4678 1726 4731 οὐδὲν

130 4749 264 4818 περὶ
296 4751 492 4805 ἑαυτοῦ
535 4753 918 4826 ἠλαζονεύετο,
960 4763 1055 4814 καὶ
1101 4765 1312 4835 ἀληθής
1348 4768 1466 4821 ἐστι
1507 4771 1726 4835 πάντως

125 4840 471 4906 καὶδὶκαιος.
493 4845 768 4916 Πολλαχοῦ
795 4849 850 4902 δὲ
886 4852 1137 4924 εἴπομεν,
1192 4859 1287 4910 καὶ
1338 4858 1434 4910 νῦν
1467 4859 1722 4932 λέγομεν,

124 4930 210 4981 ὅτι
239 4931 366 4984 ὅταν
410 4938 644 4989 ταπεινά
671 4956 789 4990 τινα
827 4941 1002 5010 λέγων
1040 4946 1298 5015 φαίνηται
1334 4951 1361 5000 ὁ
1393 4951 1622 5020 Κύριος,
1660 4955 1720 5006 οὐ

122 5019 208 5070 δεῖ
263 5024 532 5092 νομίζειν,
570 5029 650 5081 ὅτι
682 5030 756 5093 ὡς
787 5033 1027 5087 ἐλάττων
1057 5037 1130 5088 ὢν
1184 5043 1277 5090 τοῦ
1328 5041 1540 5110 [Ἰατρὸς
1581 5046 1723 5098 κατὰ

123 5112 316 5179 φύσιν,
361 5118 534 5171 ταῦτα
578 5121 902 5194 φθέγγεται,
937 5129 1074 5184 ἀλλὰ
1119 5132 1207 5184 διὰ
1245 5136 1302 5186 τὺ
1342 5138 1416 5207 μὴ
1475 5139 1720 5206 ἀντίθεος

123 5207 475 5276 νομισθῆναι,
514 5215 604 5264 καὶ
632 5215 718 5268 διὰ
766 5219 862 5288 τὴν
907 5222 1199 5276 ἀσθένειαν
1235 5228 1343 5278 τῶν
1391 5229 1719 5302 ἀκουόντων,

120 5300 218 5349 καὶ
251 5300 340 5352 διὰ
372 5304 431 5354 τὸ
474 5307 654 5376 σάρκα
707 5314 1160 5383 περιϐεϐλῆσθαι,
1197 5320 1288 5372 καὶ
1333 5321 1422 5374 διὰ
1473 5323 1533 5376 τὸ
1567 5327 1720 5381 διδα-

124 5396 452 5463 σκεινήμᾶς
489 5401 829 5468 μετριάζειν,
866 5407 960 5459 καὶ
1002 5410 1167 5477 μηδὲν
1205 5414 1348 5480 μέγα
1379 5415 1558 5482 λέγειν
1589 5421 1718 5490 περὶ

119 5483 360 5539 ἑαυτῶν.
393 5489 564 5542 Ὂταν
618 5493 672 5545 δέ
709 5513 769 5562 γε
826 5499 1005 5569 ὑψηλά
1057 5507 1148 5555 καὶ
1196 5508 1324 5577 περὶ
1368 5509 1468 5577 τῆς
1513 5512 1720 5578 οἰκείας

114 5575 281 5646 δόξης
330 5581 656 5651 φθέγγηται,
689 5588 793 5658 χρὴ
855 5594 1132 5646 πιστεύειν
1179 5598 1347 5666 ἡμᾶς,
1385 5601 1465 5654 ὅτι
1522 5603 1595 5666 ὡς
1641 5605 1718 5675 τῷ

115 5669 236 5721 ὅντε
285 5670 397 5736 ἴσος
452 5676 528 5744 τῷ
572 5679 768 5749 Πατρὶ,
809 5683 980 5736 ταῦτα
1028 5687 1094 5738 τὰ
1156 5689 1337 5759 ὑψηλὰ
1392 5693 1713 5761 φθέγγεται,

115 5761 206 5812 6:5:
247 5763 306 5815 τὸ
352 5765 580 5834 μέγεθος
635 5772 731 5840 τῆς
781 5775 986 5840 οἰκείας
1032 5781 1268 5846 φύσεως.

200 5872 216 5902 ι
257 5856 330 5909 Ού
355 5857 557 5927 Μωσῆς
580 5863 811 5920 δέδωκεν
833 5869 960 5940 ὑμῖν
991 5870 1081 5926 τὸν
1105 5874 1265 5946 νόμον
1294 5894 1305 5944 ;
1329 5878 1433 5932 Καὶ
1461 5880 1633 5946 οἰιὸεἳς
1659 5883 1714 5949 ἐξ

1831 4683 2055 4738 omnino
2089 4693 2144 4739 et
2174 4700 2338 4741 verax
2364 4700 2447 4744 est
2474 4701 2526 4746 et
2552 4691 2754 4763 justus.
2790 4695 2942 4766 Sarpc
2968 4709 3147 4754 autem
3177 4700 3436 4770 diximus,

1832 4781 1889 4824 et
1917 4789 2062 4828 nunc
2091 4789 2306 4847 quoque
2331 4780 2588 4849 dicimus,
2616 4784 2786 4856 606
2819 4787 2967 4854 quod
2999 4791 3218 4855 quando
3256 4791 3439 4845 Domi-

1831 4880 1932 4920 nns
1958 4868 2182 4924 humilia
2211 4872 2460 4939 quzedam
2491 4875 2676 4932 dicere
2707 4880 2946 4946 videtur,
2978 4895 3081 4934 non
3107 4881 3435 4937 existiman-

1830 4958 1955 5011 dum
1987 4960 2270 5017 hmcillum
2315 4966 2498 5021 dicere
2530 4972 2671 5038 quod
2708 4980 2899 5024 natura
2934 4973 3115 5026 minor
3144 4974 3216 5028 sit
3255 4973 3436 5041 Patre,

1829 5052 1924 5104 sed
1974 5069 2043 5107 ne
2078 5054 2346 5111 habeatur
2386 5059 2736 5117 adversarius
2783 5065 2914 5130 Ι)ι·0,
2945 5079 2998 5121 ει
3021 5076 3243 5137 propter
3280 5069 3432 5122 audi-

1829 5150 2008 5198 torum
2051 5147 2503 5220 imbecillitatem,
2541 5166 2591 5208 et
2623 5168 2913 5224 prOpterea
2940 5161 3088 5229 quod
3109 5175 3274 5215 carne
3293 5162 3432 5213 ami-

1828 5246 1946 5291 ctus
1969 5238 2061 5304 sit,
2095 5251 2261 5311 utque
2304 5259 2400 5298 nos
2432 5247 2626 5301 doceat
2687 5251 2965 5306 modestos
3014 5268 3158 5316 esse,
3189 5263 3242 5308 et
3301 5253 3432 5307 nihil

1828 5344 2080 5400 magnum
2114 5335 2179 5388 de
2227 5335 2382 5390 nobis
2410 5336 2542 5406 ipsis
2582 5339 2787 5394 dicere.
2828 5342 3054 5407 Quando
3101 5355 3282 5398 autem
3336 5361 3432 5399 su-

1825 5421 2009 5476 blimia
2064 5434 2116 5479 et
2177 5428 2240 5480 de
2297 5444 2391 5482 sua
2432 5431 2610 5485 divina
2658 5434 2827 5501 gloria
2887 5435 3151 5504 loquitur,
3213 5451 3432 5508 oportet

1826 5516 2048 5570 credere
2090 5533 2188 5572 nos
2240 5523 2384 5589 quod
2436 5526 2661 5592 grandia
2728 5528 2839 5580 haec
2893 5539 2949 5580 ιιι
2985 5530 3216 5598 aqualis
3279 5531 3428 5587 l’atri

1828 5606 2101 5678 'oquatur,
2139 5627 2361 5684 propter
2393 5621 2822 5686 magnitudinem
2860 5639 2974 5676 sua:
3017 5636 3248 5680 naturae.

1901 5879 2063 5938 Vens.
2092 5883 2180 5951 ιε),
2211 5883 2305 5940 20.
2348 5905 2365 5937 ι
2404 5885 2594 5945 Nonne
2627 5886 2802 5946 Moses
2830 5889 2978 5947 dedit
3010 5893 3163 5950 vobis
3199 5890 3416 5962 legem]
