3936 6402
509 403 642 465 1335
1428 407 2005 471 THEOPHYLACTI
2042 407 2451 472 BULGABHﬁ
2483 408 2712 467 ABClIl
2728 409 2836 468 ΕΡ,
3660 401 3774 464 1336

505 523 778 577 l‘iabeliant
813 529 1003 576 testem
1041 519 1336 576 ‘Michamm
1387 522 1678 588 dicentem,
1729 524 2083 593 quemadmo-

2195 524 2481 593 προφανῶς
2534 523 2626 576 τὸν
2685 523 2970 591 προφήτην
3003 501 3261 590 χΜιχαὶαν
3315 511 3472 586 εἶχον
3535 517 3776 585 μάρτυρα

506 613 631 665 dum
657 622 709 666 et
730 611 1015 667 Mattliaeus
1039 613 1147 669 ait:
1173 633 1191 665 ι
1227 614 1294 668 Ει
1321 623 1396 677 ιιι,
1425 614 1724 679 Bethleem,
1752 627 1891 670 terra
1918 614 2080 681 .luda,

2195 613 2433 680 λέγοντα,
2472 613 2545 672 ὠς
2577 612 2671 663 καὶ
2700 613 2726 663 6
2763 609 3039 670 Mazdaid;
3082 624 3250 674 φησι·
3301 624 3319 655 ι
3364 606 3483 656 Καὶ
3525 603 3612 668 σὺ,
3648 603 3775 671 Βηθ-

509 718 844 772 nequaquam
881 704 1102 757 minima
1130 720 1188 758 es
1224 705 1275 759 in
1312 705 1649 774 principibus
1697 705 1834 759 Juda
1866 723 1880 760 :
1933 721 1997 760 ex
2032 715 2083 760 te

2195 703 2320 772 λεὲμ
2345 703 2412 771 γῆ
2461 701 2648 765 Ἰούδα,
2683 701 2932 770 οὐδαμῶς
2965 699 3216 769 ἐλαχίστη
3271 693 3320 750 εἶ
3347 700 3410 748 ἐν
3433 698 3553 754 τοῖς
3582 694 3776 764 ἡγεμό-

506 796 647 846 οῚιῘῐη
707 797 1016 865 egredietur
1065 797 1170 851 dux
1227 796 1316 864 qui
1379 805 1528 867 regat
1581 797 1832 867 populum
1902 813 2080 852 meum

508 887 753 943 lsrael“.
799 907 814 938 ι
857 889 920 942 Ει
972 899 1158 943 contra
1216 891 1283 942 hi.
1322 890 1410 958 qui
1447 890 1700 944 dicebant
1739 891 1880 959 quod
1929 891 2082 945 Chri-

507 986 647 1031 stum
679 995 782 1033 non
823 982 970 1037 novit
1008 984 1134 1051 quis
1179 983 1318 1037 unde
1349 983 1553 1047 veniat,
1602 984 1892 1052 prophetas
1921 984 2085 1036 habe-

505 1071 638 1125 liant
692 1084 857 1128 testes
898 1076 1204 1144 linjusmodi
1262 1079 1588 1131 sementim:
1639 1077 1769 1146 quin
1818 1085 1872 1130 et
1907 1076 2082 1145 ipsum

507 1162 784 1219 Michmam
821 1167 865 1198 ’ν
901 1168 1204 1221 dicentem:
1251 1187 1268 1218 ι
1308 1168 1573 1238 Egressus
1603 1168 1772 1236 ipsius
1800 1168 1865 1222 ab
1907 1161 2080 1232 initio,

506 1271 533 1304 a
575 1255 760 1308 diebus
795 1258 1009 1322 smculi;
1050 1277 1065 1309 ι
1102 1259 1152 1311 id
1187 1260 1331 1328 quod
1364 1260 1604 1329 ignotum
1635 1260 1751 1329 ejus
1781 1275 2081 1330 egressum,

508 1347 610 1401 ltoc
647 1360 725 1401 est
772 1350 1108 1404 nativitatem
1143 1352 1402 1405 declarat.
1430 1350 1618 1406 Nullus
1642 1354 1782 1406 enim
1805 1351 2081 1404 hominum

506 1440 608 1491 scit
641 1443 912 1506 quomodo
953 1445 1021 1496 ab
1057 1443 1212 1498 initio
1257 1454 1310 1496 et
1341 1459 1367 1496 a
1407 1444 1596 1498 diebus
1637 1443 1818 1498 saeculi
1858 1444 2082 1509 exitum,

506 1533 608 1584 hoc
664 1542 781 1600 est,
842 1534 1184 1589 nativitatem
1240 1537 1454 1590 habeat.
1512 1535 1766 1590 Homines
1829 1536 1970 1589 enim
2029 1536 2082 1589 in

507 1633 772 1691 tempore,
803 1626 888 1679 illc
927 1635 1106 1680 autent
1138 1643 1166 1680 a
1215 1629 1404 1682 diebus
1437 1629 1618 1682 szeculi
1641 1669 1653 1693 ,
1701 1637 1756 1682 et
1809 1628 1874 1682 ab
1907 1628 2080 1680 initio.

507 1712 658 1777 Quod
695 1725 870 1770 autem
913 1727 1199 1783 aeternum,
1240 1721 1511 1785 quomodo
1546 1719 1597 1772 hi
1626 1717 1715 1786 qui
1745 1718 1844 1772 Sub
1880 1726 2085 1784 tempo-

509 1819 584 1871 re,
621 1809 1020 1877 cegnoscunti,
1037 1809 1140 1863 Sed
1186 1820 1238 1864 et
1274 1809 1441 1865 lsaias
1484 1811 1658 1865 dit-it:
1714 1829 1730 1862 ι
1768 1809 2086 1865 Generatio-

508 1911 628 1951 nem
665 1898 784 1968 ejus
811 1898 932 1969 quis
971 1901 1363 1955 enarrabit“?
1433 1919 1451 1951 ι
1505 1900 1582 1954 Ex
1634 1900 1721 1956 liis
1768 1901 1932 1972 igitur
1964 1915 2082 1970 per-

507 1989 652 2043 suasi
693 1979 983 2045 diccbant:
1033 1991 1204 2047 Nemo
1230 1991 1337 2047 scit
1374 1993 1516 2047 unde
1559 1993 1628 2047 sit
1660 1992 1928 2048 Christus.
1966 1993 2081 2048 Non

505 2081 650 2132 enim
669 2080 1039 2151 iutelligebant
1057 2083 1198 2152 quod
1225 2082 1420 2153 duplex
1443 2093 1588 2139 esset
1611 2082 1870 2139 Dominus
1893 2081 2081 2140 Jesus:

505 2178 562 2224 ct
602 2172 895 2227 secundum
917 2173 1250 2227 nativitatem
1284 2174 1582 2237 carnalem,
1613 2189 1729 2244 quae
1762 2183 1877 2228 erat
1904 2190 1934 2228 e
1965 2173 2087 2228 Vir-

507 2263 650 2332 gine,
682 2262 957 2317 sciebatur
987 2264 1128 2318 unde
1158 2274 1296 2329 erat,
1334 2279 1527 2334 nempe
1550 2265 1691 2333 quod
1720 2265 1772 2318 in
1792 2264 2083 2320 "Bethleem

507 2366 708 2422 natus;
743 2357 1040 2411 secundum
1083 2357 1456 2424 incorpoream
1488 2372 1616 2411 vero
1647 2367 1697 2412 et
1755 2355 2083 2412 ineffabilem

504 2447 623 2514 ejus
652 2449 1011 2513 nativitatem,
1061 2463 1166 2517 qua
1213 2463 1241 2502 a
1305 2448 1468 2503 Patre
1516 2458 1642 2504 ante
1695 2450 1888 2504 saecula
1931 2458 2086 2504 natus

2190 812 2272 846 σιν
2322 794 2487 846 Ἰούδα
2510 810 2522 821 ’
2556 796 2618 846 ἐκ
2645 793 2734 845 σοῦ
2768 794 2874 862 γὰρ
2905 792 3250 858 ἐξελεύσεται
3285 788 3610 858 ἡγούμενος
3643 790 3780 847 ὅστις

2188 890 2443 957 ποιμανεῖ
2468 887 2555 939 τὸν
2585 887 2712 939 λαόν
2746 903 2846 955 μου
2897 885 3136 953 Ἰσραήλ.
3190 903 3205 932 ι
3245 884 3356 935 Καὶ
3395 877 3552 932 οῦτοι
3594 879 3650 931 δὲ
3690 879 3781 930 πά-

2185 983 2267 1034 λιν
2297 984 2344 1034 οἱ
2380 981 2652 1048 λέγοντες,
2696 980 2776 1031 ὅτι
2814 978 2899 1030 τὸν
2932 977 3166 1045 Χριστὸν
3191 977 3292 1028 οῦκ
3320 970 3434 1026 οἶδέ
3473 991 3590 1035 τις,
3626 970 3782 1023 πόθεν

2187 1075 2426 1144 ἔρχεται.
2481 1074 2608 1135 τοὺς
2653 1071 2937 1141 προφήτας
2987 1064 3131 1138 εἶχον
3183 1068 3486 1137 μάρτυρας
3540 1064 3648 1132 τῆς
3680 1080 3783 1114 τοι·

2187 1168 2353 1232 αρτ-’,ς
2385 1165 2609 1234 γνώμης
2634 1180 2648 1192 ο
2687 1163 2778 1214 καὶ
2808 1162 2966 1214 αὐτὴν
3004 1161 3058 1214 δὲ
3105 1161 3193 1212 τὸν
3230 1159 3482 1227 Μιχαίαν
3520 1157 3780 1222 λέγοντα,

2186 1261 2268 1312 ὃτι
2300 1278 2318 1309 t
2346 1260 2409 1310 Αἱ
2437 1257 2605 1321 ἔξοδοι
2631 1254 2793 1308 αὑτοῦ
2818 1254 2912 1308 ἀπ’
2941 1255 3113 1323 ἀρχῆς
3143 1253 3202 1316 ἐξ
3234 1253 3470 1321 ἡμερῶν
3491 1249 3701 1310 αἰῶνος
3723 1265 3779 1295 ἰ

2186 1353 2323 1420 ὅπερ
2355 1351 2630 1418 ἄγνωστον
2659 1349 2758 1419 τὴν
2791 1347 2953 1401 αὑτοῦ
2991 1347 3191 1410 ἔξοδον.
3225 1346 3346 1415 ἤτοι
3381 1343 3484 1412 τὴν
3524 1344 3786 1408 γέννησιν

2187 1442 2462 1512 ἐμφαίνει.
2516 1441 2617 1494 Τὸν
2650 1441 2778 1511 γὰρ,
2818 1460 2835 1490 ι
2899 1440 2992 1493 ἀπ’
3027 1438 3226 1508 ἀρχῆ·,
3272 1456 3289 1486 ι
3343 1438 3443 1489 καὶ
3483 1455 3502 1486 ¢
3543 1434 3608 1497 ἐξ
3656 1435 3786 1501 ἡμε-

2190 1537 2299 1606 Ρῶν
2327 1536 2540 1598 αἰῶνος)
2586 1554 2603 1585 ³
2637 1533 2962 1596 τᾶςέξὸδους
2993 1531 3207 1601 ἔχοντα,
3238 1531 3356 1600 ἦτοι
3379 1529 3482 1596 τὴν
3507 1528 3784 1605 γέννησιν.

2186 1634 2288 1684 οὐκ
2347 1631 2412 1685 ἄν
2467 1648 2552 1692 τις
2603 1627 2904 1698 ἀνθρώπων
2949 1626 3136 1694 εἰδείη.
3194 1625 3523 1694 Ἄνθρωποι
3587 1624 3701 1689 γὰρ
3739 1623 3791 1671 ὲν

2187 1727 2381 1796 χρόνῳ,
2417 1723 2622 1786 ἐκεῖνος
2651 1723 2706 1775 δὲ
2731 1721 2789 1786 ἐξ
2821 1720 3044 1791 ἡμερῶν
3081 1720 3281 1782 αἰῶνος
3315 1718 3411 1769 καὶ
3438 1718 3542 1769 ἀπ’
3575 1717 3789 1796 ἀρχῆς·

2187 1821 2246 1871 τὸ
2277 1818 2332 1872 δὲ
2379 1818 2598 1871 αἰώνιον
2653 1813 2767 1876 πῶς
2806 1814 2834 1865 6
2871 1813 2974 1865 ὑπὸ
3015 1812 3210 1884 χρόνον
3262 1811 3578 1878 γινώσκει;
3637 1806 3795 1860 Ἀλλά

2190 1914 2284 1964 καὶ
2317 1910 2542 1972 Ἦσαῒας
2587 1909 2720 1978 φησί
2748 1925 2761 1938 ο
2806 1926 2823 1957 ι
2865 1906 2977 1972 Τὴν
3007 1906 3067 1957 δὲ
3104 1906 3302 1972 γενεὰν
3351 1902 3530 1957 αὐτοῦ
3572 1901 3659 1963 τίς
3685 1900 3796 1965 διησ

2188 2005 2454 2073 ﬁssa-at;
2495 2021 2511 2053 ι
2563 2002 2658 2054 Ἐκ
2698 2001 2904 2053 τούτων
2954 1997 3048 2051 οὖν
3097 1997 3420 2065 πειθόμενοι
3452 1995 3681 2063 ελεγον,
3713 1994 3796 2046 ὅτι

2190 2097 2296 2149 Τὸν
2322 2094 2557 2165 Χριστὸν
2602 2093 2702 2146 οὑκ
2731 2089 2837 2144 οἵδέ
2877 2108 2960 2152 τις
2985 2129 3000 2153 ,
3032 2088 3198 2141 πόθεν
3231 2088 3410 2140 ἐστίν.
3445 2087 3526 2139 Οὐ
3581 2087 3697 2154 γὰρ
3735 2084 3795 2152 δὴ

2188 2189 2451 2253 ἐνενόουν,
2489 2189 2571 2240 ὅτι
2611 2185 2826 2248 διπλοῦς
2854 2185 2928 2236 ὢν
2953 2185 2981 2237 6
3010 2184 3216 2253 Κύριος
3244 2180 3481 2250 Ἰησοῦς,
3513 2179 3670 2232 κατὰ
3703 2176 3800 2246 μὲν

2195 2283 2294 2351 τὴν
2344 2282 2409 2332 ἐκ
2451 2279 2732 2348 Παρθένου
2795 2278 2853 2328 ὲν
2907 2275 3072 2343 σαρκὶ
3111 2275 3392 2342 γέννησιν,
3449 2267 3801 2336 ὲγνωρίζετο

2190 2373 2351 2427 πόθεν
2379 2374 2546 2436 ἐστὶν,
2580 2373 2662 2425 ὅτι
2697 2372 2758 2422 ὲκ
2792 2369 3041 2438 Βηθλεέμ
3065 2383 3075 2395 ·
3104 2367 3247 2419 κατὰ
3275 2365 3333 2418 δὲ
3356 2363 3459 2431 τὴν
3486 2359 3798 2430 ἀσώματον

2189 2465 2281 2516 καὶ
2309 2460 2753 2533 ἁπορῤητοτέραν
2777 2460 2873 2528 τὴν
2902 2461 2966 2511 ἐκ
3019 2456 3234 2527 Πατρδς
3265 2454 3371 2523 πρὸ
3402 2454 3644 2506 πάντων
3695 2450 3801 2502 τῶν

2117 1871 2156 1925 Β

506 2547 626 2601 est,
659 2553 820 2606 supra
877 2555 1093 2594 omnem
1152 2554 1457 2594 sermonem
1510 2542 1762 2596 nativitas
1814 2543 1929 2608 ejus
1979 2553 2084 2596 est.

506 2627 980 2699 llierosolymilani
1030 2632 1192 2700 igitur
1241 2631 1316 2684 illi
1373 2632 1714 2686 nativitatem
1758 2633 1811 2685 in
1866 2646 2083 2686 carnem

506 2719 742 2774 fatentur
777 2736 834 2775 se
867 2722 1006 2776 scire
1038 2725 1179 2776 unde
1233 2723 1340 2777 sit:
1390 2724 1538 2778 illam
1581 2735 1759 2776 autem
1808 2739 1925 2792 qua:
1962 2733 2088 2778 ante

506 2814 727 2878 saecula,
770 2816 1068 2870 secundum
1106 2831 1266 2884 quam
1303 2831 1463 2871 nemo
1498 2819 1602 2870 scit
1639 2817 1912 2870 Christum
1943 2816 2087 2871 unde

508 2911 597 2974 sit,
625 2926 731 2964 non
761 2911 1016 2966 fatentur.
1046 2911 1276 2976 idcirco,
1312 2926 1554 2965 cumnon
1577 2911 1937 2980 intelligerent
1963 2925 2085 2965 eum

507 3001 736 3071 duplicis
767 3009 993 3068 naturm,
1041 3011 1095 3056 et
1135 3018 1237 3056 una
1282 3003 1499 3072 quidem
1560 3002 1856 3066 sciebatur,
1917 3001 2086 3056 altera

509 3109 638 3148 vero
662 3108 806 3160 non,
848 3095 1034 3148 dicunt
1066 3098 1209 3163 quod
1252 3109 1357 3148 non
1392 3096 1459 3148 sit
1490 3095 1765 3148 Christus.

583 3185 746 3240 Vens.
781 3186 981 3251 28,29.
1016 3205 1033 3237 t
1076 3187 1343 3241 Clamavit
1375 3187 1537 3256 igitur
1572 3187 1623 3239 iu
1663 3185 1863 3256 templo
1891 3185 2090 3241 docens

508 3279 686 3342 Jesus,
719 3290 773 3334 et
803 3280 1022 3335 dicens:
1065 3279 1130 3333 Et
1164 3295 1250 3334 me
1281 3282 1454 3348 scitis,
1501 3289 1555 3335 et
1597 3280 1748 3334 scitis
1779 3280 1919 3333 unde
1949 3279 2086 3334 sim:

509 3381 562 3427 et
593 3388 621 3425 a
653 3372 860 3441 meipso
893 3386 997 3426 non
1048 3371 1189 3435 veni,
1225 3373 1317 3426 sed
1351 3382 1430 3426 est
1470 3385 1630 3425 verax
1659 3371 1748 3440 qui
1792 3371 1942 3424 misit
1982 3386 2089 3436 me,

510 3479 668 3534 quem
707 3479 803 3518 vos
837 3478 942 3517 non
994 3463 1245 3518 novistis.
1293 3463 1407 3532 Ego
1444 3479 1571 3517 vero
1609 3463 1732 3518 novi
1783 3478 1932 3526 eum,
1966 3463 2091 3532 quia

513 3561 581 3616 ab
616 3560 729 3629 ipso
761 3575 901 3624 sum,
941 3567 994 3612 et
1028 3559 1117 3611 ille
1152 3575 1235 3613 me
1273 3559 1438 3612 misit.
1478 3577 1495 3608 ι
1538 3557 1805 3623 Quoniam
1838 3573 1944 3612 non
1985 3557 2090 3610 alia

511 3657 580 3707 de
611 3668 772 3707 causa
808 3651 1080 3715 dicebant,
1131 3650 1281 3704 llunc
1337 3650 1478 3704 unde
1530 3651 1599 3704 sit
1659 3651 1892 3714 scimus,
1929 3665 2090 3718 quam

511 3747 801 3802 ostendere
841 3746 1084 3799 volentes
1119 3744 1261 3812 quod
1291 3743 1358 3797 de
1393 3752 1531 3796 terra
1576 3743 1668 3809 sit,
1704 3753 1758 3795 et
1783 3742 1924 3812 quod
1956 3741 2092 3795 fabri

513 3841 676 3903 illius,
732 3848 1014 3908 propterea
1074 3837 1282 3892 reducit
1335 3851 1428 3890 eos
1463 3835 1527 3890 ad
1582 3836 1813 3901 caelum,
1873 3836 2090 3892 dicens:

518 3952 535 3984 ‹
576 3931 638 3984 Et
693 3946 778 3985 tuo
841 3929 1014 3994 scitis,
1066 3937 1121 3981 et
1176 3928 1328 3982 scitis
1391 3929 1530 3981 unde
1587 3928 1713 3991 sim,
1781 3946 1799 3978 ›
1855 3930 1953 3981 hoc
1986 3937 2081 3981 est.

514 4023 762 4094 quamvis
794 4031 1015 4088 propter
1059 4019 1320 4074 malitiam
1367 4018 1660 4082 reticeatis,
1710 4018 1860 4072 scitis
1913 4029 2090 4073 tamen

515 4114 657 4166 unde
683 4113 807 4175 sim,
835 4111 978 4179 quod
1001 4110 1065 4165 de
1097 4110 1254 4166 caelo.
1291 4110 1557 4176 Quoniam
1592 4110 1735 4162 enim
1761 4109 1919 4162 Pater
1943 4124 2092 4163 meus

514 4207 660 4258 illinc
685 4214 786 4269 est,
819 4205 1162 4257 manifestum
1211 4202 1350 4270 quod
1403 4213 1451 4257 et
1507 4216 1605 4269 ego
1653 4201 1798 4255 illinc
1842 4217 1984 4265 sum,
2040 4209 2095 4254 et

513 4299 654 4365 quod
685 4297 750 4350 ab
775 4297 864 4350 illo
902 4296 1101 4348 missus
1132 4310 1270 4357 sum,
1299 4294 1390 4361 qui
1419 4303 1499 4346 est
1529 4308 1708 4346 verus.
1743 4291 1876 4357 Quia
1912 4302 2089 4345 autem

512 4390 604 4442 ille
641 4403 822 4453 verus,
849 4387 969 4440 ideo
997 4395 1051 4440 et
1085 4402 1181 4456 ego
1208 4388 1393 4454 utique
1430 4402 1588 4439 verax
1621 4396 1672 4439 et
1695 4401 1797 4438 non
1837 4385 2088 4438 mendax.

511 4482 631 4538 Non
668 4482 810 4536 enim
851 4496 1011 4534 verax
1054 4479 1398 4546 impostorem
1433 4487 1484 4531 et
1527 4478 1841 4531 mendacem
1875 4477 2092 4529 mittere

2192 2555 2422 2617 αἰώνων,
2447 2556 2662 2622 λέγεται
2690 2553 2885 2619 γενεὰν
2913 2550 3056 2621 ἔχειν
3085 2548 3399 2618 ὑπερτέραν
3437 2546 3641 2611 πάσης
3684 2541 3798 2604 διηο

2193 2652 2429 2721 γήσεως.
2455 2643 2615 2701 Οὗτοι
2659 2649 2836 2697 τοίνυν
2873 2646 2918 2696 οἱ
2959 2642 3386 2712 Ἱεροσολυμῖται
3456 2637 3568 2704 τὴν
3615 2634 3726 2704 μὲν
3749 2635 3802 2684 ὲν

2193 2741 2356 2808 σαρκὶ
2378 2741 2630 2808 γέννησιν
2660 2734 3012 2804 ὁμολογοῦσιν
3043 2732 3263 2794 εἰδέναι,
3300 2729 3393 2780 καὶ
3428 2726 3610 2778 πόθεν
3651 2722 3798 2776 ἐστὶ·

2192 2833 2290 2902 τὴν
2315 2832 2371 2883 δὲ
2398 2831 2504 2900 πρὸ
2526 2829 2758 2894 αῖώνων,
2785 2827 2907 2879 καθ’
2928 2825 2992 2896 ἢν
3031 2824 3131 2876 οὐκ
3159 2818 3267 2874 οἷδέ
3289 2839 3371 2882 τις
3395 2820 3490 2872 τὸν
3520 2816 3798 2887 Χριστὸν.

2192 2925 2356 2978 πόθεν
2401 2924 2570 2987 ἐστὶν,
2625 2923 2725 2988 οὐχ
2775 2917 3149 2988 ὁμολογοῦσιν.
3191 2915 3284 2968 Διὸ
3319 2913 3392 2983 μὴ
3433 2911 3803 2978 λογιζόμενοι

2191 3019 2272 3070 ὅτι
2303 3014 2521 3077 διπλοῦς
2542 3003 2638 3076 ὢν,
2668 3014 2729 3065 τὸ
2761 3012 2944 3080 μέντοι
2963 3007 3315 3076 γινώσκεται,
3332 3003 3391 3057 τὸ
3415 3003 3464 3056 δ’
3488 3003 3587 3070 οὒ,
3613 3002 3804 3071 φασὶν,

2191 3110 2265 3173 ὡς
2295 3109 2393 3162 οὐκ
2428 3108 2514 3176 εἴη
2547 3109 2576 3159 6
2613 3106 2870 3175 Χριστός.

2271 3218 2289 3251 ι
2323 3201 2594 3271 Ἔκραξεν
2616 3197 2708 3250 οὖν
2738 3197 2794 3248 ὲν
2820 3196 2897 3261 τῷ
2925 3192 3056 3264 ἱερῷ
3077 3190 3346 3244 διδάσκων
3371 3190 3398 3241 ὁ
3429 3186 3690 3256 Ἰησοῦς.
3715 3183 3808 3237 καὶ

2196 3293 2368 3361 λέγων
2393 3308 2406 3322 ⁸
2447 3291 2607 3360 Κάμὲ
2636 3290 2835 3350 οἴδατε,
2862 3288 2954 3341 καὶ
2984 3285 3162 3338 οἴδατε
3199 3281 3364 3334 πόθεν
3384 3279 3504 3348 εἰμι
3524 3295 3540 3306 ·
3575 3278 3683 3331 καὶ
3718 3275 3808 3329 ἀπ’

2194 3383 2434 3455 ἐμαυτοῦ
2467 3383 2565 3436 οὐκ
2600 3380 2857 3450 ἐλήλυθα,
2881 3377 2993 3431 ἀλλ’
3031 3377 3181 3429 ἔστιν
3203 3371 3461 3442 ἀληθινὸς
3500 3369 3527 3421 6
3572 3369 3810 3437 πέμψας

2198 3493 2286 3546 με,
2311 3475 2368 3527 ὃν
2387 3455 2544 3544 ὑμεῖς
2568 3473 2666 3525 οὐκ
2691 3472 2889 3524 οἴδατε.
2928 3467 3068 3535 Ἐγὼ
3091 3466 3146 3518 δὲ
3175 3459 3293 3517 οἶδα
3321 3461 3511 3520 αὐτὸν.
3545 3461 3644 3514 ὅτι
3676 3456 3808 3528 παρ’

2196 3567 2362 3620 αὐτοῦ
2405 3568 2543 3636 εἰμι,
2582 3563 2832 3625 κάκεῖνός
2887 3577 2954 3630 με
3006 3556 3349 3611 ἀπέστειλεν.
3389 3573 3406 3604 ι
3453 3551 3700 3620 Ἐπειδὴ
3729 3549 3807 3614 τὸ,

2203 3679 2221 3712 ι
2267 3658 2504 3728 Οἴδαμεν
2547 3656 2758 3720 τοῦτον,
2796 3653 2960 3705 πόθεν
3014 3649 3169 3708 ἐστὶ,
3217 3668 3234 3700 ι
3291 3648 3360 3699 δι’
3394 3645 3552 3698 οὐδὲν
3612 3644 3810 3712 ἕτερον

2197 3753 2400 3821 ἔλεγον,
2433 3750 2547 3803 ἀλλ’
2583 3749 2614 3816 ἢ
2643 3747 2811 3809 δεῖξαι
2840 3744 3085 3804 θέλοντες
3109 3781 3122 3802 ,
3151 3741 3233 3792 ὅτι
3259 3741 3321 3792 ὲκ
3357 3739 3460 3805 τῆς
3496 3738 3612 3804 γῆς
3657 3738 3807 3795 ἐστι,

2197 3845 2293 3897 καὶ
2319 3844 2398 3895 ὅτι
2427 3841 2678 3901 τέκτονος
2705 3837 2841 3900 υἱὸς,
2866 3834 2952 3888 διὰ
2988 3833 3146 3885 τοῦτο
3176 3831 3338 3891 αὐτὸς
3365 3828 3568 3895 ἀνάγει
3599 3821 3810 3888 αὖτοὺς

2197 3938 2274 3998 εἰς
2308 3935 2396 3986 τὸν
2430 3931 2657 4002 οὐρανὸν
2681 3928 2854 3996 λέγων
2879 3945 2891 3959 ·
2920 3944 2938 3976 ι
2975 3925 3082 3977 Καὶ
3107 3923 3207 3993 ἐμὲ
3247 3922 3452 3984 οἴδατε,
3495 3922 3596 3973 καὶ
3623 3921 3808 3970 οἴδατε

2197 4025 2359 4077 πόθεν
2415 4022 2570 4091 εἰμί’
2608 4019 2880 4080 τουτέστι,
2916 4017 3036 4070 Κᾶν
3073 4017 3120 4067 εἰ
3155 4013 3243 4067 διὰ
3273 4013 3373 4082 τὴν
3411 4011 3634 4064 κακίαν
3679 4026 3811 4075 συγ-

2196 4115 2531 4183 καλύπτητε,
2555 4113 2703 4180 ὅμως
2733 4110 2907 4162 οἴδατε
2934 4108 3098 4160 πόθεν
3137 4106 3276 4175 εἰμὶ,
3308 4105 3393 4157 ὅτι
3427 4103 3492 4167 ἐξ
3535 4102 3808 4172 οὐρανοῦ.

2209 4207 2362 4259 Ἐπεὶ
2396 4207 2505 4274 γὰρ
2528 4203 2736 4256 ἐκεῖθέν
2766 4204 2912 4253 ἐστιν
2949 4202 2977 4253 6
3010 4201 3201 4269 Πατήρ
3235 4215 3359 4266 μου,
3396 4197 3707 4266 πρόδηλον.
3731 4196 3812 4247 ὅτι

2197 4299 2290 4352 καὶ
2325 4297 2489 4359 αὐτὸς
2513 4295 2722 4349 ἐκεῖθέν
2753 4297 2889 4364 εἰμι,
2923 4293 3016 4345 καὶ
3043 4294 3123 4344 ὅτι
3142 4291 3272 4361 παρ’
3302 4290 3524 4342 ἐκείνου
3556 4291 3814 4342 αττεστὰ-

2194 4391 2314 4460 λην,
2349 4389 2405 4452 ὃς
2435 4389 2583 4440 ἐστιν
2615 4387 2845 4454 ἀληθής.
2886 4383 3034 4437 Ἐπεὶ
3055 4383 3110 4435 δὲ
3137 4385 3345 4444 ἐκεῖνος
3377 4381 3618 4451 ἀληθὴς,
3647 4381 3812 4446 κάγὼ

2195 4483 2260 4535 ἂν
2283 4482 2402 4551 εἴην
2434 4477 2660 4548 ἀληθὴς,
2687 4479 2780 4530 καὶ
2809 4478 2868 4529 οὐ
2904 4477 3124 4538 πλάνος.
3164 4475 3236 4526 Οὐ
3267 4474 3376 4540 γὰρ
3399 4472 3466 4525 ἂν
3507 4475 3536 4524 6
3565 4474 3807 4545 ἀληθὴς,

509 4575 690 4631 vellet.
727 4572 881 4627 Hunc
919 4580 1100 4626 autem
1131 4573 1220 4640 qui
1266 4569 1415 4624 misit
1461 4585 1547 4624 me
1572 4610 1586 4633 ,
1617 4586 1709 4623 vos
1745 4570 1957 4636 quidem
1993 4584 2086 4621 nc-

2195 4573 2395 4626 πλάνον
2450 4572 2541 4624 καὶ
2583 4569 2752 4639 ψευδῆ
2785 4568 3047 4636 ἠθέλησεν
3080 4567 3423 4620 ἀποστεῖλαι.
3482 4565 3706 4618 Τοῦτον
3755 4567 3810 4618 δὲ

514 4668 664 4722 scitis
700 4677 755 4720 et
785 4664 1067 4735 ignoratis,
1096 4662 1533 4731 quandoquidem
1588 4662 1639 4714 id
1683 4662 1939 4729 operibus
1983 4677 2088 4714 non

513 4757 822 4813 declaratis.
859 4755 990 4808 Nam
1033 4752 1194 4824 (sicut
1227 4751 1424 4803 Paulus
1470 4751 1644 4818 inquit
1671 4750 1738 4820 θ¹)
1776 4751 1826 4804 in
1863 4750 2089 4803 scicntia

515 4850 809 4921 ignorantia
838 4847 1003 4918 609
1032 4855 1132 4900 est.
1174 4863 1190 4895 ι
1220 4844 1410 4908 Deum,
1441 4845 1633 4913 inquit,
1663 4843 1900 4897 fatentur
1928 4843 2087 4906 scire,

514 4958 675 5012 opere
710 4950 884 4994 autem
915 4938 1227 4992 iuliciantur
1258 4953 1408 4990 eum.
1452 4937 1517 4990 Et
1551 4952 1646 4990 vos
1671 4937 1889 5004 quidem
1918 4933 2086 4988 Judtei

514 5035 736 5089 nescitis
775 5034 986 5086 Patrem
1031 5047 1230 5094 meum,
1268 5041 1489 5100 propter
1525 5048 1684 5099 opera
1716 5043 1892 5084 vestra
1927 5029 2088 5095 mala,

513 5139 564 5180 ct
590 5127 884 5198 pessimum
913 5126 1171 5177 animum.
1203 5124 1311 5195 Ego
1344 5135 1517 5178 autem
1555 5125 1699 5176 illum
1733 5125 1867 5186 scio,
1919 5137 2089 5191 neque

516 5220 658 5272 enim
690 5218 908 5279 obstant
942 5217 1072 5269 mihi
1108 5216 1189 5268 vel
1223 5232 1375 5271 mens
1427 5218 1589 5278 mala,
1623 5216 1702 5269 vel
1756 5230 1920 5282 opera
1970 5229 2089 5281 qua:

516 5308 590 5362 ilii
622 5309 926 5376 displicent,
961 5307 1246 5374 quominus
1271 5308 1414 5360 illum
1442 5324 1783 5376 cognoscam.
1817 5324 1837 5354 ι
1870 5307 1948 5358 Ab
1979 5308 2087 5373 ipsi

518 5403 659 5454 rnim
691 5418 830 5465 sum,
862 5420 877 5452 ι
910 5402 1009 5456 hoc
1028 5412 1129 5465 est,
1159 5418 1220 5454 cx
1250 5403 1383 5468 ipso,
1412 5416 1520 5469 non
1555 5401 1618 5451 ab
1643 5399 1742 5451 alia
1768 5398 2091 5459 substantia,

522 5494 598 5544 \cl
631 5493 832 5546 alienus
871 5495 934 5546 ab
969 5510 1054 5558 eo,
1089 5513 1104 5541 ι
1129 5503 1180 5544 et
1214 5494 1297 5543 ille
1329 5508 1412 5544 me
1451 5493 1645 5543 misit.»
1683 5492 1810 5543 Vide
1835 5500 2009 5543 autem
2043 5499 2095 5541 ct

523 5588 620 5640 hoc
654 5589 768 5640 loco
798 5593 929 5641 duas
958 5599 1176 5664 natu_ras
1221 5589 1269 5639 in
1317 5588 1533 5639 (Elii-isto
1564 5585 1898 5639 manifestari
1930 5603 1941 5638 :
2001 5601 2094 5650 per

523 5682 622 5734 hoc
655 5683 795 5733 cnim
820 5684 959 5749 quod
995 5683 1070 5732 ait
1103 5680 1406 5747 Apojlolus,
1432 5699 1448 5726 ‹
1481 5679 1559 5731 Ab
1594 5679 1709 5746 ipso
1742 5694 1877 5741 sum,
1915 5697 1932 5728 ι
1965 5679 2094 5731 sub-

590 5862 632 5892 “
670 5860 852 5914 Matth»
897 5879 952 5915 li.
993 5864 1058 5920 li;
1092 5862 1247 5916 Filt'lk
1280 5879 1326 5916 '.'.
1363 5863 1414 5913 “3.

1495 5863 1537 5892 ⁸³
1579 5862 1706 5918 ibid.

1789 5863 1831 5892 6°
1869 5861 1983 5932 .lsa.
2019 5874 2168 5926 l.\'lll,
2212 5863 2262 5914 8.

2198 4668 2288 4720 τὸν
2319 4662 2716 4718 ἀποστείλαντά
2767 4679 2855 4730 με,
2913 4661 3070 4730 ὑμεῖς
3109 4661 3208 4729 μὲν
3255 4660 3360 4712 οὐκ
3418 4659 3637 4735 οζδατε,
3694 4662 3811 4713 ἀλλ’

2199 4761 2443 4826 ἀγνοεῖτε
2471 4758 2692 4825 ἄγνοιαν
2722 4755 2819 4826 τὴν
2849 4755 2935 4806 διὰ
2950 4755 3057 4806 τῶν
3087 4753 3284 4820 ἔργων.
3323 4751 3413 4816 Ὠς
3439 4751 3555 4824 γὰρ
3586 4755 3620 4807 ὁ
3655 4754 3809 4808 Παζν-

2198 4852 2288 4916 λός
2315 4869 2478 4921 φησιν
2500 4891 2514 4914 ,
2551 4850 2696 4902 ἔστιν
2744 4849 2936 4916 ἄγνοια
2968 4849 3024 4899 ὲν
3058 4847 3280 4913 γνώσει.
3323 4865 3339 4897 t
3380 4845 3519 4899 Θεὸν
3549 4886 3564 4906 .
3603 4850 3807 4919 φησὶν,

2199 4945 2552 5013 ὁμολογοῦσιν
2581 4941 2798 5001 εἰδέναι,
2837 4943 2948 5003 τοῖς
2978 4939 3034 4992 δὲ
3090 4938 3272 5008 ἔργοις
3320 4939 3647 5006 ἀρνοῦνται.
3699 4943 3810 4994 Καὶ

2203 5039 2354 5106 ὑμεῖς
2379 5035 2469 5087 οῦν
2494 5035 2541 5087 οἱ
2589 5032 2832 5084 Ἰουδαῖοι
2863 5033 2960 5084 οὐκ
2987 5033 3162 5084 οἴδατε
3191 5034 3284 5084 τὸν
3316 5034 3542 5102 Πατέρα
3573 5053 3687 5102 μου
3722 5037 3810 5088 διὰ

2199 5130 2264 5180 τὰ
2294 5128 2429 5197 ἔργα
2462 5128 2612 5196 ὑμῶν
2639 5127 2707 5176 τὰ
2739 5123 2972 5192 πονηρὰ,
3002 5122 3097 5174 καὶ
3117 5123 3214 5191 τὴν
3237 5124 3512 5191 κακίστην
3540 5128 3802 5195 γνώμην,

2204 5237 2221 5268 ι
2271 5216 2412 5284 Ἐγὼ
2456 5217 2512 5269 δὲ
2565 5211 2683 5268 οἶδα
2733 5214 2914 5265 αὐτόν.
2958 5232 2976 5263 ι
3014 5213 3086 5265 υύ
3139 5215 3248 5281 γὰρ
3293 5216 3662 5283 ἑμττοδίξου-σί
3717 5237 3808 5286 μοι

2199 5309 2320 5363 οὔτε
2359 5309 2549 5377 γνώμη
2579 5307 2812 5375 πονηρὰ,
2834 5305 2954 5357 οὔτε
2988 5306 3122 5374 ἔργα
3148 5307 3540 5374 ἀπαρέσκοντα
3575 5311 3806 5378 ἐκείνῳ.

2201 5401 2336 5470 πρὸς
2375 5402 2474 5469 τὴν
2502 5399 2702 5469 γνῶσιν
2753 5396 2940 5451 αὑτοῦ.
2982 5416 3000 5449 ι
3042 5400 3178 5466 Παρ¹
3215 5399 3384 5450 αὐτοῦ
3432 5402 3539 5470 γάρ
3575 5402 3700 5469 εἰμι
3733 5419 3745 5430 ·
3785 5422 3801 5451 ›

2201 5493 2501 5554 τουτέστιν,
2536 5491 2592 5555 ἐξ
2628 5490 2818 5554 αὑτοῦ,
2855 5490 2953 5541 οὐκ
2990 5491 3082 5542 ἀπ’
3121 5490 3286 5556 ἄλλης
3320 5494 3532 5554 οὐςίας,
3567 5495 3597 5559 ἢ
3641 5494 3794 5546 ἐιλὲςέ-

2202 5603 2348 5655 τριος
2396 5584 2583 5647 αὑτοῦ,
2626 5602 2643 5632 ‹
2700 5584 2952 5644 κάκεῖνός
2994 5600 3059 5651 με
3096 5583 3444 5636 ἀπέστειλεν.
3491 5604 3507 5634 ι
3551 5587 3706 5653 Ὅρα
3751 5586 3799 5636 6?:

2197 5675 2436 5730 ἐνταῦθα
2457 5674 2552 5735 τὰς
2576 5675 2668 5726 δύο
2697 5675 2885 5742 φύσεις
2910 5674 3002 5728 τοῦ
3033 5674 3275 5744 Χριστοῦ
3294 5677 3638 5745 δηλουμένας
3675 5694 3686 5705 '
3717 5678 3798 5729 διὰ

2343 5861 2380 5890 ⁶¹
2421 5857 2529 5912 Tit.
2568 5859 2718 5923 ι,16-
