3936 6396
145 405 276 466 1ἷῖ3ῗ

144 515 244 582 μὲν
276 510 389 569 τοῦ,
438 533 452 559 ι
503 509 635 572 Πλῷ
680 511 847 560 aha}
886 515 1022 578 εἰμι,

139 621 340 677 τητος·
376 603 461 657 διὰ
507 603 564 655 δὲ
598 601 713 668 τοῦ,
759 622 775 652 ι
819 603 1088 664 Κάκεῖνος
1144 619 1212 670 με
1267 603 1583 661 ἀπέστειλε,
1621 620 1638 651 ›
1681 601 1740 652 τὸ

142 697 528 768 ἀνθρώπινον·
587 695 888 756 ἀπόστολος
942 693 1051 764 γὰρ
1088 695 1227 748 κατά
1287 694 1348 746 τὸ
1399 693 1741 766 ἀνθρώπινον

139 789 382 856 λέγεται,
418 789 554 840 καθὸ
578 789 670 839 καὶ
706 787 888 849 δοῦλος
914 789 938 838 ὁ
976 787 1101 848 Υἱὸς
1130 787 1222 840 τοῦ
1256 788 1412 839 Θεοῦ,

220 902 236 930 ε
299 882 558 948 Ἐζήτουν
605 877 696 930 οἷν
742 880 902 931 αὑτὸν
939 881 1155 941 πιάσαι,
1197 882 1289 931 καὶ
1324 879 1500 940 οὐδεὶς
1542 879 1740 930 ἐπέδα-

137 973 231 1022 λεν
268 972 354 1022 ἐπ’
383 971 545 1022 αὑτὸν
578 970 676 1030 τὰς
709 973 917 1039 χεῖρας,
957 973 1038 1022 ὅτι
1080 970 1233 1022 οὔπω
1274 970 1584 1040 ἐληλύθειή
1620 969 1736 1038 ὦρα

137 1064 328 1117 αὑτοῦ.
367 1062 561 1116 Πολλοὶ
595 1057 688 1114 οὑν
731 1063 794 1113 ἐκ
829 1062 924 1113 τοῦ
957 1062 1117 1130 ὄχλου
1158 1062 1492 1114 ἐπίστευσαν
1534 1063 1613 1122 είς
1636 1062 1737 1111 αὑ·-

136 1157 250 1220 τὲν,
312 1156 405 1207 καὶ
465 1155 687 1220 ἔλεγον,
730 1155 810 1206 ὃτι
855 1154 913 1206 Ὀ
948 1154 1183 1223 Χρισιὸς
1221 1154 1348 1205 ὅταν
1385 1153 1514 1223 ἔλθῃ
1545 1193 1557 1216 ,
1606 1153 1736 1221 μήτι

138 1247 311 1301 πλείω
344 1248 545 1316 σημεῖα
573 1246 781 1298 τούτων
823 1247 1064 1316 ποιήσει,
1100 1239 1174 1298 ὧν
1205 1239 1359 1308 οὗτος
1386 1245 1670 1313 ἐποίησεν;
1712 1262 1730 1295 ›

136 1339 412 1392 Δεικνύων
435 1340 463 1390 ὁ
506 1338 902 1407 εὐαγγελιστὴς
931 1380 942 1400 .
979 1339 1062 1390 ὅτι
1099 1338 1350 1408 ἀοράτως
1397 1337 1735 1405 κατείχοντο,

137 1434 233 1485 καὶ
260 1435 339 1484 ὅτι
373 1430 515 1486 ἐκὼν
544 1432 736 1495 ἔπαθε,
761 1434 854 1486 καὶ
870 1432 969 1483 οὑκ
995 1431 1054 1495 ἐξ
1083 1432 1410 1499 ἀδυναμίας,
1442 1432 1628 1498 φησὶν,
1653 1431 1736 1483 ὅτι

142 1543 159 1576 ι
217 1523 480 1595 Ἐζήτουν
512 1524 676 1577 αὑτὸν
715 1525 908 1576 πιάσαι
937 1566 948 1583 ,
996 1526 1091 1576 καὶ
1131 1525 1306 1585 οὐδεὶς
1337 1523 1603 1576 ἐπέϐαλεν
1636 1524 1736 1576 ἐπ’

138 1618 303 1671 αὑτὸν
324 1619 419 1680 τὰς
444 1620 650 1687 χεῖρας.
679 1638 695 1669 ι
720 1617 792 1670 Τὸ
818 1618 894 1680 δὲ,
919 1616 1088 1670 Οὑπω
1107 1611 1272 1687 ἦλθεν
1297 1617 1328 1684 ἠ
1353 1615 1472 1684 ὥρα
1492 1615 1678 1678 αὑτοῦ,
1709 1635 1727 1666 ι

137 1709 263 1777 ἔφη,
314 1710 411 1779 οὑχ
465 1712 547 1763 ὅτι
599 1711 812 1778 καιροῖς
854 1709 1134 1769 ὑπέκειτο,
1190 1708 1307 1760 ἀλλ’
1338 1709 1422 1761 ὅτι
1462 1709 1641 1761 πάντα
1677 1709 1734 1758 ἐν

134 1803 276 1874 ὥρᾳ.
309 1805 401 1854 καὶ
433 1802 723 1872 ἐπιτηδείῳ
745 1802 922 1871 καιρῷ
959 1802 1050 1856 καὶ
1080 1802 1156 1872 τῷ
1192 1803 1526 1871 προσήκοντι
1567 1801 1729 1851 ποιεῖ.

825 393 1269 456 ΙΞΝᾹΗΒᾸΤΚ)
1310 395 1386 454 ιΝ
1432 390 1732 455 EVANGE

1844 388 1936 448 ΠΙ
1976 393 2396 455 JOANNIS-—
2429 393 2590 454 CAP.
2629 392 2761 453 VII.

1060 531 1073 558 ι
1112 509 1208 580 τὴν
1236 510 1429 563 οὐσίαν
1466 509 1560 578 τῆς
1615 507 1733 560 θεό-

1844 513 2043 564 Stantia
2070 511 2249 565 divina
2271 512 2583 567 declaratur
2606 529 2620 577 ;
2641 525 2763 564 eum
2790 521 2916 562 vero
2939 505 3036 573 ait,
3071 524 3088 557 ι
3110 505 3175 560 Et
3203 505 3452 563 illetnisii

3312 384 3451 449 1333

1853 616 1960 666 tne,
2002 603 2236 655 humana
2273 621 2285 655 :
2321 603 2621 656 secundum
2666 599 2812 653 enim
2861 602 3150 652 humanam
3206 607 3456 650 naturam

1852 697 2054 750 missus
2095 695 2295 749 dicitur
2340 707 2504 763 atque
2547 695 2714 749 etiam
2752 708 2971 754 servus,
3004 692 3098 764 qui
3145 689 3317 745 Filius
3367 700 3452 742 est

1851 787 1968 841 Dei.

1925 880 2087 934 Vsus.
2130 881 2220 944 50,
2272 880 2361 933 5-1.
2421 897 2438 931 ‹
2480 878 2810 945 Qna'rebant
2857 876 3024 946 igitur
3059 875 3210 929 illum
3257 888 3451 944 appre-

1849 972 2113 1036 hendere,
2157 984 2211 1026 et
2254 987 2413 1027 nemo
2454 970 2602 1024 misit
2645 983 2838 1024 manus
2868 970 2917 1021 in
2950 967 3125 1031 illum,
3160 967 3285 1036 quia
3316 981 3452 1021 non-

1847 1067 1973 1120 dum
2011 1074 2234 1120 venerat
2288 1066 2419 1120 hora
2466 1065 2602 1134 ejus.
2640 1063 2786 1117 Multi
2821 1072 3003 1116 autem
3032 1076 3096 1114 ex
3127 1060 3284 1113 turba
3317 1049 3450 1113 cre-

1847 1159 2102 1214 didernnt
2163 1159 2216 1212 in
2269 1174 2414 1220 eum,
2451 1166 2508 1210 et
2560 1156 2818 1212 dicebant
2853 1153 2996 1223 quod
3026 1153 3279 1207 Christus
3325 1165 3450 1205 cum

1847 1253 2078 1316 venerit,
2119 1268 2247 1306 num
2282 1253 2433 1321 signa
2470 1251 2628 1319 plura
2658 1251 2784 1304 edet
2817 1249 2882 1302 iis
2912 1262 3031 1314 qua:
3062 1247 3150 1301 hic
3179 1242 3389 1299 edidit?
3429 1262 3445 1295 ι

1846 1343 2156 1400 Ostendens
2205 1343 2542 1412 evangelista
2612 1343 2757 1409 quod
2817 1339 3165 1395 invisibiliter
3225 1336 3454 1392 cohibe-

1851 1448 2061 1502 rentur,
2088 1446 2141 1490 et
2173 1437 2317 1506 quod
2354 1447 2550 1506 sponte
2596 1444 2901 1504 pateretur,
2949 1447 3053 1487 non
3095 1447 3158 1486 ex
3207 1428 3454 1484 imbecil-

1847 1530 2012 1592 litate,
2074 1530 2260 1582 dicit:
2319 1547 2336 1580 ι
2391 1527 2721 1593 Quaerebam
2786 1526 2942 1581 illum
3015 1525 3453 1593 apprehendere,

1846 1622 2025 1675 nullus
2064 1634 2244 1675 autem
2284 1621 2430 1675 misit
2483 1621 2535 1673 in
2588 1620 2738 1673 illmn
2770 1634 2983 1672 manus.
3028 1636 3045 1668 ι
3082 1616 3235 1684 Quod
3268 1625 3448 1669 autem

1849 1734 1866 1765 ι
1905 1712 2158 1767 Nondum
2190 1713 2397 1767 venerit
2426 1714 2558 1766 liora
2591 1711 2731 1780 ejus,
2772 1727 2790 1760 ι
2829 1709 2966 1764 dixit
3004 1724 3110 1762 non
3135 1706 3278 1776 quod
3319 1715 3450 1760 tem-

1845 1808 2070 1876 poribus
2097 1815 2241 1860 esset
2290 1805 2586 1871 obnoxius,
2639 1804 2732 1859 sed
2770 1803 2916 1872 quod
2966 1801 3150 1855 omnia
3203 1810 3452 1872 tempore

147 1895 341 1948 ἸΙνίκα
391 1897 499 1964 γὰρ
543 1895 605 1947 τὸ
655 1894 846 1947 παθεῖν
878 1892 1136 1962 εὔκαιρον
1182 1893 1493 1961 ἐλογίσατο,
1525 1891 1730 1960 δηλαδὴ

1844 1910 2140 1968 opportuno
2202 1909 2255 1952 et
2324 1899 2454 1953 hora
2519 1897 2864 1952 convenienti
2950 1895 3158 1950 fecerit.
3221 1893 3456 1960 Quando

135 1989 279 2040 κατὰ
313 1988 402 2040 τὸν
433 1987 634 2056 ὡραῖον
665 1989 758 2040 καὶ
791 1988 1103 2055 ἐπιτήδειον
1131 1988 1346 2057 χρόνον,
1377 1985 1497 2036 τότε
1540 1982 1604 2051 δὴ
1641 1984 1735 2035 καὶ

135 2083 249 2142 τοῖς
303 2081 645 2147 σταυρωταῖς
704 2079 1076 2149 συνεχώρησε.
1116 2080 1301 2130 Πάντα
1357 2077 1465 2146 γὰρ
1510 2079 1565 2130 ἐν
1615 2094 1736 2127 και-

138 2174 249 2239 ροῖς
304 2170 526 2240 ὡραίοις
567 2171 661 2222 καὶ
713 2163 1042 2236 ἐπιτηδείοις
1083 2172 1228 2222 ποιεῖ
1281 2168 1376 2222 καὶ
1426 2168 1724 2235 οἰκονομεῖ.

131 2258 285 2323 Οἷον,
318 2261 423 2313 ἔδει
445 2261 667 2330 δοθῆναι
695 2261 785 2313 τὸν
810 2261 995 2330 νόμον,
1029 2261 1143 2315 ἀλλ’
1166 2262 1222 2312 ἐν
1254 2261 1433 2332 καιρῷ
1459 2262 1537 2330 τῲ
1568 2276 1737 2328 προσο

132 2353 353 2417 ήκοντι,
392 2351 518 2412 τοὺς
584 2351 876 2421 προφήτας
912 2353 1136 2422 ὁμοίως,
1166 2353 1259 2403 καὶ
1289 2352 1350 2404 τὸ
1377 2351 1732 2419 Εὑαγγέλιον.

133 2441 208 2494 Τὸ
235 2437 327 2494 οὖν
367 2445 462 2512 τῆς
493 2441 641 2506 ὧρας
669 2443 860 2511 ονομα,
892 2443 951 2494 τὸ
1001 2443 1228 2512 ἀκριϐὲς
1271 2445 1371 2513 τῆς
1405 2443 1599 2510 σοφίας
1639 2443 1734 2496 καὶ

132 2534 232 2602 τῆς
264 2535 516 2602 προνοίας
551 2533 644 2586 τοῦ
676 2535 930 2603 Σωτῆρος
969 2536 1331 2587 ἐνδείκνυται.
1367 2553 1382 2584 t
1447 2535 1638 2587 Πολλοὶ
1678 2534 1734 2586 δὲ

132 2626 465 2677 ἐπίστευσαν
490 2625 660 2695 αὑτῷ,
694 2626 972 2692 λέγοντεςο
1000 2627 1091 2696 Μὴ
1123 2628 1148 2680 ὁ
1177 2627 1411 2696 Χριστὸς
1448 2627 1617 2678 πλείω
1643 2644 1737 2695 ση-

137 2719 266 2786 μεῖα
299 2719 530 2787 ποιήσει,
575 2714 649 2774 ὧν
692 2715 846 2782 οὗτος
875 2722 1132 2788 ἐποίησε;
1185 2740 1202 2771 ι
1246 2721 1483 2786 Λέγουσι
1516 2721 1573 2773 δὲ
1604 2721 1735 2788 περὶ

133 2809 228 2862 τοῦ
259 2810 402 2862 οἴνου
433 2811 525 2862 τοῦ
563 2814 618 2863 ἐν
653 2813 829 2881 Κανᾷ,
869 2811 960 2862 τοῦ
997 2812 1110 2862 υἱοῦ
1147 2811 1240 2862 τοῦ
1281 2810 1563 2880 βασιλικοῦ
1592 2849 1606 2872 ,
1640 2809 1733 2862 τοῦ

132 2902 470 2970 παραλύτου,
501 2903 608 2954 τῶν
637 2903 839 2972 ἄρτων,
878 2904 971 2954 καὶ
1005 2904 1196 2964 ἁπλῶς
1241 2903 1349 2954 τῶν
1384 2903 1560 2956 ἄλλων
1594 2902 1734 2955 πάν-

135 3011 266 3056 των,
322 2987 395 3045 ὧν
445 2994 564 3045 οὑδέ
596 2997 642 3045 οἱ
676 2995 1086 3060 εὑαγγελισταὶ,
1123 2995 1208 3047 διὰ
1247 2997 1307 3047 τὸ
1340 2995 1541 3064 πλῆθος
1571 3035 1584 3059 ,
1620 2995 1734 3046 δνο-

138 3087 304 3155 μαστὶ
341 3087 766 3156 ἐπιμέμνηνται.
803 3088 948 3158 Πλὴν
977 3090 1023 3140 εἰ
1059 3091 1152 3140 καί
1177 3087 1396 3149 ἀκούεις
1419 3131 1435 3152 ,
1472 3090 1554 3140 ὅτι
1609 3088 1736 3139 ἐπί-

137 3197 370 3233 στευσαν
406 3179 609 3243 πολλοὶ,
643 3180 756 3233 ἀλλ’
787 3177 878 3233 οὖν
922 3183 1021 3232 οὑκ
1070 3181 1306 3251 ἀκριϐὴς
1346 3177 1414 3251 ἦν
1470 3184 1503 3252 ή
1552 3181 1736 3242 πίστις

138 3271 342 3337 αἰτῶν,
382 3272 496 3324 ἀλλ’
529 3273 648 3324 οἵαν
680 3273 827 3334 εἰκὸς
867 3269 1006 3324 εἶναι
1033 3273 1269 3341 πλήθους
1306 3273 1553 3342 χυδαῖον,
1576 3274 1735 3328 ἄλλο·

137 3379 192 3416 τε
230 3363 404 3426 ἄλλως
431 3366 904 3434 μεταταττομένου
953 3367 1073 3428 ταῖς
1107 3367 1381 3434 γνώμαις.

212 3563 230 3593 ε
274 3545 554 3595 Ἤκουσαν
611 3545 662 3597 οἱ
709 3546 999 3615 Φαρισαῖοι
1043 3546 1407 3613 γογγύζοντος
1442 3547 1536 3598 τοῦ
1574 3547 1733 3614 ὄχλου

136 3633 263 3702 περὶ
292 3631 456 3684 αὑτοῦ
491 3632 664 3684 ταῦτα
699 3649 710 3660 ·
753 3635 844 3686 καὶ
880 3633 1211 3686 ἀπέστειλαν
1234 3633 1513 3702 ὑπηρέτας
1538 3633 1588 3682 οἱ
1623 3633 1735 3682 Φα-

145 3727 348 3794 ρισαῖοι
386 3725 480 3777 καὶ
510 3727 557 3776 οἱ
587 3727 892 3794 ἀρχιερεῖς,
922 3726 1006 3777 ἵνα
1044 3727 1314 3777 πιάσωσιν
1345 3725 1528 3776 αὑτὸν.
1568 3720 1735 3776 Εἶπεν

133 3816 227 3871 οὖν
257 3820 440 3880 αὐτοῖς
468 3821 494 3871 ὁ
530 3819 739 3888 Ἰησοῦς
766 3835 777 3847 ⁸
818 3819 939 3870 ’Έτι
979 3818 1172 3888 μικρὸν
1202 3819 1394 3886 χρόνον
1433 3816 1551 3885 μεθ’
1583 3816 1735 3885 ὑμῶν

134 3915 272 3980 εἰμι,
298 3913 390 3963 καὶ
417 3911 616 3978 ὑπάγω
652 3910 789 3980 πρὸς
840 3912 932 3962 τὸν
977 3910 1274 3978 πέμψαντὰ
1320 3926 1408 3977 με.
1458 3909 1735 3977 Ζητήσετέ

139 4021 228 4072 με,
267 4002 362 4056 καὶ
394 4003 491 4073 οὑχ
533 4003 797 4072 εὑρήσετε
827 4019 838 4031 ·
881 4004 973 4054 καὶ
998 4002 1132 4054 ὅπου
1170 4000 1279 4068 ἐγώ
1312 4004 1448 4068 εἰμι,
1478 4001 1636 4068 ὑμεῖς
1674 4001 1733 4053 οὑ

134 4096 363 4151 δύνασθε
395 4095 589 4148 ἐλθεῖν.
631 4091 797 4145 Εἶπον
827 4089 920 4144 οὖν
945 4093 994 4143 oi
1032 4092 1279 4143 Ἰουδαῖοι
1311 4091 1445 4158 πρὸς
1466 4088 1695 4151 ἑαυτούς
1718 4107 1731 4119 ·

136 4193 245 4248 Ποῦ
273 4184 429 4252 οὗτος
463 4190 649 4259 μέλλει
675 4186 1033 4258 πορεύεσθαι,
1065 4188 1142 4238 ὅτι
1173 4187 1335 4254 ἡμεῖς
1370 4184 1469 4253 οὑχ
1503 4183 1736 4251 εὑρήσο-

140 4303 238 4355 μεν
284 4284 480 4347 αὑτὸν;
535 4283 626 4349 Μὴ
675 4282 753 4343 εἰς
808 4281 907 4345 τὴν
961 4279 1267 4347 διασπορὰν
1313 4277 1422 4328 τῶν
1463 4276 1735 4345 Ἑλλήνων

139 4379 323 4448 μέλλει
372 4375 739 4446 πορεύεσθαι,
779 4374 873 4426 καὶ
925 4373 1201 4425 διδάσκειν
1247 4372 1376 4432 τοὺς
1417 4369 1730 4438 ”Ελληνας;

137 4471 232 4535 Τίς
285 4471 432 4523 ἐστιν
464 4471 491 4520 ὀ
533 4468 690 4535 λόγος
722 4461 874 4528 οὗτος
909 4466 968 4518 ὃν
1015 4461 1136 4516 εἶπε
1159 4480 1173 4494 ·
1211 4464 1486 4532 Ζητήσετέ
1518 4480 1605 4531 με,
1639 4463 1732 4514 καί

1839 1994 1984 2048 enim
2026 1993 2408 2061 tempestivum
2433 1991 2770 2046 existimavit
2796 1990 2941 2059 quod
2981 1996 3284 2060 pateretur,
3311 1995 3440 2040 tunc

1836 2096 1888 2139 et
1919 2085 2341 2141 crncilixoribns
2382 2100 2442 2138 se
2471 2083 2744 2153 permisit.
2773 2081 2970 2138 Omnia
2999 2082 3144 2136 enim
3189 2080 3454 2148 tempori-

1844 2180 1946 2234 bus
1978 2179 2303 2249 opportunis
2335 2188 2389 2232 et
2426 2177 2801 2231 accommodis
2830 2175 2959 2230 facit
2989 2191 3052 2230 ac
3087 2174 3406 2230 moderatur
3435 2194 3447 2230 :

1837 2282 1890 2324 et
1935 2272 2077 2324 sicut
2113 2271 2285 2340 legem
2333 2270 2451 2324 dari
2502 2269 2863 2322 conveniebat
2909 2277 3152 2336 tempore
3183 2282 3450 2336 congruo,

1839 2365 1910 2418 ita
1964 2363 2217 2416 similiter
2262 2377 2316 2417 et
2374 2365 2692 2431 prophetas,
2749 2373 2801 2416 et
2853 2361 3238 2430 Evangelinm.
3297 2359 3456 2417 Unde

1837 2471 2034 2510 nomen
2110 2456 2256 2508 horae
2332 2455 2573 2508 ostendit
2625 2455 2933 2508 evidentem
2994 2454 3339 2522 prudentiam
3397 2464 3455 2508 et

1838 2549 2162 2615 sapientiam
2211 2547 2542 2602 Salvatoris.
2588 2567 2605 2597 ι
2667 2546 2820 2601 Multi
2873 2558 3054 2603 autem
3100 2548 3456 2603 crediderunt

1837 2641 1906 2702 ei,
1946 2645 2192 2694 dicentes
2221 2658 2233 2693 :
2267 2637 2526 2706 Nunquid
2570 2638 2824 2692 Christus
2872 2637 3025 2706 plura
3065 2638 3219 2707 signa
3255 2636 3446 2701 faciet,

1839 2745 1999 2797 quam
2035 2730 2123 2783 hic
2161 2729 2331 2784 fecit?
2371 2747 2388 2779 ι
2434 2727 2632 2781 Dicunt
2679 2737 2860 2780 autem
2909 2729 2976 2781 de
3026 2728 3156 2782 vino
3197 2727 3250 2781 in
3301 2725 3452 2782 Cana

1839 2820 2098 2886 Galilzeae,
2131 2822 2195 2874 de
2227 2820 2339 2874 lilio
2370 2819 2540 2888 regio,
2595 2822 2660 2871 de
2709 2818 3033 2890 paralytico,
3086 2820 3152 2874 de
3195 2819 3452 2888 panibus,

1839 2921 1893 2964 et
1945 2912 1996 2964 in
2047 2927 2262 2966 summa
2315 2912 2382 2966 de
2433 2910 2555 2965 aliis
2609 2911 2886 2975 omnibus,
2931 2912 2999 2967 de
3038 2911 3239 2981 quibus
3272 2927 3454 2982 neque

1841 3004 2187 3073 evangelista:
2246 3013 2471 3073 propter
2520 3005 2926 3059 multitudinem
2985 3005 3230 3074 ipsorum
3273 3005 3454 3060 nomi-

1843 3096 2014 3148 natim
2056 3094 2390 3148 mentionem
2427 3094 2698 3150 iecerunt.
2744 3095 3134 3150 Verumtamen
3170 3110 3294 3151 cum
3350 3112 3450 3149 au-

1844 3187 2010 3241 dieris
2039 3187 2182 3255 quod
2222 3188 2377 3241 multi
2419 3189 2781 3252 crediderint,
2829 3188 2976 3243 scias
3028 3188 3247 3244 illorum
3285 3187 3446 3242 fidem

1841 3288 2088 3332 exactam
2133 3293 2241 3332 non
2279 3277 2468 3343 fuisse,
2501 3278 2594 3333 sed
2628 3279 2848 3348 qualem
2880 3279 3181 3333 verisimile
3213 3289 3298 3333 est
3327 3294 3455 3334 esse

1842 3372 1895 3425 in
1954 3372 2160 3442 vulgari
2213 3372 2589 3438 multitudine,
2643 3372 2876 3426 subinde
2925 3382 3173 3428 mutante
3225 3383 3448 3428 senten-

1842 3472 1992 3514 liam.

1909 3554 2073 3607 Vsus.
2108 3553 2299 3607 52-56.
2339 3573 2356 3604 ι
2401 3553 2708 3608 Audierunt
2739 3554 3003 3609 Pharisaei
3039 3557 3253 3609 turbam
3301 3572 3452 3611 mur-

1843 3654 2157 3699 mur-antem
2212 3644 2278 3697 de
2329 3643 2418 3696 illo
2474 3643 2610 3709 hzec,
2659 3654 2707 3698 et
2763 3645 3033 3699 miserunt
3085 3645 3350 3702 Pharisaei
3387 3661 3451 3702 ac

1841 3736 2116 3804 principes
2154 3734 2505 3789 sacerdotum
2558 3735 2841 3790 ministros
2875 3745 2933 3789 ut
2975 3739 3454 3806 apprehenderent

1839 3845 1986 3881 enm.
2033 3828 2177 3881 Dixit
2229 3844 2358 3897 ergo
2390 3829 2473 3883 eis
2522 3827 2683 3884 Jesus
2735 3829 2974 3882 :Adhnc
3011 3830 3266 3897 pusillum
3312 3840 3451 3885 tem-

1839 3921 1989 3988 poris
2020 3921 2302 3975 vobiscum
2339 3936 2481 3986 sum,
2511 3929 2566 3975 et
2613 3921 2749 3976 abeo
2779 3924 2842 3972 ad
2882 3937 3004 3976 eum
3033 3924 3122 3992 qui
3162 3939 3247 3977 me
3277 3924 3447 3979 misit.

1841 4012 2105 4074 Qnmmtis
2137 4028 2242 4076 me,
2280 4028 2380 4067 nec
2425 4012 2740 4068 invenietis.
2791 4014 2860 4067 Et
2907 4013 2998 4067 ubi
3040 4029 3143 4084 ego
3179 4030 3299 4070 sum
3328 4056 3342 4081 ,
3383 4031 3451 4072 eo

1839 4119 1936 4157 vos
1972 4120 2078 4158 non
2119 4105 2350 4173 potestis
2386 4105 2595 4160 venire.
2632 4105 2898 4159 Dixerunt
2928 4121 3060 4176 ergo
3092 4106 3266 4161 Judaei
3304 4109 3450 4163 inter

1841 4197 2162 4262 sese:Quo
2218 4197 2306 4251 hic
2370 4197 2551 4252 iturus
2606 4207 2714 4264 est,
2771 4201 2896 4267 quia
2936 4215 3044 4254 non
3103 4200 3451 4255 inveniemus

1839 4290 2007 4344 eum?
2048 4290 2186 4344 Nmn
2228 4293 2279 4345 in
2314 4292 2711 4361 dispersionem
2747 4295 2990 4360 gentium
3027 4295 3202 4347 iturus
3243 4302 3349 4354 est,
3390 4307 3446 4347 et

1839 4383 2098 4436 docturus
2129 4383 2367 4454 gentes?
2404 4385 2536 4450 Quis
2589 4396 2674 4440 est
2719 4387 2809 4440 hic
2865 4401 3048 4441 sermo
3081 4402 3241 4456 quem
3285 4388 3446 4449 dixit,

1839 4474 2106 4540 Qumretis
2142 4491 2252 4540 me,
2308 4486 2364 4532 et
2410 4492 2514 4530 non
2561 4478 2880 4539 invenietis,
2919 4486 2975 4531 et
3011 4480 3099 4533 ubi
3163 4494 3262 4549 ego
3295 4496 3443 4540 sum,

135 4564 232 4632 οὑχ
263 4562 528 4631 εὑρήσετε
557 4577 570 4590 ’
608 4558 701 4610 καὶ
736 4558 871 4609 ὅπου
906 4557 1025 4624 είμὶ
1057 4554 1190 4622 ἐγὼ,
1222 4555 1380 4622 ὑμεῖς
1409 4556 1467 4606 οὑ
1501 4553 1730 4606 δύνασθε

1844 4581 1905 4619 eo
1939 4581 2033 4619 vos
2085 4581 2190 4620 non
2240 4569 2472 4634 potestis
2523 4567 2757 4622 venire?
2815 4585 2833 4618 ι
2865 4567 3006 4634 Quia
3065 4569 3448 4623 murmurabat

135 4657 305 4711 ἐλθεῖν
334 4673 348 4721 ;
391 4674 407 4707 ι
443 4657 519 4708 Δι’
547 4648 621 4708 ὧν
655 4652 955 4722 ἐγδγγυζεν
975 4656 1000 4704 ὁ
1027 4652 1205 4722 ὄχλος,
1236 4652 1495 4728 ἐνέφηνεν
1519 4651 1592 4712 ὠς
1623 4648 1732 4719 ἄρα

134 4751 509 4820 χρηστοτέραν
535 4750 692 4819 ἔσχον
724 4748 986 4812 διάθεσιν,
1014 4747 1108 4800 καὶ
1141 4747 1374 4817 μερικήν
1399 4763 1523 4799 τινα
1543 4745 1726 4798 πίστιν

136 4845 274 4914 πρὸς
309 4844 400 4896 τὸν
423 4843 650 4910 Κύριον,
676 4843 769 4896 καὶ
791 4842 864 4904 ὼς
897 4840 1304 4910 ἀποσχισθῆναι
1325 4840 1430 4891 τῶν
1455 4840 1734 4908 ἀρχόντων

137 4926 429 5006 ὴ6ούλ.“οντο
456 4954 469 4967 ο
498 4929 669 5005 οὗπερ
702 4935 899 4986 ἐκεῖνοι
925 4933 1260 5002 αἰσθόμενοι,
1292 4932 1555 5001 ἔπεμψαν
1603 4933 1731 4983 συλ-

135 5028 394 5080 λαϐέσθαι
433 5025 644 5091 τοῦτον,
677 5026 766 5079 διὰ
805 5027 966 5078 τοῦτο
994 5026 1154 5092 μόνον
1185 5027 1265 5077 ὅτι
1301 5023 1619 5076 ἐπιστεύετο
1655 5017 1731 5075 εἴ·

134 5138 222 5172 ναι
242 5121 495 5189 Χριστός.
525 5120 819 5188 Ἔπεμῴαν
848 5119 924 5181 δὲ,
957 5119 1070 5170 ἀλλ’
1098 5117 1198 5170 οὑκ
1229 5118 1380 5170 αὐτοὶ
1414 5111 1600 5186 ἦλθον,
1633 5132 1731 5182 φο-

139 5209 393 5279 ϐούμενοι
444 5209 534 5261 τὸν
585 5208 779 5278 ὄχλον,
841 5213 1001 5277 μήτι
1057 5209 1458 5276 νεωτερίσωσιο
1493 5206 1572 5258 διὸ
1606 5207 1731 5268 τοὺς

141 5303 416 5371 ὑπηρέτας
456 5302 791 5364 στέλλουσιν,
829 5303 1062 5363 ἑαυτοὺς
1102 5302 1200 5370 μὲν
1237 5301 1603 5372 ὑπεξάγοντες
1637 5298 1730 5351 τοῦ

143 5398 268 5458 ἴσως
307 5395 733 5466 συμϐησομένου
768 5397 1040 5454 κινδύνου,
1083 5396 1328 5458 ἐκείνους
1360 5395 1415 5446 δὲ
1465 5393 1541 5462 τῷ
1574 5392 1732 5463 θυμῷ

137 5487 228 5540 τοῦ
278 5486 436 5555 ὄχλου
494 5488 794 5550 ἐνδιδόντες
829 5505 838 5516 ·
873 5487 1014 5539 οὕτω
1070 5487 1346 5556 πανταχοῦ
1400 5487 1459 5539 τὸ
1519 5488 1730 5538 ἐαυτῶν

139 5579 424 5632 ἐσκόπουν.
467 5580 524 5628 '0
570 5579 624 5631 δὲ
677 5578 876 5650 Κύριος
920 5579 1431 5649 ταπεινοφροσύνης
1492 5579 1731 5647 γέμοντα

141 5674 356 5742 ῥήματα
384 5673 680 5740 φθέγγεται
708 5690 720 5702 ⁸
758 5694 773 5724 ‹
812 5673 931 5726 ’Έτι
975 5675 1170 5743 μικρὸν
1209 5675 1329 5742 μεθ’
1364 5674 1518 5743 ὑμῶν
1539 5676 1674 5743 εἰμι.
1705 5694 1721 5726 ι

137 5766 220 5825 Τί,
254 5767 407 5833 φησι,
444 5766 777 5831 σπουδάζετε
801 5787 865 5838 με
899 5769 1186 5826 ἁπελθεῖνς
1223 5769 1286 5819 Τί
1321 5769 1550 5820 διώκετε
1579 5787 1592 5835 3
1619 5771 1727 5821 M“

140 5856 264 5928 κρὸν
303 5859 632 5928 ἀναμείνατε
687 5861 902 5932 χρόνον,
944 5863 1035 5915 καὶ
1083 5861 1202 5914 οὑδὲ
1257 5860 1520 5918 θελόντων
1572 5862 1725 5932 ὑμῶν

1843 4657 1996 4710 turba
2028 4698 2040 4722 ,
2071 4657 2420 4712 manifestum
2455 4659 2602 4728 quod
2634 4657 2980 4712 aﬂ‘ectionem
3010 4659 3265 4713 habuerit
3292 4659 3452 4713 blan-

1842 4749 2072 4815 diorem,
2104 4759 2158 4803 et
2194 4749 2353 4804 (idem
2403 4752 2698 4817 quamdam
2749 4764 2877 4820 erga
2944 4749 3232 4804 Dominum
3278 4749 3452 4820 διο

1842 4840 2186 4902 diminutum,
2237 4858 2362 4896 nam
2419 4860 2447 4895 a
2500 4842 2846 4913 principibus
2897 4844 3142 4912 separari
3175 4843 3396 4896 volebat

1842 4931 1892 4983 id
1931 4933 2073 5000 quod
2111 4934 2185 4986 illi
2212 4938 2534 4998 sentientes,
2569 4935 2840 4988 miserunt
2882 4937 2947 4986 ad
2981 4935 3449 5004 comprehenden-

1841 5025 1966 5077 dtnn
1995 5025 2202 5087 Jesnm,
2238 5027 2307 5081 ob
2344 5043 2462 5080 eam
2499 5028 2769 5080 duntaxat
2800 5043 3063 5090 causam,
3095 5027 3240 5095 quod
3283 5026 3448 5081 Chri-
3523 5073 3531 5083 .

1841 5128 1957 5171 stus
1988 5134 2112 5172 esse
2148 5121 2494 5173 credebatur.
2541 5119 2805 5173 Miserunt
2837 5129 3042 5184 autem,
3074 5119 3168 5174 sed
3197 5135 3303 5172 non
3342 5121 3442 5182 ipsi

1840 5221 2132 5274 venerunt,
2165 5221 2470 5264 metuentes
2507 5210 2746 5273 turbam,
2796 5225 2862 5264 ne
2894 5214 3357 5262 ltttnttltttart-tur:
3394 5221 3445 5259 vt

1840 5314 2126 5372 propterea
2165 5305 2448 5358 ministros
2489 5303 2743 5368 mittunt,
2797 5304 3008 5368 seipsos
3055 5302 3443 5364 subducentm,

1843 5412 1909 5449 ne
1961 5397 2088 5465 quid
2139 5397 2366 5464 periculi
2417 5395 2780 5457 snboriretur,
2836 5394 2960 5447 illos
3019 5401 3203 5446 autem
3273 5393 3441 5444 fni-ori

1841 5490 2023 5560 populi
2059 5500 2419 5559 exponentes.
2450 5489 2521 5542 ita
2552 5489 2912 5556 undequath
2941 5491 3084 5556 quod
3117 5505 3272 5541 suum
3305 5503 3445 5552 erat,

1840 5584 2211 5638 sectabantur.
2271 5585 2341 5637 At
2365 5583 2626 5636 Dominus
2653 5584 2814 5637 vetba
2843 5583 3150 5637 humilitate
3178 5583 3330 5648 plena
3369 5582 3445 5633 lo-

1834 5677 2048 5744 quitur:
2076 5695 2092 5726 ι
2121 5677 2308 5730 Adhuc
2335 5691 2499 5745 parvo
2523 5687 2766 5744 tempore
2787 5678 3060 5727 vobiscum
3089 5690 3226 5727 sum.
3257 5694 3271 5724 ι
3303 5675 3442 5738 Quid

1833 5769 2124 5834 anhelatis,
2151 5769 2344 5838 inquit,
2377 5778 2433 5822 ut
2457 5786 2556 5838 ego
2579 5770 2899 5824 discedant?
2934 5770 3058 5837 quid
3085 5768 3437 5836 persetpiimi-

1836 5863 1935 5918 ni?
1978 5863 2040 5917 ad
2075 5879 2297 5933 parvum
2337 5872 2651 5934 exspectate
2688 5875 2924 5932 tempus,
2964 5871 3013 5914 et
3049 5877 3220 5930 neque
3261 5862 3430 5924 iutpe~
