3936 6406
116 357 255 418 iii-il

755 349 1203 430 ENARRATIQ
1237 347 1321 410 IN
1363 344 1876 408 EVANGELIUM
1915 341 2355 406 JOANNIS.—
2391 343 2555 404 CAP.
2600 340 2735 404 VII.

3293 333 3431 401 135?.

112 471 332 540 ἡμέραν
358 469 455 540 τῆς
482 466 674 537 ἑορτῆς
703 465 798 519 καὶ
829 466 931 534 τὴν
965 463 1228 534 ἐσχάτην,
1263 461 1383 533 ἦτοι
1419 460 1517 533 τὴν
1555 459 1708 512 €666—

1827 456 2127 528 te‘ptimum,
2161 469 2417 523 magnum
2453 452 2710 509 dicebant
2738 469 2752 506 :
2778 465 2905 522 quia
2936 460 2990 506 et
3021 450 3109 506 lex
3133 450 3428 522 septimum

121 573 256 633 μην,
296 559 540 631 μεγάλην
562 556 869 627 ὠνόμαζον,
906 555 1029 608 ἐπεὶ
1057 554 1152 607 καὶ
1188 555 1218 606 6
1247 553 1412 622 νόμος
1436 552 1536 623 τὴν
1561 550 1713 604 ἑϐδό-

118 669 232 721 μην
281 651 498 721 ἡμέραν
548 651 648 720 τῆς
692 648 908 717 ἑορτῆτ,
972 646 1180 715 κλητὴν
1243 644 1408 710 ἁγίαν
1464 643 1712 696 ἐκάλεσε.

115 745 310 808 Τούτῳ
338 743 471 810 γοῦν
502 743 772 811 ἑπόμενος
796 741 887 793 καὶ
916 743 944 794 6
965 739 1385 808 εὐαγγελιστὴς,
1420 738 1520 807 τὴν
1550 736 1717 805 ἐσχά-

112 853 220 903 την
256 835 494 904 ἡμέραν,
542 832 788 902 μεγάλην
820 831 1100 900 ὀνομάζει.
1150 831 1389 890 Εἰκότως
1420 823 1514 882 οὖν
1551 830 1608 881 ὲν
1647 831 1712 897 τῇ

113 926 328 997 ἐσχάτῃ
375 924 560 994 ἡμέρᾳ
595 922 906 990 διαλέγεται
939 923 1052 983 τοῖς
1095 921 1298 990 ὄχλοις,
1338 921 1525 987 ἐφόδια
1553 917 1718 995 οἱονεί

111 1032 241 1067 τινα
290 1015 468 1076 διδοὺς
503 1014 689 1076 αὐτοῖς
741 1013 1028 1083 μέλλουσιν
1079 1013 1298 1065 ἀπιέναι
1351 1012 1560 1065 οἴκαδει
1605 1011 1717 1074 ’νὰς

111 1109 228 1180 γάρ
280 1109 338 1159 ὲν
394 1105 474 1176 τῷ
527 1107 681 1177 μέσῳ
734 1107 950 1175 ἡμέρας
997 1108 1079 1168 εἰς
1123 1105 1335 1175 τρυφὴν
1368 1103 1742 1173 άνειμένοις,,

109 1203 346 1270 ἄκαιρον
372 1195 439 1270 ἦν
472 1199 965 1271 πρνινσδιαλέγεσθαι
983 1214 998 1228 °
1027 1199 1148 1252 οὐδὲ
1175 1202 1284 1269 γὰρ
1307 1200 1598 1268 προσεῖχον
1628 1198 1714 1250 ἄν.

113 1294 362 1364 Ἐκραζε
395 1293 452 1345 δὲ
476 1297 505 1346 6
547 1293 776 1364 Ἰησοῦς,
807 1295 926 1363 ἅμα
974 1292 1076 1362 μὲν
1116 1290 1206 1345 ἵνα
1243 1291 1575 1356 ἐξάκουστος
1606 1291 1717 1360 εἴη,

108 1384 234 1452 ἅμα
285 1384 342 1436 δὲ
395 1384 496 1452 τὴν
536 1383 852 1454 παρρησίαν
899 1383 1186 1447 δεικνύων,
1254 1382 1346 1435 καὶ
1395 1382 1472 1445 ὼς
1523 1381 1717 1434 οὐδένα

111 1480 390 1533 πτοείται.
449 1475 515 1530 Τί
566 1473 660 1530 οὖν
719 1493 920 1547 φησιν;
978 1495 998 1528 ι
1047 1478 1108 1530 '0
1163 1475 1439 1528 πιστεύων
1481 1475 1561 1537 είς
1591 1474 1716 1542 ἐμὲ,

111 1567 302 1630 καθὼς
321 1563 527 1638 εἷπενή
559 1567 753 1637 Γραφή
771 1583 784 1597 ·
819 1585 836 1618 ι
869 1565 1106 1620 ἐνταῦθα
1133 1567 1243 1638 γὰρ
1257 1566 1340 1618 δεῖ
1365 1563 1564 1629 στίξαι,
1597 1557 1717 1616 εἶτα

109 1659 213 1714 ἄπ’
244 1660 411 1723 ἄλλης
465 1659 644 1730 ἀρχῆς
696 1661 1082 1727 ἀναγνωστέον
1117 1660 1200 1722 τὸ,
1243 1677 1261 1709 ι
1299 1658 1544 1728 Ποταμοὶ
1574 1656 1709 1728 ῥεύ-

113 1768 306 1804 σουσιν
339 1752 403 1804 ἐκ
457 1750 558 1820 τῆς
601 1749 812 1814 κοιλίας
841 1750 1033 1806 αὐτοῦ.
1075 1769 1093 1803 ι
1166 1750 1322 1803 Ἐπεὶ
1364 1749 1476 1820 γὰρ
1528 1747 1716 1802 πολλοὶ

1822 551 1963 606 diem
1993 549 2113 604 festi
2142 558 2416 610 vocatum.
2446 558 2697 603 sanctum
2733 546 3055 601 nominavit.
3088 543 3236 599 lllam
3262 545 3430 615 igitur

1820 659 2056 710 sequens
2087 643 2444 712 evangelista,
2475 641 2834 695 novissimum
2865 639 3011 693 diem
3044 652 3300 708 magnum
3334 651 3432 690 uo-

1823 736 2067 791 tniuat‘“.
2098 735 2292 789 Merito
2309 745 2490 788 autem
2513 736 2565 788 in
2598 730 2900 788 novissimo
2928 733 3014 786 die
3035 731 3279 800 loquitur
3303 745 3427 784 cum

1823 831 2012 892 turbis,
2041 830 2191 897 quasi
2218 829 2414 884 viatiCa
2446 829 2550 882 illis
2574 829 2711 882 dans
2739 827 2958 880 demum
2986 823 3266 880 redituris.
3292 823 3428 878 Cum

1821 923 1906 977 bis
1960 909 2140 984 enim,
2189 921 2277 985 qui
2330 920 2381 974 in
2410 918 2604 973 dii-bus
2649 917 2989 974 intermediis
3037 915 3432 994 deliciiserant

1823 1013 2036 1077 intenti,
2094 1012 2531 1080 intempestivum
2587 1019 2705 1065 erat
2755 1008 3014 1079 colloqui,
3070 1023 3250 1080 neque
3279 1007 3428 1063 enim

1821 1105 2200 1159 attendissent.
2239 1103 2509 1159 Clamavit
2540 1115 2723 1157 autent
2758 1102 2918 1158 Jesus
2942 1102 3141 1171 partim
3174 1099 3432 1171 ut‘tuagil

1821 1198 2124 1262 audiretur,
2171 1198 2369 1268 partim
2420 1205 2479 1251 ut
2515 1197 2822 1250 libertatem
2887 1211 3042 1252 suam
3103 1195 3159 1249 in
3195 1193 3430 1249 dicendo

1823 1287 2216 1348 manifestaret,
2248 1296 2303 1342 t-t
2334 1289 2478 1356 quod
2508 1287 2715 1341 nullum
2752 1296 3044 1341 metueret.
3075 1283 3218 1352 Quid
3247 1297 3429 1339 autem

1821 1381 1986 1436 dicit?
2025 1402 2042 1433 ι
2079 1382 2181 1449 Qui
2212 1381 2384 1435 credit
2418 1383 2472 1434 in
2517 1395 2624 1448 me,
2682 1380 2826 1437 sicut
2874 1379 3009 1435 dicit
3045 1378 3366 1448 Scriptura;
3407 1397 3425 1429 ι

1824 1476 1927 1529 hoc
1953 1476 2095 1528 enim
2130 1475 2248 1528 loco
2272 1485 2534 1544 punctum
2565 1481 2781 1541 oportet
2809 1470 3013 1538 facere,
3046 1469 3249 1525 deinde
3278 1468 3428 1523 aliud

1823 1563 2130 1619 faciendum
2173 1575 2260 1619 est
2313 1564 2641 1633 principium
2701 1581 2769 1618 ιι
2835 1561 3090 1637 Flumina
3139 1560 3310 1617 (luent
3360 1575 3431 1618 ex

1826 1665 2017 1710 ventre
2045 1655 2185 1725 ejus.
2220 1673 2241 1708 ι
2278 1655 2413 1722 Quia
2442 1656 2590 1709 enim
2644 1653 2800 1709 multi
2832 1662 3057 1724 propter
3109 1652 3263 1724 signa
3309 1666 3432 1708 cre-

1824 1747 2047 1811 dobant,
2074 1747 2313 1803 ostendit
2347 1762 2453 1802 non
2490 1757 2600 1802 tam
2626 1757 2853 1818 propter
2893 1746 3050 1814 signa
3086 1745 3426 1804 credendum

109 1842 225 1894 ἀπὸ
256 1839 363 1892 τῶν
416 1837 661 1910 σημείων
708 1839 1018 1904 ἐπίστευον,
1064 1838 1285 1900 δεικνὺς
1329 1836 1411 1889 ὅτι
1443 1835 1546 1890 οὐκ
1599 1835 1710 1887 ἀπὸ

1827 1855 1958 1906 esse,
1987 1856 2147 1910 quam
2173 1848 2395 1910 propter
2425 1838 2790 1910 Scripturam.
2824 1837 2985 1893 Fides
3005 1836 3152 1890 enim
3184 1844 3329 1891 recta
3361 1850 3432 1891 ex

112 1934 228 1986 τῶν
278 1936 525 2005 σημείων
560 1933 644 1988 δεῖ
674 1936 957 1987 πιστεύειν
989 1932 1164 1996 οὕτως
1187 1931 1264 1995 ὼς
1292 1929 1399 1984 άπὸ
1431 1929 1542 1984 τῶν
1572 1929 1716 2000 Γρα-

114 2027 237 2096 enim
283 2028 350 2096 (ἠ
403 2028 513 2097 γὰρ
558 2027 920 2100 διωρθωμένη
966 2027 1152 2089 πίστις
1184 2023 1295 2077 ἀπὸ
1338 2023 1446 2077 τῶν
1479 2021 1752 2093 ΓραφιῖΝ³

115 2118 297 2187 ἐστι),
325 2117 515 2169 τούτου
550 2115 738 2170 ἕνεκέν
771 2131 968 2187 φησιν’
1006 2134 1024 2167 ι
1076 2114 1136 2169 Ὀ
1168 2113 1446 2171 πιστεύων
1475 2114 1556 2177 είς
1590 2112 1714 2184 ἐμὲ,

115 2208 304 2271 καθὼς
331 2205 486 2262 εἶπεν
517 2211 550 2279 ὴ
604 2209 792 2278 Γραφή
815 2226 829 2239 ·
871 2227 891 2260 ι
927 2207 1199 2270 τουτέστι,
1236 2206 1396 2258 Keilii
1445 2205 1720 2279 μαρτυρεῖ

115 2303 150 2370 ἠ
188 2301 380 2372 Γραφὴ
408 2271 826 2371 περὶνὲμοῦίότι
856 2300 982 2363 Υἱός
1006 2301 1123 2368 εἰμι
1149 2298 1310 2364 θεοῦ,
1339 2299 1423 2351 ὅτι
1447 2271 1715 2368 Κτίστης,

116 2398 202 2447 Et:
234 2394 433 2464 Κύριος
466 2392 562 2444 τοῦ
600 2391 820 2454 παντὸς,
847 2391 928 2443 ὅτι
950 2389 1143 2460 Σωτὴρ
1172 2390 1268 2442 τοῦ
1301 2391 1535 2459 κόσμου.
1577 2388 1718 2442 Πολ-

113 2487 200 2538 λοὶ
242 2486 348 2556 γάρ
405 2484 595 2549 ἔδοξαν
648 2483 950 2546 πιστεύειν,
1007 2483 1124 2535 ἀλλ’
1177 2482 1278 2552 οὐχ
1334 2482 1411 2544 ὼς
1470 2477 1625 2534 εἶπεν
1682 2481 1716 2550 ή

117 2573 332 2646 Γραφὴ.
373 2574 532 2636 ὡςδὲ
572 2574 728 2626 αὐτοὶ
774 2575 895 2635 ταῖς
928 2573 1112 2626 αὐτῶν
1158 2572 1435 2644 αἱρέσεσιν
1483 2570 1717 2642 ἠκολού-

117 2668 331 2735 οησλν⁶
368 2665 601 2718 τοιοῦτοι
647 2664 848 2727 πάντες
889 2665 939 2715 οἱ
988 2663 1280 2734 αἱρετικοί.
1331 2662 1619 2732 Ποταμοὺς
1661 2662 1719 2714 δὲ

117 2682 331 2735 unctor
368 2682 601 2718 τοιουτοι
647 2682 848 2727 παντες
889 2682 939 2715 οι
988 2682 1280 2734 αιρετικοι.
1331 2682 1619 2732 ιιοταμους
1661 2682 1719 2714 οε

116 2755 275 2810 εἶπεν
305 2758 369 2810 ἐκ
396 2758 497 2826 τῆς
528 2757 740 2819 κοιλίας
768 2755 864 2810 τοῦ
896 2755 1042 2809 οὕτω
1076 2754 1471 2818 πιστεύσαντος
1500 2682 1808 2900 ῥεῦσαιβ

119 2849 330 2900 κοιλίαν
383 2850 483 2900 μὲν
550 2849 835 2900 τροπικῶς
909 2849 1195 2900 ὀνομάζων
1277 2848 1378 2900 τὴν
1450 2847 1683 2900 καρδίαν

119 2849 330 2902 κοιλίαν
383 2850 483 2919 μὲν
550 2849 835 2919 τροπικῶς
909 2849 1195 2918 ὀνομάζων
1277 2848 1378 2919 τὴν
1450 2847 1683 2917 καρδίαν

113 2939 193 3003 ὡς
229 2942 322 2994 καὶ
365 2942 392 2993 ὁ
437 2941 627 3011 Δαυῖδ’
669 2961 686 2994 t
729 2942 837 2994 Καὶ
878 2942 971 2994 τὸν
1008 2942 1175 3011 νόμον
1209 2957 1302 2993 σου
1340 2943 1399 2992 ὲν
1437 2941 1588 3009 μέσῳ
1619 2939 1719 3009 τῆς

117 3033 331 3096 κοιλίας
372 3051 475 3104 μου
499 3051 511 3063 ·
529 3053 546 3085 ι
577 3034 848 3098 τουτέστι,
885 3033 996 3102 ἰἶῆς
1019 3033 1248 3102 καρδίας
1267 3049 1395 3104 μου.
1430 3031 1720 3103 Ποταμοὺς

118 3123 175 3174 δὲ
211 3123 401 3193 ῥεῦσαι
433 3124 561 3195 ἔφη,
595 3126 689 3178 καὶ
716 3126 778 3177 ού
826 3125 1094 3195 ποταμὸν,
1126 3123 1318 3187 ὓδατος
1353 3125 1580 3188 ζῶντος,
1617 3121 1717 3192 τὴν

118 3215 215 3268 τοῦ
266 3217 579 3286 Πνεύματος
617 3217 851 3286 ἄφθονον
903 3218 1063 3287 χάριν
1123 3203 1376 3286 κάν-τὴν
1428 3214 1713 3280 δαψίλειαν

119 3307 516 3377 αἰνιττῦμενος.
550 3310 804 3362 Τοιοῦτον
829 3310 939 3379 γάρ
963 3312 1082 3363 ἐστι
1111 3309 1174 3362 1:6
1204 3308 1456 3377 Πνεῦμα,
1489 3309 1570 3370 εἰς
1599 3307 1718 3362 οἵαν

122 3399 304 3468 duxi?)
335 3401 594 3467 εἰσέλθοι,
623 3402 718 3454 καὶ
745 3403 802 3453 ἐν
832 3395 877 3470 ᾧ
905 3402 972 3455 ἂν
1000 3401 1298 3473 ἰδρυνοείη,
1323 3400 1513 3454 ποιοῦν
1549 3399 1720 3469 αὐτὴν

119 3489 446 3553 ἁναὸλύζειν
497 3492 679 3560 πάσης
731 3493 917 3562 πηγῆς
950 3493 1351 3563 ἀφθονώτερον.
1402 3493 1518 3546 Καὶ
1555 3492 1748 3562 μάθοι¹

119 3580 188 3631 ἄν
215 3597 317 3642 τις,
351 3583 470 3644 πὼς
521 3584 759 3651 ποταμοὶ
811 3583 1098 3653 ῥεύσουσιν
1128 3586 1194 3637 ἐκ
1244 3588 1345 3655 τῆς
1379 3586 1593 3648 κοιλίας
1623 3585 1719 3638 τοῦ

118 3674 470 3738 πιστεύοντος
503 3677 646 3729 κατὰ
677 3678 776 3734 τὰς
805 3679 1028 3747 Γραφὶις
1048 3720 1064 3745 ,
1093 3679 1210 3747 εἴγε
1250 3683 1350 3751 τὴν
1375 3680 1472 3733 τοῦ
1509 3681 1720 3752 Πέτρου

1822 1931 2124 2002 Scripturis
2160 1943 2268 1986 est.
2299 1929 2431 1999 Ejus
2464 1931 2641 1998 gratia
2674 1928 2882 2000 'inquit
2921 1945 2936 1981 :
2975 1946 2994 1980 ι
3036 1927 3138 1995 Qui
3167 1929 3342 1984 credit
3373 1925 3431 1983 lu

1821 2039 1931 2086 me,
1965 2023 2108 2078 sicut
2133 2023 2418 2092 Scriptura
2445 2023 2597 2089 dicit,
2627 2040 2647 2074 ι
2687 2023 2792 2077 hoc
2821 2029 2930 2088 est,
2970 2019 3430 2090 quemadmodum

1823 2124 2055 2170 testatur
2075 2117 2144 2170 de
2168 2130 2253 2169 me
2277 2115 2586 2185 Scriptura,
2615 2117 2761 2183 quod
2788 2111 2961 2168 Filius
2991 2127 3116 2169 sum
3146 2112 3262 2178 Dei,
3285 2109 3433 2180 quod

1825 2206 2080 2274 Creator,
2103 2208 2250 2276 quod
2286 2207 2548 2262 Dominus
2577 2206 2821 2279 universi
2841 2204 3034 2275 (multi
3068 2204 3215 2258 enim
3240 2211 3435 2273 putant

1821 2314 1882 2355 se
1906 2300 2152 2363 credere,
2178 2298 2277 2354 sed
2306 2311 2415 2354 non
2439 2307 2497 2352 ut
2520 2297 2648 2352 dicit
2673 2296 2983 2368 Scriptura,
3007 2307 3176 2365 atque
3207 2295 3279 2349 ita
3305 2309 3434 2349 suas

1830 2392 2006 2446 secuti
2066 2401 2196 2445 sunt
2253 2402 2458 2456 sectas,
2498 2391 2688 2459 quales
2728 2400 2856 2444 sunt
2890 2403 3085 2444 omnes
3122 2385 3428 2458 lucretici).

1821 2487 1890 2538 At
1921 2483 2146 2538 ﬂumina
2178 2485 2319 2538 dixit
2348 2500 2416 2539 ex
2451 2491 2639 2538 ventre
2668 2484 2790 2552 ejus
2822 2484 2917 2553 qui
2948 2497 3076 2538 vere
3117 2479 3296 2537 tidelis
3325 2489 3432 2542 est.

1823 2575 2019 2638 ﬂuere.
2053 2586 2298 2632 ventrem
2317 2575 2540 2646 quidem
2563 2593 2583 2628 ι
2620 2589 2717 2629 cor
2751 2593 2772 2626 ι
2813 2575 3106 2629 nominans
3127 2583 3284 2643 tropo
3321 2571 3433 2629 He-

1826 2668 2036 2731 liraico,
2071 2669 2218 2723 sicut
2253 2677 2310 2722 et
2339 2667 2506 2721 David
2541 2667 2720 2736 inquit
2753 2685 2770 2722 :
2817 2685 2837 2718 ι
2886 2665 2953 2720 Ει
2983 2667 3160 2738 legem
3196 2676 3345 2722 tuam
3377 2665 3432 2722 in

1827 2762 2006 2816 medio
2033 2762 2241 2816 ventris
2270 2762 2373 2814 mei
2406 2760 2508 2824 ⁶¹,›
2539 2761 2642 2815 hoc
2673 2769 2780 2825 est,
2808 2760 2992 2813 cordis
3023 2759 3151 2815 mei.
3181 2758 3434 2814 Flumina

1824 2863 2004 2906 autem
2031 2851 2199 2906 liuere
2221 2853 2458 2917 dicebat,
2490 2860 2547 2906 et
2565 2867 2670 2907 non
2697 2850 2897 2906 ﬂumen
2926 2867 3083 2923 aqua:
3107 2853 3266 2919 vitm,
3299 2849 3430 2921 Spi-

1825 2944 1965 2998 ritus
2022 2943 2303 2999 liberalem
2347 2942 2580 3012 gratiam
2649 2953 2707 2998 ct
2747 2943 3060 3013 largitatem
3116 2943 3432 2999 insinuans.

1825 3032 1975 3089 Talis
2001 3037 2147 3089 enim
2173 3045 2258 3090 est
2292 3031 2552 3104 Spiritus,
2586 3043 2644 3088 ut
2680 3033 2735 3088 iu
2769 3047 3157 3103 quamcunque
3191 3033 3434 3088 animam

1827 3127 2118 3193 introierit,
2149 3137 2203 3183 et
2236 3127 2290 3182 in
2323 3142 2428 3193 qua
2469 3126 2757 3192 resederit,
2788 3124 2954 3180 faciat
2987 3124 3135 3180 illam
3162 3124 3438 3179 scaturire

1821 3215 2018 3290 quovis
2047 3222 2195 3277 fonte
2231 3221 2472 3275 uberius.
2509 3220 2576 3275 Et
2600 3221 2778 3276 discet
2803 3219 2929 3289 quis
2963 3217 3240 3287 quomodo
3262 3215 3438 3272 ﬂuant

1822 3312 2045 3368 l‘luniina
2074 3329 2141 3369 ex
2187 3324 2376 3368 ventre
2407 3311 2686 3368 credentis
2729 3311 3032 3367 secundum
3067 3308 3434 3380 Scripturam,

1826 3409 1870 3461 si
1897 3405 2116 3476 quidem
2154 3405 2304 3478 Petri
2334 3389 2601 3476 linguam,
2628 3413 2684 3461 et
2721 3394 2873 3459 Pauli
2922 3404 3207 3474 impetmn,
3231 3411 3287 3456 et
3313 3400 3438 3457 Ste-

1826 3499 1992 3584 phani
2029 3499 2358 3568 sapientiam
2394 3496 2790 3562 censideravit,
2841 3511 2980 3566 quos
3012 3496 3262 3550 dicentes
3296 3493 3437 3548 nihil

1825 3590 2037 3660 eti'ugit,
2071 3590 2171 3646 sed
2201 3605 2397 3646 omnes
2444 3599 2754 3660 sequuntur
2780 3589 2948 3661 612
2979 3600 3242 3658 tanquam
3277 3601 3307 3642 a
3337 3586 3442 3642 llu-

1833 3682 2068 3738 minibus
2094 3683 2421 3754 quibusdam
2453 3683 2660 3750 impetu
2693 3684 2979 3737 ruentibus
3015 3681 3177 3750 rapti.

116 3764 389 3834 γλῶτταν,
440 3770 535 3820 καὶ
586 3768 686 3840 τὴν
726 3769 819 3822 τοῦ
851 3769 1067 3823 Παύλου
1110 3771 1313 3840 ῥύμην,
1363 3773 1457 3825 καὶ
1484 3773 1584 3842 τὴν
1617 3772 1711 3825 τοῦ
1753 3774 2029 3843 Στεφάνου
2063 3775 2258 3844 σοφίαν
2302 3774 2749 3844 κατασκέψαιτοο
2807 3772 2906 3838 οὓς
2961 3772 3116 3828 οὐδὲν
3169 3772 3440 3845 ὑφίστατο

116 3861 400 3928 λέγοντας,
430 3861 565 3912 ἀλλὰ
597 3861 797 3923 πάνιες
830 3861 1209 3933 παρεσύροντο
1234 3862 1310 3926 ὥς
1345 3880 1511 3917 τινων
1546 3865 1817 3934 ποταμῶν
1849 3866 2120 3936 ῥεύμασιν
2156 3866 2558 3929 άνυποστάτοις
2585 3865 2684 3937 τὴν
2716 3861 2913 3933 φοράν.

197 3976 216 4009 ι
255 3957 427 4010 Τοῦτο
466 3955 523 4009 δὲ
565 3950 686 4008 εἷπε
719 3956 971 4026 περὶτοῦ
1013 3956 1356 4027 Πνεύματος,
1391 3952 1453 4012 οὗ
1493 3957 1724 4028 ἔμελλον

118 4049 427 4119 λαμϐάνειν
468 4049 516 4100 οί
564 4047 918 4111 πιστεύοντες
965 4052 1044 4111 εἰς
1091 4051 1275 4103 αὐτόν.
1313 4048 1483 4104 υῦπω
1518 4050 1627 4120 γάρ
1655 4046 1723 4123 ἦν

121 4141 354 4211 Πνεῦμα
380 4141 558 4209 ἅγιον,
591 4141 676 4194 ὅτι
720 4142 928 4212 Ἰησοῦς
959 4143 1173 4195 οὐδέπω
1202 4143 1488 4214 ἐδοξάσθη.
1527 4164 1548 4197 ι
1595 4144 1721 4215 Ἐρ-

125 4233 380 4304 μηνεύων
413 4235 441 4286 6
463 4233 897 4304 εύιιγγγελιστὴς
965 4234 1072 4298 ἶνες
1106 4236 1246 4287 είσὶν
1277 4238 1324 4288 oi
1361 4235 1597 4306 ποταμοὶ
1626 4233 1720 4288 τοῦ

120 4325 323 4388 ζῶντος
350 4324 566 4389 ὓδατος,
603 4326 790 4394 φησὶν,
825 4325 908 4377 ὃτι
959 4344 975 4376 ι
1014 4325 1189 4380 Τοῦτο
1220 4326 1277 4379 δὲ
1308 4323 1431 4380 εἷπε
1461 4329 1591 4396 περὶ
1624 4329 1720 4381 τοῦ

120 4416 465 4486 Πνεύματος,
517 4409 579 4468 οὗ
634 4417 861 4485 ἔμελλον
952 4417 1219 4488 αμὸάνειν
1253 4423 1303 4472 oi
1340 4419 1716 4482 πιστεύοντες.

120 4509 292 4564 Οὔπω
326 4511 436 4582 γάρ
465 4505 557 4580 ἦν,
587 4512 745 4581 φησι,
774 4511 1001 4582 Πνεῦμα
1035 4512 1214 4579 ᾰγιον.
1247 4531 1267 4563 ι
1317 4511 1457 4565 Ἀλλ’
1487 4512 1719 4566 ἐνταῦθα

119 4603 410 4674 ζητήσειεν
444 4602 511 4657 άν
543 4620 666 4666 ’τις⁹
718 4604 843 4667 Πῶς
888 4621 1058 4673 φησιν
1088 4605 1116 4656 6
1166 4603 1587 4675 εύαγγελιστὴς,
1635 4605 1718 4657 ὅτι

120 4691 276 4746 οὔπω
302 4689 370 4764 ἦν
408 4691 637 4763 Πνεῦμα
678 4694 858 4760 ἅγιον,
888 4691 1040 4745 δοθὲν
1079 4694 1357 4764 δηλονότι;
1413 4694 1509 4745 καὶ
1536 4691 1645 4763 μὴν
1668 4693 1719 4745 oi

123 4786 407 4854 προφῆται
426 4783 707 4852 Πνεύματι
733 4784 989 4850 ἐλάλουν;
1012 4784 1126 4838 Καὶ
1148 4785 1198 4837 οἱ
1219 4785 1580 4838 άπόστολοιδὲ
1602 4785 1720 4849 πῶς

124 4879 236 4948 ἄρα
266 4877 365 4941 τὰς
400 4877 573 4938 ἰάσεις
607 4877 858 4943 ὲτέλουνς
889 4878 1074 4947 Φαμὲν
1099 4876 1215 4945 οὖν,
1251 4879 1335 4932 ὅτι
1363 4878 1414 4931 οί
1442 4881 1722 4950 προφῆται

123 4967 412 5038 Πνεύματι
464 4967 691 5022 ἐλάλουν
749 4967 1228 5039 ὁμολογουμένως,
1293 4969 1410 5023 ἀλλ’
1467 4970 1499 5042 ἡ
1557 4970 1724 5040 χάρις

125 5051 267 5131 αὕτη
322 5060 663 5131 συνεστάλη,
721 5061 818 5116 καὶ
867 5061 977 5115 άτιὸ
1031 5064 1133 5132 τῆς
1190 5065 1294 5132 γῆς
1350 5055 1723 5133 ἀνεχώρησεν.

127 5152 300 5205 ’Ὥστε
323 5154 372 5206 εί
400 5154 494 5205 καὶ
527 5154 585 5207 ἐν
615 5155 730 5217 τοῖς
763 5153 980 5224 χρόνοις
1005 5153 1116 5208 τῶν
1143 5153 1444 5225 προφητῶν
1474 5155 1731 5227 ἐνήργει,

131 5244 273 5296 ἀλλὰ
301 5244 423 5297 τότε
454 5243 542 5298 διὰ
569 5246 631 5298 τὸ
666 5246 888 5313 ἀνάξιον
918 5244 1014 5299 τοῦ
1045 5245 1198 5312 λαοῦ,
1231 5246 1341 5312 ὅτε,
1388 5246 1553 5316 φημὶ,
1589 5247 1724 5317 Χρι-

128 5335 254 5398 σιδς
286 5337 344 5388 ἐν
371 5338 536 5405 σαρκὶ
569 5338 924 5407 περιεπάτει,
956 5340 1058 5392 οὐκ
1086 5339 1463 5409 ὲπεχωρίαζεν
1495 5340 1530 5410 ἡ
1584 5355 1720 5409 προ-

129 5428 359 5495 φητεία,
397 5429 520 5482 οὐδὲ
547 5430 853 5484 ἑπόπτευεν
884 5431 1066 5485 αὐτῶν
1094 5433 1164 5485 τά
1194 5433 1328 5501 άγια
1357 5432 1451 5484 καὶ
1478 5431 1571 5484 τὸν
1592 5430 1722 5485 ναὸν

129 5521 165 5588 ἠ
197 5523 376 5590 χάρις.
427 5523 580 5575 Ἐπεὶ
606 5521 697 5575 οῦν
727 5522 850 5576 τότε
883 5523 981 5594 μὲν
1026 5524 1128 5577 οὐκ
1158 5520 1228 5595 ἦν
1335 5524 1432 5577 τοῦ
1468 5518 1717 5595 Πνεύμα-

130 5627 222 5675 τος
252 5613 526 5693 ἐνέργεια,
576 5614 770 5686 ἔμελλε
807 5615 863 5668 δὲ
913 5615 1156 5687 δοθῆναι,
1187 5614 1279 5668 διὰ
1320 5615 1483 5670 τοῦτό
1529 5631 1716 5688 φησιν,

211 5797 253 5832 ⁸³
293 5799 437 5854 Exod
493 5813 654 5864 xxxv,
686 5797 739 5850 ‘3.
820 5800 865 5830 ⁸³
901 5796 1044 5854 Ρεςιι.
1095 5814 1280 5867 xxxtx,
1317 5797 1370 5854 9.

1909 3959 2074 4014 Vsus.
2107 3959 2201 4015 39.
2236 3977 2254 4010 ι
2298 3956 2410 4012 lloc
2444 3969 2626 4012 autem
2659 3959 2800 4013 dixit
2831 3961 2897 4014 de
2915 3956 3124 4026 Spiritu
3157 3970 3320 4027 quem
3347 3970 3440 4014 ac-

1833 4051 2042 4121 cepturi
2103 4061 2264 4104 erant
2316 4051 2606 4105 credentes
2651 4051 2707 4105 in
2768 4051 2969 4122 ipsum.
3002 4049 3254 4105 Nondum
3291 4048 3436 4106 enim

1831 4153 1951 4198 erat
1985 4143 2224 4212 Spiritus
2246 4153 2490 4205 sanctus,
2523 4143 2651 4212 quia
2682 4141 2844 4198 Jesus
2885 4143 3127 4197 nondum
3162 4151 3281 4196 erat
3317 4141 3439 4212 glo-

1829 4235 2093 4291 riﬁcatus.
2139 4254 2158 4286 ι
2211 4234 2588 4303 Interpretans
2630 4235 2967 4306 evangelista
3014 4249 3139 4305 qua:
3195 4233 3308 4289 sint
3336 4233 3439 4288 llu-

1828 4328 1976 4382 mina
2007 4343 2163 4398 aqua:
2199 4329 2354 4391 vivae,
2387 4327 2524 4382 dicit
2558 4344 2572 4382 :
2613 4346 2633 4379 ι
2673 4327 2789 4383 Hoc
2819 4337 3003 4383 autem
3036 4326 3178 4381 dixit
3207 4327 3274 4382 de
3314 4325 3432 4397 Spi-

1829 4421 1960 4488 ritu,
1983 4436 2145 4488 quem
2161 4420 2436 4490 accepturi
2458 4430 2612 4475 erant
2631 4422 2944 4476 credentes.
2972 4437 2992 4472 ι
3016 4418 3272 4474 Nondum
3291 4419 3437 4474 enim

1830 4521 1966 4578 erat,
1998 4514 2195 4581 inquit,
2240 4511 2479 4581 Spiritus
2505 4523 2760 4568 sanctus.
2809 4531 2829 4566 ι
2867 4509 2976 4568 Sed
3007 4513 3110 4568 hoc
3141 4511 3262 4568 loco
3286 4527 3438 4582 quat-

1827 4604 2019 4660 siverit
2067 4605 2340 4675 quispiam
2415 4622 2430 4665 ;
2496 4605 2781 4670 Quomodo
2851 4605 3033 4674 inquit
3104 4603 3453 4673 evangelista

1838 4697 1984 4765 quod
2033 4697 2272 4766 Spiritus
2315 4706 2542 4752 sanctus
2573 4697 2811 4752 nondum
2844 4705 2988 4764 erat,
3013 4697 3206 4761 datus,
3245 4695 3438 4751 videli—

1830 4787 1952 4842 cet?
1997 4787 2194 4842 Annon
2249 4799 2305 4843 et
2365 4790 2646 4859 propheta:
2679 4786 2887 4860 Spiritu
2937 4788 3104 4844 locuti
3154 4787 3321 4843 sunt?
3375 4785 3436 4842 Et

1829 4882 2063 4951 apostoli
2090 4898 2312 4952 quoque
2340 4885 2616 4952 quomodo
2645 4882 2914 4939 sanitates
2935 4880 3328 4955 perfecerunt,2
3352 4881 3410 4935 Di

1827 4970 2005 5027 cimus
2048 4973 2215 5043 igitur
2261 4975 2407 5041 quod
2458 4973 2739 5042 prophetae
2791 4975 3002 5044 absque
3053 4971 3436 5029 controversia

1830 5061 2039 5132 Spiritu
2061 5063 2226 5118 locuti
2256 5074 2410 5129 sunt,
2435 5064 2530 5118 sed
2558 5066 2761 5120 donum
2796 5064 2903 5120 hoc
2929 5073 3274 5120 contractum
3295 5071 3438 5132 erat,

1829 5165 1883 5210 et
1917 5170 1949 5209 a
1992 5165 2140 5209 terra
2172 5165 2477 5212 secesserat
2504 5175 2520 5211 :
2567 5165 2735 5228 atque
2767 5157 2891 5214 ideo
2919 5157 3174 5228 quamvis
3203 5157 3258 5212 in
3297 5166 3436 5211 tem-

1831 5248 2052 5316 poribus
2093 5251 2488 5320 prophetarum
2534 5253 2891 5321 operabatur,
2936 5261 3067 5307 tunc
3096 5260 3278 5306 tamen
3309 5265 3436 5320 pro-

1831 5349 1951 5409 pter
1982 5344 2162 5411 p0puti
2189 5342 2590 5422 indignitatem,
2629 5344 2871 5413 quando,
2902 5343 3149 5414 inquam,
3184 5343 3436 5398 Christus

1835 5433 1888 5487 in
1919 5447 2088 5487 carne
2133 5435 2468 5502 ambulabat,
2505 5451 2612 5490 non
2645 5435 2933 5491 familiaris
2971 5447 3092 5490 erat
3126 5434 3434 5506 prophetia,

1830 5541 2008 5596 neque
2037 5527 2253 5583 illorum
2278 5537 2465 5583 sancta
2492 5536 2547 5582 et
2575 5529 2835 5599 templum
2869 5527 3198 5599 respiciebat
3225 5527 3427 5596 gratia.

1829 5616 1970 5684 Quia
1992 5619 2157 5689 igitur
2186 5631 2315 5675 tunc
2347 5620 2565 5691 quidem
2595 5635 2704 5677 non
2731 5630 2850 5677 erat
2885 5619 3137 5690 operatio
3172 5617 3431 5690 Spiritus,
