3936 6398
132 387 292 457 Ῑ345

789 329 1235 444 BNARBATIO
1277 377 1353 437 ΙΝ
1398 376 1903 440 EVANGELIUM
1938 375 2285 436 JOANNIS.
2312 400 2383 409 ·-
2421 359 2581 435 CAB.
2622 375 2754 436 VII.

3283 375 3427 442 1346

121 500 433 571 ἀκρξὸειαν
478 494 641 547 Iolco
692 496 937 564 λέγοντα.
988 495 1149 545 Ουτοι
1201 492 1255 543 δὲ
1296 491 1526 561 δολερῶς
1571 488 1710 541 τοῦτι

1832 486 1959 557 quia
2009 503 2110 539 non
2143 502 2205 541 ex
2239 485 2459 541 Galilzea
2498 484 2752 538 Christus
2793 482 2960 561 venit.
2997 480 3259 538 Videntur
3280 487 3426 541 enim

122 610 327 662 φασιν,
367 593 446 645 ὅτι
479 592 578 644 οὐκ
618 592 683 642 ἐκ
706 590 807 657 τῆς
844 586 1131 647 Γαλιλαίας
1155 585 1182 634 6
1213 585 1444 654 Χριστδς
1481 582 1718 651 ἔρχεται.

140 685 397 736 ἰ’ἰοίκασι
434 684 541 750 γὰρ
590 679 885 750 γινώσκειν
931 677 1049 746 μὲν,
1082 678 1164 728 δτι
1199 678 1261 727 ἐκ
1290 674 1538 742 Βηθλεέμ
1577 674 1723 724 ἐστιν

124 780 155 825 ὁ
204 775 436 845 Ἰησοῦς,
466 777 512 825 εί
550 772 644 824 καὶ
675 772 731 822 ἐν
770 773 835 839 τῇ
888 768 1149 837 Γαλιλαίᾳ
1196 765 1481 833 ἀνετράφη
1537 766 1599 814 ἐκ
1628 762 1723 830 βα-

129 865 375 928 σκανίας
405 863 460 916 δὲ
493 863 567 933 μὴ
596 864 770 913 θέλειν
804 861 1088 930 ὁμολογεῖν
1113 858 1209 927 τὴν
1233 860 1296 910 ἐκ
1320 856 1566 926 Βηθλεὲμ
1600 854 1724 921 γέν-

127 976 321 1026 νησιν,
366 956 501 1009 ἀλλὰ
537 954 819 1009 Γαλιλαῖον
860 954 1022 1005 αὐτὸν
1054 949 1504 1019 προσονομάζειν.
1543 947 1723 998 Ἔστω

120 1050 213 1113 δὲ,
242 1050 320 1101 ὅτι
366 1048 593 1116 ἠγνόουν
649 1046 812 1099 αὐτὸν
844 1047 909 1097 ἐκ
943 1044 1194 1113 Βηθλεὲμ
1229 1038 1370 1094 εἶναι
1395 1060 1408 1073 ·
1465 1042 1541 1104 τὸ,
1604 1060 1619 1090 ι
1661 1040 1723 1091 ἐκ

123 1144 452 1211 σπέρματος
502 1139 701 1201 Δαυῖδ,
755 1158 771 1190 ι
815 1139 932 1202 πῶς
960 1136 1347 1208 ἀμφέϐαλλονς
1396 1134 1466 1186 ἸΙ
1500 1134 1606 1202 γάρ
1658 1133 1719 1184 οὐ

122 1232 421 1301 προδήλως
471 1234 533 1283 ἐκ
578 1230 741 1284 Δαυῖδ
776 1232 807 1299 ἡ
844 1231 1033 1298 Μαρία
1087 1223 1238 1281 εἷλκε
1282 1228 1344 1280 τὸ
1390 1228 1577 1294 γένοςς
1626 1228 1721 1278 Ἐκ

118 1322 326 1374 τούτου
372 1321 465 1374 οὖν
520 1321 711 1391 δῆλον,
773 1323 854 1375 ὅτι
902 1322 1229 1391 κακούργως
1286 1321 1471 1387 ελεγον
1522 1318 1715 1372 ταῦτα.

127 1432 146 1461 ι
207 1412 420 1483 Σχίσμα
450 1414 505 1465 δὲ
533 1415 753 1481 ἐγένετο
778 1415 835 1466 έν
874 1402 950 1483 τῷ
978 1413 1141 1483 ὄχλῳ,
1186 1432 1204 1463 ι
1240 1413 1339 1465 οὐκ
1374 1414 1431 1464 ὲν
1471 1414 1583 1473 τοῖς
1622 1412 1719 1480 ἆρ-

117 1521 337 1570 χουσιν.
366 1504 428 1557 Οἱ
461 1507 570 1575 γὰρ
595 1506 877 1575 ἄρχοντες,
922 1508 1051 1575 μιᾶς
1079 1504 1303 1575 γνώμης
1330 1500 1494 1575 ἦσαν,
1519 1503 1612 1556 τοῦ
1642 1503 1719 1575 μὴ

119 1595 387 1663 δέχεσθαι
420 1597 583 1649 αὐτὸν
610 1597 681 1660 ώς
710 1597 969 1666 Χριστόν.

207 1706 225 1736 ι
274 1687 430 1751 Τινὲς
460 1688 515 1740 δὲ
545 1688 735 1759 ἤθελον
763 1689 822 1753 ἐξ
869 1690 1048 1742 αὐτῶν
1098 1691 1290 1743 πιάσαι
1340 1688 1503 1742 αὐτὸν
1531 1731 1545 1755 ,
1601 1688 1716 1741 ἀλλ’

117 1776 305 1839 οὐδεὶς
338 1778 600 1831 ἐπέϐαλεν
629 1778 715 1831 ἐπ’
748 1780 910 1833 αὐτὸν
944 1782 1043 1841 τὰς
1069 1782 1277 1849 χεῖρας.
1309 1774 1515 1831 Ἦλθον
1540 1774 1633 1831 οὖν
1665 1780 1712 1831 οί

118 1870 401 1937 ὑπηρέται
436 1870 574 1939 πρὸς
626 1871 751 1930 τούς
792 1872 1072 1941 ἀρχιερεῖς

116 1958 282 2014 εἷπον
334 1964 517 2027 αὐτοῖς
556 1965 791 2017 ἐκεῖνοι·
850 1966 948 2016 Διά
978 1964 1030 2015 τί
1068 1965 1169 2016 οὐκ
1221 1964 1459 2032 ἠγάγετε
1516 1963 1711 2028 αὐτὸν;

133 2054 545 2124 Ἀπεκρίθησαν
572 2057 617 2107 oi
656 2056 927 2125 ὑπηρέται
959 2074 973 2087 ·
1010 2056 1279 2109 Οὐδέποτε
1310 2055 1486 2119 οὓτως
1516 2055 1712 2124 ἐλάλη-

123 2162 221 2196 σεν
255 2146 564 2215 ἄνθρωπος,
609 2147 683 2209 ὡς
714 2144 870 2209 οὗτος
895 2151 922 2201 6
949 2147 1257 2218 ἄνθρωπος.
1306 2166 1323 2197 ι
1364 2149 1428 2201 Ol.
1471 2148 1571 2216 μὲν
1621 2141 1713 2199 οὖν

122 2235 487 2307 μετριώτεροι
519 2240 575 2291 έν
609 2238 797 2309 κακίᾳ,
830 2241 889 2292 έν
919 2239 1097 2306 λόγοις
1142 2240 1324 2307 μόνοις
1364 2238 1715 2308 ἠναντιοῦντο

116 2329 189 2396 τῇ
224 2326 349 2398 δόξῃ
395 2330 489 2382 τοῦ
539 2330 814 2398 Χριστοῦ“
870 2332 920 2382 οἱ
963 2332 1018 2383 δὲ
1070 2332 1566 2400 ἀναισχυντότεροι,
1619 2330 1715 2382 καὶ

118 2420 316 2489 χεῖρας
353 2420 543 2487 ἤθελον
574 2422 803 2489 ἐπάγειν
832 2440 845 2452 ⁸
877 2424 992 2475 ἀλλ’
1041 2424 1191 2493 ὅμως
1242 2426 1492 2493 ἀοράτως
1538 2423 1711 2476 πεπέ-

118 2512 308 2578 δηντο,
335 2511 435 2579 τῆς
484 2511 634 2575 θείας
665 2515 863 2573 αὐτοὺς
905 2515 1241 2584 κατεχούσης
1274 2515 1552 2583 δυνάμεως
1576 2531 1591 2549 ο
1620 2516 1712 2569 καὶ

118 2602 245 2653 οὐδὲ
279 2603 382 2653 ὑπὸ
408 2604 595 2656 τούτου
621 2603 714 2657 τοῦ
749 2604 1024 2674 θαύματος
1057 2606 1471 2659 κατενύσσοντο.
1504 2608 1714 2668 Ὄντως

122 2694 149 2740 ὀ
173 2690 339 2743 Δαυῒδ
370 2695 499 2761 περὶ
526 2694 730 2748 τούτων
764 2692 884 2747 εἷπε
910 2696 989 2749 τό’
1029 2714 1047 2747 ‹
1084 2696 1499 2766 Διεσχίσθησαν,
1530 2699 1622 2751 καὶ
1646 2698 1704 2749 οὐ

126 2785 531 2853 κατενύγησαν.
570 2803 590 2839 ι
627 2788 688 2839 Οἱ
714 2786 771 2839 δὲ
804 2787 1075 2858 ὑπηρέται
1114 2788 1163 2841 oi
1207 2789 1517 2853 σταλέντες,
1570 2771 1710 2841 ὥστε

121 2875 357 2939 ἀγαγεῖν
394 2876 577 2940 αὐτὸν,
631 2876 832 2947 ἴδωμεν
866 2878 918 2930 τί
948 2878 1341 2951 αποκρίνονται
1394 2880 1505 2939 τοῖς
1546 2880 1712 2948 Φαρι-

124 2964 322 3027 σαίοις,
357 2966 430 3027 ώς
462 2966 581 3021 λίαν
616 2967 979 3037 εὐγνώμονες.
1014 2968 1077 3021 Oi
1122 2969 1220 3037 μὲν
1264 2968 1374 3039 γάρ
1425 2970 1711 3039 Φαρισαῖοι

122 3055 221 3105 καὶ
255 3055 552 3126 σοφώτεροι
605 3057 891 3122 δοκοῦντες
942 3054 1104 3125 εἶναι,
1138 3062 1231 3113 καὶ
1265 3059 1490 3131 Γραφάς
1518 3062 1712 3127 ἀναγι-

122 3146 446 3213 νώσκοντες,
472 3150 565 3201 καὶ
596 3150 854 3219 θαύματα
882 3151 1143 3220 ὁρῶντες,
1176 3151 1413 3205 λυττῶσι
1447 3154 1589 3206 κατά
1614 3152 1708 3206 τοῦ
1736 3187 1782 3250 C

118 3240 352 3309 Κυρίου,
376 3243 470 3293 καὶ
503 3242 751 3312 ἐρωτῶσι
796 3245 1106 3315 λῃστρικῶς
1127 3261 1141 3275 ο
1182 3263 1200 3296 ι
1238 3245 1337 3297 Διά
1362 3246 1415 3298 τί
1442 3246 1541 3298 οὐκ
1572 3246 1710 3315 ἠγά-

120 3347 249 3397 γετε
270 3332 432 3385 αὐτόν
457 3350 471 3399 ;
504 3352 521 3384 ι
556 3334 623 3388 Oi
650 3335 706 3387 δὲ
733 3336 825 3388 καὶ
852 3336 1021 3406 χωρὶς
1044 3338 1287 3407 σημείων
1319 3336 1428 3390 ἀπὸ
1454 3337 1710 3390 διδασκα-

120 3422 246 3485 λίας
279 3424 449 3495 μόνης
500 3426 835 3497 ἐπείσθησαν
861 3443 874 3456 ο
930 3427 1103 3490 οὑτως
1142 3423 1283 3498 ἦσαν
1317 3430 1537 3496 εὐφυεῖς
1573 3430 1709 3499 πρὸς

125 3512 189 3565 τὸ
217 3512 445 3581 ἀγαθόν.
496 3516 616 3569 Ὀτι
644 3517 697 3569 δὲ
729 3518 829 3569 οὐκ
870 3517 978 3571 ἀπὸ
1013 3518 1275 3588 σημείων,
1326 3519 1443 3571 ἀλλ’
1476 3519 1582 3572 ἀπὸ
1610 3519 1709 3587 τῆς

118 3604 472 3669 διδασκαλίας
512 3607 778 3673 ἑάλωσαν,
805 3610 833 3661 ὃ
866 3610 1051 3679 μεῖζόν
1080 3612 1217 3675 ἐστι,
1245 3610 1401 3680 δῆλον
1434 3608 1705 3663 ἐντεῦθεν.

122 3698 199 3750 Οὐ
232 3698 339 3770 γὰρ
372 3694 547 3764 εἷπον,
579 3702 661 3754 ὅτι
688 3702 959 3755 Οὐδέποτε
981 3701 1153 3764 οὑτως
1180 3702 1709 3773 ὲθαυματούργησεν

112 3794 149 3843 6
178 3792 487 3861 ἄνθρωπος,
525 3794 664 3859 ἀλλ’,
702 3813 719 3845 ι
754 3793 940 3857 Οὕτως
986 3795 1247 3865 ἐλάλησεν
1272 3811 1284 3823 ο
1318 3814 1336 3846 ι
1367 3794 1541 3857 οὕτως
1566 3793 1709 3867 ἦσαν

124 3888 629 3957 συγκεκροτημένοι
648 3889 741 3942 καὶ
764 3889 905 3953 ὀξεῖς
928 3890 1006 3951 είς
1024 3889 1082 3942 τὸ
1102 3890 1510 3959 παραδέξασθαι
1540 3890 1699 3957 λόγον

127 3980 422 4047 σωτηρίας.
453 3980 573 4049 Χρὴ
612 3980 669 4032 δὲ
698 3982 759 4033 οὐ
794 3982 955 4051 μόνον
984 3983 1083 4052 τὴν
1115 3982 1330 4035 σύνεσιν
1361 3982 1542 4033 αὐτῶν
1574 3981 1705 4034 θαυ-

128 4072 325 4139 μάσαι,
364 4073 498 4126 ἀλλά
530 4074 625 4127 καὶ
650 4074 749 4146 την
774 4077 1111 4146 παρρησίαν.
1142 4076 1218 4128 Οὐ
1246 4076 1354 4146 γὰρ
1385 4076 1705 4145 ὑπέπτηξαν

120 4162 212 4214 τὸν
246 4162 415 4232 θυμὸν
457 4165 565 4218 τῶν
613 4167 954 4235 Φαρισαίων,
997 4168 1117 4221 οὐδὲ
1151 4167 1225 4230 ὠς
1261 4169 1531 4236 ὑπηρέται
1576 4168 1707 4221 ὑπε-

124 4254 417 4325 στάλησαν,
457 4256 552 4310 καὶ
571 4258 639 4310 τὰ
666 4259 875 4328 ἀρεστὰ
896 4261 1008 4320 τοῖς
1033 4260 1295 4328 ἄρχουσιν
1319 4258 1499 4312 αὐτῶν
1526 4254 1703 4326 εἷπον,

116 4345 259 4400 ἀλλά
314 4348 650 4419 μαρτυροῦσι
695 4352 761 4419 τῇ
810 4349 1060 4421 ἀληθείᾳ.
1118 4348 1224 4412 Οὓς
1270 4350 1352 4403 δεῖ
1419 4351 1704 4420 μιμεῖσθαι

123 4438 327 4502 πάντας
352 4440 475 4504 τοὺς
502 4444 611 4503 τοῖς
645 4440 871 4511 ἄρχουσι
924 4444 1358 4511 παρεπομένους,
1389 4444 1480 4495 καὶ
1506 4444 1580 4513 μὴ
1605 4444 1706 4496 ὑπ-

1833 579 1972 632 scire
2017 578 2235 644 quidem
2273 578 2413 646 quod
2447 593 2511 630 ex
2545 577 2822 631 Bethleem
2861 576 2933 629 sit
2957 571 3141 643 Jesus,
3189 578 3351 631 etiam
3380 579 3425 632 si

1833 670 1885 724 in
1916 669 2133 725 Galilaza
2168 670 2435 723 enutritus
2469 669 2653 734 fuerit,
2688 682 2798 737 pra:
2827 667 3028 720 invidia
3060 677 3239 721 tamen
3273 668 3427 724 nole-

1830 763 1957 814 bant
2013 761 2168 813 fateri
2201 760 2537 812 nativitatem
2573 773 2638 812 ex
2679 758 2980 821 Bethleem,
3015 757 3110 811 sed
3142 755 3423 819 Galilaeum

1829 849 2203 904 nominabant.
2240 851 2368 903 Esto
2424 860 2603 901 autem
2656 851 2799 915 quod
2840 846 3145 918 ignorarint
3201 862 3323 903 eum
3356 864 3425 903 ex

1828 941 2101 994 Bethleem
2140 955 2280 1004 esse,
2319 951 2373 993 at
2404 955 2465 992 ex
2515 942 2722 993 semine
2775 940 2939 993 David
2990 954 3112 994 esse
3152 944 3424 1008 quomodo

1827 1030 2183 1086 dubitarunt?
2229 1038 2420 1086 Annon
2452 1030 2737 1084 manifeste
2761 1046 2823 1084 ex
2858 1031 3021 1084 David
3062 1030 3227 1085 Maria
3257 1033 3424 1087 traxit

1826 1124 2039 1193 genus?
2074 1124 2149 1177 Ex
2186 1125 2285 1178 hoc
2317 1125 2484 1193 igitur
2513 1123 2857 1177 manifestum
2901 1127 3042 1193 quod
3089 1125 3276 1180 dolose
3304 1127 3422 1181 haec

1825 1213 2097 1270 dicebant.
2138 1216 2409 1269 Dissensio
2440 1228 2621 1269 autem
2651 1214 2791 1267 facta
2821 1225 2902 1269 est
2935 1216 2984 1268 in
3019 1214 3198 1280 turba,
3230 1231 3338 1269 non
3364 1216 3422 1270 in

1824 1310 2184 1379 principibus.
2213 1309 2344 1361 Nam
2379 1308 2655 1378 principes
2686 1309 2845 1362 unius
2872 1308 3158 1363 sententia:
3177 1308 3419 1375 fuerunt,

1824 1416 1893 1455 ne
1914 1402 2286 1470 susciperetur
2329 1401 2441 1470 ipse
2475 1410 2532 1454 ut
2563 1400 2838 1455 Christus.

1903 1665 2063 1719 \‘zns.
2102 1662 2298 1717 4446.
2351 1683 2367 1714 ι
2408 1662 2637 1729 Quidam
2680 1674 2860 1717 autem
2899 1679 2966 1719 ex
3002 1664 3133 1733 ipsis
3166 1664 3419 1719 volebant

1822 1756 2229 1825 apprehendere
2251 1768 2396 1817 eum,
2415 1756 2510 1807 sed
2540 1769 2701 1807 nemo
2723 1754 2953 1822 conjecit
2982 1755 3032 1806 in
3052 1769 3173 1807 eum
3200 1770 3413 1810 manus.

1105 1838 1199 1923 καὶ
1225 1838 1554 1941 ᾧαρισαίους
1573 1890 1584 1901 ·
1622 1872 1710 1923 καὶ

1823 1844 2096 1899 Venerunt
2124 1860 2253 1914 ergo
2285 1844 2522 1921 miniStri
2558 1844 2622 1895 ad
2659 1845 2948 1912 pontiﬁces
2978 1858 3029 1898 et
3067 1844 3373 1899 Pharisaeos
3396 1864 3413 1898 ε

1819 1949 1870 1994 et
1900 1943 2153 1994 dixerunt
2184 1940 2265 1994 eis
2318 1938 2390 1991 illi
2428 1940 2647 2004 :Quare
2701 1952 2807 1991 non
2860 1938 3165 1992 adduxistis
3223 1939 3412 1996 illum?

1818 2032 2236 2100 Responderunt
2268 2031 2525 2093 ministri,
2597 2027 2883 2097 Nunquam
2930 2030 3008 2088 sic
3062 2028 3273 2089 locutus
3334 2046 3421 2090 est

1820 2126 2003 2189 homo,
2060 2126 2204 2177 sicut
2252 2124 2338 2177 hic
2393 2124 2577 2179 home.
2630 2146 2653 2178 ι
2694 2122 2791 2192 Qui
2833 2145 2937 2180 non
2986 2139 3145 2182 tanta:
3198 2130 3418 2182 malitiae

1818 2228 1993 2281 erant,
2028 2215 2159 2269 solis
2189 2215 2535 2272 sermonibus
2565 2209 2749 2287 gloria:
2798 2220 2999 2274 Christi
3032 2231 3189 2274 erant
3223 2224 3417 2275 adver-

1816 2308 1947 2363 sarii
1984 2327 1996 2362 :
2030 2320 2086 2363 at
2117 2310 2209 2377 qui
2256 2311 2711 2377 itupudeutiores,
2762 2312 2925 2366 etiam
2962 2328 3153 2365 manus
3194 2314 3247 2366 in
3291 2330 3414 2368 cum

1818 2402 2046 2470 injicere
2102 2404 2355 2457 volebant
2392 2417 2404 2453 :
2442 2404 2757 2471 ligabantur
2807 2415 2988 2458 tamen
3044 2406 3413 2471 invisibiliter,

1817 2494 2105 2548 cohibente
2153 2496 2274 2549 illos
2316 2495 2501 2551 divina
2534 2499 2738 2551 virtute
2770 2515 2782 2551 :
2816 2507 2871 2551 et
2906 2513 3083 2569 neque
3116 2500 3219 2553 hoc
3249 2503 3405 2553 mira-

1816 2589 1933 2642 eule
1965 2590 2274 2657 eompuncti
2305 2600 2481 2645 erant.
2526 2590 2780 2647 Profecto
2825 2591 2989 2647 David
3024 2594 3089 2648 de
3122 2594 3205 2647 his
3231 2594 3368 2647 dixit
3396 2612 3409 2647 :

1822 2699 1839 2731 ι
1882 2680 2103 2736 Discissi
2158 2694 2307 2749 sunt,
2353 2696 2405 2739 et
2453 2700 2557 2739 non
2619 2688 2928 2752 compuncti
2974 2686 3045 2741 '°.
3106 2705 3127 2738 ι
3176 2686 3413 2741 Ministri

1815 2786 1995 2829 autem
2033 2777 2183 2831 missi
2212 2790 2268 2831 ut
2306 2782 2481 2846 ipsum
2528 2779 2883 2845 adducerent,
2940 2781 3221 2834 videamus
3278 2782 3409 2849 quid

1817 2868 2199 2937 responderint.
2250 2870 2561 2937 Pliariszeis,
2605 2874 2861 2941 quoniam
2899 2874 3055 2927 valde
3112 2876 3408 2942 sapientes.

1815 2958 1950 3014 Nam
1983 2960 2241 3016 Pharisaei
2282 2964 2371 3030 qui
2406 2974 2456 3017 et
2486 2964 2843 3031 Sapientiores
2880 2966 3209 3019 videbantur
3260 2981 3386 3021 esse

1814 3063 1866 3107 et
1894 3052 2203 3123 Scripturas
2254 3054 2513 3123 legentes.
2549 3064 2602 3108 et
2634 3057 2891 3109 miracula
2921 3056 3187 3123 videntes,
3220 3060 3385 3114 szevie

1814 3147 1943 3201 baut
1966 3160 2155 3203 contra
2182 3146 2389 3214 Jesuru,
2414 3160 2466 3201 et
2488 3149 2893 3217 interrogabant
2920 3150 3190 3203 latronum
3217 3166 3366 3207 more
3393 3171 3408 3207 :

1820 3258 1838 3292 ι
1878 3238 2064 3305 Quare
2096 3258 2201 3294 nun
2227 3240 2530 3295 adduxistis
2554 3242 2745 3295 illum?
2773 3262 2791 3294 ι
2821 3244 2889 3295 At
2918 3242 3173 3297 illietiam
3206 3244 3414 3315 absque

1814 3333 1984 3403 signis
2017 3348 2048 3387 a
2078 3334 2191 3388 sola
2225 3334 2468 3388 doctrina
2518 3336 2763 3403 persuasi
2816 3333 3071 3389 fuerunt:
3108 3336 3180 3389 ita
3211 3338 3277 3390 ad
3311 3338 3412 3391 bo-

1814 3443 1943 3481 num
1972 3437 2129 3481 erant
2170 3427 2371 3482 idonei.
2406 3426 2561 3493 Quod
2618 3439 2798 3481 autem
2834 3444 2941 3482 non
2981 3443 3010 3482 a
3039 3430 3231 3500 signis,
3259 3432 3352 3485 sed
3379 3447 3409 3485 a

1813 3518 2158 3574 sermonibus
2204 3518 2372 3590 614
2426 3520 2569 3587 capti
2617 3518 2840 3583 fuerint,
2886 3521 3031 3589 quod
3081 3521 3257 3590 majus
3304 3534 3411 3587 est,

1813 3611 2160 3667 manifestum
2189 3623 2273 3666 est
2304 3613 2449 3666 inde.
2479 3611 2595 3666 Non
2625 3614 2768 3666 enim
2804 3612 3059 3666 dixerunt
3086 3612 3408 3683 :Nunquam

1815 3703 1919 3759 tale
1944 3704 2267 3759 miraculum
2295 3704 2639 3769 feeithomo;
2676 3704 2794 3768 sed,
2834 3724 2853 3757 ι
2884 3703 2976 3759 Sic
2999 3704 3213 3761 loeutus
3231 3716 3311 3760 est
3340 3722 3352 3757 :
3382 3724 3401 3756 ι

1814 3795 1885 3848 ita
1918 3796 2208 3863 cenipositi
2235 3807 2289 3850 et
2321 3796 2527 3850 alacres
2549 3807 2706 3850 erant
2734 3798 2800 3850 ad
2832 3796 3234 3866 suscipiendum
3272 3812 3401 3851 ver-

1812 3888 1940 3941 bum
1978 3886 2239 3941 salutare.
2268 3886 2499 3955 Oportet
2529 3900 2710 3942 autem
2744 3904 2849 3943 non
2877 3891 3050 3943 solum
3082 3891 3407 3960 sapientiam

1812 3977 2029 4031 illorum
2086 3978 2367 4041 admirari,
2418 3978 2512 4032 sed
2546 3988 2600 4032 et
2633 3979 2967 4033 libertatem.
3023 3978 3212 4051 Neque
3260 3982 3406 4035 enim

1810 4079 2146 4123 curaverunt
2184 4084 2319 4123 iram
2346 4069 2769 4135 Pharisaeorum,
2804 4085 2977 4140 neque
3011 4073 3137 4140 quia
3173 4081 3229 4125 ut
3263 4075 3407 4127 servi

1811 4160 1962 4213 missi
1997 4158 2233 4226 fuerant,
2276 4175 2396 4228 qua:
2428 4160 2625 4229 placita
2672 4171 2830 4214 erant
2869 4164 3224 4232 principibus,
3256 4166 3408 4219 dixe-

1810 4262 1962 4315 runt,
2012 4252 2107 4307 sed
2152 4252 2496 4307 testabantur
2545 4253 2780 4307 veritati.
2816 4251 2927 4309 Hos
2963 4270 3155 4312 omnes
3204 4258 3407 4325 princi-

1812 4360 1939 4413 pum
1970 4344 2254 4400 ministros
2292 4344 2496 4399 imitari
2527 4345 2835 4413 oportebat,
2868 4359 2922 4401 et
2954 4364 3057 4401 non
3095 4351 3319 4405 obedire
3353 4352 3405 4405 iu

1812 4437 1897 4491 his
1922 4452 2041 4506 quae
2068 4438 2177 4491 Deo
2200 4446 2327 4492 sunt
2358 4438 2606 4503 adversa,
2640 4438 2781 4493 sicut
2804 4448 2859 4491 et
2892 4439 3038 4494 Sauli
3064 4457 3167 4496 non
3192 4442 3406 4497 obtem-

121 4530 342 4583 ακούειν
372 4535 553 4595 αὐτοῖς
580 4532 664 4601 ἐφ’
684 4528 763 4595 οἷς
787 4533 852 4586 ἂν
876 4533 1076 4596 ἀδίκως
1103 4533 1487 4603 προστάξαιενσ
1519 4533 1706 4605 ὥσπερ

1820 4538 2058 4598 peratum
2097 4539 2204 4594 est,
2234 4544 2358 4583 cum
2410 4530 2715 4584 astantibus
2766 4530 3094 4599 imperasset
3124 4543 3182 4588 ut
3214 4545 3405 4589 contra

122 4622 218 4674 καὶ
245 4624 337 4675 ἐπὶ
364 4621 461 4675 τοῦ
495 4624 667 4676 Σαοὺλ
699 4625 915 4691 γέγονε.
951 4626 1061 4677 Καὶ
1095 4624 1203 4693 γὰρ
1239 4625 1430 4675 τούτου
1458 4626 1701 4693 προστά-

121 4712 310 4777 ξαντος
338 4716 462 4777 τοὺς
490 4716 657 4785 ἱερεῖς
687 4715 782 4769 τοῦ
814 4716 1306 4787 Θεοῦςπαρανόμως
1325 4714 1700 4786 ἀναιρεθῆναι,

118 4808 167 4858 οἱ
195 4806 545 4875 παρεστῶτες
577 4805 726 4875 αὐτῷ
754 4807 977 4876 ποιῆσαι
1009 4809 1107 4860 οὐκ
1144 4806 1496 4876 ἐπείσθησαν.

196 4916 215 4949 ι
269 4898 673 4975 Ἀπεκρίθησαν
700 4897 791 4951 οὖν
835 4900 1019 4961 αὐτοῖς
1047 4900 1096 4951 οἱ
1120 4901 1437 4970 Φαρισαῖοι·
1480 4902 1573 4972 Μὴ
1608 4901 1701 4955 καὶ

120 4992 278 5059 ὑμεῖς
301 4990 682 5061 πεπλάνησθε;
707 4992 796 5061 Μή
826 5008 908 5053 τις
929 4992 993 5044 ὲκ
1018 4991 1126 5044 τῶν
1147 4992 1424 5063 ἀρχόντων
1454 4993 1704 5065 ἐπίστευέ

123 5087 225 5144 σενζ
259 5083 337 5144 είς
391 5083 574 5145 αὐτὸν,
608 5082 640 5150 ἢ
677 5085 741 5135 ὲκ
774 5084 883 5135 τῶν
922 5084 1267 5153 Φαρισαίων;
1310 5085 1451 5140 Ἀλλ’
1487 5090 1514 5140 6
1549 5086 1708 5157 ὄχλος

120 5170 274 5235 οὗτος
304 5174 331 5225 6
363 5174 439 5243 μὴ
468 5173 755 5241 γινώσκων
780 5174 872 5227 τὸν
902 5176 1088 5243 νόμον,
1126 5177 1517 5248 ἐπικατάρατοί
1546 5179 1703 5233 εἰσιν.

120 5264 283 5331 Λέγει
311 5264 625 5334 Νικόδημος
653 5264 788 5333 πρὸς
828 5266 1047 5330 αὐτοὺς,
1078 5268 1107 5319 6
1134 5266 1307 5319 ἐλθὼν
1338 5269 1533 5331 νυκτὸς
1569 5270 1707 5339 πρὸς

117 5354 302 5418 αὐτὸν,
322 5349 402 5418 εἷς
422 5354 497 5405 ὢν
521 5354 581 5418 ιε
606 5354 786 5407 αὐτῶν
808 5368 825 5383 ⁶
846 5355 938 5425 Μὴ
968 5355 997 5405 ὸ
1018 5357 1182 5425 νόμος
1213 5357 1374 5427 ήμῶν
1398 5357 1572 5428 κρίνει
1609 5359 1703 5412 τὸν

118 5444 422 5515 ἁνθρωπον,
451 5444 545 5497 εὰν
579 5445 653 5515 μὴ
682 5443 888 5515 ἀκούσῃ
922 5446 1052 5515 παρ’
1086 5443 1253 5498 αὐτοῦ
1298 5447 1585 5517 πρότερον,
1611 5447 1705 5501 καὶ

120 5538 230 5610 γνῷ
252 5541 305 5596 τί
334 5541 514 5604 ποιεῖς
560 5558 579 5589 ›
612 5539 769 5602 Τίνος
795 5540 982 5596 ἕνεκεν
1016 5542 1126 5602 τοῖς
1155 5534 1459 5609 ὑπηρέταις
1484 5542 1584 5594 οὐκ
1608 5542 1700 5610 ὀρ-

118 5632 304 5699 γίλως,
321 5631 458 5686 άλλά
480 5634 671 5702 πράως
698 5632 1101 5702 προσφέρονται
1127 5632 1175 5683 ol
1193 5631 1499 5701 Φαρισαῖοι,
1523 5633 1702 5701 ἠπίως

191 5812 236 5841 ⁷⁸
265 5811 408 5871 Psal.
445 5830 627 5879 xxxiv,
675 5815 761 5868 16.
839 5814 879 5846 τί
912 5812 932 5866 ι
973 5811 1103 5882 Reg.
1138 5826 1270 5878 xxu,
1306 5810 1389 5864 l6.

1814 4623 1983 4692 legem
2016 4622 2325 4677 sacerdotes
2360 4622 2453 4676 Dei
2486 4623 2931 4678 interiinerentur
2958 4625 3026 4680 “.

1888 4885 2048 4941 Vens.
2084 4886 2277 4941 47-51.
2320 4903 2339 4937 ι
2378 4885 2797 4955 Responderunt
2824 4903 2955 4959 ergo
2990 4891 3069 4945 eis
3100 4891 3400 4949 Pharisazi:

1810 4980 1948 5034 Num
1983 4974 2037 5035 et
2060 4995 2155 5035 vos
2192 4980 2397 5035 seducti
2428 4981 2561 5033 estis
2586 4980 2609 5032 ?
2636 4980 2771 5033 Num
2801 4983 2924 5051 quis
2963 4998 3027 5036 ex
3062 4984 3403 5054 principibus

1808 5076 2039 5133 credidit
2076 5078 2128 5129 in
2163 5089 2310 5137 eum,
2345 5083 2441 5127 aut
2478 5088 2543 5127 ex
2574 5073 2910 5130 Phariswis?
2944 5077 3050 5131 Sed
3074 5078 3255 5150 _turba
3289 5081 3403 5135 haec

1806 5184 1926 5239 quae
1949 5182 2057 5221 non
2084 5168 2233 5221 novit
2260 5166 2458 5236 legero,
2496 5166 2862 5221 exsecrabiles
2894 5176 3042 5221 sunt.
3073 5168 3213 5223 Dicit
3239 5169 3401 5225 Nico-

1806 5262 1999 5316 demus
2034 5261 2100 5314 ad
2143 5272 2260 5325 eos,
2314 5258 2361 5312 is
2396 5257 2487 5327 qui
2538 5266 2701 5313 nocte
2750 5270 2973 5313 venerat
3005 5260 3073 5315 ad
3102 5276 3249 5328 eum,
3307 5265 3402 5332 qui

1806 5368 1947 5407 unus
1976 5361 2094 5405 erat
2123 5351 2190 5406 de
2217 5364 2443 5404 numero
2471 5362 2657 5403 eorum
2691 5368 2704 5403 :
2734 5346 2873 5403 Num
2908 5349 2991 5403 lex
3031 5360 3221 5406 nostra
3249 5352 3401 5421 judi-

1807 5454 1895 5501 cat
1931 5444 2227 5505 hominem,
2261 5441 2363 5495 nisi
2396 5442 2548 5511 prius
2589 5440 2821 5495 audierit
2849 5441 2916 5495 ab
2948 5442 3085 5510 ipso,
3113 5452 3167 5496 et
3194 5456 3400 5512 cogno-

1813 5538 1953 5593 verit
1982 5536 2111 5608 quid
2138 5535 2335 5591 faciat?
2371 5552 2389 5585 ι
2423 5534 2595 5600 Quam
2628 5534 2696 5588 ob
2727 5548 2948 5589 causam
2991 5535 3257 5590 ministris
3292 5548 3398 5588 non

1816 5627 2094 5698 irai-unde,
2126 5627 2221 5684 sed
2251 5618 2531 5683 mansuete
2552 5626 2848 5696 loquuntur
2876 5623 3160 5693 Pharisaei,
3187 5629 3401 5698 placide
