4072 6214
406 318 512 384 151

1365 313 1952 381 THEOPHYLACTI
1997 314 2409 405 BULGARLE
2454 315 2809 380 ARCHIEP.
3232 304 3249 331 λ

3669 309 3781 374 152

401 457 708 513 extentam
766 447 937 529 pueri
993 466 1235 511 manum
1281 448 1550 530 signavit,
1611 468 1726 531 quo
1793 449 2055 530 dignosci

2148 458 2247 520 τῆς
2302 454 2530 533 μήτρας,
2588 453 2661 518 ὡς
2716 450 2870 520 δῆθεν
2940 452 3145 530 πρῶτος
3208 451 3601 530 τεχθησόμενος
3637 465 3651 480 ⁶
3701 454 3788 509 καὶ

400 550 601 620 posset
639 545 704 601 ut
756 537 1345 618 primogenituszsed
1393 556 1541 619 puer
1576 556 1812 600 manum
1857 541 2050 602 statim

398 627 691 690 contraxit
712 628 863 688 intra
884 635 1211 699 uterum,et
1230 625 1380 688 alius
1401 628 1564 708 prior
1578 637 1751 690 natus
1766 630 2054 704 est,dein-

400 716 476 778 de
504 715 607 783 ille
635 715 739 797 qui
770 734 1009 777 manum
1045 716 1436 796 praemiserat.
1471 715 1728 779 Vocatus
1755 729 1846 779 est
1876 719 2051 798 igitur

400 804 503 886 qui
533 804 697 886 prior
721 813 891 866 natus
924 804 1555 886 fuerat,Phares,quod
1586 806 1994 880 est,Dissectio
2031 829 2044 871 :

401 893 687 963 dissecuit
716 894 875 956 enim
908 893 1234 957 naturalem
1262 894 1671 967 ordinem.Qui
1691 907 1892 958 autem
1913 917 2051 957 con-

403 983 579 1046 traxit
608 1002 871 1057 manum,
906 984 1050 1046 Zara
1082 983 1349 1046 dicturus
1376 993 1485 1046 est.
1519 985 1822 1063 Signiﬁcat
1852 995 2047 1047 autem

402 1074 529 1136 haec
588 1073 836 1134 historia
882 1080 1318 1135 sacramentum
1352 1073 1676 1153 quoddam.
1709 1072 1854 1139 Nam
1900 1074 2052 1135 sicut

402 1160 547 1224 Zara
578 1161 838 1223 ostendit
866 1161 1108 1242 quidem
1144 1161 1399 1242 primum
1434 1180 1674 1224 manum
1707 1171 1764 1224 et
1784 1163 2048 1226 retraxit:

404 1250 486 1312 ita
515 1250 577 1313 in
607 1251 830 1317 sanctis
880 1252 980 1330 qui
1015 1259 1184 1314 erant
1220 1261 1357 1313 ante
1391 1251 1579 1329 legem
1629 1263 1688 1315 et
1733 1252 2053 1313 circumci-

403 1340 660 1420 sionem,
683 1342 953 1421 apparuit
976 1340 1093 1402 vita
1122 1340 1479 1403 Christiana.
1509 1343 1731 1404 Omnes
1753 1342 1911 1403 enim
1940 1361 2055 1403 non

405 1446 475 1491 ex
531 1426 1042 1490 observationibus
1096 1436 1157 1490 et
1216 1429 1508 1491 mandatis
1567 1430 1714 1509 legis
1752 1430 2055 1509 justiﬁcati

402 1516 662 1593 fuerant,
698 1518 802 1580 sed
834 1517 973 1598 quia
998 1518 1417 1592 Evangelicam
1444 1520 1624 1582 vitam
1659 1521 1932 1582 vixerunt
1993 1525 2058 1583 Et

404 1605 655 1669 observa
680 1608 978 1687 quomodo
1002 1608 1300 1670 Abraham
1330 1618 1555 1689 patrem
1582 1620 1642 1671 et
1669 1609 1908 1671 domum
1931 1629 2056 1690 pro.

405 1702 535 1775 pter
563 1694 748 1756 Deum
776 1696 1172 1776 reliquerit,et
1204 1705 1472 1760 naturam
1497 1698 2052 1777 abm'gaverittlun-

399 1782 599 1848 sidera
625 1782 1351 1861 Job,Melchisedech.Ubi
1370 1795 1568 1849 autem
1588 1788 1680 1849 lex
1712 1788 2051 1861 venit,con-

2142 1788 2487 1869 εὒαγγελικὴν

404 1881 590 1936 tracta
620 1882 710 1937 est
761 1874 893 1936 talis
939 1874 1078 1938 vita.
1117 1874 1629 1947 Quemadmodum
1686 1884 1881 1938 autem
1935 1876 2049 1938 illic

403 1971 540 2025 nato
573 1964 823 2038 Phares,
851 1965 1149 2044 posterior
1180 1964 1394 2027 iterum
1424 1965 1567 2026 exiit
1590 1965 1735 2028 Zara
1768 1983 1782 2028 :
1820 1967 1901 2027 ita
1921 1964 2052 2044 lege

400 2055 564 2133 data,
586 2052 802 2115 iterum
831 2055 1108 2135 apparuit
1138 2054 1252 2116 vita
1276 2054 1656 2133 Evangelica,
1689 2073 1821 2135 quae
1849 2055 2045 2118 cocci-

403 2161 516 2204 neo
547 2141 836 2222 funiculo,
863 2162 1081 2222 nempe
1103 2143 1390 2223 sanguine
1421 2142 1638 2207 Christi
1669 2144 1895 2223 signata
1921 2145 2053 2206 fuit.

404 2230 1177 2310 ProptereaetEvangelista
1208 2234 1573 2295 mentionem
1604 2235 1735 2295 fecit
1772 2233 2050 2305 duorum,

403 2320 576 2401 quasi
620 2320 931 2383 declarans
962 2319 1323 2383 nativitatem
1390 2323 1623 2384 illorum
1667 2324 2056 2384 sacramentis

407 2409 672 2490 plenam.
715 2412 788 2472 Et
826 2409 995 2470 aliter
1049 2411 1251 2472 dicere
1284 2420 1475 2492 potes,
1510 2414 1870 2473 mentionem
1918 2413 2053 2472 facit

402 2497 686 2577 Thamar,
710 2497 948 2560 tametsi
973 2518 1091 2560 non
1120 2499 1417 2563 laudanda
1471 2500 1762 2574 videatur,
1789 2519 1861 2563 eo
1892 2501 2046 2582 quod

402 2587 754 2650 dormiverit
782 2607 919 2650 cum
939 2606 1147 2651 socero
1171 2610 1185 2623 ο
1216 2597 1278 2651 ut
1307 2590 1759 2670 ostendat,quud
1785 2591 2051 2654 Christus

401 2694 534 2738 cum
568 2676 903 2757 susceperit
932 2677 1132 2740 omnia
1158 2686 1405 2759 propter
1439 2697 1546 2739 nos
1575 2696 1587 2740 :
1621 2686 1681 2740 et
1711 2680 1823 2741 hoc
1852 2698 2046 2742 susce-

402 2765 512 2846 pit,
541 2771 609 2828 ut
649 2765 795 2827 tales
825 2765 1041 2829 habeat
1070 2768 1481 2848 progenitores
1509 2786 1523 2831 :
1558 2768 1676 2829 imo
1708 2776 1770 2830 ut
1801 2787 1906 2848 per
1939 2770 2048 2831 loc

402 2855 597 2936 ipsum
629 2853 783 2935 quod
811 2873 885 2915 ex
917 2855 1005 2917 eis
1037 2864 1205 2917 natus
1236 2865 1325 2918 est
1347 2875 1452 2918 eos
1483 2856 1900 2919 sanctiﬁcaret:
1931 2879 2048 2920 non

404 2944 562 3006 enim
586 2942 744 3005 venit
773 2962 985 3006 vocare
1008 2946 1224 3025 justos,
1260 2946 1369 3008 sed
1396 2955 1761 3026 peccatores.

2137 544 2171 611 ἡ
2231 555 2370 617 μαῖα
2436 544 2667 616 κοκκίνῳ
2723 542 2961 619 σπαρτίῳ
3035 539 3318 619 ἱσφράγισε
3375 540 3647 614 συντόμως
3690 540 3791 606 τὴν

2138 631 2439 696 ἐξελθοῦσαν
2509 639 2603 689 τοῦ
2656 629 2845 695 παιδός
2904 643 3093 709 χεῖρα,
3156 631 3229 693 ὡς
3272 628 3336 684 ἂν
3390 630 3709 708 γνωρίςηται
3763 632 3793 685 6

2134 728 2341 799 πρῶτος
2384 722 2596 801 τεχθείς
2622 737 2637 753 '
2697 718 2837 777 ἀλλὰ
2884 717 3180 775 συνέστειλε
3238 719 3334 785 τὴν
3393 731 3558 797 χεῖρα
3589 722 3615 774 6
3660 733 3791 781 παῖς

2133 808 2237 865 ἔσω
2292 814 2389 876 τῆς
2446 811 2678 887 μήτρας,
2775 809 2862 865 καὶ
2938 806 3135 887 ἐτέχθη
3220 808 3472 885 πρότερον
3537 811 3564 863 6
3615 807 3788 884 ἕτερος

2132 911 2289 977 παῖς,
2349 898 2451 955 εἷθ’
2495 896 2659 963 οὕτως
2702 897 2905 957 ἐκεῖνος
2939 898 2968 953 6
3011 897 3106 963 τὴν
3151 910 3314 975 χεῖρα
3362 894 3780 974 προϐαλόμενος·

2133 983 2334 1055 ἐκλήθη
2396 985 2485 1041 οὖν
2544 988 2572 1041 6
2616 984 2714 1060 μὲν
2772 984 3025 1062 πρότερον
3076 985 3308 1064 τεχθεὶς,
3354 984 3550 1063 Φαρὲς,
3601 986 3629 1040 ὃ
3672 985 3779 1046 ἐστι

2134 1073 2362 1145 διακοπή
2398 1093 2412 1108 '
2473 1074 2685 1151 διέκοψε
2738 1075 2837 1153 γὰρ
2924 1072 3022 1129 τὸν
3102 1074 3326 1153 φυσικὴν
3384 1074 3529 1139 τάξιν
3564 1089 3577 1105 ⁸
3641 1077 3668 1131 6
3725 1074 3779 1130 δὲ

2138 1162 2409 1227 συστείλας
2480 1166 2577 1232 τὴν
2632 1177 2817 1244 χεῖρα,
2878 1162 3014 1241 Ζαρά
3049 1178 3061 1191 ⁸
3121 1162 3367 1238 σημαίνει
3444 1161 3498 1219 δὲ
3561 1163 3691 1231 αὕτη
3747 1166 3780 1232 ἡ

2137 1255 2339 1330 ἱστορία
2407 1254 2694 1333 μυστήριόν
2751 1252 2850 1308 τί·
2914 1250 3093 1330 ὥσπερ
3174 1252 3274 1330 γὰρ
3330 1254 3357 1308 6
3416 1254 3555 1331 Ζαρὰ
3624 1251 3780 1318 ἔδειξε

2140 1345 2238 1419 μὲν
2294 1350 2504 1422 πρῶτον
2551 1346 2652 1411 τὴν
2708 1355 2896 1422 χεῖρα,
2950 1340 3245 1407 συνεστάλη
3302 1339 3356 1397 δε
3410 1342 3591 1416 πάλιν,
3649 1343 3784 1400 οὕτω

2140 1435 2228 1490 καὶ
2288 1439 2323 1500 ὴ
2393 1435 2529 1492 κατὰ
2585 1434 2809 1512 Χριστὸν
2871 1432 3135 1504 πολιτεία,
3197 1430 3362 1510 ὶφάνη
3416 1431 3513 1505 μὲν
3573 1433 3627 1488 ἰν
3668 1448 3784 1496 τοῖς

2142 1528 2241 1601 πρὸ
2296 1530 2390 1579 τοῦ
2446 1521 2611 1597 νόμου
2669 1524 2756 1578 καὶ
2811 1521 2909 1589 τῆς
2982 1520 3278 1595 περιτομῆς
3336 1521 3501 1599 ἁγίοις
3536 1540 3551 1555 ο
3599 1522 3785 1587 πάντες

2142 1614 2241 1689 γὰρ
2294 1612 2461 1685 οὗτοι,
2508 1614 2603 1668 οὐκ
2673 1613 2735 1668 bc
2788 1616 2894 1667 τῶν
2964 1615 3056 1666 τοῦ
3118 1609 3282 1684 νόμου
3318 1617 3783 1689 παρατηρηματων

2135 1703 2224 1758 καὶ
2274 1698 2506 1758 ἐντολῶν
2557 1698 2966 1778 ὶδικαιώθησαν,
3028 1697 3149 1754 ἀλλ’
3209 1697 3269 1754 ἐκ
3322 1707 3415 1756 τοῦ
3481 1700 3618 1756 κατὰ
3686 1700 3787 1767 τὴν

2598 1787 2867 1846 πολιτείαν
2958 1792 3118 1859 ζῆσαι
3153 1802 3167 1816 ·
3256 1788 3346 1843 καὶ
3426 1789 3611 1844 σκόπει
3693 1790 3782 1845 τὸν

2137 1876 2403 1957 Ἀϐραὰμ,
2455 1880 2546 1934 τὸν
2589 1875 2787 1957 ἀφέντα
2858 1876 3057 1954 πατέρα
3112 1877 3201 1933 καὶ
3242 1877 3408 1934 οἰκίαν
3465 1875 3639 1932 ἕνεκεν
3696 1883 3787 1933 τοῦ

2137 1970 2290 2046 Θεοῦ,
2363 1967 2451 2023 καὶ
2509 1966 2951 2045 ἀπαρνησάμενον
3007 1966 3094 2021 καὶ
3166 1965 3267 2032 τὴν
3328 1966 3481 2047 φύσιν
3516 1987 3529 2000 ⁸
3598 1968 3784 2023 σκόπει

2133 2060 2223 2114 τὸν
2285 2055 2429 2133 Ἰὼϐ,
2486 2056 2577 2114 τόν
2640 2053 3011 2135 Μελχισεδέκ³
3064 2065 3156 2114 τοῦ
3217 2055 3378 2130 νόμου
3420 2053 3475 2111 δὲ
3520 2054 3782 2134 ἰλθόντος,

2138 2145 2432 2213 συνεστάλη
2494 2148 2528 2214 ἡ
2584 2146 2805 2212 τοιαύτη
2855 2143 3093 2201 πολιτεία
3123 2164 3138 2180 ·
3200 2144 3379 2223 ὥσπερ
3433 2142 3489 2202 δέ
3540 2145 3656 2202 ἐκεῖ
3694 2154 3788 2204 τοῦ

2136 2237 2307 2314 Φαρὲς
2356 2234 2721 2314 γεννηθένιος,
2792 2234 3008 2314 ὕστερον
3059 2233 3218 2291 πάλιν
3272 2233 3487 2302 ἐξῆλθεν
3543 2237 3570 2291 6
3625 2235 3784 2314 Ζαρὰ,

2137 2325 2275 2383 οὕτω
2318 2332 2410 2382 τοῦ
2453 2325 2617 2400 νόμου
2673 2322 2909 2387 δοθέντος
2969 2322 3185 2402 ὕστερον
3254 2322 3491 2398 ἔλαμψεν
3532 2326 3565 2391 ἦ
3625 2328 3785 2402 εὗαγ-

2138 2413 2328 2492 γελικὴ
2394 2413 2667 2487 πολιτεία,
2728 2416 2763 2481 ἡ
2822 2420 2899 2487 τῷ
2955 2414 3185 2487 κοκκίνῳ
3244 2434 3505 2493 σπαρτιῳ,
3553 2412 3666 2479 ἤτοι
3713 2419 3788 2486 τῷ

2134 2504 2326 2580 αἵματι
2370 2510 2462 2561 τοῦ
2550 2509 2775 2582 Χριστοῦ
2856 2504 3235 2583 σφραγισθεῐσα
3269 2520 3282 2535 ’
3349 2500 3433 2559 διὰ
3484 2512 3638 2561 τοῦτο
3686 2504 3786 2581 γὰρ

2133 2614 2213 2650 τοι
2270 2594 2359 2649 καὶ
2402 2597 2427 2649 6
2467 2591 2858 2671 Εὖαγγελιστὴς
2910 2590 3272 2667 ἆμνημόνευσε
3304 2598 3412 2647 τῶν
3453 2589 3543 2648 δύο
3584 2592 3785 2649 τούτων

2133 2680 2355 2758 παίδων,
2412 2684 2487 2745 ὡς
2548 2680 2890 2758 μυστηριώδη
2932 2680 3052 2736 τινὰ
3112 2678 3374 2748 δηλούσης
3432 2686 3528 2748 τῆς
3584 2683 3782 2758 γεννη-

2132 2792 2266 2836 σεως
2301 2771 2472 2827 αὐτῶν
2506 2787 2519 2801 ⁸
2580 2773 2666 2828 καὶ
2697 2769 2871 2834 ἄλλως
2925 2767 3002 2842 δὲ,
3051 2772 3367 2846 μνημονεύει
3424 2776 3522 2837 τῆς
3567 2772 3780 2849 Θάμαρ,

2131 2871 2302 2917 καίτοι
2357 2862 2453 2917 οὒκ
2505 2859 2789 2927 ἐπαινετῆς
2847 2857 3128 2935 δοκούσης,
3180 2859 3264 2915 διὰ
3324 2861 3382 2915 τὸ
3428 2861 3649 2937 μιγῆναι
3705 2867 3781 2933 τῷ

2135 2952 2388 3029 πενθερῷ,
2446 2949 2539 3006 ’ίνα
2597 2949 2736 3027 δείξῃ
2781 2948 2861 3005 ὅτι
2920 2950 2947 3003 6
3009 2951 3230 3027 Χριστὸς
3274 2949 3445 3006 πάντα
3508 2948 3574 3006 δι’
3637 2952 3782 3026 ἡμᾶς

403 3030 847 3109 καταδεξάμενος,
908 3032 1216 3100 κατεδέξατο
1272 3037 1360 3092 καὶ
1413 3037 1679 3100 τοιούτους
1726 3035 1872 3116 ἔχειν
1930 3038 2246 3115 προγόνους.
2295 3037 2507 3095 Μᾶλλον
2554 3039 2645 3094 ’ἵνα
2701 3040 2790 3095 καὶ
2834 3036 2898 3094 δι’
2933 3040 3090 3095 αὖτοῦ
3131 3038 3318 3096 τοότο.)
3346 3049 3441 3097 τοῦ
3479 3038 3566 3095 ἀπ’
3617 3038 3787 3095 αὐτῶν

403 3124 744 3202 γεννηθῆναι,
778 3123 973 3200 ἁγιάσῃ
1004 3125 1214 3188 αὐτούς’
1252 3127 1306 3182 εὖ
1336 3126 1436 3203 γὰρ
1465 3125 1592 3192 ἦλθε
1623 3127 1843 3183 καλέσαι
1884 3126 2281 3201 δικαίουςρλλὰ
2322 3127 2693 3207 ἁμαρτωλούς,

440 3208 669 3272 ονειιε.
703 3211 1113 3273 3-5.«Phares
1141 3217 1343 3276 autem
1374 3214 1576 3293 genuit
1604 3213 2058 3295 Esrom,Esrom
2081 3231 2121 3279 c

403 3305 599 3360 autem
620 3300 824 3377 genuit
844 3299 1229 3373 Aram,Aram
1254 3310 1448 3364 autem
1474 3304 1675 3380 genuit
1698 3304 2050 3380 Aminadab,

2232 3239 2253 3273 ε
2292 3218 2464 3297 Φαρὲς
2561 3215 2616 3274 δὲ
2680 3217 2926 3297 ἐγέννησε
3006 3219 3098 3274 τὸν
3153 3216 3368 3296 Ἐσρώμ
3405 3237 3417 3252 ·
3465 3215 3678 3295 Ἐσρὼμ
3736 3215 3788 3272 δὲ

2135 3306 2383 3384 ὶγέννησε
2438 3308 2530 3363 τὸν
2574 3304 2747 3385 Ἀράμ
2784 3327 2797 3341 ·
2860 3308 3033 3385 Ἀρὰμ
3086 3306 3141 3363 δὲ
3200 3306 3449 3386 ἐγέννησε
3492 3307 3583 3362 τὸν
3624 3306 3784 3381 Ἀμι-

404 3386 740 3451 Aminadab
770 3396 964 3449 autem
996 3391 1200 3469 genuit
1245 3393 1479 3454 Naason
1506 3414 1530 3465 ;
1581 3394 1812 3455 Naason
1858 3401 2051 3454 autem

2142 3392 2299 3454 ναδάϐ
2336 3418 2345 3427 ·
2382 3393 2673 3471 Ἀμιναδὰό
2713 3394 2767 3451 δὲ
2825 3396 3071 3473 ἐγέννησε
3113 3399 3201 3453 τὸν
3246 3395 3470 3453 Ναασών
3502 3414 3516 3429 ⁶
3564 3396 3787 3453 Ναασὼν

400 3475 612 3557 genuit
659 3474 925 3553 Salmon,
995 3479 1237 3541 Salmon
1284 3487 1478 3542 autem
1526 3482 1731 3559 genuit
1774 3484 1931 3545 Booz
1985 3501 2053 3544 ex

2142 3483 2191 3539 δὶ
2236 3483 2483 3563 ἰγέννησε
2537 3487 2626 3540 τὸν
2687 3483 2916 3560 Σαλμών
2951 3501 2964 3515 ⁸
3023 3485 3252 3561 Σαλμὼν
3295 3482 3351 3540 δὲ
3392 3483 3640 3563 ἐγέννησε
3695 3486 3785 3542 τὸν

406 3564 741 3655 Rechab.)
775 3566 1014 3628 Rachab
1050 3576 1255 3647 putant
1284 3569 1522 3650 quidam
1570 3570 1734 3633 Raab
1767 3580 2051 3642 scortum,

2142 3575 2273 3645 Βοὸζ
2316 3574 2377 3629 ἐκ
2418 3575 2515 3640 τῆς
2564 3564 2787 3655 Ῥαχάϐ,
2842 3600 2864 3630 ι
2918 3566 3122 3654 Ῥαχὰϐ
3151 3575 3413 3645 νομίζουσί
3461 3596 3600 3638 τινες
3643 3575 3784 3630 εἶναι

406 3672 540 3736 qum
570 3654 978 3734 eXploratores
999 3655 1139 3719 Jesu
1161 3656 1317 3720 Nave
1370 3658 1651 3739 suscepit,
1688 3661 2055 3741 servavitque

2142 3664 2237 3732 τὴν
2298 3656 2455 3722 Ῥαὰὸ
2511 3664 2713 3730 ἐκείνην
2768 3665 2867 3731 τὴν
2909 3665 3132 3745 πόρνην,
3189 3663 3304 3732 ἥτις
3348 3666 3468 3729 τοὺς
3514 3668 3783 3720 κατασκόο

408 3762 535 3818 eos,
562 3752 620 3805 et
634 3753 864 3806 servata
893 3754 983 3807 est
1013 3746 1188 3807 etiam
1213 3747 1729 3827 ipsa.Mentionem
1760 3759 1955 3810 autem
1978 3750 2055 3812 fe-

2143 3775 2272 3817 πους
2331 3750 2536 3817 ἐδέξατο
2591 3760 2685 3810 τοῦ
2759 3754 2934 3820 Ἰησοῦ
2992 3758 3082 3810 τοῦ
3142 3760 3312 3821 Ναυῆ.
3376 3756 3472 3812 Καὶ
3540 3754 3787 3810 διέσωσεν

408 3832 491 3895 cit
521 3832 747 3913 ejus,ut
775 3833 1114 3897 declararet
1133 3837 1289 3916 quod
1311 3838 1463 3898 sicut
1484 3837 1613 3918 ipsa
1641 3846 1901 3899 scortum
1931 3840 2055 3905 fuit.

2145 3842 2353 3912 αὖτοὺς,
2401 3843 2488 3898 καὶ
2543 3839 2767 3910 διεσώθη
2824 3845 2910 3900 καὶ
2956 3843 3089 3913 αὐτή
3123 3860 3137 3878 ·
3185 3843 3424 3919 ἐμνησθη
3483 3841 3536 3898 δὲ
3566 3844 3783 3916 ταύτης,

416 3921 498 3984 ita
527 3931 583 3983 et
601 3922 865 4000 gentium
888 3924 1297 4004 congregatio.
1328 3925 1795 3988 Fornicabantur
1814 3928 1973 3988 enim
2003 3929 2055 3991 in

2144 3930 2236 3986 ’ίνα
2279 3928 2498 4007 δηλώσῃ
2529 3929 2609 3988 ὅτι
2660 3931 2838 4011 ὥσπερ
2879 3930 3010 3998 αὕτη
3068 3930 3237 4011 πόρνη
3294 3930 3383 4011 ἦν,
3444 3930 3578 3987 οὕτω
3614 3933 3698 3988 καὶ
3756 3934 3788 3995 η

412 4010 625 4099 studiis
640 4011 908 4085 suis,sed
930 4014 1225 4095 susceptis
1247 4013 1886 4095 exploratoribusJesu,
1918 4035 2055 4098 τινος

2144 4023 2246 4075 τών
2303 4021 2463 4075 ὶθνίυν
2535 4023 2819 4099 συναγωγή
2855 4039 2869 4052 ·
2949 4010 3320 4097 ἐξεπόρνευσαν
3375 4022 3474 4097 γὰρ
3530 4020 3584 4077 ἐν
3674 4036 3790 4085 to“;

409 4099 577 4164 stolis
606 4098 875 4180 inquam,
911 4120 981 4162 ex
1000 4102 1280 4181 gentibus
1301 4121 1509 4164 omnes
1540 4103 1641 4184 qui
1662 4104 1897 4165 illorum
1925 4124 2055 4167 cre-

2144 4106 2557 4183 ὶπιτηδεύμασιν
2640 4112 2839 4169 αὖτῶν.
2909 4110 3075 4168 Ἀλλὰ
3148 4107 3416 4185 δεξάμενοι
3492 4112 3612 4173 τοὺς
3702 4119 3792 4166 του

412 4189 705 4280 diderunt
723 4190 1124 4280 sermonibus,
1158 4191 1365 4253 salvati
1407 4200 1566 4255 sunt.
1618 4216 1638 4248 ι
1677 4193 1832 4256 Booz
1861 4203 2055 4255 autem

2145 4196 2323 4265 Ἰησοῦ
2382 4200 2774 4280 κατασκόπους,
2862 4198 2980 4267 ἤτοι
3062 4200 3184 4263 τοὺς
3268 4199 3616 4276 ἀποστόλόυς,
3705 4203 3794 4256 καὶ

410 4278 615 4360 genuit
641 4276 807 4343 Obed
839 4298 907 4341 ex
942 4280 1160 4343 Ruth.»
1198 4282 1360 4343 Ruth
1404 4281 1893 4361 haec,alienigena
1926 4282 2055 4364 fuit,

2142 4286 2439 4351 πεισθέντες
2481 4300 2601 4352 τοῖς
2645 4276 2823 4366 λόγοις
2889 4288 3124 4367 ἐκείνων,
3182 4287 3451 4354 ἐσώθησαν
3495 4289 3687 4352 πάντες
3746 4290 3793 4343 οἱ

410 4370 726 4447 conjuncta
757 4380 849 4431 est
880 4378 1075 4431 tamen
1095 4369 1282 4432 Booz:
1313 4371 1393 4430 ita
1420 4375 1481 4433 et
1499 4369 1763 4433 Ecclesia
1784 4390 1851 4433 ex
1873 4374 2055 4450 genti-

2142 4374 2192 4456 ἐξ
2247 4375 2429 4434 ἐθνῶν.
2522 4399 2550 4431 α
2616 4378 2747 4449 Βοὸζ
2801 4375 2854 4433 δε
2913 4376 3162 4456 ἐγέννησε
3234 4380 3323 4433 τὸν
3372 4369 3537 4444 ’--ϐηδ
3576 4380 3636 4434 ὶκ
3692 4384 3790 4444 τῆς

411 4456 887 4560 bus,alienigena
911 4459 1293 4541 exsistens,et
1316 4477 1349 4521 a
1382 4460 1748 4521 testamentis
1779 4461 2051 4536 extraria,

2143 4455 2308 4527 (Ρούθ,
2347 4487 2375 4518 ε
2432 4457 2493 4523 Ἠ
2554 4456 2701 4542 Ῥοὺθ
2765 4465 2896 4533 αὕτη
2958 4455 3271 4545 ἀλλόφυλος
3327 4466 3417 4543 ἦν,
3463 4464 3578 4520 ἀλλ’
3643 4466 3790 4541 ὅμως

411 4544 595 4610 oblita
628 4558 716 4611 est
743 4548 951 4630 popult
979 4548 1094 4619 sui,
1130 4559 1187 4609 et
1208 4548 1405 4610 cultus
1432 4548 1972 4631 siruulacrorum,6
2001 4561 2055 4612 et

2142 4554 2393 4631 συνεζύγη
2450 4561 2526 4629 τῷ
2584 4556 2711 4627 Βοόζ
2742 4560 2757 4590 ‘
2830 4554 2967 4613 οὕτω
3009 4557 3096 4612 καὶ
3151 4557 3187 4623 ἦ
3243 4554 3295 4621 ἐξ
3336 4555 3494 4612 ἐθνῶν
3554 4554 3792 4622 Ἐκκλη-

413 4634 635 4724 diaboli
664 4637 846 4719 patris
877 4638 991 4719 sui,
1028 4637 1125 4700 cui
1144 4638 1359 4717 juncta
1387 4645 1533 4717 erat,
1585 4646 1644 4699 et
1702 4639 1899 4719 nupsit
1938 4640 2055 4702 ﬁlio

2142 4643 2247 4712 σία,
2295 4642 2589 4724 ἀλλόφυλος
2641 4652 2793 4724 οὖσα,
2840 4649 2927 4700 και
2977 4643 3107 4709 ἕξων
3136 4652 3241 4701 τὼν
3273 4643 3559 4720 διαθηκῶν,
3595 4644 3791 4701 ἐπελα-

411 4722 543 4788 Dei.
2139 4734 2259 4788 θετο
2317 4739 2412 4788 τοῦ
2472 4731 2602 4789 λαοῦ
2662 4734 2848 4801 αὐτῆς,
2912 4734 3000 4789 καὶ
3060 4738 3166 4789 τῶν
3218 4731 3503 4789 εἰδωλικῶν
3532 4731 3799 4809 σεϐασμά-

2144 4842 2274 4894 των,
2316 4822 2528 4880 καὶτοῦ
2568 4825 2763 4901 πατρὸς
2810 4821 2973 4888 αὐτῆς
3034 4829 3126 4881 τοῦ
3182 4820 3449 4884 δια⁶όλου.
3511 4825 3607 4882 Καὶ
3662 4822 3795 4893 ἐλή-

2151 4913 2255 4989 φθη
2284 4911 2358 4974 εἷς
2387 4908 2558 4989 γάμον
2601 4912 2678 4985 τῷ
2704 4913 2800 4985 υἱῷ
2827 4910 2918 4967 τοῦ
2962 4914 3116 4973 Θεοῦ.

498 4994 680 5059 Vens.
713 4995 849 5057 5-6.
881 4991 1080 5057 «Obed
1112 5003 1311 5056 autem
1341 4994 1539 5073 genuit
1567 4992 1931 5073 Jesse,Jesse
1953 5015 2064 5057 au-

416 5093 535 5147 tem
567 5083 773 5164 genuit
801 5081 983 5145 David
1015 5100 1244 5163 regem,
1274 5081 1453 5144 David
1490 5090 1685 5145 autem
1733 5102 1833 5145 rex
1864 5086 2055 5163 genuit

2150 5109 2279 5155 νησε
2336 5091 2425 5145 τὸν
2488 5088 2654 5147 Δαυίδ
2707 5092 2796 5145 τὸν
2853 5088 3073 5166 βασιλέα
3111 5108 3126 5124 ⁶

416 5173 800 5238 Solomonem
830 5189 901 5234 ex
935 5189 1005 5232 ea
1034 5189 1164 5251 quae
1194 5170 1301 5233 fuit
1324 5170 1661 5235 UriaMHic
1687 5191 1920 5254 quoque
1937 5176 2065 5254 ejus

416 5282 550 5346 quae
602 5261 713 5329 fuit
756 5258 907 5325 Uriae
952 5260 1316 5322 mentionem
1375 5260 1536 5335 facit,
1574 5270 1634 5322 ut
1665 5262 1876 5322 doceat
1905 5264 2063 5343 quod

416 5371 594 5415 nemo
623 5349 839 5415 debeat
856 5347 1214 5411 erubescere
1246 5359 1486 5430 propter
1517 5350 2058 5430 progenitores,sed

416 5441 560 5505 dare
590 5439 775 5520 magis
804 5455 1045 5520 operam
1082 5436 1294 5500 virtute
1326 5456 1432 5501 sua
1464 5439 1600 5501 illos
1630 5438 1915 5501 clariores
1944 5439 2065 5502 θηε-

416 5538 642 5613 cere,et
668 5527 826 5611 quod
850 5544 1061 5590 omnes
1084 5525 1313 5607 accepti
1328 5526 1446 5589 sint
1467 5526 1798 5603 Deo,etiam
1819 5546 1852 5589 e
1868 5538 2064 5591 scorto

418 5620 565 5698 nati,
605 5618 781 5684 modo
809 5616 1027 5681 virtute
1048 5615 1166 5678 sint
1193 5616 1447 5697 praditi.

2232 4997 2399 5067 Ὠϐὴδ
2440 4999 2494 5057 δὲ
2551 5000 2801 5078 ἰγέννησε
2856 5002 2948 5057 τὸν
2990 4999 3182 5057 Ἰεσσαί
3216 5021 3229 5034 ·
3292 4999 3487 5058 ἰεσσαί
3528 5000 3583 5057 δὲ
3641 5001 3795 5078 ἐγέν-

3192 5088 3362 5148 Δαυίδ
3407 5088 3458 5145 δὲ
3492 5094 3520 5146 6
3550 5090 3795 5167 βασιλεὺς

2144 5177 2392 5256 ἐγέννησε
2445 5181 2535 5235 τὸν
2595 5178 2920 5255 Σολομῶντα
2976 5178 3037 5235 ἐκ
3107 5178 3203 5246 τῆς
3261 5186 3353 5235 τοῦ
3417 5181 3622 5259 Οὒρίου.
3703 5181 3797 5237 Καὶ

2143 5265 2303 5324 πάλιν
2359 5273 2459 5334 τῆς
2517 5276 2608 5326 τοῦ
2677 5269 2861 5348 Οὖρίου
2904 5269 3251 5344 μνημονεύει,
3296 5269 3387 5325 ’ίνα
3443 5267 3686 5345 ὑποδείξῃ
3716 5266 3795 5324 ὅτι

2145 5357 2204 5412 οὐ
2245 5354 2329 5412 δεῖ
2372 5357 2783 5438 ἐπαισχύνεσθαι
2826 5359 2945 5422 τοὺς
3003 5358 3364 5437 προπάτορας’
3413 5356 3550 5415 ἀλλὰ
3595 5356 3799 5433 μᾶλλον

2148 5443 2458 5518 σπουδάζειν
2511 5446 2596 5503 διὰ
2656 5449 2754 5514 τῆς
2821 5446 3014 5512 οἰκείας
3072 5446 3263 5526 ὰρετῆς
3320 5446 3643 5525 λαμπρύνειν
3697 5446 3798 5502 κὰ-

2147 5534 2347 5599 κείνους
2383 5550 2399 5564 ·
2452 5538 2541 5594 καὶ
2582 5535 2663 5594 ὅτι
2707 5537 2900 5600 πάντες
2951 5534 3124 5594 δεκτοί
3184 5538 3282 5593 είσι
3312 5544 3389 5611 τῷ
3419 5544 3559 5618 Θεῷ,
3594 5536 3689 5591 κᾶν
3744 5535 3803 5590 ἐκ

2150 5624 2349 5703 πόρνης
2381 5628 2694 5705 γεννηθῶσι,
2729 5625 2799 5701 μό
2811 5648 2891 5684 δον
2920 5626 3008 5683 ἰὰν
3039 5626 3233 5707 ἀρετὴν
3262 5624 3491 5707 ἰχωσιν.
