  <div class='ocr_page' id='page_1' title='image "/cluster/home/n/w/nwhite01/storage/ocr_20150623/123/hvd.32044073502445/085.png"; bbox 0 0 4072 6214; ppageno 0'>
   <div class='ocr_carea' id='block_1_1' title="bbox 438 304 3802 413">
    <p class='ocr_par' dir='ltr' id='par_1_1' title="bbox 438 304 3802 413">
     <span class='ocr_line' id='line_1_1' title="bbox 438 304 3802 413; baseline -0 -3"><span class='ocrx_word' id='word_1_1' title='bbox 438 348 554 412; x_wconf 69' lang='lat'><strong>455</strong></span> <span class='ocrx_word' id='word_1_2' title='bbox 828 304 839 315; x_wconf 34' lang='grc' dir='ltr'><strong>ί</strong></span> <span class='ocrx_word' id='word_1_3' title='bbox 1399 350 1991 413; x_wconf 82' lang='lat' dir='ltr'><strong>THEOPHYLACTI</strong></span> <span class='ocrx_word' id='word_1_4' title='bbox 2036 347 2443 409; x_wconf 57' lang='lat' dir='ltr'><strong>summa</strong></span> <span class='ocrx_word' id='word_1_5' title='bbox 2476 345 2833 411; x_wconf 73' lang='lat' dir='ltr'><strong>ARCHIEP.</strong></span> <span class='ocrx_word' id='word_1_6' title='bbox 3688 343 3802 410; x_wconf 80' lang='grc'><strong>156</strong></span> 
     </span>
    </p>
   </div>
   <div class='ocr_carea' id='block_1_2' title="bbox 450 440 1257 465">
    <p class='ocr_par' dir='ltr' id='par_1_2' title="bbox 450 440 1257 465">
     <span class='ocr_line' id='line_1_2' title="bbox 450 440 1257 465; baseline 0.004 -20"><span class='ocrx_word' id='word_1_7' title='bbox 450 440 462 465; x_wconf 77' lang='lat'><strong>,</strong></span> <span class='ocrx_word' id='word_1_8' title='bbox 1254 445 1257 448; x_wconf 76' lang='grc'><strong>,</strong></span> 
     </span>
    </p>
   </div>
   <div class='ocr_carea' id='block_1_3' title="bbox 431 478 2039 562">
    <p class='ocr_par' dir='ltr' id='par_1_3' title="bbox 431 478 2012 562">
     <span class='ocr_line' id='line_1_3' title="bbox 431 478 2012 562; baseline 0.002 -22"><span class='ocrx_word' id='word_1_9' title='bbox 431 478 930 560; x_wconf 87' lang='lat' dir='ltr'><strong>gubernarentur,</strong></span> <span class='ocrx_word' id='word_1_10' title='bbox 991 488 1057 541; x_wconf 92' lang='lat' dir='ltr'><strong>ut</strong></span> <span class='ocrx_word' id='word_1_11' title='bbox 1114 480 1215 562; x_wconf 92' lang='lat' dir='ltr'><strong>qui</strong></span> <span class='ocrx_word' id='word_1_12' title='bbox 1258 498 1450 561; x_wconf 89' lang='lat' dir='ltr'><strong>usque</strong></span> <span class='ocrx_word' id='word_1_13' title='bbox 1496 480 1569 543; x_wconf 91' lang='lat' dir='ltr'><strong>ad</strong></span> <span class='ocrx_word' id='word_1_14' title='bbox 1624 479 1849 545; x_wconf 84' lang='lat' dir='ltr'><strong>David:</strong></span> <span class='ocrx_word' id='word_1_15' title='bbox 1887 481 2012 543; x_wconf 86' lang='lat' dir='ltr'><strong>sive</strong></span> 
     </span>
    </p>
   </div>
   <div class='ocr_carea' id='block_1_4' title="bbox 2196 478 3804 562">
    <p class='ocr_par' dir='ltr' id='par_1_4' title="bbox 2196 478 3804 562">
     <span class='ocr_line' id='line_1_4' title="bbox 2196 478 3804 562; baseline 0 -26"><span class='ocrx_word' id='word_1_16' title='bbox 2196 478 2427 554; x_wconf 80' lang='grc' dir='ltr'>ασιλέον,</span> <span class='ocrx_word' id='word_1_17' title='bbox 2481 483 2553 547; x_wconf 80' lang='grc' dir='ltr'>ὡς</span> <span class='ocrx_word' id='word_1_18' title='bbox 2637 483 2685 539; x_wconf 75' lang='grc' dir='ltr'><strong>οἱ</strong></span> <span class='ocrx_word' id='word_1_19' title='bbox 2740 480 2869 562; x_wconf 79' lang='grc' dir='ltr'>ἄχρι</span> <span class='ocrx_word' id='word_1_20' title='bbox 2928 484 3026 549; x_wconf 79' lang='grc' dir='ltr'>τῆς</span> <span class='ocrx_word' id='word_1_21' title='bbox 3107 482 3458 557; x_wconf 76' lang='grc' dir='ltr'>μετοικεσίας.</span> <span class='ocrx_word' id='word_1_22' title='bbox 3532 483 3629 541; x_wconf 74' lang='grc' dir='ltr'><strong>[αἱ</strong></span> <span class='ocrx_word' id='word_1_23' title='bbox 3700 480 3804 537; x_wconf 76' lang='grc' dir='ltr'>ὑπὸ</span> 
     </span>
    </p>
   </div>
   <div class='ocr_carea' id='block_1_5' title="bbox 433 566 2041 651">
    <p class='ocr_par' dir='ltr' id='par_1_5' title="bbox 433 566 2041 651">
     <span class='ocr_line' id='line_1_5' title="bbox 433 566 2041 651; baseline 0 -22"><span class='ocrx_word' id='word_1_24' title='bbox 433 566 698 649; x_wconf 78' lang='lat' dir='ltr'><strong>regibus,</strong></span> <span class='ocrx_word' id='word_1_25' title='bbox 732 575 797 630; x_wconf 92' lang='lat' dir='ltr'><strong>ut</strong></span> <span class='ocrx_word' id='word_1_26' title='bbox 826 568 926 650; x_wconf 88' lang='lat' dir='ltr'><strong>qui</strong></span> <span class='ocrx_word' id='word_1_27' title='bbox 961 588 1152 651; x_wconf 90' lang='lat' dir='ltr'><strong>usque</strong></span> <span class='ocrx_word' id='word_1_28' title='bbox 1185 569 1257 632; x_wconf 82' lang='lat' dir='ltr'><strong>ad</strong></span> <span class='ocrx_word' id='word_1_29' title='bbox 1291 568 1869 650; x_wconf 88' lang='lat' dir='ltr'><strong>transmigrationem</strong></span> <span class='ocrx_word' id='word_1_30' title='bbox 1899 592 1913 633; x_wconf 89' lang='lat'><strong>:</strong></span> <span class='ocrx_word' id='word_1_31' title='bbox 1959 570 2041 631; x_wconf 85' lang='lat' dir='ltr'><strong>siv</strong></span> 
     </span>
    </p>
   </div>
   <div class='ocr_carea' id='block_1_6' title="bbox 2196 566 3804 651">
    <p class='ocr_par' dir='ltr' id='par_1_6' title="bbox 2196 568 3804 650">
     <span class='ocr_line' id='line_1_6' title="bbox 2196 568 3804 650; baseline 0.001 -25"><span class='ocrx_word' id='word_1_32' title='bbox 2196 569 2367 645; x_wconf 74' lang='grc' dir='ltr'>ερέων,</span> <span class='ocrx_word' id='word_1_33' title='bbox 2426 572 2500 633; x_wconf 81' lang='grc' dir='ltr'>ὡς</span> <span class='ocrx_word' id='word_1_34' title='bbox 2558 571 2606 627; x_wconf 73' lang='grc' dir='ltr'>οἱ</span> <span class='ocrx_word' id='word_1_35' title='bbox 2666 569 2794 650; x_wconf 73' lang='grc' dir='ltr'>ἄχρι</span> <span class='ocrx_word' id='word_1_36' title='bbox 2852 579 2944 628; x_wconf 85' lang='grc' dir='ltr'><strong>τοῦ</strong></span> <span class='ocrx_word' id='word_1_37' title='bbox 3000 571 3247 650; x_wconf 81' lang='grc' dir='ltr'>Χριστοῦ,</span> <span class='ocrx_word' id='word_1_38' title='bbox 3296 570 3440 646; x_wconf 80' lang='grc' dir='ltr'>ὅμως</span> <span class='ocrx_word' id='word_1_39' title='bbox 3483 568 3629 629; x_wconf 72' lang='grc' dir='ltr'>ούδέν</span> <span class='ocrx_word' id='word_1_40' title='bbox 3669 571 3804 648; x_wconf 82' lang='grc' dir='ltr'>πρὸς</span> 
     </span>
    </p>
   </div>
   <div class='ocr_carea' id='block_1_7' title="bbox 436 657 2044 741">
    <p class='ocr_par' dir='ltr' id='par_1_7' title="bbox 436 657 2044 741">
     <span class='ocr_line' id='line_1_7' title="bbox 436 657 2044 741; baseline 0 -22"><span class='ocrx_word' id='word_1_41' title='bbox 436 674 472 719; x_wconf 91' lang='lat' dir='ltr'><strong>a</strong></span> <span class='ocrx_word' id='word_1_42' title='bbox 500 657 939 739; x_wconf 78' lang='lat' dir='ltr'><strong>sacerdotibus,</strong></span> <span class='ocrx_word' id='word_1_43' title='bbox 985 667 1049 719; x_wconf 90' lang='lat' dir='ltr'><strong>ut</strong></span> <span class='ocrx_word' id='word_1_44' title='bbox 1077 659 1178 741; x_wconf 90' lang='lat' dir='ltr'><strong>qui</strong></span> <span class='ocrx_word' id='word_1_45' title='bbox 1218 678 1406 741; x_wconf 89' lang='lat' dir='ltr'><strong>usque</strong></span> <span class='ocrx_word' id='word_1_46' title='bbox 1448 658 1521 721; x_wconf 90' lang='lat' dir='ltr'><strong>ad</strong></span> <span class='ocrx_word' id='word_1_47' title='bbox 1552 659 1847 724; x_wconf 79' lang='lat' dir='ltr'><strong>Christum</strong></span> <span class='ocrx_word' id='word_1_48' title='bbox 1884 677 1898 723; x_wconf 89' lang='lat'>:</span> <span class='ocrx_word' id='word_1_49' title='bbox 1934 661 2044 723; x_wconf 88' lang='lat' dir='ltr'><strong>nih:</strong></span> 
     </span>
    </p>
   </div>
   <div class='ocr_carea' id='block_1_8' title="bbox 2210 657 3818 741">
    <p class='ocr_par' dir='ltr' id='par_1_8' title="bbox 2210 657 3818 741">
     <span class='ocr_line' id='line_1_8' title="bbox 2210 657 3818 741; baseline 0.001 -26"><span class='ocrx_word' id='word_1_50' title='bbox 2210 659 2358 726; x_wconf 68' lang='grc' dir='ltr'>οετὴν</span> <span class='ocrx_word' id='word_1_51' title='bbox 2417 658 2767 741; x_wconf 71' lang='grc' dir='ltr'><strong>ὠφελήθησαν</strong></span> <span class='ocrx_word' id='word_1_52' title='bbox 2799 679 2813 692; x_wconf 86' lang='grc'><strong>·</strong></span> <span class='ocrx_word' id='word_1_53' title='bbox 2872 662 2960 718; x_wconf 80' lang='grc' dir='ltr'><strong>καὶ</strong></span> <span class='ocrx_word' id='word_1_54' title='bbox 3019 660 3103 718; x_wconf 80' lang='grc' dir='ltr'><strong>ὅτι</strong></span> <span class='ocrx_word' id='word_1_55' title='bbox 3164 658 3367 718; x_wconf 72' lang='grc' dir='ltr'>έδέοντο</span> <span class='ocrx_word' id='word_1_56' title='bbox 3420 667 3513 717; x_wconf 89' lang='grc' dir='ltr'><strong>τοῦ</strong></span> <span class='ocrx_word' id='word_1_57' title='bbox 3565 657 3818 726; x_wconf 70' lang='grc' dir='ltr'>ἀληθινοῦ</span> 
     </span>
    </p>
   </div>
   <div class='ocr_carea' id='block_1_9' title="bbox 436 746 2044 830">
    <p class='ocr_par' dir='ltr' id='par_1_9' title="bbox 436 747 2044 830">
     <span class='ocr_line' id='line_1_9' title="bbox 436 747 2044 830; baseline 0.002 -23"><span class='ocrx_word' id='word_1_58' title='bbox 436 752 635 809; x_wconf 88' lang='lat' dir='ltr'><strong>tamen</strong></span> <span class='ocrx_word' id='word_1_59' title='bbox 693 747 755 809; x_wconf 91' lang='lat' dir='ltr'><strong>in</strong></span> <span class='ocrx_word' id='word_1_60' title='bbox 810 748 1091 810; x_wconf 76' lang='lat' dir='ltr'><strong>virtutem</strong></span> <span class='ocrx_word' id='word_1_61' title='bbox 1147 748 1549 830; x_wconf 83' lang='lat' dir='ltr'><strong>profecerunt,</strong></span> <span class='ocrx_word' id='word_1_62' title='bbox 1604 756 1662 811; x_wconf 93' lang='lat' dir='ltr'><strong>et</strong></span> <span class='ocrx_word' id='word_1_63' title='bbox 1715 748 1873 829; x_wconf 87' lang='lat' dir='ltr'><strong>quod</strong></span> <span class='ocrx_word' id='word_1_64' title='bbox 1931 768 2044 830; x_wconf 92' lang='lat' dir='ltr'><strong>opu</strong></span> 
     </span>
    </p>
   </div>
   <div class='ocr_carea' id='block_1_10' title="bbox 2211 746 3819 830">
    <p class='ocr_par' dir='ltr' id='par_1_10' title="bbox 2211 746 3819 828">
     <span class='ocr_line' id='line_1_10' title="bbox 2211 746 3819 828; baseline 0.001 -25"><span class='ocrx_word' id='word_1_65' title='bbox 2211 751 2248 804; x_wconf 72' lang='grc' dir='ltr'>εἰ</span> <span class='ocrx_word' id='word_1_66' title='bbox 2304 756 2481 825; x_wconf 80' lang='grc' dir='ltr'>κριτοῦ</span> <span class='ocrx_word' id='word_1_67' title='bbox 2559 750 2647 805; x_wconf 85' lang='grc' dir='ltr'>καὶ</span> <span class='ocrx_word' id='word_1_68' title='bbox 2710 747 2973 825; x_wconf 87' lang='grc' dir='ltr'>βασιλέως</span> <span class='ocrx_word' id='word_1_69' title='bbox 3044 752 3133 807; x_wconf 79' lang='grc' dir='ltr'><strong>καὶ</strong></span> <span class='ocrx_word' id='word_1_70' title='bbox 3188 750 3388 828; x_wconf 75' lang='grc' dir='ltr'>ἱερέως,</span> <span class='ocrx_word' id='word_1_71' title='bbox 3472 746 3529 812; x_wconf 82' lang='grc' dir='ltr'><strong>ὅς</strong></span> <span class='ocrx_word' id='word_1_72' title='bbox 3585 747 3726 805; x_wconf 66' lang='grc' dir='ltr'>ἐστιν</span> <span class='ocrx_word' id='word_1_73' title='bbox 3782 749 3819 805; x_wconf 78' lang='grc' dir='ltr'>ὁ</span> 
     </span>
    </p>
   </div>
   <div class='ocr_carea' id='block_1_11' title="bbox 434 833 2042 930">
    <p class='ocr_par' dir='ltr' id='par_1_11' title="bbox 434 837 2042 930">
     <span class='ocr_line' id='line_1_11' title="bbox 434 837 2042 930; baseline 0.002 -31"><span class='ocrx_word' id='word_1_74' title='bbox 434 837 755 930; x_wconf 82' lang='lat' dir='ltr'><strong>habuerint</strong></span> <span class='ocrx_word' id='word_1_75' title='bbox 783 858 923 902; x_wconf 90' lang='lat' dir='ltr'><strong>vero</strong></span> <span class='ocrx_word' id='word_1_76' title='bbox 943 838 1150 920; x_wconf 87' lang='lat' dir='ltr'><strong>judice</strong></span> <span class='ocrx_word' id='word_1_77' title='bbox 1170 848 1228 901; x_wconf 91' lang='lat' dir='ltr'><strong>et</strong></span> <span class='ocrx_word' id='word_1_78' title='bbox 1256 857 1407 930; x_wconf 88' lang='lat' dir='ltr'><strong>rege</strong></span> <span class='ocrx_word' id='word_1_79' title='bbox 1424 857 1493 903; x_wconf 91' lang='lat' dir='ltr'><strong>ac</strong></span> <span class='ocrx_word' id='word_1_80' title='bbox 1515 840 1956 923; x_wconf 88' lang='lat' dir='ltr'><strong>sacerdote,qui</strong></span> <span class='ocrx_word' id='word_1_81' title='bbox 1987 860 2042 903; x_wconf 80' lang='lat' dir='ltr'><strong>es</strong></span> 
     </span>
    </p>
   </div>
   <div class='ocr_carea' id='block_1_12' title="bbox 2207 833 3815 930">
    <p class='ocr_par' dir='ltr' id='par_1_12' title="bbox 2212 833 3815 930">
     <span class='ocr_line' id='line_1_12' title="bbox 2212 833 3815 930; baseline 0 -40"><span class='ocrx_word' id='word_1_82' title='bbox 2212 833 2387 912; x_wconf 83' lang='grc' dir='ltr'>ριστός</span> <span class='ocrx_word' id='word_1_83' title='bbox 2426 857 2438 869; x_wconf 76' lang='grc'><strong>⁸</strong></span> <span class='ocrx_word' id='word_1_84' title='bbox 2499 835 2892 912; x_wconf 68' lang='grc' dir='ltr'>ἐπιλειψαντων</span> <span class='ocrx_word' id='word_1_85' title='bbox 2933 839 3033 918; x_wconf 78' lang='grc' dir='ltr'>γὰρ</span> <span class='ocrx_word' id='word_1_86' title='bbox 3080 844 3185 895; x_wconf 81' lang='grc' dir='ltr'><strong>τῶν</strong></span> <span class='ocrx_word' id='word_1_87' title='bbox 3229 836 3529 930; x_wconf 74' lang='grc' dir='ltr'>ἀρχόντων,</span> <span class='ocrx_word' id='word_1_88' title='bbox 3570 835 3727 905; x_wconf 72' lang='grc' dir='ltr'>ἦλθεν</span> <span class='ocrx_word' id='word_1_89' title='bbox 3761 836 3815 930; x_wconf 44' lang='lat'><strong>-6.</strong></span> 
     </span>
    </p>
   </div>
   <div class='ocr_carea' id='block_1_13' title="bbox 433 924 2041 1010">
    <p class='ocr_par' dir='ltr' id='par_1_13' title="bbox 433 928 2041 1010">
     <span class='ocr_line' id='line_1_13' title="bbox 433 928 2041 1010; baseline 0.001 -19"><span class='ocrx_word' id='word_1_90' title='bbox 433 928 727 993; x_wconf 79' lang='lat' dir='ltr'><strong>Christus.</strong></span> <span class='ocrx_word' id='word_1_91' title='bbox 762 931 909 992; x_wconf 89' lang='lat' dir='ltr'><strong>Nam</strong></span> <span class='ocrx_word' id='word_1_92' title='bbox 944 937 1254 1010; x_wconf 89' lang='lat' dir='ltr'><strong>postquam</strong></span> <span class='ocrx_word' id='word_1_93' title='bbox 1307 929 1654 992; x_wconf 83' lang='lat' dir='ltr'><strong>defecerunt</strong></span> <span class='ocrx_word' id='word_1_94' title='bbox 1691 949 1883 1010; x_wconf 89' lang='lat' dir='ltr'><strong>reges,</strong></span> <span class='ocrx_word' id='word_1_95' title='bbox 1917 932 2041 994; x_wconf 88' lang='lat' dir='ltr'><strong>veni</strong></span> 
     </span>
    </p>
   </div>
   <div class='ocr_carea' id='block_1_14' title="bbox 2209 924 3817 1010">
    <p class='ocr_par' dir='ltr' id='par_1_14' title="bbox 2209 924 3817 1005">
     <span class='ocr_line' id='line_1_14' title="bbox 2209 924 3817 1005; baseline 0.001 -25"><span class='ocrx_word' id='word_1_96' title='bbox 2209 926 2381 1003; x_wconf 78' lang='grc' dir='ltr'>ριστὸς</span> <span class='ocrx_word' id='word_1_97' title='bbox 2437 927 2572 982; x_wconf 68' lang='grc' dir='ltr'>κατὰ</span> <span class='ocrx_word' id='word_1_98' title='bbox 2626 927 2727 993; x_wconf 75' lang='grc' dir='ltr'>τὴν</span> <span class='ocrx_word' id='word_1_99' title='bbox 2783 934 2874 983; x_wconf 82' lang='grc' dir='ltr'><strong>τοῦ</strong></span> <span class='ocrx_word' id='word_1_100' title='bbox 2924 925 3121 984; x_wconf 82' lang='grc' dir='ltr'>Ἰακὼϐ</span> <span class='ocrx_word' id='word_1_101' title='bbox 3175 926 3519 1005; x_wconf 69' lang='grc' dir='ltr'><strong>προφητείαν*</strong></span> <span class='ocrx_word' id='word_1_102' title='bbox 3584 931 3699 989; x_wconf 81' lang='grc' dir='ltr'><strong>πῶς</strong></span> <span class='ocrx_word' id='word_1_103' title='bbox 3756 924 3817 981; x_wconf 67' lang='grc' dir='ltr'>δέ</span> 
     </span>
    </p>
   </div>
   <div class='ocr_carea' id='block_1_15' title="bbox 433 1013 2041 1099">
    <p class='ocr_par' dir='ltr' id='par_1_15' title="bbox 433 1015 2041 1099">
     <span class='ocr_line' id='line_1_15' title="bbox 433 1015 2041 1099; baseline 0.002 -20"><span class='ocrx_word' id='word_1_104' title='bbox 433 1015 702 1079; x_wconf 84' lang='lat' dir='ltr'><strong>Christus</strong></span> <span class='ocrx_word' id='word_1_105' title='bbox 732 1018 1063 1080; x_wconf 89' lang='lat' dir='ltr'><strong>secundum</strong></span> <span class='ocrx_word' id='word_1_106' title='bbox 1098 1018 1466 1099; x_wconf 81' lang='lat' dir='ltr'><strong>prophetiam</strong></span> <span class='ocrx_word' id='word_1_107' title='bbox 1498 1017 1704 1083; x_wconf 84' lang='lat' dir='ltr'><strong>Jacob.</strong></span> <span class='ocrx_word' id='word_1_108' title='bbox 1730 1018 1840 1083; x_wconf 91' lang='lat' dir='ltr'><strong>Ubi</strong></span> <span class='ocrx_word' id='word_1_109' title='bbox 1875 1030 2041 1083; x_wconf 80' lang='lat' dir='ltr'><strong>auten</strong></span> 
     </span>
    </p>
   </div>
   <div class='ocr_carea' id='block_1_16' title="bbox 2195 1013 3803 1099">
    <p class='ocr_par' dir='ltr' id='par_1_16' title="bbox 2195 1013 3803 1093">
     <span class='ocr_line' id='line_1_16' title="bbox 2195 1013 3803 1093; baseline 0.002 -26"><span class='ocrx_word' id='word_1_110' title='bbox 2195 1018 2286 1068; x_wconf 70' lang='grc' dir='ltr'>ἰσιν</span> <span class='ocrx_word' id='word_1_111' title='bbox 2341 1014 2446 1071; x_wconf 79' lang='grc' dir='ltr'>ἀπὸ</span> <span class='ocrx_word' id='word_1_112' title='bbox 2501 1020 2599 1083; x_wconf 81' lang='grc' dir='ltr'>τῆς</span> <span class='ocrx_word' id='word_1_113' title='bbox 2647 1016 2977 1090; x_wconf 85' lang='grc' dir='ltr'>μετοικεσίας</span> <span class='ocrx_word' id='word_1_114' title='bbox 3038 1013 3344 1079; x_wconf 73' lang='grc' dir='ltr'>Βαϐυλῶνος</span> <span class='ocrx_word' id='word_1_115' title='bbox 3404 1013 3506 1079; x_wconf 66' lang='grc' dir='ltr'>ἕως</span> <span class='ocrx_word' id='word_1_116' title='bbox 3551 1022 3642 1071; x_wconf 87' lang='grc' dir='ltr'><strong>τοῦ</strong></span> <span class='ocrx_word' id='word_1_117' title='bbox 3673 1023 3803 1093; x_wconf 75' lang='grc' dir='ltr'>Χριο</span> 
     </span>
    </p>
   </div>
   <div class='ocr_carea' id='block_1_17' title="bbox 434 1101 2042 1190">
    <p class='ocr_par' dir='ltr' id='par_1_17' title="bbox 434 1105 2037 1190">
     <span class='ocr_line' id='line_1_17' title="bbox 434 1105 2037 1190; baseline 0.003 -24"><span class='ocrx_word' id='word_1_118' title='bbox 434 1114 571 1167; x_wconf 89' lang='lat' dir='ltr'><strong>sunt</strong></span> <span class='ocrx_word' id='word_1_119' title='bbox 600 1125 632 1168; x_wconf 91' lang='lat' dir='ltr'><strong>a</strong></span> <span class='ocrx_word' id='word_1_120' title='bbox 668 1106 1103 1186; x_wconf 85' lang='lat' dir='ltr'><strong>demigratione</strong></span> <span class='ocrx_word' id='word_1_121' title='bbox 1151 1105 1506 1188; x_wconf 79' lang='lat' dir='ltr'><strong>Babylonica</strong></span> <span class='ocrx_word' id='word_1_122' title='bbox 1536 1127 1725 1190; x_wconf 88' lang='lat' dir='ltr'><strong>usque</strong></span> <span class='ocrx_word' id='word_1_123' title='bbox 1773 1109 1845 1171; x_wconf 84' lang='lat' dir='ltr'><strong>ad</strong></span> <span class='ocrx_word' id='word_1_124' title='bbox 1899 1109 2037 1173; x_wconf 89' lang='lat' dir='ltr'><strong>Chri</strong></span> 
     </span>
    </p>
   </div>
   <div class='ocr_carea' id='block_1_18' title="bbox 2204 1101 3812 1190">
    <p class='ocr_par' dir='ltr' id='par_1_18' title="bbox 2204 1101 3812 1183">
     <span class='ocr_line' id='line_1_18' title="bbox 2204 1101 3812 1183; baseline 0.002 -26"><span class='ocrx_word' id='word_1_125' title='bbox 2204 1110 2281 1158; x_wconf 78' lang='grc' dir='ltr'>εοῦ</span> <span class='ocrx_word' id='word_1_126' title='bbox 2339 1105 2512 1179; x_wconf 82' lang='grc' dir='ltr'>γενεαὶ</span> <span class='ocrx_word' id='word_1_127' title='bbox 2588 1101 2987 1182; x_wconf 83' lang='grc' dir='ltr'>δεκατέσσαρες,</span> <span class='ocrx_word' id='word_1_128' title='bbox 3049 1105 3181 1162; x_wconf 79' lang='grc' dir='ltr'>ὅπου</span> <span class='ocrx_word' id='word_1_129' title='bbox 3251 1103 3494 1183; x_wconf 76' lang='grc' dir='ltr'>δεκατρία</span> <span class='ocrx_word' id='word_1_130' title='bbox 3552 1103 3812 1183; x_wconf 77' lang='grc' dir='ltr'>πρόσωπα</span> 
     </span>
    </p>
   </div>
   <div class='ocr_carea' id='block_1_19' title="bbox 435 1192 2043 1277">
    <p class='ocr_par' dir='ltr' id='par_1_19' title="bbox 435 1196 2043 1277">
     <span class='ocr_line' id='line_1_19' title="bbox 435 1196 2043 1277; baseline 0.004 -22"><span class='ocrx_word' id='word_1_131' title='bbox 435 1203 587 1256; x_wconf 90' lang='lat' dir='ltr'><strong>stum</strong></span> <span class='ocrx_word' id='word_1_132' title='bbox 620 1198 1037 1275; x_wconf 80' lang='lat' dir='ltr'><strong>generationes</strong></span> <span class='ocrx_word' id='word_1_133' title='bbox 1093 1196 1569 1277; x_wconf 88' lang='lat' dir='ltr'><strong>quatuordecim,</strong></span> <span class='ocrx_word' id='word_1_134' title='bbox 1619 1217 1751 1261; x_wconf 91' lang='lat' dir='ltr'><strong>cum</strong></span> <span class='ocrx_word' id='word_1_135' title='bbox 1788 1200 2043 1262; x_wconf 80' lang='lat' dir='ltr'><strong>tredecin</strong></span> 
     </span>
    </p>
   </div>
   <div class='ocr_carea' id='block_1_20' title="bbox 2199 1192 3807 1277">
    <p class='ocr_par' dir='ltr' id='par_1_20' title="bbox 2199 1192 3807 1273">
     <span class='ocr_line' id='line_1_20' title="bbox 2199 1192 3807 1273; baseline 0.001 -24"><span class='ocrx_word' id='word_1_136' title='bbox 2199 1193 2529 1273; x_wconf 61' lang='lat' dir='ltr'><strong>Spinovrat;</strong></span> <span class='ocrx_word' id='word_1_137' title='bbox 2598 1195 2654 1251; x_wconf 80' lang='lat' dir='ltr'><strong>Ei</strong></span> <span class='ocrx_word' id='word_1_138' title='bbox 2715 1194 2814 1269; x_wconf 76' lang='grc' dir='ltr'>μὲν</span> <span class='ocrx_word' id='word_1_139' title='bbox 2871 1196 2970 1272; x_wconf 79' lang='grc' dir='ltr'><strong>γὰρ</strong></span> <span class='ocrx_word' id='word_1_140' title='bbox 3000 1193 3401 1273; x_wconf 75' lang='grc' dir='ltr'>έγενεαλογεϊτο</span> <span class='ocrx_word' id='word_1_141' title='bbox 3442 1193 3596 1270; x_wconf 76' lang='grc' dir='ltr'>γυνη.</span> <span class='ocrx_word' id='word_1_142' title='bbox 3646 1192 3807 1273; x_wconf 76' lang='grc' dir='ltr'>εἴχο-</span> 
     </span>
    </p>
   </div>
   <div class='ocr_carea' id='block_1_21' title="bbox 436 1282 2044 1369">
    <p class='ocr_par' dir='ltr' id='par_1_21' title="bbox 436 1285 2042 1369">
     <span class='ocr_line' id='line_1_21' title="bbox 436 1285 2042 1369; baseline 0.004 -25"><span class='ocrx_word' id='word_1_143' title='bbox 436 1291 661 1346; x_wconf 91' lang='lat' dir='ltr'><strong>tantum</strong></span> <span class='ocrx_word' id='word_1_144' title='bbox 686 1303 957 1367; x_wconf 83' lang='lat' dir='ltr'><strong>personae</strong></span> <span class='ocrx_word' id='word_1_145' title='bbox 974 1286 1351 1367; x_wconf 89' lang='lat' dir='ltr'><strong>reperiantur</strong></span> <span class='ocrx_word' id='word_1_146' title='bbox 1375 1285 1566 1350; x_wconf 82' lang='lat' dir='ltr'><strong>?Nam</strong></span> <span class='ocrx_word' id='word_1_147' title='bbox 1591 1287 1639 1349; x_wconf 90' lang='lat' dir='ltr'><strong>si</strong></span> <span class='ocrx_word' id='word_1_148' title='bbox 1656 1287 1715 1349; x_wconf 91' lang='lat' dir='ltr'><strong>in</strong></span> <span class='ocrx_word' id='word_1_149' title='bbox 1738 1290 2042 1369; x_wconf 68' lang='lat' dir='ltr'><strong>genealogi</strong></span> 
     </span>
    </p>
   </div>
   <div class='ocr_carea' id='block_1_22' title="bbox 2200 1282 3808 1369">
    <p class='ocr_par' dir='ltr' id='par_1_22' title="bbox 2203 1282 3808 1360">
     <span class='ocr_line' id='line_1_22' title="bbox 2203 1282 3808 1360; baseline -0.001 -22"><span class='ocrx_word' id='word_1_150' title='bbox 2203 1303 2258 1338; x_wconf 83' lang='grc' dir='ltr'><strong>εν</strong></span> <span class='ocrx_word' id='word_1_151' title='bbox 2313 1282 2375 1335; x_wconf 78' lang='grc' dir='ltr'>ἂν</span> <span class='ocrx_word' id='word_1_152' title='bbox 2432 1283 2733 1339; x_wconf 80' lang='grc' dir='ltr'><strong>συντάττειν</strong></span> <span class='ocrx_word' id='word_1_153' title='bbox 2790 1284 2879 1339; x_wconf 84' lang='grc' dir='ltr'><strong>καὶ</strong></span> <span class='ocrx_word' id='word_1_154' title='bbox 2923 1285 3024 1351; x_wconf 74' lang='grc' dir='ltr'>τὴν</span> <span class='ocrx_word' id='word_1_155' title='bbox 3084 1285 3307 1360; x_wconf 76' lang='grc' dir='ltr'>Μαρίαν,</span> <span class='ocrx_word' id='word_1_156' title='bbox 3364 1284 3451 1339; x_wconf 77' lang='grc' dir='ltr'><strong>καὶ</strong></span> <span class='ocrx_word' id='word_1_157' title='bbox 3509 1289 3808 1358; x_wconf 80' lang='grc' dir='ltr'>συμποσοῦν</span> 
     </span>
    </p>
   </div>
   <div class='ocr_carea' id='block_1_23' title="bbox 436 1370 2044 1455">
    <p class='ocr_par' dir='ltr' id='par_1_23' title="bbox 436 1372 2044 1455">
     <span class='ocr_line' id='line_1_23' title="bbox 436 1372 2044 1455; baseline 0.004 -23"><span class='ocrx_word' id='word_1_158' title='bbox 436 1372 653 1435; x_wconf 87' lang='lat' dir='ltr'><strong>mulier</strong></span> <span class='ocrx_word' id='word_1_159' title='bbox 677 1381 1116 1448; x_wconf 75' lang='lat' dir='ltr'><strong>recenseretur,</strong></span> <span class='ocrx_word' id='word_1_160' title='bbox 1136 1391 1444 1455; x_wconf 89' lang='lat' dir='ltr'><strong>possemus</strong></span> <span class='ocrx_word' id='word_1_161' title='bbox 1484 1384 1541 1438; x_wconf 90' lang='lat' dir='ltr'><strong>et</strong></span> <span class='ocrx_word' id='word_1_162' title='bbox 1573 1376 1810 1439; x_wconf 85' lang='lat' dir='ltr'><strong>Mariam</strong></span> <span class='ocrx_word' id='word_1_163' title='bbox 1849 1397 2044 1439; x_wconf 86' lang='lat' dir='ltr'><strong>connu</strong></span> 
     </span>
    </p>
   </div>
   <div class='ocr_carea' id='block_1_24' title="bbox 2200 1370 3808 1455">
    <p class='ocr_par' dir='ltr' id='par_1_24' title="bbox 2200 1370 3808 1452">
     <span class='ocr_line' id='line_1_24' title="bbox 2200 1370 3808 1452; baseline -0.001 -25"><span class='ocrx_word' id='word_1_164' title='bbox 2200 1373 2250 1427; x_wconf 72' lang='grc' dir='ltr'>ὸν</span> <span class='ocrx_word' id='word_1_165' title='bbox 2308 1372 2526 1450; x_wconf 83' lang='grc' dir='ltr'>ἀριθμόν</span> <span class='ocrx_word' id='word_1_166' title='bbox 2559 1390 2574 1404; x_wconf 89' lang='grc'><strong>⁸</strong></span> <span class='ocrx_word' id='word_1_167' title='bbox 2634 1379 2722 1428; x_wconf 92' lang='grc' dir='ltr'><strong>νῦν</strong></span> <span class='ocrx_word' id='word_1_168' title='bbox 2778 1370 2855 1452; x_wconf 82' lang='grc' dir='ltr'>δὲ,</span> <span class='ocrx_word' id='word_1_169' title='bbox 2922 1376 2982 1431; x_wconf 80' lang='grc' dir='ltr'><strong>οὗ</strong></span> <span class='ocrx_word' id='word_1_170' title='bbox 3028 1372 3428 1451; x_wconf 67' lang='grc' dir='ltr'>γενεαλογετται</span> <span class='ocrx_word' id='word_1_171' title='bbox 3488 1372 3645 1449; x_wconf 65' lang='grc' dir='ltr'>γυνή’</span> <span class='ocrx_word' id='word_1_172' title='bbox 3692 1378 3808 1436; x_wconf 81' lang='grc' dir='ltr'><strong>πῶς</strong></span> 
     </span>
    </p>
   </div>
   <div class='ocr_carea' id='block_1_25' title="bbox 436 1458 2044 1544">
    <p class='ocr_par' dir='ltr' id='par_1_25' title="bbox 436 1464 2044 1544">
     <span class='ocr_line' id='line_1_25' title="bbox 436 1464 2044 1544; baseline 0.004 -22"><span class='ocrx_word' id='word_1_173' title='bbox 436 1472 757 1536; x_wconf 60' lang='lat' dir='ltr'><strong>morare,et</strong></span> <span class='ocrx_word' id='word_1_174' title='bbox 778 1464 1081 1544; x_wconf 65' lang='lat' dir='ltr'><strong>complere</strong></span> <span class='ocrx_word' id='word_1_175' title='bbox 1104 1481 1417 1525; x_wconf 85' lang='lat' dir='ltr'><strong>numerum</strong></span> <span class='ocrx_word' id='word_1_176' title='bbox 1443 1485 1456 1527; x_wconf 91' lang='lat'><strong>:</strong></span> <span class='ocrx_word' id='word_1_177' title='bbox 1480 1483 1635 1528; x_wconf 92' lang='lat' dir='ltr'><strong>nunc</strong></span> <span class='ocrx_word' id='word_1_178' title='bbox 1649 1472 1845 1529; x_wconf 90' lang='lat' dir='ltr'><strong>autem</strong></span> <span class='ocrx_word' id='word_1_179' title='bbox 1876 1467 2044 1530; x_wconf 66' lang='lat' dir='ltr'><strong>mulis</strong></span> 
     </span>
    </p>
   </div>
   <div class='ocr_carea' id='block_1_26' title="bbox 2209 1458 3817 1544">
    <p class='ocr_par' dir='ltr' id='par_1_26' title="bbox 2209 1458 3817 1536">
     <span class='ocr_line' id='line_1_26' title="bbox 2209 1458 3817 1536; baseline 0.002 -22"><span class='ocrx_word' id='word_1_180' title='bbox 2209 1463 2251 1515; x_wconf 62' lang='grc' dir='ltr'>ὃν</span> <span class='ocrx_word' id='word_1_181' title='bbox 2309 1458 2485 1516; x_wconf 80' lang='grc' dir='ltr'>λύεται</span> <span class='ocrx_word' id='word_1_182' title='bbox 2542 1468 2741 1533; x_wconf 71' lang='grc' dir='ltr'>τοῦτος</span> <span class='ocrx_word' id='word_1_183' title='bbox 2799 1463 2937 1518; x_wconf 62' lang='lat' dir='ltr'><strong>duo!</strong></span> <span class='ocrx_word' id='word_1_184' title='bbox 2978 1483 3115 1525; x_wconf 83' lang='grc' dir='ltr'>τινες</span> <span class='ocrx_word' id='word_1_185' title='bbox 3160 1461 3241 1518; x_wconf 77' lang='grc' dir='ltr'><strong>ὅτι</strong></span> <span class='ocrx_word' id='word_1_186' title='bbox 3293 1463 3378 1517; x_wconf 86' lang='grc' dir='ltr'><strong>καὶ</strong></span> <span class='ocrx_word' id='word_1_187' title='bbox 3428 1464 3528 1526; x_wconf 79' lang='grc' dir='ltr'><strong>τὴν</strong></span> <span class='ocrx_word' id='word_1_188' title='bbox 3570 1480 3817 1536; x_wconf 80' lang='grc' dir='ltr'>μετοικε-</span> 
     </span>
    </p>
   </div>
   <div class='ocr_carea' id='block_1_27' title="bbox 434 1549 2042 1635">
    <p class='ocr_par' dir='ltr' id='par_1_27' title="bbox 434 1551 2042 1635">
     <span class='ocr_line' id='line_1_27' title="bbox 434 1551 2042 1635; baseline 0.005 -24"><span class='ocrx_word' id='word_1_189' title='bbox 434 1568 561 1611; x_wconf 90' lang='lat' dir='ltr'><strong>rem</strong></span> <span class='ocrx_word' id='word_1_190' title='bbox 589 1551 855 1614; x_wconf 80' lang='lat' dir='ltr'><strong>diximus</strong></span> <span class='ocrx_word' id='word_1_191' title='bbox 880 1554 949 1612; x_wconf 84' lang='lat' dir='ltr'><strong>ad</strong></span> <span class='ocrx_word' id='word_1_192' title='bbox 973 1551 1377 1633; x_wconf 82' lang='lat' dir='ltr'><strong>genealogiam</strong></span> <span class='ocrx_word' id='word_1_193' title='bbox 1422 1572 1539 1616; x_wconf 90' lang='lat' dir='ltr'><strong>non</strong></span> <span class='ocrx_word' id='word_1_194' title='bbox 1577 1554 1901 1635; x_wconf 86' lang='lat' dir='ltr'><strong>pertinere,</strong></span> <span class='ocrx_word' id='word_1_195' title='bbox 1937 1576 2042 1634; x_wconf 84' lang='lat' dir='ltr'><strong>quc</strong></span> 
     </span>
    </p>
   </div>
   <div class='ocr_carea' id='block_1_28' title="bbox 1772 1549 3380 1635">
    <p class='ocr_par' dir='ltr' id='par_1_28' title="bbox 1775 1549 3380 1634">
     <span class='ocr_line' id='line_1_28' title="bbox 1775 1549 3380 1634; baseline 0.001 -28"><span class='ocrx_word' id='word_1_196' title='bbox 1775 1575 1901 1632; x_wconf 56' lang='lat' dir='ltr'><strong>ere,</strong></span> <span class='ocrx_word' id='word_1_197' title='bbox 1937 1576 2084 1634; x_wconf 72' lang='lat' dir='ltr'><strong>quo-</strong></span> <span class='ocrx_word' id='word_1_198' title='bbox 2165 1550 2281 1604; x_wconf 77' lang='grc' dir='ltr'>σίαν</span> <span class='ocrx_word' id='word_1_199' title='bbox 2310 1550 2384 1612; x_wconf 78' lang='grc' dir='ltr'><strong>ὡς</strong></span> <span class='ocrx_word' id='word_1_200' title='bbox 2429 1550 2715 1628; x_wconf 82' lang='grc' dir='ltr'><strong>προσώπου</strong></span> <span class='ocrx_word' id='word_1_201' title='bbox 2741 1549 2885 1617; x_wconf 77' lang='grc' dir='ltr'>τάξιν</span> <span class='ocrx_word' id='word_1_202' title='bbox 2914 1550 3145 1631; x_wconf 76' lang='grc' dir='ltr'>ἔχουσαν</span> <span class='ocrx_word' id='word_1_203' title='bbox 3174 1549 3380 1619; x_wconf 59' lang='grc' dir='ltr'>ἔθηκεν.</span> 
     </span>
    </p>
   </div>
   <div class='ocr_carea' id='block_1_29' title="bbox 438 1639 2085 1725">
    <p class='ocr_par' dir='ltr' id='par_1_29' title="bbox 438 1639 2085 1725">
     <span class='ocr_line' id='line_1_29' title="bbox 438 1639 2085 1725; baseline 0.005 -27"><span class='ocrx_word' id='word_1_204' title='bbox 438 1639 613 1700; x_wconf 91' lang='lat' dir='ltr'><strong>modo</strong></span> <span class='ocrx_word' id='word_1_205' title='bbox 639 1639 826 1718; x_wconf 79' lang='lat' dir='ltr'><strong>igitur</strong></span> <span class='ocrx_word' id='word_1_206' title='bbox 855 1642 1099 1705; x_wconf 89' lang='lat' dir='ltr'><strong>solvitur</strong></span> <span class='ocrx_word' id='word_1_207' title='bbox 1122 1642 1233 1703; x_wconf 93' lang='lat' dir='ltr'><strong>hoc</strong></span> <span class='ocrx_word' id='word_1_208' title='bbox 1256 1647 1284 1703; x_wconf 86' lang='lat'><strong>?</strong></span> <span class='ocrx_word' id='word_1_209' title='bbox 1314 1640 1529 1704; x_wconf 91' lang='lat' dir='ltr'><strong>Dicunt</strong></span> <span class='ocrx_word' id='word_1_210' title='bbox 1565 1644 1802 1724; x_wconf 89' lang='lat' dir='ltr'><strong>quidam</strong></span> <span class='ocrx_word' id='word_1_211' title='bbox 1838 1646 1992 1725; x_wconf 92' lang='lat' dir='ltr'><strong>quod</strong></span> <span class='ocrx_word' id='word_1_212' title='bbox 2025 1653 2085 1707; x_wconf 89' lang='lat' dir='ltr'><strong>et</strong></span> 
     </span>
    </p>
   </div>
   <div class='ocr_carea' id='block_1_30' title="bbox 434 1728 2081 1812">
    <p class='ocr_par' dir='ltr' id='par_1_30' title="bbox 434 1728 2081 1812">
     <span class='ocr_line' id='line_1_30' title="bbox 434 1728 2081 1812; baseline 0.004 -23"><span class='ocrx_word' id='word_1_213' title='bbox 434 1728 925 1807; x_wconf 87' lang='lat' dir='ltr'><strong>demigrationem</strong></span> <span class='ocrx_word' id='word_1_214' title='bbox 988 1730 1252 1812; x_wconf 89' lang='lat' dir='ltr'><strong>posuerit</strong></span> <span class='ocrx_word' id='word_1_215' title='bbox 1309 1748 1417 1791; x_wconf 91' lang='lat' dir='ltr'><strong>ceu</strong></span> <span class='ocrx_word' id='word_1_216' title='bbox 1482 1750 1751 1811; x_wconf 63' lang='lat' dir='ltr'><strong>personae</strong></span> <span class='ocrx_word' id='word_1_217' title='bbox 1808 1735 2081 1798; x_wconf 89' lang='lat' dir='ltr'><strong>ordinem</strong></span> 
     </span>
    </p>
   </div>
   <div class='ocr_carea' id='block_1_31' title="bbox 433 1824 2142 1898">
    <p class='ocr_par' dir='ltr' id='par_1_31' title="bbox 433 1824 2142 1898">
     <span class='ocr_line' id='line_1_31' title="bbox 433 1824 2142 1898; baseline 0.001 -21"><span class='ocrx_word' id='word_1_218' title='bbox 433 1824 849 1898; x_wconf 85' lang='lat' dir='ltr'><strong>occupantem.</strong></span> <span class='ocrx_word' id='word_1_219' title='bbox 2106 1830 2142 1879; x_wconf 82' lang='grc' dir='ltr'><strong><em>Β</em></strong></span> 
     </span>
    </p>
   </div>
   <div class='ocr_carea' id='block_1_32' title="bbox 517 1904 2125 1986">
    <p class='ocr_par' dir='ltr' id='par_1_32' title="bbox 517 1907 2076 1977">
     <span class='ocr_line' id='line_1_32' title="bbox 517 1907 2076 1977; baseline 0.007 -11"><span class='ocrx_word' id='word_1_220' title='bbox 517 1907 697 1969; x_wconf 68' lang='lat' dir='ltr'><strong>Vens.</strong></span> <span class='ocrx_word' id='word_1_221' title='bbox 737 1907 873 1969; x_wconf 61' lang='lat'><strong>18.:</strong></span> <span class='ocrx_word' id='word_1_222' title='bbox 909 1907 1048 1970; x_wconf 89' lang='lat' dir='ltr'><strong>Jesu</strong></span> <span class='ocrx_word' id='word_1_223' title='bbox 1081 1929 1218 1972; x_wconf 90' lang='lat' dir='ltr'><strong>vero</strong></span> <span class='ocrx_word' id='word_1_224' title='bbox 1250 1910 1463 1975; x_wconf 88' lang='lat' dir='ltr'><strong>Christi</strong></span> <span class='ocrx_word' id='word_1_225' title='bbox 1496 1912 1764 1974; x_wconf 79' lang='lat' dir='ltr'><strong>nativitas</strong></span> <span class='ocrx_word' id='word_1_226' title='bbox 1782 1923 1907 1975; x_wconf 86' lang='lat' dir='ltr'><strong>erat</strong></span> <span class='ocrx_word' id='word_1_227' title='bbox 1930 1914 2076 1977; x_wconf 68' lang='lat' dir='ltr'><strong>haec.</strong></span> 
     </span>
    </p>
   </div>
   <div class='ocr_carea' id='block_1_33' title="bbox 2202 1904 3810 1986">
    <p class='ocr_par' dir='ltr' id='par_1_33' title="bbox 2253 1904 3810 1986">
     <span class='ocr_line' id='line_1_33' title="bbox 2253 1904 3810 1986; baseline 0.004 -28"><span class='ocrx_word' id='word_1_228' title='bbox 2253 1926 2275 1958; x_wconf 76' lang='grc' dir='ltr'><strong>ε</strong></span> <span class='ocrx_word' id='word_1_229' title='bbox 2328 1908 2431 1962; x_wconf 83' lang='grc' dir='ltr'><strong>Τοῦ</strong></span> <span class='ocrx_word' id='word_1_230' title='bbox 2485 1904 2539 1961; x_wconf 78' lang='grc' dir='ltr'><strong>δὶ</strong></span> <span class='ocrx_word' id='word_1_231' title='bbox 2593 1904 2770 1973; x_wconf 81' lang='grc' dir='ltr'>Ἰησοῦ</span> <span class='ocrx_word' id='word_1_232' title='bbox 2826 1916 3048 1973; x_wconf 79' lang='grc' dir='ltr'><strong>Χριστοῦ</strong></span> <span class='ocrx_word' id='word_1_233' title='bbox 3106 1910 3139 1976; x_wconf 79' lang='grc' dir='ltr'>ἡ</span> <span class='ocrx_word' id='word_1_234' title='bbox 3198 1908 3444 1986; x_wconf 79' lang='grc' dir='ltr'>γέννησις</span> <span class='ocrx_word' id='word_1_235' title='bbox 3497 1908 3662 1975; x_wconf 65' lang='grc' dir='ltr'>οὕτως</span> <span class='ocrx_word' id='word_1_236' title='bbox 3720 1909 3810 1977; x_wconf 75' lang='grc' dir='ltr'>ἦν,</span> 
     </span>
    </p>
   </div>
   <div class='ocr_carea' id='block_1_34' title="bbox 432 1994 2040 2084">
    <p class='ocr_par' dir='ltr' id='par_1_34' title="bbox 432 1994 2015 2084">
     <span class='ocr_line' id='line_1_34' title="bbox 432 1994 2015 2084; baseline 0.005 -28"><span class='ocrx_word' id='word_1_237' title='bbox 432 1994 578 2084; x_wconf 77' lang='lat' dir='ltr'><strong>Nam</strong></span> <span class='ocrx_word' id='word_1_238' title='bbox 604 2004 665 2084; x_wconf 87' lang='lat' dir='ltr'><strong>ut</strong></span> <span class='ocrx_word' id='word_1_239' title='bbox 692 1995 1043 2078; x_wconf 88' lang='lat' dir='ltr'><strong>desponsata</strong></span> <span class='ocrx_word' id='word_1_240' title='bbox 1070 2008 1158 2060; x_wconf 90' lang='lat' dir='ltr'><strong>est</strong></span> <span class='ocrx_word' id='word_1_241' title='bbox 1185 2009 1371 2062; x_wconf 89' lang='lat' dir='ltr'><strong>mater</strong></span> <span class='ocrx_word' id='word_1_242' title='bbox 1400 2002 1529 2081; x_wconf 91' lang='lat' dir='ltr'><strong>ejus</strong></span> <span class='ocrx_word' id='word_1_243' title='bbox 1550 2002 1734 2064; x_wconf 78' lang='lat' dir='ltr'><strong>Maria</strong></span> <span class='ocrx_word' id='word_1_244' title='bbox 1754 2004 2015 2084; x_wconf 85' lang='lat' dir='ltr'><strong>Josepho</strong></span> 
     </span>
    </p>
   </div>
   <div class='ocr_carea' id='block_1_35' title="bbox 2210 1994 3818 2084">
    <p class='ocr_par' dir='ltr' id='par_1_35' title="bbox 2210 1995 3818 2077">
     <span class='ocr_line' id='line_1_35' title="bbox 2210 1995 3818 2077; baseline 0.004 -30"><span class='ocrx_word' id='word_1_245' title='bbox 2210 1995 2586 2062; x_wconf 74' lang='grc' dir='ltr'>[νησθευθείσης</span> <span class='ocrx_word' id='word_1_246' title='bbox 2630 1996 2730 2074; x_wconf 80' lang='grc' dir='ltr'>γὰρ</span> <span class='ocrx_word' id='word_1_247' title='bbox 2787 2001 2883 2064; x_wconf 79' lang='grc' dir='ltr'><strong>τῆς</strong></span> <span class='ocrx_word' id='word_1_248' title='bbox 2968 1999 3169 2077; x_wconf 75' lang='grc' dir='ltr'>μητρὸς</span> <span class='ocrx_word' id='word_1_249' title='bbox 3248 2001 3406 2058; x_wconf 72' lang='grc' dir='ltr'>αὐτοῦ</span> <span class='ocrx_word' id='word_1_250' title='bbox 3481 1997 3681 2075; x_wconf 80' lang='grc' dir='ltr'>Μαρίας</span> <span class='ocrx_word' id='word_1_251' title='bbox 3737 2004 3818 2072; x_wconf 81' lang='grc' dir='ltr'>τῷ</span> 
     </span>
    </p>
   </div>
   <div class='ocr_carea' id='block_1_36' title="bbox 433 2082 2041 2171">
    <p class='ocr_par' dir='ltr' id='par_1_36' title="bbox 433 2082 2041 2171">
     <span class='ocr_line' id='line_1_36' title="bbox 433 2082 2041 2171; baseline 0.006 -28"><span class='ocrx_word' id='word_1_252' title='bbox 433 2083 625 2155; x_wconf 87' lang='lat' dir='ltr'><strong>Quare</strong></span> <span class='ocrx_word' id='word_1_253' title='bbox 648 2083 808 2146; x_wconf 89' lang='lat' dir='ltr'><strong>Deus</strong></span> <span class='ocrx_word' id='word_1_254' title='bbox 831 2087 1103 2166; x_wconf 76' lang='lat' dir='ltr'><strong>permisit</strong></span> <span class='ocrx_word' id='word_1_255' title='bbox 1123 2097 1187 2149; x_wconf 90' lang='lat' dir='ltr'><strong>ut</strong></span> <span class='ocrx_word' id='word_1_256' title='bbox 1208 2088 1337 2169; x_wconf 87' lang='lat' dir='ltr'><strong>ipsa</strong></span> <span class='ocrx_word' id='word_1_257' title='bbox 1354 2089 1836 2171; x_wconf 84' lang='lat' dir='ltr'><strong>desponsarctur,</strong></span> <span class='ocrx_word' id='word_1_258' title='bbox 1872 2082 1926 2153; x_wconf 83' lang='lat' dir='ltr'><strong>et</strong></span> <span class='ocrx_word' id='word_1_259' title='bbox 1957 2110 2041 2153; x_wconf 75' lang='grc' dir='ltr'><strong>οη</strong></span> 
     </span>
    </p>
   </div>
   <div class='ocr_carea' id='block_1_37' title="bbox 2206 2082 3814 2171">
    <p class='ocr_par' dir='ltr' id='par_1_37' title="bbox 2210 2084 3814 2168">
     <span class='ocr_line' id='line_1_37' title="bbox 2210 2084 3814 2168; baseline 0.006 -31"><span class='ocrx_word' id='word_1_260' title='bbox 2210 2084 2387 2162; x_wconf 78' lang='grc' dir='ltr'>ωσήφ,</span> <span class='ocrx_word' id='word_1_261' title='bbox 2428 2107 2455 2138; x_wconf 63' lang='grc' dir='ltr'><strong>υ</strong></span> <span class='ocrx_word' id='word_1_262' title='bbox 2518 2086 2667 2147; x_wconf 81' lang='grc' dir='ltr'>Τίνος</span> <span class='ocrx_word' id='word_1_263' title='bbox 2720 2084 2894 2143; x_wconf 74' lang='grc' dir='ltr'>ἕνεκεν</span> <span class='ocrx_word' id='word_1_264' title='bbox 2957 2087 3327 2168; x_wconf 71' lang='grc' dir='ltr'>συνεχώρησεν</span> <span class='ocrx_word' id='word_1_265' title='bbox 3385 2090 3414 2144; x_wconf 74' lang='grc' dir='ltr'>ί,</span> <span class='ocrx_word' id='word_1_266' title='bbox 3475 2089 3605 2150; x_wconf 82' lang='grc' dir='ltr'>Θεὸς</span> <span class='ocrx_word' id='word_1_267' title='bbox 3667 2110 3814 2163; x_wconf 81' lang='grc' dir='ltr'>μνη-</span> 
     </span>
    </p>
   </div>
   <div class='ocr_carea' id='block_1_38' title="bbox 436 2174 2044 2261">
    <p class='ocr_par' dir='ltr' id='par_1_38' title="bbox 436 2174 2041 2261">
     <span class='ocr_line' id='line_1_38' title="bbox 436 2174 2041 2261; baseline 0.006 -28"><span class='ocrx_word' id='word_1_268' title='bbox 436 2175 577 2234; x_wconf 90' lang='lat' dir='ltr'><strong>nino</strong></span> <span class='ocrx_word' id='word_1_269' title='bbox 599 2174 996 2254; x_wconf 90' lang='lat' dir='ltr'><strong>suspicionem</strong></span> <span class='ocrx_word' id='word_1_270' title='bbox 1026 2176 1193 2239; x_wconf 87' lang='lat' dir='ltr'><strong>daret</strong></span> <span class='ocrx_word' id='word_1_271' title='bbox 1212 2178 1552 2241; x_wconf 90' lang='lat' dir='ltr'><strong>hominibus</strong></span> <span class='ocrx_word' id='word_1_272' title='bbox 1568 2181 1736 2261; x_wconf 86' lang='lat' dir='ltr'><strong>quasi</strong></span> <span class='ocrx_word' id='word_1_273' title='bbox 1749 2200 2041 2261; x_wconf 86' lang='lat' dir='ltr'><strong>cognosce</strong></span> 
     </span>
    </p>
   </div>
   <div class='ocr_carea' id='block_1_39' title="bbox 2207 2174 3815 2261">
    <p class='ocr_par' dir='ltr' id='par_1_39' title="bbox 2207 2174 3815 2249">
     <span class='ocr_line' id='line_1_39' title="bbox 2207 2174 3815 2249; baseline 0.002 -22"><span class='ocrx_word' id='word_1_274' title='bbox 2207 2174 2447 2240; x_wconf 82' lang='grc' dir='ltr'>τευθῆναι</span> <span class='ocrx_word' id='word_1_275' title='bbox 2503 2174 2725 2249; x_wconf 85' lang='grc' dir='ltr'>ταύτην,</span> <span class='ocrx_word' id='word_1_276' title='bbox 2784 2176 2872 2231; x_wconf 84' lang='grc' dir='ltr'><strong>καὶ</strong></span> <span class='ocrx_word' id='word_1_277' title='bbox 2936 2174 3075 2240; x_wconf 78' lang='grc' dir='ltr'>ὅλως</span> <span class='ocrx_word' id='word_1_278' title='bbox 3148 2174 3321 2233; x_wconf 84' lang='grc' dir='ltr'>δοῦναι</span> <span class='ocrx_word' id='word_1_279' title='bbox 3379 2176 3628 2235; x_wconf 81' lang='grc' dir='ltr'>ὑπόνοιαν</span> <span class='ocrx_word' id='word_1_280' title='bbox 3696 2187 3815 2240; x_wconf 83' lang='grc' dir='ltr'>τοῖς</span> 
     </span>
    </p>
   </div>
   <div class='ocr_carea' id='block_1_40' title="bbox 435 2256 2043 2347">
    <p class='ocr_par' dir='ltr' id='par_1_40' title="bbox 435 2256 2043 2347">
     <span class='ocr_line' id='line_1_40' title="bbox 435 2256 2043 2347; baseline 0.006 -22"><span class='ocrx_word' id='word_1_281' title='bbox 435 2270 529 2327; x_wconf 87' lang='lat' dir='ltr'><strong>ret</strong></span> <span class='ocrx_word' id='word_1_282' title='bbox 552 2282 681 2326; x_wconf 89' lang='lat' dir='ltr'><strong>eam</strong></span> <span class='ocrx_word' id='word_1_283' title='bbox 706 2268 959 2347; x_wconf 88' lang='lat' dir='ltr'><strong>.loseph?</strong></span> <span class='ocrx_word' id='word_1_284' title='bbox 978 2276 1039 2327; x_wconf 89' lang='lat' dir='ltr'><strong>ut</strong></span> <span class='ocrx_word' id='word_1_285' title='bbox 1069 2267 1317 2331; x_wconf 87' lang='lat' dir='ltr'><strong>haberet</strong></span> <span class='ocrx_word' id='word_1_286' title='bbox 1348 2271 1405 2331; x_wconf 94' lang='lat' dir='ltr'><strong>in</strong></span> <span class='ocrx_word' id='word_1_287' title='bbox 1434 2256 1697 2333; x_wconf 79' lang='lat' dir='ltr'><strong>adversis</strong></span> <span class='ocrx_word' id='word_1_288' title='bbox 1718 2256 2043 2335; x_wconf 77' lang='lat' dir='ltr'><strong>curatorem</strong></span> 
     </span>
    </p>
   </div>
   <div class='ocr_carea' id='block_1_41' title="bbox 2204 2256 3812 2347">
    <p class='ocr_par' dir='ltr' id='par_1_41' title="bbox 2207 2256 3812 2346">
     <span class='ocr_line' id='line_1_41' title="bbox 2207 2256 3812 2346; baseline 0.002 -29"><span class='ocrx_word' id='word_1_289' title='bbox 2207 2261 2486 2341; x_wconf 78' lang='grc' dir='ltr'>νθρῶποις,</span> <span class='ocrx_word' id='word_1_290' title='bbox 2532 2262 2611 2318; x_wconf 82' lang='grc' dir='ltr'><strong>ὅτι</strong></span> <span class='ocrx_word' id='word_1_291' title='bbox 2670 2263 2972 2339; x_wconf 84' lang='grc' dir='ltr'>συνεγένετο</span> <span class='ocrx_word' id='word_1_292' title='bbox 3005 2269 3137 2342; x_wconf 72' lang='grc' dir='ltr'><strong>αὖτῇ</strong></span> <span class='ocrx_word' id='word_1_293' title='bbox 3167 2268 3196 2321; x_wconf 77' lang='grc' dir='ltr'><strong>ὁ</strong></span> <span class='ocrx_word' id='word_1_294' title='bbox 3238 2264 3487 2346; x_wconf 67' lang='grc' dir='ltr'>ἰωσήφς</span> <span class='ocrx_word' id='word_1_295' title='bbox 3535 2256 3665 2322; x_wconf 74' lang='grc' dir='ltr'>’Ἷνα</span> <span class='ocrx_word' id='word_1_296' title='bbox 3707 2265 3812 2344; x_wconf 57' lang='lat' dir='ltr'><strong>in;</strong></span> 
     </span>
    </p>
   </div>
   <div class='ocr_carea' id='block_1_42' title="bbox 436 2347 2044 2441">
    <p class='ocr_par' dir='ltr' id='par_1_42' title="bbox 436 2353 2044 2441">
     <span class='ocr_line' id='line_1_42' title="bbox 436 2353 2044 2441; baseline 0.006 -28"><span class='ocrx_word' id='word_1_297' title='bbox 436 2370 569 2414; x_wconf 90' lang='lat' dir='ltr'><strong>nam</strong></span> <span class='ocrx_word' id='word_1_298' title='bbox 596 2353 689 2415; x_wconf 91' lang='lat' dir='ltr'><strong>hic</strong></span> <span class='ocrx_word' id='word_1_299' title='bbox 713 2354 773 2415; x_wconf 91' lang='lat' dir='ltr'><strong>in</strong></span> <span class='ocrx_word' id='word_1_300' title='bbox 796 2356 930 2435; x_wconf 85' lang='lat' dir='ltr'><strong>fuga</strong></span> <span class='ocrx_word' id='word_1_301' title='bbox 952 2355 1012 2418; x_wconf 88' lang='lat' dir='ltr'><strong>in</strong></span> <span class='ocrx_word' id='word_1_302' title='bbox 1037 2358 1355 2437; x_wconf 66' lang='lat' dir='ltr'><strong>Aigyptum</strong></span> <span class='ocrx_word' id='word_1_303' title='bbox 1383 2377 1583 2422; x_wconf 90' lang='lat' dir='ltr'><strong>curam</strong></span> <span class='ocrx_word' id='word_1_304' title='bbox 1612 2362 1743 2441; x_wconf 83' lang='lat' dir='ltr'><strong>ejus</strong></span> <span class='ocrx_word' id='word_1_305' title='bbox 1774 2362 2003 2436; x_wconf 86' lang='lat' dir='ltr'><strong>habuit,</strong></span> <span class='ocrx_word' id='word_1_306' title='bbox 2031 2382 2044 2423; x_wconf 88' lang='lat' dir='ltr'><strong>t</strong></span> 
     </span>
    </p>
   </div>
   <div class='ocr_carea' id='block_1_43' title="bbox 2206 2347 3814 2441">
    <p class='ocr_par' dir='ltr' id='par_1_43' title="bbox 2206 2347 3814 2433">
     <span class='ocr_line' id='line_1_43' title="bbox 2206 2347 3814 2433; baseline 0.002 -29"><span class='ocrx_word' id='word_1_307' title='bbox 2206 2350 2259 2404; x_wconf 77' lang='grc' dir='ltr'>ον</span> <span class='ocrx_word' id='word_1_308' title='bbox 2317 2347 2587 2424; x_wconf 74' lang='grc' dir='ltr'>κηδεμόνα</span> <span class='ocrx_word' id='word_1_309' title='bbox 2630 2353 2683 2406; x_wconf 69' lang='grc' dir='ltr'>ἰν</span> <span class='ocrx_word' id='word_1_310' title='bbox 2740 2365 2863 2414; x_wconf 64' lang='grc' dir='ltr'>ταῖς</span> <span class='ocrx_word' id='word_1_311' title='bbox 2919 2366 3215 2433; x_wconf 74' lang='grc' dir='ltr'>συμφοραῖς</span> <span class='ocrx_word' id='word_1_312' title='bbox 3420 2355 3573 2417; x_wconf 76' lang='grc' dir='ltr'>οὗτος</span> <span class='ocrx_word' id='word_1_313' title='bbox 3597 2354 3695 2431; x_wconf 72' lang='grc' dir='ltr'>γὰρ</span> <span class='ocrx_word' id='word_1_314' title='bbox 3727 2355 3814 2408; x_wconf 79' lang='grc' dir='ltr'>καὶ</span> 
     </span>
    </p>
   </div>
   <div class='ocr_carea' id='block_1_44' title="bbox 435 2436 2043 2521">
    <p class='ocr_par' dir='ltr' id='par_1_44' title="bbox 435 2436 2043 2516">
     <span class='ocr_line' id='line_1_44' title="bbox 435 2436 2043 2516; baseline 0.006 -14"><span class='ocrx_word' id='word_1_315' title='bbox 435 2442 687 2504; x_wconf 84' lang='lat' dir='ltr'><strong>servavit</strong></span> <span class='ocrx_word' id='word_1_316' title='bbox 710 2445 975 2508; x_wconf 90' lang='lat' dir='ltr'><strong>eam.Est</strong></span> <span class='ocrx_word' id='word_1_317' title='bbox 991 2454 1048 2506; x_wconf 91' lang='lat' dir='ltr'><strong>et</strong></span> <span class='ocrx_word' id='word_1_318' title='bbox 1070 2436 1408 2516; x_wconf 83' lang='lat' dir='ltr'><strong>aliacausa.</strong></span> <span class='ocrx_word' id='word_1_319' title='bbox 1435 2458 1495 2510; x_wconf 91' lang='lat' dir='ltr'><strong>ut</strong></span> <span class='ocrx_word' id='word_1_320' title='bbox 1514 2436 1721 2511; x_wconf 75' lang='lat' dir='ltr'><strong>lateret</strong></span> <span class='ocrx_word' id='word_1_321' title='bbox 1741 2450 2043 2513; x_wconf 87' lang='lat' dir='ltr'><strong>diabolum</strong></span> 
     </span>
    </p>
   </div>
   <div class='ocr_carea' id='block_1_45' title="bbox 2213 2436 3821 2521">
    <p class='ocr_par' dir='ltr' id='par_1_45' title="bbox 2213 2438 3821 2521">
     <span class='ocr_line' id='line_1_45' title="bbox 2213 2438 3821 2521; baseline 0.002 -29"><span class='ocrx_word' id='word_1_322' title='bbox 2213 2462 2222 2491; x_wconf 76' lang='grc' dir='ltr'><strong>ρ</strong></span> <span class='ocrx_word' id='word_1_323' title='bbox 2272 2443 2340 2513; x_wconf 78' lang='grc' dir='ltr'><strong>τῇ</strong></span> <span class='ocrx_word' id='word_1_324' title='bbox 2392 2439 2464 2501; x_wconf 78' lang='grc' dir='ltr'><strong>είς</strong></span> <span class='ocrx_word' id='word_1_325' title='bbox 2540 2438 2811 2517; x_wconf 73' lang='grc' dir='ltr'>Αἴγυπτον</span> <span class='ocrx_word' id='word_1_326' title='bbox 2853 2448 3007 2521; x_wconf 73' lang='grc' dir='ltr'><strong>-φυγῇ</strong></span> <span class='ocrx_word' id='word_1_327' title='bbox 3083 2441 3391 2517; x_wconf 76' lang='grc' dir='ltr'>ἐπεμελήθη</span> <span class='ocrx_word' id='word_1_328' title='bbox 3446 2446 3608 2508; x_wconf 68' lang='grc' dir='ltr'>αὐτῆς</span> <span class='ocrx_word' id='word_1_329' title='bbox 3641 2461 3655 2475; x_wconf 86' lang='lat'><strong>&#39;</strong></span> <span class='ocrx_word' id='word_1_330' title='bbox 3722 2445 3821 2500; x_wconf 79' lang='grc' dir='ltr'><strong>Καὶ</strong></span> 
     </span>
    </p>
   </div>
   <div class='ocr_carea' id='block_1_46' title="bbox 439 2524 2047 2614">
    <p class='ocr_par' dir='ltr' id='par_1_46' title="bbox 439 2533 2047 2614">
     <span class='ocr_line' id='line_1_46' title="bbox 439 2533 2047 2614; baseline 0.006 -22"><span class='ocrx_word' id='word_1_331' title='bbox 439 2539 755 2613; x_wconf 89' lang='lat' dir='ltr'><strong>pr0pterea</strong></span> <span class='ocrx_word' id='word_1_332' title='bbox 775 2533 1129 2614; x_wconf 89' lang='lat' dir='ltr'><strong>desponsata</strong></span> <span class='ocrx_word' id='word_1_333' title='bbox 1150 2536 1715 2601; x_wconf 89' lang='lat' dir='ltr'><strong>est.Diabolusenim</strong></span> <span class='ocrx_word' id='word_1_334' title='bbox 1736 2560 1867 2601; x_wconf 88' lang='lat' dir='ltr'><strong>cum</strong></span> <span class='ocrx_word' id='word_1_335' title='bbox 1893 2540 2047 2602; x_wconf 72' lang='lat' dir='ltr'><strong>audit</strong></span> 
     </span>
    </p>
   </div>
   <div class='ocr_carea' id='block_1_47' title="bbox 2212 2524 3820 2614">
    <p class='ocr_par' dir='ltr' id='par_1_47' title="bbox 2212 2527 3820 2608">
     <span class='ocr_line' id='line_1_47' title="bbox 2212 2527 3820 2608; baseline 0.003 -28"><span class='ocrx_word' id='word_1_336' title='bbox 2212 2527 2413 2583; x_wconf 65' lang='lat' dir='ltr'><strong>,éswcev</strong></span> <span class='ocrx_word' id='word_1_337' title='bbox 2463 2530 2644 2597; x_wconf 71' lang='grc' dir='ltr'>αὒτήν.</span> <span class='ocrx_word' id='word_1_338' title='bbox 2685 2527 2848 2595; x_wconf 65' lang='grc' dir='ltr'>’Ἅμα</span> <span class='ocrx_word' id='word_1_339' title='bbox 2904 2528 2958 2585; x_wconf 75' lang='grc' dir='ltr'><strong>δί</strong></span> <span class='ocrx_word' id='word_1_340' title='bbox 3024 2532 3111 2587; x_wconf 86' lang='grc' dir='ltr'><strong>καὶ</strong></span> <span class='ocrx_word' id='word_1_341' title='bbox 3138 2530 3231 2587; x_wconf 62' lang='grc' dir='ltr'>’ἵνα</span> <span class='ocrx_word' id='word_1_342' title='bbox 3260 2530 3395 2608; x_wconf 71' lang='grc' dir='ltr'>λάθῃ</span> <span class='ocrx_word' id='word_1_343' title='bbox 3420 2533 3511 2587; x_wconf 78' lang='grc' dir='ltr'>τὸν</span> <span class='ocrx_word' id='word_1_344' title='bbox 3554 2528 3820 2605; x_wconf 62' lang='grc' dir='ltr'>διάϐολον,</span> 
     </span>
    </p>
   </div>
   <div class='ocr_carea' id='block_1_48' title="bbox 437 2615 2045 2709">
    <p class='ocr_par' dir='ltr' id='par_1_48' title="bbox 437 2622 2045 2709">
     <span class='ocr_line' id='line_1_48' title="bbox 437 2622 2045 2709; baseline 0.006 -26"><span class='ocrx_word' id='word_1_345' title='bbox 437 2630 527 2683; x_wconf 85' lang='lat' dir='ltr'><strong>set</strong></span> <span class='ocrx_word' id='word_1_346' title='bbox 556 2622 711 2703; x_wconf 92' lang='lat' dir='ltr'><strong>quod</strong></span> <span class='ocrx_word' id='word_1_347' title='bbox 743 2624 920 2703; x_wconf 86' lang='lat' dir='ltr'><strong>Virgo</strong></span> <span class='ocrx_word' id='word_1_348' title='bbox 951 2624 1012 2686; x_wconf 91' lang='lat' dir='ltr'><strong>in</strong></span> <span class='ocrx_word' id='word_1_349' title='bbox 1047 2634 1213 2688; x_wconf 89' lang='lat' dir='ltr'><strong>utero</strong></span> <span class='ocrx_word' id='word_1_350' title='bbox 1258 2626 1528 2709; x_wconf 80' lang='lat' dir='ltr'><strong>haberet,</strong></span> <span class='ocrx_word' id='word_1_351' title='bbox 1563 2628 1916 2692; x_wconf 69' lang='lat' dir='ltr'><strong>observabat</strong></span> <span class='ocrx_word' id='word_1_352' title='bbox 1946 2631 2045 2692; x_wconf 87' lang='lat' dir='ltr'><strong>Vir</strong></span> 
     </span>
    </p>
   </div>
   <div class='ocr_carea' id='block_1_49' title="bbox 2212 2615 3820 2709">
    <p class='ocr_par' dir='ltr' id='par_1_49' title="bbox 2212 2616 3820 2697">
     <span class='ocr_line' id='line_1_49' title="bbox 2212 2616 3820 2697; baseline 0.003 -27"><span class='ocrx_word' id='word_1_353' title='bbox 2212 2617 2251 2672; x_wconf 66' lang='lat' dir='ltr'><strong>t‘z</strong></span> <span class='ocrx_word' id='word_1_354' title='bbox 2304 2616 2455 2673; x_wconf 63' lang='grc' dir='ltr'>τοῦτο</span> <span class='ocrx_word' id='word_1_355' title='bbox 2513 2616 2882 2692; x_wconf 77' lang='grc' dir='ltr'>ἐμνηστεύθη’</span> <span class='ocrx_word' id='word_1_356' title='bbox 2928 2622 2956 2676; x_wconf 85' lang='grc' dir='ltr'><strong>ὁ</strong></span> <span class='ocrx_word' id='word_1_357' title='bbox 3010 2621 3110 2697; x_wconf 80' lang='grc' dir='ltr'><strong>γὰρ</strong></span> <span class='ocrx_word' id='word_1_358' title='bbox 3167 2617 3410 2684; x_wconf 81' lang='grc' dir='ltr'>διάϐολος</span> <span class='ocrx_word' id='word_1_359' title='bbox 3454 2620 3681 2683; x_wconf 78' lang='grc' dir='ltr'>ἀκούσας</span> <span class='ocrx_word' id='word_1_360' title='bbox 3739 2619 3820 2676; x_wconf 70' lang='lat'><strong>8;:</strong></span> 
     </span>
    </p>
   </div>
   <div class='ocr_carea' id='block_1_50' title="bbox 442 2704 2050 2800">
    <p class='ocr_par' dir='ltr' id='par_1_50' title="bbox 442 2704 2050 2800">
     <span class='ocr_line' id='line_1_50' title="bbox 442 2704 2050 2800; baseline 0.006 -29"><span class='ocrx_word' id='word_1_361' title='bbox 442 2710 640 2789; x_wconf 89' lang='lat' dir='ltr'><strong>ginem</strong></span> <span class='ocrx_word' id='word_1_362' title='bbox 678 2735 691 2771; x_wconf 90' lang='lat'><strong>:</strong></span> <span class='ocrx_word' id='word_1_363' title='bbox 731 2721 795 2775; x_wconf 94' lang='lat' dir='ltr'><strong>ut</strong></span> <span class='ocrx_word' id='word_1_364' title='bbox 838 2714 1017 2793; x_wconf 91' lang='lat' dir='ltr'><strong>igitur</strong></span> <span class='ocrx_word' id='word_1_365' title='bbox 1049 2714 1335 2796; x_wconf 89' lang='lat' dir='ltr'><strong>deceptor</strong></span> <span class='ocrx_word' id='word_1_366' title='bbox 1377 2704 1724 2799; x_wconf 81' lang='lat' dir='ltr'><strong>decipiatur.</strong></span> <span class='ocrx_word' id='word_1_367' title='bbox 1764 2720 2050 2800; x_wconf 82' lang='lat' dir='ltr'><strong>desponsa</strong></span> 
     </span>
    </p>
   </div>
   <div class='ocr_carea' id='block_1_51' title="bbox 2207 2704 3815 2800">
    <p class='ocr_par' dir='ltr' id='par_1_51' title="bbox 2255 2704 3815 2787">
     <span class='ocr_line' id='line_1_51' title="bbox 2255 2704 3815 2787; baseline 0.001 -27"><span class='ocrx_word' id='word_1_368' title='bbox 2255 2706 2516 2781; x_wconf 86' lang='grc' dir='ltr'>Παρθένος</span> <span class='ocrx_word' id='word_1_369' title='bbox 2555 2704 2609 2761; x_wconf 74' lang='grc' dir='ltr'><strong>έν</strong></span> <span class='ocrx_word' id='word_1_370' title='bbox 2662 2708 2845 2787; x_wconf 86' lang='grc' dir='ltr'>γαστρὶ</span> <span class='ocrx_word' id='word_1_371' title='bbox 2890 2706 3012 2781; x_wconf 65' lang='grc' dir='ltr'>ἕξει,</span> <span class='ocrx_word' id='word_1_372' title='bbox 3064 2708 3307 2785; x_wconf 77' lang='grc' dir='ltr'>έπετήρει</span> <span class='ocrx_word' id='word_1_373' title='bbox 3351 2710 3450 2776; x_wconf 74' lang='grc' dir='ltr'>τὴν</span> <span class='ocrx_word' id='word_1_374' title='bbox 3507 2709 3765 2787; x_wconf 75' lang='grc' dir='ltr'>Παρθένον</span> <span class='ocrx_word' id='word_1_375' title='bbox 3801 2724 3815 2738; x_wconf 92' lang='grc'><strong>·</strong></span> 
     </span>
    </p>
   </div>
   <div class='ocr_carea' id='block_1_52' title="bbox 439 2792 2047 2888">
    <p class='ocr_par' dir='ltr' id='par_1_52' title="bbox 439 2792 2047 2888">
     <span class='ocr_line' id='line_1_52' title="bbox 439 2792 2047 2888; baseline 0.004 -26"><span class='ocrx_word' id='word_1_376' title='bbox 439 2801 659 2881; x_wconf 84' lang='lat' dir='ltr'><strong>.loseph</strong></span> <span class='ocrx_word' id='word_1_377' title='bbox 691 2820 931 2883; x_wconf 87' lang='lat' dir='ltr'><strong>semper</strong></span> <span class='ocrx_word' id='word_1_378' title='bbox 949 2792 1249 2883; x_wconf 79' lang='lat' dir='ltr'><strong>Virginem</strong></span> <span class='ocrx_word' id='word_1_379' title='bbox 1282 2792 1618 2869; x_wconf 63' lang='lat' dir='ltr'><strong>Marianizet</strong></span> <span class='ocrx_word' id='word_1_380' title='bbox 1640 2810 1820 2887; x_wconf 81' lang='lat' dir='ltr'><strong>ﬁgura</strong></span> <span class='ocrx_word' id='word_1_381' title='bbox 1843 2792 2047 2888; x_wconf 46' lang='lat' dir='ltr'><strong>q&#39;uider</strong></span> 
     </span>
    </p>
   </div>
   <div class='ocr_carea' id='block_1_53' title="bbox 2210 2792 3818 2888">
    <p class='ocr_par' dir='ltr' id='par_1_53' title="bbox 2210 2795 3818 2873">
     <span class='ocr_line' id='line_1_53' title="bbox 2210 2795 3818 2873; baseline 0.003 -26"><span class='ocrx_word' id='word_1_382' title='bbox 2210 2816 2257 2850; x_wconf 67' lang='grc' dir='ltr'><strong>ια</strong></span> <span class='ocrx_word' id='word_1_383' title='bbox 2314 2796 2480 2853; x_wconf 82' lang='grc' dir='ltr'>τοίνυν</span> <span class='ocrx_word' id='word_1_384' title='bbox 2536 2795 2786 2872; x_wconf 79' lang='grc' dir='ltr'>ἀπατηθῇ</span> <span class='ocrx_word' id='word_1_385' title='bbox 2862 2797 2890 2852; x_wconf 83' lang='grc' dir='ltr'>ὁ</span> <span class='ocrx_word' id='word_1_386' title='bbox 2959 2796 3224 2869; x_wconf 77' lang='grc' dir='ltr'>ἀπατεὼν,</span> <span class='ocrx_word' id='word_1_387' title='bbox 3309 2798 3637 2873; x_wconf 78' lang='grc' dir='ltr'>μνεστεύεταο</span> <span class='ocrx_word' id='word_1_388' title='bbox 3721 2801 3818 2863; x_wconf 68' lang='grc' dir='ltr'>τὴν</span> 
     </span>
    </p>
   </div>
   <div class='ocr_carea' id='block_1_54' title="bbox 442 2883 2050 2979">
    <p class='ocr_par' dir='ltr' id='par_1_54' title="bbox 442 2883 2050 2979">
     <span class='ocr_line' id='line_1_54' title="bbox 442 2883 2050 2979; baseline 0.005 -29"><span class='ocrx_word' id='word_1_389' title='bbox 442 2889 506 2950; x_wconf 88' lang='lat' dir='ltr'><strong>tit</strong></span> <span class='ocrx_word' id='word_1_390' title='bbox 527 2891 810 2971; x_wconf 90' lang='lat' dir='ltr'><strong>conjugii,</strong></span> <span class='ocrx_word' id='word_1_391' title='bbox 842 2910 959 2954; x_wconf 91' lang='lat' dir='ltr'><strong>non</strong></span> <span class='ocrx_word' id='word_1_392' title='bbox 982 2903 1177 2955; x_wconf 89' lang='lat' dir='ltr'><strong>autem</strong></span> <span class='ocrx_word' id='word_1_393' title='bbox 1209 2913 1306 2957; x_wconf 92' lang='lat' dir='ltr'><strong>res</strong></span> <span class='ocrx_word' id='word_1_394' title='bbox 1328 2895 1476 2977; x_wconf 89' lang='lat' dir='ltr'><strong>ipsa.</strong></span> <span class='ocrx_word' id='word_1_395' title='bbox 1516 2922 1542 2952; x_wconf 77' lang='grc' dir='ltr'><strong>ι</strong></span> <span class='ocrx_word' id='word_1_396' title='bbox 1577 2883 1923 2979; x_wconf 68' lang='lat' dir='ltr'><strong>Priusquam</strong></span> <span class='ocrx_word' id='word_1_397' title='bbox 1948 2918 2050 2960; x_wconf 88' lang='lat' dir='ltr'><strong>con</strong></span> 
     </span>
    </p>
   </div>
   <div class='ocr_carea' id='block_1_55' title="bbox 2213 2883 3821 2979">
    <p class='ocr_par' dir='ltr' id='par_1_55' title="bbox 2213 2883 3821 2966">
     <span class='ocr_line' id='line_1_55' title="bbox 2213 2883 3821 2966; baseline 0.004 -28"><span class='ocrx_word' id='word_1_398' title='bbox 2213 2883 2504 2962; x_wconf 80' lang='grc' dir='ltr'>ειπάρθενον</span> <span class='ocrx_word' id='word_1_399' title='bbox 2559 2886 2587 2940; x_wconf 76' lang='grc' dir='ltr'><em>ὃ</em></span> <span class='ocrx_word' id='word_1_400' title='bbox 2657 2883 2856 2965; x_wconf 69' lang='grc' dir='ltr'>Ἰωσήφ</span> <span class='ocrx_word' id='word_1_401' title='bbox 2893 2905 2904 2917; x_wconf 92' lang='grc'>·</span> <span class='ocrx_word' id='word_1_402' title='bbox 2982 2887 3071 2942; x_wconf 88' lang='grc' dir='ltr'><strong>καὶ</strong></span> <span class='ocrx_word' id='word_1_403' title='bbox 3139 2891 3331 2966; x_wconf 76' lang='grc' dir='ltr'>σχῆμα</span> <span class='ocrx_word' id='word_1_404' title='bbox 3389 2887 3552 2962; x_wconf 90' lang='grc' dir='ltr'>μόνον</span> <span class='ocrx_word' id='word_1_405' title='bbox 3620 2888 3821 2964; x_wconf 81' lang='grc' dir='ltr'>γίνεται</span> 
     </span>
    </p>
   </div>
   <div class='ocr_carea' id='block_1_56' title="bbox 438 2971 2046 3069">
    <p class='ocr_par' dir='ltr' id='par_1_56' title="bbox 438 2971 2039 3069">
     <span class='ocr_line' id='line_1_56' title="bbox 438 2971 2039 3069; baseline 0.007 -30"><span class='ocrx_word' id='word_1_406' title='bbox 438 2979 710 3042; x_wconf 89' lang='lat' dir='ltr'><strong>venirent</strong></span> <span class='ocrx_word' id='word_1_407' title='bbox 726 2981 863 3063; x_wconf 88' lang='lat' dir='ltr'><strong>ipsi,</strong></span> <span class='ocrx_word' id='word_1_408' title='bbox 891 2982 1128 3044; x_wconf 85' lang='lat' dir='ltr'><strong>inventa</strong></span> <span class='ocrx_word' id='word_1_409' title='bbox 1153 2993 1239 3045; x_wconf 90' lang='lat' dir='ltr'><strong>est</strong></span> <span class='ocrx_word' id='word_1_410' title='bbox 1257 2985 1313 3045; x_wconf 94' lang='lat' dir='ltr'><strong>in</strong></span> <span class='ocrx_word' id='word_1_411' title='bbox 1344 2971 1510 3048; x_wconf 79' lang='lat' dir='ltr'><strong>utero</strong></span> <span class='ocrx_word' id='word_1_412' title='bbox 1532 2986 1758 3049; x_wconf 89' lang='lat' dir='ltr'><strong>habens</strong></span> <span class='ocrx_word' id='word_1_413' title='bbox 1770 2971 1841 3049; x_wconf 79' lang='lat' dir='ltr'><strong>ex</strong></span> <span class='ocrx_word' id='word_1_414' title='bbox 1860 2987 2039 3069; x_wconf 89' lang='lat' dir='ltr'><strong>Spirit</strong></span> 
     </span>
    </p>
   </div>
   <div class='ocr_carea' id='block_1_57' title="bbox 2212 2971 3820 3069">
    <p class='ocr_par' dir='ltr' id='par_1_57' title="bbox 2212 2971 3820 3053">
     <span class='ocr_line' id='line_1_57' title="bbox 2212 2971 3820 3053; baseline 0.005 -27"><span class='ocrx_word' id='word_1_415' title='bbox 2212 2972 2431 3051; x_wconf 65' lang='grc' dir='ltr'>ιζυγίας,</span> <span class='ocrx_word' id='word_1_416' title='bbox 2465 2979 2685 3052; x_wconf 79' lang='grc' dir='ltr'>πρᾶγμα</span> <span class='ocrx_word' id='word_1_417' title='bbox 2727 2971 2782 3028; x_wconf 83' lang='grc' dir='ltr'>δὶ</span> <span class='ocrx_word' id='word_1_418' title='bbox 2825 2975 2905 3033; x_wconf 74' lang='grc' dir='ltr'><strong>οῦ.</strong></span> <span class='ocrx_word' id='word_1_419' title='bbox 2976 2994 2999 3029; x_wconf 75' lang='grc' dir='ltr'><strong>ε</strong></span> <span class='ocrx_word' id='word_1_420' title='bbox 3068 2976 3191 3053; x_wconf 86' lang='grc' dir='ltr'>Πρὶν</span> <span class='ocrx_word' id='word_1_421' title='bbox 3238 2976 3272 3044; x_wconf 74' lang='grc' dir='ltr'><strong>ἢ</strong></span> <span class='ocrx_word' id='word_1_422' title='bbox 3303 2974 3570 3033; x_wconf 82' lang='grc' dir='ltr'>συνελθεῖν</span> <span class='ocrx_word' id='word_1_423' title='bbox 3601 2974 3820 3050; x_wconf 69' lang='grc' dir='ltr'>αῦτοὺζ,</span> 
     </span>
    </p>
   </div>
   <div class='ocr_carea' id='block_1_58' title="bbox 437 3061 2045 3157">
    <p class='ocr_par' dir='ltr' id='par_1_58' title="bbox 437 3061 2045 3157">
     <span class='ocr_line' id='line_1_58' title="bbox 437 3061 2045 3157; baseline 0.005 -26"><span class='ocrx_word' id='word_1_424' title='bbox 437 3079 661 3133; x_wconf 90' lang='lat' dir='ltr'><strong>sancto.</strong></span> <span class='ocrx_word' id='word_1_425' title='bbox 710 3061 1122 3135; x_wconf 54' lang='lat' dir='ltr'><strong>{Convenire</strong></span> <span class='ocrx_word' id='word_1_426' title='bbox 1182 3073 1278 3136; x_wconf 89' lang='lat' dir='ltr'><strong>hic</strong></span> <span class='ocrx_word' id='word_1_427' title='bbox 1334 3074 1626 3155; x_wconf 81' lang='lat' dir='ltr'><strong>signiﬁcat</strong></span> <span class='ocrx_word' id='word_1_428' title='bbox 1673 3061 2045 3157; x_wconf 66' lang='lat' dir='ltr'><strong>congressu&quot;</strong></span> 
     </span>
    </p>
   </div>
   <div class='ocr_carea' id='block_1_59' title="bbox 2218 3061 3826 3157">
    <p class='ocr_par' dir='ltr' id='par_1_59' title="bbox 2218 3061 3826 3145">
     <span class='ocr_line' id='line_1_59' title="bbox 2218 3061 3826 3145; baseline 0.005 -32"><span class='ocrx_word' id='word_1_429' title='bbox 2218 3061 2352 3141; x_wconf 73' lang='grc' dir='ltr'><strong>»ρὲοη</strong></span> <span class='ocrx_word' id='word_1_430' title='bbox 2411 3062 2465 3118; x_wconf 79' lang='grc' dir='ltr'>ἐν</span> <span class='ocrx_word' id='word_1_431' title='bbox 2519 3064 2703 3141; x_wconf 83' lang='grc' dir='ltr'>γαστρὶ</span> <span class='ocrx_word' id='word_1_432' title='bbox 2759 3061 2957 3144; x_wconf 80' lang='grc' dir='ltr'>ἔχουσα</span> <span class='ocrx_word' id='word_1_433' title='bbox 3012 3063 3072 3120; x_wconf 73' lang='grc' dir='ltr'>ὲκ</span> <span class='ocrx_word' id='word_1_434' title='bbox 3130 3066 3434 3141; x_wconf 85' lang='grc' dir='ltr'>Πνεύματος</span> <span class='ocrx_word' id='word_1_435' title='bbox 3467 3066 3637 3145; x_wconf 83' lang='grc' dir='ltr'>ἁγίου.</span> <span class='ocrx_word' id='word_1_436' title='bbox 3679 3086 3705 3122; x_wconf 73' lang='grc' dir='ltr'><strong><em>ι</em></strong></span> <span class='ocrx_word' id='word_1_437' title='bbox 3751 3068 3826 3123; x_wconf 65' lang='grc' dir='ltr'>Τῆ</span> 
     </span>
    </p>
   </div>
   <div class='ocr_carea' id='block_1_60' title="bbox 447 3135 2055 3247">
    <p class='ocr_par' dir='ltr' id='par_1_60' title="bbox 447 3135 2047 3247">
     <span class='ocr_line' id='line_1_60' title="bbox 447 3135 2047 3247; baseline 0.004 -26"><span class='ocrx_word' id='word_1_438' title='bbox 447 3159 798 3239; x_wconf 73' lang='lat' dir='ltr'><strong>Priusquam</strong></span> <span class='ocrx_word' id='word_1_439' title='bbox 833 3161 990 3223; x_wconf 92' lang='lat' dir='ltr'><strong>enim</strong></span> <span class='ocrx_word' id='word_1_440' title='bbox 1037 3135 1566 3244; x_wconf 67' lang='lat' dir='ltr'><strong>congrederentur,</strong></span> <span class='ocrx_word' id='word_1_441' title='bbox 1596 3135 1886 3247; x_wconf 60' lang='lat' dir='ltr'><strong>concepit.</strong></span> <span class='ocrx_word' id='word_1_442' title='bbox 1923 3164 2047 3230; x_wconf 89' lang='lat' dir='ltr'><strong>Und</strong></span> 
     </span>
    </p>
   </div>
   <div class='ocr_carea' id='block_1_61' title="bbox 2216 3135 3824 3247">
    <p class='ocr_par' dir='ltr' id='par_1_61' title="bbox 2216 3135 3824 3247">
     <span class='ocr_line' id='line_1_61' title="bbox 2216 3135 3824 3247; baseline 0.017 -40"><span class='ocrx_word' id='word_1_443' title='bbox 2216 3135 2440 3207; x_wconf 71' lang='grc' dir='ltr'>›νελθετν</span> <span class='ocrx_word' id='word_1_444' title='bbox 2482 3135 2698 3210; x_wconf 72' lang='grc' dir='ltr'>ἐνταῦθα</span> <span class='ocrx_word' id='word_1_445' title='bbox 2885 3152 3022 3228; x_wconf 75' lang='grc' dir='ltr'>μίξιν</span> <span class='ocrx_word' id='word_1_446' title='bbox 3072 3135 3280 3221; x_wconf 53' lang='grc' dir='ltr'>δηλοϊί</span> <span class='ocrx_word' id='word_1_447' title='bbox 3328 3156 3446 3235; x_wconf 77' lang='grc' dir='ltr'>πρὶν</span> <span class='ocrx_word' id='word_1_448' title='bbox 3649 3161 3824 3247; x_wconf 63' lang='grc' dir='ltr'>Ρζιγῆ⁹</span> 
     </span>
    </p>
   </div>
   <div class='ocr_carea' id='block_1_62' title="bbox 443 3239 2051 3334">
    <p class='ocr_par' dir='ltr' id='par_1_62' title="bbox 443 3239 2051 3334">
     <span class='ocr_line' id='line_1_62' title="bbox 443 3239 2051 3334; baseline 0.004 -23"><span class='ocrx_word' id='word_1_449' title='bbox 443 3257 502 3311; x_wconf 88' lang='lat' dir='ltr'><strong>et</strong></span> <span class='ocrx_word' id='word_1_450' title='bbox 533 3250 897 3329; x_wconf 84' lang='lat' dir='ltr'><strong>evangelista</strong></span> <span class='ocrx_word' id='word_1_451' title='bbox 914 3239 1302 3334; x_wconf 70' lang='lat' dir='ltr'><strong>obstupescit,</strong></span> <span class='ocrx_word' id='word_1_452' title='bbox 1355 3262 1411 3315; x_wconf 89' lang='lat' dir='ltr'><strong>et</strong></span> <span class='ocrx_word' id='word_1_453' title='bbox 1432 3239 1646 3317; x_wconf 83' lang='lat' dir='ltr'><strong>clamat</strong></span> <span class='ocrx_word' id='word_1_454' title='bbox 1680 3277 1691 3319; x_wconf 93' lang='lat'><strong>:</strong></span> <span class='ocrx_word' id='word_1_455' title='bbox 1726 3239 1971 3318; x_wconf 48' lang='lat' dir='ltr'><strong>In&#39;venta</strong></span> <span class='ocrx_word' id='word_1_456' title='bbox 2003 3275 2051 3317; x_wconf 77' lang='lat' dir='ltr'><strong>et</strong></span> 
     </span>
    </p>
   </div>
   <div class='ocr_carea' id='block_1_63' title="bbox 2204 3239 3812 3334">
    <p class='ocr_par' dir='ltr' id='par_1_63' title="bbox 2206 3239 3812 3334">
     <span class='ocr_line' id='line_1_63' title="bbox 2206 3239 3812 3334; baseline 0.003 -38"><span class='ocrx_word' id='word_1_457' title='bbox 2206 3264 2279 3310; x_wconf 87' lang='grc' dir='ltr'><strong>αι,</strong></span> <span class='ocrx_word' id='word_1_458' title='bbox 2341 3239 2622 3298; x_wconf 82' lang='grc' dir='ltr'>συνέλαϐεν</span> <span class='ocrx_word' id='word_1_459' title='bbox 2658 3258 2673 3273; x_wconf 85' lang='grc'><em>’</em></span> <span class='ocrx_word' id='word_1_460' title='bbox 2728 3240 2845 3299; x_wconf 82' lang='grc' dir='ltr'>ὅθεν</span> <span class='ocrx_word' id='word_1_461' title='bbox 2900 3244 2993 3298; x_wconf 79' lang='grc' dir='ltr'><strong>καὶ</strong></span> <span class='ocrx_word' id='word_1_462' title='bbox 3050 3245 3078 3299; x_wconf 80' lang='grc' dir='ltr'>ὁ</span> <span class='ocrx_word' id='word_1_463' title='bbox 3130 3242 3812 3334; x_wconf 11' lang='grc' dir='ltr'>εὒαγγελιστὴςγ-έκπλήτ-</span> 
     </span>
    </p>
   </div>
   <div class='ocr_carea' id='block_1_64' title="bbox 449 3330 2057 3473">
    <p class='ocr_par' dir='ltr' id='par_1_64' title="bbox 449 3330 1723 3420">
     <span class='ocr_line' id='line_1_64' title="bbox 449 3330 1723 3420; baseline 0.008 -23"><span class='ocrx_word' id='word_1_464' title='bbox 449 3338 617 3417; x_wconf 90' lang='lat' dir='ltr'><strong>quasi</strong></span> <span class='ocrx_word' id='word_1_465' title='bbox 650 3338 726 3401; x_wconf 91' lang='lat' dir='ltr'><strong>de</strong></span> <span class='ocrx_word' id='word_1_466' title='bbox 756 3357 820 3399; x_wconf 93' lang='lat' dir='ltr'><strong>re</strong></span> <span class='ocrx_word' id='word_1_467' title='bbox 841 3330 1107 3420; x_wconf 80' lang='lat' dir='ltr'><strong>quadam</strong></span> <span class='ocrx_word' id='word_1_468' title='bbox 1127 3341 1462 3404; x_wconf 88' lang='lat' dir='ltr'><strong>admirabili</strong></span> <span class='ocrx_word' id='word_1_469' title='bbox 1496 3344 1723 3409; x_wconf 90' lang='lat' dir='ltr'><strong>dicens.</strong></span> 
     </span>
    </p>
   </div>
   <div class='ocr_carea' id='block_1_65' title="bbox 2214 3330 3822 3473">
    <p class='ocr_par' dir='ltr' id='par_1_65' title="bbox 2214 3330 3822 3473">
     <span class='ocr_line' id='line_1_65' title="bbox 2214 3330 3822 3410; baseline 0.003 -26"><span class='ocrx_word' id='word_1_470' title='bbox 2214 3350 2339 3391; x_wconf 78' lang='grc' dir='ltr'>ιται.</span> <span class='ocrx_word' id='word_1_471' title='bbox 2402 3331 2489 3386; x_wconf 87' lang='grc' dir='ltr'><strong>καὶ</strong></span> <span class='ocrx_word' id='word_1_472' title='bbox 2538 3331 2638 3407; x_wconf 80' lang='grc' dir='ltr'><strong>βοᾷ</strong></span> <span class='ocrx_word' id='word_1_473' title='bbox 2674 3349 2689 3366; x_wconf 84' lang='grc'>⁶</span> <span class='ocrx_word' id='word_1_474' title='bbox 2763 3330 2982 3409; x_wconf 76' lang='grc' dir='ltr'>Εύρέθη,</span> <span class='ocrx_word' id='word_1_475' title='bbox 3041 3334 3111 3397; x_wconf 78' lang='grc' dir='ltr'>ὡς</span> <span class='ocrx_word' id='word_1_476' title='bbox 3167 3334 3286 3410; x_wconf 85' lang='grc' dir='ltr'>περὶ</span> <span class='ocrx_word' id='word_1_477' title='bbox 3343 3330 3636 3401; x_wconf 79' lang='grc' dir='ltr'>παραδόξου</span> <span class='ocrx_word' id='word_1_478' title='bbox 3676 3336 3822 3395; x_wconf 73' lang='grc' dir='ltr'>τινος</span> 
     </span>
     <span class='ocr_line' id='line_1_66' title="bbox 2214 3440 2367 3473; baseline 0 0"><span class='ocrx_word' id='word_1_479' title='bbox 2214 3440 2367 3473; x_wconf 73' lang='grc' dir='ltr'>ενων-</span> 
     </span>
    </p>
   </div>
   <div class='ocr_carea' id='block_1_66' title="bbox 2209 3440 2367 3480">
    <p class='ocr_par' dir='ltr' id='par_1_66' title="bbox 2209 3440 2367 3480">
     <span class='ocr_line' id='line_1_67' title="bbox 2209 3440 2367 3480; baseline -0.006 -7"><span class='ocrx_word' id='word_1_480' title='bbox 2209 3440 2367 3480; x_wconf 84' lang='grc' dir='ltr'>εγων,</span> 
     </span>
    </p>
   </div>
   <div class='ocr_carea' id='block_1_67' title="bbox 520 3442 2128 3596">
    <p class='ocr_par' dir='ltr' id='par_1_67' title="bbox 520 3505 2088 3596">
     <span class='ocr_line' id='line_1_68' title="bbox 520 3505 2088 3596; baseline 0.004 -27"><span class='ocrx_word' id='word_1_481' title='bbox 520 3505 685 3571; x_wconf 70' lang='lat' dir='ltr'><strong>Vens</strong></span> <span class='ocrx_word' id='word_1_482' title='bbox 739 3508 877 3571; x_wconf 66' lang='lat'><strong>19.:</strong></span> <span class='ocrx_word' id='word_1_483' title='bbox 914 3510 1131 3587; x_wconf 85' lang='lat' dir='ltr'><strong>.loseph</strong></span> <span class='ocrx_word' id='word_1_484' title='bbox 1164 3519 1358 3572; x_wconf 88' lang='lat' dir='ltr'><strong>autem</strong></span> <span class='ocrx_word' id='word_1_485' title='bbox 1381 3512 1470 3572; x_wconf 91' lang='lat' dir='ltr'><strong>vir</strong></span> <span class='ocrx_word' id='word_1_486' title='bbox 1496 3514 1787 3593; x_wconf 71' lang='lat' dir='ltr'><strong>ejus,com</strong></span> <span class='ocrx_word' id='word_1_487' title='bbox 1820 3517 2088 3596; x_wconf 91' lang='lat' dir='ltr'><strong>essetju-</strong></span> 
     </span>
    </p>
   </div>
   <div class='ocr_carea' id='block_1_68' title="bbox 2210 3442 3818 3596">
    <p class='ocr_par' dir='ltr' id='par_1_68' title="bbox 2210 3442 3818 3586">
     <span class='ocr_line' id='line_1_69' title="bbox 2210 3442 2367 3480; baseline -0.006 -7"><span class='ocrx_word' id='word_1_488' title='bbox 2210 3442 2233 3473; x_wconf 68' lang='grc' dir='ltr'>ι</span> <span class='ocrx_word' id='word_1_489' title='bbox 2272 3442 2367 3480; x_wconf 85' lang='grc' dir='ltr'><strong>ων,</strong></span> 
     </span>
     <span class='ocr_line' id='line_1_70' title="bbox 2236 3442 3818 3586; baseline 0.002 -23"><span class='ocrx_word' id='word_1_490' title='bbox 2236 3442 2452 3584; x_wconf 62' lang='grc' dir='ltr'><strong>ἶΙωσὴιφ</strong></span> <span class='ocrx_word' id='word_1_491' title='bbox 2483 3504 2537 3561; x_wconf 72' lang='grc' dir='ltr'>δὲ</span> <span class='ocrx_word' id='word_1_492' title='bbox 2592 3509 2619 3563; x_wconf 83' lang='grc' dir='ltr'><strong>ὁ</strong></span> <span class='ocrx_word' id='word_1_493' title='bbox 2678 3508 2808 3586; x_wconf 73' lang='grc' dir='ltr'>ἀνὴρ</span> <span class='ocrx_word' id='word_1_494' title='bbox 2857 3508 3045 3580; x_wconf 77' lang='grc' dir='ltr'>αῦτῆς,</span> <span class='ocrx_word' id='word_1_495' title='bbox 3078 3506 3274 3572; x_wconf 72' lang='grc' dir='ltr'>δίκαιος</span> <span class='ocrx_word' id='word_1_496' title='bbox 3299 3511 3395 3580; x_wconf 80' lang='grc' dir='ltr'>ὢν,</span> <span class='ocrx_word' id='word_1_497' title='bbox 3430 3510 3517 3566; x_wconf 80' lang='grc' dir='ltr'><strong>καὶ</strong></span> <span class='ocrx_word' id='word_1_498' title='bbox 3547 3510 3625 3584; x_wconf 74' lang='grc' dir='ltr'>μὴ</span> <span class='ocrx_word' id='word_1_499' title='bbox 3655 3514 3818 3568; x_wconf 70' lang='grc' dir='ltr'>θέλων</span> 
     </span>
    </p>
   </div>
   <div class='ocr_carea' id='block_1_69' title="bbox 443 3592 2051 3683">
    <p class='ocr_par' dir='ltr' id='par_1_69' title="bbox 443 3592 2051 3683">
     <span class='ocr_line' id='line_1_71' title="bbox 443 3592 2051 3683; baseline 0.007 -27"><span class='ocrx_word' id='word_1_500' title='bbox 443 3604 593 3676; x_wconf 87' lang='lat' dir='ltr'><strong>stus,</strong></span> <span class='ocrx_word' id='word_1_501' title='bbox 612 3606 669 3657; x_wconf 92' lang='lat' dir='ltr'><strong>et</strong></span> <span class='ocrx_word' id='word_1_502' title='bbox 692 3597 875 3658; x_wconf 86' lang='lat' dir='ltr'><strong>nollet</strong></span> <span class='ocrx_word' id='word_1_503' title='bbox 898 3617 1026 3659; x_wconf 89' lang='lat' dir='ltr'><strong>eam</strong></span> <span class='ocrx_word' id='word_1_504' title='bbox 1055 3601 1371 3661; x_wconf 82' lang='lat' dir='ltr'><strong>traducere</strong></span> <span class='ocrx_word' id='word_1_505' title='bbox 1390 3602 1593 3683; x_wconf 89' lang='lat' dir='ltr'><strong>voluit,</strong></span> <span class='ocrx_word' id='word_1_506' title='bbox 1618 3604 1767 3666; x_wconf 88' lang='lat' dir='ltr'><strong>clam</strong></span> <span class='ocrx_word' id='word_1_507' title='bbox 1791 3592 2051 3667; x_wconf 74' lang='lat' dir='ltr'><strong>dimittet</strong></span> 
     </span>
    </p>
   </div>
   <div class='ocr_carea' id='block_1_70' title="bbox 2209 3592 3817 3683">
    <p class='ocr_par' dir='ltr' id='par_1_70' title="bbox 2210 3592 3817 3675">
     <span class='ocr_line' id='line_1_72' title="bbox 2210 3592 3817 3675; baseline 0.002 -26"><span class='ocrx_word' id='word_1_508' title='bbox 2210 3593 2336 3661; x_wconf 72' lang='grc' dir='ltr'>ὖτὴν</span> <span class='ocrx_word' id='word_1_509' title='bbox 2408 3592 2909 3674; x_wconf 75' lang='grc' dir='ltr'>παραδειγματίσαι,</span> <span class='ocrx_word' id='word_1_510' title='bbox 2997 3594 3270 3668; x_wconf 71' lang='grc' dir='ltr'>ἠϐουλήθη</span> <span class='ocrx_word' id='word_1_511' title='bbox 3337 3596 3501 3675; x_wconf 78' lang='grc' dir='ltr'>λάθρα</span> <span class='ocrx_word' id='word_1_512' title='bbox 3554 3598 3817 3656; x_wconf 75' lang='grc' dir='ltr'>ἁπολύσαι</span> 
     </span>
    </p>
   </div>
   <div class='ocr_carea' id='block_1_71' title="bbox 442 3683 2050 3774">
    <p class='ocr_par' dir='ltr' id='par_1_71' title="bbox 442 3684 2050 3774">
     <span class='ocr_line' id='line_1_73' title="bbox 442 3684 2050 3774; baseline 0.006 -29"><span class='ocrx_word' id='word_1_513' title='bbox 442 3702 596 3747; x_wconf 85' lang='lat' dir='ltr'><strong>eam.</strong></span> <span class='ocrx_word' id='word_1_514' title='bbox 626 3710 652 3740; x_wconf 66' lang='grc' dir='ltr'><strong><em>ι</em></strong></span> <span class='ocrx_word' id='word_1_515' title='bbox 690 3684 996 3759; x_wconf 89' lang='lat' dir='ltr'><strong>Quomodo</strong></span> <span class='ocrx_word' id='word_1_516' title='bbox 1019 3697 1140 3748; x_wconf 89' lang='lat' dir='ltr'><strong>erat</strong></span> <span class='ocrx_word' id='word_1_517' title='bbox 1166 3688 1363 3768; x_wconf 89' lang='lat' dir='ltr'><strong>justus</strong></span> <span class='ocrx_word' id='word_1_518' title='bbox 1383 3692 1623 3771; x_wconf 85' lang='lat' dir='ltr'><strong>.loseph,</strong></span> <span class='ocrx_word' id='word_1_519' title='bbox 1659 3712 1792 3753; x_wconf 89' lang='lat' dir='ltr'><strong>cum</strong></span> <span class='ocrx_word' id='word_1_520' title='bbox 1832 3694 1920 3754; x_wconf 81' lang='lat' dir='ltr'><strong>lex</strong></span> <span class='ocrx_word' id='word_1_521' title='bbox 1947 3713 2050 3774; x_wconf 86' lang='lat' dir='ltr'><strong>pra</strong></span> 
     </span>
    </p>
   </div>
   <div class='ocr_carea' id='block_1_72' title="bbox 2216 3683 3824 3774">
    <p class='ocr_par' dir='ltr' id='par_1_72' title="bbox 2216 3683 3824 3766">
     <span class='ocr_line' id='line_1_74' title="bbox 2216 3683 3824 3766; baseline 0.006 -29"><span class='ocrx_word' id='word_1_522' title='bbox 2216 3683 2356 3750; x_wconf 68' lang='grc' dir='ltr'>ὒτὴν.</span> <span class='ocrx_word' id='word_1_523' title='bbox 2400 3707 2424 3736; x_wconf 73' lang='grc' dir='ltr'><strong>ιι</strong></span> <span class='ocrx_word' id='word_1_524' title='bbox 2462 3688 2578 3750; x_wconf 80' lang='grc' dir='ltr'>Πῶς</span> <span class='ocrx_word' id='word_1_525' title='bbox 2636 3685 2699 3752; x_wconf 77' lang='grc' dir='ltr'>ἦν</span> <span class='ocrx_word' id='word_1_526' title='bbox 2758 3683 2955 3749; x_wconf 85' lang='grc' dir='ltr'>δίκαιος</span> <span class='ocrx_word' id='word_1_527' title='bbox 3000 3688 3027 3742; x_wconf 81' lang='grc' dir='ltr'>ὁ</span> <span class='ocrx_word' id='word_1_528' title='bbox 3059 3684 3283 3766; x_wconf 70' lang='grc' dir='ltr'>Ἰωσὴφ,</span> <span class='ocrx_word' id='word_1_529' title='bbox 3335 3686 3466 3744; x_wconf 83' lang='grc' dir='ltr'>ὅπου</span> <span class='ocrx_word' id='word_1_530' title='bbox 3509 3695 3603 3745; x_wconf 87' lang='grc' dir='ltr'><strong>τοῦ</strong></span> <span class='ocrx_word' id='word_1_531' title='bbox 3658 3690 3824 3765; x_wconf 78' lang='grc' dir='ltr'>νόμου</span> 
     </span>
    </p>
   </div>
   <div class='ocr_carea' id='block_1_73' title="bbox 439 3772 2047 3859">
    <p class='ocr_par' dir='ltr' id='par_1_73' title="bbox 439 3772 2047 3859">
     <span class='ocr_line' id='line_1_75' title="bbox 439 3772 2047 3859; baseline 0.006 -25"><span class='ocrx_word' id='word_1_532' title='bbox 439 3775 665 3854; x_wconf 84' lang='lat' dir='ltr'><strong>ceperit</strong></span> <span class='ocrx_word' id='word_1_533' title='bbox 694 3775 1021 3837; x_wconf 88' lang='lat' dir='ltr'><strong>adulteram</strong></span> <span class='ocrx_word' id='word_1_534' title='bbox 1062 3784 1399 3859; x_wconf 84' lang='lat' dir='ltr'><strong>traducere,</strong></span> <span class='ocrx_word' id='word_1_535' title='bbox 1433 3782 1545 3841; x_wconf 91' lang='lat' dir='ltr'><strong>hoc</strong></span> <span class='ocrx_word' id='word_1_536' title='bbox 1579 3790 1689 3855; x_wconf 85' lang='lat' dir='ltr'><strong>cst,</strong></span> <span class='ocrx_word' id='word_1_537' title='bbox 1737 3772 2047 3844; x_wconf 84' lang='lat' dir='ltr'><strong>denuntiar</strong></span> 
     </span>
    </p>
   </div>
   <div class='ocr_carea' id='block_1_74' title="bbox 2212 3772 3820 3859">
    <p class='ocr_par' dir='ltr' id='par_1_74' title="bbox 2212 3772 3820 3854">
     <span class='ocr_line' id='line_1_76' title="bbox 2212 3772 3820 3854; baseline 0.004 -27"><span class='ocrx_word' id='word_1_538' title='bbox 2212 3773 2475 3838; x_wconf 77' lang='grc' dir='ltr'>ιλεύοντος</span> <span class='ocrx_word' id='word_1_539' title='bbox 2525 3775 2623 3841; x_wconf 77' lang='grc' dir='ltr'>τὴν</span> <span class='ocrx_word' id='word_1_540' title='bbox 2667 3772 2956 3853; x_wconf 78' lang='grc' dir='ltr'>μοιχαλίδα</span> <span class='ocrx_word' id='word_1_541' title='bbox 3017 3773 3603 3854; x_wconf 83' lang='grc' dir='ltr'>παραδειγματίζεσθαι,</span> <span class='ocrx_word' id='word_1_542' title='bbox 3662 3800 3820 3837; x_wconf 84' lang='grc' dir='ltr'>τουτ-</span> 
     </span>
    </p>
   </div>
   <div class='ocr_carea' id='block_1_75' title="bbox 443 3860 2051 3951">
    <p class='ocr_par' dir='ltr' id='par_1_75' title="bbox 443 3864 2051 3951">
     <span class='ocr_line' id='line_1_77' title="bbox 443 3864 2051 3951; baseline 0.006 -28"><span class='ocrx_word' id='word_1_543' title='bbox 443 3872 499 3924; x_wconf 91' lang='lat' dir='ltr'><strong>et</strong></span> <span class='ocrx_word' id='word_1_544' title='bbox 534 3864 765 3943; x_wconf 88' lang='lat' dir='ltr'><strong>punire,</strong></span> <span class='ocrx_word' id='word_1_545' title='bbox 801 3865 929 3946; x_wconf 87' lang='lat' dir='ltr'><strong>ipse</strong></span> <span class='ocrx_word' id='word_1_546' title='bbox 958 3876 1151 3927; x_wconf 84' lang='lat' dir='ltr'><strong>autem</strong></span> <span class='ocrx_word' id='word_1_547' title='bbox 1185 3868 1643 3930; x_wconf 89' lang='lat' dir='ltr'><strong>adumbraturus</strong></span> <span class='ocrx_word' id='word_1_548' title='bbox 1664 3882 1993 3951; x_wconf 75' lang='lat' dir='ltr'><strong>peccatum,</strong></span> <span class='ocrx_word' id='word_1_549' title='bbox 2029 3891 2051 3933; x_wconf 84' lang='grc' dir='ltr'><strong>ε</strong></span> 
     </span>
    </p>
   </div>
   <div class='ocr_carea' id='block_1_76' title="bbox 2217 3860 3825 3951">
    <p class='ocr_par' dir='ltr' id='par_1_76' title="bbox 2217 3864 3825 3943">
     <span class='ocr_line' id='line_1_78' title="bbox 2217 3864 3825 3943; baseline 0.006 -29"><span class='ocrx_word' id='word_1_550' title='bbox 2217 3883 2306 3931; x_wconf 70' lang='grc' dir='ltr'>ττι,</span> <span class='ocrx_word' id='word_1_551' title='bbox 2395 3868 2736 3943; x_wconf 73' lang='grc' dir='ltr'>φανεροῦσθαι</span> <span class='ocrx_word' id='word_1_552' title='bbox 2818 3866 2905 3920; x_wconf 85' lang='grc' dir='ltr'><strong>καὶ</strong></span> <span class='ocrx_word' id='word_1_553' title='bbox 2988 3864 3321 3936; x_wconf 79' lang='grc' dir='ltr'>κολάζεσθαι,</span> <span class='ocrx_word' id='word_1_554' title='bbox 3412 3868 3567 3933; x_wconf 74' lang='grc' dir='ltr'>αὖτὸς</span> <span class='ocrx_word' id='word_1_555' title='bbox 3635 3865 3825 3939; x_wconf 72' lang='grc' dir='ltr'>ἔμελλε</span> 
     </span>
    </p>
   </div>
   <div class='ocr_carea' id='block_1_77' title="bbox 441 3951 2049 4034">
    <p class='ocr_par' dir='ltr' id='par_1_77' title="bbox 441 3953 2038 4034">
     <span class='ocr_line' id='line_1_79' title="bbox 441 3953 2038 4034; baseline 0.006 -21"><span class='ocrx_word' id='word_1_556' title='bbox 441 3953 931 4033; x_wconf 68' lang='grc' dir='ltr'>ρνωνιιι-ἱοδιυτυε</span> <span class='ocrx_word' id='word_1_557' title='bbox 980 3955 1196 4034; x_wconf 86' lang='lat' dir='ltr'><strong>legem,</strong></span> <span class='ocrx_word' id='word_1_558' title='bbox 1256 3975 1384 4018; x_wconf 90' lang='lat' dir='ltr'><strong>eam</strong></span> <span class='ocrx_word' id='word_1_559' title='bbox 1439 3957 1738 4020; x_wconf 87' lang='lat' dir='ltr'><strong>dimittere</strong></span> <span class='ocrx_word' id='word_1_560' title='bbox 1788 3961 2038 4022; x_wconf 68' lang='lat' dir='ltr'><strong>voluerit</strong></span> 
     </span>
    </p>
   </div>
   <div class='ocr_carea' id='block_1_78' title="bbox 2216 3951 3824 4034">
    <p class='ocr_par' dir='ltr' id='par_1_78' title="bbox 2216 3951 3824 4032">
     <span class='ocr_line' id='line_1_80' title="bbox 2216 3951 3824 4032; baseline 0.002 -26"><span class='ocrx_word' id='word_1_561' title='bbox 2216 3952 2447 4007; x_wconf 75' lang='grc' dir='ltr'>›σκιάται</span> <span class='ocrx_word' id='word_1_562' title='bbox 2492 3974 2552 4008; x_wconf 80' lang='lat' dir='ltr'><strong>:o</strong></span> <span class='ocrx_word' id='word_1_563' title='bbox 2604 3953 2917 4031; x_wconf 73' lang='grc' dir='ltr'>ἁμάρτημα,</span> <span class='ocrx_word' id='word_1_564' title='bbox 2970 3955 3059 4010; x_wconf 85' lang='grc' dir='ltr'><strong>καὶ</strong></span> <span class='ocrx_word' id='word_1_565' title='bbox 3116 3951 3416 4032; x_wconf 80' lang='grc' dir='ltr'>παραϐῆναι</span> <span class='ocrx_word' id='word_1_566' title='bbox 3475 3956 3565 4012; x_wconf 82' lang='grc' dir='ltr'>τὸν</span> <span class='ocrx_word' id='word_1_567' title='bbox 3614 3956 3824 4031; x_wconf 78' lang='grc' dir='ltr'>νόμον;</span> 
     </span>
    </p>
   </div>
   <div class='ocr_carea' id='block_1_79' title="bbox 443 4041 2051 4131">
    <p class='ocr_par' dir='ltr' id='par_1_79' title="bbox 443 4042 2051 4131">
     <span class='ocr_line' id='line_1_81' title="bbox 443 4042 2051 4131; baseline 0.003 -26"><span class='ocrx_word' id='word_1_568' title='bbox 443 4042 699 4105; x_wconf 75' lang='lat' dir='ltr'><strong>Solvitur</strong></span> <span class='ocrx_word' id='word_1_569' title='bbox 729 4053 926 4105; x_wconf 75' lang='lat' dir='ltr'><strong>autem</strong></span> <span class='ocrx_word' id='word_1_570' title='bbox 962 4044 1359 4125; x_wconf 85' lang='lat' dir='ltr'><strong>hoc,primum</strong></span> <span class='ocrx_word' id='word_1_571' title='bbox 1392 4047 1822 4129; x_wconf 75' lang='lat' dir='ltr'><strong>quidemquod</strong></span> <span class='ocrx_word' id='word_1_572' title='bbox 1852 4060 2051 4131; x_wconf 75' lang='lat' dir='ltr'><strong>propte</strong></span> 
     </span>
    </p>
   </div>
   <div class='ocr_carea' id='block_1_80' title="bbox 2220 4041 3828 4131">
    <p class='ocr_par' dir='ltr' id='par_1_80' title="bbox 2221 4041 3828 4122">
     <span class='ocr_line' id='line_1_82' title="bbox 2221 4041 3828 4122; baseline 0.004 -27"><span class='ocrx_word' id='word_1_573' title='bbox 2221 4041 2363 4097; x_wconf 85' lang='grc' dir='ltr'>ύεται</span> <span class='ocrx_word' id='word_1_574' title='bbox 2426 4041 2479 4097; x_wconf 72' lang='grc' dir='ltr'>δὲ</span> <span class='ocrx_word' id='word_1_575' title='bbox 2526 4050 2705 4121; x_wconf 73' lang='grc' dir='ltr'>τοῦτο,</span> <span class='ocrx_word' id='word_1_576' title='bbox 2756 4048 2964 4122; x_wconf 80' lang='grc' dir='ltr'>πρῶτον</span> <span class='ocrx_word' id='word_1_577' title='bbox 3023 4043 3123 4118; x_wconf 78' lang='grc' dir='ltr'>μὲν</span> <span class='ocrx_word' id='word_1_578' title='bbox 3168 4041 3248 4099; x_wconf 78' lang='grc' dir='ltr'><strong>ὅτι</strong></span> <span class='ocrx_word' id='word_1_579' title='bbox 3298 4041 3367 4099; x_wconf 86' lang='grc' dir='ltr'>δι’</span> <span class='ocrx_word' id='word_1_580' title='bbox 3400 4045 3527 4102; x_wconf 68' lang='grc' dir='ltr'>αὐτὸ</span> <span class='ocrx_word' id='word_1_581' title='bbox 3556 4047 3712 4103; x_wconf 85' lang='grc' dir='ltr'>τοῦτο</span> <span class='ocrx_word' id='word_1_582' title='bbox 3741 4043 3828 4101; x_wconf 78' lang='grc' dir='ltr'>δί-</span> 
     </span>
    </p>
   </div>
   <div class='ocr_carea' id='block_1_81' title="bbox 444 4128 2052 4215">
    <p class='ocr_par' dir='ltr' id='par_1_81' title="bbox 444 4128 2052 4214">
     <span class='ocr_line' id='line_1_83' title="bbox 444 4128 2052 4214; baseline 0.006 -22"><span class='ocrx_word' id='word_1_583' title='bbox 444 4132 553 4193; x_wconf 90' lang='lat' dir='ltr'><strong>hoc</strong></span> <span class='ocrx_word' id='word_1_584' title='bbox 586 4132 779 4212; x_wconf 91' lang='lat' dir='ltr'><strong>ipsum</strong></span> <span class='ocrx_word' id='word_1_585' title='bbox 806 4134 1001 4213; x_wconf 87' lang='lat' dir='ltr'><strong>justus</strong></span> <span class='ocrx_word' id='word_1_586' title='bbox 1024 4149 1174 4214; x_wconf 68' lang='lat' dir='ltr'><strong>erat,</strong></span> <span class='ocrx_word' id='word_1_587' title='bbox 1202 4134 1441 4197; x_wconf 88' lang='lat' dir='ltr'><strong>nolebat</strong></span> <span class='ocrx_word' id='word_1_588' title='bbox 1473 4137 1630 4197; x_wconf 73' lang='lat' dir='ltr'><strong>enim</strong></span> <span class='ocrx_word' id='word_1_589' title='bbox 1655 4128 1917 4199; x_wconf 86' lang='lat' dir='ltr'><strong>crudelis</strong></span> <span class='ocrx_word' id='word_1_590' title='bbox 1935 4128 2052 4202; x_wconf 66' lang='lat' dir='ltr'><strong>esse</strong></span> 
     </span>
    </p>
   </div>
   <div class='ocr_carea' id='block_1_82' title="bbox 2182 4128 3790 4215">
    <p class='ocr_par' dir='ltr' id='par_1_82' title="bbox 2182 4128 3790 4215">
     <span class='ocr_line' id='line_1_84' title="bbox 2182 4128 3790 4215; baseline 0.004 -30"><span class='ocrx_word' id='word_1_591' title='bbox 2182 4150 2323 4192; x_wconf 75' lang='grc' dir='ltr'>καιος</span> <span class='ocrx_word' id='word_1_592' title='bbox 2367 4132 2455 4197; x_wconf 76' lang='grc' dir='ltr'>ἦν,</span> <span class='ocrx_word' id='word_1_593' title='bbox 2506 4131 2576 4189; x_wconf 65' lang='lat'><strong>0’)</strong></span> <span class='ocrx_word' id='word_1_594' title='bbox 2621 4134 2720 4209; x_wconf 76' lang='grc' dir='ltr'>γὰρ</span> <span class='ocrx_word' id='word_1_595' title='bbox 2747 4128 2991 4188; x_wconf 78' lang='grc' dir='ltr'>ἐϐούλετο</span> <span class='ocrx_word' id='word_1_596' title='bbox 3018 4132 3233 4199; x_wconf 78' lang='grc' dir='ltr'>ἀπηνὴς</span> <span class='ocrx_word' id='word_1_597' title='bbox 3289 4133 3456 4206; x_wconf 79' lang='grc' dir='ltr'>εἶναι,</span> <span class='ocrx_word' id='word_1_598' title='bbox 3510 4132 3627 4190; x_wconf 77' lang='grc' dir='ltr'>ἀλλ’</span> <span class='ocrx_word' id='word_1_599' title='bbox 3673 4133 3790 4215; x_wconf 74' lang='grc' dir='ltr'>ἐφιλ</span> 
     </span>
    </p>
   </div>
   <div class='ocr_carea' id='block_1_83' title="bbox 446 4218 2054 4308">
    <p class='ocr_par' dir='ltr' id='par_1_83' title="bbox 446 4220 2054 4308">
     <span class='ocr_line' id='line_1_85' title="bbox 446 4220 2054 4308; baseline 0.006 -26"><span class='ocrx_word' id='word_1_600' title='bbox 446 4220 551 4282; x_wconf 87' lang='lat' dir='ltr'><strong>sed</strong></span> <span class='ocrx_word' id='word_1_601' title='bbox 586 4240 706 4301; x_wconf 64' lang='lat' dir='ltr'><strong>pra;</strong></span> <span class='ocrx_word' id='word_1_602' title='bbox 739 4223 922 4283; x_wconf 88' lang='lat' dir='ltr'><strong>multa</strong></span> <span class='ocrx_word' id='word_1_603' title='bbox 946 4222 1331 4303; x_wconf 86' lang='lat' dir='ltr'><strong>benign-tate,</strong></span> <span class='ocrx_word' id='word_1_604' title='bbox 1363 4224 1772 4287; x_wconf 87' lang='lat' dir='ltr'><strong>misericordia</strong></span> <span class='ocrx_word' id='word_1_605' title='bbox 1803 4246 1931 4288; x_wconf 89' lang='lat' dir='ltr'><strong>eam</strong></span> <span class='ocrx_word' id='word_1_606' title='bbox 1966 4248 2054 4308; x_wconf 76' lang='grc' dir='ltr'>ρι’(</span> 
     </span>
    </p>
   </div>
   <div class='ocr_carea' id='block_1_84' title="bbox 2222 4218 3830 4308">
    <p class='ocr_par' dir='ltr' id='par_1_84' title="bbox 2222 4218 3830 4303">
     <span class='ocr_line' id='line_1_86' title="bbox 2222 4218 3830 4303; baseline 0.001 -28"><span class='ocrx_word' id='word_1_607' title='bbox 2222 4221 2540 4296; x_wconf 58' lang='grc' dir='ltr'>ιιθρωπεύετο</span> <span class='ocrx_word' id='word_1_608' title='bbox 2619 4220 2723 4276; x_wconf 79' lang='grc' dir='ltr'><strong>ἀπὸ</strong></span> <span class='ocrx_word' id='word_1_609' title='bbox 2812 4218 3019 4288; x_wconf 82' lang='grc' dir='ltr'>πολλῆς</span> <span class='ocrx_word' id='word_1_610' title='bbox 3106 4223 3500 4301; x_wconf 75' lang='grc' dir='ltr'>χρηστότητος,</span> <span class='ocrx_word' id='word_1_611' title='bbox 3569 4223 3830 4303; x_wconf 78' lang='grc' dir='ltr'>ἀνώτερον</span> 
     </span>
    </p>
   </div>
   <div class='ocr_carea' id='block_1_85' title="bbox 443 4307 2051 4397">
    <p class='ocr_par' dir='ltr' id='par_1_85' title="bbox 443 4310 2051 4397">
     <span class='ocr_line' id='line_1_87' title="bbox 443 4310 2051 4397; baseline 0.004 -26"><span class='ocrx_word' id='word_1_612' title='bbox 443 4310 824 4392; x_wconf 81' lang='lat' dir='ltr'><strong>sequebatur,</strong></span> <span class='ocrx_word' id='word_1_613' title='bbox 862 4314 1185 4375; x_wconf 87' lang='lat' dir='ltr'><strong>ostendens</strong></span> <span class='ocrx_word' id='word_1_614' title='bbox 1214 4333 1279 4375; x_wconf 92' lang='lat' dir='ltr'><strong>se</strong></span> <span class='ocrx_word' id='word_1_615' title='bbox 1310 4314 1679 4393; x_wconf 88' lang='lat' dir='ltr'><strong>superiorem</strong></span> <span class='ocrx_word' id='word_1_616' title='bbox 1714 4317 1863 4396; x_wconf 81' lang='lat' dir='ltr'><strong>lege.</strong></span> <span class='ocrx_word' id='word_1_617' title='bbox 1886 4326 1945 4379; x_wconf 92' lang='lat' dir='ltr'><strong>et</strong></span> <span class='ocrx_word' id='word_1_618' title='bbox 1966 4319 2051 4397; x_wconf 77' lang='lat' dir='ltr'><strong>jar</strong></span> 
     </span>
    </p>
   </div>
   <div class='ocr_carea' id='block_1_86' title="bbox 2217 4307 3825 4397">
    <p class='ocr_par' dir='ltr' id='par_1_86' title="bbox 2217 4307 3825 4391">
     <span class='ocr_line' id='line_1_88' title="bbox 2217 4307 3825 4391; baseline 0.003 -27"><span class='ocrx_word' id='word_1_619' title='bbox 2217 4315 2268 4364; x_wconf 80' lang='grc' dir='ltr'>οῦ</span> <span class='ocrx_word' id='word_1_620' title='bbox 2325 4310 2487 4385; x_wconf 83' lang='grc' dir='ltr'>νόμου</span> <span class='ocrx_word' id='word_1_621' title='bbox 2540 4311 2724 4366; x_wconf 72' lang='grc' dir='ltr'>ἑαυτὸν</span> <span class='ocrx_word' id='word_1_622' title='bbox 2783 4307 3053 4384; x_wconf 75' lang='grc' dir='ltr'>δεικνύων,</span> <span class='ocrx_word' id='word_1_623' title='bbox 3114 4311 3203 4367; x_wconf 88' lang='grc' dir='ltr'><strong>καὶ</strong></span> <span class='ocrx_word' id='word_1_624' title='bbox 3282 4308 3385 4377; x_wconf 72' lang='grc' dir='ltr'>ἤδη</span> <span class='ocrx_word' id='word_1_625' title='bbox 3440 4311 3571 4391; x_wconf 73' lang='grc' dir='ltr'>ὑπὲρ</span> <span class='ocrx_word' id='word_1_626' title='bbox 3629 4313 3689 4369; x_wconf 81' lang='grc' dir='ltr'>τὺ</span> <span class='ocrx_word' id='word_1_627' title='bbox 3731 4335 3825 4368; x_wconf 84' lang='grc' dir='ltr'><strong>νο-</strong></span> 
     </span>
    </p>
   </div>
   <div class='ocr_carea' id='block_1_87' title="bbox 445 4389 2053 4487">
    <p class='ocr_par' dir='ltr' id='par_1_87' title="bbox 445 4389 2053 4487">
     <span class='ocr_line' id='line_1_89' title="bbox 445 4389 2053 4487; baseline 0.006 -28"><span class='ocrx_word' id='word_1_628' title='bbox 445 4389 625 4481; x_wconf 84' lang='lat' dir='ltr'><strong>super</strong></span> <span class='ocrx_word' id='word_1_629' title='bbox 655 4400 865 4479; x_wconf 89' lang='lat' dir='ltr'><strong>legalia</strong></span> <span class='ocrx_word' id='word_1_630' title='bbox 912 4403 1189 4464; x_wconf 85' lang='lat' dir='ltr'><strong>mandata</strong></span> <span class='ocrx_word' id='word_1_631' title='bbox 1239 4389 1555 4465; x_wconf 81' lang='lat' dir='ltr'><strong>viventem.</strong></span> <span class='ocrx_word' id='word_1_632' title='bbox 1610 4389 1833 4467; x_wconf 82' lang='lat' dir='ltr'><strong>Deinde</strong></span> <span class='ocrx_word' id='word_1_633' title='bbox 1869 4389 2053 4487; x_wconf 71' lang='lat' dir='ltr'><strong>quiat</strong></span> 
     </span>
    </p>
   </div>
   <div class='ocr_carea' id='block_1_88' title="bbox 2218 4389 3826 4487">
    <p class='ocr_par' dir='ltr' id='par_1_88' title="bbox 2222 4389 3826 4479">
     <span class='ocr_line' id='line_1_90' title="bbox 2222 4389 3826 4479; baseline 0.002 -25"><span class='ocrx_word' id='word_1_634' title='bbox 2222 4399 2307 4454; x_wconf 74' lang='grc' dir='ltr'><strong>ικα</strong></span> <span class='ocrx_word' id='word_1_635' title='bbox 2352 4398 2654 4473; x_wconf 65' lang='grc' dir='ltr'>ἐνταλματα</span> <span class='ocrx_word' id='word_1_636' title='bbox 2706 4404 2830 4469; x_wconf 79' lang='grc' dir='ltr'>ζῶν.</span> <span class='ocrx_word' id='word_1_637' title='bbox 2881 4389 3142 4479; x_wconf 58' lang='lat' dir='ltr'><strong>&quot;limum,</strong></span> <span class='ocrx_word' id='word_1_638' title='bbox 3202 4398 3282 4455; x_wconf 84' lang='grc' dir='ltr'><strong>ὅτι</strong></span> <span class='ocrx_word' id='word_1_639' title='bbox 3346 4400 3433 4455; x_wconf 86' lang='grc' dir='ltr'>καὶ</span> <span class='ocrx_word' id='word_1_640' title='bbox 3489 4401 3643 4465; x_wconf 72' lang='grc' dir='ltr'>αὗτὸς</span> <span class='ocrx_word' id='word_1_641' title='bbox 3688 4399 3826 4479; x_wconf 81' lang='grc' dir='ltr'>ἔγνω</span> 
     </span>
    </p>
   </div>
   <div class='ocr_carea' id='block_1_89' title="bbox 441 4485 2049 4577">
    <p class='ocr_par' dir='ltr' id='par_1_89' title="bbox 441 4485 2049 4575">
     <span class='ocr_line' id='line_1_91' title="bbox 441 4485 2049 4575; baseline 0.004 -26"><span class='ocrx_word' id='word_1_642' title='bbox 441 4488 572 4570; x_wconf 88' lang='lat' dir='ltr'><strong>ipse</strong></span> <span class='ocrx_word' id='word_1_643' title='bbox 602 4492 873 4569; x_wconf 85' lang='lat' dir='ltr'><strong>cognovit</strong></span> <span class='ocrx_word' id='word_1_644' title='bbox 901 4491 975 4552; x_wconf 91' lang='lat' dir='ltr'><strong>de</strong></span> <span class='ocrx_word' id='word_1_645' title='bbox 1006 4490 1224 4572; x_wconf 87' lang='lat' dir='ltr'><strong>Spiritu</strong></span> <span class='ocrx_word' id='word_1_646' title='bbox 1257 4502 1457 4554; x_wconf 88' lang='lat' dir='ltr'><strong>sancto</strong></span> <span class='ocrx_word' id='word_1_647' title='bbox 1485 4494 1529 4553; x_wconf 84' lang='lat'><strong>8</strong></span> <span class='ocrx_word' id='word_1_648' title='bbox 1559 4512 1687 4556; x_wconf 88' lang='lat' dir='ltr'><strong>eam</strong></span> <span class='ocrx_word' id='word_1_649' title='bbox 1718 4485 2049 4575; x_wconf 67' lang='lat' dir='ltr'><strong>concepisse</strong></span> 
     </span>
    </p>
   </div>
   <div class='ocr_carea' id='block_1_90' title="bbox 2217 4485 3825 4577">
    <p class='ocr_par' dir='ltr' id='par_1_90' title="bbox 2217 4485 3825 4565">
     <span class='ocr_line' id='line_1_92' title="bbox 2217 4485 3825 4565; baseline 0.003 -25"><span class='ocrx_word' id='word_1_650' title='bbox 2217 4508 2250 4549; x_wconf 63' lang='grc' dir='ltr'><strong>ις</strong></span> <span class='ocrx_word' id='word_1_651' title='bbox 2318 4487 2423 4543; x_wconf 79' lang='grc' dir='ltr'><strong>ἀπὸ</strong></span> <span class='ocrx_word' id='word_1_652' title='bbox 2480 4488 2783 4562; x_wconf 82' lang='grc' dir='ltr'>Πνεύματος</span> <span class='ocrx_word' id='word_1_653' title='bbox 2848 4487 2997 4565; x_wconf 84' lang='grc' dir='ltr'>ἁγίου</span> <span class='ocrx_word' id='word_1_654' title='bbox 3068 4485 3342 4562; x_wconf 83' lang='grc' dir='ltr'>συνέλαϐε,</span> <span class='ocrx_word' id='word_1_655' title='bbox 3388 4490 3476 4544; x_wconf 86' lang='grc' dir='ltr'><strong>καὶ</strong></span> <span class='ocrx_word' id='word_1_656' title='bbox 3530 4486 3614 4545; x_wconf 78' lang='grc' dir='ltr'><strong>διὰ</strong></span> <span class='ocrx_word' id='word_1_657' title='bbox 3670 4499 3825 4549; x_wconf 84' lang='grc' dir='ltr'>τοῦτο</span> 
     </span>
    </p>
   </div>
   <div class='ocr_carea' id='block_1_91' title="bbox 446 4576 2054 4665">
    <p class='ocr_par' dir='ltr' id='par_1_91' title="bbox 446 4581 2054 4665">
     <span class='ocr_line' id='line_1_93' title="bbox 446 4581 2054 4665; baseline 0.004 -26"><span class='ocrx_word' id='word_1_658' title='bbox 446 4588 760 4660; x_wconf 77' lang='lat' dir='ltr'><strong>propterea</strong></span> <span class='ocrx_word' id='word_1_659' title='bbox 796 4581 984 4643; x_wconf 91' lang='lat' dir='ltr'><strong>noluit</strong></span> <span class='ocrx_word' id='word_1_660' title='bbox 1014 4581 1325 4643; x_wconf 88' lang='lat' dir='ltr'><strong>traducere</strong></span> <span class='ocrx_word' id='word_1_661' title='bbox 1368 4597 1428 4644; x_wconf 90' lang='lat' dir='ltr'><strong>et</strong></span> <span class='ocrx_word' id='word_1_662' title='bbox 1458 4584 1727 4663; x_wconf 77' lang='lat' dir='ltr'><strong>aﬂligere</strong></span> <span class='ocrx_word' id='word_1_663' title='bbox 1759 4604 1912 4656; x_wconf 87' lang='lat' dir='ltr'><strong>eam,</strong></span> <span class='ocrx_word' id='word_1_664' title='bbox 1960 4604 2054 4665; x_wconf 82' lang='lat' dir='ltr'><strong>qu:</strong></span> 
     </span>
    </p>
   </div>
   <div class='ocr_carea' id='block_1_92' title="bbox 2219 4576 3827 4665">
    <p class='ocr_par' dir='ltr' id='par_1_92' title="bbox 2219 4576 3827 4657">
     <span class='ocr_line' id='line_1_94' title="bbox 2219 4576 3827 4657; baseline 0.004 -28"><span class='ocrx_word' id='word_1_665' title='bbox 2219 4578 2267 4629; x_wconf 65' lang='lat' dir='ltr'><strong>’m</strong></span> <span class='ocrx_word' id='word_1_666' title='bbox 2294 4576 2520 4644; x_wconf 77' lang='grc' dir='ltr'>ἠθέλησε</span> <span class='ocrx_word' id='word_1_667' title='bbox 2556 4578 2651 4645; x_wconf 76' lang='grc' dir='ltr'>τὴν</span> <span class='ocrx_word' id='word_1_668' title='bbox 2710 4578 2816 4634; x_wconf 80' lang='grc' dir='ltr'><strong>ἀπὸ</strong></span> <span class='ocrx_word' id='word_1_669' title='bbox 2868 4586 2959 4633; x_wconf 87' lang='grc' dir='ltr'><strong>τοῦ</strong></span> <span class='ocrx_word' id='word_1_670' title='bbox 3015 4578 3164 4657; x_wconf 78' lang='grc' dir='ltr'>ἁγίου</span> <span class='ocrx_word' id='word_1_671' title='bbox 3208 4579 3535 4655; x_wconf 80' lang='grc' dir='ltr'>υνεύματος,</span> <span class='ocrx_word' id='word_1_672' title='bbox 3587 4580 3675 4635; x_wconf 85' lang='grc' dir='ltr'><strong>καὶ</strong></span> <span class='ocrx_word' id='word_1_673' title='bbox 3731 4583 3827 4637; x_wconf 65' lang='grc' dir='ltr'>οὒκ</span> 
     </span>
    </p>
   </div>
   <div class='ocr_carea' id='block_1_93' title="bbox 448 4663 2056 4754">
    <p class='ocr_par' dir='ltr' id='par_1_93' title="bbox 448 4663 2056 4754">
     <span class='ocr_line' id='line_1_95' title="bbox 448 4663 2056 4754; baseline 0.001 -24"><span class='ocrx_word' id='word_1_674' title='bbox 448 4668 522 4730; x_wconf 90' lang='lat' dir='ltr'><strong>de</strong></span> <span class='ocrx_word' id='word_1_675' title='bbox 567 4668 790 4750; x_wconf 89' lang='lat' dir='ltr'><strong>Spiritu</strong></span> <span class='ocrx_word' id='word_1_676' title='bbox 822 4681 1049 4744; x_wconf 88' lang='lat' dir='ltr'><strong>sancto,</strong></span> <span class='ocrx_word' id='word_1_677' title='bbox 1098 4690 1216 4733; x_wconf 92' lang='lat' dir='ltr'><strong>non</strong></span> <span class='ocrx_word' id='word_1_678' title='bbox 1251 4690 1316 4733; x_wconf 86' lang='lat' dir='ltr'><strong>ex</strong></span> <span class='ocrx_word' id='word_1_679' title='bbox 1369 4672 1669 4746; x_wconf 83' lang='lat' dir='ltr'><strong>adultero,</strong></span> <span class='ocrx_word' id='word_1_680' title='bbox 1712 4663 2056 4754; x_wconf 75' lang='lat' dir='ltr'><strong>conceperat</strong></span> 
     </span>
    </p>
   </div>
   <div class='ocr_carea' id='block_1_94' title="bbox 2219 4663 3827 4754">
    <p class='ocr_par' dir='ltr' id='par_1_94' title="bbox 2219 4663 3827 4747">
     <span class='ocr_line' id='line_1_96' title="bbox 2219 4663 3827 4747; baseline 0.002 -26"><span class='ocrx_word' id='word_1_681' title='bbox 2219 4666 2282 4721; x_wconf 82' lang='grc' dir='ltr'>πὸ</span> <span class='ocrx_word' id='word_1_682' title='bbox 2337 4674 2559 4747; x_wconf 78' lang='grc' dir='ltr'>μοιχοῦ,</span> <span class='ocrx_word' id='word_1_683' title='bbox 2636 4663 2997 4724; x_wconf 88' lang='grc' dir='ltr'>συλλαϐοῦσαν</span> <span class='ocrx_word' id='word_1_684' title='bbox 3054 4665 3531 4747; x_wconf 73' lang='grc' dir='ltr'>παραδειγματισαι</span> <span class='ocrx_word' id='word_1_685' title='bbox 3588 4669 3673 4724; x_wconf 83' lang='grc' dir='ltr'>καὶ</span> <span class='ocrx_word' id='word_1_686' title='bbox 3728 4692 3827 4725; x_wconf 80' lang='grc' dir='ltr'><strong>καο</strong></span> 
     </span>
    </p>
   </div>
   <div class='ocr_carea' id='block_1_95' title="bbox 449 4753 2057 4844">
    <p class='ocr_par' dir='ltr' id='par_1_95' title="bbox 449 4753 2050 4844">
     <span class='ocr_line' id='line_1_97' title="bbox 449 4753 2050 4844; baseline 0.002 -23"><span class='ocrx_word' id='word_1_687' title='bbox 449 4755 599 4821; x_wconf 83' lang='lat' dir='ltr'><strong>Vide</strong></span> <span class='ocrx_word' id='word_1_688' title='bbox 631 4762 791 4821; x_wconf 87' lang='lat' dir='ltr'><strong>enim</strong></span> <span class='ocrx_word' id='word_1_689' title='bbox 825 4762 961 4842; x_wconf 80' lang='lat' dir='ltr'><strong>quid</strong></span> <span class='ocrx_word' id='word_1_690' title='bbox 1004 4763 1183 4839; x_wconf 87' lang='lat' dir='ltr'><strong>dicat,</strong></span> <span class='ocrx_word' id='word_1_691' title='bbox 1218 4762 1497 4844; x_wconf 90' lang='lat' dir='ltr'><strong>quoniam</strong></span> <span class='ocrx_word' id='word_1_692' title='bbox 1542 4789 1567 4818; x_wconf 76' lang='grc' dir='ltr'>ι</span> <span class='ocrx_word' id='word_1_693' title='bbox 1620 4768 1860 4826; x_wconf 83' lang='lat' dir='ltr'><strong>inventa</strong></span> <span class='ocrx_word' id='word_1_694' title='bbox 1897 4753 1987 4823; x_wconf 88' lang='lat' dir='ltr'><strong>est</strong></span> <span class='ocrx_word' id='word_1_695' title='bbox 2030 4763 2050 4825; x_wconf 90' lang='lat' dir='ltr'><strong>i</strong></span> 
     </span>
    </p>
   </div>
   <div class='ocr_carea' id='block_1_96' title="bbox 2217 4753 3825 4844">
    <p class='ocr_par' dir='ltr' id='par_1_96' title="bbox 2217 4753 3825 4844">
     <span class='ocr_line' id='line_1_98' title="bbox 2217 4753 3825 4844; baseline 0.001 -33"><span class='ocrx_word' id='word_1_696' title='bbox 2217 4762 2367 4829; x_wconf 74' lang='grc' dir='ltr'>ὦσαι,</span> <span class='ocrx_word' id='word_1_697' title='bbox 2416 4756 2509 4835; x_wconf 84' lang='grc' dir='ltr'><strong>ὅρα</strong></span> <span class='ocrx_word' id='word_1_698' title='bbox 2562 4757 2661 4835; x_wconf 76' lang='grc' dir='ltr'><strong>γαρ</strong></span> <span class='ocrx_word' id='word_1_699' title='bbox 2690 4753 2746 4811; x_wconf 79' lang='grc' dir='ltr'><strong>τί</strong></span> <span class='ocrx_word' id='word_1_700' title='bbox 2777 4771 2983 4844; x_wconf 58' lang='grc' dir='ltr'>φησινξ</span> <span class='ocrx_word' id='word_1_701' title='bbox 3040 4778 3066 4809; x_wconf 79' lang='grc' dir='ltr'><strong>ε</strong></span> <span class='ocrx_word' id='word_1_702' title='bbox 3123 4755 3318 4835; x_wconf 74' lang='grc' dir='ltr'>Εὐρέθη</span> <span class='ocrx_word' id='word_1_703' title='bbox 3363 4755 3416 4812; x_wconf 81' lang='grc' dir='ltr'>ἐν</span> <span class='ocrx_word' id='word_1_704' title='bbox 3446 4758 3629 4844; x_wconf 80' lang='grc' dir='ltr'>γαστρὶ</span> <span class='ocrx_word' id='word_1_705' title='bbox 3660 4755 3825 4837; x_wconf 72' lang='grc' dir='ltr'>έχου-</span> 
     </span>
    </p>
   </div>
   <div class='ocr_carea' id='block_1_97' title="bbox 450 4842 2058 4931">
    <p class='ocr_par' dir='ltr' id='par_1_97' title="bbox 450 4842 2056 4931">
     <span class='ocr_line' id='line_1_99' title="bbox 450 4842 2056 4931; baseline 0.004 -25"><span class='ocrx_word' id='word_1_706' title='bbox 450 4855 619 4908; x_wconf 87' lang='lat' dir='ltr'><strong>utero</strong></span> <span class='ocrx_word' id='word_1_707' title='bbox 652 4848 898 4912; x_wconf 85' lang='lat' dir='ltr'><strong>habens.</strong></span> <span class='ocrx_word' id='word_1_708' title='bbox 940 4875 959 4906; x_wconf 76' lang='grc' dir='ltr'><strong>ο</strong></span> <span class='ocrx_word' id='word_1_709' title='bbox 990 4852 1037 4914; x_wconf 83' lang='grc' dir='ltr'>Α</span> <span class='ocrx_word' id='word_1_710' title='bbox 1069 4870 1183 4931; x_wconf 91' lang='lat' dir='ltr'><strong>quo</strong></span> <span class='ocrx_word' id='word_1_711' title='bbox 1212 4842 1447 4913; x_wconf 85' lang='lat' dir='ltr'><strong>inventa</strong></span> <span class='ocrx_word' id='word_1_712' title='bbox 1478 4850 1610 4913; x_wconf 63' lang='lat' dir='ltr'><strong>ost?</strong></span> <span class='ocrx_word' id='word_1_713' title='bbox 1640 4870 1672 4912; x_wconf 92' lang='lat' dir='ltr'><strong>a</strong></span> <span class='ocrx_word' id='word_1_714' title='bbox 1699 4852 1954 4931; x_wconf 83' lang='lat' dir='ltr'><strong>Joseph;</strong></span> <span class='ocrx_word' id='word_1_715' title='bbox 1981 4851 2056 4912; x_wconf 93' lang='lat' dir='ltr'><strong>bo</strong></span> 
     </span>
    </p>
   </div>
   <div class='ocr_carea' id='block_1_98' title="bbox 2217 4842 3825 4931">
    <p class='ocr_par' dir='ltr' id='par_1_98' title="bbox 2217 4842 3825 4924">
     <span class='ocr_line' id='line_1_100' title="bbox 2217 4842 3825 4924; baseline 0.002 -24"><span class='ocrx_word' id='word_1_716' title='bbox 2217 4867 2266 4907; x_wconf 84' lang='grc' dir='ltr'><strong>α,</strong></span> <span class='ocrx_word' id='word_1_717' title='bbox 2309 4869 2332 4901; x_wconf 76' lang='grc' dir='ltr'><strong>ο</strong></span> <span class='ocrx_word' id='word_1_718' title='bbox 2372 4846 2478 4903; x_wconf 87' lang='grc' dir='ltr'>Τίνι</span> <span class='ocrx_word' id='word_1_719' title='bbox 2524 4844 2755 4924; x_wconf 73' lang='grc' dir='ltr'>εὑρέθης</span> <span class='ocrx_word' id='word_1_720' title='bbox 2819 4849 2907 4916; x_wconf 80' lang='grc' dir='ltr'><strong>Τῷ</strong></span> <span class='ocrx_word' id='word_1_721' title='bbox 2962 4843 3185 4924; x_wconf 74' lang='grc' dir='ltr'>Ἰωσὴφ,</span> <span class='ocrx_word' id='word_1_722' title='bbox 3232 4844 3499 4917; x_wconf 74' lang='grc' dir='ltr'>τουτέστι,</span> <span class='ocrx_word' id='word_1_723' title='bbox 3534 4842 3825 4923; x_wconf 77' lang='grc' dir='ltr'>διεγνώσθη</span> 
     </span>
    </p>
   </div>
   <div class='ocr_carea' id='block_1_99' title="bbox 450 4932 2058 5022">
    <p class='ocr_par' dir='ltr' id='par_1_99' title="bbox 450 4936 2053 5022">
     <span class='ocr_line' id='line_1_101' title="bbox 450 4936 2053 5022; baseline 0.003 -26"><span class='ocrx_word' id='word_1_724' title='bbox 450 4949 564 5011; x_wconf 85' lang='lat' dir='ltr'><strong>est,</strong></span> <span class='ocrx_word' id='word_1_725' title='bbox 592 4936 845 5000; x_wconf 89' lang='lat' dir='ltr'><strong>innotuit</strong></span> <span class='ocrx_word' id='word_1_726' title='bbox 868 4941 1022 5020; x_wconf 90' lang='lat' dir='ltr'><strong>quod</strong></span> <span class='ocrx_word' id='word_1_727' title='bbox 1050 4959 1117 5003; x_wconf 82' lang='lat' dir='ltr'><strong>ex</strong></span> <span class='ocrx_word' id='word_1_728' title='bbox 1142 4940 1364 5022; x_wconf 87' lang='lat' dir='ltr'><strong>Spiritu</strong></span> <span class='ocrx_word' id='word_1_729' title='bbox 1389 4950 1591 5001; x_wconf 89' lang='lat' dir='ltr'><strong>sancto</strong></span> <span class='ocrx_word' id='word_1_730' title='bbox 1623 4941 1894 5020; x_wconf 82' lang='lat' dir='ltr'><strong>concepit</strong></span> <span class='ocrx_word' id='word_1_731' title='bbox 1926 4939 2053 5003; x_wconf 91' lang='lat' dir='ltr'><strong>Und</strong></span> 
     </span>
    </p>
   </div>
   <div class='ocr_carea' id='block_1_100' title="bbox 2215 4932 3823 5022">
    <p class='ocr_par' dir='ltr' id='par_1_100' title="bbox 2215 4932 3823 5013">
     <span class='ocr_line' id='line_1_102' title="bbox 2215 4932 3823 5013; baseline -0.001 -20"><span class='ocrx_word' id='word_1_732' title='bbox 2215 4958 2252 4993; x_wconf 76' lang='grc' dir='ltr'><strong>ει</strong></span> <span class='ocrx_word' id='word_1_733' title='bbox 2308 4939 2371 4994; x_wconf 65' lang='grc' dir='ltr'><strong>εκ</strong></span> <span class='ocrx_word' id='word_1_734' title='bbox 2433 4937 2734 5011; x_wconf 85' lang='grc' dir='ltr'>[Ινεύματος</span> <span class='ocrx_word' id='word_1_735' title='bbox 2787 4934 2936 5013; x_wconf 84' lang='grc' dir='ltr'>ἁγίου</span> <span class='ocrx_word' id='word_1_736' title='bbox 2994 4932 3274 4994; x_wconf 85' lang='grc' dir='ltr'>συνέλαϐεν</span> <span class='ocrx_word' id='word_1_737' title='bbox 3311 4952 3326 4965; x_wconf 84' lang='grc'><em>’</em></span> <span class='ocrx_word' id='word_1_738' title='bbox 3381 4933 3496 4992; x_wconf 60' lang='grc' dir='ltr'>ὅθεν</span> <span class='ocrx_word' id='word_1_739' title='bbox 3548 4932 3823 5006; x_wconf 79' lang='grc' dir='ltr'>ἠϐουλήθη</span> 
     </span>
    </p>
   </div>
   <div class='ocr_carea' id='block_1_101' title="bbox 448 5022 2056 5109">
    <p class='ocr_par' dir='ltr' id='par_1_101' title="bbox 448 5024 2056 5109">
     <span class='ocr_line' id='line_1_103' title="bbox 448 5024 2056 5109; baseline 0.004 -23"><span class='ocrx_word' id='word_1_740' title='bbox 448 5024 598 5087; x_wconf 90' lang='lat' dir='ltr'><strong>clam</strong></span> <span class='ocrx_word' id='word_1_741' title='bbox 653 5027 835 5089; x_wconf 89' lang='lat' dir='ltr'><strong>voluit</strong></span> <span class='ocrx_word' id='word_1_742' title='bbox 891 5048 1022 5091; x_wconf 88' lang='lat' dir='ltr'><strong>eam</strong></span> <span class='ocrx_word' id='word_1_743' title='bbox 1089 5029 1414 5105; x_wconf 91' lang='lat' dir='ltr'><strong>dimittere,</strong></span> <span class='ocrx_word' id='word_1_744' title='bbox 1471 5029 1637 5109; x_wconf 89' lang='lat' dir='ltr'><strong>quasi</strong></span> <span class='ocrx_word' id='word_1_745' title='bbox 1696 5049 1811 5089; x_wconf 91' lang='lat' dir='ltr'><strong>non</strong></span> <span class='ocrx_word' id='word_1_746' title='bbox 1844 5031 2056 5091; x_wconf 76' lang='lat' dir='ltr'><strong>audere</strong></span> 
     </span>
    </p>
   </div>
   <div class='ocr_carea' id='block_1_102' title="bbox 2217 5022 3825 5109">
    <p class='ocr_par' dir='ltr' id='par_1_102' title="bbox 2217 5022 3825 5107">
     <span class='ocr_line' id='line_1_104' title="bbox 2217 5022 3825 5107; baseline 0.001 -25"><span class='ocrx_word' id='word_1_747' title='bbox 2217 5028 2336 5107; x_wconf 69' lang='lat' dir='ltr'><strong>ibpa</strong></span> <span class='ocrx_word' id='word_1_748' title='bbox 2388 5026 2647 5085; x_wconf 79' lang='grc' dir='ltr'>ἀπολῦσαι</span> <span class='ocrx_word' id='word_1_749' title='bbox 2707 5026 2892 5095; x_wconf 73' lang='grc' dir='ltr'>αὒτὴν,</span> <span class='ocrx_word' id='word_1_750' title='bbox 2949 5027 3020 5088; x_wconf 81' lang='grc' dir='ltr'><strong>ὡς</strong></span> <span class='ocrx_word' id='word_1_751' title='bbox 3095 5024 3155 5081; x_wconf 67' lang='grc' dir='ltr'>οὔ</span> <span class='ocrx_word' id='word_1_752' title='bbox 3210 5022 3421 5099; x_wconf 81' lang='grc' dir='ltr'>τολμῶν</span> <span class='ocrx_word' id='word_1_753' title='bbox 3464 5024 3540 5081; x_wconf 74' lang='grc' dir='ltr'>ἔτι</span> <span class='ocrx_word' id='word_1_754' title='bbox 3597 5040 3825 5104; x_wconf 73' lang='grc' dir='ltr'>γυναῖκα</span> 
     </span>
    </p>
   </div>
   <div class='ocr_carea' id='block_1_103' title="bbox 449 5113 2057 5199">
    <p class='ocr_par' dir='ltr' id='par_1_103' title="bbox 449 5113 1959 5199">
     <span class='ocr_line' id='line_1_105' title="bbox 449 5113 1959 5199; baseline 0.004 -24"><span class='ocrx_word' id='word_1_755' title='bbox 449 5113 669 5176; x_wconf 88' lang='lat' dir='ltr'><strong>habere</strong></span> <span class='ocrx_word' id='word_1_756' title='bbox 695 5136 963 5199; x_wconf 74' lang='lat' dir='ltr'><strong>uxorem,</strong></span> <span class='ocrx_word' id='word_1_757' title='bbox 992 5138 1123 5198; x_wconf 63' lang='lat' dir='ltr'><strong>quae</strong></span> <span class='ocrx_word' id='word_1_758' title='bbox 1153 5128 1369 5181; x_wconf 86' lang='lat' dir='ltr'><strong>tantam</strong></span> <span class='ocrx_word' id='word_1_759' title='bbox 1406 5120 1657 5181; x_wconf 76' lang='lat' dir='ltr'><strong>habebat</strong></span> <span class='ocrx_word' id='word_1_760' title='bbox 1686 5118 1959 5196; x_wconf 73' lang='lat' dir='ltr'><strong>gratiam.</strong></span> 
     </span>
    </p>
   </div>
   <div class='ocr_carea' id='block_1_104' title="bbox 1972 5113 3580 5199">
    <p class='ocr_par' dir='ltr' id='par_1_104' title="bbox 2174 5113 3580 5196">
     <span class='ocr_line' id='line_1_106' title="bbox 2174 5113 3580 5196; baseline -0.001 -25"><span class='ocrx_word' id='word_1_761' title='bbox 2174 5117 2342 5196; x_wconf 63' lang='grc' dir='ltr'>ἔχειν,</span> <span class='ocrx_word' id='word_1_762' title='bbox 2374 5118 2473 5184; x_wconf 73' lang='grc' dir='ltr'>τὴν</span> <span class='ocrx_word' id='word_1_763' title='bbox 2502 5120 2752 5173; x_wconf 81' lang='grc' dir='ltr'>τοσούτου</span> <span class='ocrx_word' id='word_1_764' title='bbox 2782 5113 3196 5180; x_wconf 72' lang='grc' dir='ltr'>καταξιωθεϊσαν</span> <span class='ocrx_word' id='word_1_765' title='bbox 3224 5113 3580 5193; x_wconf 81' lang='grc' dir='ltr'>χαρίσματος,</span> 
     </span>
    </p>
   </div>
   <div class='ocr_carea' id='block_1_105' title="bbox 530 5202 2138 5290">
    <p class='ocr_par' dir='ltr' id='par_1_105' title="bbox 530 5205 2088 5290">
     <span class='ocr_line' id='line_1_107' title="bbox 530 5205 2088 5290; baseline 0.002 -22"><span class='ocrx_word' id='word_1_766' title='bbox 530 5205 708 5269; x_wconf 73' lang='lat' dir='ltr'><strong>Vens.</strong></span> <span class='ocrx_word' id='word_1_767' title='bbox 757 5206 856 5269; x_wconf 74' lang='lat'><strong>20.</strong></span> <span class='ocrx_word' id='word_1_768' title='bbox 897 5232 923 5262; x_wconf 73' lang='grc' dir='ltr'><strong>ι</strong></span> <span class='ocrx_word' id='word_1_769' title='bbox 977 5207 1114 5270; x_wconf 72' lang='lat' dir='ltr'><strong>Hazc</strong></span> <span class='ocrx_word' id='word_1_770' title='bbox 1169 5217 1368 5272; x_wconf 89' lang='lat' dir='ltr'><strong>autem</strong></span> <span class='ocrx_word' id='word_1_771' title='bbox 1421 5209 1551 5290; x_wconf 91' lang='lat' dir='ltr'><strong>ipso</strong></span> <span class='ocrx_word' id='word_1_772' title='bbox 1602 5208 1914 5289; x_wconf 86' lang='lat' dir='ltr'><strong>cogitante,</strong></span> <span class='ocrx_word' id='word_1_773' title='bbox 1948 5225 2088 5271; x_wconf 75' lang='lat' dir='ltr'><strong>ecce</strong></span> 
     </span>
    </p>
   </div>
   <div class='ocr_carea' id='block_1_106' title="bbox 2214 5202 3822 5290">
    <p class='ocr_par' dir='ltr' id='par_1_106' title="bbox 2258 5202 3822 5290">
     <span class='ocr_line' id='line_1_108' title="bbox 2258 5202 3822 5290; baseline -0.001 -29"><span class='ocrx_word' id='word_1_774' title='bbox 2258 5232 2284 5261; x_wconf 81' lang='grc' dir='ltr'><strong>ιι</strong></span> <span class='ocrx_word' id='word_1_775' title='bbox 2348 5209 2523 5265; x_wconf 77' lang='grc' dir='ltr'>Ταῦτα</span> <span class='ocrx_word' id='word_1_776' title='bbox 2584 5205 2639 5262; x_wconf 73' lang='grc' dir='ltr'>δὲ</span> <span class='ocrx_word' id='word_1_777' title='bbox 2726 5209 2883 5264; x_wconf 67' lang='grc' dir='ltr'>αυτοῦ</span> <span class='ocrx_word' id='word_1_778' title='bbox 2946 5203 3344 5282; x_wconf 82' lang='grc' dir='ltr'>ἐνθυμηθέντος,</span> <span class='ocrx_word' id='word_1_779' title='bbox 3415 5202 3525 5290; x_wconf 72' lang='grc' dir='ltr'>ἰδοῦ</span> <span class='ocrx_word' id='word_1_780' title='bbox 3598 5202 3822 5283; x_wconf 81' lang='grc' dir='ltr'>ἄγγελος</span> 
     </span>
    </p>
   </div>
   <div class='ocr_carea' id='block_1_107' title="bbox 444 5284 2052 5380">
    <p class='ocr_par' dir='ltr' id='par_1_107' title="bbox 444 5284 2013 5380">
     <span class='ocr_line' id='line_1_109' title="bbox 444 5284 2013 5380; baseline 0.001 -25"><span class='ocrx_word' id='word_1_781' title='bbox 444 5294 709 5373; x_wconf 78' lang='lat' dir='ltr'><strong>Angelus</strong></span> <span class='ocrx_word' id='word_1_782' title='bbox 737 5294 976 5359; x_wconf 89' lang='lat' dir='ltr'><strong>Domini</strong></span> <span class='ocrx_word' id='word_1_783' title='bbox 1010 5297 1066 5358; x_wconf 91' lang='lat' dir='ltr'><strong>in</strong></span> <span class='ocrx_word' id='word_1_784' title='bbox 1099 5317 1307 5360; x_wconf 87' lang='lat' dir='ltr'><strong>somno</strong></span> <span class='ocrx_word' id='word_1_785' title='bbox 1359 5284 1632 5380; x_wconf 82' lang='lat' dir='ltr'><strong>apparuit</strong></span> <span class='ocrx_word' id='word_1_786' title='bbox 1663 5284 1739 5370; x_wconf 79' lang='lat' dir='ltr'><strong>ei,</strong></span> <span class='ocrx_word' id='word_1_787' title='bbox 1784 5299 2013 5359; x_wconf 89' lang='lat' dir='ltr'><strong>dicens.</strong></span> 
     </span>
    </p>
   </div>
   <div class='ocr_carea' id='block_1_108' title="bbox 2213 5284 3821 5380">
    <p class='ocr_par' dir='ltr' id='par_1_108' title="bbox 2217 5284 3821 5380">
     <span class='ocr_line' id='line_1_110' title="bbox 2217 5284 3821 5380; baseline -0.002 -27"><span class='ocrx_word' id='word_1_788' title='bbox 2217 5299 2357 5377; x_wconf 85' lang='grc' dir='ltr'>υρίου</span> <span class='ocrx_word' id='word_1_789' title='bbox 2408 5298 2529 5354; x_wconf 86' lang='grc' dir='ltr'>κατ’</span> <span class='ocrx_word' id='word_1_790' title='bbox 2569 5295 2695 5373; x_wconf 78' lang='grc' dir='ltr'>ὄναρ</span> <span class='ocrx_word' id='word_1_791' title='bbox 2745 5294 2911 5375; x_wconf 67' lang='grc' dir='ltr'>ἰιράνη</span> <span class='ocrx_word' id='word_1_792' title='bbox 2971 5293 3137 5367; x_wconf 70' lang='grc' dir='ltr'>αὖτῷ,</span> <span class='ocrx_word' id='word_1_793' title='bbox 3196 5290 3389 5370; x_wconf 84' lang='grc' dir='ltr'>λέγων·</span> <span class='ocrx_word' id='word_1_794' title='bbox 3432 5316 3456 5345; x_wconf 77' lang='grc' dir='ltr'>ι</span> <span class='ocrx_word' id='word_1_795' title='bbox 3511 5284 3648 5351; x_wconf 72' lang='grc' dir='ltr'>’Ὅτε</span> <span class='ocrx_word' id='word_1_796' title='bbox 3690 5293 3821 5361; x_wconf 70' lang='grc' dir='ltr'>ἠπό-</span> 
     </span>
    </p>
   </div>
   <div class='ocr_carea' id='block_1_109' title="bbox 448 5379 2056 5469">
    <p class='ocr_par' dir='ltr' id='par_1_109' title="bbox 448 5379 2052 5469">
     <span class='ocr_line' id='line_1_111' title="bbox 448 5379 2052 5469; baseline 0.003 -25"><span class='ocrx_word' id='word_1_797' title='bbox 448 5383 593 5445; x_wconf 89' lang='lat' dir='ltr'><strong>Cum</strong></span> <span class='ocrx_word' id='word_1_798' title='bbox 623 5394 945 5464; x_wconf 85' lang='lat' dir='ltr'><strong>angeretur</strong></span> <span class='ocrx_word' id='word_1_799' title='bbox 969 5388 1181 5467; x_wconf 87' lang='lat' dir='ltr'><strong>justus,</strong></span> <span class='ocrx_word' id='word_1_800' title='bbox 1224 5379 1470 5469; x_wconf 89' lang='lat' dir='ltr'><strong>angelus</strong></span> <span class='ocrx_word' id='word_1_801' title='bbox 1518 5388 1573 5450; x_wconf 89' lang='lat' dir='ltr'><strong>ei</strong></span> <span class='ocrx_word' id='word_1_802' title='bbox 1624 5388 1834 5461; x_wconf 84' lang='lat' dir='ltr'><strong>astitit,</strong></span> <span class='ocrx_word' id='word_1_803' title='bbox 1868 5388 2052 5449; x_wconf 87' lang='lat' dir='ltr'><strong>docen</strong></span> 
     </span>
    </p>
   </div>
   <div class='ocr_carea' id='block_1_110' title="bbox 2216 5379 3824 5469">
    <p class='ocr_par' dir='ltr' id='par_1_110' title="bbox 2216 5379 3824 5461">
     <span class='ocr_line' id='line_1_112' title="bbox 2216 5379 3824 5461; baseline -0.004 -18"><span class='ocrx_word' id='word_1_804' title='bbox 2216 5410 2245 5444; x_wconf 67' lang='lat' dir='ltr'><strong>tt</strong></span> <span class='ocrx_word' id='word_1_805' title='bbox 2302 5389 2329 5443; x_wconf 83' lang='grc' dir='ltr'><strong>ὁ</strong></span> <span class='ocrx_word' id='word_1_806' title='bbox 2404 5384 2627 5458; x_wconf 88' lang='grc' dir='ltr'>δίκαιος,</span> <span class='ocrx_word' id='word_1_807' title='bbox 2711 5384 2831 5440; x_wconf 86' lang='grc' dir='ltr'>τότε</span> <span class='ocrx_word' id='word_1_808' title='bbox 2889 5386 2917 5440; x_wconf 81' lang='grc' dir='ltr'><strong>δ</strong></span> <span class='ocrx_word' id='word_1_809' title='bbox 2996 5380 3223 5461; x_wconf 83' lang='grc' dir='ltr'>ἄγγελος</span> <span class='ocrx_word' id='word_1_810' title='bbox 3282 5380 3503 5454; x_wconf 72' lang='grc' dir='ltr'>ἐπέστη,</span> <span class='ocrx_word' id='word_1_811' title='bbox 3565 5379 3824 5440; x_wconf 72' lang='grc' dir='ltr'>διδάσκων</span> 
     </span>
    </p>
   </div>
   <div class='ocr_carea' id='block_1_111' title="bbox 448 5469 2056 5557">
    <p class='ocr_par' dir='ltr' id='par_1_111' title="bbox 448 5472 2056 5557">
     <span class='ocr_line' id='line_1_113' title="bbox 448 5472 2056 5557; baseline 0.002 -22"><span class='ocrx_word' id='word_1_812' title='bbox 448 5490 583 5535; x_wconf 91' lang='lat' dir='ltr'><strong>eum</strong></span> <span class='ocrx_word' id='word_1_813' title='bbox 614 5472 753 5555; x_wconf 91' lang='lat' dir='ltr'><strong>quid</strong></span> <span class='ocrx_word' id='word_1_814' title='bbox 786 5473 1124 5539; x_wconf 77' lang='lat' dir='ltr'><strong>faciendum</strong></span> <span class='ocrx_word' id='word_1_815' title='bbox 1155 5486 1335 5540; x_wconf 84' lang='lat' dir='ltr'><strong>esset.</strong></span> <span class='ocrx_word' id='word_1_816' title='bbox 1390 5479 1454 5542; x_wconf 91' lang='lat' dir='ltr'><strong>ln</strong></span> <span class='ocrx_word' id='word_1_817' title='bbox 1490 5496 1720 5539; x_wconf 84' lang='lat' dir='ltr'><strong>sommo</strong></span> <span class='ocrx_word' id='word_1_818' title='bbox 1748 5486 1943 5539; x_wconf 91' lang='lat' dir='ltr'><strong>autem</strong></span> <span class='ocrx_word' id='word_1_819' title='bbox 1974 5494 2056 5557; x_wconf 32' lang='lat' dir='ltr'><strong>api</strong></span> 
     </span>
    </p>
   </div>
   <div class='ocr_carea' id='block_1_112' title="bbox 2215 5469 3823 5557">
    <p class='ocr_par' dir='ltr' id='par_1_112' title="bbox 2215 5469 3823 5553">
     <span class='ocr_line' id='line_1_114' title="bbox 2215 5469 3823 5553; baseline -0.004 -17"><span class='ocrx_word' id='word_1_820' title='bbox 2215 5478 2325 5536; x_wconf 66' lang='grc' dir='ltr'>Βτὸν</span> <span class='ocrx_word' id='word_1_821' title='bbox 2376 5476 2426 5533; x_wconf 85' lang='grc' dir='ltr'><strong>τί</strong></span> <span class='ocrx_word' id='word_1_822' title='bbox 2483 5476 2722 5545; x_wconf 73' lang='grc' dir='ltr'>ποιήσοι.</span> <span class='ocrx_word' id='word_1_823' title='bbox 2773 5470 2903 5533; x_wconf 77' lang='grc' dir='ltr'>Κατ’</span> <span class='ocrx_word' id='word_1_824' title='bbox 2959 5471 3085 5551; x_wconf 75' lang='grc' dir='ltr'>ὄναρ</span> <span class='ocrx_word' id='word_1_825' title='bbox 3130 5469 3186 5528; x_wconf 78' lang='grc' dir='ltr'><strong>δὶ</strong></span> <span class='ocrx_word' id='word_1_826' title='bbox 3215 5472 3452 5553; x_wconf 70' lang='grc' dir='ltr'>φαίνεται</span> <span class='ocrx_word' id='word_1_827' title='bbox 3493 5470 3655 5546; x_wconf 78' lang='grc' dir='ltr'>αύτῷ,</span> <span class='ocrx_word' id='word_1_828' title='bbox 3688 5470 3823 5530; x_wconf 76' lang='grc' dir='ltr'>διότι</span> 
     </span>
    </p>
   </div>
   <div class='ocr_carea' id='block_1_113' title="bbox 1516 5594 2739 5669">
    <p class='ocr_par' dir='ltr' id='par_1_113' title="bbox 1516 5594 2739 5669">
     <span class='ocr_line' id='line_1_115' title="bbox 1516 5594 2739 5669; baseline 0.002 -11"><span class='ocrx_word' id='word_1_829' title='bbox 1516 5594 1597 5658; x_wconf 82' lang='lat' dir='ltr'><strong>Ex</strong></span> <span class='ocrx_word' id='word_1_830' title='bbox 1630 5595 1945 5659; x_wconf 82' lang='lat' dir='ltr'><strong>collatione</strong></span> <span class='ocrx_word' id='word_1_831' title='bbox 1975 5597 2155 5669; x_wconf 87' lang='lat' dir='ltr'><strong>codd.</strong></span> <span class='ocrx_word' id='word_1_832' title='bbox 2187 5596 2401 5661; x_wconf 88' lang='lat' dir='ltr'><strong>Venet.</strong></span> <span class='ocrx_word' id='word_1_833' title='bbox 2434 5595 2499 5661; x_wconf 91' lang='lat' dir='ltr'><strong>S.</strong></span> <span class='ocrx_word' id='word_1_834' title='bbox 2531 5596 2739 5661; x_wconf 83' lang='lat' dir='ltr'><strong>Marci.</strong></span> 
     </span>
    </p>
   </div>
   <div class='ocr_carea' id='block_1_114' title="bbox 534 5712 2142 5803">
    <p class='ocr_par' dir='ltr' id='par_1_114' title="bbox 534 5712 2142 5794">
     <span class='ocr_line' id='line_1_116' title="bbox 534 5712 2142 5794; baseline 0.003 -20"><span class='ocrx_word' id='word_1_835' title='bbox 534 5713 551 5787; x_wconf 63' lang='grc' dir='ltr'><strong>ί</strong></span> <span class='ocrx_word' id='word_1_836' title='bbox 566 5713 622 5794; x_wconf 73' lang='grc'><strong>1)</strong></span> <span class='ocrx_word' id='word_1_837' title='bbox 654 5712 799 5775; x_wconf 88' lang='lat' dir='ltr'><strong>Cod.</strong></span> <span class='ocrx_word' id='word_1_838' title='bbox 833 5712 912 5776; x_wconf 71' lang='grc'><strong>29</strong></span> <span class='ocrx_word' id='word_1_839' title='bbox 938 5714 1121 5789; x_wconf 81' lang='lat' dir='ltr'><strong>addit,</strong></span> <span class='ocrx_word' id='word_1_840' title='bbox 1159 5718 1242 5772; x_wconf 79' lang='grc' dir='ltr'><strong>καὶ</strong></span> <span class='ocrx_word' id='word_1_841' title='bbox 1274 5730 1390 5779; x_wconf 70' lang='grc' dir='ltr'>τοῖς</span> <span class='ocrx_word' id='word_1_842' title='bbox 1423 5713 1763 5791; x_wconf 84' lang='grc' dir='ltr'>συμϐαίνουσι</span> <span class='ocrx_word' id='word_1_843' title='bbox 1810 5739 2142 5794; x_wconf 79' lang='grc' dir='ltr'>πειρασμοις,</span> 
     </span>
    </p>
   </div>
   <div class='ocr_carea' id='block_1_115' title="bbox 1718 5712 3326 5803">
    <p class='ocr_par' dir='ltr' id='par_1_115' title="bbox 1718 5713 3326 5803">
     <span class='ocr_line' id='line_1_117' title="bbox 1718 5713 3326 5803; baseline 0.006 -31"><span class='ocrx_word' id='word_1_844' title='bbox 1718 5738 1763 5773; x_wconf 81' lang='grc' dir='ltr'>σι</span> <span class='ocrx_word' id='word_1_845' title='bbox 1810 5739 2148 5794; x_wconf 81' lang='grc' dir='ltr'>πειρασμοις,</span> <span class='ocrx_word' id='word_1_846' title='bbox 2187 5745 2212 5776; x_wconf 76' lang='grc' dir='ltr'><strong>α</strong></span> <span class='ocrx_word' id='word_1_847' title='bbox 2250 5728 2311 5784; x_wconf 87' lang='lat' dir='ltr'><strong>et</strong></span> <span class='ocrx_word' id='word_1_848' title='bbox 2343 5718 2788 5803; x_wconf 79' lang='lat' dir='ltr'><strong>superventuris</strong></span> <span class='ocrx_word' id='word_1_849' title='bbox 2818 5713 3262 5784; x_wconf 75' lang='lat' dir='ltr'><strong>tentationibus.</strong></span> <span class='ocrx_word' id='word_1_850' title='bbox 3299 5738 3326 5772; x_wconf 75' lang='grc' dir='ltr'><strong>ι</strong></span> 
     </span>
    </p>
   </div>
  </div>
