4072 6214
465 287 579 354 163

463 512 752 592 insipiens
782 529 881 572 res
909 523 1000 574 est
1035 512 1282 574 malitia.

547 605 730 662 Vsus.
765 601 824 663 4.
873 622 902 660 ‹
930 602 1003 664 Et
1031 603 1399 680 congregatis
1430 602 1704 664 omnibus
1737 601 2111 682 pontiﬁcibus

462 699 520 754 et
549 688 760 751 scribis
809 690 1036 770 populi,
1090 690 1472 770 interrogavit
1511 709 1638 766 eos,
1688 691 1784 753 ubi
1838 699 2113 753 nascatur

463 779 756 842 Christus.
795 803 820 834 ι
859 777 1083 841 Scribae
1112 789 1281 841 erant
1330 781 1605 842 doctores
1653 781 1877 862 populi,
1911 783 2114 861 quales

462 879 599 932 sunt
659 887 810 949 quos
871 888 978 930 nos
1037 870 1290 931 dicimus
1325 873 1760 949 grammaticos.
1819 869 2114 948 Singulari

461 966 661 1022 autem
724 958 828 1019 Dei
891 957 1336 1037 dispensatione
1394 959 1830 1038 interrogantur
1883 959 1993 1039 illi,
2057 968 2116 1020 ut

465 1049 861 1112 conﬁteantur
894 1050 1222 1115 veritatem.
1281 1060 1336 1112 et
1367 1069 1434 1112 ex
1469 1051 1579 1113 hoc
1619 1048 2114 1131 condemnentur,

464 1140 617 1223 quod
679 1138 840 1198 illum
903 1140 1342 1216 cru‘ciﬁxerunt,
1405 1159 1577 1220 quem
1639 1142 1802 1222 prius
1859 1140 2115 1204 confessi

464 1239 615 1294 sunt.

545 1319 729 1386 Vens.
749 1323 807 1384 5.
827 1345 846 1373 ‹‹
876 1320 949 1380 At
970 1319 1054 1380 illi
1075 1320 1343 1382 dixerunt
1370 1321 1445 1400 ei,
1465 1320 1522 1381 in
1543 1321 1846 1383 Bethleem
1863 1319 2105 1383 Iudaeas.

465 1411 558 1474 Sic
581 1414 738 1473 enim
771 1409 1057 1489 scriptum
1090 1417 1178 1470 est
1208 1429 1314 1489 per
1344 1411 1761 1490 prophetam.»
1792 1412 1905 1472 Per
1932 1430 2107 1492 quem

465 1503 808 1583 prophetam
836 1499 865 1558 ‘?
899 1498 1010 1560 Per
1041 1498 1369 1560 Michaeam.
1410 1499 1510 1560 llle
1542 1499 1699 1560 enim
1734 1500 1876 1562 dicit
1914 1523 1926 1563 :

1429 287 2023 353 THEOPHYLACTI
2071 286 2478 351 BULGARI/E
2521 282 2866 352 ARCHIEP.

463 417 562 505 qui
621 441 652 483 a
705 420 958 484 Persicis
1015 421 1252 500 regibus
1316 421 1687 497 adoraretur,
1746 423 1849 486 sed
1904 440 2107 485 revera

2209 426 2458 499 Ῑερσικών
2543 420 2804 496 βασιλέων
2895 425 3370 501 προσκυνούμενος,

3725 292 3837 357 164

3463 421 3580 480 ἀλλ’
3669 426 3836 490 ὄντως

2194 510 2416 576 ανὸητον
2451 515 2639 589 χρῆμα
2669 512 2703 577 ἡ
2733 510 2982 589 πονηρία.

2281 622 2304 654 ε
2369 600 2463 655 Καὶ
2533 601 2844 679 συναγαγὼν
2895 601 3093 665 πάντας
3178 603 3298 667 τοὺς
3393 602 3666 683 ἀρχιερεῖς
3748 609 3838 663 καὶ

2195 701 2532 766 γραμματεῖς
2608 696 2698 746 τοῦ
2784 691 2936 764 λαοῦ,
3023 690 3336 748 ἐπυνθάνετο
3431 693 3556 771 παρ’
3642 697 3838 774 αὑτῶν,

2195 787 2294 834 πού
2352 779 2379 832 6
2461 778 2682 854 Χριστὸς
2739 783 3005 855 γεννᾶται.
3049 802 3072 830 »
3132 786 3472 858 Γραμματεϊς
3502 782 3641 847 ἦσαν
3670 784 3716 838 οἱ
3767 783 3843 839 δι-

2196 864 2444 922 δάσκαλοι
2501 873 2594 922 τοῦ
2665 873 2818 938 λαοῦ,
2855 866 3032 945 ὥσπερ
3064 867 3150 932 οὖς
3181 871 3345 945 ἡμεῖς
3404 868 3630 947 λέγομεν
3668 895 3841 950 γραμ-

2198 956 2471 1029 ματικούς,
2509 956 2793 1029 Οὶιιονομεῖ
2821 954 2875 1010 δί
2909 959 2936 1011 6
2969 960 3096 1022 Θεὸς
3121 958 3447 1036 ἑρωττ,θῆναι
3478 961 3713 1036 τούτους,
3747 963 3840 1017 ἶνα

2198 1045 2572 1122 ὁμολογήσωσι
2616 1045 2713 1111 τὴν
2743 1044 3017 1121 ἀλήθειαν,
3063 1049 3148 1102 καὶ
3204 1047 3263 1103 ἐκ
3303 1051 3489 1105 τούτου
3550 1052 3648 1106 ὦσι
3678 1072 3841 1107 κατα-

2200 1133 2522 1213 κεκριμένοι,
2583 1136 2727 1192 αὐτοὶ
2782 1141 2963 1191 τοῦτον
3032 1137 3422 1214 σταυρώσαντες

2192 1245 2364 1299 γησαν
2407 1224 2681 1301 πρότερον.

2279 1337 2301 1366 σι
2365 1313 2424 1368 Ol
2510 1310 2563 1367 δὲ
2635 1314 2792 1370 εἷπον
2852 1315 3016 1395 αὐτῷ,
3075 1312 3163 1371 Ἐν
3228 1315 3468 1392 Βηθλεὲμ
3539 1322 3638 1384 τῆς
3699 1317 3842 1376 ἰου-

2193 1399 2362 1465 δαίας⁶
2423 1401 2558 1457 οὕτω
2637 1404 2736 1480 γὰρ
2803 1404 3092 1483 γέγραπται
3173 1402 3256 1460 διὰ
3306 1413 3398 1463 τοῦ
3476 1409 3769 1486 προφήτου.
3809 1431 3838 1464 ο

2193 1493 2468 1570 Προφήτου
2535 1493 2733 1567 ποίου,
2796 1501 2898 1550 Τοῦ
2969 1494 3220 1572 Μιχαίου.
3276 1495 3517 1561 Ἐκεῖνος
3575 1498 3672 1574 γὰρ
3720 1520 3836 1576 φη-

2191 1601 2296 1653 σιν,

2277 1692 2303 1723 ε
2364 1671 2459 1727 Καὶ
2517 1670 2600 1742 σὺ,
2677 1668 2941 1749 Βηθλεὲμ,
3000 1676 3074 1749 γῆ
3123 1670 3314 1753 Ἰούδα,
3360 1670 3600 1748 οὖδαμὼς
3647 1673 3845 1755 ἔλαχέ-

3504 1137 3560 1194 ὅν
3619 1139 3840 1214 ὡμολό-

545 1680 729 1742 VEns.
753 1680 813 1741 4.
854 1704 878 1733 α
928 1681 996 1738 Et
1028 1687 1088 1740 tu
1118 1677 1422 1739 Bethleem
1461 1687 1619 1739 terra
1649 1679 1820 1758 Juda,
1878 1698 2105 1760 nequa-
2133 1719 2168 1766 Β

465 1788 637 1852 quam
674 1768 918 1828 minima
941 1766 1079 1828 esin
1112 1766 1482 1846 principibus
1503 1767 1672 1828 .luda.
1701 1792 1723 1825 ι
1757 1759 2106 1848 Contempla

2209 1781 2291 1825 ττη
2349 1759 2403 1813 εἴ
2467 1759 2521 1814 ἐν
2577 1771 2693 1824 τοῖς
2748 1760 3010 1837 ἡγεμόσιν
3083 1759 3272 1822 Ἰούδα.
3355 1786 3381 1816 ι
3475 1769 3676 1841 Μικρᾶς
3743 1768 3847 1844 γὰρ

464 1845 620 1922 enim
655 1866 779 1919 erat
811 1865 872 1917 ut
903 1864 1040 1936 puto
1073 1845 1249 1934 parva
1275 1872 1288 1916 :
1312 1845 1484 1916 nunc
1530 1866 1721 1917 autem
1767 1857 1904 1937 quia
1936 1845 2107 1919 eat—ea

2209 1845 2346 1915 νῦσης
2401 1848 2595 1913 ταύτης
2666 1848 3038 1927 κατεφρόνουν
3101 1858 3185 1906 νῦν
3218 1847 3270 1904 δὲ
3330 1847 3412 1905 διὰ
3458 1852 3546 1905 τὸν
3595 1850 3656 1908 ἐκ
3711 1854 3850 1908 ταύ-

466 1947 678 2028 prodiit
709 1934 998 2019 Christus,
1033 1944 1289 2007 celebris
1329 1954 1438 2009 est.
1473 1949 1694 2009 Omnes
1726 1934 1880 2008 enim
1917 1965 1987 2008 ex
2031 1947 2105 2008 ti-

2209 1958 2284 2002 ῑης
2351 1934 2670 2014 προελθόντα
2729 1938 2972 2016 Χριστὸν,
3053 1935 3367 2014 περιϐἱητός
3467 1937 3599 1998 ἐστι.
3697 1942 3844 1998 Πάν-

465 2025 637 2098 nibus
686 2045 860 2097 terra;
919 2034 1180 2107 veniunt,
1244 2043 1301 2095 et
1349 2040 1610 2097 sanctam
1664 2036 1814 2097 hanc
1865 2036 2108 2098 adorant

2209 2045 2276 2087 ςες
2358 2026 2456 2102 γὰρ
2509 2027 2570 2080 ὲκ
2627 2025 2865 2102 περάτων
2921 2031 3018 2092 τῆς
3073 2032 3174 2103 γῆς
3226 2026 3500 2106 ἔρχονται,
3535 2032 3844 2106 προσκυνή-

463 2122 792 2206 Bethleem.
830 2151 850 2179 ι
906 2125 992 2185 Ex
1041 2137 1097 2186 te
1145 2123 1302 2184 enim
1353 2142 1699 2202 egressurus
1749 2136 1842 2186 est
1887 2125 2028 2188 dux.
2075 2147 2102 2181 ι

2209 2135 2370 2177 τοντες
2431 2114 2625 2180 ταύτην
2697 2115 2793 2179 τὴν
2849 2115 3000 2193 ἁγίαν
3064 2114 3328 2191 Βηθλεέμ.
3393 2140 3413 2172 ε
3489 2114 3583 2174 Ἐκ
3613 2128 3704 2178 τοῦ
3742 2121 3843 2198 γὰρ

464 2203 1017 2289 Βεειελεετεεευτυε
1041 2221 1152 2288 est,
1189 2201 1466 2292 inquit,et
1495 2233 1610 2273 non
1635 2213 1694 2273 in
1732 2222 1787 2274 te
1821 2214 2104 2278 manebit.

2209 2201 2510 2269 ιξελεύσεται
2583 2204 2896 2282 ἡγούμενος.
2937 2227 2962 2258 ι
3043 2203 3227 2270 Καλῶς
3258 2205 3382 2262 εἷπε
3416 2207 3501 2281 τὸ,
3561 2205 3831 2272 ἐξελεύσε-

467 2301 592 2364 Νοη
625 2301 783 2364 enim
818 2301 1032 2361 mansit
1071 2301 1336 2362 Christus
1360 2301 1417 2360 in
1449 2301 1780 2382 Bethleem,
1814 2303 1916 2364 sed
1942 2323 2009 2365 ex
2042 2323 2112 2366 ea

2209 2315 2300 2367 ται,
2356 2293 2442 2347 καὶ
2486 2293 2628 2372 οὐχὶ,
2661 2296 2715 2348 ἓν
2749 2294 2827 2348 σοὶ
2851 2307 3025 2368 μενεῖ.
3060 2293 3130 2351 O6
3176 2296 3273 2374 γὰρ
3304 2294 3507 2371 ἔμεινεν
3552 2301 3578 2352 6
3612 2299 3833 2375 Χριστὸς

471 2401 772 2473 postquam
807 2398 974 2450 natus
1002 2403 1086 2450 est
1114 2390 1272 2463 exiit,
1301 2389 1434 2451 etin
1459 2392 1745 2455 Nazareth
1767 2381 2113 2473 frequenter

2209 2384 2248 2436 ἐν
2314 2387 2380 2458 τῇ
2453 2381 2863 2473 Βηθλεὶιδηῃέιλλ³
2898 2383 2956 2438 ἐκ
2982 2383 3177 2450 ταύτης
3209 2384 3305 2459 μὲν
3349 2383 3555 2459 ἇξῆλθε,
3615 2389 3745 2461 μετὰ
3777 2388 3838 2442 τὸ

468 2467 850 2543 conversatus
895 2487 1001 2539 est.
1057 2478 1268 2539 Dicunt
1319 2490 1514 2540 autem
1569 2479 1752 2542 Judaei
1794 2467 1950 2562 quod
1999 2483 2113 2545 hoc

2209 2470 2534 2547 γεννηθῆναι,
2596 2469 2648 2524 ἐν
2707 2467 2759 2525 δὲ
2814 2476 2882 2546 τῇ
2913 2472 3146 2550 Ναζαρὲτ
3203 2475 3266 2527 τὰ
3327 2472 3560 2530 πλεῖστα
3589 2471 3837 2553 διέτριϐε,

470 2570 814 2651 praedictum
838 2568 910 2628 sit
935 2568 1008 2628 de
1031 2566 1382 2645 Zorobabel;
1409 2569 1509 2631 sed
1541 2556 1905 2632 mentiuntur
1927 2573 2113 2634 mani-

2209 2557 2415 2636 λέγουσι
2472 2556 2524 2613 δὲ
2583 2562 2628 2614 οἱ
2689 2556 2934 2616 Ἰουδαῖοι
2967 2560 3046 2616 ὅτι
3089 2582 3206 2640 περι
3239 2569 3331 2618 τοῦ
3360 2560 3654 2642 Ζοροϐάϐελ
3684 2572 3842 2621 τοῦτο

466 2646 634 2722 leste.
664 2658 890 2719 Etenim
915 2657 1239 2718 Zorobahel
1264 2677 1380 2719 non
1407 2659 1466 2719 in
1489 2661 1792 2722 Bethleem
1809 2671 1979 2723 natus
1997 2671 2108 2741 est,

2209 2648 2584 2727 προεφητεύθη.
2646 2646 2931 2705 Ψεύδονται
2987 2647 3041 2704 δὶ
3113 2652 3417 2730 προφανῶς,
3456 2655 3552 2710 Καὶ
3602 2655 3700 2732 γὰρ
3745 2661 3844 2710 Ζο-

467 2748 568 2810 sed
595 2749 653 2808 in
686 2745 1016 2826 Babylone.
1051 2747 1199 2808 Vide
1223 2746 1382 2808 enim
1420 2766 1634 2809 nomen
1668 2751 1814 2826 ejus,
1844 2750 1991 2812 Zoro
2023 2733 2110 2812 si;

2209 2733 2439 2827 ξοδαϐελ,
2488 2736 2590 2827 οὖα
2645 2739 2700 2792 ἓν
2730 2742 2797 2814 τῇ
2824 2736 3062 2827 βηθλεὲμ
3089 2740 3371 2817 ἐγεννήθη,
3406 2739 3525 2797 ἀλλ’
3557 2741 3611 2797 ἐν
3640 2747 3708 2819 τῇ
3741 2751 3844 2798 Ba-

467 2837 702 2916 gnilicat
731 2823 934 2897 semen
967 2844 1022 2896 et
1053 2836 1405 2898 nativitatem
1434 2854 1446 2898 :
1483 2836 1668 2899 Babel
1698 2823 1891 2901 autem
1923 2839 2111 2921 Baby-

2209 2823 2411 2884 ἵυλῶνι.
2486 2823 2603 2883 Ἴδε
2660 2827 2759 2904 γὰρ
2815 2827 2876 2881 τὸ
2919 2825 3087 2903 ὄνομα
3119 2830 3296 2885 αὐτοῦ’
3335 2832 3485 2909 Ζορὸ,
3537 2829 3697 2898 δηλοῖ
3741 2837 3840 2900 την

469 2914 624 3000 lona,
663 2927 774 2987 hoc
806 2933 913 2999 est,
949 2924 1046 3005 qui
1085 2935 1252 2985 natus
1285 2925 1372 2986 vel
1420 2926 1652 3004 genitus
1683 2933 1774 2990 est
1829 2929 1886 2989 in
1919 2914 2108 3009 Babi-

2209 2917 2394 2992 τπορὰν
2465 2917 2549 2971 καὶ
2609 2917 2703 2982 τὴν
2762 2916 3027 2994 γέννησιν⁶
3080 2914 3247 2972 Βαὸἒλ
3277 2916 3353 2994 δὲ,
3386 2921 3482 2986 τὴν
3533 2918 3842 3000 Βαϐυλῶνα,

470 3019 628 3078 lone.
683 3013 794 3077 Sed
855 3023 913 3075 et
966 3002 1276 3095 prophetia
1345 3002 1654 3077 manifeste
1720 3017 1912 3094 arguit
1981 3002 2108 3098 eo's,

2209 3002 2486 3076 τουτέστιν,
2546 3008 2574 3060 6
2632 3005 2686 3061 ὲν
2715 3003 2980 3065 Βαϐυλῶνι
3015 3009 3229 3084 σπαρεὶς
3259 3007 3293 3074 ἥ
3336 3010 3626 3085 γεννηθείς.
3677 3008 3845 3066 Ἀλλὰ

469 3107 723 3168 dicens:
781 3129 806 3159 α
860 3094 1142 3182 Egressus
1187 3105 1315 3184 ejus
1378 3124 1409 3166 a
1459 3105 1771 3185 principio,
1829 3127 1861 3168 a
1907 3094 2114 3170 diebus

2209 3094 2282 3148 ιαὶ
2341 3095 2373 3160 ἡ
2427 3095 2716 3173 προφητεία
2784 3101 3020 3175 φανερῶς
3078 3094 3290 3176 ἐλέγχει
3346 3098 3553 3174 αὖτοὺς,
3589 3099 3839 3178 λέγουσι’

470 3194 816 3257 aeternitatis
829 3194 882 3254 9.
923 3218 947 3246 ιο
985 3192 1165 3272 Cujus
1187 3202 1381 3255 autem
1414 3195 1658 3256 alterius
1681 3215 1955 3274 egressus
1978 3209 2115 3261 sunt

469 3284 542 3345 ab
579 3283 770 3363 initio,
802 3293 858 3345 et
880 3303 911 3344 a
943 3283 1024 3341 12
1050 3283 1258 3344 diebus
1291 3284 1637 3347 aeternitatis
1659 3304 1834 3365 quam
1863 3286 2117 3350 Christi?

469 3374 568 3454 qui
592 3373 742 3434 duos
762 3389 1039 3452 egressus
1061 3372 1291 3446 habuit,
1319 3373 1431 3434 hoc
1465 3381 1554 3434 est
1582 3373 1935 3438 nativitates.
1963 3377 2111 3439 Nam

473 3461 662 3544 prima
692 3462 820 3541 ejus
851 3459 1141 3534 nativitas,
1178 3459 1250 3520 ab
1274 3461 1438 3522 initio
1461 3462 1565 3523 fuit
1586 3481 1619 3524 a
1654 3465 2116 3538 Patre,secunda

469 3559 664 3613 autem
694 3548 802 3611 luit
830 3569 860 3610 a
893 3549 1105 3610 diebus
1144 3549 1368 3631 saeculi,
1413 3550 1762 3631 principium
1797 3571 2042 3616 sumens
2085 3574 2117 3616 a

475 3645 659 3703 Matre
689 3638 816 3720 Dei,
851 3658 984 3721 quae
1020 3639 1078 3700 in
1111 3647 1378 3721 tempore
1408 3641 1538 3704 fuit.
1572 3640 1776 3703 Dicant
1808 3643 1982 3722 igitur
2007 3643 2114 3706 Ju-

473 3730 614 3805 dcei,
641 3749 781 3792 num
809 3728 1135 3792 Zorobabel
1166 3728 1239 3790 ab
1270 3729 1434 3792 initio
1467 3729 1689 3792 fuerit?
1720 3732 1824 3793 sed
1858 3751 1974 3794 non
2006 3733 2117 3793 ha-

473 3821 614 3882 bent
637 3819 794 3901 quod
825 3819 1024 3882 dicant
1057 3837 1070 3878 :
1135 3843 1158 3873 α
1195 3817 1301 3891 Qui
1353 3828 1558 3900 pascet
1606 3820 1886 3901 populum
1921 3840 2116 3884 meum

472 3910 677 3972 Israel.
716 3935 743 3965 ιν
775 3908 982 3970 Pascet
1014 3907 1183 3988 dixit,
1217 3928 1332 3969 non
1363 3909 1740 3989 tyrannidem
1793 3910 2114 3984 exercebit,

471 4001 561 4062 vel
587 3996 915 4061 devorabit.
946 3997 1062 4062 Alii
1099 3997 1256 4059 enim
1305 4015 1477 4077 reges
1509 4018 1625 4060 non
1673 4011 1961 4080 pastores,
2013 4000 2118 4062 sed

471 4088 594 4169 lupi
619 4096 756 4148 sunt
787 4105 802 4150 :
837 4085 1106 4149 Christus
1136 4095 1333 4148 autem
1361 4094 1580 4168 pastor,
1614 4088 1766 4149 sicut
1788 4088 1914 4167 ipse
1935 4088 2078 4151 dicit
2104 4109 2116 4152 :

477 4203 500 4233 α
538 4179 659 4257 Ego
688 4195 817 4240 sum
855 4183 1052 4258 pastor
1075 4175 1267 4238 bonus
1290 4177 1710 4256 l0.:ol’opulum
1745 4176 1924 4238 lsrael
1952 4178 2113 4252 dicit,

473 4276 590 4328 tam
616 4284 718 4328 eos
741 4266 840 4348 qui
873 4284 943 4327 ex
972 4264 1216 4339 Judaais,
1249 4284 1424 4347 quam
1453 4266 1555 4346 qui
1585 4284 1653 4327 ex
1681 4267 1971 4330 Gentibus
1991 4284 2120 4330 cre-

2205 3207 2228 3237 α
2309 3184 2368 3238 Al
2426 3181 2585 3249 ἔξοδοι
2647 3185 2802 3241 αὒτου
2859 3183 2952 3242 ἀπ’
2984 3185 3189 3266 ἀρχῆς,
3316 3189 3531 3266 ἡμερῶν
3568 3189 3780 3253 αἰῶνος.
3809 3215 3839 3244 ι

2198 3273 2346 3336 Τίνος
2403 3270 2458 3327 δὲ
2517 3271 2679 3329 ἄλλου
2740 3277 2787 3328 αἱ
2845 3272 3006 3339 ἔξοδοί
3030 3278 3127 3330 εἰσι
3174 3276 3258 3332 καὶ
3291 3274 3381 3332 ἀπ’
3416 3278 3616 3358 ἀρχῆς,
3662 3281 3749 3336 καὶ
3789 3279 3846 3344 ὶξ

2197 3363 2407 3440 ἡμερῶν
2439 3363 2625 3427 αἰῶνος
2669 3363 2702 3431 ἢ
2733 3370 2825 3419 τοῦ
2856 3370 3078 3442 Χριστοῦ
3127 3383 3143 3440 ;
3179 3355 3283 3432 ι’ος
3312 3363 3400 3422 δύο
3430 3355 3630 3435 {Ed—800;
3656 3368 3843 3450 ἔσχεν,

2197 3451 2315 3517 ἢτοι
2381 3453 2676 3529 γεννήσεις·
2739 3451 2862 3508 ἀλλ’
2904 3455 2938 3521 ἡ
2969 3455 3066 3530 μὲν
3099 3453 3284 3532 πρώτη
3317 3455 3588 3534 γέννησις,
3622 3457 3714 3514 ἀπ’
3741 3460 3844 3538 ἁρ-

2201 3545 2311 3619 χῆς
2369 3541 2428 3597 ἐκ
2482 3544 2573 3597 τού
2606 3543 2830 3621 Πατρὸς,
2863 3545 2897 3612 ἡ
2928 3541 2980 3598 δὲ
3012 3541 3248 3623 δευτέρα,
3279 3543 3330 3610 ἕξ
3372 3549 3586 3625 ἡμερῶν
3629 3549 3843 3625 αἰῶνος,

2200 3630 2304 3685 ἀπὸ
2367 3630 2463 3696 τῆς
2522 3631 2780 3688 Θεοτόκου
2837 3630 3127 3710 ἀρξαμένη,
3183 3634 3270 3690 καὶ
3317 3633 3417 3690 ὑπὸ
3460 3636 3654 3715 χρόνον
3689 3640 3841 3696 οὖσα.

2205 3719 2514 3776 Εἱπσίτωσαν
2570 3719 2658 3774 οὖν
2711 3721 2758 3774 οἱ
2817 3717 3082 3800 Ἰουδαῖοι,
3159 3723 3247 3780 εὰν
3319 3723 3346 3778 6
3403 3723 3695 3803 Ζοροϐάϐελ
3750 3725 3846 3783 ἀπ’

2201 3807 2378 3888 ἀρχῆς
2409 3807 2616 3885 ἐγένετο
2651 3827 2665 3889 ;
2699 3807 2849 3866 Ἀλλ’
2877 3814 2970 3869 οὒκ
2992 3810 3206 3891 ἔχουσιν
3229 3813 3421 3869 εἰπεῖν⁸
3456 3837 3478 3870 ε
3512 3805 3703 3882 ’Ὅστις
3725 3837 3845 3873 ποι-

2202 3910 2362 3973 μανεῖ
2415 3897 2503 3952 τὸν
2563 3896 2690 3953 λαόν
2738 3921 2838 3974 μου
2895 3903 2986 3956 τὸν
3043 3898 3279 3980 Ἰσραήλ,
3317 3926 3344 3958 ε
3398 3908 3659 3979 Ποιμανετ
3689 3905 3848 3963 εἴπεν

2206 3984 2325 4041 ἀλλ’
2385 3988 2444 4042 οὔ
2471 3989 2810 4066 τυραννήσει,
2843 3988 2877 4055 ἦ
2905 3990 3290 4069 καταφάγεται.
3327 3993 3382 4049 Ol
3427 3993 3525 4068 μὲν
3551 3995 3648 4074 γὰρ
3690 3993 3846 4054 ἄλλοι

2204 4073 2474 4150 ϐασιλεῖς,
2537 4075 2597 4132 οὗ
2652 4077 2926 4154 ποιμένες,
2986 4077 3123 4135 ἀλλὰ
3171 4078 3344 4139 λύκοι·
3402 4085 3430 4138 6
3494 4080 3549 4139 δὲ
3599 4073 3849 4166 Χριστὸς,

2204 4165 2425 4240 ποιμήν,
2489 4168 2596 4229 ὡς.
2618 4169 2701 4224 καὶ
2737 4167 2888 4232 αὐτὸς
2921 4167 3085 4247 λέγει·
3141 4192 3167 4223 ε
3204 4167 3346 4248 Ἐγὼ
3374 4173 3478 4247 εἰμὶ
3521 4174 3549 4229 6
3591 4165 3851 4249 ποιμὴνθ

2202 4254 2386 4318 καλός.
2425 4276 2454 4316 ι
2499 4259 2638 4313 Δαὸν
2681 4255 2734 4312 δὲ
2779 4256 2992 4335 Ἰσραὴλ
3021 4257 3186 4337 λέγει,
3231 4261 3466 4325 καὶτοὺς
3511 4259 3561 4326 ιε
3597 4254 3850 4342 Ἐϐραίων

470 4345 789 4431 όίόειηυηιξ
821 4353 1002 4417 Israel
1037 4356 1196 4416 enim
1229 4345 1886 4436 interpretatur.videns
1905 4357 2116 4418 Deum.

2209 4345 2608 4420 πιστεύσαντας,
2667 4348 2754 4403 καὶ
2807 4349 2926 4410 τοὸς
2996 4345 3048 4413 ΒΞ
3096 4349 3277 4412 εθνῶν,
3334 4346 3554 4429 Ἰσραὴλ
3601 4354 3701 4432 γὰρ
3759 4354 3847 4431 ἆρ-

475 4442 642 4509 Unde
665 4463 874 4506 omnes
901 4446 1090 4508 Deum
1125 4442 1702 4519 videntes,lsraelitze
1727 4444 2120 4520 sunt,etiamsi

470 4553 540 4595 ex
575 4533 865 4597 Gentibus
895 4532 1018 4594 nati
1051 4533 1190 4595 sint.

555 4621 735 4686 Vens.
767 4624 828 4686 7.
873 4650 896 4679 «
933 4620 1101 4684 Tunc
1131 4621 1400 4685 Herodes
1432 4622 1581 4685 clam
1617 4623 1834 4684 vocatis
1864 4622 2110 4702 Magis.»

470 4712 751 4776 Clanculo
773 4713 906 4774 illos
927 4711 1178 4793 vocavit,
1216 4721 1459 4794 propter
1485 4711 1742 4775 Judzeos.
1767 4710 2116 4793 Suspicaba-

471 4812 567 4864 tur
616 4803 774 4866 enim
830 4803 986 4883 quod
1041 4801 1228 4865 Judaei
1283 4801 1549 4864 fortassis
1607 4819 1854 4882 puerum
1908 4801 2118 4864 facturi

472 4901 671 4954 essent
702 4892 924 4973 magni,
957 4899 1016 4954 et
1035 4891 1295 4954 curaturi
1319 4899 1382 4954 ut
1411 4897 1717 4954 servarent
1749 4899 2122 4971 eum,utpote

473 4982 852 5044 liberatorem
885 4999 1081 5063 suum,
1116 4989 1173 5043 et
1223 4990 1538 5064 propterea
1587 4980 1737 5042 clam
1783 4979 2120 5047 insidiatur.

479 5096 504 5126 α
539 5071 866 5151 Diligenter
914 5071 1178 5152 quasivit
1220 5071 1293 5132 ab
1345 5071 1432 5132 eis
1483 5079 1718 5151 tempus
1759 5069 1944 5133 stellaa
1990 5090 2118 5152 quae

472 5161 768 5242 apparuit.
805 5185 830 5216 ο
867 5158 993 5222 Hoc
1019 5169 1129 5235 est,
1163 5169 1438 5224 accurate
1467 5159 1698 5224 didicit.
1745 5158 1924 5222 Stella
1955 5162 2114 5223 enim

472 5258 786 5330 antequam
822 5257 991 5311 natus
1022 5257 1178 5312 esset
1197 5249 1515 5327 Dominus,
1534 5257 1887 5332 apparuerat
1908 5252 2115 5331 Magis,

472 5339 752 5421 quoniam
833 5339 1080 5402 multum
1140 5341 1420 5422 temporis
1478 5340 1536 5402 in
1600 5339 1711 5402 iter
1758 5337 2116 5422 insumpturi

472 5439 663 5504 erant,
687 5429 820 5490 ideo
845 5429 1027 5490 multo
1045 5434 1184 5491 ante
1212 5429 1486 5510 apparuit
1514 5430 1778 5504 stella,ut
1797 5428 2115 5492 adorarent

553 5611 584 5658 9
615 5609 785 5670 Micli.
831 5626 883 5682 \',
920 5609 976 5668 ‘2.
1073 5610 1122 5657 ¹υ
1152 5607 1319 5670 Juau.
1355 5627 1411 5686 Χ,
1452 5612 1544 5672 ll.

2206 4435 2513 4512 μηνεύεται,
2586 4435 2720 4514 ὁρῶν
2754 4438 2906 4517 Θεὸν,
2952 4436 3090 4494 ὥστε
3121 4439 3314 4504 πάντες
3346 4440 3390 4496 οἱ
3437 4443 3566 4497 Θεὸν
3597 4443 3847 4520 ὁρῶντες,

2203 4523 2534 4604 ἰσραηλτῖαί
2577 4526 2702 4606 εἰσι,
2736 4526 2834 4581 κᾶν
2865 4525 2914 4591 ἐξ
2947 4527 3106 4583 ἐθνῶν
3135 4528 3288 4591 ὦσιν,

2287 4639 2310 4669 α
2372 4613 2502 4673 Τότε
2575 4617 2602 4670 6
2665 4607 2906 4694 Ἡρώδης
2935 4614 3098 4696 λάθρα
3128 4615 3356 4683 καλέσας
3389 4620 3507 4684 τοὺς
3542 4622 3778 4701 Μάγους,
3816 4648 3844 4680 ι

2204 4706 2376 4781 Λάθρα
2453 4705 2666 4768 τούτους
2721 4702 2962 4779 ἂκάλεσε,
3012 4703 3094 4761 διὰ
3143 4706 3265 4771 τοὺς
3327 4707 3625 4776 ⁹ιουδαίους.
3666 4701 3849 4769 ’Υπώ-

2202 4815 2358 4853 πτευε
2415 4795 2515 4873 γὰρ
2564 4792 2645 4849 ὅτι
2703 4796 2749 4848 οἱ
2781 4791 3025 4850 Ἰουδαῖοι
3057 4793 3191 4858 ἴσως
3220 4797 3334 4875 περὶ
3364 4796 3560 4858 πολλοῦ
3586 4803 3844 4872 ποιήσον-

2203 4907 2288 4940 ται
2345 4886 2403 4940 τὸ
2461 4882 2688 4964 παιδίον,
2749 4884 2835 4939 καὶ
2889 4885 3219 4963 φροντίσουσι
3273 4888 3365 4942 τοῦ
3393 4893 3559 4945 σῶσαι
3591 4889 3741 4972 αὐτὸ,
3775 4895 3848 4958 ὡς

2207 4973 2400 5051 μέλλον
2469 4973 2808 5053 ἐλευθερῶσαι
2867 4975 3076 5038 αὖτοὺς.
3131 4975 3229 5030 Διὰ
3298 4984 3449 5034 τοῦτο
3526 4979 3614 5036 οὖν
3685 4980 3850 5060 λάθρα

2202 5062 2551 5124 ἐπιϐουλεύει.
2618 5086 2645 5119 ε
2697 5060 2986 5141 Ἢκρίϐωσε
3035 5063 3160 5143 παρ’
3221 5064 3391 5123 αὒτῶν
3467 5069 3557 5123 τὸν
3654 5070 3851 5152 χρόνον

2201 5163 2292 5214 τοῦ
2359 5154 2676 5236 φαινομένου
2732 5153 2968 5233 ἀστέρος.
3029 5177 3057 5210 ι
3120 5155 3418 5231 Τουτέστιν,
3487 5157 3716 5237 ἀκριϐῶς
3755 5162 3853 5218 ἂν.

2202 5235 2411 5320 ἀμαθεν.
2480 5235 2536 5300 Ὀ
2594 5244 2693 5322 γὰρ
2751 5242 2942 5321 ἀστὴρ,
2995 5245 3096 5322 πρὸ
3124 5250 3216 5300 τοῦ
3259 5235 3577 5324 γεννηθῆναι
3624 5251 3713 5306 τὸν
3745 5253 3849 5311 Κύ-

2199 5359 2332 5415 ριον,
2410 5334 2577 5414 ἐφάνη
2634 5345 2751 5397 τοῖς
2810 5334 3034 5412 Μάγοιςο
3105 5331 3219 5390 ἐπεὶ
3275 5336 3376 5415 γὰρ
3407 5335 3634 5413 ἔμελλον
3684 5341 3849 5400 πολὺν

2195 5425 2494 5486 ἀναλίσκειν
2552 5426 2746 5505 χρόνον
2806 5424 2941 5480 κατᾶ
2999 5423 3093 5491 τὴν
3153 5420 3476 5504 ὁδοιπορίαν,
3555 5423 3637 5487 διὰ
3698 5435 3850 5489 τοῦτο
