4072 6214
525 301 632 370 171

1511 311 2101 381 THEOPHYLACTI
2142 309 2553 380 BULGARIE
2593 317 2954 380 ARCHIEP.

3806 317 3922 382 i7!

521 406 585 495 in
613 433 816 529 Iudaea
844 453 951 515 pro
981 435 1223 529 Herode
1253 447 1419 519 patre
1449 459 1578 518 suo,
1615 442 1814 506 timuit
1874 444 2012 506 illuc
2040 442 2157 506 abi-

2264 433 2496 523 Ἡρώδου
2553 455 2648 506 τοῦ
2701 447 2902 526 πατρὸς
2945 448 3128 529 αυτοῦ,
3161 445 3399 529 ἐφοϐήθη
3427 449 3544 505 ἐκεῖ
3573 447 3849 513 ἀπελθεῖν.
3888 473 3917 511 0

521 542 610 615 re.
646 549 678 615 -ι
747 524 897 588 Tres
967 527 1122 588 ﬁlios
1175 529 1412 610 reliquit
1467 529 1763 611 Herodes,
1811 533 2171 615 Philippum,

521 613 802 694 Antipam
839 624 897 677 et
937 615 1315 678 Archelaum.
1353 619 1710 682 Archelaum
1782 613 2023 703 quidem
2070 641 2173 684 re-

522 721 683 784 gem,
718 705 865 766 alios
903 716 1098 768 autem
1153 710 1483 770 tetrarchas
1537 728 1672 772 esse
1713 711 1914 789 jussit.
1953 710 2175 773 Timuit

521 802 720 856 autem
777 793 1000 875 Josepli
1045 796 1105 858 in
1155 805 1370 860 terram
1430 800 1614 860 Israel
1659 799 1847 871 abire,
1900 801 2013 862 hoc
2054 809 2171 880 est,

520 883 581 944 in
642 891 862 945 terram
909 884 1084 967 Juda,
1145 905 1214 948 eo
1247 888 1402 967 quod
1434 887 1763 950 Archelaus
1806 889 2024 950 similis
2064 908 2171 968 pa-

523 971 598 1032 tri
624 990 730 1032 suo
769 981 914 1033 erat.
977 973 1228 1055 Antipas
1271 994 1409 1037 vero
1472 977 1602 1057 ipse
1661 985 1752 1039 est
1802 978 2041 1058 juvenis
2070 977 2174 1039 ille

522 1059 798 1124 Herodes
855 1063 950 1142 qui
1018 1062 1452 1128 Praecursorem
1507 1067 1764 1130 sustulit.
1829 1090 1858 1124 ε
1917 1063 2171 1130 Oraculo

522 1159 722 1211 autem
792 1161 1036 1231 accepto
1108 1152 1169 1213 in
1229 1154 1478 1234 somnis,
1543 1154 1792 1217 secessit
1840 1155 1903 1218 in
1975 1162 2171 1236 partes

521 1241 795 1304 Galilaeze.
839 1265 860 1297 ι
898 1240 1136 1304 Galilaea
1166 1261 1284 1304 non
1317 1252 1443 1304 erat
1471 1251 1627 1306 terra
1657 1242 1861 1318 Israel,
1892 1244 1996 1306 sed
2025 1263 2166 1324 gen-

521 1331 737 1406 tilium;
783 1330 941 1392 unde
993 1340 1050 1393 et
1104 1331 1290 1394 Judaei
1319 1331 1471 1394 sicut
1499 1332 2002 1398 abominationem
2033 1333 2167 1396 illos

518 1420 820 1483 videbant.

607 1536 635 1566 «
669 1510 1054 1575 VERS.93.Ac
1077 1509 1377 1591 profectus
1405 1510 1685 1573 habitavit
1707 1512 1768 1573 in
1785 1511 2016 1576 civitate
2037 1529 2166 1594 quae

523 1599 737 1661 dicitur
756 1598 1065 1680 Nazareth,
1106 1623 1128 1657 ι
1164 1599 1244 1661 At
1273 1599 1570 1680 quomodo
1603 1600 1789 1662 Lucas
1819 1599 1984 1677 dicit,
2005 1600 2162 1682 quod

523 1697 832 1768 postquam
866 1697 1034 1750 natus
1067 1689 1196 1769 fuit,
1227 1689 1608 1769 lmplevitque
1638 1708 1692 1751 XI
1725 1689 1880 1767 dies,
1915 1697 1975 1751 et
2003 1707 2038 1751 a
2063 1689 2164 1751 Si-

2260 542 2417 612 Τρεϊς
2459 536 2601 600 υἱοὺς
2631 535 2945 612 κατέλειψεν
2993 527 3259 618 Ἡρώδης,
3301 535 3581 616 Φίλιπτον,
3637 533 3921 622 Ἀντίπαν,

2257 623 2344 677 καὶ
2405 623 2703 704 ’Λρχέλαον
2749 641 2765 657 ⁸
2838 627 2931 682 τὸν
2988 626 3088 701 μὲν
3143 628 3235 683 οὖν
3299 623 3623 706 ’Λρχὲλαον,
3667 627 3917 706 βασιλέα,

2254 710 2378 798 τοὺς
2436 710 2492 768 δὲ
2548 711 2789 794 λοιποὺς,
2851 715 3152 795 τετράρχας
3215 712 3489 772 ἐκέλευσεν
3533 714 3699 772 εἶναι.
3748 715 3912 798 Ἐφο-

2255 795 2394 868 ϐήθη
2453 798 2512 855 δὲ
2567 804 2596 859 6
2658 800 2857 883 Ἰωσήφ
2917 801 3171 859 ἀπελθεῖν
3224 805 3300 867 εἰς
3343 808 3445 882 γῆν
3495 801 3734 883 Ἰσραὴλ,
3765 795 3918 862 τουτο

2256 886 2419 964 ἐστιν,
2480 891 2555 956 εἰς
2584 891 2682 960 τὴν
2714 889 2988 972 Ἰουδαίαν,
3020 890 3154 949 διότι
3182 893 3271 949 καὶ
3313 894 3342 949 6
3373 891 3696 972 Ἀρχέλαος,
3727 893 3913 970 ὅμοιος

2253 976 2318 1043 ἧν
2377 981 2455 1060 τῷ
2509 980 2669 1060 πατρὶ
2731 981 2916 1038 αὐτοῦ.
2990 973 3046 1038 ιΟ
3092 978 3146 1037 δὲ
3202 977 3473 1054 Ἀντίπας,
3523 980 3682 1045 αὐτός
3712 982 3852 1040 ἐστιν
3881 987 3911 1041 6

2254 1063 2370 1130 νέος
2430 1058 2693 1147 Ἡρώδης,
2751 1071 2779 1126 6
2833 1071 2927 1126 16v
2982 1067 3286 1148 Πρόδρομον
3334 1068 3559 1132 ἀνελών,
3614 1091 3639 1126 ε
3689 1079 3909 1149 Χρημαο

2251 1156 2447 1221 τισθεὶς
2492 1155 2548 1214 δὲ
2607 1157 2728 1240 κατ’
2770 1156 2920 1238 ὄναρ,
2965 1158 3314 1239 ἀνεχώρησεν
3370 1160 3444 1224 εἰς
3499 1159 3568 1216 τὰ
3617 1160 3754 1240 μέρη
3810 1162 3911 1231 τῆς

2247 1243 2560 1310 Γαλιλαίας.
2596 1267 2626 1306 ι
2680 1236 2744 1304 Ἠ
2800 1236 3204 1308 Γαλιλαίαν-οὒκ
3258 1246 3326 1316 ἧν
3375 1253 3448 1325 γῆ
3499 1236 3741 1327 Ἰσραὴλ,
3771 1249 3916 1308 ἀλλὰ

2246 1337 2352 1389 τῶν
2381 1334 2601 1393 έθνικῶν
2657 1336 2727 1404 ἦν
2760 1353 2778 1372 ⁶
2837 1333 2922 1394 διὸ
2973 1337 3063 1394 καὶ
3126 1336 3173 1393 οἱ
3231 1333 3479 1396 Ἰουδαῖοι
3522 1339 3598 1403 ὡς
3641 1337 3916 1420 βδέλυγμα

2247 1423 2461 1490 τούτους
2492 1421 2740 1488 ἔϐλεπον,

2332 1534 2357 1567 ι
2395 1521 2496 1591 Καὶ
2547 1510 2714 1570 ἐλθὼν
2769 1511 3084 1588 κατῴκησεν
3129 1514 3204 1579 εἰς
3248 1512 3405 1572 πόλιν
3433 1514 3732 1596 λεγομένην
3784 1527 3908 1578 Να-

2244 1598 2423 1678 ζαρέτ.
2462 1621 2488 1658 ε
2560 1602 2659 1659 Καὶ
2715 1606 2833 1666 πῶς
2892 1603 2922 1658 6
2951 1607 3155 1668 Λουκᾶς
3188 1601 3358 1684 λέγει,
3405 1602 3488 1662 ὅτι
3519 1607 3655 1680 μετὰ
3682 1606 3745 1663 16
3772 1627 3912 1685 γεν-

2248 1692 2470 1758 νηθῆναι
2540 1689 2758 1757 τελέσας
2840 1691 2938 1755 τὰς
3034 1693 3431 1772 τεσσαράκοντα
3497 1695 3728 1774 ἡμέρας,
3816 1697 3914 1753 καί

522 1797 734 1837 meone
767 1786 1027 1853 gestatus
1057 1786 1167 1850 est,
1205 1777 1584 1838 descenderit
1639 1778 1923 1840 Dominus
1954 1778 2014 1838 in
2047 1781 2157 1840 Na-

2248 1779 2350 1834 61:6
2402 1785 2496 1836 τοῦ
2553 1780 2772 1854 Συμεὼν
2815 1779 3167 1860 βασταχθεις,
3226 1780 3488 1849 κατῆλθεν
3535 1786 3563 1838 6
3598 1784 3784 1860 Κύριος
3829 1786 3912 1849 εἰς

518 1869 724 1929 zareth
758 1887 772 1926 :
810 1869 922 1928 hoc
953 1876 1147 1928 autem
1180 1867 1307 1927 loco
1357 1869 1669 1930 Matthaeus
1700 1869 1802 1943 ait,
1849 1869 2005 1948 quod
2035 1877 2167 1949 post

517 1957 772 2018 reditum
807 1975 875 2017 ex
911 1956 1159 2036 Egypto
1219 1958 1448 2017 venerit
1496 1955 1557 2017 in
1602 1956 1946 2020 Nazareth?
1991 1954 2166 2018 Disce

517 2045 721 2125 igitur,
758 2045 916 2124 quod
949 2065 1080 2122 quae
1111 2044 1274 2105 siluit
1306 2044 1630 2121 Matthaaus,
1665 2045 1814 2107 dixit
1841 2048 2049 2108 Lucas.
2086 2049 2168 2110 Ut

516 2135 772 2213 exempli
802 2134 988 2213 gratia
1007 2133 1229 2212 aliquid
1261 2132 1480 2210 dicam,
1515 2143 1822 2214 postquam
1847 2145 2020 2199 natus
2049 2145 2160 2217 est,

515 2224 783 2302 implevit
834 2241 906 2282 χι,
964 2222 1118 2295 dies,
1153 2221 1373 2282 deinde
1417 2222 1726 2285 descemlit
1756 2225 1817 2286 in
1849 2223 2156 2287 Nazareth:

513 2313 641 2373 hac
675 2312 817 2372 dicit
848 2312 1032 2372 Lucas
1063 2310 1458 2373 ‘1Matthaeus
1490 2320 1686 2372 autem
1707 2312 1852 2375 dicit
1877 2333 2009 2394 quae
2030 2333 2162 2394 pos-

511 2410 606 2463 tea
631 2402 779 2462 facta
808 2401 1130 2480 sunt,quod
1163 2399 1378 2476 fugerit
1406 2402 2047 2481 inx‘Egyptum,deiude
2068 2423 2160 2465 ve-

507 2492 665 2554 nerit
695 2491 766 2551 ab
786 2490 1034 2571 [Egypto
1077 2489 1137 2550 in
1180 2490 1494 2553 Nazareth.
1525 2489 1653 2550 Non
1687 2490 1984 2552 dissident
2013 2510 2158 2572 ergo

503 2580 665 2641 inter
688 2599 773 2641 se.
809 2579 954 2640 Nam
1004 2580 1189 2639 Lucas
1224 2577 1368 2640 dicit
1396 2578 1752 2640 descensum
1783 2598 1817 2640 a
1847 2579 2153 2642 Bethleem

505 2671 565 2731 in
592 2670 908 2742 Nazareth,
942 2669 1250 2729 Matthqu
1279 2676 1474 2729 autem
1529 2676 1733 2748 postea
1777 2669 2037 2732 reditum
2081 2671 2155 2733 ah

505 2760 760 2839 [Egypto
804 2759 864 2819 in
898 2758 1207 2820 Nazareth.
1245 2778 1270 2812 ‹
1304 2754 1378 2820 Ut
1406 2758 1726 2836 impleatur
1754 2758 1912 2838 quod
1934 2758 2153 2820 dictum

504 2858 593 2910 est
625 2867 728 2928 per
759 2848 1101 2927 prophetas.
1134 2844 1302 2917 Quod
1321 2842 1631 2906 Nazareus
1661 2846 1982 2910 vocabitur.
2029 2872 2056 2904 ι
2088 2846 2156 2909 Et

505 2939 639 3019 quis
671 2939 957 3017 propheta
989 2938 1099 2997 hoc
1129 2935 1300 2996 dixit?
1342 2952 1458 2995 non
1492 2934 1793 2996 invenitur
1825 2955 2005 3000 nunc.
2039 2935 2155 2998 Per

505 3027 925 3106 negligentiam
959 3026 1121 3086 enim
1148 3023 1492 3086 Judaaorum
1521 3023 1689 3085 multi
1736 3024 1869 3086 libri
1907 3025 2149 3089 deside-

2251 1867 2512 1945 Ναζαρέτ.
2558 1868 2777 1926 ἐνταῦθα
2830 1867 2885 1926 δὲ
2945 1871 2974 1925 6
3039 1873 3314 1936 Ματθαῖος
3384 1869 3556 1950 λέγει,
3613 1871 3696 1928 ὅτι
3766 1875 3911 1949 μετὰ

2245 1953 2346 2022 τὴν
2427 1955 2480 2022 ἐξ
2564 1957 2829 2036 Αἰγύπτου
2900 1955 3156 2015 ἑπάνοδον
3225 1957 3384 2028 ἦλθεν
3482 1961 3555 2025 εἷς
3612 1961 3906 2040 Ναζαρέτε

2247 2043 2391 2101 Μάθε
2446 2045 2643 2118 τοίνυν,
2696 2045 2779 2102 ὅτι
2835 2046 2869 2102 ἃ
2925 2045 3226 2114 ἐσιώπησεν
3289 2049 3318 2104 6
3357 2053 3654 2130 Ματθαῖος,
3686 2051 3846 2107 εἶπεν
3878 2054 3910 2108 6

2245 2136 2476 2197 Λουκᾶς.
2522 2134 2655 2191 Οῐόν
2683 2156 2736 2191 τι
2779 2133 2923 2214 λέγω
2950 2150 2966 2166 ⁸
3014 2135 3162 2192 Μετὰ
3202 2135 3264 2192 τὸ
3305 2137 3647 2215 γεννηθῆναι,
3692 2137 3907 2197 έτέλεσε

2242 2221 2338 2287 τὰς
2380 2223 2776 2300 τεσσαράκοντα
2816 2222 3044 2302 ἡμέρας.
3105 2225 3229 2281 εἶτα
3285 2224 3547 2294 κατῆλθεν
3589 2227 3661 2292 εἰς
3717 2236 3904 2299 Ναζα-

2243 2309 2331 2389 ρέτ
2378 2328 2397 2348 ο
2441 2321 2606 2371 ταῦτα
2663 2310 2807 2392 λέγει
2866 2315 2896 2370 6
2968 2318 3176 2376 Λουκᾶς
3210 2331 3227 2350 ⁸
3275 2315 3306 2370 6
3348 2318 3622 2379 Ματθαῖος
3667 2314 3721 2372 δὲ
3749 2314 3900 2396 λέγει

2240 2421 2307 2458 τα
2335 2402 2470 2476 μετὰ
2501 2409 2688 2478 ταῦτα,
2731 2400 2814 2459 ὅτι
2858 2403 3044 2483 ἔφυγεν
3089 2403 3162 2466 εἰς
3192 2402 3491 2485 Αἴγυπτον,
3522 2405 3647 2462 εἶτα
3665 2404 3900 2472 ἀνῆλθεν

2239 2488 2346 2545 ἀπὸ
2408 2490 2675 2570 Αἰγύπτου
2732 2492 2806 2555 εἰς
2888 2489 3149 2569 Ναζαρέτ.
3224 2493 3332 2551 Οὐκ
3381 2494 3737 2554 ἔναντιοῦνται
3809 2497 3904 2552 οὗν

2237 2577 2494 2649 ἀλλήλοις
2529 2595 2544 2610 ⁶
2614 2577 2733 2637 ἀλλ’
2794 2581 2824 2638 6
2878 2581 2977 2657 μὲν
3034 2579 3180 2660 λέγει
3233 2581 3330 2650 τὴν
3382 2581 3489 2639 ἀπὸ
3550 2582 3792 2660 Βηθλεὲμ
3823 2585 3902 2650 εἰς

2239 2668 2478 2746 Ναζαρὲτ
2521 2668 2766 2749 κάθοδον,
2799 2671 2827 2725 6
2859 2674 3063 2734 Λουκᾶς
3090 2690 3105 2705 ·
3161 2671 3190 2726 6
3219 2668 3275 2726 δὲ
3303 2674 3600 2748 Ματθαῖος,
3633 2673 3729 2741 τὴν
3757 2673 3905 2749 μετά

2235 2763 2400 2814 ταῦτα
2461 2757 2568 2815 ἀπὸ
2626 2759 2889 2835 Αἰγύπτου
2949 2759 3023 2822 εἰς
3094 2759 3330 2837 Ναζαρὲτ
3373 2757 3577 2820 ἄνοδον.
3631 2782 3656 2818 ε
3696 2750 3902 2827 ιὈπως

2237 2844 2496 2925 πληρωθῇ
2523 2849 2585 2904 16
2616 2847 2773 2926 ῥηθὲν
2802 2845 2887 2904 διὰ
2932 2854 3038 2905 τῶν
3086 2854 3404 2928 προφητῶν,
3462 2848 3545 2906 δτι
3577 2858 3900 2929 Ναζωραῖος

2234 2933 2585 3006 κληθήσεται.
2623 2960 2652 2992 ι
2690 2939 2789 2996 Καὶ
2845 2939 3005 3002 ποῖος
3034 2939 3317 3016 προφήτης
3346 2940 3500 2995 τοῦτο
3529 2938 3684 2995 εἶπεν
3715 2958 3732 3020 ς
3779 2939 3896 3022 οὔχ

2235 3025 2525 3102 εὑρίσκεται
2556 3027 2666 3085 νῦν.
2703 3026 2798 3082 Διὰ
2840 3027 2941 3105 γὰρ
2988 3026 3085 3094 τὴν
3144 3024 3399 3102 ἀμέλειαν
3453 3031 3562 3082 τῶν
3604 3025 3896 3107 Ἐϐραίων,

501 3098 728 3187 rantur,
765 3125 824 3177 et
854 3115 929 3176 ob
961 3115 1274 3175 contiuuas
1304 3112 1671 3192 captivitates
1705 3131 1719 3176 :
1750 3113 2015 3176 fortassis
2043 3115 2116 3177 ab

2246 3098 2407 3169 πολλὰ
2458 3112 2636 3191 βιϐλία
2678 3098 2981 3191 ἀπώλοντο,
3029 3114 3118 3171 καὶ
3161 3098 3268 3171 άπὸ
3313 3115 3420 3172 τῶν
3450 3098 3901 3198 ωνεχωνάἰχμξ

504 3224 650 3285 sque
681 3205 857 3266 etiam
888 3203 1182 3282 scriptura
1211 3205 1324 3265 hoc
1352 3201 1662 3264 dicebatur
1713 3204 1798 3263 ιϐ
1843 3203 2001 3282 apud
2038 3203 2148 3268 Ju-

504 3295 685 3357 dzeos.
742 3295 1046 3372 Signiﬁcat
1090 3301 1283 3354 autem
1333 3290 1664 3368 Nazaraaus,
1697 3293 2096 3355 sanctiﬁcatus
2131 3316 2144 3354 :

505 3382 688 3460 igitur
743 3381 1024 3462 quoniam
1084 3390 1322 3442 sanctus
1376 3381 1672 3463 Christus,
1723 3390 1884 3444 recte
1930 3381 2150 3445 dicitur

508 3469 842 3533 Nazaraeus.
871 3469 1128 3532 Sanctus
1176 3469 1334 3531 enim
1386 3467 1643 3545 Israelis,
1677 3488 1712 3531 a
1756 3469 1959 3532 multis
2001 3489 2146 3550 pro-

505 3560 700 3640 phetis
740 3567 982 3623 vocatur
1005 3558 1313 3623 Dominus.

1117 3679 1365 3747 CAPUT
1401 3680 1502 3748 III.

540 3795 801 3862 Joames
831 3799 1109 3878 Baptista
1134 3799 1376 3877 primus
1403 3797 1579 3877 regni
1609 3795 1866 3860 caelestis
1881 3815 2100 3878 promo.

582 3920 764 3985 Vens.
800 3923 857 3983 1.
899 3946 923 3977 α
960 3922 1027 3984 In
1083 3920 1294 3983 diebus
1347 3928 1544 3984 autem
1584 3920 1723 3982 illis.
1758 3945 1782 3977 ε
1832 3921 1963 3984 Non
2008 3942 2140 3986 cum

504 4013 791 4073 Dominus
822 4019 980 4072 esset
1009 4028 1178 4092 puer,
1212 4018 1268 4072 et
1298 4010 1360 4072 in
1390 4011 1676 4072 Nazareth
1706 4009 2139 4089 habitabat,sed

500 4100 854 4182 simpliciter
895 4101 983 4163 sic
1037 4099 1250 4180 inquit,
1286 4107 1349 4161 ut
1391 4099 1472 4177 inf
1501 4110 1774 4180 tempore
1823 4099 1949 4173 illo,
1982 4102 2140 4184 quod

500 4199 637 4252 ante
686 4191 838 4251 hanc
897 4197 1250 4269 praesentem
1302 4197 1428 4250 erat
1476 4195 1730 4251 aetatem.
1797 4211 1820 4246 ι
1869 4191 2144 4256 Accessit

2233 3200 2480 3260 αλωσιῶν
2514 3221 2532 3239 ο
2586 3205 2838 3283 ὰγράφως
2917 3201 2972 3260 δὲ
3027 3204 3196 3284 τυχὸν
3274 3202 3489 3284 ἐλέγετο
3557 3206 3702 3284 παρὰ
3767 3219 3898 3274 τοῖς

2230 3289 2526 3358 Ἰουδαίοις,
2585 3295 2844 3370 Σημαίνει
2893 3289 2949 3350 δὲ
3007 3293 3094 3365 16,
3142 3299 3482 3372 Ναζωραῖος,
3537 3295 3893 3372 ἡγιασμένος,

2229 3379 2344 3436 επεὶ
2411 3384 2584 3439 τοίνυν
2630 3381 2794 3463 ᾅγιος
2852 3383 2882 3439 6
2963 3381 3212 3461 Χριστὸς,
3272 3383 3490 3448 εἰκότως
3544 3381 3606 3440 ἂν
3676 3382 3897 3463 λέγοιτο

2231 3476 2567 3548 Ναζωραῖος.
2625 3461 2823 3550 υΛγιος
2893 3471 2994 3552 γὰρ
3041 3477 3135 3528 τοῦ
3192 3471 3431 3550 Ἰσραὴλ,
3478 3473 3622 3551 παρὰ
3667 3461 3897 3530 πολλῶν

2229 3563 2518 3640 προφητῶν
2545 3558 2792 3620 καλεῖται
2833 3563 2862 3618 δ
2895 3562 3106 3641 Κύριος.

2866 3658 3122 3714 usus.
3166 3641 3249 3716 1".

2552 3744 2802 3820 Ἰωάννης
2903 3745 3119 3836 έκήρυξε
3219 3745 3492 3822 βασιλείαν
3593 3753 3700 3806 τῶν
3782 3754 3889 3811 οὐ-

2960 3847 3132 3906 ρανων
3139 3873 3156 3890 ,

2311 3936 2336 3971 ε
2368 3915 2464 3976 Ἐν
2531 3915 2586 3974 δὶ
2637 3931 2762 3984 ταῖς
2827 3916 3051 3998 ἡμέραις
3095 3915 3344 3981 ἐκείναις.
3381 3939 3410 3974 ι
3445 3921 3563 3998 Οὐχ
3621 3917 3710 3976 ὅτε
3753 3922 3821 3987 ἦν
3855 3924 3888 3979 6

2227 4008 2414 4085 Κύριος
2468 4019 2625 4082 παῖς,
2692 4007 2782 4064 καὶ
2837 4009 2890 4064 ἓν
2952 4005 3189 4086 Ναζαρὲτ
3242 4010 3500 4085 κατῴκει,
3545 4006 3666 4065 ἀλλ’
3693 4007 3891 4077 ἀτελῶς

2224 4094 2362 4152 οὕτω
2402 4098 2586 4177 φησὶν,
2631 4097 2776 4173 οἷον,
2835 4094 2889 4153 ἐν
2939 4102 3018 4171 τῷ
3056 4102 3224 4175 καιρῷ
3267 4097 3475 4172 εκείνῳ,
3508 4098 3569 4154 16
3622 4100 3725 4178 1:96
3779 4101 3888 4169 τῆς

2224 4190 2311 4240 νῦν
2367 4192 2578 4265 γενεᾶς.
2629 4205 2654 4242 ε
2705 4185 3056 4264 Παραγίνεται
3103 4184 3355 4253 Ἰωάννης
3397 4184 3427 4240 6
3470 4185 3794 4262 βαπτιστής.
3848 4211 3883 4247 ι

2229 3748 2445 3823 Πρῶτος

499 4280 757 4342 Joannes
790 4277 1072 4358 Baptista.
1113 4301 1135 4333 ε
1171 4279 1495 4357 Propterea
1538 4277 1752 4338 missus
1798 4286 1886 4340 est
1928 4297 1963 4341 a
2017 4278 2140 4343 Deo

2246 4275 2325 4329 ἰιὰ
2380 4285 2536 4336 τοῦτο
2563 4273 2810 4354 ἐπέμφθη
2865 4276 3011 4355 παρὰ
3059 4281 3152 4332 τοῦ
3205 4277 3340 4332 Θεοῦ
3399 4277 3430 4332 6
3471 4276 3755 4352 ⁹ιωάννης,
3783 4276 3888 4336 ἵνα

496 4369 779 4449 Joannes,
806 4377 868 4428 ut
919 4373 1194 4446 argueret
1237 4363 1496 4442 Judzeos,
1531 4374 1590 4428 et
1639 4368 2026 4448 persuaderet
2053 4371 2140 4432 eis

2246 4361 2467 4444 ηλέγχων
2530 4365 2654 4430 τοὺς
2707 4360 3015 4445 Ἰουδαίους,
3067 4364 3226 4441 πείσῃ
3265 4365 3452 4429 αὐτούς
3511 4366 3584 4432 εἰς
3625 4365 3886 4434 αἴσθησιν

496 4465 560 4518 ut
582 4476 689 4520 sua
721 4456 874 4518 mala
903 4463 1317 4536 agnoscerent,
1349 4463 1524 4537 atque
1553 4457 1632 4518 ita
1676 4457 1970 4521 Christum
2002 4477 2136 4522 sus-

2246 4450 2400 4510 ,Ms‘tv
2453 4454 2560 4511 τῶν
2617 4454 2827 4512 οἰκείων
2885 4459 3090 4531 κακῶν,
3147 4455 3237 4511 καὶ
3293 4453 3434 4511 οὕτω
3488 4453 3885 4534 παραδέξασθαι

495 4545 788 4626 ciperent.
839 4543 984 4606 Nam
1019 4543 1129 4606 nisi
1161 4544 1294 4625 quis
1323 4562 1561 4606 sensum
1593 4547 1892 4626 acceperit
1919 4566 2138 4628 pecca-

2246 4543 2313 4598 :6v
2373 4545 2626 4622 Χριστὸν.
2679 4543 2737 4601 Εἰ
2793 4542 2871 4619 μὴ
2929 4543 3030 4621 γὰρ
3077 4540 3331 4612 αἴσθησιν
3400 4541 3555 4602 λάϐοι
3623 4565 3706 4608 τις
3766 4552 3886 4604 τῶν

496 4642 718 4710 torum,
773 4654 890 4696 non
933 4633 1094 4696 venit
1134 4633 1205 4695 ad
1257 4633 1686 4714 pcenitentiam.
1723 4635 1939 4699 Missus
1966 4637 2142 4718 igitur

2246 4635 2517 4713 ιμαρτιῶν,
2575 4636 2670 4692 οὐκ
2750 4630 2965 4711 ἔρχεται
3059 4631 3132 4695 εἰς
3229 4631 3538 4709 μετάνοιαν,
3593 4633 3884 4716 Ἐπέμφθη

493 4733 583 4786 est
609 4724 889 4788 Joannes.

2246 4722 2393 4778 τοίνυν
2417 4723 2446 4779 6
2477 4719 2755 4788 Ἰωάννης,
2914 4801 2917 4804 _

575 4811 756 4876 Vsus.
803 4816 942 4892 1,2.
983 4837 1008 4868 α
1035 4811 1370 4874 Przedicans
1426 4812 1489 4875 in
1534 4813 1771 4877 deserto
1814 4814 2057 4891 Judaaae,
2080 4826 2138 4879 et

2309 4831 2338 4871 ε
2386 4811 2673 4889 κηρύσσων
2717 4810 2771 4867 έν
2827 4815 2897 4886 τῇ
2935 4811 3126 4889 δρήμφ
3151 4814 3248 4878 τῆς
3298 4807 3594 4887 Ἰουδαίας,
3650 4813 3740 4870 καὶ
3782 4811 3889 4870 λέ-

493 4902 702 5000 dicens
732 4924 745 4965 :
781 4902 1201 5000 Desipiscite.»
1230 4903 1593 5000 Arrogantes
1615 4904 2010 5000 erantJudaai,
2039 4905 2137 5000 id,-

2246 4923 2328 4957 νων
2363 4917 2378 4933 ⁶
2429 4907 2773 4958 Μετανοεῖτε.
2851 4923 2881 4956 ι
2960 4898 3245 4972 Ἀλαζόνες
3303 4899 3441 4969 ἦσαν
3496 4903 3547 4959 οἱ
3595 4900 3882 5000 1.0060101,

491 4991 651 5054 circo
683 4992 834 5069 cogit
868 4979 972 5052 eos
1002 4991 1074 5052 ad
1101 4979 1536 5072 pcenitentiam.
1563 5015 1592 5054 ε
1627 4979 2138 5077 Appropinqnavit

2246 4991 2304 5048 ιὰ
2360 4997 2513 5048 τοῦτο
2569 4993 2795 5047 συνωθεῖ
2836 4989 3026 5054 αὐτοὺς
3071 4990 3146 5053 εἰς
3193 4989 3502 5065 μετάνοιαν,
3560 5012 3591 5047 α
3627 4979 3876 5070 "anui

489 5080 649 5142 enim
684 5099 930 5159 regnum
957 5082 1240 5141 ccelorum
1306 5106 1332 5136 n
1369 5080 1635 5161 Regnum
1678 5083 1960 5144 ccelorum
1993 5084 2137 5146 dicit

2246 5081 2314 5159 ’ἆρ
2371 5083 2406 5148 ἡ
2451 5077 2692 5157 βασιλεία
2743 5084 2851 5136 τῶν
2907 5080 3162 5158 οὐρανῶν.
3223 5101 3254 5135 ι
3302 5078 3579 5138 Βασιλείαν
3635 5083 3876 5160 οὐρανῶν

488 5169 746 5250 primum
780 5179 836 5231 et
867 5171 1194 5230 secundum
1229 5168 1443 5233 Christi
1472 5171 1809 5247 adventum,
1862 5182 1920 5235 et
1953 5174 2130 5236 vitam

2249 5169 2353 5249 ἐγει
2422 5169 2521 5236 τὴν
2563 5169 2781 5248 πρώτην
2835 5171 2924 5226 καὶ
2965 5165 3206 5246 δευτέραν
3231 5174 3326 5250 τοῦ
3375 5175 3603 5248 Χριστοῦ
3655 5190 3871 5248 παρου-

485 5246 801 5320 virtutibus
834 5258 1413 5340 prazditam.Quando
1446 5261 1602 5322 enim
1645 5261 1704 5324 in
1733 5246 1890 5323 terra
1918 5263 2127 5326 ambu-

2248 5246 2349 5333 ίαν,
2396 5260 2484 5316 καὶ
2543 5246 2638 5326 τὴν
2693 5258 2938 5339 ἐνάρετον
3005 5257 3174 5328 ζωήν.
3235 5246 3432 5316 ’Ὅταν
3474 5258 3576 5338 γὰρ
3617 5257 3704 5316 ἐπὶ
3739 5246 3866 5336 *γῆς

487 5347 702 5428 lamus,
736 5349 906 5428 quasi
936 5349 996 5408 in
1030 5351 1178 5409 coelo
1208 5349 1493 5427 degentes
1539 5349 1768 5431 absque
1797 5352 2127 5415 affectioni-

2246 5346 2530 5423 αδίζοντες,
2591 5350 2666 5413 ὡς
2723 5351 2780 5405 ἓν
2821 5349 3022 5424 οὖρανῷ
3067 5344 3495 5424 πολιτευώμεθα,
3553 5347 3631 5424 μὴ
3691 5347 3865 5425 ἒμτα-

485 5437 616 5515 bus,
652 5457 902 5518 regnum
927 5436 1213 5500 habemus
1243 5439 1548 5504 caelorum.

2246 5451 2314 5503 ῶς
2343 5444 2561 5513 ζῶντες,
2592 5438 2867 5515 βασιλείαν
2894 5438 3096 5519 ἔχομεν
3139 5437 3398 5515 οὐρανῶν.

568 5599 620 5641 η
647 5599 788 5679 Luc.
822 5616 887 5676 ιι,
921 5597 1022 5661 39.
