4072 6214
437 315 550 381 179
1390 315 1985 382 THEOPHYLACTI
2031 316 2441 380 BULGKRIE
2485 315 2844 383 ARCHIEP.

3714 321 3837 387 180

435 466 604 510 meus
635 448 917 520 dilectus,
951 465 1059 528 pro
1113 449 1400 512 Joannem
1455 449 1611 511 dicta
1665 449 1764 524 sit,
1823 449 1926 511 sed
1959 447 2083 508 viso

2181 449 2349 512 51⁶ίὸς
2394 471 2496 523 μου
2540 451 2568 504 0
2613 448 2918 531 ἀγαπητὸς,
2961 471 2984 505 ι
3037 448 3121 505 διὰ
3162 452 3254 507 τὸν
3302 449 3552 519 ἰωαννην
3597 452 3833 531 ἐγένετο,

429 536 652 617 Spiritu
680 536 1000 599 crederent
1019 538 1177 618 quod
1212 546 1457 618 propter
1485 535 1689 600 Jesum
1717 556 1822 598 vox
1855 538 1955 599 illa
1985 536 2082 598 sit.

2181 534 2288 590 αλλ’
2333 534 2529 597 ἰδόντες
2587 530 2944 613 τδΠνεῦμα,
3007 540 3382 620 πιστεῦσωσιν,
3429 541 3515 597 ὅτι
3579 543 3614 610 ἡ
3677 530 3833 620 φωνῆ

427 624 607 698 Quasi
636 625 999 700 columbam,
1021 634 1263 706 propter
1291 627 1691 688 innocentiam
1723 635 1781 687 et
1806 645 2084 709 mansuej

2181 624 2302 692 ιῦτη
2365 623 2450 681 διὰ
2506 627 2599 682 τὸν
2670 624 2875 694 Ἰησοῦν
2924 631 3089 688 ἔστιν,
3158 619 3301 685 Ὠσεὶ
3379 619 3699 709 περιστερὰν
3744 629 3826 704 δὲ,

430 714 724 790 tudinem,
758 723 817 777 et
853 705 1438 796 quodimundissima
1465 716 1540 777 sit
1571 716 1870 795 columba,
1899 724 1956 775 et
1985 705 2084 774 ubi

2181 712 2250 768 3::‘1
2303 716 2364 770 τὸ
2395 714 2592 771 ἄκακον
2650 720 2735 772 καὶ
2791 722 2958 794 πρᾶον
2994 734 3006 748 ⁸
3043 718 3129 773 καὶ
3160 715 3241 773 ὅτι
3272 705 3642 796 καθαρῶτατόν
3685 719 3828 777 ἐστιν

429 803 580 865 fetor
608 809 721 877 est,
753 804 834 864 ibi
867 823 982 864 non
1033 812 1287 876 maneat,
1314 804 1402 865 sic
1436 813 1493 864 et
1524 803 1778 881 Spiritus
1819 811 2080 865 sanctus.

2181 805 2202 869 ὴ
2260 808 2564 884 περιστερὰ,
2610 807 2692 860 κοῖ
2749 805 2870 861 ἔνθα
2901 804 3124 861 δυσωδέα
3167 805 3337 880 ἐστίν,
3389 808 3448 865 οὒ
3476 809 3766 886 παραμένει
3805 824 3820 838 ⁶

428 893 503 954 Et
531 903 594 954 ut
623 893 698 956 de
728 894 855 956 Noe
884 893 1050 953 aiunt
1070 893 1402 953 columbam
1437 893 1738 953 nunliasse
1768 891 1973 953 diluvii
1996 911 2085 952 so-

2181 890 2307 948 bb'tm
2362 895 2448 949 καὶ
2506 895 2567 950 τὸ
2608 893 2759 971 ἅγιον
2807 900 3042 970 Πνεῦμα.
3083 893 3251 952 Ἀλλὰ
3296 898 3384 953 καὶ
3416 896 3502 952 ἐπὶ
3543 900 3638 954 τοῦ
3680 903 3818 971 Νῶε,

431 983 745 1062 lutionom,
779 1000 1012 1042 ramum
1049 982 1215 1042 oliva;
1243 982 1613 1056 aﬂ‘erentem,
1646 982 1731 1042 sic
1751 989 1808 1042 et
1838 980 1935 1042 hic
1959 980 2085 1061 Spi-

2181 1002 2448 1061 περιστερα
2530 981 2747 1062 ἤγγειλε
2839 985 2938 1051 τὴν
3025 983 3172 1041 λύσιν
3255 985 3346 1042 τοῦ
3422 985 3815 1066 κατακλυσμοῦ,

431 1075 580 1134 ritus
627 1083 865 1135 sanctus
897 1073 1229 1135 manifestat
1270 1083 1644 1154 peccatorum
1699 1071 2074 1133 solutionem.

2181 1070 2362 1150 ιάρφος
2395 1069 2573 1134 ἐλαίας
2625 1071 2852 1153 φέρουσα
2882 1091 2898 1106 ⁸
2936 1071 3075 1130 οὕτω
3117 1075 3204 1129 καὶ
3251 1074 3466 1132 ἐνταῦθα
3509 1078 3570 1131 τὸ
3617 1082 3823 1149 Πνεῦμα

434 1164 544 1228 Hic
576 1185 778 1229 ramus
803 1168 989 1242 oliva,
1023 1167 1122 1228 hic
1158 1166 1571 1230 misericordia
1619 1166 1748 1228 Dei.
1800 1195 1822 1226 ι
1855 1167 1968 1229 Hic
1999 1175 2091 1227 est

434 1257 618 1321 Filius
654 1277 822 1322 meus
855 1259 1130 1335 dilectus,
1167 1258 1226 1320 in
1258 1279 1373 1339 quo
1407 1258 1553 1320 mihi
1605 1258 1760 1320 bene
1811 1259 2086 1339 placitum

435 1363 549 1414 est.
587 1371 608 1401 ι
642 1349 766 1413 Hoc
790 1360 902 1425 est,
926 1351 986 1412 in
1018 1371 1135 1432 quo
1156 1352 1496 1434 requiesco,
1530 1353 1588 1412 in
1620 1370 1736 1432 quo
1764 1351 1906 1410 mihi
1929 1369 2086 1412 com-

433 1443 664 1535 placeo.

1060 1563 1302 1629 CAPUT
1353 1564 1452 1628 IV.

478 1683 560 1746 De
603 1687 933 1747 tentatiune
977 1685 1204 1746 Christi
1248 1687 1314 1746 in
1355 1686 1606 1764 deserto,
1639 1684 2048 1764 degvocatione

635 1764 828 1839 Petri,
857 1773 914 1826 et
947 1765 1200 1827 Andreae
1230 1772 1286 1825 et
1319 1763 1600 1844 ﬁliorum
1621 1763 1922 1826 Zebedwi.

514 1875 697 1938 Vens.
733 1877 792 1938 1.
825 1901 847 1930 ι
883 1875 1052 1939 Tunc
1094 1874 1268 1938 Jesus
1327 1874 1544 1937 ductus
1578 1882 1670 1937 est
1697 1874 1755 1935 in
1789 1873 2088 1935 desertum

435 1985 470 2028 a
499 1965 745 2048 Spiritu.
787 1991 810 2027 ο
851 1970 1083 2032 Docens
1109 1968 1404 2048 nos,quod
1435 1975 1564 2049 post
1587 1966 1939 2047 baptismum
1960 1982 2090 2026 ma-

431 2056 519 2134 gis
548 2064 786 2137 oportet
816 2066 1160 2136 exspectare
1193 2058 1575 2132 tentationes,
1601 2056 1841 2118 ducitur
1888 2074 1922 2116 a
1951 2055 2088 2134 Spi-

433 2144 549 2207 ritu
583 2154 784 2206 sancto
820 2166 834 2209 :
872 2145 1022 2207 nihil
1044 2147 1202 2208 enim
1238 2146 1368 2207 sine
1396 2145 1616 2226 Spiritu
1650 2145 1812 2208 fecit.
1848 2143 2090 2208 Ducitur

436 2241 632 2296 autem
670 2236 725 2295 in
758 2234 1089 2315 desertum,
1116 2243 1178 2295 ut
1207 2234 1478 2295 ostendat
1501 2234 1668 2296 nobis
1689 2233 1845 2314 quod
1871 2232 2087 2293 diabo-

434 2320 529 2383 lus
560 2331 698 2384 tunc
730 2341 837 2384 nos
881 2330 1064 2383 tentet
1121 2322 1356 2402 quando
1414 2322 1627 2384 viderit
1680 2322 1997 2394 solitarios,
2030 2328 2088 2382 et

435 2429 554 2471 non
585 2410 658 2472 ab
688 2410 822 2472 aliis
849 2410 1104 2490 adjutos.
1138 2412 1387 2492 Oportet
1416 2411 1591 2489 igitur
1618 2429 1726 2471 nos
1755 2429 1875 2472 non
1905 2418 2088 2472 teme-

435 2517 503 2561 re
535 2499 720 2561 fidere
751 2499 1093 2580 nobisipsis.
1134 2525 1160 2556 α
1203 2499 1278 2563 Ut
1333 2508 1661 2562 tentaretur
1691 2519 1724 2561 a
1753 2499 2010 2560 diabolo.
2057 2523 2080 2556 ο

437 2587 719 2650 Diabolus
747 2588 987 2665 dicitur,
1021 2588 1176 2669 quod
1210 2589 1575 2650 accusaverit
1606 2598 1662 2648 et
1691 2587 2084 2650 calumniatus

439 2676 624 2738 fuerit
673 2675 860 2738 Deum
917 2677 1071 2757 apud
1125 2677 1340 2742 Adam.
1378 2676 1534 2738 Dixit
1575 2677 1732 2737 enim
1782 2675 1890 2750 illi,
1933 2680 2085 2738 Deus

436 2764 603 2826 vobis
661 2764 927 2842 invidet;
977 2773 1034 2828 et
1082 2784 1242 2828 nunc
1293 2765 1567 2826 virtutem
1612 2764 1764 2846 apud
1819 2783 1928 2826 nos
1980 2782 2082 2825 ca-

438 2852 782 2916 lumniatur.

516 2942 701 3006 Vens.
735 2945 798 3007 2.
836 2965 859 2995 α
891 2943 968 3006 Ει
1023 2960 1156 3006 cum
1203 2944 1560 3023 jejuuasset.
1598 2967 1625 2998 ι
1657 2941 1982 3022 Jejunavit,
2027 2950 2090 3003 ut

438 3033 711 3095 ostendat
731 3031 889 3113 quod
913 3049 1130 3112 magna
1149 3040 1446 3094 armatura
1469 3039 1675 3093 contra
1702 3031 2090 3108 Ltentationes

2171 1159 2233 1215 τὸ
2286 1159 2461 1237 ἅγιον,
2508 1159 2668 1227 δη)οτ
2727 1159 2876 1218 λύσιν
2926 1168 3033 1217 τῶν
3091 1162 3388 1242 ἁμαρτιῶν.
3435 1162 3588 1222 Ἐκεῖ
3629 1165 3828 1244 κάρφος

2171 1245 2371 1320 ἐλαίας,
2419 1247 2640 1306 ἐνταυθα
2667 1247 2721 1305 δὲ
2764 1249 2912 1314 ἔλεος
2960 1257 3113 1311 Θεοῦ.
3166 1274 3194 1305 ι
3231 1253 3395 1318 Οὗτός
3437 1256 3580 1310 ἔστιν
3631 1255 3658 1310 0
3705 1252 3830 1315 Υἱός

2172 1358 2273 1411 μου
2329 1339 2357 1394 0
2400 1337 2704 1419 ἀγαπητὸς,
2735 1340 2793 1394 ἓν
2837 1343 2882 1413 ᾧ
2929 1337 3190 1407 εὐδόκησα
3225 1359 3242 1376 ο
3279 1362 3301 1394 ι
3337 1341 3629 1417 τουτέστιν,
3661 1341 3749 1402 Ἐν
3780 1345 3830 1415 ᾧ

2172 1425 2534 1503 ἀναπαύομαι,
2563 1425 2617 1482 ἐν
2648 1431 2694 1500 ᾧ
2722 1427 3037 1506 ἆρέσκομαι,

2811 1526 3065 1583 ΚΕΦΑΔ.
3114 1530 3152 1578 Δ
3167 1511 3199 1580 ⁸.

2169 1614 2292 1692 Περὶ
2348 1622 2641 1698 πειρασμοῦ
2719 1622 2812 1698 τοῦ
2882 1623 3128 1696 Χριστοῦ,
3197 1620 3314 1698 περὶ
3370 1624 3468 1686 τῆς
3545 1626 3638 1676 τοῦ
3707 1621 3823 1676 Πέ-

2250 1715 2391 1774 τρου,
2444 1693 2567 1774 ,καὶ
2625 1693 2887 1774 ’Λνδρέου,
2934 1693 3050 1756 καὶ
3113 1693 3220 1755 τῶν
3267 1693 3414 1755 ὐἱῶν
3481 1705 3574 1756 τοῦ
3655 1698 3823 1757 Ζεϐε-

2113 1746 2149 1796 Β
2251 1746 2393 1830 Silio};
2434 1746 2701 1844 .12....2.

2253 1888 2284 1923 α
2332 1870 2461 1926 Τότε
2518 1871 2546 1925 0
2590 1868 2796 1936 ’[ησοῦς
2841 1869 3055 1950 ἀνήχθη
3110 1872 3184 1934 εἷς
3238 1873 3334 1939 τὴν
3378 1871 3576 1952 ἔρημον
3600 1873 3701 1929 ὑπὸ
3729 1881 3829 1930 τοῦ

2173 1957 2502 2032 Πνεῦματος.
2538 1976 2570 2018 ι
2611 1956 2881 2016 Διδάσκων
2912 1963 3084 2040 ἡμᾶς,
3114 1960 3194 2016 ὅτι
3240 1963 3375 2035 μετὰ
3417 1963 3476 2017 τὸ
3519 1963 3828 2038 βάπτισμα,

2175 2044 2377 2122 μᾶλλον
2420 2043 2503 2104 δεῖ
2550 2045 2846 2118 προσδοκᾶν
2896 2050 3242 2129 πειρασμοὺς,
3289 2050 3539 2129 ἀνάγεται
3579 2052 3682 2108 ὑπὸ
3729 2059 3834 2109 τοῦ

2173 2133 2475 2210 Πνεύματος
2531 2142 2624 2193 τοῦ
2672 2137 2823 2216 ἁγίου
2856 2157 2867 2173 ·
2930 2138 3078 2196 οῦδίν
3134 2140 3234 2219 γὰρ
3281 2139 3402 2196 ἄνευ
3443 2146 3536 2197 τοῦ
3589 2141 3831 2216 Πνεύμα-

2167 2243 2259 2287 τος
2333 2222 2615 2303 ἔπραττεν.
2679 2221 2954 2304 Ἀνάγεται
3008 2225 3063 2284 δὲ
3139 2230 3212 2292 εἰς
3277 2229 3376 2297 τὴν
3446 2229 3667 2308 ἔρημον,
3724 2229 3823 2285 ἵνα

2168 2307 2307 2388 δείξῃ
2348 2311 2507 2387 ἡμῖν,
2570 2313 2650 2368 ὅτι
2695 2316 2724 2370 0
2781 2312 3023 2380 διάϐολος
3078 2317 3200 2373 τότε
3229 2307 3657 2396 πειρέιζειίὴμᾶς,
3690 2315 3818 2375 ὅταν

2169 2397 2282 2476 εἱδῇ
2318 2401 2750 2481 μεμονωμένους,
2815 2405 2902 2460 καὶ
2957 2404 3037 2481 μὴ
3094 2404 3180 2461 ὑπ’
3222 2405 3470 2476 αλλήλων
3515 2406 3821 2482 βοηθουμέ-

2168 2509 2309 2553 νους.
2365 2498 2462 2546 Δεῖ
2518 2492 2605 2547 οῦν
2663 2493 2805 2567 ἡμᾶς
2865 2494 2944 2569 μὴ
2999 2491 3233 2558 ἀϐούλως
3307 2497 3516 2560 ἑαυτοῖς
3575 2494 3813 2574 θαρῤεϊν.

2173 2595 2199 2632 ι
2248 2581 2599 2655 Πειρασθῆναι
2656 2581 2757 2636 ὑπὸ
2798 2581 2891 2638 τοῦ
2919 2580 3183 2641 διαϐόλου.
3223 2600 3247 2635 ο
3299 2583 3552 2647 Διάϐολος
3600 2583 3814 2662 λέγεται

2167 2668 2240 2729 ὡς
2294 2663 2558 2724 διαϐαλὼν
2631 2669 2724 2724 τὸν
2795 2671 2926 2726 Θεὸν
2982 2673 3112 2749 πρὸς
3178 2673 3268 2728 τὸν
3325 2670 3515 2749 Ἀδάμ.
3552 2677 3686 2730 Birt:
3713 2674 3819 2752 γὰρ

2167 2756 2333 2829 αὒτῷ,
2392 2755 2472 2812 ὅτι
2530 2759 2557 2812 0
2620 2760 2748 2820 Θεὸς
2806 2763 2989 2838 φθονεῖ
3044 2763 3197 2834 ἡμῖν.
3296 2764 3393 2820 Καὶ
3452 2769 3538 2818 νῦν
3596 2759 3650 2817 δὲ
3719 2762 3824 2828 τὴν

2172 2843 2366 2922 ἀρετὴν
2408 2841 2678 2904 διαϐάλλει
2724 2849 2853 2925 πρὸς
2885 2851 3050 2924 ἡμᾶς.

2262 2957 2285 2987 ιι
2338 2935 2435 2992 Καὶ
2493 2937 2809 3002 νηστεύσας.
2863 2959 2886 2995 ο
2949 2936 3314 3014 Ἐνήστευσεν,
3377 2938 3468 2995 ἵνα
3526 2937 3688 3017 δείξῃ,
3735 2938 3823 2995 ὅτι

2170 3021 2338 3079 ὅπλυν
2372 3025 2512 3101 μέγα
2566 3026 2600 3092 ἡ
2646 3026 2861 3092 νηστεία
2903 3029 3040 3082 κατὰ
3097 3034 3204 3084 τῶν
3251 3035 3585 3108 πειρασμῶν,
3642 3028 3824 3104 ὥσπερ

437 3121 514 3182 sit
535 3110 1036 3203 ,ἱείυηίυῐηβὶουί
1053 3121 1407 3202 principium
1435 3121 1630 3182 omnis
1662 3120 2085 3199 peccati,deli-

2181 3111 2320 3203 ὶρχὴ
2365 3114 2541 3180 πάσης
2598 3113 2875 3193 ἁμαρτίας,
2929 3119 2965 3186 ἡ
3008 3119 3200 3196 τρυφή,
3266 3141 3294 3172 α
3332 3110 3561 3194 Ἡμέρας
3622 3138 3821 3172 τεσσαο

438 3207 567 3271 ciae.
635 3230 661 3265 α
716 3208 856 3270 Dies
912 3209 1332 3288 quadraginta,
1369 3209 1460 3269 20
1487 3216 1546 3268 et
1576 3215 1778 3270 noctes
1829 3208 2089 3287 quadra-

438 3295 623 3374 ginta.
663 3319 686 3353 ι
721 3295 832 3377 ’_l‘ot
871 3296 1170 3375 jejunavit
1220 3303 1368 3377 quot
1413 3305 1474 3358 et
1519 3300 1709 3357 Moses
1760 3305 1816 3357 et
1877 3296 2083 3360 Elias:

437 3385 595 3465 quod
625 3383 676 3444 si
706 3384 906 3464 plures
958 3386 1314 3465 jejunasset,
1347 3385 1470 3446 visa
1527 3385 1730 3446 fuisset
1762 3384 2089 3447 incarnatio

437 3474 574 3554 ejus
603 3474 807 3535 ﬁctitia
837 3482 894 3534 et
913 3492 1228 3553 apparens.
1267 3477 1514 3537 (Postea
1543 3474 1811 3536 esuriit.»
1841 3473 2087 3545 Quando

438 3562 711 3643 permisit
741 3569 981 3637 naturae,
1020 3571 1158 3624 tunc
1189 3572 1248 3626 et
1279 3563 1504 3637 esuriit,
1539 3572 1601 3623 ut
1630 3563 1796 3623 daret
1819 3565 2086 3624 occasio-

439 3670 575 3714 nem
594 3651 831 3713 diabolo
849 3652 1173 3714 accedendi
1198 3661 1259 3714 et
1276 3652 1709 3732 congrediendi
1725 3671 1924 3713 secum
1955 3671 2086 3732 pro-

438 3748 569 3821 pter
596 3740 838 3816 famem,
873 3749 932 3802 et
950 3742 1037 3802 sic
1068 3749 1401 3822 prosternat
1429 3750 1489 3804 et
1510 3740 1754 3820 dejiciat
1775 3758 1936 3813 eum,
1975 3757 2085 3801 no-

437 3829 649 3911 bisque
677 3829 986 3891 victoriam
1022 3830 1325 3910 largiatur.

520 3917 879 3983 VERs.3.-Et
903 3938 1037 3980 cum
1070 3921 1417 3981 accessissst
1445 3919 1514 3980 ad
1538 3937 1672 3980 eum
1706 3919 1806 3979 ille
1828 3919 1928 3998 qui
1952 3926 2086 3978 ten-

439 4013 542 4088 tat,
569 4007 755 4069 dixit:
793 4007 855 4071 Si
887 4006 1072 4068 Filius
1099 4007 1207 4070 Dei
1238 4025 1325 4082 es,
1350 4007 1446 4069 dic
1495 4016 1559 4069 ut
1595 4008 1820 4088 lapides
1850 4007 1946 4067 isti
1979 4025 2086 4088 pa-

437 4118 546 4162 nes
576 4099 722 4160 ﬁant
767 4101 884 4180 (a).
921 4128 944 4159 ο
996 4100 1246 4161 Audivit
1281 4119 1487 4162 vocem
1547 4101 1852 4162 ccelestem
1912 4100 2085 4163 latro.

435 4187 657 4251 Iterum
690 4187 851 4251 videt
877 4206 1012 4251 eum
1045 4188 1437 4263 esurientem,
1473 4197 1533 4252 et
1583 4188 1811 4251 dubitat
1866 4189 2083 4263 adhuc,

438 4277 737 4359 quomodo
794 4276 978 4340 Filius
1029 4278 1132 4340 Dei
1196 4277 1444 4355 esuriat,
1505 4287 1564 4340 et
1621 4277 1846 4339 idcirco
1904 4285 2090 4339 teutat

2172 3202 2397 3279 ράκοντα
2443 3203 2528 3258 καὶ
2585 3205 2774 3266 νύκτας
2854 3207 3269 3283 τεσσαράκοντα.
3328 3229 3356 3262 ι
3404 3208 3670 3271 Τοσαύτας
3716 3228 3820 3273 νη-

2170 3290 2340 3345 στεύει
2395 3290 2524 3354 ὅσας
2568 3293 2656 3347 καὶ
2699 3293 2920 3369 Μωσῆς,
2969 3297 3055 3350 καὶ
3088 3286 3269 3362 Ἠλίας
3303 3311 3318 3326 ⁸
3365 3298 3409 3352 εἰ
3452 3297 3552 3374 γὰρ
3583 3294 3818 3374 πλείους,

2170 3376 2339 3443 ’έδοξεν
2409 3379 2478 3463 ἂν,
2531 3381 2787 3456 φαντασία
2839 3384 2874 3449 ἡ
2932 3383 3220 3462 σάρκιυσις.
3273 3404 3304 3444 ι
3353 3375 3614 3463 ι’Υστερον
3669 3383 3819 3439 ἐπεί-

2167 3491 2347 3532 νασεν,
2381 3490 2404 3520 ι
2468 3462 2611 3528 ’Ὀτε
2656 3474 2997 3552 συνεχώρησε
3039 3481 3106 3551 τῇ
3171 3475 3344 3556 φύσει,
3403 3477 3522 3531 τότε
3551 3475 3638 3531 καὶ
3665 3475 3819 3530 ὶπεί-

2171 3579 2352 3638 νασεν,
2379 3558 2472 3616 ἵνα
2515 3558 2659 3636 δώσῃ
2690 3561 2932 3641 ἀφορμὴν
2984 3571 3060 3637 τῷ
3116 3562 3349 3638 διαϐόλῳ
3389 3564 3701 3643 προσελθεῖν
3731 3565 3820 3618 καὶ

2171 3646 2545 3722 συμπλακῆναι
2603 3651 2746 3724 αὐτῷ
2801 3648 2884 3705 διὰ
2941 3650 3038 3718 τῆς
3096 3653 3306 3728 πείνης,
3367 3655 3454 3709 καὶ
3501 3652 3636 3710 οὕτω
3689 3652 3819 3730 ῥίψῃ

2171 3738 2328 3793 αὐτὸν
2357 3739 2442 3793 καὶ
2473 3736 2772 3813 καταϐάλῃ,
2806 3740 2892 3795 καὶ
2932 3741 3032 3806 τὴν
3064 3741 3212 3808 νίκην
3243 3742 3528 3821 χαρίσηται
3561 3744 3719 3816 ἡμῖν.

2258 3937 2286 3968 ι
2323 3915 2421 3974 Καὶ
2452 3913 2751 3992 προσελθὼν
2801 3917 2944 3992 αὐτῷ
2991 3921 3019 3975 0
3067 3920 3352 4000 πειράζων,
3398 3921 3574 3976 εἶπενο
3613 3921 3669 3976 Εἰ
3703 3921 3818 3982 Υἱὸς

2171 4004 2226 4088 εἴ
2271 4011 2362 4062 τοῦ
2391 4011 2545 4083 Θεοῦ,
2577 4005 2690 4060 εἰπὲ
2719 4006 2811 4062 ἵνα
2843 4010 2889 4064 0i
2920 4008 3050 4064 λίθοι
3081 4011 3223 4065 οῦτοι
3264 4006 3407 4086 ἄρτοι
3453 4010 3734 4088 γένωνται.
3785 4031 3812 4064 ι

2174 4082 2416 4152 Ἠκουσε
2473 4082 2572 4161 τῆς
2632 4097 2848 4173 οὐρανοῦ
2920 4101 3099 4176 φωνῆς
3159 4099 3187 4153 0
3232 4082 3477 4173 λῃένιτής.⁷
3526 4096 3692 4153 Πάλιν
3735 4098 3816 4153 εί-

2169 4178 2253 4238 δεν
2311 4182 2467 4239 αὒτὸν
2525 4191 2811 4259 πεινῶντα,
2874 4187 2960 4242 καὶ
3014 4185 3322 4265 ἀμφέϐαλλε
3366 4185 3577 4260 λοιπὸν,
3619 4193 3734 4251 πῶς
3786 4189 3814 4244 0

2171 4272 2291 4335 Υἱὸς
2346 4282 2439 4330 τοῦ
2495 4278 2624 4328 Θεοῦ
2666 4281 2820 4345 πεινᾷ
2850 4290 2864 4304 ’
2898 4272 2982 4330 διὰ
3014 4275 3166 4331 τοῦτο
3198 4277 3367 4334 τοίνυν
3427 4278 3657 4354 πειράζει
3716 4277 3814 4332 αὖ·

436 4358 574 4428 eum
599 4375 661 4428 ut
690 4367 905 4430 discat.
941 4367 1233 4431 Adulatur
1257 4375 1454 4430 autem
1490 4367 1569 4443 ei,
1609 4375 1820 4448 putans
1850 4385 1913 4427 se
1943 4366 2084 4447 quid

2181 4363 2286 4440 τὸν,
2341 4358 2436 4417 ἵνα
2494 4363 2656 4438 μάθῃ.
2720 4361 3002 4420 Κολακεύει
3057 4361 3112 4419 δὲ
3177 4365 3356 4440 αὐτὸν,
3416 4368 3641 4440 νομίζων
3681 4367 3818 4422 ὑπο-

436 4455 901 4532 suﬂ‘uraturum,
945 4456 1244 4530 dicendo,
1297 4481 1324 4513 ι
1380 4455 1443 4520 Si
1501 4457 1681 4519 Filius
1747 4455 1854 4518 Dei
1901 4474 1988 4516 es.
2058 4480 2081 4513 η

2181 4449 2390 4530 κλέψαι,
2423 4449 2478 4506 ἐν
2507 4457 2584 4525 τῷ
2624 4449 2798 4530 λέγειν
2831 4469 2847 4485 ·
2889 4473 2914 4508 ι
2953 4454 3009 4509 Ei
3042 4455 3160 4515 Υἱὸς
3210 4454 3264 4510 εἶ
3293 4461 3384 4510 τοῦ
3415 4461 3566 4514 Θεοῦ.
3605 4477 3634 4508 ι
3669 4451 3818 4510 Ἀλλ’

433 4544 564 4608 Jam
617 4563 813 4626 rogas,
877 4551 939 4608 et
985 4547 1142 4628 quod
1199 4556 1516 4627 peccatum
1569 4553 1694 4606 erat
1740 4543 1936 4606 facere
1999 4543 2087 4604 la-

437 4632 630 4714 pides,
667 4634 899 4714 panes?
936 4635 1096 4697 Audi
1144 4635 1348 4714 igitur,
1380 4633 1520 4713 quia
1549 4633 1757 4694 audire
1783 4632 2088 4693 diabolum

436 4721 498 4782 in
545 4722 768 4802 aliquo,
825 4733 1130 4803 peccatum
1187 4730 1298 4786 est.
1345 4721 1493 4784 Vide
1540 4731 1734 4783 autem
1776 4729 1836 4782 et
1872 4720 2030 4782 aliud
2073 4741 2088 4784 :

439 4829 557 4871 non
587 4809 757 4886 dixit,
785 4809 860 4875 Ut
889 4812 1040 4894 lapis
1067 4812 1167 4874 hic
1199 4813 1366 4892 panis
1395 4812 1518 4885 ﬁat,
1544 4811 1647 4873 sed
1676 4809 1907 4888 lapides
1942 4830 1954 4870 :
1992 4828 2090 4871 vo-

436 4897 569 4960 lens
612 4898 909 4962 Christum
960 4900 1030 4962 ad
1080 4901 1380 4980 superﬂua
1436 4898 1736 4978 instigare.
1785 4896 2087 4960 Esurienti

437 4987 597 5049 enim
631 5005 786 5048 unus
834 4988 1003 5069 panis
1031 4988 1268 5065 sufﬁcit,
1301 4995 1362 5048 et
1403 4997 1645 5069 prOpter
1674 4987 1786 5048 hoc
1815 4985 2084 5049 Christus

437 5093 556 5138 non
586 5076 809 5138 audivit
835 5095 996 5141 eum.

515 5167 700 5227 Vens.
723 5165 786 5232 4.
826 5190 854 5223 α
887 5165 963 5228 At
991 5166 1094 5229 ille
1123 5168 1520 5246 respondens,
1551 5165 1696 5227 dixit
1737 5187 1750 5229 :
1785 5165 2082 5246 Scriptum

433 5263 544 5332 est,
577 5253 705 5316 Non
749 5256 810 5316 in
852 5273 1004 5335 pane
1031 5255 1158 5316 solo
1220 5256 1480 5317 victurus
1523 5265 1611 5318 est
1641 5255 1845 5337 homo,
1876 5255 1980 5316 sed
2022 5254 2085 5316 in

433 5345 594 5405 omni
615 5342 798 5405 verbo
828 5342 984 5422 quod
1004 5341 1312 5421 egreditur
1333 5363 1439 5424 per
1471 5363 1537 5405 os
1567 5343 1693 5404 Dei.
1730 5369 1755 5398 ι
1797 5342 1878 5404 Ex
1905 5345 2086 5404 veteri

433 5438 791 5495 testamento
809 5438 900 5493 est
920 5431 1330 5493 testimonium
1355 5433 1689 5509 hoc;Mosis
1711 5433 1870 5494 enim
1891 5450 2086 5494 sermo

515 5609 600 5691 (α)
635 5607 787 5672 Edit.
822 5606 948 5670 Lut.
985 5607 1192 5671 omisit
1225 5608 1545 5691 Scriptura
1588 5609 1790 5673 verba.

2173 4539 2373 4618 ἐρωτᾶς
2411 4556 2424 4569 ⁸
2462 4541 2560 4598 Καὶ
2602 4541 2652 4595 τί
2692 4540 2986 4616 ἁμάρτημα
3013 4545 3080 4609 ἧν
3116 4545 3178 4598 τὸ
3231 4548 3451 4610 ποιῆσαι
3482 4544 3601 4601 τοὺς
3647 4546 3818 4607 λίθους

2175 4625 2411 4708 ἄρτους,
2476 4619 2678 4685 Ἀκουε
2727 4629 2840 4701 οῦν,
2892 4627 2998 4708 ὅτι-.
3029 4632 3090 4687 τὸ
3147 4631 3358 4688 ἀκούειν
3417 4641 3507 4688 τοῦ
3577 4629 3822 4688 διαϐόλου

2173 4704 2311 4773 κατά
2337 4704 2411 4776 rt.
2444 4717 2736 4796 ἁμάρτημά
2779 4717 2942 4776 ἐστιν.
2976 4704 3182 4784 ’,Αλλως
3237 4742 3294 4778 τε
3325 4719 3405 4777 ἴδε
3444 4737 3458 4750 ⁶
3511 4724 3606 4780 οὐκ
3637 4721 3813 4796 εἶπεν,

2172 4805 2289 4862 ’Ίνα
2332 4808 2360 4862 0
2394 4803 2534 4870 λίθος
2570 4807 2720 4870 οὗτος
2752 4804 2970 4883 γένηται
2999 4805 3177 4889 ἄρτος,
3209 4809 3330 4866 ἀλλ’
3359 4812 3419 4868 Oi
3448 4807 3602 4884 λίθοι,
3648 4809 3815 4886 θέλων

2170 4894 2316 4972 ῥίψαι
2372 4895 2462 4950 τὸν
2522 4896 2744 4973 Χριστὸν
2813 4896 2885 4956 εἰς
2957 4898 3333 4973 περιττότητα,
3397 4905 3483 4973 Τῷ
3543 4900 3642 4978 γὰρ
3696 4920 3812 4955 πει-

2168 4989 2322 5040 νῶντι
2382 4987 2465 5046 εἷς
2523 4982 2673 5059 ἄρτος
2735 4985 2890 5062 ἀρκεῖ
2930 4987 3142 5049 πάντως
3177 5002 3191 5017 ⁶
3226 4985 3310 5044 διὰ
3335 4994 3488 5044 τοῦτο
3528 4990 3556 5043 0
3589 4989 3810 5066 Χριστὸς

2168 5073 2266 5130 οὔκ
2292 5073 2515 5140 ἤκουσεν
2544 5074 2720 5135 αὑτοῦ,

2257 5187 2278 5219 ε
2335 5155 2391 5221 Ὀ
2444 5160 2498 5218 δὲ
2557 5161 2874 5242 ἀποκριθεὶς,
2943 5164 3066 5220 εἶπε
3114 5179 3129 5194 ⁶
3178 5164 3504 5246 Γέγραπται,
3563 5165 3672 5223 Οὒκ
3727 5164 3812 5221 ἐπ’

2171 5254 2311 5333 ἄρτῳ
2352 5254 2500 5328 μόνῳ
2553 5253 2766 5323 ζήσεται
2821 5251 3120 5332 ἄνθρωπος,
3174 5253 3295 5309 ἀλλ’
3358 5253 3444 5311 ἐπὶ
3501 5258 3656 5312 παντὶ
3708 5254 3814 5331 ῥή-

2172 5366 2298 5418 ματι
2357 5340 2758 5421 ἐκπορευομένῳ
2798 5340 2884 5398 διὰ
2941 5343 3208 5417 στόματος
3269 5349 3421 5402 Θεοῦ.
3463 5366 3491 5398 ι
3529 5345 3664 5400 Ἀπὸ
3721 5349 3818 5410 τῆς

2175 5431 2409 5496 Παλαιᾶς
2453 5431 2594 5489 ἐστιν
2636 5432 2670 5498 ἡ
2732 5431 2987 5510 μαρτυρία
3016 5451 3028 5465 ⁸
3087 5430 3319 5496 Μωσέως
3373 5435 3473 5512 γὰρ
3529 5435 3558 5490 0
3628 5431 3812 5510 λόγος.
