4072 6214
226 269 308 330 181
848 269 1291 332 ENARRATIO
1337 269 1420 332 IN
1465 262 1978 332 EVANGELIUM
2023 263 2423 330 MATTHMI.
2474 299 2534 312 -
2593 261 2756 331 CAP.
2803 264 2913 332 IV.
3450 267 3564 332 182

214 404 289 460 Καὶ
335 402 427 480 γαρ
458 403 548 458 καὶ
598 405 647 458 οἱ
705 400 968 482 ⁹Ιξῖϐραῖὀι,
1015 405 1092 476 τῷ
1147 402 1321 478 μάννα
1377 401 1704 483 ἐτράφησαν,
1741 404 1825 459 οῦκ

1922 407 2027 463 est.
2054 398 2198 463 Nam
2232 407 2290 462 et
2328 397 2565 462 Hebraei
2597 399 2775 462 cibati
2805 409 2942 463 sunt
2972 415 3210 476 manna,
3250 402 3408 483 quod
3441 424 3564 468 non

210 489 501 572 inpiam,
563 490 705 548 ἀλλὰ
763 489 850 548 διὰ
907 491 1144 569 ῥήματος
1206 491 1360 566 Θεοῦ,
1425 498 1600 548 πᾶσαν
1643 493 1825 571 χρείαν

1922 498 2037 550 erat
2067 490 2259 572 panis,
2293 490 2397 552 sed
2432 508 2540 570 per
2566 490 2810 551 verbum
2859 491 2966 552 Dei
2998 491 3285 571 implebat
3315 512 3554 557 omnem

211 587 291 634 τὼν
338 571 586 654 Ἐϐραίων
644 579 953 660 πληροῦνει,
1024 582 1112 636 καὶ
1184 581 1356 639 πάντα
1409 579 1673 658 γινομένῳ
1729 579 1825 636 ὅσα

1922 571 2720 659 Hebraeorumindigentiam,
2757 592 2818 641 et
2856 580 3252 642 ﬁebatomnia
3268 601 3556 661 quaecun-

217 669 262 721 ἂν
306 680 490 745 φαγεῖν
549 691 633 732 τις
664 669 934 744 ἐπεθύμει,
985 668 1107 725 Εἴτε
1151 669 1251 748 γάρ
1295 669 1501 749 ἰχθύος,
1537 668 1651 725 ετῖτε
1695 669 1822 744 ὠοῦ,

1922 685 2024 746 que
2047 668 2365 730 comedere
2388 669 2699 748 quisquam
2751 669 3031 749 cupiebat
3060 689 3075 748 ;
3109 687 3244 729 nam
3275 672 3397 731 sive
3430 671 3556 749 pis-

210 755 293 811 ιῗτι
335 764 478 836 τυροῦ
540 758 812 833 ὶπεθύμει,
908 759 936 814 6
994 754 1276 839 Ἰουδαῖος,
1345 759 1596 824 τοιαύτην
1647 765 1824 836 γεῦσιν

1922 774 2061 827 :em,
2113 757 2236 818 sive
2267 776 2466 831 ovum,
2500 758 2623 818 sive
2680 776 2920 818 Caseum
2952 759 3414 837 concupiscebat
3442 759 3554 822 Ju-

207 860 432 924 πιρεῐχεν
463 851 611 920 αὐτῷ
650 850 712 903 τὸ
755 850 949 922 μάννα,

1922 843 2092 920 imus,
2126 845 2286 906 illius
2314 855 2553 924 gustum
2588 865 2806 907 manna
2831 847 2886 908 ei
2919 847 3246 926 praebebat.

272 957 294 987 ι
323 935 446 992 Τότε
498 934 906 1014 παραλαμϐάνει
972 936 1126 995 αῦτὸν
1181 937 1212 992 6
1294 932 1537 1001 διάϐολος
1595 937 1667 1002 είς
1723 937 1824 1004 τὴν

1985 931 2173 999 Vens.
2198 934 2257 996 5.
2289 934 2487 996 «Tunc
2499 934 2745 996 assumit
2763 954 2896 997 eum
2913 935 3187 998 diabolus
3209 934 3268 996 in
3289 944 3553 999 sanctam

204 1023 327 1098 ἑγίαν
363 1022 540 1095 πόλιν,
590 1026 678 1080 καὶ
708 1024 922 1091 ἵστησιν
974 1026 1128 1081 αῦτὸν
1159 1023 1244 1081 ἐπὶ
1285 1025 1347 1080 τὸ
1396 1025 1673 1104 πτερύγιον
1728 1033 1822 1083 τοῦ

1922 1021 2288 1100 :ivitatem,et
2308 1024 2510 1085 statuit
2526 1043 2658 1086 eum
2680 1042 2858 1103 supra
2872 1023 3256 1104 pinnaculum
3280 1025 3547 1104 templi.»

199 1112 330 1188 ῑιροῦ.
368 1136 394 1169 ι
429 1113 606 1185 Μέρος
635 1136 685 1170 τι
734 1120 829 1170 τοῦ
867 1115 1028 1192 ἱεροῦ,
1067 1113 1164 1171 οἶα
1210 1113 1277 1171 τὰ
1323 1112 1450 1193 παρ’
1490 1116 1628 1189 ἡμῖν
1657 1113 1820 1193 λεγό-

1922 1111 2046 1171 Pars
2064 1113 2330 1192 quaedam
2352 1113 2554 1193 templi
2594 1122 2744 1188 erat,
2778 1112 2931 1175 sicut
2962 1131 3096 1194 quae
3125 1113 3281 1193 apud
3316 1132 3423 1174 nos
3455 1116 3550 1177 di-

199 1221 305 1270 μενα
324 1199 520 1279 δὶῥρυτα
547 1219 564 1233 ⁹
595 1201 776 1280 ὥσπερ
802 1203 903 1281 γὰρ
943 1203 1197 1281 πτέρυγες
1227 1200 1498 1265 δοκοῦσιν.

1922 1206 2116 1261 :untur
2138 1201 2342 1281 δίρῤυτα
2376 1221 2390 1261 :
2425 1201 2701 1262 videntur
2723 1203 2884 1263 enim
2912 1202 3066 1263 sicut
3093 1201 3200 1263 alae
3229 1220 3383 1264 esse.

270 1311 294 1343 ε
330 1290 421 1346 Καὶ
475 1288 626 1368 λέγει
681 1292 824 1361 αύτῷ
857 1306 873 1322 ⁸
926 1293 985 1348 Εἰ
1034 1293 1154 1355 Υἱὸς
1211 1291 1266 1348 εἷ
1324 1299 1418 1351 τοῦ
1473 1298 1628 1363 Θεοῦ,
1657 1289 1820 1369 βάλλε

1983 1290 2166 1352 Vana.
2200 1293 2258 1351 6°
2291 1315 2318 1346 ε
2355 1290 2424 1352 Ει
2452 1291 2596 1352 dicit
2619 1291 2765 1366 ei,Si
2792 1290 2974 1352 Filius
2997 1290 3100 1352 Dei
3135 1309 3197 1351 es
3223 1299 3306 1367 tu,
3335 1294 3548 1358 mittito

199 1378 385 1434 σεπτὸν
435 1380 613 1438 κάτω.
689 1379 987 1458 Γέγραπται
1063 1381 1188 1458 γὰρ,
1248 1379 1330 1436 ὅτι
1377 1393 1497 1444 τοῖς
1569 1380 1820 1460 ἂγγέλοις

1922 1374 2576 1460 ,edeorsum,Scriptum
2593 1386 2683 1440 est
2705 1379 3143 1457 enim,Angelis
3165 1380 3287 1442 suis
3311 1382 3547 1445 manda-

199 1467 331 1524 αὑτοῦ
379 1466 677 1525 ἐντελεῖται
737 1470 857 1546 περὶ
924 1475 1041 1549 σοῦ,
1098 1469 1184 1525 καὶ
1237 1470 1325 1526 επὶ
1386 1476 1582 1549 χειρῶν
1643 1471 1822 1549 ἂροῦσί

1922 1465 1990 1526 )it
2011 1466 2086 1528 de
2117 1474 2194 1541 te,
2229 1475 2286 1528 et
2316 1467 2376 1528 in
2409 1467 2681 1529 manibus
2713 1468 3028 1548 portabunt
3053 1476 3214 1545 te,ne
3244 1469 3400 1531 forte
3428 1471 3547 1532 im-

200 1577 266 1632 σε,
309 1558 513 1629 μήποτε
587 1558 904 1636 προσκόψῃς
947 1560 1077 1637 πρὸς
1121 1556 1264 1615 λίθον
1319 1560 1412 1615 τὸν
1440 1557 1577 1616 πόδα
1635 1581 1751 1623 σου,
1786 1581 1815 1614 ι

1922 1554 2111 1634 )ingas
2140 1555 2200 1616 in
2232 1555 2493 1636 lapidem
2526 1557 2739 1637 pedem
2764 1566 2953 1619 tuum.
2979 1580 3002 1616 »›
3040 1557 3099 1619 Si
3133 1557 3316 1618 Filius
3347 1558 3452 1619 Dei
3483 1578 3547 1623 es

202 1645 245 1699 Ei
269 1646 376 1708 mc
403 1649 460 1702 εἴ
514 1649 612 1703 τοῦ
674 1654 828 1722 Θεοῦ,
861 1648 1148 1727 μονονουχὶ
1189 1653 1343 1706 τοῦτο
1369 1645 1513 1726 λέγει
1539 1665 1558 1683 ο
1593 1644 1736 1727 Ἐγὼ
1762 1650 1822 1705 οὒ

1922 1660 1988 1715 .u,
2023 1644 2196 1724 quasi
2222 1646 2335 1707 hoc
2376 1645 2532 1709 dicat
2569 1668 2581 1703 :
2635 1644 2755 1722 Ego
2800 1665 2918 1706 non
2951 1645 3129 1707 credo
3159 1647 3288 1707 voci
3313 1649 3547 1710 caelitus

199 1734 397 1790 πιστεύω
463 1741 532 1812 τῇ
591 1735 647 1801 ἐξ
707 1737 938 1814 οὐρανῶν
1177 1756 1193 1773 ο
1255 1734 1402 1812 ὅμως
1449 1737 1534 1817 σὺ,
1596 1738 1641 1792 εί
1701 1738 1818 1802 Υἱὸς

1922 1732 2097 1794 nissae
2130 1753 2143 1791 :
2178 1740 2438 1795 attamen
2463 1733 2608 1814 tu,si
2636 1733 2823 1795 Filius
2843 1734 2951 1796 Dei
2982 1752 3068 1808 es,
3101 1735 3347 1797 ostende
3369 1738 3542 1798 mihi.

198 1824 240 1878 εἶ
285 1827 368 1880 τοῦ
419 1833 579 1907 Θεοῦ,
627 1824 800 1892 δεῖξόν
857 1849 974 1903 μοι.
1009 1828 1189 1886 Καίτοι
1219 1847 1304 1906 γε,
1337 1827 1384 1884 ὦ
1414 1826 1592 1908 μιαρὲ,
1622 1829 1666 1884 εί
1697 1829 1816 1893 Υἱὸς

1922 1817 2177 1893 ὶυοιῐινὶε
2206 1822 2392 1886 Filius
2421 1821 2528 1884 Dei
2553 1831 2872 1902 erat,num,
2895 1842 2928 1883 ο
2961 1821 3297 1904 maledicte,
3324 1827 3541 1903 praeci-

196 1913 246 1976 ἧν
287 1919 370 1970 τοῦ
411 1922 568 1988 Θεοῦ,
630 1918 1053 1992 κατεκρήμνισεν
1120 1914 1182 1971 ἂν
1254 1916 1483 1990 ἑαυτὸν;
1544 1917 1653 1985 τῆς
1713 1922 1812 1984 σῆς

1922 1909 2087 1973 vitare
2115 1910 2371 1974 debebat
2400 1911 2693 1992 seipsum?
2719 1911 2861 1974 Tua;
2878 1911 3246 1973 credulitatis
3276 1922 3386 1989 est,
3396 1933 3546 1994 prai-

193 2000 435 2072 ὠμότητος
483 2004 647 2062 τοῦτό
699 2003 834 2079 ἐστι,
882 2007 945 2062 τὸ
995 2011 1436 2084 κατακρημνίζειν
1465 2005 1589 2071 τοὺς
1619 2003 1812 2080 δαιμο-

1922 1999 2144 2080 :ipitare
2173 2000 2466 2062 daemonio
2497 2008 2685 2075 actos,
2734 2001 2841 2063 Dei
2890 2009 3084 2062 autem
3135 2000 3381 2064 salvare.
3415 2003 3542 2064 Non

194 2096 358 2156 νῶντις
389 2109 402 2121 ⁸
478 2101 618 2150 Θεοῦ
675 2093 754 2169 δὲ,
799 2095 862 2151 τὸ
919 2094 1128 2165 σώζειν.
1183 2093 1256 2152 Οὖ
1306 2093 1604 2174 γέγραπται
1642 2092 1698 2151 δὲ
1729 2096 1814 2170 τὸ,

1898 2096 2093 2150 autem
2127 2091 2414 2170 scriptum
2476 2099 2566 2152 est
2611 2089 2793 2164 istud,
2827 2087 2894 2150 In
2921 2087 3196 2149 manibus
3228 2091 3544 2168 portabunt

197 2200 218 2233 ε
246 2178 346 2236 Ἐπὶ
399 2190 604 2261 χειρῶν
651 2183 831 2262 ἀροῦσί
889 2204 974 2263 σε,
1032 2207 1056 2240 ο
1092 2185 1212 2262 περὶ
1239 2189 1332 2241 τοῦ
1377 2190 1626 2263 Χριστοῦ,
1680 2182 1816 2240 ἀλλᾶ

1924 2193 1980 2252 e,
2014 2187 2254 2259 propter
2285 2177 2608 2252 Christum,
2644 2177 2748 2240 sed
2783 2186 3025 2258 propter
3054 2181 3428 2259 sanctos,qui
3458 2181 3545 2240 in-

335 2271 432 2327 τῶν
482 2273 681 2347 ἁγίων,
727 2279 833 2330 τῶν
880 2270 1143 2348 δεομένων
1198 2271 1442 2348 βοηθείας
1496 2271 1811 2352 ἂγγελικῆς.

1922 2263 2098 2341 ligent
2153 2267 2422 2348 angelico
2485 2266 2784 2346 prasidio.
2835 2265 3109 2328 Christus
3166 2279 3391 2346 autem,
3443 2271 3544 2352 qui

197 2347 240 2412 Ὀ
265 2355 562 2458 δὲῊΧριστδς
591 2365 658 2420 0-3
681 2359 877 2435 δεῖται,
913 2363 1040 2425 Θεὸς
1070 2360 1165 2419 ὤν.

265 2467 288 2500 ε
315 2447 459 2515 "Exn
516 2452 669 2523 αύτῷ
721 2453 749 2507 6
803 2447 1004 2518 Ἰησοῦς
1037 2471 1052 2487 ·
1110 2448 1274 2508 Πάλιν
1332 2451 1622 2530 γέγραπται
1652 2467 1667 2485 ⁸
1707 2453 1816 2511 Οἷα

1896 2352 2057 2417 Deus
2086 2364 2198 2432 est,
2233 2375 2353 2418 non
2383 2375 2532 2436 opus
2562 2356 2665 2417 illo
2691 2354 2893 2420 habet.

1975 2442 2163 2510 Vnus.
2193 2446 2255 2509 7.
2311 2476 2334 2506 α
2366 2445 2526 2508 Dixit
2577 2445 2664 2506 illi
2716 2446 2889 2506 Jesus
2924 2447 3223 2507 :Rursum
3254 2449 3542 2528 scriptum

201 2535 484 2614 ίκπειράσῑις
535 2540 732 2617 Κύριον
785 2539 876 2596 τὸν
936 2539 1067 2596 Θεόν
1125 2561 1240 2600 σου.
1287 2557 1319 2598 ι
1357 2531 1597 2619 Ἠμέρως
1655 2540 1814 2600 αῦτὸν

1922 2539 2005 2607 est,
2039 2552 2159 2595 non
2191 2534 2449 2596 teutabis
2491 2534 2813 2596 Dominum
2863 2534 3052 2596 Deum
3087 2541 3278 2597 tuum.
3312 2561 3338 2591 ιο
3374 2543 3538 2599 Man-

203 2623 505 2704 ἆτοιρούεται
582 2631 613 2684 6
701 2630 950 2706 Χριστὸς,
1031 2625 1290 2684 διδάσκων
1362 2630 1506 2704 ἡμᾶς
1560 2627 1646 2687 διὰ
1713 2636 1812 2699 τῆς

1922 2631 2063 2684 uete
2083 2624 2320 2704 repellit
2351 2643 2486 2686 eum
2517 2624 2816 2698 Christus,
2865 2624 3092 2686 docens
3143 2635 3202 2688 et
3231 2644 3340 2688 nos
3371 2647 3544 2691 man-

203 2715 459 2784 πραότητος
490 2724 643 2789 νικᾷν
673 2718 799 2782 τοὺς
828 2713 1102 2793 δαίμονας.

264 2915 282 2947 ι
315 2895 467 2951 Πάλιν
522 2893 894 2972 προλαμϐάνει
959 2896 1117 2954 αὐτὸν
1181 2897 1209 2952 6
1256 2893 1500 2962 διέϐολος
1559 2897 1632 2962 είς
1691 2896 1809 2976 ὅρος

1892 2710 2540 2792 ευοιυόὶηοζάωηιοηθε
2568 2716 2830 2776 vincere.

1974 2892 2156 2955 νεεδ.
2182 2893 2239 2968 8,
2275 2895 2332 2959 9.
2371 2915 2401 2956 ‹
2447 2893 2666 2955 Iterum
2708 2892 2958 2954 assumit
2989 2910 3125 2953 eum
3170 2893 3444 2956 diabolus
3474 2896 3537 2956 in

206 2980 372 3055 ἢτιλὸν
412 2982 553 3058 λίαν,
611 2987 708 3042 καὶ
760 2984 1017 3042 δείκνυσιν
1070 2985 1212 3059 αῦτῷ
1267 2985 1440 3049 πάσας
1499 2985 1592 3050 τὰς
1647 2987 1808 3065 βασι-

1922 2989 2156 3044 noutem
2188 2983 2486 3046 excelsum
2520 2982 2777 3056 valde,et
2809 2990 3094 3043 monstrat
3121 2982 3179 3043 ei
3212 2983 3411 3044 omnia
3441 3002 3543 3048 re-

208 3069 323 3135 λείας
368 3083 454 3133 ⁴ιοῦ
506 3076 741 3149 κόσμου,
783 3076 873 3131 καὶ
923 3075 1022 3143 τὴν
1077 3072 1229 3141 δόξαν
1282 3074 1480 3154 αῦτῶν,
1536 3078 1624 3133 καὶ
1668 3075 1812 3156 λέγει

1922 3086 2031 3150 :na,
2064 3072 2269 3134 mundi
2319 3084 2376 3135 et
2417 3072 2664 3150 gloriam
2697 3071 2963 3152 illorum,
3009 3080 3068 3132 et
3110 3070 3257 3132 dicit
3287 3071 3366 3145 ei,
3404 3071 3542 3135 Hazc

209 3161 318 3234 ³τότῷ
345 3178 362 3197 ⁸
415 3170 591 3220 Ταῦτα
653 3164 828 3220 πάντα
887 3185 966 3219 σοι
1019 3161 1196 3238 δώσω,
1252 3163 1342 3219 ἑὰν
1369 3165 1548 3221 πεσὼν
1576 3187 1813 3243 προσκυ-

1922 3159 2096 3221 »ῐηηὶο
2117 3161 2220 3223 tibi
2253 3162 2497 3244 dabo,si
2531 3161 2860 3242 procideris
2892 3169 2951 3221 et
2979 3160 3321 3222 adoraveris
3355 3180 3471 3225 me.
3510 3187 3538 3218 »

210 3250 342 3323 vim:
380 3273 492 3323 μοι.
540 3275 569 3306 ι
620 3252 776 3316 Τινὲς
833 3251 929 3326 μὲν
987 3252 1283 3325 νομαουσιν
1333 3249 1451 3330 ὅρος
1491 3253 1721 3330 ὑψηλὸν,
1754 3255 1816 3313 τὸ

1922 3245 2145 3318 ὶιιίἀοῐη
2165 3259 2372 3330 putant
2387 3261 2647 3312 montem
2664 3253 2962 3312 excelsum
2978 3250 3546 3315 valde.affectionem

209 3336 282 3403 τῆς
327 3338 750 3419 ἳιλογρτιματίας
809 3341 995 3412 πάθος,
1066 3342 1139 3406 εἷς
1195 3341 1224 3396 ὃ
1281 3341 1558 3414 σπουδάζει
1607 3344 1818 3423 ἀναγα-

211 3438 302 3500 γεῖν
336 3429 416 3483 τὸν
466 3429 679 3495 Ἰησοῦν
711 3431 739 3486 ὁ
771 3428 956 3509 ἐχθρός
985 3447 1002 3466 ⁸
1036 3428 1156 3486 ἀλλ’
1187 3432 1245 3486 οῦ
1286 3428 1465 3494 καλῶς
1499 3433 1816 3506 νομίζουσιν,

213 3515 438 3582 Αἰσθητῶς
487 3521 586 3596 γὰρ
643 3517 812 3597 ἐφάνη
895 3518 1039 3592 αὒτῷ
1094 3521 1122 3575 6
1180 3516 1426 3583 διάϐολος
1464 3539 1477 3552 ·
1527 3520 1817 3600 λογισμοὺς

215 3600 289 3676 γὰρ
335 3605 360 3658 ὁ
411 3607 590 3683 Κύριος
649 3609 749 3662 αὒκ
807 3602 1039 3678 ὶδέξατο,
1118 3607 1197 3681 μὴ
1251 3607 1482 3684 γένοιτο.
1545 3610 1818 3677 Αίσθητῶς

214 3687 277 3742 οὖν
316 3693 442 3766 σῧτῷ
507 3692 702 3759 ἔδειξεν
759 3694 813 3749 ἐν
875 3699 953 3767 τῷ
993 3693 1101 3773 ὄρει
1144 3695 1320 3759 πάσας
1368 3696 1464 3760 τὰς
1521 3697 1822 3774 βασιλείας,

215 3781 318 3834 κατὰ
385 3784 671 3860 φαντασίαν
754 3785 1056 3853 ὑποστήσας
1136 3786 1278 3858 αὒεῷ
1361 3787 1465 3864 πρὸ
1539 3787 1826 3867 ὀφθαλμῶν

216 3867 389 3940 tuine,
442 3874 553 3944 καὶ,
597 3896 626 3926 α
663 3879 836 3930 Ταῦτα
889 3873 1062 3929 πάντα
1117 3893 1200 3928 σοι
1231 3870 1406 3932 δώσω.
1443 3893 1475 3933 ›
1511 3877 1693 3954 φησίν,
1731 3868 1825 3942 Ὠς

339 3956 464 4017 ἴδιον
491 3959 619 4018 ὄντα
673 3962 765 4018 τὸν
819 3961 1020 4037 κόσμον
1073 3959 1358 4040 λογίζεται,
1415 3963 1517 4019 ὑπὸ
1546 3966 1826 4045 ὑπερηφα..

221 4043 304 4108 νίις
329 4065 344 4081 ⁸
394 4056 542 4106 τοῦτο
606 4047 666 4106 δὲ
720 4051 809 4107 καὶ
850 4057 937 4107 νῦν
964 4050 1109 4127 λέγει
1136 4060 1256 4114 τοῖς
1285 4043 1658 4131 πλεονέκταις,
1691 4056 1829 4114 ὥστε

223 4131 257 4184 ά
301 4137 691 4212 προσκυνοῦντες
721 4137 885 4214 αύτῷ,
918 4138 1114 4196 ἕκεῐνοι
1144 4141 1310 4220 ταῦτα
1339 4138 1581 4220 ἔχουσιν.

289 4243 309 4275 ι
338 4227 455 4283 τότε
509 4227 657 4305 λέγει
714 4229 855 4302 αῦτῷ
882 4230 910 4285 6
955 4227 1160 4295 Ἰησοῦς
1193 4243 1207 4258 ·
1248 4216 1466 4307 ι’Υπαγε
1497 4231 1668 4289 ὀπίσω
1701 4255 1827 4310 μου,

1901 3343 1962 3398 et
1985 3339 2244 3402 studium
2265 3342 2326 3401 in
2348 3341 2724 3421 possidendis
2743 3340 3056 3412 divitiis,in
3089 3358 3265 3419 quem
3300 3348 3550 3400 conatur

1902 3423 2183 3491 inimicus
2203 3429 2778 3505 Jesumducere;sed
2805 3447 2920 3489 non
2943 3437 3106 3489 recte
3128 3429 3549 3506 opinantur.[u

1902 3519 2170 3580 sensibili
2196 3521 2350 3581 enim
2378 3519 2567 3579 forma
2589 3518 2864 3599 apparuit
2892 3521 2943 3579 ei
2979 3516 3273 3580 diabolus.
3309 3519 3390 3576 2|
3432 3518 3551 3579 Co-

1903 3609 2220 3688 gitationes
2251 3609 2412 3670 enim
2447 3610 2592 3670 tales
2623 3626 2741 3668 non
2792 3607 2996 3668 habuit
3026 3609 3338 3682 Dominus,
3373 3605 3550 3669 absit.

1907 3696 2287 3759 Sensibiliter
2303 3696 2478 3774 igitur
2491 3695 2546 3757 ei
2570 3697 2916 3756 monstravit
2938 3695 2999 3755 in
3022 3701 3224 3754 monte
3244 3696 3445 3754 omnia
3464 3714 3556 3756 re-

1908 3795 2188 3864 gna,ante
2221 3787 2425 3847 oculos
2453 3804 2521 3846 ea
2543 3803 2836 3864 apparere
2855 3783 3332 3862 faciens,et,Haec
3356 3785 3557 3844 omnia

1910 3875 2018 3935 tibi
2039 3874 2437 3956 dabo,inquit.
2462 3875 2737 3936 Mundum
2756 3873 2924 3954 quasi
2945 3891 3087 3933 suus
3106 3871 3379 3951 proprius
3402 3880 3561 3933 esset

1913 3964 2212 4044 proponit,
2245 3982 2368 4045 pra;
2397 3961 2700 4044 superbia.
2737 3965 2858 4024 Hoc
2897 3969 2954 4022 et
2980 3978 3138 4021 nunc
3168 3959 3314 4022 dicit
3340 3961 3553 4035 avaris,

1913 4061 1977 4114 ut
1997 4053 2311 4114 adorantes
2342 4071 2476 4114 eum
2508 4051 2708 4116 omnia
2736 4051 2862 4114 haec
2893 4049 3174 4112 habeant.

1993 4229 2176 4293 Vsus.
2213 4229 2311 4293 to.
2347 4254 2372 4286 α
2397 4229 2565 4291 Tunc
2615 4209 2760 4290 dicit
2802 4228 2857 4289 ei
2880 4230 3070 4302 Jesus,
3106 4227 3272 4288 Vade
3299 4237 3435 4307 post
3464 4245 3560 4289 me

227 4314 396 4369 Σιτανᾶ
417 4330 430 4344 ·
463 4316 755 4394 γέγραπται
785 4317 885 4394 γὰρ
911 4335 927 4352 ·
965 4318 1148 4394 Κύριον
1175 4317 1268 4372 τὸν
1320 4316 1449 4375 Θεόν
1510 4341 1603 4376 σου
1657 4344 1825 4401 προσ-

1922 4317 2452 4399 SatanaScriptum
2483 4330 2573 4380 est
2600 4317 2783 4391 enim,
2821 4316 3140 4378 Dominum
3173 4320 3363 4377 Deum
3395 4325 3559 4377 tuum

225 4403 446 4484 κινήσεις,
504 4407 595 4462 καὶ
668 4409 810 4479 αὐτῷ
881 4406 1029 4480 μόνῳ
1113 4405 1436 4483 λατρεύσεις,
1502 4431 1526 4466 ι
1588 4409 1828 4490 Ὀργίζε-

226 4507 290 4543 ut
331 4493 356 4546 6
409 4495 584 4572 Κύριος
642 4497 805 4567 αὐτῷ,
837 4493 924 4551 ὅτε
976 4493 1087 4551 εἶδε
1122 4494 1280 4552 αὐτὸν
1322 4496 1389 4551 τὰ
1416 4499 1509 4554 τοῦ
1538 4505 1668 4560 Θεοῦ
1695 4523 1829 4582 σφε-

226 4581 531 4659 ποιεόμενον,
563 4585 654 4640 καὶ
681 4582 905 4659 λέγοντα
943 4602 958 4616 ·
1009 4605 1037 4637 α
1070 4585 1245 4641 Ταῦτα
1274 4584 1446 4640 πάντα
1472 4608 1555 4643 σοι
1587 4581 1766 4664 δώσω,
1801 4612 1825 4646 ι

229 4665 285 4758 {ac
325 4665 443 4728 ἴδια.
490 4673 631 4729 Μᾶθε
672 4669 724 4727 δὲ
768 4675 884 4734 πῶς
941 4669 1236 4727 ὠπελοῦσιν
1294 4674 1346 4727 αἱ
1399 4678 1622 4754 Γραφαίο
1673 4680 1703 4734 6
1732 4679 1831 4758 γὰρ

236 4754 381 4830 Κύριος
407 4758 494 4814 ἀπ’
531 4760 704 4816 αὖτῶν
743 4758 1060 4836 ἱπεστόμισε
1087 4761 1180 4816 τὸν
1211 4758 1425 4839 ἐχθρόν.

305 4863 324 4896 I
353 4847 470 4904 Τότε
523 4849 740 4928 ἀτρίησιν
796 4850 952 4906 αὐτὸν
999 4851 1035 4916 ἡ
1078 4845 1344 4912 διςίὸολος.
1395 4853 1480 4908 καὶ
1508 4851 1616 4911 ίδοὺ
1664 4855 1832 4936 ἅγγε-

241 4930 302 4987 λοι
348 4940 647 5020 ⁴προσῆλθον,
710 4942 797 4998 καὶ
855 4938 1130 5007 διηκόνουν
1187 4939 1350 5015 αδτῴ.
1401 4965 1430 4997 ι
1504 4947 1635 5012 Τοὺς
1688 4930 1834 5027 τρεῖς

242 5028 510 5117 τιξιβασμοὺς
565 5029 805 5117 ἆνίκησεν
859 5025 917 5086 ιδ’
949 5028 1155 5107 Κύριος,
1212 5031 1304 5086 τὸν
1353 5031 1452 5098 τῆς
1501 5025 1833 5117 γαστριμαρ-

242 5111 350 5204 Ii”,
389 5119 469 5171 τὸν
511 5123 606 5185 τῆς
662 5115 982 5186 κενοδοξίας,
1014 5119 1102 5174 γαὶ
1131 5119 1222 5175 τὸν
1250 5121 1348 5186 τῆς
1377 5111 1832 5204 φιλοχρηματίας,

243 5195 371 5296 ἥξων
428 5205 816 5285 φιλοπλουτίας.
897 5208 1050 5265 Οὗτοι
1110 5207 1210 5283 γὰρ
1278 5195 1409 5264 εἶσιν
1462 5195 1557 5268 οἱ.-.
1579 5195 1835 5296 ἄρχοντες

242 5291 320 5341 tiro
366 5298 525 5350 παθῶν
571 5314 584 5327 ·
645 5297 860 5358 τούτους
916 5296 1004 5354 οῦν
1050 5296 1298 5365 νικήσας,
1358 5299 1445 5355 καὶ
1477 5291 1834 5373 τοὺς-ἅλλους

242 5374 383 5450 πολλῷ
409 5383 622 5466 μᾶλλον,
651 5376 820 5444 ’Ὅθεν
875 5387 904 5442 6
962 5390 1172 5445 Λουκᾶς
1203 5386 1362 5464 φησὶν
1395 5387 1476 5444 ὅτι
1507 5392 1681 5451 πάντα
1706 5417 1832 5452 πει-

246 5469 404 5562 erant?»
432 5471 668 5562 fraces,
730 5475 824 5536 τὰς
879 5472 1114 5553 κεφαλὰς
1163 5479 1270 5528 τῶν
1346 5488 1656 5557 πειρασμῶν
1737 5507 1831 5542 τε-

254 5550 391 5615 lim.
432 5550 586 5616 "00;,
667 5565 751 5618 κιὶ
834 5561 1052 5639 ἄγγελοι
1119 5558 1444 5623 διακονοῦσιν
1515 5571 1678 5645 αύτῷ,
1738 5576 1829 5632 ἵνα

1912 4407 2205 4483 adorabis,
2241 4415 2300 4468 et
2327 4407 2495 4470 illum
2526 4407 2716 4467 solum
2750 4406 2931 4469 coles.
2968 4431 2995 4462 »
3032 4403 3560 4470 IrasciturilliDo-

1915 4497 2136 4579 minus,
2194 4495 2430 4578 quando
2461 4494 2618 4556 videt
2664 4495 2830 4555 illum
2875 4513 2946 4557 ea
2978 4513 3110 4574 quae
3140 4495 3246 4557 Dei
3278 4502 3414 4554 sunt
3443 4491 3559 4554 sibi

1913 4587 2401 4656 vindicantem,et
2429 4582 2896 4658 dicentem,Haac
2917 4582 3120 4644 omnia
3144 4581 3250 4642 tibi
3283 4580 3459 4654 dabo,
3497 4587 3557 4639 ut

1916 4674 2366 4758 propria.Disce
2395 4680 2590 4734 autem
2623 4671 2919 4752 quomodo
2953 4672 3178 4751 prosint
3205 4669 3558 4748 Scripturae,

1915 4783 2022 4846 per
2050 4784 2194 4842 quas
2222 4764 2509 4828 Dominus
2539 4779 2606 4821 os
2625 4759 2849 4821 inimici
2880 4758 3193 4822 obturavit.

1995 4856 2180 4932 νεεδ,
2206 4856 2307 4918 tl.
2345 4877 2372 4910 α
2405 4854 2575 4916 Tunc
2597 4849 2815 4913 omittit
2839 4849 3005 4909 illum
3038 4847 3560 4928 diabolus,etecce

1914 4945 2109 5023 angeli
2137 4942 2502 5007 accedebant
2532 4948 2590 5003 et
2621 4938 3035 5001 ministrabant
3066 4937 3174 5000 ei.»
3209 4937 3357 4998 Tres
3379 4943 3564 4998 tenta-

1919 5035 2110 5095 tiones
2139 5033 2436 5113 superavit
2465 5029 2776 5103 Dominus,
2812 5027 2984 5104 gulae,
3035 5046 3199 5088 vanae
3247 5027 3475 5104 gloriae,
3507 5031 3566 5085 et

1916 5123 2195 5185 avaritiae.
2227 5122 2346 5184 Illae
2369 5120 2527 5182 enim
2562 5118 2876 5200 praecipua)
2905 5125 3041 5178 sunt
3070 5113 3565 5178 aﬂ‘ectionesﬂas

1919 5213 2097 5292 igitur
2126 5211 2224 5293 qui
2249 5211 2479 5284 vicerit,
2514 5207 2659 5270 alias
2712 5206 2895 5266 multo
2926 5206 3114 5285 magis
3143 5208 3358 5265 vincet.
3394 5201 3565 5266 Unde

1920 5303 2105 5365 Lucas
2118 5299 2429 5380 dicitquod
2445 5315 2682 5359 omnem
2701 5295 3088 5358 tentationem
3114 5307 3565 5380 consummave-

1915 5377 2499 5472 rit,quandoq_uidem
2514 5384 2708 5465 capita
2728 5382 3114 5446 tentationum
3138 5377 3564 5472 vicit.Proinde

1915 5468 2110 5562 angeli
2141 5479 2198 5540 ei
2229 5468 2570 5538 ministrant
2607 5495 2620 5535 :
2654 5493 2768 5556 quo
2790 5479 3295 5562 commonstratur
3326 5468 3480 5550 quod
3508 5472 3566 5562 et

1915 5555 2087 5633 nobis
2112 5576 2242 5649 post
2263 5566 2561 5628 victoriam
2586 5555 2780 5643 angeli
2803 5559 3202 5623 ministraturi
3222 5555 3568 5632 sint,omnia
