4118 6220
427 245 541 313 183.

1380 249 1975 327 THEOPHYLACTI
2016 246 2419 339 ΒΗΙΑΕᾼΒΙΑΕ
2460 249 2820 319 ΑΒΟΗΙΕΡ.

3675 243 3809 323 184ρ

421 378 583 444 enim
612 386 859 460 propter
882 397 994 442 nos
1023 384 1083 441 et
1111 378 1251 442 fecit
1279 388 1339 442 et
1380 380 1727 444 monstravit
1758 383 2066 458 Dominus,

2156 377 2346 459 δειχθῇ
2390 378 2471 437 ὅτι
2514 381 2619 440 ,καὶ
2667 383 2802 457 ἡμῖν
2833 381 2969 459 μετὰ
3019 382 3118 448 τὴν
3160 383 3310 448 νίκην
3346 377 3563 459 ἄγγελοι
3591 379 3795 454 ὑπηρε-

422 467 700 551 quoniam
732 466 789 529 ei
814 475 879 530 ut
898 469 1020 532 Deo
1048 468 1248 549 angeli
1277 488 1518 553 semper
1546 470 1906 535 ministrant.

498 731 677 801 VIRS.
708 733 803 810 12,
834 735 928 801 13.
960 758 983 793 α
1016 737 1172 801 Cum.
1186 736 1455 801 audisset
1482 744 1678 801 autem
1707 739 2066 821 Jesus,quod

418 824 677 886 Joannes
708 825 962 887 traditus
993 826 1439 902 esset,secessit
1466 826 1527 888 in
1558 827 1949 904 Galilmam,et
1976 847 2068 891 re-

356 928 373 939 ν
421 910 562 983 licta
581 913 896 994 Nazareth',
929 914 1229 994 profectus
1256 914 1537 977 habitavit
1573 917 1635 978 in
1666 916 2062 999 Capernaum,

421 1018 555 1082 quae
583 1009 674 1064 est
701 1001 858 1082 apud
889 1022 1078 1078 mare,
1111 1002 1173 1064 in
1205 1004 1483 1066 conﬁniis
1511 1004 1771 1068 Zabulon
1801 1008 2066 1088 etNeph-

420 1089 645 1154 talim.»
684 1088 1370 1167 SeceditJesus,docens
1407 1112 1516 1155 nos
1541 1113 1617 1155 ne
1647 1102 1871 1158 temere
1902 1097 2065 1177 peri-

420 1178 573 1240 culis
600 1197 709 1241 nos
740 1179 1102 1259 injiciamus.
1143 1181 1385 1244 Secedit
1422 1191 1621 1245 autem
1652 1183 1714 1244 in
1740 1186 2063 1266 Galilaaam,

418 1266 535 1329 hoc
563 1267 1336 1345 est,devolubilem.Gentes
1367 1272 1523 1333 enim
1547 1272 1607 1333 in
1635 1275 1890 1353 peccatis
1907 1277 2066 1338 volu-

420 1362 643 1420 tantur.
675 1355 912 1419 Habitat
941 1366 1139 1420 autem
1169 1358 1231 1420 in
1254 1358 1811 1442 Capernaum,quod
1843 1370 1932 1427 est
1962 1365 2067 1425 do-

422 1463 554 1507 mus
582 1446 1009 1507 consolationis
1044 1465 1058 1510 :
1094 1456 1157 1509 ut
1187 1448 1347 1509 enim
1376 1447 1555 1511 faciat
1582 1459 1790 1529 gentes
1820 1452 2063 1515 domum

420 1533 911 1611 consolatoris,ob
931 1554 1058 1598 eam
1079 1536 1314 1599 causam
1332 1538 1417 1618 (a)
1446 1538 1775 1604 descendit.
1800 1541 2064 1605 Zabulon

2152 470 2397 537 τήσουσι.
2458 470 2634 529 Πάντα
2676 470 2776 550 γὰρ
2805 468 2872 526 δι’
2922 471 3067 547 ἡμᾶς
3110 470 3198 527 καὶ
3228 482 3382 527 inter
3411 469 3497 525 καὶ
3544 465 3796 523 δείκνυσιν

2153 559 2180 612 δ
2241 559 2487 635 Χριστὸς.
2549 556 2699 617 Ἐπεὶ
2748 562 2913 634 αὖτῷ,
2992 561 3066 622 ὥς
3133 560 3273 634 Θεῷ,
3328 559 3417 615 καὶ
3475 558 3521 616 οἱ
3579 552 3797 634 ἄγγελοι

2149 647 2514 727 ὕπουργοῦσιν,

2238 736 2559 805 ..Ἀκούσας
2600 738 2654 797 δὲ
2711 742 2739 797 6
2796 739 3002 807 Ἰησοῦς
3064 740 3145 797 ὅτι
3197 736 3448 806 Ἰωάννης
3508 733 3793 816 παρεδόθη,

2148 827 2492 907 ἀνεχώρησεν
2551 831 2624 894 εἰς
2680 828 2777 898 την
2834 828 3122 886 Γαλιλαίαν
3153 846 3167 859 ⁸
3232 830 3320 885 καὶ
3361 826 3669 884 καταλιπὼν
3697 823 3796 890 τὴν

2150 917 2407 995 Ναζαρὲτ,
2493 916 2657 975 ἐλθὼν
2732 920 3044 992 κατῴκησεν
3105 921 3176 983 εἶς
3264 917 3640 997 Καπερναοὺμ,
3697 912 3796 979 τὴν

2148 1004 2601 1087 παραθαλασσίαν,
2687 1009 2742 1063 ἓν
2826 1009 2985 1087 ὁρίοις
3068 1005 3345 1067 Ζαϐουλὼν
3426 1007 3513 1063 καὶ
3584 1006 3795 1083 Νεφθα-

2148 1092 2292 1171 λείμ.
2346 1118 2369 1152 ι)
2434 1093 2741 1175 Ἀναχωρετ
2797 1098 2825 1153 6
2897 1095 3125 1174 Ἰησοῦς,
3204 1094 3463 1155 παιδεύων
3519 1096 3661 1169 ἡμᾶς
3719 1089 3795 1167 μὴ

2147 1182 2467 1261 ὶπιῤῥίπτειν
2524 1185 2737 1249 ἑαυτοὺς
2822 1197 2940 1249 τοῖς
3024 1183 3301 1250 κινδύνοις.
3360 1184 3669 1263 Ἀναχωρεϊ
3738 1178 3794 1236 δὲ

2149 1273 2223 1335 εἷς
2280 1272 2379 1338 τὴν
2437 1271 2746 1354 Γαλιλαίαν,
2807 1272 2836 1330 ὅ
2878 1276 3016 1348 εστι,
3074 1276 3174 1342 τὴν
3250 1270 3662 1342 κατακυλιστήν.
3719 1268 3793 1325 Τὰ

2149 1361 2248 1439 γὰρ
2295 1360 2417 1428 ἔθνη
2462 1363 2533 1428 εἷς
2573 1363 2672 1430 τὴν
2742 1362 3001 1443 ἆμαρτίαν
3062 1364 3453 1423 κατεκυλίοντο.
3514 1361 3613 1419 Καὶ
3654 1378 3791 1415 κατ-

2149 1462 2290 1506 οικεῖ
2338 1449 2392 1505 ἐν
2451 1452 2823 1529 Καπερναοὺμ,
2888 1449 2923 1508 6'
2975 1451 3117 1509 ἐστιν
3170 1454 3322 1517 οἶκος
3379 1448 3788 1529 παρακλήσεως·

2146 1537 2237 1594 ’ίνα
2292 1540 2390 1617 γὰρ
2446 1540 2650 1616 ποιήσῃ
2705 1541 2768 1599 τὰ
2808 1540 2931 1607 ἔθνη
2961 1540 3113 1597 οἶκεν
3153 1548 3245 1599 τοῦ
3286 1538 3659 1619 Παρακλήτου,
3710 1533 3793 1591 διὰ

417 1621 841 1717 interpretatur
855 1624 1548 1717 nocturna,Nepht_halim
1571 1640 1769 1691 autem
1793 1631 2059 1694 latitudo.

2156 1633 2300 1685 τοῦτο
2357 1626 2609 1694 κατῆλθε.
2671 1626 2946 1686 Ζαϐουλὼν
3004 1627 3059 1685 δὲ
3112 1631 3456 1709 ἑρμηνεύεται
3480 1625 3787 1717 Πνυκτερίαῖ

421 1713 640 1775 Gentes
662 1712 824 1773 enim
846 1721 903 1774 et
925 1722 1161 1775 noctem
1197 1714 1495 1778 habebant
1515 1725 1574 1779 et
1602 1717 1973 1782 latitudinem
2000 1721 2061 1783 in

419 1800 582 1893 vita:
617 1818 738 1863 non
764 1802 924 1864 enim
958 1821 1066 1893 per
1092 1812 1397 1883 augustam
1454 1806 1606 1868 viam
1655 1808 2061 1893 ambulabant,

420 1888 528 1951 sed
558 1907 667 1972 per
695 1908 827 1954 eam
851 1909 979 1971 qaaa
1006 1892 1069 1954 in
1103 1893 1497 1973 perditionem
1526 1895 1662 1960 fert.

500 2067 722 2159 YEnsJ
738 2067 1023 2159 4-164Ut
1046 2069 1365 2159 impleatur
1393 2074 1551 2154 quod
1582 2074 1805 2138 dictum
1839 2084 1929 2138 est
1959 2096 2068 2159 per

417 2156 631 2221 Isaiam
662 2157 1031 2237 prophetam,
1068 2158 1369 2221 dicentem
1407 2180 1421 2223 :
1468 2161 1655 2225 Terra
1682 2156 1972 2243 Zabulon;
2009 2176 2066 2230 et

420 2254 579 2308 terra
595 2243 978 2325 Nephthalim
998 2247 1160 2324 juxta
1174 2248 1323 2309 viam
1342 2251 1524 2312 maris
1544 2259 1706 2315 trans
1716 2254 1747 2318 J
1753 2261 2036 2316 ordanem
2048 2304 2065 2330 ,

419 2333 660 2398 Galilaea
686 2334 974 2411 gentium.
1000 2336 1261 2416 Populus
1290 2338 1393 2418 qui
1422 2341 1668 2404 sedebat
1706 2343 1769 2405 in
1800 2343 2068 2408 tenebris

418 2422 567 2511 vidit
594 2422 792 2485 lucem
844 2440 1140 2503 magnam,
1177 2432 1237 2485 et
1264 2425 1610 2491 sedentibus
1639 2432 1698 2492 in
1730 2432 1976 2511 regione
2008 2442 2068 2498 et

418 2510 636 2574 umbra
667 2511 897 2605 mortis,
934 2512 1028 2605 lux
1053 2520 1179 2575 orta
1209 2522 1298 2577 est
1330 2515 1439 2579 eis.
1472 2542 1498 2573 »
1538 2519 1700 2580 Viam
1747 2510 1928 2585 maris
1958 2543 2065 2605 pro

419 2617 492 2662 eo
516 2599 675 2682 quod
698 2607 788 2662 est
810 2599 884 2661 ad
927 2599 1078 2662 viam
1132 2602 1312 2664 maris
1334 2605 1529 2667 sitam.
1561 2606 1681 2669 Lux
1703 2618 1901 2672 autem
1937 2599 2060 2675 ma-

416 2706 554 2768 gna,
588 2687 992 2777 Evangelium.
1024 2690 1144 2752 Lex
1191 2692 1349 2753 enim
1400 2692 1497 2755 lux
1544 2704 1603 2757 et
1623 2697 1751 2777 ipsa
1780 2708 1926 2775 erat,
1958 2704 2063 2767 sed

422 2774 854 2859 parva.Umbra
883 2784 1080 2839 autem
1104 2779 1332 2855 mortis,
1367 2774 1673 2862 peccatum
1700 2808 1714 2844 :
1739 2774 2064 2853 similitudo

420 2867 579 2929 enim
603 2871 670 2938 ,et
691 2863 1062 2927 adumbratio
1094 2867 1303 2930 mortis
1352 2877 1463 2932 est.
1512 2870 1658 2935 Nam
1710 2875 1869 2939 sicut
1906 2897 2067 2942 mors

2147 1713 2447 1795 Νεφθαλεὶμ
2514 1713 2594 1791 δὲ,
2678 1715 3009 1793 πλατυσμός.
3099 1719 3175 1777 Τὰ
3256 1718 3425 1776 τοίνυν
3478 1715 3620 1781 ἔθνη,
3706 1712 3793 1769 καὶ

2146 1803 2305 1860 νύκτα
2362 1805 2521 1887 εἶχον
2564 1804 2653 1861 καὶ
2702 1803 3009 1883 πλατυσμὸν
3051 1806 3106 1862 ἐν
3160 1812 3230 1883 τῇ
3270 1813 3406 1883 ζωῇ.
3454 1809 3526 1862 Ού
3554 1804 3653 1881 γὰρ
3695 1802 3791 1867 τὴν

2147 1892 2336 1959 στενὴν
2381 1891 2499 1949 ὁδὸν
2557 1890 2816 1974 ἐϐάδιζον,
2890 1893 3027 1952 ἀλλὰ
3078 1896 3178 1963 τὴν
3239 1897 3309 1962 εἰς
3366 1892 3635 1951 ἀπώλειαν
3694 1889 3788 1971 φέ-

2146 2002 2361 2061 ρουσαν,

2234 2092 2259 2123 α
2313 2056 2436 2127 ’Ἰνα
2488 2072 2749 2148 πληρωθῇ
2794 2071 2856 2128 τὸ
2912 2072 3068 2150 ῥηθὲν
3128 2071 3212 2129 διά
3257 2069 3482 2130 Ἠσαϊου
3528 2077 3620 2127 τοῦ
3668 2090 3794 2147 upo-

2149 2158 2342 2238 φήτου,
2398 2156 2644 2237 λέγοντος
2680 2174 2695 2189 ’
2756 2166 2834 2237 Γῇ
2886 2158 3161 2218 Ζαϐουλῶν
3219 2164 3305 2217 καὶ
3360 2166 3434 2239 γῇ
3474 2157 3785 2239 Νεφθαλεὶμ,

2150 2245 2268 2303 ὁδὸν
2324 2244 2593 2316 θαλάσσης
2651 2248 2815 2328 πέραν
2871 2256 2963 2308 τοῦ
3024 2248 3306 2328 Ἰορδάνου,
3373 2247 3633 2305 Γαλιλαία
3687 2252 3791 2303 τῶν

2151 2335 2309 2392 ἐθνῶν
2338 2349 2353 2365 ⁸
2387 2338 2414 2392 6
2444 2335 2572 2400 λαὸς
2608 2338 2636 2393 6
2664 2338 2963 2414 καθήμενος
2993 2338 3048 2394 ἐν
3074 2340 3274 2413 σκότει,
3309 2336 3421 2394 εἶδε
3453 2345 3562 2416 φῶς
3609 2336 3748 2414 μέγα
3772 2350 3784 2365 ⁸

2148 2426 2239 2484 καὶ
2300 2437 2417 2489 τοῖς
2485 2426 2804 2503 καθημένοις
2859 2426 2914 2485 ἐν
2985 2428 3139 2509 χώρᾳ
3207 2429 3294 2484 καὶ
3368 2433 3489 2483 σκιᾶ
3542 2428 3786 2497 θανάτου,

2149 2519 2258 2592 φῶς
2313 2512 2575 2571 ἀνέτειλεν
2631 2517 2838 2579 αὐτοῖς.
2884 2535 2914 2577 ι
2982 2509 3130 2575 Ὀδὸν
3181 2515 3471 2590 θαλάσσης,
3521 2515 3635 2571 ἀντὶ
3675 2517 3787 2590 τοῦ,

2148 2603 2184 2669 ἡ
2240 2603 2369 2680 πρὸς
2425 2606 2523 2669 τὴν
2583 2600 2701 2660 ὁδὸν
2746 2610 2845 2672 τῆς
2900 2603 3170 2671 θαλάσσης
3241 2603 3483 2680 κειμένη.
3543 2610 3664 2668 Φῶς
3737 2601 3791 2658 δὲ

2149 2690 2307 2768 μέγα,
2365 2692 2426 2747 τὸ
2486 2692 2830 2770 Εὐαγγέλιον,
2882 2685 2938 2752 Ὀ
2970 2694 3068 2772 γὰρ
3109 2693 3295 2773 νόμος,
3340 2699 3453 2773 φῶς
3496 2694 3584 2749 καὶ
3634 2694 3788 2755 αὔτὸς

2148 2782 2239 2852 ἦν,
2311 2777 2447 2835 ἀλλὰ
2503 2782 2712 2859 μικρόν.
2794 2782 2926 2837 Σκιὰ
2996 2779 3050 2836 δὲ
3109 2782 3353 2855 θανάτου,
3424 2782 3459 2848 ἡ
3510 2780 3736 2860 ἁμαρτία
3769 2799 3786 2817 ο

2149 2868 2394 2952 ρμοίωμα
2465 2870 2564 2948 γὰρ
2647 2870 2734 2926 καὶ
2815 2870 3135 2952 σκιαγραφία
3199 2870 3290 2927 τοῦ
3340 2870 3561 2927 θανάτου
3628 2869 3786 2933 ἐστίν,

419 2954 748 3035 corpus,ita
776 2962 836 3016 et
866 2961 1172 3034 peccatum
1200 2957 1463 3021 animam
1503 2960 1747 3026 invadit.
1787 2964 1928 3029 Orta
1955 2986 2064 3029 au-

2156 2947 2244 3020 Ὠς
2301 2957 2400 3036 γὰρ
2464 2959 2491 3013 6
2536 2947 2755 3023 θάνατος
2784 2959 2846 3014 τὸ
2885 2947 3069 3035 σῶμα,
3113 2958 3259 3023 οἶτος
3303 2959 3436 3026 αὕτη
3479 2959 3578 3027 τὴν
3606 2961 3791 3040 ψυχὴν

420 3047 541 3134 tem
567 3049 658 3134 est
685 3041 784 3104 lux
805 3040 1137 3134 nobis.Non
1159 3044 1317 3107 enim
1341 3048 1720 3127 quaesivimus
1741 3052 1903 3116 illam
1930 3075 2062 3134 nos,

421 3127 532 3192 sed
562 3129 666 3193 illa
694 3130 970 3212 apparuit
999 3129 1198 3208 nobis,
1232 3134 1401 3215 quasi
1426 3153 1685 3218 sequens
1714 3159 1844 3207 nos.

501 3303 687 3369 VEns.
707 3308 811 3397 l7.
845 3307 958 3369 «Ex
984 3309 1098 3371 hoc
1125 3311 1305 3392 coepit
1325 3313 1496 3377 Jesus
1526 3317 1849 3397 praedicare
1879 3339 1947 3385 ac
1964 3323 2060 3385 di-

420 3412 582 3484 cere.
622 3419 646 3456 ο
703 3395 787 3458 Ex
816 3414 933 3478 quo
965 3404 1235 3477 tempore
1290 3395 1566 3467 detentus
1614 3410 2066 3484 estinfvinculis

417 3482 703 3576 loannes,
723 3484 916 3576 gompit
938 3486 1269 3566 praedicare
1288 3492 1482 3556 Jesus.
1508 3482 1883 3576 Exspectavit
1906 3503 2062 3564 enim

418 3574 975 3671 lesusiutoannes
1005 3576 1168 3656 prius
1198 3578 1273 3642 de
1296 3598 1361 3642 se
1384 3574 1886 3663 testiﬁcaretur,et
1902 3609 2067 3671 para-

419 3670 513 3725 ret
545 3663 637 3723 22
667 3662 784 3725 sibi
832 3666 985 3725 viam
1018 3684 1136 3747 qua
1182 3677 1464 3732 venturus
1507 3682 1635 3735 erat
1667 3695 1680 3737 :
1728 3662 2069 3741 sicut'servi

421 3755 565 3841 ante
585 3751 863 3816 dominos
889 3764 1249 3836 praeparant.
1282 3758 1551 3841 Equalis
1590 3764 1747 3826 enim
1776 3766 2067 3829 exsistens

420 3840 579 3933 Patri
589 3842 1164 3933 Dominus,ha‘bebat
1188 3854 1244 3907 et
1258 3840 1387 3927 ipse
1398 3852 2037 3932 prophetamJoannem
2048 3905 2065 3933 ,

420 3928 575 4023 sicut
604 3937 667 3995 et
694 3929 873 4023 Pater
894 3932 1032 4023 ejus
1052 3941 1116 4023 et
1142 3928 1546 4016 Deuszhabuit
1586 3944 1906 4023 prophetas
1926 3928 2067 4009 ante

418 4017 711 4082 Joannem
742 4021 862 4081 imo
889 4028 946 4082 et
974 4021 1063 4083 illi
1088 4030 1144 4084 et
1177 4026 1365 4088 Patris
1399 4036 1537 4089 sunt
1569 4017 1625 4090 et
1650 4017 1807 4095 Filii.
1847 4058 1875 4090 ε
1899 4033 2066 4097 Resi-

421 4107 655 4189 piscite,
684 4107 748 4170 in
778 4108 1112 4190 propinquo
1129 4111 1292 4174 enim
1317 4122 1406 4176 est
1429 4133 1676 4194 regnum
1707 4121 2060 4188 caelorum.»

418 4194 693 4277 Regnum
727 4196 1012 4260 caelorum
1038 4208 1133 4263 est
1152 4209 1212 4263 et
1242 4202 1632 4282 Christus,est
1649 4217 1708 4271 et
1735 4210 1851 4272 vita
1878 4214 2065 4275 virtu-

2146 3046 2391 3126 κατέχει,
2454 3045 2719 3103 Ἀνέτειλε
2772 3044 2828 3103 δὲ
2882 3048 2943 3105 τὸ
3005 3054 3116 3126 φῶς
3154 3051 3313 3123 ἡμῖν.
3348 3049 3419 3105 Οὐ
3466 3048 3565 3126 γὰρ
3627 3050 3789 3116 ἡμεῖς

2146 3132 2479 3211 ἐζητήσαμεν
2539 3137 2686 3209 αὐτὸ,
2747 3134 2869 3191 ἀλλ’
2923 3136 3098 3193 ἐκεῖνο
3129 3135 3366 3217 ὲπεφάνη
3408 3137 3567 3215 ἡμῖν,
3601 3138 3789 3193 ὡσανεὶ

2143 3222 2466 3290 καταδιῶξαν
2509 3226 2675 3300 ἡμᾶς.

2231 3334 2255 3369 ε
2295 3312 2431 3369 Ἀπὸ
2512 3314 2630 3370 τότε
2702 3311 2893 3393 ἤρξατο
2982 3316 3009 3370 6
3085 3313 3289 3381 Ἰησοῦς
3373 3314 3651 3394 κηρύσσειν
3702 3315 3789 3371 καὶ

2146 3401 2342 3493 λέχειν.
2393 3424 2421 3457 ι
2508 3400 2627 3493 Ἀφ’
2687 3405 2749 3459 οὗ
2818 3400 3102 3493 ἐδεσμεύθη
3166 3406 3194 3460 6
3273 3404 3550 3485 Ἰωάννης,
3598 3403 3788 3482 ἤρξατο

2146 3491 2426 3565 κηρύσσειν
2484 3494 2512 3547 6
2566 3492 2794 3559 Ἰησοῦς.
2880 3491 3127 3568 Ἀνέμενε
3196 3494 3295 3570 γὰρ
3367 3494 3457 3549 τὸν
3541 3493 3788 3561 Ἰωάννην

2148 3580 2400 3659 πρότερον
2443 3586 2772 3661 μαρτυρῆσαι
2830 3582 2947 3661 περὶ
3009 3585 3188 3663 αὐτοῦ,
3261 3583 3349 3638 καὶ
3400 3584 3786 3641 κατασκευάσαι

2152 3660 2294 3743 αὐτῷ
2349 3667 2490 3737 ὁδὸν,
2552 3667 2617 3724 δι’
2667 3670 2731 3737 ἧς
2790 3668 3007 3745 ἔμελλεν
3055 3660 3250 3746 ἐλθεῗν,
3312 3670 3488 3750 ὥσπερ
3532 3675 3618 3729 καὶ
3671 3686 3789 3738 τοῖς

2150 3754 2428 3820 δεσπόταις
2488 3759 2535 3814 οἱ
2589 3756 2762 3815 δοῦλοι
2824 3760 3320 3838 προετοιμάζουσιν,
3368 3755 3502 3825 Ἶσος
3560 3763 3658 3841 γὰρ
3715 3762 3788 3818 6r-

2149 3852 2225 3919 τῷ
2278 3847 2436 3924 [Ιατρὶ
2480 3848 2507 3902 6
2570 3846 2773 3927 Κύριος,
2833 3851 2957 3926 εἶχε
3015 3849 3102 3904 καὶ
3158 3850 3311 3911 αὐτὸς
3367 3851 3644 3931 προφήτην
3703 3852 3791 3906 τὸν

2149 3935 2423 4011 Ἰωάννην,
2498 3935 2675 4015 ὥσπερ
2706 3938 2733 3992 6
2779 3938 2960 4015 Πατὴρ
3002 3940 3157 3995 αὐτοῦ
3199 3940 3287 3993 καὶ
3343 3939 3471 4001 Θεὸς
3500 3939 3627 4018 εἶχε
3670 3939 3790 4003 τοὺς

2151 4026 2251 4104 πρὸ
2297 4031 2388 4081 τοῦ
2464 4024 2706 4083 Ἰωάννου
2789 4027 3089 4104 προφήτας,
3165 4025 3370 4101 μᾶλλον
3426 4024 3479 4083 δὲ
3551 4028 3789 4085 κάκεῖνοι

2149 4121 2241 4171 τοῦ
2296 4134 2355 4170 τε
2418 4121 2621 4193 Πατρρς
2678 4114 2766 4171 καὶ
2820 4125 2913 4174 τοῦ
2969 4117 3091 4172 Υἱοῦ
3133 4118 3283 4178 εἰσιν.
3367 4138 3393 4172 ι
3440 4123 3783 4175 Μετανοεῖτε·

2150 4202 2337 4282 ἤγγικε
2407 4204 2505 4283 γὰρ
2561 4205 2596 4272 ἡ
2652 4202 2894 4280 βασιλεία
2948 4209 3055 4260 τῶν
3136 4205 3388 4283 οὖρανῶν,
3441 4227 3462 4263 ι
3546 4204 3787 4263 Βασιλεία

417 4283 578 4376 tibus
599 4286 866 4376 praedita.
900 4285 1145 4360 Quando
1159 4290 1319 4353 enim
1344 4292 1476 4371 quis
1496 4312 1681 4376 super
1697 4304 1911 4361 terram
1933 4300 2066 4363 vivit

2156 4300 2255 4350 τῶν
2328 4296 2558 4371 οὐρανῶν
2630 4292 2740 4348 ἐστὶ
2813 4294 2901 4349 καὶ
2959 4295 2987 4349 6
3044 4296 3287 4372 Χριστὸς,
3349 4293 3459 4350 ἔστι
3517 4291 3570 4349 δὲ
3613 4296 3701 4351 καὶ
3752 4297 3786 4363 ἡ

419 4373 576 4437 sicut
602 4375 1082 4457 angelus,nonne
1102 4378 1364 4442 caelestis
1388 4381 1510 4443 est?
1530 4373 1703 4466 atque
1733 4385 1813 4450 ita
1832 4389 1891 4450 in
1915 4407 2067 4451 uno-

419 4480 657 4558 quoque
686 4472 955 4558 nostrum
1007 4474 1097 4533 est
1122 4485 1373 4549 regnum
1419 4470 1728 4556 caelorum,
1757 4476 1809 4537 si
1838 4479 2065 4558 angeli-

420 4569 551 4616 cam
581 4553 761 4618 vitam
792 4554 1047 4635 agimus.

499 4731 681 4796 Vens.
716 4733 816 4809 18,
856 4733 952 4800 19.
985 4733 1355 4800 ιΑωδιιΙεηε
1372 4744 1571 4801 autem
1593 4740 1750 4821 apud
1782 4760 1946 4808 mare
1967 4748 2075 4811 Ga-

420 4817 613 4893 lilaaaa,
646 4821 792 4883 vidit
823 4822 974 4884 duos
1004 4822 1552 4901 fratres,Simonem
1583 4817 1684 4908 qui
1715 4829 1934 4895 dicitur
1967 4837 2074 4898 Pe-

418 4914 571 4985 trus,
606 4910 1000 4997 etiAndream
1034 4911 1276 4975 fratrem
1309 4915 1461 4997 ejus,
1496 4916 1797 4981 mittentes
1851 4930 1980 4984 rete
2012 4924 2071 4986 in

421 5012 609 5083 mare.
642 4996 829 5062 Erant
873 5000 1033 5063 enim
1095 4996 1453 5083 piscatores.
1483 5013 1541 5066 et
1585 5004 1729 5067 dicit
1758 5008 1899 5070 illis.
1937 5036 1964 5067 »
2000 5010 2073 5073 Hi

422 5082 668 5149 fuerunt
715 5086 998 5170 discipuli
1050 5082 1315 5153 Joannis.
1379 5092 1626 5157 Vivente
1654 5104 1850 5159 autem
1879 5099 2075 5164 adhuc

420 5173 1064 5254 Joanne,accesserunt
1090 5179 1161 5241 ad
1190 5178 1512 5245 Christum.
1538 5184 1720 5246 Porro
1754 5185 1855 5247 ubi
1883 5187 2071 5253 Joan-

423 5280 563 5328 nem
585 5264 861 5356 viderunt
881 5265 1398 5345 vinctum,reversi
1419 5280 1558 5333 sunt
1572 5273 1644 5334 ad
1669 5274 2071 5356 piscatoriam,

422 5359 484 5416 et
507 5354 594 5418 sic
615 5354 861 5419 veniens
890 5355 1157 5420 Christus
1184 5358 1448 5439 piscatur
1478 5378 1602 5438 eos,
1628 5360 1839 5426 dicens
1872 5383 1884 5425 :

506 5600 596 5683 (a)
623 5600 779 5669 Edit.
814 5607 943 5671 Lut.
964 5603 1198 5681 omisit.
1233 5606 1305 5670 ob
1328 5624 1465 5671 eam
1493 5627 1775 5679 causam.

2153 4370 2397 4461 ἐνάρετος
2438 4382 2573 4452 ζωή.
2623 4370 2800 4438 ’Ὁταν
2840 4381 2938 4461 γάρ
2978 4402 3059 4446 τις
3092 4370 3177 4447 ἠὼς
3224 4380 3447 4461 ἅγγελος
3495 4381 3787 4452 πολιτεύη-

2150 4491 2236 4527 ται
2288 4469 2342 4526 ἑν
2370 4475 2463 4549 γῇ,
2494 4468 2592 4549 ἄρα
2634 4472 2729 4528 οὒκ
2771 4470 3014 4548 οὐράνιός
3041 4473 3183 4527 ἔστιν
3218 4493 3233 4548 ς
3287 4473 3423 4528 ὥστε
3473 4471 3527 4527 ἐν
3584 4474 3790 4548 ἑκάστῳ

2150 4561 2305 4635 ἡμῶν
2336 4558 2476 4616 ἐστιν
2530 4561 2565 4628 ἡ
2619 4558 2860 4635 βασιλεία
2916 4561 3020 4616 τῶν
3068 4560 3324 4641 οὐρανῶν²
3374 4560 3465 4616 ἐὰν
3493 4562 3789 4641 ἀγγελικώς

2154 4652 2351 4725 ζῶμεν.

2242 4758 2267 4793 α
2315 4741 2627 4815 Περιπατῶν
2679 4734 2735 4793 δὲ
2802 4738 2943 4816 παρὰ
3010 4739 3108 4807 τὴν
3162 4738 3427 4797 θάλασσαν
3470 4742 3567 4807 τῆς
3627 4740 3790 4799 Γαλι-

2156 4824 2333 4901 λαίας,
2390 4823 2503 4883 εἶδε
2570 4823 2656 4882 δύο
2724 4824 3002 4906 ἀδελφοὺς,
3077 4830 3291 4904 Σίμωνα
3360 4830 3450 4885 τὸν
3506 4828 3792 4908 λεγόμενον

2156 4914 2371 4993 Πέτρον,
2428 4916 2516 4971 καὶ
2573 4912 2820 4988 Ἀνδρέαν
2870 4917 2962 4971 τὸν
3005 4915 3227 4998 ἀδελφὸν
3266 4919 3444 4992 αὐτοῦ,
3498 4918 3791 4995 βάλλοντας

2154 5000 2553 5081 ἀμφίϐληστρον
2611 5004 2682 5065 εἷς
2738 5002 2836 5070 τὴν
2878 5003 3144 5062 θάλασσαν
3199 5003 3357 5084 (ἦσαν
3411 5006 3511 5084 γὰρ
3566 5005 3790 5087 ἁλιεῖς),

2153 5092 2240 5149 καὶ
2297 5089 2439 5168 λέγει
2523 5091 2734 5154 αὐτοῖς.
2795 5115 2823 5148 ι
2898 5092 3051 5150 οὗτοι
3106 5101 3198 5150 τοὺ
3256 5093 3498 5151 Ἰωάννου
3550 5095 3794 5174 εγένοντο

2156 5180 2411 5256 μαθηταί.
2476 5186 2681 5263 Ζῶντος
2757 5180 2811 5247 δξ
2868 5181 2943 5239 ἔτι
3000 5188 3091 5239 τοῦ
3162 5180 3424 5259 Ἰωάννου,
3498 5185 3793 5263 προσῆλθον

2154 5275 2232 5343 τῷ
2276 5274 2506 5347 Χριστῷ.
2557 5259 2648 5333 Ὧς
2679 5267 2734 5327 δὲ
2797 5269 2943 5328 εἶδον
2989 5273 3080 5327 τὸν
3132 5269 3381 5338 Ἰωάννην
3425 5259 3789 5351 δημευθέντα,

2154 5355 2315 5414 πάλιν
2369 5356 2697 5437 ὑπέστρεψαν
2765 5360 2839 5424 εἷς
2908 5359 3006 5426 τὴν
3075 5356 3401 5434 ἂλιευτικὴν,
3474 5361 3561 5417 καὶ
3627 5360 3791 5427 οὕτως

2155 5444 2321 5503 ἐλθὼν
2351 5448 2379 5504 6
2408 5448 2654 5526 Χριστὸς,
2699 5446 2895 5507 ἀλιεύει
2925 5448 3135 5524 αὐτοὺς,
3163 5446 3335 5528 λέγων
3371 5464 3382 5477 ·
