4118 6220
386 354 487 419 191

1342 351 1934 419 THEOPHYLACT'I
1978 352 2390 422 BULGARI/E
2431 357 2790 423 ARCHIEP.

3642 357 3756 418 192

383 485 442 546 in
477 501 592 564 quo
619 481 887 576 salietur,
921 483 1032 544 hoc
1063 493 1172 559 est,
1215 484 1598 563 corrigetur?
1645 486 1809 548 Tunc
1855 487 2031 568 igitur

2124 491 2167 546 ἓν
2238 494 2336 549 τῖνι
2395 494 2758 576 ἁλισθήσεται,
2816 495 3075 569 τουτέστι,
3110 494 3515 575 διορθωθήσεται
3567 491 3753 556 τἈπὸ

384 574 542 635 foras
573 569 891 650 projicitur
913 590 948 633 a
977 573 1286 637 doctorum
1323 573 1700 654 dignitatezet
1721 578 2035 640 conculca-

385 676 506 740 tur,
540 660 655 722 hoc
686 669 795 737 est,
831 660 1184 742 despicitur.

469 749 658 813 Vens.
696 752 790 813 14.
832 775 858 806 «
891 749 1010 814 Vos
1032 754 1175 816 estis
1201 754 1296 815 lux
1330 753 1560 818 mundi.
1590 777 1617 809 ι
1645 754 1818 817 Prius
1848 756 1936 819 sal
1976 764 2036 820 et

388 851 530 904 tunc
560 841 681 902 lux.
715 839 826 913 Qui
857 842 1019 903 enim
1043 842 1431 924 reprehendit
1462 861 1593 924 quas
1623 843 1822 906 oculte
1861 845 2029 924 ﬁunt,

386 924 487 992 ille
517 931 615 994 lux
640 943 751 996 est.
783 931 974 996 Omne
1010 935 1171 997 enim
1216 934 1374 1017 quod
1405 935 1742 998 manifestat
1768 935 1865 998 lux
1893 945 1983 1000 est
2014 956 2028 1000 :

388 1042 509 1086 non
567 1033 802 1103 gentem
832 1033 1034 1089 autem
1093 1046 1270 1089 unam
1304 1027 1742 1090 illustraverunt
1771 1027 1882 1103 illi,
1928 1024 2034 1088 sed

391 1113 702 1175 mundum.
739 1136 762 1171 α
798 1113 926 1176 Non
954 1124 1145 1197 potest
1167 1116 1372 1179 civitas
1394 1117 1841 1198 occultamque;
1857 1134 2035 1196 supra

392 1209 658 1265 montem
691 1204 805 1264 sita
836 1213 950 1268 est.
987 1231 1013 1260 ι
1048 1206 1232 1269 Docet
1263 1225 1384 1282 eos,
1417 1214 1478 1267 ut
1499 1205 1718 1267 durent
1746 1207 1806 1266 in
1835 1213 2031 1268 certa-

391 1290 642 1368 mine,et
672 1292 1014 1372 diligentem
1037 1294 1168 1357 vitae
1198 1314 1319 1357 sua:
1348 1295 1637 1357 rationem
1669 1294 1948 1369 habeant,
1969 1302 2032 1354 ut

386 1379 429 1440 ii
452 1381 513 1441 in
553 1400 699 1462 quos
729 1401 937 1444 omnes
993 1390 1282 1464 spectant.
1316 1383 1402 1446 Ne
1434 1384 1608 1464 igitur
1637 1383 1871 1465 putetis,
1933 1381 2030 1443 in-

390 1469 537 1551 quit,
571 1471 729 1552 quod
759 1471 820 1532 in
851 1473 1066 1551 angulo
1099 1473 1325 1536 latituri
1355 1473 1506 1548 sitis,
1540 1473 1644 1535 sed
1676 1471 2032 1554 spectabiles

391 1559 576 1636 eritis,
610 1569 668 1623 et
687 1559 820 1622 ideo
844 1561 1037 1623 videte
1058 1561 1354 1642 quomodo
1377 1562 1520 1623 citra
1543 1560 1830 1624 maculam
1847 1560 2034 1640 agatis

2111 583 2231 638 τότε
2276 582 2365 640 οὖν
2422 582 2521 650 ἔξω
2573 584 2805 663 ρίπτεται
2864 593 2956 643 τοῦ
3005 583 3375 642 διδασκαλικοῦ
3434 582 3758 660 ἀξιώματος,

2115 672 2201 730 καὶ
2230 687 2642 756 καταπατεῖται,
2661 675 2924 756 τουτέστι,
2956 686 3393 754 καταφρονεῖται.

2203 781 2226 816 ε
2267 752 2451 837 ’Υμετς
2481 763 2596 820 ἐστε
2626 752 2686 821 το
2717 771 2829 845 φῶς
2857 752 2950 822 τοῦ
2977 752 3202 840 κόσμου.
3243 787 3268 818 ι»
3305 762 3564 838 Πρότερον
3595 761 3753 836 ἅλας,

2116 851 2204 906 καὶ
2271 853 2389 908 τότε
2460 856 2592 934 φῶς.
2672 845 2728 912 ’0
2775 855 2874 933 γὰρ
2919 852 3163 934 ἐλέγχων
3210 853 3276 908 τὰ
3317 857 3489 932 κρυφῆ
3528 854 3761 929 πραττό-

2116 961 2273 1020 μενα,
2327 940 2529 1009 ἐκεῖνός
2587 943 2696 1000 ἐστι
2745 946 2879 1024 φῶς.
2963 950 3074 1000 Πᾶν
3105 943 3205 1020 γὰρ
3236 943 3299 998 κδ
3346 942 3755 1022 φανερούμενον,

2116 1030 2228 1108 φῶς
2285 1029 2448 1094 ἐστιν,
2494 1037 2602 1091 Οὔκ
2656 1032 2796 1098 ἔθνος
2851 1031 2906 1089 δὲ
2961 1031 3016 1089 ἔν
3062 1032 3322 1111 ἐφώτισαν
3379 1033 3546 1106 οὗτοι,
3621 1029 3758 1086 ἀλλὰ

2114 1120 2205 1174 τὸν
2261 1121 2484 1195 κόσμον.
2549 1142 2573 1178 ε
2629 1126 2701 1181 Οὐ
2770 1120 2977 1178 δύναται
3028 1120 3184 1185 πόλις
3240 1118 3494 1199 κρυϐῆναι
3578 1119 3757 1178 in:de

2114 1205 2261 1284 ὅρους
2331 1209 2576 1283 κειμένη.
2629 1232 2653 1268 ε
2689 1208 2929 1267 Παιδεύει
2980 1211 3186 1291 αὐτοὺς,
3234 1209 3554 1288 ἐναγωνίους
3583 1210 3752 1288 εἶναι,

2113 1297 2201 1351 καὶ
2271 1295 2508 1377 ἀκριϐεῖς
2564 1302 2681 1379 περὶ
2737 1301 2827 1356 τὸν
2883 1301 3020 1377 βίον,
3089 1303 3160 1365 ὡς
3214 1299 3355 1377 παρὰ
3384 1299 3596 1356 πάντων
3623 1296 3756 1375 βλέ-

2115 1388 2299 1442 πεσθαι
2351 1385 2666 1463 μέλλοντας.
2728 1389 2816 1456 Μὴ
2881 1391 2981 1469 γὰρ
3035 1388 3312 1464 νομίσητε,
3358 1389 3539 1467 φησὶν,
3591 1386 3671 1444 ὅτι
3701 1387 3756 1444 έν

2116 1475 2279 1551 γωνίᾳ
2340 1473 2680 1557 κρυϐήσεσθε,
2765 1475 2901 1534 ἀλλὰ
2959 1475 3296 1556 περίϐλεπτοι
3357 1475 3555 1555 ἔσεσθε,
3621 1477 3757 1534 ὥστε

2115 1564 2336 1641 βλέπετε
2407 1566 2522 1632 πῶς
2570 1567 2811 1646 ἀμώμως
2883 1569 3124 1641 ζήσεσθε,
3189 1566 3282 1623 ’ίνα
3312 1567 3388 1646 μὴ
3431 1567 3519 1623 καὶ
3549 1567 3753 1646 ἑτέρους

381 1651 581 1731 vitam,
614 1657 674 1711 ut
707 1669 781 1712 ne
815 1658 874 1712 et
901 1650 1036 1712 aliis
1069 1651 1428 1714 otiendiculo
1461 1651 1612 1713 sitis.

468 1739 650 1803 Vens.
681 1741 778 1802 15.
803 1742 1010 1832 Neque
1033 1740 1370 1832 accendunt
1394 1739 1789 1832 lucernam,et
1806 1745 2033 1832 ponunt
2053 1781 2092 1832 Β

2118 1653 2519 1727 σκανδαλίζητε,

2201 1763 2232 1803 (
2263 1744 2389 1802 Οὖδὶ
2432 1746 2635 1803 καίουσι
2665 1744 2886 1826 λύχνον,
2949 1747 3036 1803 καὶ
3063 1745 3293 1804 τιθέασιν
3313 1747 3415 1803 ὑπὸ
3457 1747 3520 1803 τὸ
3549 1745 3756 1826 μοδιον,

384 1848 514 1891 eam
545 1832 656 1892 sub
687 1829 975 1905 modium,
1000 1830 1106 1892 sed
1134 1848 1314 1910 super
1335 1829 1853 1909 candelabrum,et
1874 1827 2031 1889 lucet

2124 1834 2233 1892 ἄλλ’
2265 1837 2351 1892 ἐπὶ
2393 1836 2491 1904 τὴν
2523 1835 2767 1916 λυχνίαν,
2813 1836 2901 1892 καὶ
2956 1834 3154 1911 λάμπει
3227 1841 3358 1892 πᾶσι
3400 1848 3520 1900 τοῖς
3577 1834 3630 1892 έν
3687 1841 3756 1912 τῇ

382 1917 664 1981 omnibus
698 1919 794 1999 qui
819 1918 878 1980 in
902 1919 1078 1980 domo
1109 1929 1266 1981 sunt.
1293 1943 1315 1977 ι)
1350 1918 1471 1997 Ego
1496 1918 1655 1979 enim
1679 1916 1927 1979 accendi
1950 1917 2033 1977 lu-

2124 1926 2271 1998 οἰκίᾳ.
2313 1946 2335 1980 ι
2378 1926 2498 2003 Εγὼ
2527 1925 2650 2001 μὲν,
2711 1927 2894 2004 φησὶν,
2957 1925 3073 2000 ἧψα
3113 1927 3174 1980 τὸ
3231 1930 3366 2006 φῶς,
3447 1926 3509 1981 τὸ
3565 1923 3619 1980 δὲ
3675 1923 3754 2000 μὴ

385 2025 545 2088 men,
578 2008 759 2070 vestri
790 2016 986 2070 autem
1021 2009 1094 2068 sit
1125 2009 1325 2082 olIicii,
1358 2025 1435 2069 ne
1492 2007 1677 2085 gratia
1718 2006 2029 2086 exstingu-

2124 2012 2395 2080 πϐεσθῆλαι
2453 2014 2552 2081 τὴν
2584 2014 2768 2093 χάριν,
2798 2018 2897 2080 τῆς
2928 2013 3182 2092 ὑμετέρας
3216 2011 3352 2069 ἔστω
3396 2011 3651 2093 σπουδῆς,
3683 2014 3755 2077 ὡς

382 2104 534 2167 atur,
569 2097 648 2157 ita
677 2116 738 2169 ιη
772 2105 828 2156 et
853 2096 985 2157 aliis
1008 2096 1200 2158 luceat
1223 2096 1416 2174 fulgor
1443 2096 1572 2157 vita:
1598 2094 2034 2177 vestrannquit

383 2203 541 2246 enim
571 2204 585 2248 ἶ

461 2273 638 2337 Vens.
677 2274 775 2337 16.
808 2297 836 2333 ε
868 2274 1175 2339 Sicluceat
1201 2274 1296 2335 lux
1326 2283 1521 2337 vestra
1551 2291 1748 2334 coram
1770 2272 2029 2335 homini-

384 2362 516 2434 bus,
554 2373 617 2426 ut
642 2363 882 2425 videant
939 2382 1122 2444 opera
1156 2371 1346 2424 vestra
1403 2363 1580 2434 bona,
1615 2371 1674 2423 et
1701 2360 2032 2440 gloriﬁcent

381 2452 615 2515 Patrem
645 2461 908 2515 vestrum
942 2453 1044 2534 qui
1076 2454 1133 2514 in
1161 2453 1326 2515 caelis
1356 2460 1464 2514 est.
1504 2476 1527 2506 υ
1565 2449 1692 2512 Non
1726 2449 1892 2531 dixit,
1910 2453 2029 2514 Vos

381 2541 706 2604 ostendetis
735 2542 1008 2604 virtutem
1047 2563 1063 2619 ;
1093 2543 1204 2603 hoc
1236 2541 1394 2603 enim
1428 2558 1546 2602 non
1577 2546 1735 2601 esset
1776 2536 2026 2621 bonum,

383 2630 625 2704 sed,[lla
647 2631 772 2694 sola
794 2632 1082 2712 luceat,ut
1106 2641 1164 2693 et
1180 2629 1409 2692 inimici
1427 2629 1608 2692 vestri
1634 2626 2026 2704 admirentur,

383 2727 443 2781 et
471 2720 826 2798 gloriﬁcent,
853 2741 970 2782 non
993 2740 1119 2801 vos,
1152 2719 1257 2781 sed
1293 2722 1528 2782 Patrem
1559 2723 1847 2778 vestrum.
1876 2716 1945 2778 Et
1979 2716 2030 2777 si

383 2809 462 2870 ita
484 2826 804 2889 operamur
817 2810 1114 2890 virtutem,
1143 2813 1200 2869 in
1225 2807 1473 2888 gloriam
1508 2803 1616 2867 Dei
1647 2811 1880 2884 oportet
1898 2823 2029 2868 eam

385 2901 643 2983 operari,
680 2921 796 2964 non
820 2902 879 2964 in
912 2911 1196 2965 nostram.

468 3080 656 3142 Vens.
693 3081 791 3143 t7.
833 3104 855 3138 α
905 3080 993 3144 Ne
1023 3078 1369 3142 existimetis
1416 3073 1574 3158 quod
1620 3071 1887 3134 venerim
1959 3070 2033 3133 ad

386 3168 810 3232 destruendam
841 3171 1032 3250 legem
1053 3170 1144 3232 vel
1179 3170 1522 3250 pr0phetas:
1558 3181 1676 3224 non
1694 3160 1905 3222 veniut
1932 3159 2035 3221 de.

388 3267 640 3333 struam,
679 3258 784 3320 sed
815 3267 882 3322 ut
906 3259 1287 3340 adimpleam.
1325 3283 1350 3313 ιν
1382 3251 1669 3330 Quoniam
1702 3251 1828 3330 ipse
1849 3266 2035 3340 _no_vas

388 3347 550 3426 leges
575 3347 1017 3409 introducturus
1052 3337 1198 3422 erat,
1225 3355 1290 3410 ut
1336 3365 1412 3408 ne
1444 3348 1679 3424 putetur
1707 3337 1866 3419 quod
1912 3337 2035 3399 Deo

389 3436 762 3498 adversarius
791 3437 887 3510 sit,
913 3437 1061 3498 dixit
1093 3438 1256 3518 prius
1302 3448 1626 3497 occurrens
1657 3445 1852 3518 pravae
1879 3443 2032 3518 quo-

391 3524 662 3587 rumdam
695 3525 1043 3606 suspicioni,
1070 3515 1226 3608 quod
1247 3543 1364 3586 non
1390 3523 1679 3608 destruat,
1714 3515 2036 3608 sedmagis

387 3614 706 3694 adimpleat
726 3603 940 3695 legem.
978 3603 1281 3689 Quomodo
1305 3621 1504 3676 autem
1525 3603 2036 3695 adimplevit?Pri-

389 3722 550 3794 mum
581 3693 844 3784 quidem,
881 3704 1016 3787 quia
1050 3705 1294 3786 perfecit
1325 3703 1678 3794 omniaquze
1699 3693 1776 3794 de
1798 3710 1868 3794 eo
1888 3711 2034 3794 prae-

392 3780 666 3856 dixerunt
692 3780 1166 3876 prophetzeJdeo
1189 3804 1247 3856 et
1275 3791 1632 3872 evangelista
1647 3780 1904 3844 subinde
1936 3782 2033 3844 di-

389 3883 506 3947 cit:
544 3908 566 3940 α
614 3885 689 3952 Ut
718 3888 1036 3970 impleatur
1070 3889 1224 3970 quod
1257 3887 1477 3950 dictum
1535 3888 1626 3946 est
1673 3876 1749 3970 de
1799 3893 1871 3937 eo
1929 3895 2037 3958 per

391 3976 764 4056 prophetam.
805 3965 827 4035 ii
867 3965 1176 4042 Deinde'et
1202 3978 1401 4039 omnia
1428 3971 1705 4037 mandata
1735 3965 1885 4043 legis
1912 3971 2031 4037 im-

391 4063 589 4143 plevit.
631 4091 657 4122 α
690 4070 1001 4132 Peccatum
1033 4066 1193 4130 enim
1219 4083 1337 4127 non
1369 4064 1508 4126 fecit
1538 4081 1734 4144 neque
1760 4062 2037 4124 inventus

391 4161 480 4214 est
510 4154 682 4217 dolus
712 4159 770 4218 in
802 4175 905 4219 ore
937 4158 1065 4237 ejus
1098 4155 1176 4218 19.
1225 4180 1251 4211 »
1287 4153 1436 4227 Ουίῐι
1499 4161 1556 4214 el
1613 4153 1724 4214 alia
1780 4150 2032 4228 Γείίοηθ,

387 4241 734 4324 adimplevit
790 4247 1008 4324 legem,
1034 4248 1147 4308 hoc
1182 4251 1272 4307 est
1297 4244 1492 4304 denuo
1525 4241 1836 4322 implevit:
1866 4255 2031 4320 quaa-

389 4349 623 4414 cunque
653 4335 746 4395 26
777 4335 935 4397 enim
966 4335 1067 4396 illa
1120 4329 1510 4404 adumbravit,
1546 4347 1617 4392 ea
1646 4330 1744 4392 hic
1774 4328 2036 4409 perfecte

2114 2103 2177 2158 ἄν
2205 2104 2292 2159 καὶ
2321 2115 2439 2168 τοῖς
2472 2101 2652 2166 ἄλλοις
2707 2101 2896 2179 λάμπῃ
2947 2104 2980 2171 ἡ
3012 2101 3326 2182 λαμπρότης
3358 2110 3453 2160 τοῦ
3505 2103 3754 2180 ὑπετέροο

2111 2190 2246 2266 βίου,
2281 2191 2422 2257 Φησὶ
2463 2200 2612 2269 γοῦν

2199 2300 2223 2335 ε
2267 2279 2416 2337 Οὕτω
2471 2279 2738 2356 λαμψάτω
2768 2282 2828 2338 τὸ
2857 2282 2969 2360 φῶς
2999 2282 3169 2360 ὑμῶν,
3203 2279 3494 2358 ἔμπροσθεν
3518 2286 3624 2337 τῶν
3654 2279 3754 2336 ἂν-

2110 2370 2355 2446 θρώπων,
2417 2371 2563 2432 ὃπως
2620 2368 2806 2426 ἴδωσιν
2873 2372 3019 2446 ὑμῶν
3092 2370 3158 2428 τὰ
3240 2369 3377 2429 καλᾶ
3433 2370 3583 2449 ἔργα,
3669 2370 3757 2426 καὶ

2114 2457 2368 2523 δοξάσωσι
2424 2460 2516 2514 τὸν
2593 2459 2797 2540 Πατέρα
2842 2462 2989 2534 ὑμῶν
3043 2461 3134 2516 τὸν
3163 2458 3216 2516 έν
3259 2473 3376 2524 τοῖς
3421 2459 3685 2539 ούρανοτς.
3719 2478 3748 2519 )

2115 2551 2221 2606 Οὐκ
2250 2549 2432 2621 εἶπεν,
2457 2547 2536 2604 ὅτι
2572 2539 2756 2623 ’Υμεϊς
2786 2548 3135 2606 έπιδεικνύετε
3186 2549 3285 2617 τὴν
3337 2548 3530 2627 ἆρετὴν
3577 2547 3754 2628 (τοῦτο

2112 2637 2196 2713 γὲ.
2231 2637 2287 2694 οὗ
2317 2637 2521 2712 καλὸν),
2556 2635 2676 2693 ἀλλ’
2707 2637 2881 2705 έκείνη
2928 2639 3066 2714 μόνη
3125 2637 3415 2716 λαμψάτω,
3476 2638 3613 2696 ὥστε
3667 2644 3759 2699 καὶ

2113 2728 2233 2787 τούς
2287 2725 2509 2805 ἐχθρούς
2603 2728 2748 2802 ὑμῶν
2805 2728 3111 2802 θαυμάζειν,
3169 2729 3258 2785 καὶ
3325 2725 3578 2801 δοξάζειν,
3652 2726 3754 2806 ούχ

2112 2815 2270 2892 ὑμᾶς,
2347 2813 2482 2870 ἀλλὰ
2531 2817 2621 2871 τὸν
2652 2815 2858 2894 Πατέρα
2889 2818 3061 2893 ὑμῶν.
3097 2809 3270 2874 ’Ὥστε
3301 2816 3392 2873 ἐὰν
3439 2813 3754 2898 πράττωμεν

2113 2904 2330 2983 ἀρετὴν,
2389 2905 2461 2967 εἷς
2531 2902 2681 2970 δόξαν
2729 2903 2813 2962 δεῖ
2883 2912 2974 2963 τοῦ
3045 2912 3176 2964 Θεοῦ
3225 2906 3424 2972 ταύτην
3479 2906 3752 2986 πράττειν,

2117 2995 2210 3051 οὐκ
2253 2995 2324 3058 εἰς
2355 2994 2614 3074 ἡμετέραν
2625 3038 2640 3052 .

2201 3106 2229 3137 α
2290 3083 2377 3150 Μὴ
2447 3083 2719 3159 νομίσητε,
2792 3083 2873 3141 ὅτι
2910 3084 3072 3154 ἦλθον
3101 3083 3394 3146 καταλῦσαι
3449 3085 3538 3142 τὸν
3593 3083 3753 3158 νόμον

2116 3169 2150 3237 ἦ
2219 3173 2340 3236 τούς
2409 3174 2706 3252 προφήτας·
2737 3174 2832 3230 οὐκ
2887 3175 3047 3242 ἦλθον
3077 3173 3389 3251 καταλῦσαι,
3450 3172 3586 3232 ἀλλὰ
3616 3161 3758 3238 πλη.

2117 3267 2304 3339 ρῶσαι.
2359 3284 2381 3318 ι
2445 3259 2663 3328 Ἐπειδὴ
2739 3260 2957 3338 ἔμελλεν
3025 3265 3181 3328 αὖτὸς
3253 3264 3442 3340 νόμους
3526 3262 3756 3342 εἰσάγειν

2115 3350 2348 3430 καινούς,
2425 3350 2518 3406 ’ἱνα
2577 3350 2655 3426 μὴ
2713 3352 2996 3427 νομίσωσιν
3047 3353 3127 3409 δτι
3171 3353 3402 3416 ἀντίθεός
3432 3355 3566 3430 ἱστι,
3601 3352 3750 3432 φησὶ,

2117 3440 2519 3517 προθεραπεύων
2567 3441 2667 3507 τὴν
2726 3447 2831 3497 τῶν
2885 3440 3100 3498 πολλῶν
3156 3440 3450 3518 ὑπόληψιν,
3509 3441 3591 3498 ὅτι
3650 3440 3757 3499 Οὔκ

2119 3526 2279 3595 ἦλθον
2347 3527 2638 3586 καταλῦσαι
2707 3530 2797 3586 τὸν
2836 3531 3022 3611 νόμον,
3054 3529 3190 3588 ἀλλὰ
3217 3529 3422 3607 μᾶλλον
3451 3529 3755 3610 πληρῶσαι.

2123 3623 2240 3680 Πῶς
2299 3616 2352 3674 δὲ
2412 3617 2687 3698 ἐπλήρωσε
2722 3639 2739 3692 ;
2785 3626 2994 3699 πρῶτον
3023 3621 3122 3695 μὲν
3165 3619 3270 3701 ὅτι,
3327 3619 3426 3677 ὅσα
3454 3621 3614 3677 εἷπον
3641 3620 3758 3698 περὶ

2121 3706 2277 3762 αὒτοῦ
2333 3709 2379 3763 οἱ
2447 3714 2751 3788 προφῆται,
2791 3708 3028 3776 ἐποίησε,
3065 3711 3159 3766 Διὸ
3188 3713 3284 3766 καὶ
3318 3712 3346 3766 ὁ
3377 3708 3756 3788 εὐαγγελιστής

2117 3793 2372 3873 συχνάκις
2430 3787 2625 3873 λέγει’
2668 3817 2692 3852 ε
2740 3787 2864 3854 "iv:
2921 3795 3175 3877 φληρωθῇ
3229 3799 3290 3854 τὸ
3343 3787 3626 3875 ῥηθενδιὰ
3668 3803 3762 3852 τοῦ

2117 3883 2411 3962 προφήτου.
2451 3906 2474 3937 ιο
2535 3883 2701 3942 Ἀλλὰ
2768 3886 2856 3942 καὶ
2882 3887 2978 3949 τὰς
2995 3893 3085 3943 τοῦ
3130 3886 3292 3961 νόμου
3325 3884 3541 3951 έντολᾶς
3585 3886 3756 3949 πάσας

2118 3970 2451 4049 ἐπλήρωσεν,
2520 3997 2544 4028 ε
2649 3965 2934 4054 Ἀμαρτιαν
2992 3977 3094 4055 γὰρ
3150 3979 3244 4034 οὒκ
3298 3974 3564 4048 ἐποίησεν,
3640 3972 3756 4031 οὐδὲ

2119 4061 2298 4139 εὑρέθη
2367 4061 2516 4128 δόλος
2569 4066 2626 4120 ἓν
2681 4071 2760 4139 τῷ
2785 4063 3009 4140 στόματι
3049 4064 3229 4124 αὐτοῦ.
3267 4087 3295 4120 ι
3351 4066 3449 4124 Καὶ
3498 4062 3673 4128 ἄλλως
3701 4059 3756 4120 δὲ

2117 4148 2394 4229 ἐπλήρωσε
2443 4153 2536 4208 τὸν
2621 4152 2807 4232 νόμον,
2857 4152 3151 4233 τουτέστιν,
3201 4151 3597 4232 ἀνεπλήρωσενο
3659 4151 3759 4210 ὅσα

2116 4240 2216 4317 γὰρ
2286 4239 2493 4304 tunc;
2541 4239 2952 4323 ἐσκιαγράφησε,
2986 4249 3148 4300 ταῦτα
3179 4245 3330 4307 οὗτος
3356 4242 3571 4307 τελείως
3618 4244 3759 4314 ὶζω-

2117 4327 2410 4405 γράφησεν.
2482 4327 2720 4393 Ἐκεῖνος
2763 4332 2847 4404 τὸ,
2891 4352 2913 4387 ε
2953 4331 3040 4399 Μὴ
3071 4331 3352 4412 φονεύσῃςο
3403 4354 3428 4389 ε
3490 4333 3664 4406 οὗτος,
3696 4331 3757 4387 τὸ

388 4413 675 4501 depinxit.
734 4423 843 4486 Illa
893 4424 1056 4500 dixit,
1125 4443 1154 4484 ε
1207 4424 1297 4486 Ne
1355 4419 1629 4482 occidas:
1691 4444 1717 4474 ι»
1753 4419 1851 4479 hic
1902 4433 2033 4479 vero

2124 4416 2270 4484 Μηδὲ
2327 4421 2571 4496 θδμωθῇς
2624 4421 2764 4487 εἰκῆ.
2829 4413 3052 4501 ’Ὥσπερ
3115 4421 3203 4478 καὶ
3251 4423 3279 4478 ὃ
3346 4421 3644 4504 ζωγράφος,
3697 4419 3757 4478 οὗ

390 4492 558 4592 dixit,
587 4514 675 4577 Ne
708 4522 938 4575 temere
995 4492 1294 4575 irascaris.
1329 4507 1491 4571 Sicut
1549 4516 1604 4569 et
1663 4505 1854 4588 pictor
1915 4528 2033 4570 non

2124 4492 2399 4565 καταλύει
2449 4492 2548 4576 τὴν
2596 4509 2966 4591 σκιαγραφίαν,
3002 4492 3137 4567 άλλᾶ
3195 4492 3398 4586 μᾶλλον
3428 4492 3752 4591 άναπληροτ.

386 4605 717 4684 corrumpit
745 4603 1107 4666 lineamenta
1137 4600 1348 4684 prima,
1415 4595 1520 4660 sed
1564 4596 1750 4676 magis
1779 4596 2036 4660 illustrat

387 4696 444 4750 et
473 4691 781 4774 adimplet.

467 4777 652 4846 Vens.
693 4785 788 4846 18.
831 4809 850 4840 ι
883 4785 1078 4847 Amen
1105 4781 1237 4844 dico
1267 4775 1458 4840 vobis.
1499 4801 1522 4832 υ
1550 4777 1744 4840 Amen
1766 4777 2032 4839 afﬁrma-

392 4866 504 4930 tiva
533 4872 821 4949 particula
852 4882 942 4936 est
972 4891 1104 4954 pro,
1141 4870 1329 4932 Etiam
1361 4867 1495 4928 dico
1524 4863 1714 4930 vobis.
1749 4886 1779 4926 ε
1833 4866 2035 4930 Donec

389 4967 700 5034 praetereat
729 4962 944 5024 coelum
979 4971 1038 5024 et
1059 4960 1361 5036 terra,iota
1387 4974 1566 5017 unum
1593 4962 1693 5015 aut
1711 4973 1859 5035 apex
1879 4975 2036 5018 unus

385 5064 503 5108 non
524 5051 848 5128 prasteribit
869 5069 943 5114 ex
961 5051 1115 5131 lege.
1138 5047 1330 5132 quoad
1355 5045 1552 5108 omnia
1571 5045 1721 5106 facta
1748 5044 2026 5108 fuerint.»

387 5133 662 5200 Ostendit
691 5141 810 5221 hic,
843 5140 998 5222 quod
1021 5139 1280 5202 mundus
1300 5134 1560 5218 praeterit
1577 5141 1634 5194 et
1657 5134 2034 5213 transﬁgura-

384 5233 503 5287 tur.
529 5227 686 5290 Dicit
708 5229 885 5309 igitur
914 5230 1071 5311 quod
1091 5227 1355 5311 quandiu
1379 5223 2026 5298 subsistituniversum,

384 5331 580 5395 neque
612 5319 858 5381 minima
889 5319 1084 5382 littera
1116 5337 1149 5381 e
1180 5319 1311 5396 lege
1339 5311 1634 5376 transibit.
1668 5312 1786 5374 Alii
1806 5321 2025 5394 autem,

381 5405 502 5466 iota
525 5416 583 5468 et
613 5409 846 5489 apicem
899 5410 1109 5472 decem
1156 5407 1306 5487 legis
1346 5410 1642 5486 praecepta
1669 5402 1898 5478 dicunt,
1932 5404 2031 5464 alii

379 5502 574 5557 autem
606 5514 875 5576 crucem;
895 5517 1036 5562 nam
1060 5496 1256 5577 crucis
1277 5496 1398 5558 iota
1419 5500 1508 5556 est
1529 5501 1755 5554 rectum
1778 5492 2025 5573 lignum,

462 5664 745 5734 “tl-Patr.
777 5687 842 5755 ιι,
872 5673 972 5735 22.

2204 4795 2233 4835 (
2279 4775 2453 4851 Ἀμὴν
2511 4775 2610 4855 γὰρ
2641 4773 2785 4854 λέγω
2810 4779 2960 4853 ὑμῖν.
3002 4799 3026 4834 ι
3062 4779 3134 4837 Τὸ
3180 4774 3380 4855 Ἀμὴν,
3410 4774 3757 4854 βεϐαιωτικόν

2115 4869 2280 4946 ἔστιν,
2313 4866 2424 4922 ἀντὶ
2452 4875 2566 4940 τοῦ,
2601 4867 2698 4924 Ναὶ
2741 4865 2880 4946 λέγω
2921 4869 3074 4943 ὑμῖν.
3113 4889 3136 4925 ε
3170 4859 3330 4932 ’Ἕως
3370 4865 3431 4923 ἄν
3459 4865 3695 4946 παρέλθῃ
3728 4870 3758 4925 ὁ

2115 4958 2331 5034 οὐρανὸς
2373 4957 2462 5012 καὶ
2491 4956 2525 5023 ἡ
2587 4960 2683 5032 γῆ,
2715 4957 2844 5013 ἰῶτα
2876 4958 2933 5014 ἓν
2965 4957 2999 5025 ἥ
3030 4960 3127 5034 μία
3174 4958 3360 5038 κεραία
3402 4959 3463 5015 οὗ
3506 4957 3584 5032 μὴ
3613 4979 3758 5036 παρ-

2115 5044 2240 5121 έλθῃ
2299 5045 2404 5102 ἀπὸ
2460 5047 2554 5102 τοῦ
2623 5046 2806 5126 νόμου,
2839 5046 2941 5111 πως
2971 5047 3032 5105 ἂν
3063 5048 3235 5108 πάντα
3285 5045 3528 5125 γένηται.
3566 5065 3597 5106 ι
3633 5047 3758 5104 Δεί-

2114 5157 2289 5192 κνυσιν
2365 5135 2580 5192 ένταῦθα
2634 5134 2714 5191 ὅτι
2745 5138 2774 5192 ὁ
2830 5135 3030 5212 κόσμος
3086 5136 3411 5216 παρέρχεται
3463 5136 3552 5192 καὶ
3583 5154 3754 5210 μετα-

2116 5225 2526 5305 σχηματίζεται.
2589 5224 2742 5304 Λέγει
2809 5227 2981 5284 τοίνυν
3022 5226 3102 5284 ὅτι
3159 5225 3260 5291 ἕως
3331 5227 3391 5282 οὗ
3460 5224 3753 5282 συνίστατοι

2113 5316 2174 5370 τὸ
2245 5321 2372 5385 πᾶν,
2433 5312 2548 5372 οὑδὲ
2619 5316 2678 5371 τὸ
2721 5314 3007 5395 ἐλάχιστον
3059 5314 3278 5396 γράμμα
3310 5314 3370 5372 iit
3437 5321 3530 5371 τοῦ
3593 5313 3756 5386 νόμου

2114 5403 2387 5482 παρέλθοι.
2450 5401 2658 5460 ’¹Αλλοι
2728 5403 2783 5461 δὲ
2831 5405 2893 5461 τὸ
2964 5408 3098 5464 ἰῶτα
3139 5406 3227 5460 καί
3267 5404 3366 5486 τὴν
3397 5404 3632 5484 κεραίαν,
3663 5402 3759 5466 τὰς

2113 5491 2239 5549 δέκα
2267 5501 2358 5550 τοῦ
2390 5494 2551 5571 νόμου
2581 5492 2794 5560 ἐντολάς
2824 5511 2999 5575 φασιν⁸
3055 5492 3204 5553 ἄλλοι
3234 5491 3314 5569 δὲ,
3369 5494 3462 5552 τὸν
