4118 6220
431 269 542 333 195

1389 265 1982 332 THEOPHYLACTI
2019 264 2432 329 BULGARIIE
2473 260 2836 327 ARCHIEP.

3691 256 3806 321 196

416 401 849 482 indignativum
866 399 1319 481 etrespuitivum
1333 400 1617 482 quiddam
1634 397 2062 481 signare.Quis-

2157 403 2336 454 ταῦτα.
2387 391 2534 458 Τινὲς
2561 390 2616 450 δὲ
2645 394 2728 463 τὸ,
2783 415 2806 450 ε
2861 383 3052 467 Ῥακέ,
3084 414 3119 451 ι
3159 393 3392 468 Συριστὶ,
3439 391 3808 450 κατάπτυστόν

418 491 552 572 quis
572 490 752 570 igitur
801 490 1016 570 injuria
1045 489 1308 552 aﬂ’ecerit
1336 491 1580 552 fratrem
1612 508 1817 571 suum,
1851 499 2063 553 contu-

419 580 598 641 melia
620 579 931 648 invadens.
960 578 1252 640 obnoxius
1280 579 1394 640 erit
1423 578 1676 640 concilio
1721 590 2061 643 sanctorum

417 669 815 750 apostolorum
827 667 1082 746 ,quando
1100 667 1733 747 sedebuntjudicantes
1745 668 2062 731 duodecim

417 758 606 820 tribus
635 755 840 819 Israel.
878 781 903 812 α
931 755 1279 837 Quicunque
1326 767 1524 817 autem
1573 756 1812 838 dixerit,
1847 757 2058 828 Stulte.

413 867 556 912 reus
572 847 688 910 erit
713 848 1003 926 gehennae
1047 845 1345 908 incendio.
1379 867 1400 897 ι
1435 845 1610 908 Multi
1640 848 1754 908 hoc
1799 865 1976 926 grave
2007 854 2064 909 et

416 938 630 1000 durum
662 955 796 998 esse
829 943 1055 1015 putant,
1088 953 1204 996 non
1253 943 1344 996 est
1371 943 1594 996 autem.
1629 935 1776 997 Nam
1812 936 1912 1015 qui
1943 935 2060 996 fra—

421 1037 569 1088 trem
587 1043 758 1088 suum
775 1023 1001 1086 ratione
1020 1032 1078 1085 et
1099 1023 1656 1104 prudentia,quibus
1683 1042 1717 1085 a
1734 1023 1923 1085 brutis
1941 1023 2064 1085 dis-

417 1133 750 1195 crepamus,
785 1113 993 1194 privat,
1027 1112 1326 1194 quomodo
1362 1131 1479 1174 non
1501 1111 1714 1190 dignus
1746 1113 2019 1190 gehenna
2039 1118 2067 1175 ?

419 1207 648 1269 Etenim
682 1205 782 1287 qui
805 1205 1148 1266 scommatis
1178 1213 1235 1265 et
1256 1203 1634 1265 contumeliis
1667 1204 2064 1286 persequitur,

419 1296 762 1359 cbaritatem
794 1295 1048 1357 destruit
1080 1311 1093 1355 :
1133 1312 1248 1373 qua
1290 1294 1610 1373 destructa,
1656 1293 1832 1355 simul
1863 1313 2071 1357 omnes

419 1387 705 1449 tolluntur
756 1384 1005 1447 virtutes
1063 1401 1078 1446 :
1133 1385 1284 1445 sicut
1345 1401 1555 1447 omnes
1601 1393 2061 1454 conservantur,

420 1495 490 1538 ea
519 1476 698 1538 salva.
729 1474 1003 1536 Dissolvit
1046 1473 1226 1551 igitur
1256 1492 1467 1534 omnes
1497 1472 1770 1555 virtutes,
1790 1475 1891 1555 qui
1922 1494 2066 1537 con-

421 1565 662 1627 tumelia
692 1563 1022 1644 proximum
1056 1562 1262 1635 alﬁcit,
1297 1562 1436 1623 dum
1463 1564 1812 1626 charitatem
1849 1563 2066 1627 dilace-

422 1665 509 1715 rat
536 1675 548 1716 :
584 1661 642 1714 et
673 1652 922 1732 proinde
942 1652 1096 1730 ignis
1116 1651 1395 1713 incendio
1421 1653 1636 1729 dignus
1675 1652 1873 1717 fuerit.

502 1741 682 1804 Vnus.
717 1745 815 1812 23,
847 1741 945 1802 ⁸24.
980 1766 998 1793 ε
1032 1740 1094 1801 Si
1144 1759 1287 1810 ergo
1318 1741 1607 1802 olitulcris
1635 1760 1849 1802 munus
1900 1751 2058 1804 tuum

420 1839 491 1895 ad
523 1833 726 1906 altare,
761 1841 820 1891 et
848 1829 971 1891 illic
1019 1831 1368 1892 recordatus
1425 1832 1630 1903 fueris,
1663 1831 1823 1911 quod
1881 1832 2063 1895 frater

421 1930 555 1984 tuus
577 1918 999 1999 habetaliquid
1023 1919 1338 1981 adversum
1364 1919 1684 1993 te,dimitte
1707 1919 1825 1981 illic
1843 1939 2060 1983 munus

421 2018 586 2071 tuum
618 2017 754 2069 ante
783 2009 968 2069 altare
999 2017 1056 2070 et
1086 2007 1205 2088 abi,
1243 2011 1406 2089 prius
1453 2008 1843 2070 reconciliare
1890 2008 2058 2072 fratri

419 2109 517 2160 tuo
550 2107 608 2159 et
640 2107 779 2159 tunc
808 2098 1055 2160 veniens
1097 2098 1244 2158 offer
1277 2116 1490 2158 munus
1547 2107 1737 2160 tuum.
1778 2122 1801 2156 ε
1840 2099 2064 2163 Conte-

423 2186 569 2246 mnit
589 2188 747 2249 Deus
780 2187 1085 2266 proprium
1124 2187 1436 2256 honorem,
1473 2194 1700 2249 tantum
1735 2194 1799 2248 ut
1831 2207 1938 2249 nos
1969 2189 2064 2250 di-

419 2273 691 2354 ligamus.
729 2274 874 2336 Cum
907 2282 1102 2335 autem
1133 2273 1400 2347 dixisset,
1431 2275 1496 2337 Si
1525 2274 1801 2336 habuerit
1843 2277 2064 2356 aliquid

420 2371 619 2425 contra
667 2371 721 2424 te
767 2363 949 2423 frater
978 2373 1136 2434 tuus,
1171 2362 1320 2424 nihil
1369 2362 1526 2424 aliud
1583 2364 1879 2442 apposuit.
1933 2369 2066 2428 Sive

421 2451 579 2514 enim
607 2452 766 2530 juste
794 2451 1161 2532 siveLinjuste
1184 2450 1919 2526 habeat,reconciliare.Et
1951 2473 2066 2516 non

2148 508 2275 564 φασι
2319 485 2618 559 σημαίνειν,
2674 473 2869 549 Ηυστις
2901 481 2992 541 οὖν
3019 478 3220 560 ὑϐρίσαι
3245 482 3339 540 τὸν
3367 479 3594 561 ἀδελφὸν
3648 480 3807 538 αύτοῦ

2147 575 2534 648 κατάπτυστον,
2589 571 2781 653 ἔνοχος
2843 571 2991 628 ἔσται
3047 577 3125 646 τῷ
3167 568 3422 650 συνεδριῳ
3476 569 3581 627 τῶν
3639 570 3805 649 ἁγίων

2145 662 2483 738 ἀποστόλων,
2566 661 2655 718 ὅτε
2765 661 3036 718 καθίσουσι
3118 658 3382 738 κρίνοντες
3456 659 3551 724 τὰς
3605 656 3807 716 δώδεκα

2144 747 2335 828 φυλάς.
2373 773 2401 805 ε
2432 741 2540 812 ”Ος
2574 745 2620 803 δ’
2667 746 2729 804 ἂν
2759 746 2916 823 εἴπῃ,
2953 746 3135 824 Μωρὲ,
3168 745 3361 826 ’ένοχος
3411 749 3564 807 ἔσται
3603 748 3678 813 εἷς
3705 749 3803 816 τὴν

2146 838 2360 914 γέενναν
2412 845 2502 896 τοῦ
2559 837 2744 916 πυρός.
2784 859 2809 894 ε
2861 835 3060 894 Πολλοὶ
3101 835 3314 914 λέγουσι
3386 837 3474 894 καὶ
3531 837 3804 911 νομίζουσι

2145 927 2275 1006 βαρὺ
2306 928 2447 984 εἶναι
2509 934 2662 983 τοῦτο
2718 927 2809 983 καὶ
2875 924 3110 1006 σκληρὸν
3141 926 3238 982 οὒκ
3286 923 3398 981 ἔστι
3455 925 3538 988 δέ.
3617 935 3658 983 0
3703 925 3808 1005 γὰρ

2146 1015 2451 1096 ἀποστερῶν
2507 1017 2596 1072 τὸν
2668 1014 2893 1082 ἀδελφὸν
2943 1016 3102 1075 αὐτοῦ
3131 1012 3294 1092 λόγου
3336 1015 3426 1072 καὶ
3467 1015 3799 1095 φρονήσεως,

2150 1104 2238 1184 οἷς
2293 1111 2399 1162 τῶν
2452 1106 2647 1184 θηρίων
2704 1103 3042 1184 διαφέρομεν,
3075 1111 3190 1168 πῶς
3219 1106 3314 1162 οὐκ
3359 1102 3502 1168 ἂξιος
3532 1103 3750 1182 γεέννης
3782 1123 3798 1183 ;

2152 1183 2211 1250 Ὀ
2242 1193 2342 1272 γὰρ
2396 1183 2648 1274 λοιδορῶν
2717 1183 3076 1274 καὶίὺϐρίζων,
3133 1194 3233 1262 τὴν
3289 1192 3503 1270 ἀγάπην
3576 1191 3796 1250 διαλύει·

2150 1281 2267 1349 ἣτις
2349 1281 2675 1362 διαλυθεῖσα,
2772 1294 3076 1362 συναναιρεῐ
3157 1282 3252 1346 τὰς
3331 1283 3544 1362 ἀρετὰς,
3621 1281 3800 1360 ὥσπερ

2153 1372 2243 1428 καὶ
2289 1380 2525 1451 παροῦσα
2573 1377 2809 1444 συνιστᾷ·
2855 1372 2952 1436 τὰς
2999 1371 3190 1450 ἀρετὰς
3249 1370 3339 1429 οὖν
3394 1371 3568 1435 πάσας
3627 1393 3799 1428 κατα-

2148 1463 2258 1531 λύει
2307 1465 2336 1520 6
2416 1460 2658 1543 ὑϐρίζων,
2715 1465 2770 1520 ἓν
2826 1467 2905 1536 τῷ
2957 1465 3057 1532 τὴν
3087 1462 3307 1543 ἀγάπην
3340 1461 3590 1536 διασπᾷν.
3622 1453 3798 1520 υΩστε

2149 1555 2366 1621 εἰκότως
2409 1554 2551 1622 ἂξιος
2580 1561 2675 1612 tot”)
2707 1553 2898 1635 πυρός.

2233 1761 2258 1790 α
2319 1733 2443 1794 Ἐὰν
2526 1736 2615 1791 οὖν
2691 1733 2994 1814 προσφέρῃς
3077 1735 3138 1790 τὸ
3208 1733 3373 1813 δῶρὸν
3433 1757 3526 1790 σου
3582 1734 3668 1792 ἰπὶ
3735 1744 3797 1798 τὸ

2143 1829 2533 1908 θυσιαστήριον,
2604 1829 2763 1885 κάκεῖ
2838 1830 3106 1906 μνησθῇς,
3187 1826 3268 1882 ὅτι
3325 1828 3354 1882 6
3423 1825 3647 1908 ἀδελφός
3705 1849 3797 1884 σου

2143 1916 2261 1997 ἔχει
2311 1939 2359 1972 τι
2417 1918 2553 1974 κατὰ
2586 1924 2702 1994 σοῦ,
2735 1915 2862 1995 ἄφες
2899 1915 3016 1972 ἐκεῖ
3045 1918 3105 1972 τὸ
3148 1913 3314 1995 δῶρόν
3369 1937 3465 1973 σου
3501 1915 3796 1995 ἔμπροσθεν

2140 2013 2232 2064 τοῦ
2298 2007 2688 2086 θυσιαστηρίου,
2763 2006 2852 2061 καὶ
2917 2003 3112 2085 ὕπαγε,
3197 2010 3406 2082 πρῶτον
3475 2002 3796 2083 διαλλάγηθι

2145 2102 2223 2170 τῷ
2277 2093 2486 2174 ἀδελφῷ
2540 2117 2660 2175 σου,
2709 2096 2796 2151 καὶ
2839 2094 2960 2150 τότε
3030 2093 3196 2150 ἐλθὼν
3226 2093 3488 2174 πρόσφερε
3525 2096 3586 2150 τὸ
3629 2092 3796 2173 δῶρόν

2149 2205 2262 2243 σου.
2329 2206 2355 2242 ι
2418 2194 2748 2264 Καταφρονεϊ
2817 2185 2846 2240 6
2903 2184 3030 2246 Θεὸς
3092 2188 3191 2250 τῆς
3262 2184 3459 2248 οἰκείας
3489 2184 3674 2264 τιμῆς,
3705 2183 3794 2239 ’ἕνα

2146 2278 2311 2349 ἡμεῖς
2364 2272 2527 2348 μόνον
2597 2274 2917 2352 ἀγαπῶμεν,
2979 2270 3104 2331 Ἐὰν
3136 2270 3190 2328 δὲ
3234 2271 3343 2352 ἔχῃ
3375 2295 3423 2329 τι
3470 2274 3606 2330 κατά
3648 2280 3739 2330 σοῦ
3765 2276 3793 2329 6

2148 2361 2368 2442 ἀδελφός
2439 2383 2532 2420 σου
2587 2363 2772 2436 εἰπὼν,
2806 2360 2953 2418 οὐδὲν
2987 2360 3119 2419 ἄλλο
3159 2362 3505 2435 προσέθηκεν.
3542 2362 3668 2420 Εἴτε
3696 2363 3792 2441 γὰρ

2150 2449 2362 2514 δικαίως
2433 2449 2544 2506 εἴτε
2574 2449 2767 2514 ἀδίκως
2811 2451 2954 2532 ἔχει,
2988 2448 3326 2530 διαλλάγηθι.
3362 2456 3460 2510 Καὶ
3487 2454 3582 2510 οὐκ
3613 2453 3792 2528 εἶπεν,

419 2540 586 2617 dixit,
624 2538 684 2603 Si
714 2540 904 2604 habes
938 2550 998 2603 tu
1031 2549 1236 2602 contra
1267 2540 1457 2616 illum,
1502 2541 1605 2602 sed
1633 2541 1697 2602 Si
1725 2542 1866 2622 quid
1893 2543 2062 2605 habet

2157 2537 2275 2596 Ἐὰν
2307 2537 2441 2619 ἔχῃς
2473 2540 2534 2595 σὺ
2575 2539 2694 2598 κατ’
2726 2539 2950 2621 ὶκείνου,
2983 2539 3128 2622 ἀλλ’,
3164 2538 3286 2597 Ἐὰν
3329 2539 3436 2621 ἔχη
3485 2541 3692 2604 ἐκεῖνος
3745 2563 3793 2597 τι

419 2630 516 2699 ille
547 2637 754 2692 contra
778 2638 854 2704 te,
879 2647 1099 2692 conare
1128 2639 1188 2691 ut
1219 2630 1411 2710 ipsum
1443 2631 1514 2690 ad
1547 2629 1866 2692 amicitiam
1894 2631 2062 2693 redu-

2157 2630 2286 2684 κατὰ
2342 2635 2458 2704 σοῦ,
2519 2626 2814 2687 σπούδασον
2871 2632 3026 2687 αὐτὸν
3057 2629 3306 2709 φιλιῶσαί
3337 2652 3444 2690 σοι.
3477 2631 3795 2708 Προστάττει

419 2737 540 2780 cas.
575 2717 847 2799 Praecipit
895 2726 1088 2780 autem
1122 2718 1544 2781 dimittendum
1591 2718 1837 2800 donum,
1891 2727 1954 2781 ut
1987 2718 2062 2782 ibi

2157 2714 2207 2773 δὲ
2235 2717 2449 2797 ἀφεῖναι
2475 2719 2536 2774 τὸ
2609 2716 2798 2797 δῶρον,
2846 2718 2940 2776 ’ίνα
3000 2740 3089 2776 σοι
3145 2720 3383 2797 ἀνάγκην
3443 2720 3639 2795 ίνθήσῃ
3703 2726 3796 2776 τοῦ

419 2807 831 2870 necessitatem
888 2807 1153 2888 imponat
1207 2806 1660 2888 reconciliandi,
1694 2814 1753 2868 et
1789 2819 1848 2870 tu
1879 2807 1929 2868 si
1964 2827 2062 2871 vo-

2157 2804 2576 2886 ιιατοιλλαγῆνςιιι
2630 2809 2692 2864 σὸ
2775 2808 2875 2888 γὰρ
2930 2807 3098 2865 θέλων
3127 2810 3549 2890 προσενεχθῇναι
3580 2813 3641 2867 τὸ
3684 2808 3795 2865 δὼ-

416 2897 601 2960 lueris
648 2897 863 2958 offerre
901 2897 1148 2969 donum,
1179 2897 1408 2976 cogaris
1444 2896 1840 2960 reconciliari.
1881 2897 2062 2963 Docet

2157 2895 2238 2976 ρόν
2321 2917 2439 2972 σου,
2496 2896 2883 2975 ἀναγκασθήσῃ
2936 2895 3309 2976 διαλλαγῆναι.
3385 2888 3557 2975 ν”Λμα
3601 2897 3656 2955 δὲ
3689 2897 3797 2955 δει-

421 2987 597 3048 etiam
629 2985 867 3048 interim
899 2985 1249 3048 charitatem
1273 3004 1478 3049 verum
1521 3004 1652 3048 esse
1682 2986 2062 3048 sacriﬁcium.

2157 2985 2290 3042 κνύει
2328 2983 2411 3067 δτι
2452 2984 2490 3052 ἦ
2521 2984 2706 3064 ἀγάπη
2738 2984 2886 3043 έστὲν
2916 2987 2952 3055 ἡ
2983 2983 3149 3050 ὅντως
3191 2988 3360 3046 θυσία.

485 3076 673 3138 Vens.
703 3074 803 3148 25,
834 3073 934 3139 26.
972 3097 995 3131 α
1033 3073 1169 3136 Esto
1199 3073 1524 3137 benevolus
1579 3073 1919 3138 adversario
1969 3083 2062 3138 tuo

2237 3094 2259 3129 ε
2297 3061 2445 3131 ’Ἰσθι
2502 3061 2694 3128 εὐνοῶν
2752 3080 2829 3147 τῷ
2893 3070 3140 3148 ἀντιδίκῳ
3195 3097 3290 3132 σου
3318 3075 3483 3156 ταχὺ,
3528 3075 3631 3140 ἓως
3674 3076 3796 3132 ὃτου

419 3165 555 3244 cito,
581 3164 841 3245 quandiu
873 3172 960 3226 est
993 3166 1052 3226 in
1081 3164 1173 3226 via
1200 3183 1338 3226 cum
1370 3183 1467 3229 eo.
1500 3183 1575 3226 ne
1605 3164 1840 3246 quando
1873 3173 1929 3226 te
1954 3173 2062 3227 tra-

2157 3163 2203 3219 ιϊ
2260 3160 2315 3218 ἐν
2371 3166 2439 3238 τῇ
2499 3159 2605 3235 ὁδῷ
2673 3159 2793 3238 μετ’
2849 3162 3031 3242 αὐτοῦ,
3094 3162 3305 3239 μὴποτέ
3361 3185 3419 3221 σε
3491 3163 3710 3243 παραδῷ
3769 3167 3797 3223 6

418 3253 516 3314 dat
543 3253 914 3315 adversarius
933 3254 1147 3332 judici,
1181 3262 1240 3316 et
1261 3253 1448 3333 judex
1473 3262 1532 3316 te
1557 3255 1746 3317 tradat
1767 3253 2059 3330 ministro,

2157 3248 2402 3315 ἀντίδικος
2457 3257 2535 3326 τῷ
2589 3257 2772 3332 κριτῇ,
2844 3253 2933 3308 καὶ
2989 3254 3017 3309 6
3072 3254 3258 3332 κριτής
3354 3274 3438 3334 σε,
3468 3253 3688 3334 παραδῷ
3717 3257 3796 3331 τῷ

416 3351 473 3403 et
501 3343 560 3402 in
601 3360 906 3403 carcerem
948 3332 1282 3421 onjiciaris.
1305 3343 1495 3404 Amen
1520 3343 1652 3405 dico
1700 3343 1824 3414 tibi,
1861 3344 2060 3406 neuti-

2157 3339 2405 3420 61:1398'1'9,
2480 3340 2568 3396 καὶ
2638 3342 2710 3406 εἰς
2767 3339 3007 3420 φυλακὴν
3076 3341 3349 3420 βληθήσῃ,
3428 3332 3597 3420 Ἀμην
3654 3343 3793 3424 λέγω

418 3448 592 3510 quam
623 3430 812 3492 exibis
842 3430 1226 3511 illinc,doncc
1242 3431 1456 3493 reddas
1478 3433 1749 3493 ultimum
1772 3431 2062 3514 quadran-

2157 3451 2252 3509 τοι,
2326 3430 2386 3488 οὐ
2447 3429 2528 3505 μὴ
2557 3427 2770 3505 ἐξέλθῃς
2853 3433 3083 3512 mrem,
3141 3434 3240 3497 ἓως
3304 3430 3365 3490 ἄν
3422 3432 3631 3508 ἀποδῷς
3701 3437 3790 3491 τὸν

417 3529 556 3580 tem.
576 3545 594 3573 ι
619 3519 900 3582 Nonnulli
925 3528 1127 3600 putant
1154 3519 1560 3582 adversarium
1594 3521 1712 3584 dici
1732 3521 2057 3600 diabolum,

2157 3516 2378 3597 ἔσχατον
2458 3517 2773 3598 κοδράντην·
2843 3542 2871 3575 ι
2947 3521 3097 3586 Τινὲς
3181 3522 3478 3598 νομίζουσιν
3533 3522 3791 3581 ἀντίδικον

419 3608 563 3668 viam
589 3615 786 3669 autem
814 3607 994 3670 vitam
1029 3629 1043 3672 :
1081 3609 1398 3672 Dominum
1430 3629 1568 3672 vero
1618 3609 1964 3685 admonere,
1997 3624 2062 3673 ut

2157 3606 2382 3687 λέγεσθαι
2437 3609 2529 3666 τὸν
2587 3605 3019 3692 διάϐολονλρδὸν
3060 3607 3115 3666 δὲ
3164 3612 3257 3669 τὸν
3317 3611 3454 3688 βίονο
3511 3625 3791 3692 παραινεῖν

416 3696 680 3777 quandiu
712 3696 769 3756 in
799 3697 908 3758 hac
933 3696 1047 3758 vita
1077 3715 1163 3770 es,
1188 3697 1490 3760 desciscas
1522 3717 1557 3760 a
1585 3699 1932 3776 diabolo,ne
1956 3682 2061 3781 po-

2157 3682 2334 3754 36't6v
2408 3698 2594 3777 Κύριον
2644 3682 2846 3762 οὕτως’⁷
2871 3682 3026 3762 θΕως
3057 3697 3180 3758 ὅτου
3235 3700 3292 3757 εἴ
3318 3682 3390 3757 ⁷ἐν
3432 3705 3511 3774 τῷ
3670 3703 3792 3758 τοὺ-

413 3792 540 3847 stea
573 3785 757 3866 possit
786 3793 841 3847 te
872 3784 946 3846 de
977 3794 1218 3866 peccato
1247 3805 1518 3866 arguere,
1551 3788 1960 3870 quasijaliquid
1987 3788 2062 3851 de

2157 3810 2240 3866 τῳ,
2287 3785 2558 3854 διαλύθτ,τι
2586 3788 2717 3865 πρὸς
2773 3789 2864 3845 τὸν
2920 3786 3186 3870 διάϐολον,
3235 3788 3329 3846 ’ίνα
3371 3791 3449 3866 μή
3494 3789 3601 3870 ἔχῃ
3629 3790 3789 3850 ὕστε-

414 3893 521 3936 suo
551 3874 892 3948 habentem,
929 3883 1186 3956 tuncque
1218 3893 1414 3956 paenae
1462 3876 1714 3938 tradaris
1771 3896 1956 3959 usque
1987 3879 2060 3940 ad

2157 3899 2232 3936 ιον
2263 3876 2509 3957 ἐλέγχειν
2540 3897 2599 3935 σε
2656 3878 2774 3954 περὶ
2857 3877 3141 3954 ἁμαρτίας,
3201 3879 3276 3944 ὼς
3336 3878 3534 3960 ἔχοντά
3577 3901 3627 3937 τι
3686 3881 3790 3938 τῶν

414 3962 689 4025 ultimum
755 3963 1144 4044 quadrantem
1204 3983 1308 4045 pro
1363 3968 1617 4045 peccatis
1667 3966 2056 4044 corrigendis.

2157 3967 2364 4046 ἐκείνου,
2437 3966 2530 4022 καὶ
2579 3965 2702 4024 τότε
2750 3965 3053 4045 παραὼθῇς
3124 3974 3194 4044 τῇ
3229 3966 3470 4044 κολάσει,
3520 3967 3657 4050 ἄχρι
3705 3970 3793 4026 καὶ

419 4049 726 4124 Quadrans
771 4051 947 4114 habet
994 4052 1112 4115 duo
1161 4053 1410 4117 minuta.
1450 4056 1526 4116 At
1559 4063 1619 4115 tu
1653 4055 1939 4138 intellige,
1971 4057 2062 4116 28

2157 4063 2252 4113 τῶν
2311 4054 2559 4134 ἰσχάτων
2615 4055 3019 4135 ἁμαρτημάτων
3077 4057 3442 4134 εύθυνόμενος,
3492 4049 3792 4138 Κοδράντης

420 4141 578 4220 quod
608 4140 786 4202 etiam
818 4141 892 4203 de
914 4141 1272 4204 adversariis
1301 4142 1402 4223 qui
1434 4141 1530 4205 hic
1546 4151 1704 4217 sunt,
1728 4143 1924 4206 dicat:
1958 4164 2062 4226 per

2157 4145 2243 4224 γὰρ
2298 4144 2408 4202 ἔστι
2452 4143 2542 4202 δὺο
2585 4143 2777 4210 λεπτά.
2829 4147 2904 4202 Σὺ
2946 4144 3002 4202 δὲ
3071 4148 3176 4204 νόει
3222 4145 3305 4203 ὅτι
3363 4148 3452 4204 καὶ
3507 4151 3626 4225 περὶ
3687 4154 3791 4205 τῶν

418 4229 530 4292 hoc
559 4230 994 4304 admonens,ne
1004 4230 1236 4310 judicio
1267 4231 1614 4307 contendas,
1649 4238 1709 4292 et
1737 4231 1818 4294 ita
1844 4251 1878 4295 a
1909 4233 2062 4296 divi-

2157 4238 2361 4293 ινταῦθα
2432 4232 2706 4292 ἀντιδίκων
2749 4234 2893 4315 λέγει
2949 4243 3128 4316 τοῦτο,
3186 4242 3456 4316 παραινῶν
3500 4237 3579 4315 μὴ
3635 4235 3790 4294 δικά-

417 4317 510 4421 nis
554 4318 837 4420 operibus
879 4318 1174 4421 avellaris,
1213 4320 1404 4421 Etiam
1445 4320 1504 4421 si
1548 4320 1768 4421 injuria
1815 4323 2062 4421 affectus

2157 4328 2351 4400 ζεσθαι,
2433 4325 2522 4381 καὶ
2550 4411 2571 4421 ᾳ
2618 4324 2723 4381 ἀπὸ
2780 4330 2885 4382 τῶν
2969 4325 3120 4382 θείων
3190 4324 3358 4405 ἔργων
3414 4330 3787 4407 περισπᾶσθαι.

416 4406 626 4489 fueris,
660 4407 870 4490 inquit,
923 4427 998 4471 ne
1041 4408 1219 4472 abeas
1264 4409 1338 4471 ad
1383 4409 1643 4473 tribunal
1677 4431 1694 4472 :
1727 4410 1832 4474 sed
1869 4411 1931 4474 in
1973 4412 2062 4475 via

2157 4413 2254 4474 Κάν
2335 4414 2436 4493 γὰρ
2505 4411 2790 4489 ἠδικήθης,
2857 4415 3009 4495 φησὶ,
3041 4415 3122 4490 μὴ
3166 4413 3400 4492 ἀπέλθῃς
3428 4406 3500 4483 εἷς
3529 4413 3790 4486 δικαστή-

416 4496 580 4559 litem
611 4499 794 4573 solve,
829 4516 905 4561 ne
937 4497 1011 4560 ob
1055 4497 1378 4579 potentiam
1416 4499 1762 4581 adversarii,
1796 4502 2062 4582 graviora

2157 4521 2275 4560 ιιονο
2308 4499 2428 4558 ἀλλ⁹
2483 4503 2540 4560 ὶν
2607 4509 2676 4578 τῇ
2745 4500 2851 4576 ὁδῷ
2906 4500 3200 4584 διαλύὸητι,
3288 4505 3504 4580 μήποτε
3573 4505 3791 4585 χείρονα

417 4587 681 4667 patiaris.

2157 4592 2318 4669 πείθῃς
2347 4589 2430 4648 διὰ
2457 4593 2558 4660 τὴν
2588 4589 2891 4648 δυναστείαν
2914 4614 3008 4648 του
3037 4590 3322 4657 ἀντιδίκου,

496 4679 683 4740 Vsus.
715 4677 818 4740 27.
856 4697 884 4736 ι
915 4675 1183 4740 Audistis
1215 4675 1375 4759 quod
1404 4677 1626 4740 dictum
1665 4678 1760 4750 sit,
1789 4681 1878 4744 Ne
1911 4699 2059 4744 mos-

415 4766 636 4828 cheris.
670 4791 693 4824 ο
722 4766 896 4828 Aliud
929 4777 1018 4827 est
1050 4768 1319 4829 masc-hia.
1348 4768 1508 4828 aliud
1537 4769 1819 4831 scortatio
1848 4788 1862 4834 :
1901 4789 2057 4833 mae-

414 4856 546 5004 chlia
576 4857 735 4918 enim
772 4865 861 4919 est
888 4873 1023 4918 cum
1055 4858 1388 4937 conjugata,
1433 4858 1710 4920 scortatio
1743 4876 1889 4938 vero
1923 4879 2057 4922 cum

417 4963 482 5006 so
513 4952 635 5006 uta.

493 4991 677 5096 ἶίέῖιε.
712 5033 810 5097 28.
836 5032 991 5114 «Ego
1013 5042 1208 5097 autem
1241 5035 1375 5098 dico
1397 5034 1585 5113 vobis,
1621 5037 1779 5118 quod
1803 5038 2058 5118 quicun-

2229 4704 2260 4737 α
2310 4680 2601 4738 Ἦκοὺσατε
2663 4679 2749 4735 ὅτι
2807 4679 3010 4758 ὶῤῥέθη·
3045 4681 3118 4738 O6
3150 4682 3484 4763 μοιχεύσεις.
3522 4706 3550 4738 ι
3601 4681 3791 4741 ’¹Λλλο

2143 4772 2384 4850 μοιχεία,
2445 4771 2532 4826 καὶ
2588 4768 2719 4826 ἄλλο
2773 4770 3008 4848 πορνεία·
3046 4773 3268 4850 μοιχεία
3297 4772 3422 4853 μὲν,
3460 4773 3496 4841 ἡ
3527 4773 3602 4837 εὶς
3629 4772 3790 4830 ὕπανο

2143 4857 2282 4937 δρον·
2319 4859 2533 4938 πορνεία
2565 4856 2645 4938 δὲ,
2691 4859 2728 4928 ἡ
2760 4859 2832 4924 εἰς
2860 4857 3286 4935 ἀπολελυμενην.

2229 5057 2252 5094 ε
2289 5035 2433 5116 Ἐγώ
2461 5034 2516 5092 δὲ
2560 5034 2704 5114 λέγω
2743 5036 2896 5113 ὑμῖν,
2943 5038 3023 5094 ὃτι
3057 5043 3161 5104 πᾶς
3202 5040 3231 5096 6
3290 5037 3504 5115 βλέπων
3561 5051 3787 5118 γυναῖκα

415 5139 532 5202 que
562 5122 862 5202 aspexerit
893 5123 1207 5186 mulierem
1223 5126 1295 5186 ad
1326 5123 1872 5205 concupiscendum
1899 5147 2055 5208 eam,

2157 5128 2271 5206 πρὸς
2337 5128 2399 5183 τὸ
2449 5125 2768 5202 ἐπιθυμῆσαι
2825 5128 3016 5208 αὐτῆς,
3047 5126 3154 5197 ἢδη
3189 5127 3499 5209 ἐποίχευσεν
3540 5129 3705 5200 αὐτὴν
3732 5131 3787 5186 εν

407 5212 530 5291 jam
575 5211 931 5274 adulterium
964 5212 1262 5274 commisit
1291 5233 1424 5275 cum
1456 5231 1526 5276 ea
1555 5214 1615 5276 in
1660 5214 1841 5278 corde
1874 5235 2051 5280 suo.»

2157 5222 2208 5283 ςῆ
2281 5215 2462 5295 καρδίᾳ
2531 5216 2711 5278 αὑτοῦ.
2802 5238 2829 5272 ε
2889 5217 3162 5298 Τουτέστι,
3232 5220 3261 5275 6
3347 5218 3632 5296 ἱστάμενος
3700 5221 3788 5276 καὶ

415 5302 537 5364 Hoc
566 5313 680 5376 est,
713 5320 810 5382 qui
839 5310 975 5377 stat,
1005 5313 1065 5363 et
1094 5303 1330 5365 curiose
1365 5311 1646 5385 aspectat,
1684 5312 1743 5366 et
1781 5306 2055 5368 accendit

2157 5305 2635 5385 τεριεργαζόμενος,
2705 5306 2794 5362 καὶ
2859 5304 3108 5363 ἀνάπτων
3179 5307 3279 5375 τὴν
3347 5308 3625 5386 ἐπιθυμίαν
3682 5308 3788 5365 ἀπὸ

415 5389 951 5471 concupiscentiam
978 5409 1144 5452 suam
1169 5391 1447 5468 videndo,
1484 5401 1542 5453 et
1572 5393 1782 5456 iterum
1809 5393 2058 5470 videt,ut

2157 5395 2233 5452 εοῦ
2289 5394 2526 5472 βλέπειν,
2583 5396 2670 5451 καὶ
2724 5393 2885 5452 πάλιν
2942 5394 3156 5473 βλέπων
3185 5398 3317 5477 πρὸς
3370 5399 3431 5454 τὸ
3461 5397 3650 5455 πλεῖον
3672 5397 3788 5454 ἐπι-

415 5480 598 5559 magis
621 5497 751 5542 eam
779 5480 1284 5562 concupiscat,hic
1312 5482 1396 5561 (a)
1422 5482 1640 5544 malum
1670 5483 1923 5563 perfecit
1929 5485 2054 5564 jam

2157 5489 2391 5562 ιυμῆσαι,
2466 5487 2495 5542 6
2538 5490 2774 5551 τοιοῦτος
2850 5486 2912 5543 τὸ
2941 5489 3107 5544 κακὸν
3155 5486 3446 5566 ἀπήρτισεν
3473 5486 3578 5557 ἢδη
3608 5488 3663 5546 ἂν
3719 5493 3788 5565 τῇ

495 5639 580 5719 (a)
609 5636 771 5706 Edit.
805 5641 937 5702 Lut.
965 5638 1130 5704 Tali:
1157 5643 1387 5705 animo.
1425 5641 1541 5705 Sed
1573 5646 1671 5707 hic
1701 5645 1884 5708 textui
1915 5647 2102 5725 magis
2135 5654 2444 5711 consonat.
