4118 6220
530 329 647 398 207

1495 342 2088 406 THEOPHYLACTI
2131 335 2548 405 BULGARLE'
2586 333 2945 401 ARCHIEP'.

3802 341 3922 407 ‘208

529 494 627 536 ros
659 491 835 553 super
865 481 1108 546 terram,
1139 471 1242 534 ubi
1263 491 1457 554 aerugo
1482 484 1541 536 et
1561 476 2080 558 tiueacorrumpit:
2117 491 2148 534 e

2255 468 2389 525 ὅπου
2462 469 2564 535 σὴς
2637 470 2726 524 καὶ
2793 471 2988 549 βρῶσις
3062 473 3431 551 ἀφανίζειοκαὶ
3498 474 3628 530 ὅπου
3686 474 3921 531 κλέπται

532 563 634 627 ubi
665 563 827 625 fures
857 561 1196 642 perfodiunt
1217 571 1274 623 et
1294 563 1586 629 furantur.
1617 564 2036 627 Thesaurizate
2069 581 2177 624 au-

535 661 651 718 tem
686 651 850 713 vobis
871 651 1176 713 thesauros
1207 652 1267 712 in
1299 654 1472 730 caelo,
1508 653 1820 734 ubineque
1842 669 2178 734 aerugo,ne-

532 762 646 824 que
677 743 832 803 tinea
862 741 1209 821 corrumpit,
1244 749 1303 802 et
1325 741 1426 804 ubi
1457 743 1619 804 fures
1651 762 1768 804 non
1819 743 2177 822 perfodiunt,

532 848 723 911 neque
765 829 1057 891 furantur.
1095 852 1116 886 υ
1154 826 1474 909 Postquam
1521 831 1715 893 inanis
1761 830 1966 908 gloriae
2016 846 2177 889 mor—

533 923 670 983 bum
699 920 891 1000 ejecit,
923 926 1358 998 consequenter
1377 917 1452 981 de
1483 919 1686 1000 inopia
1737 919 2018 1000 loquitur.
2052 915 2178 978 Ho-

533 1012 722 1071 mines
755 1009 912 1070 enim
943 1016 1179 1087 propter
1209 1025 1413 1068 vanam
1467 1008 1713 1086 gloriam
1768 1007 1949 1069 multa
1981 1006 2174 1087 possi-

531 1100 692 1162 dent.
734 1098 1006 1160 Ostendit
1047 1115 1222 1176 quam
1255 1097 1326 1156 sit
1370 1097 1582 1159 inutile
1618 1098 1924 1158 thesauros
1955 1096 2176 1158 habere

530 1205 713 1269 super
741 1195 956 1249 terram
994 1204 1007 1247 :
1045 1187 1181 1264 quia
1229 1204 1424 1264 aerugo
1474 1194 1532 1247 et
1585 1187 1743 1248 tinea
1791 1192 2179 1264 corrumpunt

531 1281 695 1343 cibos
736 1286 796 1338 et
834 1285 1044 1338 vestes,
1085 1274 1242 1335 fures
1297 1282 1491 1357 autem
1542 1295 1747 1339 aurum
1822 1283 1877 1335 et
1961 1292 2176 1352 argen-

2263 556 2592 635 διορύσσουσι
2650 560 2738 614 καὶ
2833 557 3142 623 κλέπτουσι.
3218 563 3568 641 Θησαυρίζετε
3663 562 3717 618 δὲ
3787 564 3921 638 ὑμῖν

2264 647 2555 724 Θησαυροὸς
2613 645 2668 700 έν
2731 647 2957 726 οὐρανῷ,
3018 647 3149 705 ὅπου
3181 648 3297 707 οὔτε
3371 651 3471 718 σὴς
3541 649 3657 707 οὔτε
3719 652 3919 730 βρῶσις

2265 734 2521 813 ἀφανίζει,
2597 737 2686 791 καὶ
2756 734 2886 792 ὅπου
2955 735 3185 794 κλέπται
3245 742 3304 797 οὗ
3355 737 3737 820 διορύσσουσιν,
3798 740 3919 797 οὐδὲ

2265 821 2602 879 κλέπτουσιν·
2638 822 2770 882 ὅπου
2825 825 2926 902 γὰρ
2988 824 3128 880 ἐστιν
3200 830 3226 882 6
3293 830 3554 906 Θησαυρὸς
3585 829 3756 904 ὑμῶν,
3798 827 3920 885 ἐκεῖ

2265 910 2409 968 ἔσται
2481 913 2569 967 καὶ
2625 914 2660 980 η
2713 908 2898 988 καρδία
2944 914 3115 989 ὑμῶν.
3153 937 3177 974 ε
3216 913 3366 972 Ἐπεὶ
3397 916 3458 971 τὸ
3492 917 3586 984 τῆς
3616 915 3917 982 κενοδοξίας

2261 997 2473 1065 ἐξέϐαλε
2549 1001 2781 1081 νόσημα,
2870 1003 2989 1081 περὶ
3047 1006 3425 1078 ἀκτημοσύνης
3485 1005 3672 1062 λοιπὸν
3741 1006 3916 1085 λέγει,

2261 1091 2322 1146 Οἳ
2390 1091 2489 1168 γὰρ
2547 1088 2806 1166 ἂνθρωποι
2851 1089 2935 1146 διὰ
3000 1090 3288 1156 κενοδοξίαν
3347 1099 3575 1152 κτῶνται
3635 1097 3690 1150 τὰ
3721 1095 3914 1172 πλείω,

2261 1176 2487 1233 δείκνυσι
2546 1175 2600 1232 δὲ
2664 1185 2757 1236 τοῦ
2827 1176 2915 1235 ἰπὶ
2971 1185 3072 1257 γῆς
3131 1183 3391 1261 θησαυροῦ
3431 1184 3494 1238 τὸ
3542 1183 3778 1262 ἀκερδέςο
3830 1185 3918 1240 ὅτι

2259 1267 2359 1333 σὴς
2432 1267 2528 1342 μὲν
2560 1267 2674 1354 ,καὶ
2743 1268 2940 1347 βρῶσις
3011 1268 3243 1349 ἆῳανίζει
3285 1270 3541 1348 βρώματα
3583 1275 3670 1329 καὶ
3699 1274 3914 1354 ἱμάτια,

2259 1355 2482 1411 κλέπται
2552 1352 2630 1429 δὲ,
2693 1359 2910 1435 χρυσίον
2941 1359 3028 1413 καὶ
3070 1358 3340 1437 ἀργύριον.
3373 1360 3512 1416 Εἶτα
3542 1359 3635 1418 ἵνα
3666 1363 3743 1438 μὴ
3771 1352 3915 1439 εἴπῂ

533 1377 677 1429 tum.
729 1364 957 1425 Deinde
1021 1381 1095 1424 ne
1142 1363 1272 1443 quis
1319 1364 1474 1424 dicat
1535 1366 1636 1426 ei:
1695 1363 1808 1425 Sed
1864 1381 1981 1424 non
2041 1380 2169 1423 om-

2256 1465 2336 1509 τις
2394 1447 2559 1517 αὐτῷ,
2622 1441 2700 1500 ὅτι
2759 1443 2910 1502 Ἀλλ’
2938 1445 2997 1501 ού
3029 1447 3225 1510 πάντες
3254 1447 3595 1524 κλέπτονται,
3631 1453 3813 1529 φησιν’
3849 1455 3916 1509 Εἰ

528 1457 623 1518 nia
681 1456 832 1515 furto
904 1460 1194 1533 pereunt,
1260 1452 1473 1533 inquit.
1540 1453 1815 1526 Quamvis
1874 1451 2024 1513 nihil
2077 1451 2176 1512 ho-

527 1565 656 1606 rum
718 1544 812 1621 sit,
850 1551 1105 1602 attamen
1165 1541 1250 1601 sic
1301 1543 1602 1603 addictum
1648 1560 1781 1603 esse
1838 1539 2150 1601 divitiarum

2259 1539 2345 1592 καὶ
2416 1535 2582 1612 μηδὲν
2651 1537 2851 1594 τούτων
2903 1537 3067 1617 έστὶν,
3121 1537 3241 1595 ἀλλ’
3272 1541 3360 1599 οὖν
3400 1565 3461 1620 γε
3505 1544 3632 1600 αὐτὸ
3659 1550 3814 1601 τοῦτο
3842 1548 3912 1600 τὸ

525 1631 954 1712 sollicitudini,
1054 1631 1353 1711 quomodo
1444 1651 1562 1693 non
1639 1631 1973 1696 miserum?
2036 1627 2150 1690 idet

2253 1624 2624 1704 προσηλῶσθαί
2675 1646 2734 1682 σε
2790 1632 2858 1703 τῇ
2921 1629 3038 1706 περὶ
3085 1635 3175 1685 τοῦ
3216 1629 3443 1686 πλούτου
3502 1633 3753 1711 μερίμνῃ,
3788 1637 3909 1698 πῶς

524 1723 666 1783 dicit
715 1740 728 1783 :

2255 1719 2349 1773 οὐκ
2378 1712 2554 1770 ἄθλιον
2592 1735 2608 1786 ;
2642 1713 2722 1770 διὸ
2751 1713 2918 1793 λέγει·

607 1808 785 1872 Vens.
813 1809 1029 1872 21-23.
1079 1831 1099 1862 ι
1142 1806 1254 1870 Ubi
1285 1809 1443 1869 enim
1478 1819 1566 1870 est
1597 1809 1908 1870 thesaurus
1951 1815 2146 1869 vester

2340 1826 2366 1859 ι
2421 1794 2608 1888 ’Ὦπου
2663 1805 2761 1882 γὰρ
2820 1808 2848 1860 ὁ
2877 1807 3137 1885 Θησαυρὸς
3183 1808 3353 1888 ὑμῶν,
3388 1807 3505 1866 ἐκεῖ
3539 1811 3626 1865 καὶ
3655 1811 3689 1878 ἡ
3721 1808 3910 1887 καρδία

521 1900 603 1961 ibi
636 1900 744 1960 erit
766 1905 941 1961 etcor
969 1897 1530 1959 vestrum.Lucerna
1543 1899 1809 1978 corporis
1827 1904 1914 1960 est
1937 1895 2144 1957 oculus

2254 1892 2418 1967 ὑμῶν.
2489 1883 2546 1949 ’0
2597 1891 2794 1972 λύχνος
2848 1900 2940 1950 τοῦ
3000 1883 3248 1970 σώματος
3297 1883 3437 1955 ἐστιν
3511 1901 3539 1954 6
3599 1883 3904 1979 ὀφθαλμόςο

521 1990 570 2050 si
601 1989 778 2067 igitur
807 1985 1015 2048 oculus
1048 1993 1183 2046 tuus
1215 1987 1467 2067 simplex
1499 1987 1692 2061 fuerit,
1726 1996 1908 2048 totum
1959 2004 2150 2066 corpu:

2254 1980 2342 2036 ἐὰν
2400 1981 2486 2037 οὖν
2517 1984 2544 2037 6
2591 1981 2860 2062 ὀφθαλμός
2892 2005 2985 2039 σου
3017 1981 3217 2048 ἁπλοῦς
3261 1985 3321 2060 ἦ,
3372 1985 3495 2043 ὅλον
3538 1989 3598 2044 τὸ
3628 1989 3784 2063 σῶμά
3808 2011 3906 2045 σου

521 2087 684 2139 tuum
731 2076 992 2137 lucidum
1043 2075 1158 2135 erit
1194 2092 1206 2136 :
1244 2075 1293 2135 si
1330 2085 1525 2138 autem
1557 2077 1768 2138 oculus
1799 2085 1933 2136 tuus
1981 2075 2150 2136 malus

2252 2071 2530 2150 φωτεινόν·
2583 2070 2673 2128 ἑὰν
2743 2069 2797 2126 δὲ
2853 2073 2887 2138 ἡ
2940 2071 3210 2150 ὀφθαλμός
3272 2095 3366 2131 σου
3419 2079 3653 2156 πονηρὸε
3681 2075 3739 2153 ᾗ,
3773 2076 3903 2134 ὅλον

516 2166 907 2238 fuerit,totum
927 2181 1139 2243 corpus
1155 2171 1319 2224 tuum
1348 2164 1731 2226 tenebrosum
1752 2166 1880 2227 erit.
1902 2163 1964 2226 Si
1987 2165 2164 2243 igitur

517 2253 614 2315 lux
634 2271 763 2334 quae
781 2254 838 2312 in
859 2260 914 2313 te
932 2250 1312 2331 est,tenebr:e
1331 2261 1489 2327 sunt,
1528 2253 1790 2314 tenebrae
1812 2254 1952 2333 ipsa
1969 2270 2160 2332 quan-

518 2340 787 2403 tae?»Hoc
802 2339 1117 2419 dicit.quod
1140 2339 1190 2400 si
1211 2338 1279 2400 ad
1278 2339 1303 2418 j
1313 2340 1502 2402 eceris
1519 2342 1780 2402 animum
1805 2359 1983 2421 opum
2002 2339 2160 2401 solli-

519 2429 789 2504 citudini,
816 2427 1144 2489 exstinxisti
1197 2430 1522 2504 lucernam,
1549 2429 1951 2490 obtenebrasti
1999 2437 2155 2489 tuam

513 2520 800 2581 animam.
825 2518 983 2582 Sicut
1013 2515 1169 2578 enim
1201 2518 1408 2579 oculus
1439 2519 1486 2580 si
1511 2519 1910 2599 simplex,h0c
1935 2527 2041 2589 est,
2067 2534 2155 2578 sa-

516 2627 626 2671 nus
661 2608 858 2683 fuerit,
884 2605 1181 2666 illuminat
1210 2624 1425 2688 corpus
1458 2625 1470 2668 :
1501 2607 1552 2668 si
1577 2616 1772 2668 autem
1806 2606 2014 2680 malus,
2043 2606 2154 2666 hoc

518 2708 604 2760 cst
637 2696 964 2770 morbidus,
999 2693 1371 2758 obtenebrat:
1419 2697 1497 2757 ita
1533 2705 1590 2757 et
1620 2715 1787 2758 mens
1818 2704 2153 2758 excaecatur

517 2804 635 2868 prae
667 2783 1264 2856 sollicitudine.Quod
1295 2785 1344 2846 si
1376 2804 1545 2846 mens
1578 2784 1963 2847 obtenebrata
2018 2784 2152 2846 fue-

510 2875 609 2950 rit,
627 2875 692 2937 ﬁt
722 2883 778 2937 et
806 2872 1003 2934 anima
1033 2871 1374 2954 tenebrosa,
1401 2883 1460 2935 et
1484 2872 1664 2935 multo
1697 2875 1882 2952 magis
1911 2891 2147 2954 corpus.

591 2961 774 3030 Vens.
807 2965 907 3026 24.
942 2985 965 3020 ε
1001 2961 1213 3026 Nullus
1246 2975 1438 3045 potest
1464 2965 1696 3028 duobus
1727 2965 1988 3027 dominis
2017 2983 2150 3027 ser-

2244 2161 2305 2214 τδ
2361 2158 2516 2234 σῶμα
2572 2181 2664 2215 σου
2721 2162 2996 2216 σκοτεινὸν
3066 2161 3237 2219 ἔσται’
3290 2165 3334 2220 εί
3376 2163 3463 2220 οὗν
3507 2167 3568 2221 τὸ
3598 2171 3708 2245 φῶς
3740 2169 3800 2222 τὸ
3842 2167 3902 2222 έν

2245 2249 2325 2303 σοὶ
2396 2247 2584 2311 σκότος
2644 2248 2776 2324 ἐστὶ,
2837 2251 2897 2304 τὸ
2953 2250 3142 2313 σκότος
3195 2251 3360 2308 πόσον
3394 2271 3410 2334 ς
3450 2276 3474 2308 ι
3512 2253 3677 2311 Τοῦτό
3707 2278 3888 2334 φησιν,

2243 2335 2323 2391 ὅτι
2380 2335 2506 2393 Ἐὰν
2536 2336 2896 2417 προσηλώσῃς
2923 2341 3015 2395 τὸν
3054 2339 3173 2395 νοῦν
3215 2361 3308 2399 σου
3363 2348 3431 2418 τῇ
3461 2349 3568 2398 τῶν
3599 2345 3892 2423 χρημάτων

2244 2424 2491 2504 φροντίδι,
2553 2423 2770 2488 ἔσϐεσας
2857 2425 2948 2482 τὸν
3005 2428 3231 2508 Αύχνον,
3303 2427 3582 2496 έσκοτισάς
3651 2453 3742 2488 σου
3789 2433 3892 2499 τὴν

2240 2515 2445 2593 ψυχὴν,
2511 2505 2737 2593 ’Ὥσπερ
2790 2516 2889 2593 γὰρ
2964 2517 2992 2571 6
3043 2505 3312 2596 ὀφθαλμὸς
3356 2519 3581 2600 ἁπλοῦς,
3625 2522 3894 2581 τουτέστιν

2235 2602 2390 2680 ὑγιὴς
2448 2601 2544 2676 ὢν,
2591 2605 2801 2683 φωτίζει
2831 2609 2893 2660 τὸ
2935 2610 3114 2681 σῶμα,
3149 2605 3237 2663 ἐὰν
3290 2606 3344 2663 δὲ
3377 2613 3608 2689 πονηρὸς
3642 2611 3700 2684 ἦ,
3732 2632 3893 2668 τουτ-

2237 2689 2346 2746 έστι
2397 2690 2660 2772 νοσώδης,
2734 2694 2982 2770 σκοτίζει,
3059 2693 3198 2750 οὕτω
3249 2698 3337 2753 καὶ
3394 2700 3421 2753 6
3453 2707 3571 2761 νοῦς
3605 2704 3889 2779 τυφλοῦται

2234 2780 2335 2836 ὑπὸ
2405 2785 2504 2848 τῆς
2560 2780 2854 2861 φροντίδος.
2891 2784 2948 2870 εἰ
2976 2781 3030 2837 δέ
3067 2786 3095 2839 6
3125 2790 3244 2850 νοῦς
3300 2789 3622 2865 σκοτισθείη,
3658 2792 3692 2858 ἡ
3725 2790 3886 2870 ψυχὴ

2234 2870 2422 2933 σκότος
2453 2871 2675 2947 γίνεται,
2710 2873 2798 2927 καὶ
2828 2869 3014 2946 πολλῷ
3043 2871 3246 2945 μᾶλλον
3288 2877 3350 2932 τὸ
3381 2883 3560 2952 σῶμα,

2320 2979 2344 3014 ι
2400 2957 2576 3025 ούδεὶς
2646 2958 2855 3017 δύναται
2926 2960 3036 3017 δυσὶ
3089 2966 3285 3042 κυρίοις
3355 2963 3639 3029 δουλεύειν,
3677 2993 3704 3023 ι
3776 2971 3882 3026 Δὺο

514 3055 873 3118 νὶτθ.νῐ)υοε
903 3053 1176 3114 dominos
1197 3053 1340 3116 dicit
1375 3057 1666 3117 contraria
1715 3055 2149 3135 pracipientes,

2242 3048 2440 3125 κυρίους
2511 3047 2656 3128 λέγει
2724 3051 2845 3114 τοὺς
2900 3052 2966 3108 τὰ
3022 3051 3230 3110 ἐναντία
3299 3053 3702 3134 ἐπιτάττοντας,
3765 3063 3888 3116 οἷον

511 3145 765 3224 exempli
797 3142 1004 3222 gratia,
1037 3150 1102 3203 ut
1131 3144 1289 3204 Deus
1339 3151 1398 3205 et
1445 3145 1766 3205 Mammon.
1811 3144 1925 3204 Nos
1954 3150 2150 3204 autem

509 3233 756 3295 facimus
814 3229 1116 3291 dominum
1168 3238 1436 3292 nostrum
1493 3231 1822 3307 diabolum,
1881 3231 2033 3303 sicut
2095 3239 2154 3292 et

509 3331 775 3383 ventrem
806 3318 1012 3380 deum.
1062 3315 1280 3379 Natura
1322 3320 1480 3380 enim
1536 3329 1626 3382 est
1673 3339 1810 3382 vere
1842 3319 2147 3394 Dominus,

510 3411 688 3483 Deus,
725 3423 1060 3469 mammona
1091 3416 1288 3468 autem
1314 3416 1403 3468 est
1431 3408 1742 3487 injustitia.
1783 3433 1804 3465 ‹
1842 3408 1960 3470 Aut
1988 3407 2147 3469 enim

510 3517 695 3561 unum
741 3497 874 3558 odio
925 3495 1162 3556 habebit
1215 3504 1271 3557 et
1320 3498 1568 3558 alterum
1619 3497 1869 3576 diliget:
1905 3505 2006 3557 aut
2045 3496 2149 3557 uni

507 3587 830 3651 adhaerebit
856 3593 913 3645 et
942 3587 1191 3647 alterum
1224 3594 1581 3648 contemnet.
1603 3585 1732 3648 Non
1764 3584 2146 3667 potestisDeo

506 3678 728 3739 servire
769 3683 828 3737 et
887 3692 1259 3738 mammonae.
1299 3700 1320 3732 υ
1361 3675 1541 3737 Vides
1589 3675 1744 3756 quod
1803 3693 1920 3735 non
1952 3682 2142 3754 potest

504 3767 667 3828 dives
698 3771 756 3825 et
776 3763 1028 3842 injustus
1058 3764 1184 3825 Deo
1215 3765 1471 3825 servire!
1506 3763 1726 3843 Abjicit
1741 3764 1898 3825 enim
1919 3760 2146 3825 divitia-

501 3874 631 3917 rum
663 3871 881 3914 amora
907 3851 1049 3912 Deo.

583 3941 890 4006 Vens.25.
932 3942 1307 4021 «Propterea
1353 3942 1484 4002 dico
1535 3941 1721 4018 vobis,
1784 3959 1858 4002 ne
1906 3939 2143 4013 solliciti

501 4033 630 4095 sitis
664 4033 877 4094 animae
906 4036 1115 4093 vestrae
1147 4032 1286 4111 quid
1320 4032 1479 4094 esuri
1528 4033 1655 4094 sitis
1697 4040 1796 4093 aut
1842 4030 2088 4093 hibituri
2123 4050 2137 4095 :

498 4139 692 4204 neque
722 4119 957 4200 corpori
975 4127 1168 4181 vestro
1201 4119 1416 4201 quibus
1465 4120 1826 4183 indumentis
1882 4121 2072 4183 usuri.
2107 4144 2128 4177 ι

497 4210 662 4283 Quod
684 4219 772 4271 est
793 4209 1251 4289 hoc,propterea
1279 4231 1290 4271 :
1321 4208 1507 4271 ADeo
1536 4209 1673 4289 ejici
1693 4216 1941 4290 pr0pter
1964 4209 2138 4289 opes?

492 4300 623 4361 Non
659 4297 919 4360 cumedit
947 4306 1142 4358 autem
1172 4298 1392 4374 anima,
1446 4299 1796 4379 incorporea
1829 4297 1987 4359 enim
2018 4306 2129 4374 est,

2238 3138 2368 3227 Θεὸν
2437 3139 2522 3192 καὶ
2592 3145 2929 3227 μαμμωνᾶν.
3009 3131 3198 3216 Ἡμεῖς
3266 3139 3322 3199 δὲ
3391 3146 3650 3222 ποιοῦμεν
3690 3131 3888 3227 νκύριον

2233 3226 2388 3302 ἡμῶν
2442 3227 2534 3282 τὸν
2591 3225 2859 3308 διάϐολον,
2919 3227 3098 3307 ὥσπερ
3155 3232 3241 3286 καὶ
3315 3231 3407 3300 τὴν
3476 3233 3683 3293 κοιλίαν
3737 3225 3882 3293 θεόν’

2233 3315 2379 3393 φύσει
2453 3313 2506 3370 δὲ
2562 3321 2651 3372 καί
2719 3313 2934 3383 ἀληθῶς
2994 3317 3207 3397 Κύριος,
3265 3321 3292 3376 6
3351 3323 3502 3384 Θεὸς·
3567 3329 3888 3401 Μαμμωνᾶς

2231 3401 2285 3458 δέ
2356 3402 2498 3460 ἔστιν
2566 3406 2601 3473 ἠ
2645 3403 2841 3465 ἀδικία.
2894 3424 2926 3466 (
2969 3404 3055 3462 ’Ἥ
3098 3409 3197 3488 γὰρ
3227 3410 3317 3466 τὸν
3370 3410 3461 3467 ἓνα
3506 3415 3748 3489 μισήσει,
3795 3419 3892 3473 καὶ

2229 3491 2319 3548 τὸν
2375 3493 2551 3574 ἕτερον
2624 3495 2913 3572 ἆγάπήσει,
2967 3495 3003 3564 ἤ
3059 3504 3152 3553 τοῦ
3175 3498 3290 3563 ἐνὸς
3316 3497 3601 3578 ἄνθέξεται,
3664 3506 3750 3561 καὶ
3788 3515 3887 3564 τοῦ

2231 3581 2406 3660 ἑτέρου
2490 3586 2904 3664 καταφρονήσει.
2992 3589 3063 3644 Ού
3161 3584 3373 3644 δύνασθε
3433 3595 3549 3665 Θεῷ
3620 3589 3889 3650 δουλεύειν

2227 3673 2315 3726 καὶ
2358 3678 2651 3747 μαμμωνᾷ.
2693 3695 2717 3730 ε
2757 3671 2913 3753 Ὀρᾷς
2944 3672 3025 3730 ὅτι
3057 3677 3152 3734 οῦκ
3182 3674 3296 3733 ἔστι
3328 3675 3546 3736 δυνατὸν
3586 3683 3675 3738 τὸν
3705 3681 3885 3739 πλού-

2228 3780 2339 3816 σιον
2409 3763 2494 3816 καὶ
2553 3759 2730 3819 ἄδικον
2789 3764 2904 3836 Θεῷ
2964 3761 3225 3820 δουλεύειν
3271 3764 3605 3840 ;⁹Εκϐεἰλλει
3638 3771 3737 3849 γὰρ
3780 3773 3884 3829 αὖ·

2225 3849 2316 3905 τὸν
2360 3850 2395 3917 ἡ
2439 3849 2846 3930 φιλοχρηματία
2875 3851 2982 3907 ἀπὸ
3017 3859 3171 3915 Θεοῦ.

2313 3960 2341 3992 ε
2390 3940 2486 4030 Διᾷ
2555 3947 2707 4030 τοῦτο
2754 3939 2896 4020 γέγω
2950 3943 3101 4022 ὑμῖν,
3162 3943 3240 4018 μὴ
3296 3953 3679 4025 μεριμνᾶτετῇ
3722 3953 3879 4030 ψυχῇ

2224 4027 2371 4102 ὑμῶν
2424 4029 2475 4083 τί
2528 4029 2733 4109 φάγητε
2790 4031 2877 4087 καὶ
2905 4033 2954 4087 τί
2991 4031 3176 4113 πίητε,
3208 4031 3347 4109 μηδὲ
3388 4043 3465 4110 τῷ
3487 4036 3694 4113 σώματι
3726 4027 3880 4114 ὑμιῦν

2218 4115 2269 4172 τί
2323 4113 2622 4184 ἰνδύσησθε,
2683 4140 2707 4176 o
2775 4121 2872 4175 Διὰ
2902 4131 3078 4196 τοῦτο,
3114 4134 3273 4178 ποῖον
3309 4141 3328 4200 ;
3362 4126 3462 4181 Διὰ
3488 4127 3548 4182 τό
3578 4127 3682 4184 ἀπὸ
3742 4113 3877 4187 Θεοῦ

2219 4202 2562 4297 έκϐαλλεσραι
2634 4209 2736 4264 ὑπὸ
2785 4212 2891 4265 τῶν
2961 4211 3283 4290 χρημάτων·
3349 4213 3466 4297 Οὐχ
3528 4217 3562 4284 ἡ
3617 4217 3772 4297 ψυχὴ
3815 4215 3874 4274 δὲ

2218 4291 2398 4371 ἐσθίει,
2468 4295 2751 4370 ἀσώματον
2800 4299 2926 4378 γὰρ,
2971 4298 3110 4355 ἀλλὰ
3158 4302 3296 4359 κατὰ
3352 4291 3465 4370 τὴν
3493 4305 3676 4373 κοινὴν
3693 4291 3872 4377 συνή-

492 4389 596 4450 sed
618 4389 783 4468 juxta
812 4405 1190 4449 communem
1220 4367 1709 4451 consuetudinem
1758 4388 1988 4449 locutus
2019 4395 2128 4448 est.

2242 4401 2354 4440 ιειαν
2379 4367 2390 4371 ⁷
2423 4367 2596 4442 τοῦτο⁷
2645 4367 2826 4444 εἶπε..
2873 4367 3038 4445 λοκεῒ
3080 4389 3178 4467 γὰρ
3206 4391 3240 4457 ἡ
3461 4395 3539 4468 μή
3586 4367 3871 4474 ἀνέχεσθαι

490 4478 743 4540 Videtur
769 4485 964 4539 autem
996 4475 1194 4538 anima
1221 4495 1339 4539 non
1366 4496 1536 4556 posse
1567 4496 1699 4539 esse
1751 4476 1810 4538 in
1856 4493 2128 4556 corpore,

488 4567 596 4630 nisi
628 4575 902 4646 pascatur
930 4564 1226 4628 caro.l\'on
1256 4566 1515 4647 explodit
1542 4573 1741 4629 autem
1765 4565 2132 4646 operari,sed

485 4656 718 4737 seipsos
751 4663 902 4716 totos
931 4655 1092 4716 curis
1118 4656 1354 4717 tradere
1381 4665 1437 4717 et
1470 4655 1771 4735 negligere
1803 4655 2134 4732 Deum,hoc

485 4754 574 4806 est
607 4744 773 4826 quod
798 4743 1097 4825 prohibet,
1131 4743 1408 4824 quoniam
1433 4752 1490 4806 et
1516 4763 1689 4823 agros
1720 4744 1917 4805 colere
1946 4762 2128 4823 opor-

484 4841 566 4897 tet
595 4835 886 4895 etanimaz
906 4850 1108 4893 curam
1134 4832 1382 4894 habere.
1413 4854 1435 4890 α
1465 4831 1676 4895 Nonne
1716 4832 1915 4894 anima
1944 4833 2126 4912 pluris

481 4931 764 5002 estquam
796 4920 983 4994 cibus,
1015 4930 1070 4983 et
1101 4940 1316 5002 corpus
1343 4941 1516 5002 quam
1542 4920 2126 4985 indumentum?Huc

480 5019 588 5086 est,
624 5011 721 5092 qui
774 5010 966 5089 majus
1024 5009 1187 5072 dedit
1240 5029 1455 5090 nempe
1512 5010 1771 5072 animam
1826 5017 1884 5072 et
1912 5027 2126 5090 corpus

477 5099 666 5180 ipsum
695 5100 786 5160 54
816 5099 1110 5180 formavit,
1143 5119 1263 5162 non
1287 5099 1451 5161 dabit
1481 5107 1539 5161 et
1559 5098 1910 5163 alimentum
1943 5107 1999 5160 et
2029 5099 2123 5160 in-

474 5187 829 5251 dumentum
855 5194 883 5250 ?

553 5282 742 5342 Vens.
777 5277 879 5338 26.
912 5299 935 5332 «
964 5275 1225 5356 Aspicite
1260 5276 1331 5339 ad
1353 5276 1607 5339 volatilia
1639 5277 1796 5353 cceli,
1834 5276 1973 5360 quia
2001 5295 2120 5338 non

2217 4475 2355 4561 εἶναι
2383 4560 2388 4561 7
2414 4473 2469 4529 ἐν
2515 4483 2594 4550 τῷ
2649 4475 2882 4553 σώματι,
2958 4479 3003 4534 εἰ
3057 4478 3138 4555 μή
3207 4478 3454 4559 τρέφοιτο
3481 4484 3516 4550 ἡ
3575 4483 3724 4561 σάρξ.
3759 4488 3869 4544 Οὔκ

2217 4558 2459 4622 ἐκϐάλλει
2515 4561 2570 4618 δὲ
2641 4566 2702 4622 τὸ
2732 4565 3062 4645 ἐργάζεσθαι,
3113 4566 3253 4626 ἀλλὰ
3293 4558 3355 4626 τὸ
3383 4570 3463 4645 μὴ
3493 4558 3689 4629 διδόναι
3723 4572 3868 4638 ὅλως

2217 4650 2431 4741 ἑαυτοὺς
2506 4665 2639 4741 ταῖς
2720 4656 2979 4733 φροντίσι,
3052 4659 3140 4714 καὶ
3211 4656 3434 4734 ἀμελεῖν
3491 4664 3642 4741 Θεοῦ,
3712 4669 3870 4720 τοῦτο

2217 4738 2428 4803 κωλύει.
2505 4739 2654 4800 Ἐπεὶ
2709 4746 2798 4803 καὶ
2854 4759 3114 4826 γεωργεῖν
3171 4745 3278 4828 δεῖ⁹
3327 4747 3462 4806 ἀλλὰ
3531 4738 3637 4808 καὶ*
3677 4756 3867 4832 ψυχῆς

2212 4832 2519 4921 φροντίζειν.
2567 4854 2596 4887 ι
2655 4834 2790 4914 Ούχῖ
2848 4835 2882 4902 ἡ
2917 4836 3073 4916 ψυχῆ
3115 4835 3307 4894 πλεῖόν
3357 4837 3467 4895 ὶστι
3501 4843 3610 4921 Δτῆς
3639 4845 3868 4921 τροφῆς,

2208 4920 2296 4976 καὶ
2325 4920 2385 4975 τὸ
2413 4926 2570 4996 σῶμα
2603 4928 2694 4978 τοῦ
2722 4921 3012 5000 ὶνδύματος
3040 4944 3058 5005 ;
3096 4948 3120 4983 ι
3156 4927 3458 5004 Τοδτέστιν,
3496 4919 3551 4986 “Ο
3584 4929 3645 4986 τὰ
3675 4919 3864 5005 μεῒζον

2208 5005 2351 5089 δοὺς,
2410 5009 2507 5077 τὴν
2563 5011 2751 5090 ψυχὴν
2793 5014 2881 5070 καὶ
2924 5015 2986 5070 τὸ
3045 5015 3202 5091 σῶμα
3252 5013 3569 5095 διαπλάσας,
3603 5020 3662 5076 ού
3705 5016 3864 5076 δὼσει

2207 5098 2295 5155 καὶ
2323 5098 2520 5178 τροφὴν
2563 5100 2649 5156 καὶ
2676 5098 2938 5178 ἐνδύματα
2971 5122 2988 5184 ;

2291 5298 2317 5329 α
2367 5272 2702 5353 Ἐμϐλέψατε
2733 5281 2804 5346 εἷς
2874 5282 2940 5338 τὰ
3013 5282 3230 5340 πετεινᾶ
3291 5285 3380 5340 τοῦ
3408 5283 3654 5366 ούρανοῦ,
3681 5285 3762 5344 ὅτι
3794 5289 3856 5346 ού

468 5376 698 5444 serunt,
731 5384 925 5446 neque
951 5375 1200 5440 metunt,
1218 5385 1413 5446 neque
1436 5375 1796 5446 congregant
1815 5367 1877 5428 in
1900 5367 2121 5428 horre-

2242 5366 2521 5447 πείρουσιν,
2581 5367 2697 5426 οὐδὲ
2793 5371 3103 5449 Θερίζουσιν,
3188 5369 3305 5430 οὐδὲ
3378 5375 3690 5454 σύναγουσιν
3777 5378 3850 5442 εἷς

465 5476 563 5518 um
576 5465 656 5538 ,et
673 5459 842 5518 Pater
856 5465 1050 5516 vester
1069 5454 1328 5516 caelestis
1350 5455 1535 5536 pascit
1556 5471 1855 5518 eaznonne
1872 5473 1974 5517 vos
1989 5455 2117 5517 lon-

2242 5456 2493 5546 ποβήκας,
2553 5459 2641 5514 καὶ
2709 5461 2738 5514 6
2812 5462 2995 5541 Πατὴρ
3066 5463 3215 5538 ὑμῶν
3287 5464 3315 5518 δ
3381 5459 3616 5543 οὐράνιος
3675 5465 3852 5546 τρέφει

462 5564 533 5625 ge
558 5544 898 5626 pracellitis
921 5543 1084 5605 illa?»
1119 5545 1415 5608 Potuisset
1443 5545 1657 5608 atl'erre
1679 5545 1738 5609 in
1772 5543 2112 5623 exemplum

2242 5543 2348 5608 Βτὰ.
2413 5550 2530 5628 Οὐχ
2585 5549 2742 5624 ὑμεῖς
2773 5549 2978 5625 μᾶλλον
3023 5549 3294 5632 διαφέρετε
3349 5542 3522 5612 αὐτῶν
3556 5574 3573 5632 ;
3611 5577 3640 5610 ι
3677 5542 3852 5615 Δυνᾶ-

458 5633 685 5697 Heliam
737 5644 794 5697 et
844 5636 1164 5709 Joannem,
1199 5644 1256 5696 et
1315 5633 1582 5696 meminit
1634 5634 1826 5697 avium
1864 5653 1876 5697 :
1913 5642 1970 5695 ut
2005 5651 2110 5694 nos

2242 5655 2351 5697 ινος
2382 5651 2730 5714 παρενεγκετν
2801 5641 2872 5701 εἷς
2949 5639 3281 5720 παράδειγμα
3352 5642 3442 5698 τὸν
3508 5641 3725 5721 Ἥλίαν,
3761 5647 3852 5703 τὸν
