4118 6220
488 315 599 381 211

1453 319 2039 385 THEOPHYLACTI
2082 317 2493 381 BULGARIE
2538 311 2890 381 ARCHIEP.

3740 309 3866 375 212

491 454 808 534 prehensio
841 456 1003 518 utilis
1033 456 1566 535 est,condemnatio
1590 465 1783 519 autem
1819 456 2130 538 probrosa,

2240 473 2316 531 [ος
2360 450 2444 507 ἐπὶ
2515 448 2761 529 ὠφελείᾳ,
2819 449 2981 518 ἱστίν,
3135 445 3190 502 δὲ
3247 448 3552 538 κατάκρισις
3599 443 3684 538 ἐπὶ
3714 443 3870 499 ὀνει-

491 551 548 604 et
576 542 894 623 despectus
919 545 1091 626 plena
1121 563 1134 607 :
1169 544 1260 606 vel
1294 545 1468 607 aliter
1505 546 1768 624 intellige
1801 545 1876 606 de
1907 563 1976 607 eo
2008 543 2131 626 qui,

491 632 720 711 magnis
751 633 1009 713 peccatis
1039 633 1687 715 obnoxius,approbrat
1713 635 2135 698 alios.etcom-

493 718 735 781 demnat
763 723 958 784 minus
987 722 1403 804 culpabiles,et
1434 723 1494 784 in
1526 725 1615 785 his
1639 742 1768 804 qum
1794 723 2131 802 Deusjudi-

491 817 734 870 saturus
764 819 873 874 est.

573 897 756 960 Vens.
791 899 928 962 2-5.
960 922 982 956 ιι
1021 901 1148 974 Quo
1191 901 1348 962 enim
1372 902 1598 980 judicio
1633 901 1942 982 judicatis,
1967 900 2134 981 judi-

493 986 902 1049 cabiminizet
929 1008 1044 1070 qua
1092 1007 1372 1052 mensura
1425 991 1736 1066 metimini,
1774 992 2140 1052 mentientur

493 1075 680 1136 vobis.
714 1075 865 1148 Quii
888 1085 1082 1139 autem
1105 1076 1266 1137 vides
1288 1077 1567 1139 festucam
1601 1097 1731 1159 qum
1760 1086 1849 1138 est
1879 1080 1937 1138 in
1968 1079 2138 1139 oculo

493 1163 1063 1244 fratris,tui,trabem
1095 1173 1290 1227 autem
1325 1186 1454 1247 qum
1480 1176 1566 1228 est
1589 1166 1650 1228 in
1680 1167 1850 1228 oculo
1883 1179 1982 1227 tuo
2015 1185 2133 1227 non

494 1251 691 1313 vides?
719 1255 834 1314 Aut
863 1255 1162 1333 quomodo
1193 1255 1356 1317 dices
1382 1256 1546 1316 fratri
1571 1265 1692 1323 tuo.
1728 1255 1867 1318 Sine
1901 1256 2131 1334 ejiciam

493 1341 776 1402 festucam
803 1360 871 1402 ex
896 1343 1067 1404 oculo
1100 1352 1224 1415 tuo,
1261 1353 1319 1405 et
1349 1362 1488 1406 ecce
1521 1344 1678 1406 trabs
1710 1347 1766 1404 in
1797 1344 1965 1405 oculo
2000 1341 2136 1406 tuo?

493 1429 830 1509 Hypocrita,
868 1432 1020 1510 ejice
1052 1433 1304 1511 primum
1342 1434 1567 1495 trabem
1620 1453 1686 1494 ex
1718 1433 1885 1498 oculo
1922 1442 2041 1500 tuo,
2079 1438 2136 1493 et

498 1527 637 1579 tunc
669 1518 892 1579 videbis
941 1530 1001 1580 ut
1049 1522 1252 1600 ejicias
1300 1521 1588 1584 fustucam
1623 1541 1691 1584 ex
1724 1524 1894 1583 oculo
1942 1521 2137 1582 fratris

497 1607 602 1667 tui.
639 1631 662 1662 υ
691 1605 1040 1687 Carpturum
1071 1610 1218 1670 alios
1248 1619 1479 1690 oportet
1509 1612 1948 1673 immaculatum
1979 1629 2134 1672 esse.

497 1697 647 1758 Nam
673 1695 900 1758 habens
929 1698 1156 1760 trabem
1189 1699 1250 1759 in
1281 1702 1450 1761 oculo
1481 1702 1730 1775 suo,hoc
1750 1711 2138 1779 estmagnum

495 1784 745 1865 lignum,
773 1785 999 1848 scilicet
1031 1795 1363 1867 peccatum,
1398 1797 1455 1848 et
1483 1789 1931 1870 reprehendens
1961 1789 2142 1850 alium

494 1873 780 1936 festucam
829 1875 1172 1952 habentem,
1208 1879 1708 1958 impudentiorem
1764 1879 1930 1940 illum
1982 1877 2140 1940 facit.

496 1964 768 2026 Ostendit
823 1973 1018 2027 autem
1068 1966 1376 2043 Dominus,
1440 1969 1597 2049 quod
1646 1986 1894 2047 magnus
1926 1987 2141 2049 pecca-

495 2061 588 2114 tor
619 2072 736 2114 non
767 2062 960 2133 potest
990 2055 1142 2116 bene
1171 2057 1372 2118 videre
1407 2065 1711 2136 peccatum
1744 2057 1960 2119 fratris.
1994 2058 2140 2117 Nam

498 2141 599 2223 qui
651 2141 926 2202 habuerit
983 2144 1043 2204 in
1089 2146 1260 2207 oculo
1313 2145 1561 2222 trabem,
1598 2147 1896 2226 quomodo
1944 2146 2143 2207 videre

498 2237 693 2309 potest
721 2229 899 2290 alium
932 2231 1315 2294 mediocriter
1349 2235 1619 2294 malum?

579 2406 758 2469 VERS.
792 2410 852 2468 6.
893 2407 1030 2470 «Ne
1085 2410 1241 2470 detis
1302 2421 1570 2473 sanctum
1627 2411 1895 2486 canibus,
1950 2433 2144 2493 neque

505 2495 750 2556 mittatis
781 2497 1124 2575 margaritas
1175 2507 1400 2562 vestras
1450 2507 1586 2560 ante
1627 2519 1860 2580 porcos,
1895 2521 1970 2563 ne
1997 2503 2146 2564 forte

500 2584 856 2646 conculcent
885 2603 985 2648 eas
1017 2586 1268 2667 pedibus
1297 2587 1443 2659 suis,
1488 2597 1548 2650 et
1578 2591 1842 2649 conversi
1882 2590 2144 2653 disrum-

503 2682 644 2751 pant
676 2690 798 2732 vos.
845 2696 866 2727 ι)
904 2675 1096 2734 Canes
1123 2676 1551 2737 suntinﬁdetes
1589 2699 1602 2739 :
1636 2677 1798 2756 porci
1820 2687 2040 2751 autem,
2070 2680 2143 2739 ﬁ-

503 2761 670 2822 deles
697 2761 939 2840 quidem
970 2772 1127 2838 sunt,
1162 2766 1265 2826 sed
1305 2766 1648 2827 lutulentam
1679 2768 1854 2829 vitam
1885 2778 2148 2846 agentes.

503 2848 770 2928 Mysteria
800 2849 982 2928 igitur
1005 2851 1330 2914 incredulis
1363 2872 1476 2916 non
1507 2863 1644 2915 sunt
1685 2857 1989 2936 prolenda,
2040 2877 2148 2920 ne-

503 2955 622 3019 que
645 2938 790 2999 clari
821 2947 877 3000 et
911 2941 1243 3017 margaritis
1291 2942 1518 3004 similes
1541 2962 1852 3006 sermones
1875 2945 1950 3006 de
1973 2947 2146 3010 theo-

503 3018 658 3104 lOgia
687 3026 1013 3088 immundis
1044 3031 1543 3092 communicandi.
1581 3033 1750 3093 Porci
1795 3034 1953 3094 enim
1997 3018 2205 3096 con-C

505 3115 761 3188 culcant,
796 3116 917 3176 sive
947 3125 1338 3180 contemnunt
1365 3138 1497 3199 qua;
1524 3121 2009 3195 dicuntur,canes
2039 3143 2146 3186 au-

504 3211 621 3265 tem
655 3203 923 3264 conversi
951 3203 1214 3266 lacerant
1263 3225 1372 3267 nos
1409 3228 1422 3269 :
1457 3209 1613 3288 quod
1657 3208 1927 3271 fecerunt
1957 3213 2147 3291 philo-

503 3291 698 3372 sophi,
732 3310 866 3352 cum
897 3292 1171 3354 audirent
1202 3296 1548 3357 cruciﬁxum
1580 3297 1899 3362 Christum.
1926 3299 2153 3364 Dilace-

504 3386 639 3440 rant
670 3388 867 3441 autem
894 3398 1002 3441 nos
1032 3381 1466 3459 ratiocinando,
1497 3385 1864 3465 impossibile
1895 3406 2027 3449 esse
2060 3407 2150 3450 ca-

504 3468 799 3531 villantes.

589 3560 767 3620 Vnus.
805 3559 866 3639 7,
900 3560 958 3622 8.
999 3583 1025 3615 α
1056 3559 1264 3634 Petite,
1297 3569 1354 3622 et
1375 3561 1610 3622 dabitur
1638 3563 1841 3625 vobis:
1883 3568 2151 3644 quaerite,

507 3655 566 3708 et
606 3647 961 3711 invenietis:
998 3648 1247 3729 pulsate,
1283 3659 1339 3711 et
1385 3651 1685 3731 aperietur
1727 3652 1913 3714 vobis.
1947 3656 2156 3718 Omnis

508 3735 667 3798 enim
699 3737 797 3815 qui
830 3737 996 3818 petit,
1032 3737 1280 3818 accipit:
1325 3747 1383 3800 et
1404 3739 1501 3820 qui
1527 3741 1755 3820 quaerit,
1792 3741 2058 3805 invenit:
2095 3753 2154 3806 et

508 3824 763 3906 pulsanti
784 3826 1106 3905 aperietur.
1136 3851 1162 3881 ι
1191 3825 1504 3908 Imperavit
1535 3829 1707 3890 nobis
1729 3829 1789 3889 in
1819 3833 2150 3910 superiori-

508 3912 621 3975 bus
651 3931 862 3991 magna
891 3922 950 3975 et
979 3913 1246 3976 difﬁcilia
1281 3938 1293 3973 :
1330 3918 1589 3978 ostendit
1636 3918 1812 3997 igitur
1868 3920 1980 3981 hoc
2027 3923 2152 3983 loco

508 4002 806 4092 quomodo
832 4002 1127 4083 imperata
1159 4005 1565 4084 perﬁciantur,
1600 4026 1815 4087 nempe
1857 4028 1965 4090 per
2010 4030 2153 4092 pre-

510 4108 612 4151 ces
642 4091 974 4154 continuas.
1009 4092 1198 4154 Petite
1228 4094 1410 4168 enim,
1453 4096 1741 4176 dixit,boc
1773 4091 2152 4181 est,semper,

509 4178 639 4240 Non
673 4179 832 4240 enim
863 4179 1034 4256 dixit,
1061 4182 1273 4262 petatis
1304 4184 1509 4245 semel.
1545 4184 1771 4246 Deinde
1802 4195 1859 4247 et
1883 4178 2153 4265 exemplo

511 4268 773 4329 humano
803 4269 1114 4331 conﬁrmat
1142 4272 1389 4336 dictum.

590 4357 776 4421 Vnus.
806 4359 867 4438 9,
897 4363 990 4420 10.
1033 4383 1056 4416 ε
1086 4359 1176 4421 An
1207 4361 1517 4443 quisquam
1549 4373 1638 4425 est
1660 4382 1728 4426 ex
1762 4366 1927 4429 vobis
1953 4370 2152 4446 homo,

510 4464 691 4526 quem
714 4449 759 4506 si
794 4447 1031 4528 petierit
1067 4449 1220 4511 ﬁlius
1256 4451 1385 4529 ejus
1418 4471 1656 4532 panem,
1689 4453 1946 4534 lapidem
1979 4458 2154 4519 datu-

509 4553 611 4597 rus
668 4536 857 4627 sitilli
883 4535 1038 4627 aut
1067 4539 1118 4601 si
1149 4539 1373 4618 piscem
1435 4543 1694 4620 petierit,
1731 4563 1870 4604 num
1903 4565 2156 4627 serpen-

510 4633 628 4686 tem
660 4624 841 4687 addet
883 4625 1062 4687 illi?»
1117 4629 1332 4692 Erudit
1362 4631 1475 4691 hoc
1527 4632 1654 4692 loco
1715 4634 1870 4711 quod
1929 4624 2162 4715 oportet

509 4715 906 4777 vehementer
961 4724 1187 4797 petere,
1225 4724 1285 4778 et
1313 4718 1484 4780 utilia
1542 4729 1763 4800 petere.
1800 4720 1968 4784 Sicut
2000 4727 2160 4786 enim

511 4817 640 4877 vos,
686 4802 902 4883 inquit,
951 4802 1222 4866 videntes
1277 4806 1432 4868 ﬁlios
1482 4816 1712 4870 vestros
1767 4809 1930 4870 utilia
1989 4824 2160 4890 pete-

511 4908 601 4981 re,
651 4891 744 4951 56
793 4910 1008 4971 panem
1061 4901 1120 4954 et
1169 4894 1419 4976 piscem,
1470 4896 1621 4956 datis
1651 4897 1850 4958 omnia
1904 4918 2035 4979 quae
2064 4919 2162 4981 pe-

513 4978 717 5041 tierint
761 5000 776 5040 :
830 4980 909 5041 ita
959 4989 1016 5043 et
1066 5003 1172 5044 vos
1229 4984 1504 5064 spitualia
1551 4985 1822 5065 quaerite,
1883 4978 1998 5049 non
2033 4978 2162 5052 car-

515 5067 694 5131 nalia.

594 5155 778 5219 Vens.
818 5158 912 5221 11.
954 5183 977 5213 ‹‹
1014 5157 1076 5220 Si
1107 5160 1288 5239 igitur
1322 5179 1444 5234 vos,
1470 5180 1602 5222 cum
1634 5164 1764 5224 sitis
1791 5165 1953 5245 mali,
1978 5167 2164 5229 nostis

515 5249 674 5309 dona
703 5245 861 5307 bona
891 5245 1034 5308 dare
1063 5248 1199 5309 ﬁliis
1239 5251 1469 5322 vestris,
1518 5261 1736 5330 quanto
1772 5253 1958 5332 magis
1993 5257 2165 5318 Pater

513 5342 710 5398 vester
739 5335 837 5415 qui
872 5335 932 5396 in
962 5337 1127 5398 caelis
1149 5348 1259 5412 est,
1296 5339 1457 5399 dabit
1483 5339 1635 5401 bona
1667 5342 2004 5420 petentibus
2035 5344 2159 5407 se!)

513 5425 701 5490 Malos
731 5425 999 5486 nominat
1019 5427 1295 5489 homines
1323 5428 1397 5489 ad
1423 5432 1607 5492 Deum
1627 5441 2170 5513 comparatos,quo-

516 5514 674 5578 niam
711 5520 915 5574 natura
944 5523 1146 5576 nostra
1176 5516 1330 5579 bona
1361 5525 1474 5592 est,
1512 5525 1716 5599 utpote
1740 5537 1773 5580 a
1794 5517 1916 5581 Deo
1951 5521 2166 5583 condi-

513 5611 574 5666 ta
606 5619 620 5667 :
648 5600 949 5666 voluntate
968 5613 1166 5668 autem
1201 5605 1339 5667 mali
1371 5624 1600 5672 sumus.

2216 539 2387 614 δισμῷ
2457 541 2546 596 καὶ
2602 535 2953 610 ἐξουδενώσει,
3002 535 3178 602 ἄλλως
3207 559 3264 593 τε
3296 538 3385 592 καὶ
3428 534 3554 590 ὅταν
3600 532 3742 613 ’έχων
3779 553 3869 594 τις

2218 628 2452 706 μεγάὶας
2517 628 2797 706 ἁμαρτίας,
2857 624 3086 702 όηειδίζῃ
3137 626 3355 704 ἑτέροις,
3419 625 3506 679 καί
3575 621 3867 699 κατακρίνῃ

2217 719 2335 781 τοὺς
2367 717 2618 774 ἐλάττονα
2648 716 2897 795 ἔχοντας,
2931 715 2967 770 ἅ
2990 717 3016 770 ὁ
3049 716 3177 778 Θεὸς
3208 713 3390 789 μέλλει
3419 711 3631 790 κρίνειν.

2284 891 2334 948 "at
2382 893 2470 952 Ἐν
2517 899 2562 968 ᾧ
2591 895 2691 973 γὰρ
2741 894 2961 972 κρίνετε,
2996 893 3324 970 κριθήσεσθε⁶
3362 891 3450 947 καὶ
3475 893 3531 945 ἓν
3579 893 3622 962 ᾧ
3685 886 3872 965 μέτρῳ

2222 997 2490 1062 μετρεῖτε,
2553 985 2939 1061 μετρηθήσεται
2992 983 3144 1060 ὑμῖν,
3178 981 3238 1038 Τί
3285 978 3339 1034 δὲ
3382 978 3594 1054 βλέπεις
3618 978 3679 1033 τὸ
3727 977 3873 1054 κάρ-

2223 1095 2316 1152 φος
2344 1075 2403 1128 τὸ
2459 1071 2512 1128 ἐν
2581 1073 2656 1146 τῷ
2686 1070 2940 1150 ὀφθαλμῷ
2997 1072 3087 1126 τοῦ
3144 1066 3366 1147 ἀδελφοῦ
3396 1089 3511 1146 σου,
3572 1067 3668 1134 τῆν
3703 1063 3758 1121 δὲ
3806 1063 3871 1120 ἰν

2213 1170 2290 1236 τῷ
2346 1170 2423 1236 σῴ
2484 1161 2740 1242 ὀφθαλμῷ
2797 1160 2948 1242 δοκὸν
3018 1161 3076 1216 οὐ
3120 1173 3446 1238 κατανοεῖς,
3491 1158 3527 1226 ἢ
3573 1160 3686 1220 πῶς
3719 1156 3874 1233 ὶρετς

2215 1257 2292 1324 τῷ
2360 1238 2569 1331 ἀδελφῷ
2626 1273 2740 1324 σου,
2797 1238 2979 1328 ’Ἄφες
3023 1247 3230 1305 ἐκϐάλω
3299 1251 3360 1304 τὸ
3389 1249 3584 1326 κάρφος
3615 1246 3719 1302 ὰπὸ
3771 1250 3881 1300 τοῦ

2217 1339 2488 1419 ὀφθαλμοῦ
2543 1362 2659 1414 σου,
2696 1340 2784 1396 καί
2813 1337 2920 1394 ἰδοὺ
2948 1341 2982 1406 ἡ
3005 1336 3157 1400 δοκὸς
3190 1337 3244 1392 ἐν
3273 1344 3350 1410 τῷ
3405 1335 3661 1416 ὀφθαλμῷ
3717 1355 3813 1390 σου
3847 1355 3879 1404 ,-

2221 1420 2526 1508 ιΥιττοκριτα,
2556 1427 2746 1486 ἔκϐαλε
2815 1435 3023 1506 πρῶτον
3077 1427 3174 1494 τὴν
3219 1424 3370 1481 δοκὸν
3442 1425 3501 1480 ἐκ
3529 1432 3623 1481 τοῦ
3663 1419 3874 1502 ὀφθαλ-

2221 1517 2320 1593 μοῦ
2378 1525 2492 1590 σοῦ,
2548 1519 2633 1573 καὶ
2701 1517 2820 1573 τότε
2851 1514 3149 1590 διαϐλέψεις
3180 1511 3426 1570 ἐκϐαλεῖν
3473 1516 3530 1568 τὸ
3573 1513 3770 1589 κάρφος
3802 1508 3874 1563 ἐκ

2221 1613 2312 1661 τοῧ
2383 1604 2652 1686 ὸφταλμοῦ
2722 1605 2816 1661 τοῦ
2898 1603 3120 1683 ἀδελφοῦ
3177 1623 3292 1663 σου.
3360 1625 3386 1657 ι
3452 1603 3553 1659 Τὸν
3601 1598 3877 1675 μέλλοντα

2166 1691 2569 1784 Βέπιπλήττειν
2624 1692 2811 1756 ἄλλοῖς
2870 1691 2952 1749 δεῖ
2996 1691 3217 1768 ἄμωμον
3276 1692 3441 1747 εἶναι.
3481 1691 3539 1747 Εἰ
3582 1691 3680 1767 γὰρ
3709 1688 3875 1784 αύτὸς

2229 1782 2380 1839 δοκὸν
2424 1782 2568 1862 ἔχων
2628 1783 2682 1837 ἐν
2722 1788 2798 1854 τῷ
2840 1780 3114 1860 ὀφθαλμῷ,
3186 1779 3441 1858 τουτέστι,
3501 1778 3636 1854 μέγα
3685 1775 3875 1854 ξύλον,

2226 1871 2344 1938 ἤτοι
2389 1871 2699 1950 ἁμάρτημα,
2774 1870 3126 1949 ἐπιμέμφεται
3197 1867 3342 1942 ἄλλῳ
3404 1868 3596 1946 κάρφος
3656 1865 3876 1945 ἔχοντι,

2228 1962 2633 2040 ὰναισχύντερον
2696 1960 2900 2015 ἐκεῖνον
2959 1958 3197 2023 ἐποίησε.
3236 1960 3473 2012 Δείκνυσι
3502 1954 3557 2010 δὲ
3587 1957 3615 2010 ὁ
3653 1956 3871 2031 Κὺριος,

2226 2051 2306 2105 ὃτι
2376 2047 2492 2108 οὐδὲ
2564 2047 2774 2106 δύναται
2801 2047 2932 2104 ἰδεῖν
2973 2046 3150 2111 καλῶς
3206 2049 3266 2102 τὸ
3310 2053 3399 2102 τοῦ
3444 2043 3666 2122 ἀδελφοῦ
3699 2042 3877 2119 ἁμάρ-

2224 2159 2372 2212 τημα
2422 2140 2449 2193 ὁ
2511 2135 2716 2215 μεγάλα
2770 2136 3105 2213 ἁμαρτάνων·
3164 2137 3190 2190 ὁ
3244 2135 3342 2212 γὰρ
3404 2132 3547 2212 ἔχων
3603 2130 3754 2186 δοκὸν
3813 2129 3873 2184 ἐν

2223 2231 2301 2297 τῷ
2385 2223 2664 2304 ὀφθαλμῷ,
2727 2230 2838 2287 πῶς
2882 2223 2943 2278 ἂν
2975 2221 3082 2279 ἴδοι
3113 2221 3273 2278 ἄλλον
3304 2222 3526 2300 μετρίως
3557 2218 3872 2295 βλαπτόμε-

2226 2335 2313 2369 νον
2336 2334 2352 2394 ς

2312 2421 2341 2459 (
2376 2403 2461 2468 Μὴ
2515 2399 2645 2458 δῶτε
2701 2403 2759 2456 τὺ
2815 2401 2965 2478 ἅγιον
3023 2412 3141 2463 τοῖς
3185 2401 3320 2458 κυσὶε
3355 2395 3492 2463 μηδέ
3522 2398 3719 2474 βάλητε
3745 2396 3867 2456 τοὺς

2229 2490 2548 2568 μαργαρίτας
2635 2492 2779 2565 ὑμῶν
2849 2487 3139 2567 ἔμπροσθεν
3195 2495 3300 2544 τῶν
3363 2487 3580 2565 χοίρων,
3659 2487 3872 2561 μήποτε

2229 2581 2674 2647 Ααταπατήσωσιν
2738 2578 2921 2640 αὐτούς
2980 2577 3034 2632 ἐν
3089 2591 3205 2640 τοῖς
3293 2577 3445 2632 ποσὶν
3527 2580 3720 2653 αὐτῶν,
3782 2575 3875 2629 καὶ

2228 2667 2539 2747 στραφέντες
2609 2666 2833 2742 ῥήξωσιν
2904 2667 3064 2740 ὑμᾶς.
3107 2688 3130 2721 ι
3173 2665 3332 2727 Κύνες
3377 2665 3500 2719 εἰσὶν
3531 2667 3577 2719 οἱ
3630 2663 3870 2739 ἄπιστοι,

2232 2756 2417 2834 χοῖροι
2460 2754 2536 2828 δὲ,
2585 2758 2631 2810 οἱ
2663 2757 2837 2810 πιστοὶ
2867 2755 2987 2834 μὲν,
3019 2751 3322 2832 βορϐορώδη
3381 2750 3436 2807 δὲ
3479 2753 3590 2828 βίον
3630 2752 3872 2831 ἔχοντες.

2236 2856 2332 2900 Δεῖ
2386 2845 2552 2900 τοίνυν
2597 2845 2661 2900 τὰ
2710 2846 2972 2921 μυστήρια
3030 2845 3106 2917 μὴ
3157 2841 3330 2920 λέγειν
3412 2853 3528 2903 τοῖς
3605 2841 3873 2916 ἀπίστοις,

2231 2931 2366 3009 μηδὲ
2421 2934 2537 2997 χούς
2607 2932 2880 3010 λαμπρούς
2940 2933 3029 2988 καὶ
3077 2927 3438 3010 μαργαρώδεις
3509 2928 3696 3008 λόγους
3754 2931 3877 2994 τοὺς

2229 3023 2346 3100 περὶ
2413 3020 2684 3099 θεολογίας
2743 3022 2863 3085 τοῖς
2907 3018 3214 3098 ἀκαθάρτοις
3274 3019 3446 3093 οἱμὲν
3504 3019 3605 3096 γὰρ
3664 3031 3874 3099 χοῖροι,

2229 3117 2641 3183 καταπατοῦσιν,
2715 3110 2837 3176 ἢτοι
2923 3115 3297 3188 καταφρονοῦσι
3364 3113 3469 3162 τῶν
3547 3107 3877 3188 λεγομένων,

2231 3202 2278 3255 οἰ
2328 3198 2382 3254 δὲ
2438 3200 2588 3262 κύνες
2661 3197 2970 3277 στραφέντες
3026 3196 3494 3275 διασπαραττουσιν
3566 3197 3727 3270 ἡμᾶς’
3783 3202 3878 3253 οἷα

2233 3296 2469 3345 ποιοῦσιν
2526 3289 2573 3343 οἰ
2633 3285 2912 3363 λεγόμενοι
2969 3284 3270 3364 φιλόσοφοι,
3316 3282 3440 3339 ὅταν
3471 3283 3762 3341 ἀκούσωσιν
3793 3287 3880 3342 ὃτι

2233 3376 2532 3453 ἐσταυρωθη
2603 3377 2756 3453 Θεὸς,
2810 3374 3188 3451 σπαράττουσιν
3245 3377 3387 3446 ἡμᾶς
3445 3384 3559 3434 τοῖς
3620 3371 3878 3452 συλλογι-

2235 3477 2418 3540 σμοῖς,
2458 3463 2708 3519 ἀδύνατον
2738 3463 2884 3518 εἶναι
2919 3462 3070 3518 τοῦτο
3101 3459 3456 3540 σοφιζόμενοι.

2321 3578 2347 3608 ε
2385 3555 2614 3627 Αἰτεῖτε,
2687 3553 2772 3608 καὶ
2830 3549 3104 3621 δοθήσεται
3169 3553 3319 3624 ὑμῖν
3378 3559 3611 3629 ζητεῖτε,
3649 3551 3735 3605 καί
3783 3553 3881 3607 εὑ-

2235 3646 2445 3724 ρήσετε·
2507 3643 2740 3720 κρούετε,
2804 3641 2889 3695 καί
2946 3639 3281 3717 ἀνοιγήσεται
3339 3639 3488 3713 ῧμτν⁶
3548 3645 3650 3702 πᾶς
3699 3640 3798 3717 γὰρ
3854 3642 3883 3696 ὁ

2237 3736 2394 3789 αἰτῶν
2494 3729 2775 3805 λαμϐάνει,
2874 3729 2961 3784 καὶ
3016 3731 3043 3783 δ
3122 3733 3296 3797 ζητῶν
3353 3728 3597 3806 εὑρίσκει,
3659 3730 3744 3783 καὶ
3803 3735 3884 3801 τῷ

2235 3822 2469 3901 κροὺοντι
2527 3817 2885 3895 ἀνοιγήσεται,
2954 3839 2979 3871 ε
3031 3814 3307 3880 Ἐπὲταξεν
3338 3817 3473 3891 ἡμῖν
3503 3815 3555 3872 ἐν
3584 3829 3702 3880 τοῖς
3740 3839 3881 3896 προ-

2235 3908 2450 3966 λαϐοῦσι
2512 3906 2722 3984 μεγάλα
2790 3906 2874 3960 καὶ
2929 3904 3169 3984 χαλεπά,
3247 3914 3515 3961 Δεικνυσιν
3544 3904 3633 3959 οὖν
3663 3904 3886 3962 ἐνταῦθα

2236 4006 2350 4061 πῶς
2421 3996 2930 4075 κατορθωθήσονται,
3003 3997 3090 4050 καὶ
3145 3995 3225 4050 ὃτι
3284 3991 3367 4049 διὰ
3403 3993 3500 4060 τῆς
3561 3995 3732 4072 εὐχῆς
3779 3997 3882 4061 τῆς

2244 4088 2537 4155 διηνεκοῦς.
2597 4087 2802 4141 Αἰτεῖτε
2852 4086 2973 4162 γὰρ,
3008 4084 3187 4156 εἶπεν,
3219 4083 3333 4138 ἀντὶ
3375 4091 3465 4140 τοῦ
3513 4082 3615 4156 ἀεὶ,
3666 4087 3726 4142 οὐ
3785 4086 3884 4162 γὰρ

2245 4178 2421 4250 εἶπεν,
2483 4175 2773 4243 Αἰτήσασθε
2846 4172 3012 4238 ἅπαξ.
3058 4173 3194 4228 Εἶτα
3237 4174 3325 4227 καὶ
3366 4171 3471 4226 ἀπὸ
3501 4169 3883 4248 ὑποδείγματος

2247 4265 2566 4344 ἀνθρωπίνου
2595 4260 2795 4338 βέϐαιοι
2827 4264 2888 4318 τὸ
2916 4260 3125 4341 λεχθέν,

2333 4375 2356 4409 ι
2410 4345 2492 4410 ’Ἥ
2535 4354 2612 4414 τίς
2643 4350 2782 4407 ἐστιν
2811 4350 3080 4430 ἅνθρωπος
3117 4349 3168 4414 ἐξ
3210 4351 3378 4424 ὑμῶν,
3411 4351 3465 4403 ὃν
3497 4347 3585 4403 ἐὰν
3631 4352 3823 4428 αἰτήσῃ
3855 4355 3882 4408 ὁ

2238 4447 2346 4509 υἱὸς
2419 4445 2574 4499 αὐτοῦ
2644 4436 2823 4518 ἄρτον,
2876 4440 2954 4513 μὴ
2983 4438 3121 4494 λίθον
3159 4437 3402 4493 ἐπιδώσει
3435 4438 3574 4510 αὒτῴ
3609 4455 3625 4510 ;
3672 4440 3761 4494 καὶ
3791 4437 3881 4498 ἰὰν

2239 4537 2388 4614 ιχθῦν
2463 4530 2675 4604 αἰτήσῃ,
2734 4529 2810 4603 μὴ
2857 4528 2974 4607 ὅφιν
3004 4525 3247 4583 ἐπιδώσει
3296 4529 3484 4598 αὖτῷς
3541 4545 3566 4581 ι
3643 4524 3883 4583 Παιδεῖιει

2243 4623 2460 4680 ὶνταῦθα
2516 4621 2596 4676 δτι
2653 4616 2736 4674 δεῖ
2792 4620 2879 4674 καὶ
2908 4616 3141 4698 σφοδρῶς
3174 4621 3363 4697 αἰτεῖν,
3428 4618 3514 4671 καὶ
3557 4617 3623 4672 τὰ
3675 4619 3879 4698 ωμφέ..

2245 4733 2400 4792 ροντα
2469 4711 2658 4769 αἰτεῖν.
2697 4699 2880 4780 ’Υμεῖς
2911 4709 3031 4786 γὰρ,
3070 4709 3221 4786 φησὶ,
3267 4705 3489 4782 βλέπετε
3531 4708 3653 4770 τοὺς
3684 4707 3879 4772 παῖδας

2243 4805 2389 4877 ὑμῶν
2462 4800 2526 4854 τὰ
2582 4795 2849 4875 πρέποντα
2880 4799 3174 4870 αἰτοῦντας,
3245 4795 3400 4874 ἄρτον
3444 4797 3531 4852 καὶ
3577 4798 3750 4876 ἰχθῦν,
3797 4800 3886 4854 καὶ

2243 4891 2364 4948 τότε
2422 4885 2587 4945 δίδοτε
2657 4885 2840 4947 αὐτοῖς
2913 4883 3039 4940 ὅταν
3110 4885 3324 4942 τοιαῦτα
3403 4890 3655 4955 ζητῶσιν·
3715 4885 3880 4948 οὕτως

2243 4984 2331 5037 οὖν
2386 4979 2474 5034 καὶ
2528 4977 2682 5049 ὑμεῖς
2742 4974 2807 5029 τὰ
2862 4975 3190 5050 πνευματικὰ
3219 4981 3456 5047 ζητεῖτε,
3507 4974 3583 5049 μὴ
3635 4976 3698 5030 τὰ
3750 4997 3880 5055 σαρο

2242 5069 2389 5128 κικὰ.

2330 5178 2353 5212 ε
2382 5155 2440 5214 Εἰ
2469 5153 2558 5209 οὖν
2599 5153 2754 5227 ὑμεῖς
2783 5155 3005 5230 πονηροὶ
3051 5151 3223 5231 ὄντες,
3254 5151 3434 5210 οἴδατε
3484 5149 3688 5228 δόματα
3717 5153 3885 5231 ἀγαθὰ

2245 5245 2440 5303 διδόναι
2495 5254 2614 5304 τοῖς
2671 5241 2876 5304 τέκνοις
2934 5244 3104 5320 ὑμῶν,
3164 5243 3314 5313 πόσῳ
3367 5240 3571 5317 μᾶλλον
3625 5244 3652 5298 ὁ
3704 5243 3884 5321 Πατήρ

2246 5339 2391 5410 ὑμῶν
2461 5333 2489 5388 ὁ
2540 5330 2595 5385 ἐν
2624 5343 2743 5394 τοῖς
2775 5332 3015 5409 οὐρανοῖς
3085 5329 3237 5386 δώσει
3297 5331 3466 5408 ἀγαθὰ
3497 5345 3614 5394 τοῖς
3658 5333 3883 5388 αἰτοῦσιν

2247 5421 2446 5498 αὐτόν,
2482 5443 2509 5474 ι
2559 5421 2827 5498 Πονηρούς
2859 5421 3101 5495 ὀνομάζει
3145 5420 3264 5482 τούς
3297 5419 3621 5499 ἀνθρώπους,
3651 5423 3725 5483 ὡς
3759 5423 3887 5500 πρὸς

2246 5514 2338 5570 τὸν
2399 5509 2527 5566 Θεὸν
2604 5507 2892 5586 συγκρίνων
2945 5508 3157 5588 αὐτούς,
3215 5506 3329 5564 ἐπεὶ
3421 5511 3456 5576 ὴ
3515 5509 3665 5587 φὺσις
3734 5511 3887 5584 ἡμῶν

2248 5599 2421 5680 ἀγαθὴ
2490 5595 2655 5670 ἐστιν,
2713 5599 2786 5660 ὡς
2844 5604 2975 5654 Θεοῦ
3004 5596 3403 5677 δημιούργημα,
3466 5599 3602 5656 κατᾶ
3627 5596 3680 5655 δὲ
3711 5599 3888 5677 προαί-

2246 5712 2386 5771 ρεσιν
2425 5685 2851 5764 πονηρευόμεθα.
