4118 6220
3653 271 3773 338 228

403 407 501 488 vit,
534 406 794 470 ostendit
825 424 892 468 se
907 405 1119 469 Dcum.
1151 407 1361 486 Arguit
1389 408 1565 486 igitur
1594 426 1696 468 eos
1726 407 1912 467 ferme
1956 407 2029 466 sic

2126 406 2378 468 δείκνυσιν
2437 414 2619 471 ἑαυτὸν
2673 413 2826 470 Θεόν.
2889 410 3141 490 Ἐλέγχει
3202 419 3326 487 γοῦν
3380 409 3563 471 αὖτοὺς
3604 405 3776 483 λέγων

398 495 605 557 dicens
640 515 654 555 :
683 495 800 557 Vos
834 495 1076 576 quidem
1107 496 1322 576 putatis
1375 515 1470 557 me
1502 497 1943 576 blasphemum,
1977 517 2029 556 et

2129 503 2343 556 τοιαῦτα
2377 516 2391 531 ⁸
2458 492 2642 576 ’Υμετς
2698 501 2796 575 μὲν
2857 499 3097 575 νομίζετέ
3174 519 3240 572 με
3302 497 3645 576 βλασφημον,
3705 497 3776 560 ὡς

397 585 552 665 quod
587 585 873 665 pollicear
901 603 998 647 me
1027 586 1333 646 remittere
1364 595 1624 665 peccata,
1651 585 1707 645 id
1742 584 1895 664 quod
1926 601 2029 645 ma

2126 588 2498 667 ὑποσχόμενον
2542 588 2749 667 ἀφιέναι
2807 589 3085 666 ἁμαρτίας,
3147 585 3275 665 ὅπερ
3314 586 3450 664 μέγα
3481 586 3578 660 μέν
3605 587 3719 640 ἐστι
3753 603 3772 620 ⁸

395 692 576 753 gnum
609 673 850 753 quidem
876 683 964 733 ost
989 694 1004 750 ;
1038 674 1277 735 videtur
1305 683 1500 735 autem
1525 673 1688 734 vobis
1717 673 1873 753 quod
1935 691 2029 750 egc

2125 674 2330 732 δοκεῖτε
2386 676 2442 733 δέ
2497 701 2564 753 με
2609 680 2680 740 εἰς
2724 680 2876 734 τοῦτο
2917 677 3264 755 καταφεύγειν
3296 677 3370 738 ὡς
3415 675 3476 730 ἃν
3508 676 3586 748 μὴ
3615 671 3773 750 ἐλεγ-

393 781 499 842 ρει·
522 763 634 823 hoc
666 762 946 840 'eﬂ'ugium
1000 781 1260 843 quaeram
1321 772 1384 823 ut
1442 781 1560 823 non
1609 762 2029 842 reprehendar.

2125 769 2241 844 χθῶ
2331 765 2473 846 Ἐγὼ
2555 766 2610 824 δὲ
2698 768 2758 824 ἐκ
2842 770 2940 833 της
3016 774 3109 823 τοῦ
3191 766 3437 841 σώματος
3498 761 3776 839 θεραπείας

395 854 515 931 Ego
547 851 726 930 igitur
758 861 815 912 et
842 870 910 912 ex
944 851 1213 931 corporis
1247 870 1389 912 cura
1421 852 1598 912 fidem
1666 850 1829 910 vobis
1887 850 2029 912 facio

2125 855 2454 932 πιστώσομαι
2511 859 2597 914 καὶ
2639 858 2738 923 τῆν
2782 861 2881 923 τῆς
2946 860 3155 934 ψυχῆς,
3215 853 3298 912 διὰ
3350 855 3442 910 τοῦ
3485 851 3765 914 ἐλάττονος

388 941 545 1022 quod
576 941 804 1001 animas
835 959 1035 1000 sanem
1076 960 1090 1002 :
1128 943 1241 1002 Per
1273 959 1400 1001 rem
1437 940 1728 1002 minorem
1769 939 2029 1019 quidem,

2125 945 2242 1017 μὲν,
2301 943 2688 1024 δυσκολωτέρου
2746 942 2799 1000 δὲ
2881 943 3181 1023 δοκοῦντος,
3236 941 3461 1020 βεϐαιῶν
3517 942 3604 998 καὶ
3673 940 3773 1005 τὴν

388 1029 493 1091 sed
527 1047 657 1108 quae
687 1028 985 1088 difﬁcilior
1008 1028 1672 1101 videatur,conﬁrmans
1698 1038 1757 1088 et
1775 1037 2029 1108 peccato.

2125 1038 2226 1086 τῶν
2282 1032 2550 1110 ἁμαρτιῶν
2610 1031 2815 1113 ἄφεσιν,
2870 1031 2985 1099 ἥτις
3041 1031 3252 1110 μεγάλη
3283 1031 3404 1106 μὲν,
3442 1027 3772 1105 εὖκολωτέρα

387 1129 577 1180 torum
601 1117 1184 1198 remissionem,quae
1203 1136 1411 1197 magna
1433 1118 1674 1199 quidem
1702 1117 1926 1196 est,sed
1955 1118 2029 1179 fa-

2125 1118 2169 1174 5‘2
2199 1122 2325 1196 ὑμῖν
2357 1120 2505 1178 δοκεῖ
2550 1120 2634 1180 διὰ
2664 1124 2725 1178 τὸ
2754 1121 2961 1202 ἀφανὴς
2993 1122 3161 1182 εἶναι.

385 1207 558 1269 cilior
587 1205 748 1266 Vobis
778 1206 1036 1285 videtur,
1071 1225 1139 1267 eo
1167 1208 1322 1286 quod
1353 1206 1546 1266 minus
1581 1215 1881 1287 appareat.

464 1295 804 1358 γωδ-8.
821 1297 1136 1355 «Utautem
1168 1295 1368 1357 sciatis
1387 1296 1543 1376 quod
1565 1303 1911 1375 potestatem
1937 1295 2036 1356 ha-

387 1384 710 1446 beatFilius
730 1383 987 1444 hominis
1004 1403 1183 1464 super
1205 1393 1418 1446 terram
1441 1385 1749 1446 remittere
1767 1392 2028 1464 peccata,

2125 1409 2223 1443 που
2254 1387 2338 1443 ἐπὶ
2368 1393 2466 1455 τῆς
2497 1390 2600 1464 γῆς
2631 1388 2836 1466 ἀφιέναι
2867 1387 3145 1462 ἁμαρτίας,
3169 1387 3289 1442 τότε
3320 1383 3460 1462 λέγει
3491 1386 3569 1456 τῷ
3595 1403 3767 1460 παρα-

382 1482 520 1536 tunc
543 1473 686 1535 dicit
711 1472 1267 1553 paralytico,Surge:
1303 1483 1359 1534 et
1382 1475 1523 1534 tolle
1569 1476 1789 1535 lectum
1844 1481 2029 1549 tuum,

2125 1474 2319 1549 λυτικῷ
2355 1494 2372 1513 ο
2405 1475 2691 1556 Ἐγερθεὶς,
2737 1477 2861 1554 ἆρόν
2920 1498 3014 1533 σου
3065 1477 3166 1542 τὴν
3195 1473 3404 1540 κλίνην.
3450 1473 3538 1530 καὶ
3595 1469 3765 1548 ὕπαγε

384 1571 440 1623 et
472 1562 614 1622 vado
642 1561 702 1621 in
728 1561 969 1621 domum
1003 1570 1184 1622 tuam.
1223 1564 1613 1642 Surrexitque
1649 1561 1750 1623 ille
1783 1570 1842 1622 et
1891 1563 2029 1622 abiit

2125 1567 2193 1626 εἷς
2237 1567 2326 1621 τὸν
2383 1566 2539 1624 οἶκόν
2597 1588 2711 1626 σου.
2779 1567 2877 1623 Καὶ
2942 1565 3190 1643 ἐγερθεὶς,
3251 1561 3484 1630 ἀπῆλθεν
3533 1561 3607 1623 εἷς
3676 1561 3767 1615 τὸν

383 1652 442 1712 in
466 1651 704 1711 domum
729 1668 922 1711 suam.
944 1650 1016 1712 Et
1033 1670 1165 1712 cum
1189 1651 1476 1712 vidissent
1497 1650 1705 1723 turbat,
1730 1651 2029 1712 admirataa

2125 1657 2174 1709 θ’
2353 1655 2366 1677 ν
2442 1655 2468 1667 ’³
2546 1655 2561 1678 θ
2600 1655 2623 1674 λ
2641 1658 2650 1678 ρ
2827 1652 2868 1673 ὀς
2992 1652 3029 1688 ’1.
3171 1657 3182 1672 ο
3265 1653 3289 1692 Ἰ
3597 1651 3609 1668 \
3676 1646 3698 1666 Ν
3717 1650 3765 1693 Ι-

2159 1675 2270 1710 ικον
2313 1677 2491 1716 αυτου.
2575 1667 2771 1720 ιοοντες
2823 1673 2875 1710 οε
2906 1658 2953 1710 οἱ
2982 1677 3010 1710 ο
3018 1659 3139 1732 Αλοι
3173 1657 3492 1727 εθαδμασαν,
3525 1672 3614 1706 και
3643 1649 3728 1705 έοο

381 1749 518 1801 sunt
544 1747 600 1798 et
631 1738 1110 1816 glorificaverunt
1144 1741 1464 1819 Deum,qui
1495 1739 1660 1800 dedit
1693 1741 2029 1801 hominibus

2125 1741 2277 1807 Ξασαν
2332 1747 2424 1800 τὸν
2469 1749 2599 1802 Θεὸν
2675 1747 2764 1801 τὸν
2839 1741 2993 1800 δύντα
3071 1742 3302 1808 ἐξουσίαν
3343 1740 3595 1805 τοιαύτην
3650 1750 3765 1801 τοῖς

381 1836 732 1910 potestatem
759 1827 957 1889 talem.
993 1852 1015 1885 ο
1049 1828 1308 1907 lnjunxit
1340 1831 1398 1890 ei
1429 1839 1490 1889 ut
1511 1830 1729 1890 lectum
1751 1837 2029 1908 gestaret,

2125 1832 2432 1911 ανθρώποις,
2473 1858 2499 1888 ε
2550 1832 2871 1913 Προσέταξεν
2904 1832 3045 1888 αὒτῶ
3082 1833 3180 1898 τὴν
3238 1829 3421 1895 κλίνην
3480 1827 3762 1904 βαστάσαι,

378 1926 539 1979 utne
572 1917 883 1998 phantasia
934 1917 1221 1989 videatur,
1258 1927 1316 1978 et
1340 1926 1400 1982 ut
1440 1919 1627 1980 turba:
1657 1918 1861 1992 simul,
1899 1936 2029 1999 quae

2125 1920 2211 1978 ἵνα
2251 1922 2328 1997 μὴ
2373 1926 2628 2001 φαντασία
2670 1922 2818 2000 δόξῃ,
2880 1923 2967 1978 καὶ
3026 1922 3138 1996 ἅμα
3191 1919 3283 1974 τίνα
3310 1917 3498 1974 ’ἴδωσιν
3531 1918 3577 1974 οἱ
3608 1913 3766 1995 ὄχλοι

380 2007 698 2068 maximum
714 2006 952 2086 quidem
973 2005 1493 2086 omnium,purum
1519 2017 1712 2069 tamen
1728 2008 2029 2070 hominem

2125 2008 2178 2065 τὸ
2219 2025 2472 2090 σημεῖον,
2553 2012 2607 2069 οῗ
2682 2014 2754 2075 ὡς
2834 2009 2992 2086 ψιλὸν
3048 2010 3146 2084 μὲν
3199 2009 3467 2087 ἄνθρωπον
3525 2005 3766 2081 ἐνόμιζον

381 2097 686 2177 putabant,
726 2095 1076 2156 miraculum
1110 2096 1478 2158 intueantur.

2125 2099 2298 2174 αὐτὸν,
2332 2102 2603 2181 κρείττονα
2636 2101 2813 2177 μέντοι
2843 2101 3078 2160 πάντων.

464 2185 721 2247 νειιε.9,
760 2183 863 2244 «Et
892 2185 1419 2260 prmterienslesus
1443 2186 1900 2262 45ἱ11ἱηο,νίόίι
1923 2187 2029 2247 ho-

2205 2211 2231 2241 ι
2281 2191 2381 2247 Καὶ
2410 2190 2663 2268 παράγων
2706 2191 2733 2246 ὁ
2786 2189 2991 2256 Ἰησοῦς
3039 2186 3268 2260 ἐκεῖθεν,
3323 2185 3466 2242 εῖδεν
3496 2184 3765 2262 ἄνθρωπον

396 2275 614 2336 minem
631 2272 932 2333 sedentem
950 2273 1006 2333 in
1025 2274 1693 2354 telonio,quiMatthzeus
1705 2275 2029 2336 dicebatur:

2125 2279 2422 2353 καθήμενον
2503 2279 2588 2334 ἐπὶ
2658 2281 2719 2334 τὸ
2788 2277 3060 2356 τελώνιον,
3139 2280 3410 2332 Ματθαῐον
3451 2273 3760 2351 λεγόμενον,

394 2373 452 2427 et
489 2362 634 2423 dicit
663 2360 771 2434 illi,
819 2361 1088 2440 Sequere
1139 2380 1253 2422 me.
1291 2363 1363 2423 Et
1391 2380 1640 2442 surgens
1683 2372 1923 2424 secutus
1954 2371 2029 2425 esl

2126 2369 2209 2423 κοὶ
2239 2365 2380 2445 λέγει
2413 2370 2554 2440 αὐτῷ
2589 2387 2602 2401 °
2636 2366 2934 2424 Ἀκολούθει
2966 2389 3079 2441 μοι.
3117 2367 3214 2423 Καὶ
3263 2365 3488 2426 ἀναστὰς
3532 2359 3761 2429 ἠκολού-

392 2470 555 2516 eum.
590 2473 618 2509 »
654 2448 783 2512 Non
805 2467 936 2510 cum
965 2452 1135 2510 Petro
1169 2453 1475 2513 etJoanne
1497 2453 1656 2513 hunc
1681 2452 2029 2532 vocavit,sed

2125 2460 2285 2522 θησεν
2320 2457 2482 2529 αὐτῷ.
2542 2478 2564 2512 ο
2621 2457 2691 2513 Οὔ
2741 2457 2877 2530 μετὰ
2921 2455 3118 2533 Πέτρου
3160 2455 3243 2509 καὶ
3286 2451 3527 2510 Ἰωάννου
3581 2457 3762 2505 τοῦτον

393 2540 631 2624 quando
662 2537 804 2599 vidit
835 2537 1512 2618 obtemperaturum.Sic
1543 2549 1600 2602 et
1630 2540 1874 2602 Paulum
1931 2560 2029 2602 vo-

2125 2543 2395 2624 ὶκαλεσεν,
2456 2543 2573 2600 ἀλλ’
2657 2544 2744 2601 ὅτε
2801 2542 2915 2620 ᾔδει
2986 2541 3428 2618 πεισθησόμενον.
3474 2538 3625 2597 Οὕτω
3664 2539 3765 2616 γὰρ

392 2631 539 2693 cavit
571 2636 774 2708 postea
812 2645 920 2687 suo
952 2635 1246 2706 tempore.
1275 2628 1586 2692 Admirare
1608 2639 1803 2691 autem
1849 2649 2029 2691 evan-

2125 2635 2212 2690 καὶ
2268 2632 2473 2690 Παῦλον
2530 2632 2774 2691 ἐκάλεσεν
2829 2633 3044 2712 ὕστερον
3101 2630 3188 2686 ὅτε
3244 2631 3425 2709 καιρὸς
3469 2628 3560 2696 ῆν.
3620 2627 3765 2683 Θαύ-

391 2719 685 2800 gelislam,
718 2716 1015 2796 quomodo
1053 2716 1226 2777 vitam
1261 2736 1424 2778 suam
1458 2718 1741 2799 invulgat,
1774 2720 2029 2799 quamvis

2125 2744 2294 2798 μασον
2363 2721 2416 2777 δὲ
2486 2725 2576 2780 τὸν
2635 2720 3040 2801 εὖαγγολιστήν,
3098 2725 3211 2784 πῶς
3295 2717 3618 2794 ἐκπομπεύει
3675 2717 3766 2771 τὸν

391 2807 490 2871 alii
518 2824 733 2867 nomen
759 2804 886 2884 ejus
908 2805 1308 2886 occultarunt,
1336 2826 1470 2867 eum
1503 2807 2029 2887 a;‘pellantesLevi.

2125 2813 2305 2868 ἑαυτοῦ
2334 2812 2472 2888 βίον,
2523 2813 2692 2868 καίτοι
2749 2813 2796 2867 οἱ
2851 2809 3004 2869 ἄλλοι
3042 2809 3270 2888 ἔκρυψαν
3298 2811 3359 2864 τὸ
3389 2806 3553 2881 ὄνομα
3585 2807 3765 2883 αὐτοῦ,

392 2893 495 2957 Dei
517 2902 711 2955 autem
745 2910 894 2973 opus
920 2892 1046 2971 fuit,
1075 2893 1202 2954 solo
1235 2894 1411 2956 verbo
1435 2913 1570 2956 eum
1602 2897 1887 2957 converti.

2127 2904 2254 2956 Λευί
2313 2902 2830 2979 προσαγορεύσαντες
2909 2899 3064 2955 αὐτόν
3088 2913 3103 2929 ⁸
3165 2905 3294 2954 Θεοῦ
3347 2895 3400 2952 δὲ
3455 2894 3628 2974 ἔργον,
3688 2900 3765 2966 τῷ

407 274 525 339 227
1359 263 1952 342 THEOPHYLAGTI
1993 273 2403 342 BULGARI/E
2446 277 2800 343 ARCHIEP.

2206 1317 2232 1356 ι
2272 1288 2400 1356 ’Ίνα
2431 1298 2485 1355 δὲ
2519 1296 2711 1379 εἰδῆτε,
2743 1298 2821 1355 ὅτι
2845 1297 3078 1364 ἐξουσίαν
3109 1299 3225 1377 ἔχει
3251 1298 3278 1353 ὁ
3303 1296 3421 1357 Υἱὸς
3454 1303 3544 1352 τοῦ
3573 1295 3768 1372 ἂνθρω-

476 3073 652 3134 Vsus.
691 3074 782 3151 10,
814 3073 910 3133 ll.
950 3094 974 3126 «ι
999 3069 1070 3131 Et.
1087 3071 1301 3133 factum
1336 3080 1423 3133 est
1445 3071 1544 3132 illo
1565 3073 1953 3138 recumbente
1975 3075 2036 3136 in

392 3161 739 3231 domo,ecce
763 3159 928 3220 multi
956 3159 1251 3239 publicani
1272 3170 1329 3222 et
1347 3169 1688 3242 peccatores
1715 3172 2032 3245 venerunt,

393 3259 452 3313 et
481 3249 1031 3310 recubueruntcnm
1053 3250 1192 3311 Jesu
1213 3258 1270 3310 et
1299 3249 1607 3329 discipulis
1640 3252 1865 3330 ejus.Et
1899 3272 2032 3314 cum

389 3338 678 3400 vidissent
711 3337 1016 3412 Pharisaei,
1051 3337 1325 3399 dixeruut
1347 3338 1653 3419 discipulis
1691 3341 1858 3420 ejus:
1917 3344 2035 3404 Cur

391 3445 524 3488 cum
559 3424 891 3507 publicanis
914 3433 973 3485 et
1005 3426 1412 3504 peccatoribus
1433 3427 1612 3488 sumit
1642 3428 1842 3490 cibum
1877 3449 2033 3511 prae-

389 3527 594 3596 ceptor
614 3525 807 3578 vester
831 3515 856 3579 ‘.’
878 3539 904 3577 )
940 3516 1527 3581 GaudensMatthaaus
1547 3521 1704 3600 quod
1736 3522 1808 3582 ad
1841 3541 1906 3584 se
1935 3523 2031 3584 di-

389 3609 663 3671 vertisset
712 3607 903 3686 Jesus,
937 3606 1288 3686 publicanos
1311 3608 1458 3669 alios
1481 3611 1729 3672 vocavit.
1767 3611 2034 3674 Christus

389 3706 584 3760 autem
616 3694 796 3756 simul
826 3694 1172 3757 vescebatur
1201 3715 1337 3757 cum
1370 3698 1476 3767 eis,
1515 3704 1580 3758 ut
1607 3699 1694 3758 eis
1728 3701 2036 3777 prodesset

391 3783 623 3848 tametsi
654 3792 895 3864 propter
922 3784 1033 3845 hoc
1066 3783 1218 3845 male
1248 3784 1500 3846 audiret.
1535 3787 1815 3849 Pharisei
1845 3788 2029 3866 enim,

387 3874 652 3937 volentes
682 3871 1007 3953 discipulos
1030 3872 1103 3934 ab
1135 3891 1206 3935 eo
1228 3873 1509 3951 avellere,
1537 3875 1896 3939 accusabant
1918 3896 2030 3958 pu-

388 3962 757 4024 blicanorum
790 3961 1147 4024 convivium.

471 4050 645 4114 Vens.
682 4050 889 4131 12,13.
930 4071 951 4101 ι
981 4048 1178 4125 Iesus,
1210 4051 1310 4113 ubi
1341 4051 2031 4127 audivit,dixitillis:Non

385 4161 534 4224 opus
565 4140 784 4203 hadent
815 4139 856 4201 ii
881 4139 982 4221 qui
1025 4141 1240 4221 valent,
1277 4142 1530 4216 medico,
1567 4144 1671 4204 sed
1706 4145 1860 4207 male
1917 4147 2027 4208 ha-

385 4231 708 4294 bentes.lto
738 4238 1026 4298 autem,ct
1057 4230 1266 4292 discite
1287 4231 1427 4312 quid
1451 4231 2030 4303 sit.Misericordiam

384 4321 538 4396 volo,
572 4329 632 4381 et
664 4339 781 4381 non
834 4320 1216 4383 sacrificium.
1251 4320 1379 4382 Non
1413 4322 1571 4383 enim
1627 4324 1758 4384 veni
1820 4343 2031 4387 vocare

377 4409 707 4491 juslos,sed
737 4421 1077 4490 peccatores
1097 4410 1170 4470 ad
1196 4411 1628 4490 paenitentiam.
1659 4434 1681 4462 ι
1702 4413 1828 4476 Νοη
1870 4417 2027 4489 veni,

381 4497 763 4579 inquit,nunc
780 4505 1055 4578 tanquam
1074 4499 1387 4576 judex,sed
1410 4509 1473 4561 ut
1496 4502 1951 4566 medicuszunde
1975 4512 2032 4566 et

382 4587 652 4650 faetorem
683 4586 1053 4666 fero.Arguit
1081 4596 1278 4651 autem
1313 4588 1450 4652 illos
1470 4599 1531 4652 ut
1562 4591 1896 4673 imperitos,
1931 4593 2027 4655 di-

382 4679 732 4756 cens,lte,et
753 4675 988 4759 discite,
1018 4677 1131 4739 hoc
1154 4687 1264 4754 est,
1297 4679 1436 4760 quia
1464 4680 1751 4743 hactenus
1781 4701 1900 4744 non
1932 4681 2028 4744 di-

381 4766 632 4838 dicistis,
671 4766 760 4829 vel
788 4765 994 4829 saltem
1019 4785 1176 4828 nunc
1211 4769 1290 4829 ite
1324 4777 1380 4829 et
1409 4768 1644 4850 discite,
1683 4771 1838 4852 quod
1874 4770 2030 4834 Deus

381 4855 566 4938 pluris
597 4856 733 4918 facit
758 4856 1228 4919 misericordiam
1252 4858 1313 4918 in
1346 4867 1894 4940 peccatores,quam
1927 4879 2028 4923 sa-

379 4944 694 5008 crificium.
729 4944 896 5017 Quod
928 4953 1124 5006 autem
1157 4945 1320 5026 dicit,
1349 4950 1481 5010 Non
1515 4947 1648 5010 veni
1682 4966 1896 5010 vocare
1919 4950 2025 5030 ju-

379 5041 522 5110 stos,
561 5053 666 5115 per
685 5035 935 5096 ironiam
967 5034 1133 5108 dicit,
1165 5035 1278 5097 hoc
1302 5044 1411 5110 est,
1443 5054 1572 5110 vos,
1598 5037 1700 5118 qui
1725 5039 2023 5117 justiﬁca-

379 5122 454 5184 tis
483 5122 872 5204 vosmetipsos
903 5143 924 5185 :
945 5123 1084 5204 quia
1106 5124 1302 5186 nullus
1320 5124 1628 5186 hominum
1654 5137 1777 5190 erat
1800 5131 2017 5206 justus.

378 5211 555 5275 Venit
585 5211 768 5291 igitur
800 5231 1005 5274 vocare
1063 5223 1430 5294 peccatores,
1470 5234 1587 5276 non
1626 5225 1690 5278 ut
1748 5227 2025 5282 maneant

377 5313 745 5384 peccatores,
770 5304 873 5364 sed
908 5310 972 5363 ut
999 5301 1369 5383 resipiscant.

2122 2987 2268 3066 λόγῳ
2298 2988 2446 3063 μόνῳ
2477 2989 2836 3068 μεταστρέψαι
2868 2989 3046 3047 αὐτόν.

2210 3100 2232 3133 ι
2285 3079 2384 3135 Καὶ
2426 3077 2634 3156 ἐγένετο
2679 3079 2836 3137 αὐτοῦ
2891 3076 3233 3152 ἀνακειμένου
3270 3075 3323 3130 ἐν
3372 3080 3440 3151 τῇ
3488 3073 3644 3146 οἰκίᾳ,
3678 3071 3767 3128 καὶ

2121 3164 2226 3223 ἰδοὺ
2257 3164 2445 3223 πολλοὶ
2498 3165 2722 3224 τελῶναι
2781 3168 2866 3222 καὶ
2921 3163 3246 3243 ἁμαρτωλοὶ,
3280 3162 3513 3226 ἐλθόντες
3571 3182 3760 3220 συναν-

2121 3256 2322 3313 έκειντο
2351 3261 2428 3328 τῷ
2457 3255 2636 3323 Ἰησοῦ
2663 3258 2749 3312 καὶ
2782 3269 2898 3320 τοῖς
2945 3257 3213 3330 μαθηταῖς
3253 3252 3410 3310 αὒτοῦ
3442 3270 3456 3286 ⁸
3506 3251 3591 3306 καὶ
3619 3246 3760 3305 ἰδόν-

2116 3361 2203 3401 τε)
2248 3348 2294 3402 οἱ
2323 3353 2631 3424 Φαρισαῖοι,
2679 3345 2837 3403 εἷπον
2884 3356 3000 3407 τοϊς
3045 3346 3312 3418 μαθηταῖς
3363 3345 3516 3399 αὐτοῦ
3551 3361 3563 3374 ·
3615 3338 3764 3394 Διατί

2118 3436 2252 3511 μετὰ
2306 3436 2413 3490 τῶν
2467 3435 2710 3493 τελωνῶν
2744 3437 2829 3492 καὶ
2872 3431 3200 3512 ἁμαρτωλῶν
3249 3431 3402 3488 ἐσθίει
3435 3432 3462 3486 6
3511 3426 3762 3484 διδάσκα-

2117 3522 2208 3589 λος
2257 3523 2403 3598 ὑμῶν
2437 3546 2454 3597 ;
2505 3548 2534 3580 ι
2585 3524 3002 3605 Εὐφραινόμενος
3035 3525 3062 3578 6
3092 3521 3365 3584 Ματθιῖος
3419 3525 3488 3597 τῇ
3516 3526 3606 3575 τοῦ
3634 3524 3765 3605 Χρι-

2117 3620 2241 3669 στοῦ
2293 3611 2560 3694 ὑποδοχῇ,
2596 3604 2716 3677 τους
2765 3612 2995 3676 τελώνας
3043 3609 3283 3684 ἐκάλεσε,
3343 3614 3677 3665 συνεστιᾶται
3708 3604 3762 3662 δὲ

2119 3701 2301 3766 αὐτοῖς
2359 3705 2386 3759 6
2445 3706 2692 3783 Χριστὸς,
2767 3703 2901 3760 ὥστε
2957 3699 3230 3781 ὠφελῆσαι
3284 3699 3494 3766 αὐτοὺς,
3553 3695 3651 3754 κᾶν
3680 3695 3764 3753 διὰ

2115 3790 2269 3847 τοῦτο
2300 3791 2521 3870 ἐψέγετο
2557 3815 2571 3829 θ
2617 3796 2664 3849 οἱ
2708 3794 2808 3872 γὰρ
2851 3799 3163 3870 Φαρισαῖοι,
3195 3786 3435 3851 θέλοντες
3465 3787 3762 3854 ἀποστῆσαι

2115 3880 2271 3935 αὐτοῦ
2327 3882 2449 3943 τοὺς
2505 3881 2770 3956 μαθητὰς,
2830 3877 3103 3937 διέϐαλλον
3157 3880 3256 3947 τὴν
3286 3878 3422 3955 μετά
3457 3878 3565 3934 τῶν
3588 3875 3761 3934 τελω-

2114 3973 2218 4024 νῶν
2241 3969 2589 4029 συνεστίασιν.

2201 4081 2227 4113 α
2265 4047 2322 4115 Ὀ
2380 4056 2435 4114 δὲ
2491 4058 2697 4122 Ἰησοῦς
2742 4059 2994 4134 ἀκούσας,
3045 4062 3196 4116 εἶπεν
3240 4058 3446 4121 αὺτοῖς·
3484 4059 3556 4115 0ιῦ
3579 4058 3762 4138 χρείαν

2115 4145 2332 4226 ἔχουσιν
2362 4149 2408 4204 οἱ
2445 4148 2716 4227 ἰσχύοντες
2773 4150 2972 4225 ἰατροῦ,
3034 4144 3152 4204 ἀλλ’
3210 4150 3258 4204 οἱ
3305 4153 3483 4211 κακῶς
3517 4145 3758 4226 ἔχοντες.

2117 4237 2456 4315 Πορευθέντες
2507 4235 2562 4294 δὲ
2617 4240 2809 4314 μάθετε
2852 4239 2901 4294 τί
2944 4237 3053 4296 ἐστι
3100 4235 3161 4294 τό
3194 4254 3208 4268 ⁸
3247 4227 3452 4294 ’Ἔλεον
3483 4235 3640 4309 θέλω,
3677 4241 3762 4296 καὶ

2052 4327 2175 4415 Do")
2195 4327 2401 4415 θυσίαν.
2450 4327 2521 4385 Οὔ
2564 4328 2665 4408 γὰρ
2694 4327 2858 4396 ἦλθον
2894 4326 3113 4385 καλέσαι
3144 4325 3394 4415 δικαίους,
3421 4324 3555 4382 ἀλλὰ
3583 4328 3761 4403 ἀμαρ-

2115 4413 2315 4480 τωλούς
2376 4416 2449 4479 εἰς
2510 4417 2815 4493 μετάνοιαν,
2856 4438 2880 4474 ι
2947 4418 3054 4474 Οὐκ
3111 4414 3295 4492 ἦλθον,
3342 4417 3493 4496 φησὶ,
3555 4417 3641 4473 viis:
3689 4418 3762 4480 ὡς

2114 4506 2326 4583 κριτὴς,
2381 4505 2499 4562 ἀλλ’
2533 4509 2608 4570 ὡς
2661 4507 2858 4586 ἱάτρὸς,
2919 4504 3036 4562 ὅθεν
3063 4508 3152 4561 καὶ
3191 4503 3440 4570 δυσωδίας
3472 4504 3761 4586 ἀνέχομαι.

2115 4591 2367 4674 Ἐλέγχει
2396 4593 2451 4650 δὲ
2482 4596 2669 4659 αὐτοὺς
2713 4596 2801 4651 καὶ
2827 4596 2901 4658 ὡς
2951 4595 3202 4669 ἀμαθεῖς,
3229 4593 3400 4673 λέγων
3434 4610 3449 4625 ⁶
3488 4595 3761 4675 Πορευθένο

2113 4702 2201 4747 τες
2260 4683 2472 4759 μάθετε,
2534 4682 2826 4756 τουτέστιν,
2882 4683 2996 4740 ἐπεὶ
3035 4693 3198 4763 μέχρι
3233 4690 3326 4740 τοῦ
3357 4690 3444 4739 νῦν
3490 4684 3583 4739 οὐκ
3624 4682 3760 4758 ἰμά-

2111 4774 2250 4852 θετε,
2299 4771 2397 4829 κᾶν
2453 4772 2560 4829 ἀπὸ
2617 4781 2708 4831 τοῦ
2761 4780 2849 4830 νῦν
2901 4771 3158 4830 ἀπέλθετε
3201 4775 3290 4831 καὶ
3319 4773 3532 4852 μάθετε,
3565 4771 3645 4830 ὅτι
3670 4774 3762 4829 τὸν

2111 4861 2186 4925 εἰς
2240 4861 2361 4925 τοὺς
2416 4860 2761 4941 ἁμαρτωλοὺς
2837 4861 2985 4919 ἔλεον
3041 4869 3276 4942 προτιμᾷ
3326 4868 3431 4919 τῶν
3486 4864 3676 4919 θυσιῶν
3733 4864 3760 4918 ὁ

2110 4949 2264 5012 Θεός,
2297 4951 2368 5007 Τὸ
2422 4948 2500 5030 δὲ,
2533 4952 2641 5008 Οὔκ
2687 4949 2845 5019 ἦλθον
2898 4949 3118 5008 καλέσαι
3175 4950 3425 5024 δικαίους,
3484 4951 3760 5028 εἰρωνευό-

2107 5060 2268 5114 μενος
2325 5037 2493 5118 λέγει,
2544 5040 2808 5098 τουτέστιν
2879 5042 3012 5116 ὑμᾶς
3072 5041 3193 5106 τοὺς
3247 5038 3574 5104 δικαιοῦντας
3639 5039 3759 5096 ἑαυ-

2105 5128 2250 5204 τοὺς,
2303 5128 2417 5185 ἐπεὶ
2465 5128 2630 5194 οὐδεὶς
2687 5134 2792 5187 τῶν
2838 5131 3122 5211 ἀνθρώπων
3178 5131 3288 5187 ἐστὶ
3315 5129 3537 5195 δίκαιος.
3571 5119 3760 5187 Ἦλθον

2104 5220 2194 5282 οὖν
2253 5217 2475 5276 καλέσαι
2506 5219 2877 5300 ἁμαρτωλοὺς,
2937 5225 3041 5300 οὐχ
3096 5220 3187 5278 ἵνα
3230 5221 3477 5297 μείνωσιν
3511 5220 3760 5300 ἀμαρτω-

2104 5307 2212 5390 λοὶ,
2245 5306 2368 5365 ἀλλ’
2399 5308 2491 5366 ’ἕνα
2523 5311 2918 5386 μετανοήσωσι.
3244 5303 3252 5310 ’

458 5473 533 5551 (a)
570 5470 724 5535 Edit.
753 5472 888 5536 Lut.
931 5471 1184 5537 Videant
1213 5475 1597 5552 miraculum,
1643 5481 1977 5544 maximum
2013 5481 2258 5561 quidem
2281 5478 2552 5544 omnium
2585 5477 3036 5563 existimabant,
3066 5497 3296 5562 purum
3329 5485 3531 5542 tamen
3559 5477 3759 5541 homi-

373 5570 530 5630 nm.
