4118 6220
3668 275 3788 343 228

417 410 516 491 vit,
548 410 809 473 ostendit
840 428 907 471 se
921 409 1134 472 Dcum.
1166 411 1375 489 Arguit
1404 411 1580 489 igitur
1609 429 1711 471 cos
1741 411 1927 471 ferme
1971 411 2048 470 sic

2145 410 2394 472 δείκνυσιν
2451 418 2635 475 ἑαυτὸν
2687 417 2841 474 Θεόν.
2904 414 3155 494 Ἐλέγχει
3217 423 3340 492 γοῦν
3394 413 3577 476 αὖτοὺς
3618 409 3792 487 λέγων

412 499 620 560 dicens
655 518 668 558 :
698 498 816 560 Vos
848 499 1090 580 quidem
1121 500 1336 579 putatis
1390 519 1485 561 me
1517 500 1958 579 blasphemum,
1993 521 2048 560 ec

2145 506 2358 560 τοιαῦτα
2392 520 2406 534 ’
2473 496 2658 580 ἰ’μετς
2713 506 2812 579 μὲν
2873 504 3111 579 νομίζετέ
3189 524 3255 576 με
3316 501 3659 580 βλασφημον,
3720 502 3792 564 ὡς

411 588 566 669 quod
603 588 887 668 pollicear
916 607 1012 650 me
1042 589 1348 650 remittere
1379 598 1639 668 peccata,
1666 589 1722 648 id
1757 588 1910 668 quod
1941 605 2048 649 ma-

2145 593 2514 672 ίιποσχόμενον
2557 591 2764 672 ἀφιέναι
2822 593 3100 670 ἁμαρτίας,
3161 591 3290 670 ὅπερ
3328 591 3464 668 μέγα
3496 589 3592 665 μέν
3618 592 3734 645 ἐστι
3769 607 3787 624 ⁸

410 695 590 756 gnum
624 677 865 756 quidem
891 687 977 736 cst
1003 698 1019 753 ;
1053 678 1292 738 videtur
1320 687 1514 738 autem
1540 676 1702 737 vobis
1731 677 1888 757 quod
1949 695 2048 754 ego

2145 679 2344 736 δοκεῖτε
2402 680 2456 737 δέ
2513 704 2578 757 με
2624 684 2695 744 εἷς
2739 685 2890 738 τοῦτο
2932 682 3279 760 καταφεύγειν
3311 682 3384 742 ὡς
3430 680 3490 734 ἃν
3522 681 3600 752 μὴ
3630 675 3788 754 ἐλεγ-

407 785 514 846 per
537 767 648 826 hoc
680 765 960 844 etlugium
1015 784 1274 845 quantum
1336 776 1399 827 ut
1457 785 1574 826 non
1625 766 2048 845 reprehendar.

2145 774 2256 848 χθῶ
2346 769 2488 849 Ἐγὼ
2571 771 2625 828 δὲ
2714 772 2773 828 ἐκ
2857 775 2954 837 τῆς
3031 778 3123 828 τοῦ
3205 771 3451 844 σώματος
3512 766 3791 844 θεραπείας

409 857 529 934 Ego
562 855 741 933 igitur
773 864 830 915 et
857 873 924 914 ex
959 855 1227 933 corporis
1262 873 1404 916 cura
1435 855 1613 915 fidem
1680 853 1844 914 vobis
1901 854 2048 916 facio

2145 860 2470 935 πιστώσομαι
2526 863 2611 918 καὶ
2654 862 2752 928 τὴν
2796 866 2895 927 τῆς
2960 864 3169 939 ψυχῆς,
3229 857 3312 916 διὰ
3363 860 3456 914 106
3499 855 3781 919 ἐλάττονος

403 944 560 1025 quod
591 943 819 1004 animas
849 961 1050 1003 sanem
1091 963 1104 1004 :
1142 946 1256 1005 Per
1288 962 1415 1004 rem
1453 943 1742 1005 minorem
1784 942 2048 1022 quidem,

2145 949 2257 1021 μὲν,
2315 947 2702 1028 δυσκολωτέρου
2761 947 2814 1004 δὲ
2895 947 3196 1027 δοκοῦντος,
3251 945 3476 1023 βεϐαιῶν
3531 947 3618 1001 καὶ
3687 943 3788 1010 τὴν

403 1033 508 1094 sed
542 1050 671 1112 quae
702 1031 1000 1092 difﬁcilior
1023 1031 1686 1104 videatur,conﬁrmans
1713 1041 2048 1112 etpeccato.

2145 1042 2241 1090 τῶν
2296 1036 2565 1114 ἁμαρτιῶν
2625 1036 2830 1117 ἄφεσιν,
2885 1036 3000 1104 ἥτις
3055 1035 3267 1114 μεγάλη
3298 1035 3418 1111 μὲν,
3456 1031 3787 1110 εὖκολωτέρα

401 1133 592 1183 torum
616 1120 1198 1201 remissionem,quae
1217 1140 1425 1200 magna
1448 1121 1689 1202 quidem
1716 1122 1941 1200 est,sed
1969 1122 2048 1183 fa-

2145 1123 2183 1178 3‘3
2214 1127 2340 1201 ὑμῖν
2372 1124 2520 1182 δοκεῖ
2565 1124 2648 1184 διὰ
2679 1129 2739 1182 τὸ
2769 1125 2976 1206 ἀφανὴς
3008 1125 3176 1187 εἶναι.

399 1209 572 1272 cilior
601 1207 762 1268 vobis
792 1209 1051 1288 videtur,
1086 1228 1154 1270 eo
1181 1211 1336 1289 quod
1367 1209 1561 1270 minus
1596 1219 1896 1290 appareat.

479 1299 1150 1361 Vtins.6-8.cUtautem
1183 1298 1383 1360 sciatis
1402 1299 1558 1379 quod
1581 1307 1926 1378 potestatem
1951 1300 2050 1360 ba-

422 276 540 342 297
1374 281 1479 346 ΤΗ
1489 268 1966 345 EOPHYLACTI
2009 277 2418 346 BULGARLE
2462 281 2816 347 ARCHIEP.

2221 1321 2248 1360 ε
2287 1292 2415 1360 ’Ίνα
2447 1302 2500 1359 δὲ
2533 1301 2726 1384 εἰδῆτε,
2757 1303 2835 1359 ὅτι
2860 1301 3092 1368 ἐξουσίαν
3123 1303 3240 1381 ἔχει
3266 1302 3293 1356 ὁ
3318 1300 3436 1362 Υίὸς
3468 1306 3558 1356 106
3588 1298 3783 1376 ἂνθρω-

402 1387 724 1449 beatFilius
744 1386 1002 1447 hominis
1019 1407 1198 1467 super
1219 1397 1432 1450 tc-rram
1456 1388 1764 1449 romittere
1782 1396 2043 1468 peccata,

396 1484 535 1538 tunc
557 1476 700 1538 dicit
725 1475 1282 1556 paralytico,Surgc:
1318 1486 1374 1537 et
1397 1478 1538 1537 tolle
1584 1479 1804 1538 lectum
1859 1485 2048 1553 tuum,

398 1574 455 1626 et
488 1564 627 1624 vadc
656 1565 717 1624 in
743 1564 984 1624 domum
1018 1573 1198 1625 tuam.
1238 1567 1628 1644 Surrexitque
1664 1565 1765 1626 ille
1798 1575 1856 1625 et
1906 1567 2053 1626 abiit

2135 1413 2238 1447 που
2269 1391 2352 1447 ἐπὶ
2383 1397 2481 1459 τῆς
2511 1395 2614 1469 γῆς
2645 1393 2851 1470 ἀφιέναι
2881 1392 3160 1466 ἁμαρτίας,
3184 1391 3304 1446 τότε
3335 1387 3475 1466 λέγει
3506 1391 3583 1460 τῷ
3609 1407 3782 1464 παρα-

2135 1478 2334 1553 λυτικῷ
2369 1498 2387 1517 ·
2419 1479 2704 1560 Ἐγερθεὶς,
2751 1481 2876 1558 ἆρόν
2935 1503 3028 1537 σου
3080 1482 3180 1546 τὴν
3209 1477 3419 1544 κλίνην.
3465 1477 3553 1533 καὶ
3609 1474 3778 1552 ὕπαγε

2136 1571 2208 1630 εἷς
2253 1571 2340 1625 τὸν
2398 1570 2553 1627 οἶκόν
2611 1592 2725 1629 σου.
2793 1571 2891 1626 Καὶ
2956 1568 3204 1647 ἐγερθεὶς,
3265 1565 3499 1634 ἀπῆλθεν
3548 1565 3622 1627 εὶς
3691 1565 3782 1618 τὸν

397 1655 457 1715 in
480 1655 718 1714 domum
743 1672 936 1714 suam.
959 1653 1030 1716 Et
1048 1673 1179 1715 cum
1204 1654 1490 1715 vidissent
1512 1654 1720 1727 turbas,
1745 1655 2048 1716 admiratae

2145 1661 2284 1714 πῖκον
2328 1659 2392 1714 αὖ
2457 1659 2483 1671 ”
2561 1659 2575 1683 ⁹
2614 1659 2665 1680 “’
2842 1657 2883 1676 ’⁵⁸
3007 1656 3042 1691 "-
3186 1661 3196 1676 '
3292 1657 3303 1675 '
3611 1655 3623 1670 ‘
3690 1651 3780 1696 "-

2395 1682 2506 1720 του.
2589 1671 2785 1724 ιοοντες
2837 1677 2890 1714 οε
2921 1662 2968 1714 οἱ
2997 1681 3025 1714 0
3033 1664 3154 1736 χλοι
3188 1661 3508 1731 εθαυμασαν,
3540 1676 3628 1709 και
3658 1653 3743 1709 ἐοο

396 1752 532 1804 sunt
559 1751 614 1802 et
646 1741 1124 1819 gloriﬁcaverunt
1159 1744 1478 1823 Deutn,qui
1510 1743 1675 1803 dedit
1708 1744 2048 1805 hominibus

395 1839 746 1913 potestatem
773 1831 972 1891 talem.
1008 1855 1030 1888 ι)
1064 1831 1322 1910 lnjunxit
1355 1834 1412 1894 ei
1444 1833 1743 1893 utlectum
1766 1841 2044 1912 gestaret,

2135 1745 2292 1811 ξασαν
2347 1750 2439 1804 τὸν
2484 1753 2614 1806 Θεὸν
2689 1751 2779 1804 τὸν
2853 1746 3008 1804 δύντα
3085 1746 3316 1812 ἐξουσίαν
3358 1744 3609 1809 τοιαύτην
3664 1754 3780 1805 τοῖς

2134 1836 2447 1916 ἀνθρώποις,
2487 1862 2514 1892 »
2565 1837 2886 1917 Προσέταξεν
2919 1837 3060 1893 αὐτῶ
3097 1837 3194 1902 τὴν
3252 1833 3436 1899 κλίνην
3495 1831 3777 1908 βαστάσαι,

393 1929 454 1983 ut
483 1939 553 1980 ne
586 1920 897 2000 phantasia
949 1920 1236 1992 videatur,
1272 1931 1330 1982 et
1355 1930 1415 1984 ut
1455 1922 1642 1982 turbae
1672 1922 1876 1995 simul,
1913 1940 2046 2003 quae

2145 1924 2226 1982 ίνα
2266 1926 2343 2001 μὴ
2387 1930 2643 2004 φαντασία
2685 1926 2832 2004 δόξῃ,
2894 1927 2982 1982 καὶ
3041 1926 3153 2000 ἅμα
3205 1923 3297 1978 ἵνα
3325 1921 3512 1978 ’ίδωσιν
3545 1921 3592 1977 οἱ
3622 1918 3781 1999 ὄχλοι

395 2010 712 2072 maximum
728 2009 966 2088 quidem
987 2025 1083 2070 om
1095 2008 1507 2088 nium,purum
1533 2020 1727 2072 tamen
1743 2011 2045 2073 hominem

2145 2012 2193 2069 εδ
2233 2029 2487 2094 σημεῖον,
2568 2017 2622 2073 οῗ
2697 2018 2769 2079 ὡς
2849 2014 3006 2090 ψιλὸν
3063 2014 3160 2088 μὲν
3213 2013 3482 2090 ἄνθρωπον
3539 2009 3782 2084 ἐνόμιζον

396 2099 700 2180 putabant,
741 2097 1090 2159 miraculum
1125 2099 1493 2161 intueantur.

479 2187 735 2250 Vsus.9.
774 2186 878 2247 «Et
907 2187 1433 2263 praeterienslosus
1457 2190 1549 2249 45
1571 2189 1914 2265 illinc,vidit
1939 2191 2049 2250 ho-

411 2278 629 2339 minem
645 2275 947 2336 sedentem
965 2277 1020 2336 in
1040 2277 1707 2358 telonio,quii\latthaaus
1720 2278 2048 2340 dicebatur:

409 2376 466 2431 et
503 2365 648 2426 dicit
678 2363 785 2438 illi,
834 2365 1103 2443 Sequere
1153 2384 1267 2425 me.
1305 2367 1378 2426 Et
1405 2383 1654 2445 surgens
1697 2376 1938 2427 secutus
1969 2366 2059 2428 est

407 2473 569 2520 eum.
604 2476 633 2512 ι
669 2452 798 2515 Non
819 2471 951 2513 cum
980 2455 1149 2514 Petro
1184 2456 1489 2516 etJoanne
1512 2456 1671 2516 hunc
1696 2455 2052 2535 vocavit,sed

407 2543 645 2626 quando
676 2541 819 2603 vidit
850 2541 1527 2622 obtemperaturum.Sic
1557 2553 1614 2606 et
1644 2543 1890 2605 Paulum
1946 2563 2049 2606 vo-

406 2635 553 2696 cavit
586 2639 789 2711 postea
827 2648 934 2709 suo
967 2638 1260 2710 tempore.
1289 2632 1600 2696 Admirare
1623 2642 1818 2694 autem
1864 2652 2046 2694 evan-

406 2723 700 2803 gelistam,
733 2719 1028 2800 quomodo
1067 2720 1240 2780 vitam
1275 2739 1438 2782 suam
1473 2721 1756 2802 invulgat,
1788 2723 2057 2803 quamvis

405 2811 504 2874 alii
533 2827 748 2870 nomen
773 2807 900 2886 ejus
923 2808 1323 2890 occultarunt,
1351 2829 1484 2871 eum
1517 2811 2051 2890 appellantesLevi.

407 2897 510 2960 Dei
532 2905 726 2958 autem
760 2913 908 2976 opus
935 2895 1060 2974 fnit,
1089 2897 1216 2958 solo
1249 2897 1426 2959 verbo
1450 2917 1584 2960 eum
1617 2901 1902 2960 converti.

489 3076 667 3136 Vens.
706 3077 797 3154 IO,
828 3075 925 3136 11.
965 3097 988 3130 c
1014 3072 1084 3134 Et.
1101 3073 1315 3136 factum
1351 3083 1438 3138 est
1459 3074 1558 3135 illo
1580 3076 2050 3141 recumbentein

407 3164 752 3234 domo,ecce
778 3162 944 3223 multi
970 3162 1266 3242 publicani
1286 3173 1344 3225 et
1361 3173 1704 3245 peccatores
1730 3177 2046 3248 venerunt,

407 3261 466 3316 et
495 3252 1045 3313 recubueruntcnm
1068 3253 1206 3314 .Iesu
1227 3262 1284 3313 et
1313 3253 1622 3333 discipulis
1655 3255 1880 3334 ejus.Et
1913 3275 2046 3318 cum

404 3342 693 3403 vidissent
726 3340 1030 3415 Pharisaei,
1066 3340 1667 3422 dixeruutdiscipulis
1705 3345 1873 3423 ejus:
1932 3348 2050 3408 Cur

405 3449 538 3492 cum
573 3427 906 3510 publicanis
929 3436 987 3488 et
1019 3429 1427 3507 peccatoribus
1447 3431 1627 3492 sumit
1656 3432 1856 3493 cibum
1891 3453 2047 3514 prae-

403 3530 608 3599 ceptor
628 3528 821 3581 vester
846 3519 870 3582 ?
891 3541 919 3580 ι
954 3520 1541 3584 GaudensMattbzeus
1561 3525 1719 3604 quod
1751 3526 1822 3586 ad
1856 3545 1920 3588 se
1949 3527 2046 3587 di-

403 3612 677 3674 vertisset
725 3611 917 3690 Jesus,
952 3610 1302 3690 publicanos
1325 3611 1472 3672 alios
1496 3614 1744 3676 vocavit.
1782 3614 2049 3677 Christus

403 3710 598 3763 autem
630 3698 809 3760 simul
840 3697 1187 3761 vescebatur
1216 3717 1351 3761 cum
1384 3702 1490 3772 eis,
1529 3708 1594 3761 ut
1622 3702 1708 3762 eis
1742 3704 2050 3781 prodesset

404 3786 637 3851 tametsi
668 3795 909 3867 propter
936 3787 1047 3848 hoc
1080 3787 1232 3848 male
1262 3787 1514 3850 audiret.
1549 3790 1829 3852 Pharisaei
1859 3791 2043 3869 enim,

401 3877 666 3940 volentes
697 3875 1022 3957 discipulos
1044 3875 1117 3937 ab
1149 3894 1220 3938 eo
1242 3876 1524 3954 avellere,
1550 3879 1910 3942 accusabant
1933 3900 2044 3961 pu-

403 3965 771 4028 blicanorum
804 3964 1161 4028 convivium.

2135 2103 2312 2178 αὒτὸν,
2347 2105 2618 2184 κρείττονα
2651 2105 2828 2180 μέντοι
2858 2106 3092 2163 πάντων.

2220 2215 2246 2245 α
2297 2195 2396 2250 Καὶ
2424 2194 2679 2272 παράγων
2721 2195 2748 2250 ὀ
2801 2192 3006 2260 ἰησοῦς
3055 2191 3282 2264 ἐκεῖθεν,
3337 2189 3480 2246 εἷδεν
3510 2189 3781 2266 ἄνθρωπον

2137 2283 2436 2356 καθήμενον
2518 2282 2603 2338 ἐπὶ
2673 2285 2734 2338 τὸ
2803 2281 3075 2360 τελώνιον,
3154 2283 3424 2336 Ματθαῐον
3466 2277 3776 2355 λεγόμενον,

2141 2372 2224 2426 κοί
2253 2369 2395 2448 λέγει
2428 2373 2569 2444 αὐτῷ
2604 2391 2617 2405 ⁶
2651 2370 2949 2428 Ἀκολούθει
2980 2393 3094 2445 μοι.
3131 2371 3228 2427 Καὶ
3277 2368 3504 2430 ἀναστὰς
3547 2363 3778 2433 ἠκολού-

2139 2463 2300 2526 θησεν
2335 2461 2496 2532 αὐτῷ.
2557 2482 2579 2516 ι
2636 2461 2706 2517 06
2756 2460 2892 2534 μετᾶ
2936 2458 3133 2537 Πέτρου
3174 2458 3258 2513 καὶ
3299 2455 3542 2514 Ἰωάννου
3596 2461 3778 2510 τοῦτον

2139 2546 2410 2628 ἱκαλεσεν,
2471 2546 2588 2604 ἀλλ’
2672 2547 2758 2604 ὅτε
2816 2546 2930 2624 ᾔδει
3001 2546 3441 2621 πεισθησόμενον.
3488 2542 3639 2601 Οὕτω
3679 2543 3780 2620 γὰρ

2138 2638 2226 2693 καὶ
2283 2636 2488 2694 Παῦλον
2545 2636 2790 2694 ἐκάλεσεν
2844 2637 3058 2715 ὕστερον
3116 2633 3203 2690 ὅτε
3258 2634 3439 2712 καιρὸς
3483 2632 3574 2700 ἧν.
3634 2631 3780 2688 Θαύ-

2140 2747 2308 2801 μασον
2377 2725 2431 2781 δὲ
2500 2729 2591 2783 τὸν
2649 2724 3054 2805 εὖαγγελιστὴν,
3112 2729 3224 2788 πῶς
3309 2721 3633 2797 ἐκπομπεύει
3689 2722 3782 2775 τὸν

2137 2817 2320 2871 ἑαυτοῦ
2349 2816 2486 2891 βίον,
2538 2817 2707 2872 καίτοι
2763 2817 2810 2870 οἱ
2866 2813 3018 2872 ἄλλοι
3056 2812 3284 2891 ἔκρυψαν
3311 2815 3373 2867 τὸ
3402 2810 3568 2885 ὄνομα
3601 2811 3780 2887 αὺτοῦ,

2071 2922 2112 2973 c
2142 2908 2269 2959 Λευὶ
2327 2906 2844 2982 προσαγορεύσαντες
2924 2903 3117 2959 αὐτόν*
3179 2909 3308 2957 Θεοῦ
3362 2899 3414 2955 δὲ
3469 2897 3643 2977 ἔργον,
3703 2904 3780 2970 τῷ

2138 2991 2282 3070 λόγῳ
2313 2991 2460 3067 μόνῳ
2492 2993 2850 3072 μεταστρέψαι
2882 2991 3061 3051 αὐτόν.

2225 3104 2247 3136 ε
2300 3082 2398 3138 Καὶ
2441 3081 2649 3159 ἐγένετο
2694 3083 2850 3140 αὐτοῦ
2905 3079 3247 3154 ἀνακειμένου
3284 3079 3337 3134 ἐν
3386 3083 3454 3154 τῇ
3501 3077 3657 3148 οἰκία,
3691 3075 3780 3131 καὶ

2135 3168 2241 3227 ἰδοὺ
2271 3168 2459 3227 πολλοὶ
2512 3169 2736 3227 τελῶναι
2795 3172 2881 3226 καὶ
2935 3167 3259 3247 ἁμαρτωλοὶ,
3294 3166 3526 3230 ἐλθόντες
3583 3186 3774 3223 συναν-

2136 3259 2336 3317 έκειντο
2365 3265 2443 3332 τῷ
2473 3258 2650 3327 Ἰησοῦ
2677 3262 2763 3315 καὶ
2796 3272 2913 3323 τοῖς
2958 3260 3227 3334 μαθηταῖς
3267 3256 3424 3314 αὒτοῦ
3456 3274 3470 3290 ⁸
3520 3255 3604 3309 καὶ
3632 3249 3776 3308 ἰδόν-

2131 3364 2217 3404 τε)
2263 3351 2309 3406 οἱ
2338 3356 2646 3428 Φαρισαῖοι,
2693 3349 2852 3406 εἷπον
2898 3359 3014 3410 τοῖς
3059 3349 3326 3422 μαθηταῖς
3377 3349 3531 3403 αὐτοῦ
3565 3365 3578 3378 ·
3630 3342 3779 3398 Διατί

2133 3440 2266 3514 μετὰ
2321 3439 2428 3494 τῶν
2481 3439 2725 3496 τελωνῶν
2758 3440 2844 3496 καὶ
2886 3435 3213 3515 ἁμαρτωλῶν
3263 3435 3476 3491 ἐσθίειὸ
3526 3431 3777 3489 διδάσκα-

2131 3525 2222 3592 λος
2271 3527 2418 3601 ὑμῶν
2452 3549 2469 3600 ;
2519 3550 2548 3584 ι
2599 3528 3016 3608 Εὐφραινόμενος
3049 3528 3076 3582 ὁ
3107 3524 3378 3588 Ματθαῖος
3433 3529 3502 3600 τῇ
3530 3530 3621 3579 τοῦ
3648 3529 3780 3601 Χρι-

2131 3624 2255 3672 στοῦ
2307 3615 2574 3696 ὑποδοχῇ,
2610 3619 2729 3680 τοὺς
2779 3616 3009 3680 τελώνας
3057 3613 3297 3688 ἐκάλεσε,
3356 3617 3692 3669 συνεστιᾶται
3723 3608 3778 3667 δὲ

2133 3705 2315 3770 αὐτοῖς
2373 3709 2401 3762 ὁ
2460 3709 2706 3785 Χριστὸς,
2781 3706 2915 3763 ὥστε
2971 3703 3244 3785 ὠφελῆσαι
3298 3703 3508 3770 αὐτοὺς,
3567 3700 3665 3758 κᾶν
3695 3699 3778 3757 διὰ

2129 3794 2284 3850 τοῦτο
2315 3794 2535 3872 ἑψέγετο
2571 3819 2585 3832 ο
2630 3799 2679 3852 οἱ
2722 3797 2823 3875 γὰρ
2865 3802 3178 3873 Φαρισαῖοι,
3209 3790 3449 3854 θέλοντες
3479 3791 3776 3857 ἀποστῆσαι

2130 3883 2285 3939 αὐτοῦ
2342 3885 2464 3946 τοὺς
2519 3885 2784 3959 μαθητὰς,
2844 3881 3118 3940 διέϐαλλον
3171 3883 3270 3951 τὴν
3300 3882 3435 3958 μετὰ
3471 3881 3579 3938 τῶν
3602 3879 3775 3937 τελω-

2128 3977 2232 4027 νῶν
2255 3972 2603 4032 συνεστίασιν.

485 4053 660 4117 VERS.
697 4053 903 4134 £2,13.
944 4074 966 4104 ι
995 4051 1192 4128 Jesus,
1224 4055 1324 4117 ubi
1355 4054 2045 4130 audivit,dixitillis:Non

2215 4083 2242 4116 α
2280 4051 2336 4118 Ὀ
2395 4059 2449 4118 δέ
2505 4060 2711 4126 Ἰησοῦς
2756 4063 3008 4138 ἀκούσας,
3060 4065 3210 4119 εἶπεν
3255 4062 3460 4124 αὐτοῖς’
3497 4063 3569 4119 06
3594 4062 3776 4141 χρείαν

399 4163 549 4228 opus
580 4143 798 4205 hadent
829 4143 870 4204 ii
895 4143 996 4224 qui
1039 4144 1254 4224 valent,
1291 4146 1544 4218 medico,
1581 4147 1684 4208 sed
1721 4149 1874 4210 male
1931 4151 2041 4211 ha-

2145 4150 2346 4229 ίχουσιν
2376 4153 2422 4207 οἱ
2459 4151 2730 4230 ἰσχύοντες
2787 4153 2986 4228 ἱατροῦ,
3048 4148 3166 4207 ἀλλ’
3224 4154 3271 4207 οἱ
3319 4157 3497 4214 κακῶς
3531 4149 3772 4230 ἔχοντες.

400 4234 722 4296 bentes.lte
753 4241 1040 4300 autem,et
1070 4233 1280 4296 discite
1302 4235 1441 4315 quid
1466 4235 2044 4308 sit.Misericordiam

2145 4239 2470 4318 Πορευθέντες
2521 4239 2576 4296 δὲ
2631 4243 2823 4317 μάθετε
2866 4242 2915 4298 τί
2958 4241 3067 4299 ἐστι
3114 4238 3175 4297 τό
3208 4257 3222 4271 '
3261 4230 3466 4298 ἻΕλεον
3497 4239 3654 4313 θέλω,
3691 4245 3776 4300 καὶ

399 4324 553 4398 volo,
587 4332 646 4384 et
678 4342 794 4384 non
848 4323 1230 4386 sacriﬁcium.
1265 4323 1394 4386 Non
1427 4325 1586 4386 enim
1641 4327 1772 4387 veni
1834 4347 2045 4390 vocare

2145 4330 2189 4385 >6
2209 4331 2416 4418 θυσίαν.
2464 4330 2536 4388 O6
2578 4331 2678 4410 γὰρ
2709 4330 2871 4400 ἦλθον
2908 4329 3127 4388 καλέσαι
3158 4328 3408 4403 δικαίους,
3435 4328 3569 4386 ἄλλα
3597 4332 3775 4406 ἆμαρ-

392 4412 721 4500 justos,sed
751 4425 1092 4492 peccatores
1112 4413 1184 4474 ad
1209 4415 1642 4494 paenitentiam.
1673 4437 1695 4465 ι
1715 4416 1842 4479 Non
1884 4420 2041 4492 veni,

2145 4416 2329 4483 πωλοῦς
2390 4419 2462 4482 εἷς
2524 4421 2829 4496 μετάνοιαν,
2869 4442 2894 4477 ε
2961 4421 3068 4477 Οὐκ
3125 4417 3310 4494 ἦλθον,
3357 4421 3508 4500 φησὶ,
3569 4421 3655 4476 νῦν
3703 4422 3777 4484 ὡς

395 4499 778 4590 inquit,nunc
795 4509 1068 4590 tanquam
1088 4501 1401 4579 judex,sed
1424 4513 1487 4565 ut
1509 4505 1964 4569 medicuszunde
1989 4515 2046 4569 et

2145 4509 2339 4586 ιριτὴς,
2394 4507 2514 4566 ἀλλ’
2547 4511 2622 4573 ὡς
2675 4510 2871 4588 ἱάτρὸς,
2933 4507 3050 4565 ὅθεν
3078 4510 3166 4564 καὶ
3205 4499 3454 4573 δυσωδίας
3487 4508 3776 4590 ἀνέχομαι.

396 4589 667 4652 faetorem
697 4589 1067 4669 fero.Arguit
1095 4599 1293 4654 autem
1327 4591 1464 4654 illos
1483 4602 1544 4655 ut
1575 4593 1910 4676 imperitos,
1945 4596 2042 4658 di-

2149 4594 2381 4677 Ελέγχει
2410 4596 2465 4654 δὲ
2496 4598 2684 4662 αὐτοὺς
2727 4599 2815 4654 καὶ
2841 4599 2914 4661 ὡς
2964 4598 3216 4672 ἀμαθεῖς,
3243 4596 3415 4676 λέγων
3449 4613 3464 4629 ⁸
3502 4599 3776 4678 Πορευθένο

396 4681 747 4759 cens,lte,et
768 4678 1001 4761 discite,
1033 4680 1145 4742 hoc
1167 4689 1278 4757 est,
1311 4683 1450 4762 quia
1477 4683 1765 4746 hactenus
1795 4704 1914 4748 non
1945 4685 2042 4747 di-

2145 4706 2214 4750 τες
2274 4687 2486 4762 μάθετε,
2547 4686 2840 4758 τουτέστιν,
2895 4686 3009 4743 ἐπεὶ
3048 4697 3212 4766 μέχρι
3247 4694 3340 4743 τοῦ
3371 4694 3458 4743 νῦν
3505 4687 3598 4743 οὒκ
3639 4687 3776 4762 ἐμά-

395 4769 647 4840 dicistis,
686 4769 775 4831 vel
802 4768 1008 4831 saltem
1033 4789 1190 4831 nunc
1225 4772 1303 4832 ite
1338 4780 1394 4832 et
1423 4771 1657 4853 discite,
1697 4775 1852 4855 quod
1888 4774 2044 4837 Deus

2145 4783 2264 4855 lus,
2313 4774 2412 4833 κᾶν
2468 4775 2574 4833 ἀπὸ
2630 4784 2721 4834 τοῦ
2775 4783 2862 4833 νῦν
2915 4774 3171 4833 ἀπέλθετε
3215 4779 3303 4833 καὶ
3333 4778 3548 4857 μάθετε,
3580 4775 3660 4834 ὅτι
3685 4779 3778 4833 τὸν

396 4858 581 4940 pluris
612 4858 747 4920 facit
773 4859 1241 4921 misericordiam
1266 4860 1326 4921 in
1360 4870 1907 4944 peccatores,quam
1941 4884 2041 4927 sa-

2145 4865 2200 4929 ιῖς
2255 4865 2375 4928 τοὺς
2431 4863 2775 4945 ἁμαρτωλοὺς
2851 4864 2998 4922 ἔλεον
3055 4872 3290 4944 προτιμᾷ
3340 4872 3446 4922 τῶν
3501 4869 3692 4923 θυσιῶν
3749 4869 3776 4922 ὁ

393 4947 708 5010 criﬁcium.
744 4947 909 5019 Quod
942 4955 1138 5008 autem
1171 4947 1334 5028 dicit,
1363 4953 1495 5012 Non
1529 4950 1662 5014 veni
1697 4970 1909 5015 vocare
1933 4954 2039 5034 ju-

2145 4953 2278 5016 Dedc.
2311 4954 2382 5011 Τὸ
2437 4951 2515 5034 δὲ,
2548 4955 2655 5012 Οὐκ
2701 4953 2859 5022 ἦλθον
2912 4951 3131 5011 καλέσαι
3189 4953 3440 5028 δικαίους,
3498 4956 3775 5032 εἰρωνευό-

393 5045 537 5113 stos,
574 5054 681 5117 per
699 5037 948 5098 ironiam
981 5037 1146 5111 dicit,
1179 5038 1292 5099 hoc
1315 5047 1425 5113 est,
1458 5057 1586 5113 vos,
1612 5040 1713 5122 qui
1739 5042 2037 5121 justitica-

2145 5064 2282 5106 ιενος
2339 5041 2507 5121 λέγει,
2558 5043 2822 5101 τουτέστιν
2893 5045 3026 5120 ὑμᾶς
3086 5045 3206 5108 τοὺς
3260 5041 3588 5108 δικαιοῦντας
3654 5043 3774 5100 ἑαυ-

393 5124 468 5214 tis
497 5125 886 5206 vosmetipsos
917 5146 937 5187 :
959 5125 1098 5207 quia
1121 5127 1317 5190 nullus
1335 5127 1642 5190 hominum
1668 5141 1790 5194 erat
1814 5135 2031 5210 justus.

2145 5133 2264 5207 εοὺς,
2317 5131 2430 5189 ἐπεὶ
2479 5131 2643 5197 οὐδεὶς
2701 5137 2805 5190 τῶν
2852 5135 3136 5214 ἀνθρώπων
3191 5134 3302 5190 ὶστὶ
3328 5132 3550 5198 δίκαιος.
3586 5122 3774 5191 Ἦλθον

392 5213 569 5278 Venit
599 5214 782 5295 igitur
815 5233 1019 5277 vocare
1077 5227 1444 5297 peccatores,
1484 5238 1601 5280 non
1639 5228 1704 5282 ut
1761 5231 2038 5286 maneant

2145 5224 2208 5280 ὗν
2267 5221 2489 5280 καλέσαι
2519 5222 2891 5303 ἁμαρτωλοὺς,
2948 5213 3054 5303 οὐχ
3109 5223 3200 5280 ’ίνα
3244 5224 3490 5300 μείνωσιν
3523 5223 3774 5302 ἀμαρτω-

391 5316 758 5386 peccatores,
785 5305 888 5367 sed
923 5313 986 5366 ut
1013 5305 1383 5387 resipiscant.

2145 5315 2226 5393 .01,
2259 5310 2380 5369 ἀλλ’
2413 5311 2504 5369 ’ίνα
2536 5313 2931 5389 μετανοήσωσι.
3257 5306 3265 5312 ’

387 5477 547 5632 ηδε)
583 5473 738 5538 Edit.
766 5475 903 5539 Lut.
947 5475 1199 5540 Videant
1227 5477 1611 5555 miraculum,
1657 5485 1991 5546 niaximum
2027 5484 2272 5564 quidam
2295 5481 2565 5547 omnium
2599 5480 3049 5565 existimabant,
3079 5498 3309 5564 purum
3342 5487 3543 5544 tamen
3571 5480 3772 5545 homi-
