4118 6220
484 322 601 389 239
1450 308 2036 381 THEOPAYLACTI
2079 298 2485 375 BULGARLE
2530 298 2885 376 ARCHIEP.
3740 311 3858 376 240

483 454 731 518 serpens
759 435 821 497 in
851 443 1101 514 augusto
1132 432 1386 515 quodam
1409 431 1700 492 foramine
1717 430 2110 492 circumstrin-

2203 434 2287 487 καὶ
2344 430 2769 513 διεξερχόμενος,
2803 432 3082 491 ἀποδύεται
3112 435 3174 491 τὸ
3217 438 3445 491 παλαιὸν
3491 435 3677 513 δέρμα,
3714 434 3851 491 οὕτω

481 526 564 605 git
598 544 686 601 se,
721 537 781 588 et
809 523 1104 585 transiens
1135 522 1349 603 pellem
1381 529 1639 581 veterem
1683 519 2003 599 exspoliat:
2040 522 2110 581 ita

2203 522 2286 575 καὶ
2336 522 2500 595 ἡμεῖ)
2529 520 2612 578 διὰ
2642 520 2738 589 τῆς
2780 528 2976 588 στενῶς
3002 522 3121 581 ὁδοῦ
3170 522 3458 595 ὁδεὺοντες,
3502 525 3594 579 τὸν
3623 521 3851 579 παλαιὸν

482 623 543 679 et
574 634 679 678 nos
710 633 816 696 per
843 617 1150 691 angustam
1183 610 1333 671 viam
1366 610 1736 681 ineedamns,
1778 617 2110 671 utveterem

2203 607 2545 685 ἂποδυώμεθα
2600 610 2892 689 ἄνθρωπον.
2974 611 3123 670 Ἐπεὶ
3166 610 3219 669 δὲ
3251 616 3279 669 ὁ
3331 611 3448 691 ὅφις
3479 612 3573 668 καί
3618 610 3847 687 βλαπτι-

481 723 764 769 exnamns
809 702 1137 765 hominem.
1170 699 1592 761 Verumtamen
1618 698 1754 776 quia
1784 706 1841 758 et
1869 715 2117 779 serpens

481 794 721 856 nocivns
752 802 863 871 est,
888 788 1061 870 jubet
1089 807 1196 849 nos
1220 787 1520 867 simplices
1542 804 1695 855 esse,
1718 786 1828 845 hoc
1858 796 1968 861 est,
1995 787 2118 847 siu-

480 901 669 955 ceros,
704 890 763 943 et
790 879 1014 960 absque
1054 878 1294 950 malitia,
1345 874 1691 953 nullumque
1723 874 2111 949 oﬂ‘endentes,

479 972 630 1035 sicut
653 968 944 1032 columbae
978 988 991 1030 :
1024 967 1141 1028 illae
1173 965 1330 1027 enim
1358 982 1491 1025 cum
1523 964 1867 1023 auferuntur
1888 963 1974 1024 eis
2005 964 2112 1025 foe-

480 1069 593 1135 tus,
629 1068 686 1122 et
714 1056 1185 1139 persecutionem
1220 1053 1541 1134 patiuntur,
1566 1070 1770 1112 rursus
1810 1051 1881 1112 ad
1913 1052 2110 1113 domi-

479 1168 588 1211 nos
609 1165 749 1210 suos
763 1140 1301 1208 revertuntur.Esto
1330 1140 1509 1219 igitur
1537 1141 1797 1220 prudens
1821 1141 1970 1202 sicut
1991 1159 2109 1201 ser-

478 1255 647 1319 pens,
682 1235 762 1297 ita
793 1242 854 1295 ut
884 1252 960 1295 ne
990 1230 1322 1319 deridearis
1352 1229 1633 1319 obqvitarn
1691 1230 1957 1319 abaliis.
2010 1229 2115 1292 sed

479 1315 677 1387 omnia
709 1339 804 1385 tua
824 1323 972 1384 citra
1018 1318 1211 1381 labem
1244 1317 1539 1398 perﬁcias.
1566 1315 1721 1394 Erga
1742 1317 1890 1379 alios
1918 1328 2115 1379 autem

476 1433 551 1476 ne
576 1413 692 1476 illis
718 1430 955 1486 noceas,
988 1409 1069 1472 sis
1094 1407 1252 1470 velut
1280 1405 1575 1478 columba,
1614 1407 1723 1466 hoc
1766 1412 1877 1487 est,
1913 1406 2117 1469 nenti-

476 1522 651 1586 quam
686 1501 999 1580 malignus.

556 1590 737 1655 Vens.
774 1587 1008 1664 17,18.
1055 1611 1083 1642 ι
1114 1584 1325 1647 CaVete
1375 1593 1572 1645 autem
1625 1584 1699 1645 ab
1750 1584 2114 1667 hominibus,

2199 697 2292 759 κός
2350 698 2483 778 ἐστι,
2546 698 2745 756 κελεύει
2795 704 2938 776 ἡμᾶς
2995 701 3269 781 ἀκεραίους
3327 702 3495 775 εἶναι,
3554 700 3843 773 τουτέστιν,

2198 783 2399 850 ἁπλοῦς
2448 790 2536 843 καὶ
2606 788 2903 867 ἀπονήρους
2962 792 3047 846 καὶ
3120 792 3197 865 μὴ
3257 788 3604 866 βλαπτικοὺς,
3663 790 3736 851 ὡς
3797 792 3847 844 αἱ

2198 875 2518 951 περιστεραί’
2579 877 2730 931 αὗται
2819 877 2942 955 γὰρ,
3002 880 3089 934 καὶ
3146 878 3523 956 ἀφαιρούμεναι
3575 876 3641 931 τὰ
3690 873 3846 929 τέκνα

2196 962 2282 1017 καὶ
2354 960 2697 1038 διωκόμεναι,
2777 967 2919 1029 αὖθις
2989 966 3459 1040 ἒπανακάμπτουσι
3519 966 3652 1043 πρὸς
3722 962 3846 1025 τοὺς

2195 1046 2473 1116 δεσπότας.
2536 1041 2682 1109 ’Ἑσο
2714 1052 2803 1109 οὖν
2826 1055 3076 1132 φρόνιμος
3136 1056 3210 1118 ὡς
3268 1052 3407 1132 ὄφις,
3453 1041 3590 1126 ὥστε
3622 1052 3700 1127 μὴ
3755 1069 3846 1126 γε·

2196 1135 2382 1193 λᾶσθαι
2440 1137 2494 1193 ἒν
2563 1144 2641 1212 τῷ
2667 1140 2788 1218 βίῳ,
2822 1139 2957 1198 ἀλλὰ
2987 1142 3157 1198 πάντα
3199 1142 3264 1196 τὰ
3305 1142 3439 1197 κατὰ
3470 1140 3528 1197 σὲ
3577 1140 3846 1214 ἆμὼμητα

2197 1223 2498 1283 διατιθέναι’
2572 1230 2703 1307 πρὸς
2757 1228 2811 1285 δὲ
2869 1232 2930 1285 τὸ
2984 1230 3239 1307 βλάπτειν
3294 1230 3523 1309 ἑτέρους,
3574 1228 3663 1284 ’έσο
3721 1228 3848 1283 ὡσεὶ

2197 1318 2506 1395 περιστερὰ,
2541 1319 2829 1393 τουτέστιν,
2866 1319 3155 1400 ἀπόνηρος.

2282 1605 2311 1635 ε
2348 1582 2646 1662 Προσέχετε
2704 1584 2759 1640 δὲ
2820 1585 2927 1642 ἀπὸ
2973 1591 3079 1642 τῶν
3121 1585 3433 1665 ἀνθρώπων,
3478 1583 3843 1665 παραδώσουσι

476 1681 709 1743 tradent
736 1678 895 1740 enim
917 1695 1018 1737 vos
1042 1676 1101 1735 in
1133 1673 1406 1747 concilia,
1441 1683 1500 1735 et
1531 1674 1587 1733 in
1642 1674 1951 1754 synagogis
1993 1676 2110 1736 suis

2203 1671 2298 1747 γὰρ
2353 1672 2488 1747 ὑμᾶς
2547 1674 2619 1736 εἰς
2679 1672 2935 1753 ουνέδρια,
2982 1677 3070 1732 καὶ
3126 1672 3182 1729 ἐν
3209 1687 3331 1740 ταῖς
3378 1686 3714 1753 συναγωγαῖς
3745 1675 3842 1730 αὖ·

474 1769 852 1850 ﬂagellabnnt
896 1783 1020 1840 vos,
1074 1771 1133 1824 et
1174 1763 1245 1824 ad
1301 1762 1483 1825 duces
1515 1771 1573 1825 et
1601 1781 1773 1841 reges
1818 1763 2110 1825 ducemini

2203 1766 2332 1850 τῶν,
2360 1762 2787 1840 μαστιγώσουσιν
2836 1766 2997 1844 ὑμᾶς,
3057 1766 3145 1821 καὶ
3195 1763 3279 1820 ἐπὶ
3317 1763 3588 1843 ἡγεμόνας
3644 1760 3699 1819 δὲ
3757 1764 3845 1819 καὶ

474 1866 716 1940 propter
764 1875 880 1930 me,
929 1854 991 1915 in
1039 1850 1444 1914 testimonium
1478 1851 1624 1932 ipsis
1652 1870 1720 1912 ac
1748 1852 2042 1930 gentibus.
2085 1880 2108 1909 ιι

470 1947 656 2010 Vides
683 1949 796 2009 hoc
826 1961 960 2007 esse
991 1941 1323 2022 prudentis,
1357 1959 1590 2016 cavere,
1621 1948 1683 2002 et
1713 1959 1829 2001 non
1848 1940 1990 2001 dare
2020 1961 2117 2003 oc-

471 2038 769 2100 casionem
790 2031 1128 2095 volentibus
1145 2030 1447 2110 persequi,
1474 2030 1576 2091 sed
1603 2029 1926 2107 prudenter
1940 2050 2117 2109 agere

470 2145 568 2189 res
599 2133 851 2187 nostras.
882 2121 944 2183 Si
976 2118 1283 2201 pecuniam
1306 2118 1555 2179 voluerit
1583 2118 1681 2197 qui
1713 2120 2112 2201 persequitur,

472 2217 520 2277 si
542 2211 938 2287 honorem,da
961 2218 1023 2271 ut
1052 2228 1125 2269 ne
1148 2206 1519 2269 occasionem
1550 2206 1797 2267 habeat'
1833 2208 1884 2267 si
1915 2218 2113 2269 autem

472 2302 650 2365 ﬁdem
679 2303 892 2376 aufert,
917 2294 1143 2359 custodi
1175 2308 1339 2354 tuum
1355 2292 1682 2374 caput.Non
1706 2301 1903 2355 autem
1929 2294 2113 2355 disci-

472 2391 645 2474 pulos
683 2389 971 2451 missurns
1000 2384 1219 2474 eratad
1253 2383 1484 2446 Judaeos
1528 2383 1745 2474 solum,
1789 2382 1893 2474 sed
1937 2383 2111 2474 etiam

470 2471 545 2545 ad
582 2487 820 2560 gentes:
845 2476 1066 2537 ideirco
1115 2473 1383 2535 dicitzln
1420 2471 1821 2560 testimonium
1874 2472 2015 2550 ipsis
2055 2481 2113 2533 et

470 2559 767 2651 gentibus,
797 2567 909 2628 hoc
941 2571 1049 2634 est,
1084 2561 1144 2622 in
1177 2569 1376 2622 notam
1409 2569 1467 2622 et
1493 2561 1548 2621 in
1581 2559 2110 2640 reprehensionem

472 2675 676 2720 eorum
705 2656 804 2738 qui
832 2672 952 2715 non
984 2651 1262 2713 credunt.

550 2834 737 2898 VERS.
770 2834 865 2906 19,
896 2829 996 2892 20.
1039 2848 1067 2888 ε
1088 2830 1163 2889 At
1192 2845 1325 2889 cum
1378 2827 1729 2889 tradiderint
1760 2827 1853 2888 49
1884 2846 2006 2900 vos,
2039 2846 2115 2890 ne

2194 1847 2439 1923 βασιλεῖς
2509 1851 2808 1931 ἀχθήσεσθε
2862 1853 3039 1910 ἕνεκεν
3087 1853 3240 1928 ἐμοῦ,
3297 1854 3370 1917 εἷς
3420 1855 3700 1931 μαρτύριον
3754 1851 3844 1907 αύ-

2193 1950 2311 2001 τοϊς
2369 1940 2455 1994 καὶ
2514 1954 2631 2002 τοῖς
2689 1940 2907 2001 ἔθνεσιν.
2941 1967 2972 1999 ι
3011 1932 3187 2021 Ὀρᾷς,
3220 1943 3373 1999 τοῦτὸ
3403 1941 3513 1998 ἔστι
3545 1943 3606 1997 τὸ
3658 1941 3843 2022 φρόνι-

2197 2048 2297 2101 μον
2327 2027 2497 2101 sim,
2542 2031 2603 2084 τὸ
2633 2031 2918 2111 προσέχειν
2950 2033 3038 2088 καὶ
3094 2032 3172 2106 μὴ
3213 2028 3409 2087 διδόναι
3440 2031 3683 2110 ἀφορμὴν
3725 2044 3843 2093 τοῖς

2195 2116 2401 2175 θέλουσι
2457 2116 2674 2194 θλίϐειν,
2752 2118 2887 2177 ἀλλὰ
2956 2121 3222 2202 φρονίμως
3279 2119 3501 2179 διοικεῖν
3589 2122 3655 2177 τὰ
3726 2118 3839 2177 καθ’

2196 2206 2437 2272 ἑαυτούς·
2498 2206 2558 2262 ἄν
2610 2211 2867 2288 χρήματα
2897 2210 3025 2287 θέλῃ
3079 2211 3109 2266 ὁ
3136 2209 3366 2289 διώκων,
3426 2211 3487 2266 ἂν
3535 2211 3721 2285 τιμὴν,
3755 2206 3843 2273 δὸς

2194 2293 2287 2349 ἵνα
2345 2294 2425 2368 μὴ
2483 2294 2589 2374 ἔχῃ
2623 2298 2890 2376 ἀφορμήν·
2928 2296 2990 2354 ἅν
3048 2296 3102 2354 δὲ
3156 2298 3253 2366 τὴν
3298 2300 3473 2355 πίστιν
3532 2297 3840 2379 ἀφαιρῆται,

2195 2380 2424 2461 φύλαττέ
2496 2405 2590 2441 σου
2641 2386 2743 2452 τὴν
2797 2385 3060 2465 κεφαλὴν,
3093 2388 3166 2445 Οὐ
3219 2390 3381 2460 μόνον
3436 2385 3490 2443 δὲ
3519 2390 3649 2465 πρὸς
3709 2387 3843 2444 Ἰου-

2194 2470 2369 2534 δαίους
2430 2471 2660 2549 πέμπειν
2717 2474 2902 2549 μέλλει
2957 2477 3078 2538 τοὺς
3136 2477 3403 2555 μαθητὰς,
3430 2474 3568 2532 ἀλλὰ
3598 2478 3683 2531 καὶ
3715 2477 3844 2553 πρὸς

2192 2560 2257 2619 τὰ
2327 2558 2475 2640 ἔθνη,
2534 2559 2613 2618 διὸ
2640 2565 2728 2620 καὶ
2753 2562 2922 2643 λέγει,
2970 2565 3059 2627 Εἷς
3090 2566 3373 2644 μαρτύριον
3402 2564 3586 2627 αύτοτς
3612 2566 3701 2621 καὶ
3728 2578 3843 2626 τοῖς

2194 2647 2387 2729 ἔθνεσι,
2444 2650 2712 2710 τουτέστιν
2768 2655 2843 2718 εἰς
2920 2652 3149 2734 ἔλεγχον
3201 2656 3371 2713 αὐτῶν
3431 2655 3510 2729 μὴ
3560 2654 3842 2710 πιστευόν-

2193 2759 2324 2799 των.

2280 2847 2308 2879 ε
2344 2816 2520 2885 ’Ὅταν
2577 2826 2633 2885 δὲ
2703 2828 3059 2909 παραδιδῶσιν
3117 2833 3279 2908 ὑμᾶς,
3341 2834 3420 2909 μὴ
3474 2834 3843 2911 μεριμνήσητε

471 2926 598 2988 sitis
629 2921 867 2986 solliciti
888 2917 1183 2999 quomodo
1210 2925 1309 2977 aut
1337 2916 1477 2996 quid
1512 2916 1859 2996 loquamini;
1879 2916 2110 2978 dabitur

2203 2921 2313 2978 πῶς
2377 2914 2412 2982 ἥ
2469 2918 2519 2973 τί
2574 2916 2873 2999 λαλήσητε,
2932 2918 3209 2992 δοθήσεται
3241 2924 3341 3001 γὰρ
3368 2924 3498 2997 ὑμῖν
3554 2921 3608 2977 έν
3666 2924 3841 2998 εκείνη

468 3015 630 3078 enim
664 2993 1039 3073 vobisin'illa
1068 3009 1213 3067 hora
1235 2993 1372 3086 quid
1408 2993 1749 3084 loquamini.
1784 3004 1911 3067 Non
1940 3006 2097 3067 enim

2203 3009 2265 3079 τῇ
2322 3004 2433 3083 ὥρᾳ
2482 3008 2531 3061 τί
2561 2993 2965 3078 λαλήσητείού
2994 3011 3094 3089 γὰρ
3148 2993 3458 3086 ὑμὰς-ἐστε
3508 3012 3554 3068 οἱ
3622 2993 3844 3067 λαλοῦνξ

468 3123 570 3166 vos
600 3103 740 3164 estis
771 3100 853 3161 illi
882 3099 1212 3178 loquentes,
1264 3094 1367 3156 sed
1400 3094 1656 3174 Spiritus
1705 3096 1894 3157 Patris
1924 3095 2102 3156 vestri

2203 3111 2295 3168 τες,
2371 3093 2507 3151 ἀλλὰ
2576 3098 2637 3180 te
2695 3101 2905 3174 Πνεῦμα
2952 3106 3046 3155 τοῦ
3074 3102 3277 3180 Πατρὺς
3306 3103 3475 3176 ὑμῶν,
3527 3102 3589 3156 τὸ
3656 3098 3847 3157 λαλοῦν

469 3193 568 3275 qui
616 3191 874 3272 loquitur
928 3188 989 3247 in
1036 3184 1311 3275 vobis.)
1360 3181 1447 3244 Ne
1478 3183 1731 3275 dicant:
1795 3183 2104 3275 Quomodo

471 3272 832 3363 persuadere
867 3274 1188 3357 poterimus
1219 3272 1728 3363 idiotaasapientia
1782 3272 2109 3354 praeditos?

465 3361 637 3451 jubet
660 3366 936 3428 ﬁduciam
965 3363 1208 3451 habere,
1242 3371 1311 3451 et
1334 3361 1790 3424 sollicitudinem
1840 3363 2107 3451 depone:

469 3448 537 3520 re
567 3477 582 3517 :
615 3473 751 3516 nam
798 3471 930 3513 cum
975 3452 1132 3513 inter
1181 3449 1388 3511 ﬁdeles
1447 3470 1789 3511 sermonem
1856 3448 2111 3513 habituri

471 3562 717 3617 sumus,
777 3540 1022 3618 dignum
1053 3546 1143 3600 est
1186 3547 1247 3598 ut
1277 3538 1778 3618 praemeditemur,
1819 3546 1876 3600 et
1926 3540 2110 3617 parati

469 3635 653 3696 simus
712 3631 781 3693 ad
841 3628 1291 3699 defensionem,
1351 3628 1848 3705 quemadmodum
1905 3631 2111 3691 Petrus

470 3723 745 3784 admonet
772 3716 850 3775 ιϐ.
886 3717 1045 3777 Inter
1067 3714 1266 3776 turbas
1292 3724 1487 3775 autem
1521 3724 1577 3775 et
1606 3733 1777 3794 reges
1808 3716 2113 3777 insanien-

470 3821 559 3873 tes
586 3826 758 3870 suum
788 3803 1077 3887 promittit
1104 3803 1309 3882 robur,
1350 3821 1425 3863 ne
1461 3802 1773 3863 tineamus.
1831 3803 2107 3864 Nostrum

470 3912 562 3961 est
585 3900 744 3960 enim
775 3894 1042 3957 confiteri
1079 3911 1092 3955 :
1128 3892 1429 3971 sapienter
1474 3901 1667 3952 autem
1719 3895 2107 3974 respondere,

470 3987 601 4053 Dei.
632 3984 705 4047 Et
725 4003 801 4047 ne
822 3980 1142 4063 suspiceris
1172 3979 1499 4041 naturalem
1528 3998 1658 4042 esse
1682 3981 1743 4041 in
1775 3982 2109 4043 defenden-

472 4076 547 4139 do
576 4073 952 4143 industriam,
1001 4068 1232 4150 inquit:
1284 4070 1416 4132 Non
1461 4086 1584 4143 vos,
1622 4068 1953 4152 loquimini,
2005 4069 2111 4132 sed

472 4163 745 4247 Spiritus.

552 4257 716 4319 Vens
737 4251 837 4313 21.
876 4272 896 4303 ε
931 4247 1363 4309 Tradetautem
1387 4247 1565 4309 frater
1590 4248 1826 4310 fratrem
1852 4248 1914 4309 in
1947 4267 2110 4310 mor-

2188 3175 2243 3237 ἒν
2298 3186 2453 3260 ὑμῖν.
2513 3203 2547 3245 ι
2625 3175 2756 3243 ’Ίνα
2827 3188 2906 3263 μὴ
2969 3175 3483 3263 εἴπωσι,’Καὶγπῶς
3513 3187 3839 3263 δυνησόμεθα

2189 3285 2374 3329 πεῖσαι
2430 3273 2622 3353 σοφοὺς
2694 3273 2897 3331 ἰδιῶται
2953 3275 3152 3352 ὄντεςς
3209 3275 3412 3333 κελεὺει
3466 3275 3699 3357 θαῤῥετν,
3756 3284 3849 3340 καὶ

2194 3361 2271 3434 μή
2330 3368 2611 3440 μεριμνᾷνο
2662 3360 2790 3419 ὅταν
2841 3364 2942 3438 μὲν
2990 3364 3091 3444 γὰρ
3143 3363 3429 3441 μέλλωμεν
3486 3364 3679 3442 μεταξὺ
3744 3386 3842 3422 πι-

2194 3455 2333 3505 στῶν
2406 3449 2762 3530 διαλέγεσθαι,
2833 3448 2917 3509 δεῖ
2973 3454 3116 3528 ἡμᾶς
3165 3453 3520 3535 προμελετᾷν,
3554 3457 3642 3512 καὶ
3699 3454 3843 3511 ἑτοί-

2194 3558 2327 3611 μους
2387 3538 2529 3595 εῖναι
2586 3542 2719 3617 πρὸς
2776 3539 3095 3620 ἀπολογίαν,
3124 3543 3253 3606 ὡςὸ
3310 3544 3506 3622 Πέτρος
3564 3555 3839 3621 παραινεϊ⁶

2193 3626 2386 3701 μεταξὺ
2455 3625 2507 3681 δὲ
2537 3627 2723 3707 ὃχλων
2770 3631 2856 3685 καὶ
2885 3628 3149 3705 βασιλέων
3193 3634 3555 3707 μαινομένων,
3585 3634 3681 3700 τὴν
3712 3633 3841 3690 ἑαυ-

2192 3721 2282 3770 τοῦ
2338 3716 2682 3795 ὑπισχνεῖται
2752 3718 2934 3797 ἰσχὺν,
3002 3718 3097 3776 ’ἵνα
3146 3721 3224 3796 μὴ
3255 3718 3597 3800 φοϐηθῶμεν·
3633 3723 3694 3779 τὸ
3745 3722 3844 3795 μὲν

2190 3804 2290 3882 γὰρ
2343 3803 2654 3882 ὁμολογεῖν,
2701 3808 2981 3882 ἡμέτερον·
3014 3811 3077 3865 τὸ
3105 3808 3162 3865 δὲ
3204 3816 3378 3891 σοφῶς
3428 3809 3839 3890 ἀπολογεῖσθαι,

2191 3897 2344 3952 Θεοῦ.
2408 3893 2506 3950 Καὶ
2562 3893 2655 3949 ’ἕνα
2699 3896 2776 3970 μὴ
2804 3894 3076 3974 ὑπολάϐῃς
3108 3896 3189 3954 ὅτι
3217 3901 3412 3979 φυσική
3474 3898 3617 3957 ἐστιν
3645 3901 3681 3967 ἦ
3712 3899 3843 3978 πρὸς

2191 3980 2285 4043 τὰς
2340 3979 2629 4059 ἀπολογίας
2689 3981 3083 4060 ἐπιτηδειότης,
3144 3988 3328 4067 φησὶν,
3387 3988 3503 4067 Οὐχ
3552 3989 3712 4064 ὑμεῖς
3739 3986 3841 4043 λα-

2191 4068 2366 4142 λεῖτε,
2398 4069 2536 4128 ἀλλὰ
2567 4074 2629 4128 τὸ
2659 4080 2896 4149 Πνεῦμα.

2278 4270 2302 4302 ιι
2338 4247 2643 4325 Παραδώσει
2696 4247 2753 4306 δὲ
2806 4252 3028 4334 ἁδελφὸς
3057 4251 3282 4334 ἀδελφὸν
3342 4257 3414 4319 εἰς
3457 4254 3705 4329 θάνατον,
3752 4266 3846 4319 καὶ

475 4354 616 4415 tem,
651 4349 708 4402 et
731 4346 894 4420 pater
922 4335 1131 4410 tilium,
1167 4344 1226 4397 et
1248 4338 1554 4416 insurgent
1580 4338 1685 4397 filii
1711 4338 1991 4399 adversus
2013 4357 2110 4418 pa-

2203 4338 2365 4415 ιτατὴρ
2416 4338 2623 4401 τέκνον.
2697 4341 2797 4399 Καὶ
2851 4344 3306 4414 ὶπαναστήσονται
3336 4344 3494 4401 τέκνα
3523 4343 3607 4401 ἐπὶ
3632 4356 3843 4424 γονετς,

472 4439 697 4511 rentes,
724 4434 989 4490 etmorte
1020 4425 1281 4487 afﬁcient
1313 4444 1473 4487 eos.o
1516 4424 1787 4488 Praedicit
1818 4430 1904 4488 eis
1927 4446 2114 4488 even-

473 4533 624 4596 tura,
660 4537 735 4580 ne
776 4514 1092 4577 turbentur
1137 4533 1272 4576 cum
1303 4515 1648 4578 acciderint.
1688 4517 1956 4580 Ostendit
2002 4536 2113 4578 an-

473 4621 592 4674 tem
614 4620 671 4671 et
693 4603 1130 4688 praedicationis
1150 4605 1286 4678 vim,
1305 4604 1600 4684 quomodo
1628 4614 1890 4667 naturam
1924 4606 2111 4686 ipsam

476 4708 859 4764 contemnere
907 4692 1104 4755 faciat.
1138 4692 1244 4753 Hic
1287 4695 1445 4755 enim
1479 4694 1957 4756 Cliristianismus
1998 4706 2112 4777 est,

479 4799 537 4854 et
560 4787 849 4849 insaniam
883 4782 1118 4843 illorum
1160 4782 1396 4844 interim
1433 4784 1785 4855 manifestat,
1812 4786 1967 4865 quod
2001 4804 2115 4847 ne-

479 4897 593 4962 que
622 4872 1306 4962 familiaribns‘parcunt.

560 4967 741 5028 Vens.
789 4962 889 5023 Ἡ.
935 4979 963 5020 ε
995 4959 1066 5021 Ει
1095 4962 1259 5022 eritis
1310 4962 1443 5022 odio
1488 4960 1675 5022 habiti
1721 4963 1795 5023 ab
1840 4963 2116 5025 omnibus

484 5063 725 5138 pr0pter
759 5067 976 5111 nomen
1013 5067 1235 5113 meum.
1261 5050 1371 5121 Qui
1408 5059 1603 5112 autem
1656 5053 2121 5130 perseveraverit

485 5164 668 5225 usque
700 5142 757 5202 in
792 5144 996 5207 tinem,
1033 5139 1127 5199 hie
1149 5143 1339 5199 salvus
1369 5140 1501 5200 erit.
1534 5166 1555 5191 η
1580 5140 1666 5200 Ab
1696 5140 2119 5213 omnibns,hoc

487 5245 596 5315 est,
622 5253 653 5293 ιι
679 5229 896 5291 umltis.
947 5226 1071 5287 Non
1106 5228 1261 5287 enim
1305 5248 1512 5290 omnes
1571 5229 1701 5289 illos
1732 5228 1865 5291 odio
1912 5248 2118 5309 perse-

486 5322 821 5406 quebantur
858 5334 870 5377 ε
909 5334 1039 5376 nam
1101 5319 1364 5377 nonnulli
1415 5327 1472 5379 et
1522 5318 1694 5378 tidem
1741 5329 2118 5398 acceperant.

2194 4426 2282 4512 καὶ
2337 4429 2722 4487 θανατώσουσιν
2782 4431 2989 4495 αύτούς.
3031 4454 3055 4488 ε
3092 4431 3346 4512 Προλέγει
3386 4437 3568 4497 αὐτοῖς
3612 4436 3679 4490 τὰ
3703 4455 3844 4509 συμ-

2193 4511 2489 4591 ϐησόμενα,
2548 4516 2638 4573 ’ίνα
2708 4515 2833 4574 ὅταν
2890 4519 3171 4601 γένωνται,
3233 4511 3311 4595 μὴ
3358 4519 3711 4601 θορυϐηθῶσυ
3746 4520 3847 4579 δεί-

2194 4626 2344 4661 κνυσι
2400 4604 2455 4662 δὲ
2506 4608 2596 4663 καὶ
2674 4609 2773 4675 την
2859 4609 2953 4665 τοῦ
3012 4610 3353 4691 κηρύγματος
3427 4611 3672 4695 δύναμιν,
3728 4621 3845 4678 πῶς

2197 4708 2344 4751 ποιεῖ
2426 4708 2775 4776 καταφρονεῖν
2819 4703 2916 4765 τῆς
2986 4700 3216 4779 φύσεως·
3262 4710 3495 4770 τοιοῦτυς
3523 4704 3624 4782 γὰρ
3653 4706 3682 4761 ὃ
3711 4710 3847 4780 Χριν

2198 4784 2526 4859 στιανισμός⁶
2603 4783 2741 4841 ἀλλὰ
2795 4788 2883 4843 καὶ
2936 4788 3037 4856 τὴν
3093 4791 3285 4865 μανίαν
3334 4791 3547 4849 ὲκείνων
3576 4793 3841 4872 ἆμφαίνει,

2198 4872 2279 4929 ὅτι
2311 4871 2426 4930 οὐδὲ
2446 4879 2552 4930 τῶν
2584 4876 2922 4932 οἰκειοτάτων
2952 4878 3246 4958 φείσονται.

2286 4985 2311 5019 0
2350 4965 2446 5021 Καὶ
2502 4963 2676 5021 ἔσεσθε
2708 4967 3016 5043 μισούμενοι
3045 4970 3147 5027 ὑπὸ
3198 4967 3523 5028 πάντωνδιᾶ
3577 4975 3639 5029 τὸ
3677 4972 3846 5049 ὄνομά

2200 5068 2323 5130 μου’
2384 5055 2412 5109 ὁ
2470 5051 2525 5109 δὲ
2574 5055 2860 5130 ὑπομείνας
2918 5058 2989 5121 εἰς
3045 5057 3221 5139 τέλος,
3272 5063 3424 5125 οὗτος
3456 5063 3774 5133 σωθήσεται.
3815 5085 3842 5124 ε

2201 5145 2272 5200 Τὸ
2300 5144 2400 5198 ὑπὸ
2455 5143 2691 5222 πάντων,
2755 5145 3035 5231 ἀντὶ-τοῦ,
3078 5149 3181 5205 ὑπὸ
3210 5148 3446 5213 πολλῶν,
3479 5152 3551 5208 03
3580 5154 3680 5231 γὰρ
3709 5155 3846 5209 πάν-

2202 5252 2288 5296 τες
2344 5232 2556 5307 ἐμίσουν
2611 5234 2821 5299 αύτούς.
2881 5222 3046 5291 Ἠσαν
3107 5238 3205 5316 γὰρ
3258 5240 3345 5295 καὶ
3399 5241 3445 5294 οἱ
3474 5222 3844 5318 παραδεξάμε-

2205 5343 2283 5376 νοι
2339 5322 2439 5387 τὴν
2487 5324 2682 5378 πίστιν·
2749 5326 2777 5379 ὁ
2832 5322 2886 5379 δὲ
2916 5326 3047 5404 ἄχρι
3076 5326 3257 5391 τέλους
3304 5328 3613 5402 ὑπομείνας,
3646 5332 3734 5386 καὶ
3766 5336 3844 5405 μη

486 5404 593 5488 Qui
626 5416 818 5469 autem
855 5423 1037 5484 usque
1073 5404 1129 5464 iu
1183 5411 1357 5466 tinem
1394 5408 1880 5486 perseveraverit,
1914 5425 1965 5467 et
2006 5427 2110 5469 nor

2207 5409 2261 5464 ἐν
2291 5415 2357 5483 τῇ
2388 5412 2532 5488 ἀρχῇ
2563 5412 2749 5485 μόνον,
2810 5412 3017 5476 ἐκεῖνος
3076 5418 3173 5480 τῆς
3204 5416 3413 5470 αἰωνίου
3444 5415 3639 5489 μεθέξει
3672 5404 3838 5487 ζωῆς,

484 5507 671 5565 Solum
703 5498 1011 5575 inrepunt.
1051 5494 1150 5553 ille
1183 5506 1415 5556 aeterna;
1440 5497 1563 5554 vitm
1598 5496 1885 5576 particeps
1912 5499 2039 5560 erit.

564 5670 617 5716 ω
648 5664 850 5731 lt'etr.
888 5679 969 5728 ιιι.
