4118 6220
419 332 535 395 ειτ
1379 333 1973 398 THEOPHYLACTI
2018 329 2418 393 BULGAltl/E
2460 331 2815 393 ARCHIEP.
3664 321 3780 385 248

418 464 715 542 intelligas
740 465 894 543 quod
916 467 1107 543 justus
1140 466 1509 529 existimetur
1568 466 1741 528 etiam
1805 465 1900 525 ille
1958 464 2053 541 qui

2179 463 2392 536 ήψεται·
2451 463 2487 530 ἢ
2560 462 2649 518 καὶ
2679 461 2870 537 ἑτέρως
2903 464 3137 533 νοήσεις,
3172 460 3251 515 ὅτι
3296 457 3494 521 δίκαιος
3524 456 3784 533 λογισθῆ-

419 552 755 632 suscipit,et
789 555 1039 635 accipiet
1072 556 1404 616 mercedem
1438 555 1776 636 quamju~ti
1796 554 2054 631 capiunt.

2179 572 2285 606 εται
2341 553 2427 607 καὶ
2492 552 2647 613 αὒτὸς
2678 553 2705 606 6
2762 546 3063 624 δεξάμενος,
3117 550 3201 605 οιαὶ
3231 549 3461 623 λήψεται
3506 546 3697 621 μισθὸν
3726 544 3783 601 ὄν

2142 641 2188 695 οἱ
2231 636 2421 696 δικοιοι
2453 636 2831 714 λαμϐάνουσιν.

499 731 677 794 Vens.
701 732 795 794 42.
832 756 857 785 α
879 732 949 794 Et
981 734 1320 816 quicunque
1341 735 1623 815 potaverit
1645 751 1825 795 unum
1854 750 1921 791 ex
1946 748 2059 809 pu-

2231 746 2255 781 ε
2304 729 2401 784 Καὶ
2458 726 2517 789 ὅς
2547 728 2638 785 ἐὰν
2721 726 2913 803 ποτίσῃ
2942 725 3032 781 ἕνα
3061 730 3167 781 τῶν
3198 732 3398 803 μικρῶν
3446 724 3645 779 τοᾶτων
3676 745 3779 778 πο-

420 816 573 911 ειηίε
602 818 729 880 istis
764 821 975 899 poculo
1004 810 1426 904 frigidm-aqua;
1473 830 1695 884 tantum
1727 821 1787 881 in
1821 819 2061 880 nomine

2185 816 2324 893 ήριον
2395 820 2602 896 ψυχροῦ
2660 816 2841 890 μόνον,
2871 817 2945 879 εἷς
2972 813 3141 889 ὄνομα
3172 819 3434 887 μαθητοῦ,
3470 812 3612 911 ἀμὴν
3642 810 3784 911 λέγω

420 904 727 988 discipuli,
750 898 923 970 amen
942 911 1073 972 dico
1088 898 1406 991 vobis,non
1436 912 1773 992 perditurus
1795 917 1884 969 est
1909 926 2062 967 mer-

2179 916 2291 982 μτν,
2352 908 2412 962 οὔ
2470 906 2545 979 μὴ
2606 904 2843 982 ἀπολέσῃ
2875 904 2966 960 τὸν
3024 904 3211 978 μισθὸν
3254 904 3431 962 αὐτοῦ.
3471 925 3497 954 ε
3549 898 3675 956 ”Ινα
3706 898 3783 974 μή

423 996 630 1057 cedem
667 1015 829 1057 suam
889 1022 910 1055 ι)
950 1002 1037 1061 Ne
1070 990 1466 1080 paupertatem
1499 1000 1635 1079 quis
1658 996 2056 1079 praetexatdi-

2179 993 2324 1048 ‘evizv
2396 991 2760 1070 προϐάλληταί
2831 1016 2935 1072 τις,
2993 993 3176 1072 ιρησὶν,
3209 990 3291 1048 ὅτι
3349 990 3459 1050 Κᾶν
3531 991 3785 1063 ποτήριον

423 1082 504 1144 cit
548 1085 703 1162 quod
730 1085 850 1146 Etsi
882 1078 1152 1165 poculum
1188 1078 1369 1168 aqua:
1420 1078 1642 1167 frigidae
1680 1088 1784 1147 des
1840 1085 1931 1143 ’52
1989 1104 2057 1144 eo

2179 1078 2325 1144 δαῖος
2380 1087 2585 1162 ψυχροῦ
2642 1081 2770 1163 δῷς,
2848 1083 3007 1162 χάριν
3048 1088 3140 1138 τοῦ
3170 1080 3319 1137 εἶναι
3360 1079 3489 1155 ἐμὸν
3542 1081 3784 1168 μαθητὴν

424 1173 580 1252 quod
605 1172 704 1233 ille
728 1164 896 1234 meus
912 1175 1236 1256 discipulus
1254 1164 1410 1255 sit,et
1431 1164 1605 1255 huius
1622 1175 1879 1253 accipies
1903 1192 2060 1232 mei"

2179 1183 2373 1244 κεῖνον,
2435 1173 2523 1227 καὶ
2577 1172 2761 1227 τούτου
2816 1169 2968 1247 λήψη
3027 1171 3115 1226 τὸν
3175 1169 3383 1245 μισθόν·
3436 1170 3691 1239 ποτήριον
3731 1164 3784 1221 δὲ

425 1261 655 1322 cedem.
718 1261 995 1324 Poculum
1030 1272 1225 1327 autem
1252 1285 1416 1346 aqua:
1450 1266 1671 1342 frigidae
1697 1265 1796 1324 dat
1839 1270 1897 1323 et
1926 1262 2060 1340 qui-

426 1349 602 1411 docet
633 1352 969 1431 quempiam
1026 1355 1371 1432 flagrantem
1430 1354 1565 1428 igne
1624 1352 1942 1413 iracundiae
1974 1350 2060 1410 vel

426 1440 1043 1518 concupiscentiarum
1078 1452 1133 1504 et
1162 1443 1299 1504 facit
1318 1462 1449 1504 eum
1478 1441 1769 1503 nominari
1794 1440 2059 1519 discipu-

427 1526 547 1587 lum
572 1527 809 1591 Christi:
840 1548 945 1589 nec
970 1531 1065 1590 hic
1092 1531 1271 1610 igitur
1293 1530 1850 1611 perdetmercedem
1873 1546 2061 1589 suam.

1049 1632 1290 1697 CAPUT
1338 1633 1436 1696 Xl.

733 1719 819 1782 De
848 1722 922 1781 iis
942 1724 1045 1800 qui
1074 1726 1243 1784 missi
1270 1731 1406 1783 sunt
1436 1743 1470 1782 a
1500 1726 1755 1783 Joanne.

508 1806 691 1869 Vnus.
734 1816 782 1871 ι.
818 1832 839 1865 α
876 1809 946 1870 Et
969 1812 1181 1872 factum
1217 1820 1304 1872 est
1336 1830 1467 1873 cum
1502 1812 1680 1872 ﬁnem
1709 1809 1945 1871 fecisset
1972 1810 2068 1871 Je-

2147 1261 2353 1337 ψυχροῦ
2411 1257 2585 1314 δίδωσι
2658 1262 2746 1315 καὶ
2784 1262 2811 1315 6
2858 1257 3116 1314 διδάσκων
3158 1258 3277 1313 τινὰ
3306 1255 3684 1337 φλογιζόμενον
3713 1261 3789 1328 τῷ

2144 1352 2235 1401 τοῦ
2288 1346 2451 1421 θυμοῦ
2482 1348 2600 1426 πυρὶ
2669 1349 2756 1403 καὶ
2785 1353 2890 1403 τῶν
2954 1345 3263 1421 ἐπιθυμιῶν.
3301 1347 3398 1404 Καὶ
3425 1350 3592 1400 ποιῶν
3635 1342 3789 1399 αὖτὸν

2149 1436 2392 1508 μαθητὴν
2462 1436 2802 1507 ὀνομάζεσθαι
2860 1443 3105 1515 Χριστοῦ,
3155 1432 3271 1494 οὒδέ
3302 1437 3449 1497 οὗτος
3495 1431 3581 1490 οὖν
3612 1430 3786 1488 ἀπόλ-

2150 1520 2263 1577 λυσι
2292 1525 2382 1579 τὸν
2413 1525 2599 1598 μισθὸν
2626 1524 2803 1586 αὐτοῦ,

2773 1635 3022 1689 ΚΕΦΑΛ.
3057 1629 3171 1688 IA’.

2392 1715 2513 1794 Περὶ
2538 1716 2643 1773 τῶν
2673 1714 3076 1773 ἀποσταλέντων
3109 1718 3251 1795 παρὰ
3282 1716 3545 1776 Ἰωάννου.

2421 1806 2435 1825 κ
2510 1805 2525 1823 θ
2581 1805 2591 1822 Ι
2953 1805 2961 1820 ⁸
3236 1804 3251 1826 ν
3386 1813 3409 1824 θ
3503 1804 3526 1823 λ
3633 1806 3644 1825 Ι

2238 1828 2261 1858 ιι
2341 1814 2438 1862 Και
2508 1826 2714 1883 εγενετο
2763 1803 2850 1861 ὅτε
2882 1804 3119 1862 ἐτελεσεν
3150 1808 3178 1861 6
3258 1815 3441 1873 Ιησους
3498 1825 3791 1861 οιατασσων

429 1914 530 1956 sus
563 1898 878 1958 mandandi
906 1900 1118 1962 duode.
1139 1902 1216 1962 im
1241 1901 1547 1979 discipulis
1578 1899 1699 1961 suis
1726 1918 1738 1961 :
1766 1898 2068 1975 digressus

2183 1905 2267 1955 οῖς
2324 1890 2523 1948 δώδεκα
2581 1897 2849 1968 μαθηταῖς
2910 1898 3088 1973 αὺτοῦ,
3166 1894 3365 1968 μετέὅη
3451 1895 3652 1950 ἐκεῖθεν
3702 1900 3793 1949 τοῦ

430 1994 518 2045 est
548 1984 710 2046 illinc
743 1996 803 2047 ut
846 1989 1089 2050 doceret
1141 2000 1198 2051 et
1240 1990 1586 2069 praedicaret
1631 1990 1692 2049 in
1744 1986 2070 2049 civitatibus

2184 1979 2411 2038 ιδάσκειν
2469 1982 2557 2037 καὶ
2611 1984 2892 2059 κηρύσσειν
2949 1983 3000 2038 ἐν
3060 1996 3183 2047 ταῖς
3238 1982 3455 2039 πόλεσιν
3516 1983 3710 2043 αὐτῶν,
3762 2004 3787 2035 ι

430 2072 689 2135 illorum.
733 2099 755 2128 ι)
793 2074 982 2137 Missis
1008 2077 1312 2156 discipulis
1335 2078 1463 2157 ipse
1500 2086 1695 2139 cessat
1725 2076 1919 2136 facere
1953 2076 2066 2136 mi-

2179 2072 2283 2134 Τοὺς
2342 2072 2580 2145 μαθητὰς
2652 2071 2995 2145 ἀποστείλας,
3056 2074 3209 2134 αὐτὸς
3265 2071 3452 2128 λοιπὸν
3507 2071 3791 2151 ἡσυχάζει,

429 2162 652 2233 racula,
712 2171 768 2223 et
818 2165 1005 2225 solum
1066 2166 1317 2226 docebat
1377 2167 1436 2226 in
1467 2166 1793 2245 synagogis.
1847 2163 1989 2225 Nam
2023 2164 2071 2224 si

2179 2157 2320 2225 ιηδὲν
2374 2162 2807 2239 θαυματουργῶν,
2869 2159 3003 2216 ἀλλὰ
3063 2160 3224 2236 μόνον
3281 2159 3538 2217 διδάσκων
3568 2160 3623 2216 ἐν
3673 2173 3795 2222 ταῖς

431 2249 560 2326 ipse
595 2269 853 2327 prazsens
876 2264 1162 2326 curasset,
1202 2255 1343 2315 nulli
1379 2263 1515 2314 tunc
1563 2254 1951 2314 accessissent
1978 2252 2070 2311 di-

2179 2262 2515 2326 ωναγωγατς.
2576 2251 2630 2305 Εἰ
2682 2250 2781 2327 γὰρ
2864 2249 3018 2313 αὐτὸς
3089 2248 3365 2327 ἐθεράπευε
3423 2250 3627 2328 παρὼν,
3702 2250 3797 2305 οὐκ

430 2336 691 2416 scipulos
728 2360 740 2401 :
777 2348 837 2399 ut
864 2341 1051 2417 igitur
1080 2353 1135 2402 et
1178 2343 1261 2403 illi
1294 2342 1547 2403 habeant
1576 2344 1768 2403 locum
1802 2341 2072 2420 sanandi,

432 2425 560 2507 ipse
594 2428 893 2505 digressus
922 2440 1032 2494 est.

514 2515 867 2592 Vans.?,3.¢
908 2522 1170 2580 Joannes
1191 2528 1388 2581 autem
1413 2537 1546 2583 cum
1580 2520 1843 2581 audisset
1867 2520 1923 2580 in
1954 2540 2075 2581 car—

435 2622 573 2665 cere
601 2604 750 2665 facta
772 2606 1010 2680 Christi,
1041 2609 1236 2668 missis
1249 2609 1479 2670 duobus
1504 2628 1571 2670 ex
1597 2610 1905 2685 discipulis
1929 2609 2074 2679 suis,

435 2692 582 2754 dixit
608 2693 714 2754 illi:
748 2696 834 2757 Tu
858 2714 922 2757 es
945 2697 1043 2776 qui
1069 2706 1347 2757 venturus
1372 2717 1536 2769 es,an
1564 2698 1740 2759 alium
1777 2708 2077 2778 exspecta-

438 2788 617 2845 mus?
663 2807 691 2839 ι
744 2782 872 2844 Non
931 2786 1245 2865 interrogat
1274 2785 1533 2848 Joannes
1577 2787 1739 2867 quasi
1799 2787 2076 2865 ignorans

2157 2338 2216 2391 ἂν
2262 2338 2633 2416 προσήρχοντό
2703 2359 2840 2401 τινες
2898 2351 3017 2401 τοῖς
3048 2342 3340 2413 μαθηταῖς·
3381 2338 3471 2394 ’ἵνα
3501 2341 3588 2394 οὖν
3618 2342 3793 2416 σχῶσι

2160 2426 2345 2503 χώραν
2390 2425 2587 2482 ἐκεῖνοι
2617 2435 2710 2484 τοῦ
2736 2428 3062 2506 θεραπεύειν,
3110 2430 3263 2489 αὐτὸς
3285 2425 3609 2501 μεταϐαίνει,

2246 2536 2268 2568 ε
2312 2504 2369 2570 Ὀ
2401 2512 2455 2569 δὲ
2499 2512 2749 2582 Ἰωάννης
2798 2504 3056 2579 ἀκούσας
3084 2517 3140 2570 ἒν
3190 2521 3266 2588 τῷ
3335 2513 3681 2594 δεσμωτηρίῳ
3736 2514 3798 2569 τὰ

2161 2602 2288 2681 ἔργα
2346 2609 2438 2659 τοῦ
2493 2610 2740 2681 Χριστοῦ,
2794 2602 3013 2678 πέμψας
3056 2601 3145 2658 δὺο
3176 2608 3283 2659 τῶν
3315 2606 3569 2677 μαθητῶν
3619 2604 3798 2674 αὓτοῦ,

2163 2704 2314 2747 εἶπεν
2371 2691 2534 2765 αὐτῷ*
2600 2693 2671 2746 Σὺ
2739 2693 2793 2747 εἶ
2824 2694 2851 2747 6
2883 2690 3199 2772 ἐρχόμενος,
3232 2692 3268 2760 ἢ
3297 2690 3472 2771 ἕτερον
3503 2691 3802 2771 προσδοκῶ·

2163 2799 2302 2859 μεν,
2375 2803 2397 2837 ι)
2476 2779 2591 2859 Οὐχ
2622 2782 2693 2843 ὡς
2726 2782 2876 2846 αὐτὸς
2909 2783 3112 2859 ἀγνοῶν
3165 2783 3254 2837 τὸν
3308 2782 3530 2859 Χριστὸν
3560 2784 3587 2837 6
3619 2782 3801 2840 Ἰωάν-

437 2871 755 2932 Christum.
784 2872 930 2933 Nam
962 2894 1077 2949 quo
1111 2860 1278 2952 pacto
1303 2860 1621 2954 ignoraret,
1672 2895 1804 2934 cum
1827 2860 2078 2936 testatus

2179 2891 2257 2935 νης
2310 2870 2503 2946 ἐρωτᾷ.
2552 2869 2669 2930 Πῶς
2730 2870 2852 2946 γὰρ,
2888 2870 3014 2948 ὑπὲρ
3061 2872 3120 2925 οὗ
3150 2868 3447 2947 ἐμαρτὺρει,
3480 2869 3561 2924 ὅτι
3602 2890 3626 2925 ε
3689 2860 3805 2926 Η[δε

437 2958 532 3021 sit:
557 2959 710 3022 Ecce
731 2964 938 3040 Agnus
962 2962 1323 3025 Dei?Verum
1360 2966 1494 3044 quia
1528 2964 1799 3043 discipuli
1833 2965 1960 3042 ejus
1995 2965 2080 3024 in-

2179 2977 2189 3013 t
2249 2957 2443 3032 Ἀμνὸς
2524 2964 2613 3013 τοῦ
2645 2965 2774 3014 Θεου
2826 2977 2893 3033 ;ο
2934 2955 3080 3014 Ἀλλ’
3125 2957 3235 3014 ἐπεὶ
3296 2960 3341 3013 οἱ
3393 2959 3621 3033 μαθηταὶ
3653 2960 3808 3013 αὐτοῦ

434 3046 710 3110 ’videbant
740 3050 998 3126 Christo,
1034 3060 1093 3113 ut
1120 3052 1383 3132 pluribus
1405 3055 1765 3131 argumentis
1796 3054 2080 3116 certiores

2179 3047 2407 3126 ἐφθόνουν
2479 3054 2555 3120 τῷ
2614 3054 2845 3125 Χριστῷ,
2883 3047 2974 3103 ’ίνκ
3006 3046 3391 3127 πληροφορήσῃ
3443 3046 3692 3112 ἐκείνους,
3726 3045 3809 3102 διὰ

439 3155 542 3198 eos
570 3138 850 3201 redderet
882 3158 900 3201 :
938 3150 1176 3220 propter
1208 3143 1318 3202 hoc
1371 3143 1543 3202 mittit
1570 3162 1696 3217 eos,
1733 3151 1790 3202 ut
1822 3143 1911 3203 vel
1947 3144 2080 3203 visis

2179 3143 2318 3193 τοῦτο
2388 3134 2703 3193 ἀποστέλλει
2763 3137 2967 3209 αὐτοὺς,
3010 3139 3084 3200 ὡς
3116 3136 3175 3191 ἄν
3203 3138 3268 3191 τὰ
3336 3136 3575 3211 θαύματα
3612 3134 3809 3200 ἰδόντες

443 3227 745 3287 miraculis
778 3228 1317 3291 credantChristum
1351 3228 1580 3293 Joanne
1612 3234 1893 3309 majorem
1926 3249 2077 3292 esse:

441 3323 500 3376 et
530 3316 753 3379 idcirco
786 3320 949 3399 ﬁngit
994 3341 1056 3383 se
1087 3342 1316 3403 rogare:
1352 3326 1433 3385 Tu
1468 3342 1533 3385 es
1556 3323 1654 3403 qui
1682 3332 1963 3383 venimus
1992 3332 2084 3384 es?

441 3405 555 3467 hoc
577 3406 798 3486 est,qui
815 3410 1586 3490 exspectaturinScripturis
1609 3417 1663 3471 in
1690 3431 1867 3472 carne
1884 3422 2082 3472 ventu-

440 3493 848 3556 rus.Nonnulli
880 3505 1074 3558 autem
1099 3499 1491 3579 dicunt,quod
1526 3520 1658 3560 cum
1692 3500 1908 3562 dixerit
1935 3519 2077 3559 ven-

2169 3229 2472 3300 πεισθῶσιν,
2527 3225 2607 3281 ὅτι
2640 3227 2830 3301 μείζων
2882 3229 2974 3282 τοῦ
3006 3224 3249 3282 Ἰωάννου
3279 3223 3416 3281 ἐστὶν
3473 3226 3500 3281 ὀ
3559 3226 3805 3301 Χριστός

2168 3313 2251 3369 διὰ
2322 3322 2476 3370 τοῦτο
2535 3315 2625 3369 καὶ
2655 3315 3043 3392 σχηματίζεται
3116 3316 3268 3377 αὑτὸς
3313 3314 3535 3391 ἐρωτᾷν,
3587 3316 3659 3370 Σὺ
3689 3319 3739 3371 εἷ
3784 3316 3811 3369 ὀ

2170 3403 2510 3483 ἐρχόμενος;
2579 3403 2868 3477 τουτέστιν,
2964 3406 2991 3459 ο
3042 3401 3479 3479 προσδοκώμενος
3550 3406 3605 3460 ἐν
3689 3418 3811 3469 ταῖς

2168 3499 2402 3571 Γραφαῐς
2465 3491 2712 3571 ἔρχεσθαι
2774 3493 2907 3568 μετὰ
2964 3493 3179 3570 σαρκός.
3228 3492 3376 3555 Τινὲς
3425 3490 3480 3548 δὲ
3530 3514 3686 3573 φασιν
3732 3492 3811 3550 ὅτι

443 3586 663 3654 turum,
691 3580 1073 3662 interrogavit
1109 3587 1182 3646 de
1217 3587 1505 3647 descensu
1540 3588 1609 3647 ad
1639 3587 1885 3665 inferos,
1919 3585 2080 3666 quasi

2179 3581 2225 3637 τὸ
2256 3581 2570 3659 ἐρχόμενος,
2622 3601 2736 3659 περ)
2792 3587 2889 3648 τῆς
2946 3584 3017 3644 εἰς
3065 3580 3191 3653 ᾅδην
3245 3580 3464 3639 καθόδου
3510 3582 3810 3662 ἠρώτησεν,

441 3669 975 3747 ignorctJonnnes,
1012 3683 1069 3734 et
1099 3674 1251 3737 dicat
1285 3699 1297 3734 :
1331 3676 1408 3737 Es
1442 3686 1502 3737 tu
1527 3676 1625 3737 ille
1655 3678 1750 3756 qui
1802 3677 1871 3737 ad
1898 3678 2080 3735 infer-

2179 3673 2238 3733 ἑ),
2302 3671 2504 3747 ἀγνοῶν
2536 3670 2563 3724 ό
2609 3667 2884 3749 Ἰωάννης,
2942 3673 3131 3726 ὡσανεὶ
3174 3669 3365 3747 λέγων·
3402 3671 3472 3725 Σὺ
3504 3671 3557 3726 εἷ
3590 3672 3618 3726 ὁ
3647 3670 3812 3751 ἐρχό-

444 3775 584 3818 num
603 3767 882 3821 venturus
904 3770 1095 3841 est,an
1119 3764 1297 3824 alium
1315 3764 1875 3845 exspectamus‘ﬂloc
1893 3774 2080 3825 autem

2179 3780 2328 3834 μενος
2389 3760 2477 3813 καὶ
2551 3760 2622 3822 εἷς
2708 3760 2799 3813 τὸν
2856 3756 3010 3838 ᾃδην,
3069 3760 3104 3827 ἢ
3152 3759 3327 3837 ἕτερον
3384 3756 3808 3838 προσδοκῶμεν,

441 3845 714 3907 frivolum
747 3849 920 3909 fuerit
966 3839 1185 3913 dicere.
1222 3853 1364 3914 Cum
1413 3839 1567 3913 enim
1604 3854 1902 3932 prophetis
1958 3853 2080 3913 aliis

2179 3855 2335 3907 Τοῦτο
2389 3846 2442 3902 δὲ
2494 3847 2741 3913 ἀνόητον,
2792 3839 2849 3905 Ὀ
2907 3850 3006 3927 γὰρ
3062 3848 3316 3915 ἰωάννης
3372 3854 3660 3928 προφητῶν
3718 3869 3813 3903 πε-

445 3936 829 3997 excellentior
851 3938 1617 4022 fueritJoannes,quomodo
1642 3941 2080 4002 crueiﬁxionem

2179 3936 2465 4016 ρισσότερος
2523 3934 2621 4016 ὤν,
2679 3942 2793 4001 πῶς
2868 3936 2929 3994 ἄν
2984 3938 3161 4017 ἠγνόει
3230 3938 3327 4004 τὴν
3375 3939 3665 4015 σταύρωσιν
3722 3944 3813 3994 τοῦ

446 4024 666 4087 Christi
698 4036 755 4088 et
777 4028 905 4105 ejus
938 4032 1008 4089 ad
1061 4031 1283 4092 inferos
1314 4032 1671 4092 descensum
1731 4031 2080 4108 ignorasset,

2179 4033 2399 4105 Χριστοῦ
2451 4028 2537 4081 καὶ
2594 4026 2692 4093 τὴν
2759 4028 2829 4088 εἷς
2863 4025 2985 4098 ᾃδου
3028 4026 3264 4105 κάθοδον,
3298 4028 3575 4086 καὶταῦτα
3645 4027 3811 4101 ἀμνὸν

446 4114 776 4193 praesertim
830 4136 962 4178 cum
1009 4120 1301 4180 Christum
1337 4139 1551 4199 agnum
1615 4122 1951 4185 nominarit,
2015 4140 2080 4180 eo

2179 4118 2325 4172 αὐτὸν
2369 4116 2657 4189 ὀνομάσας,
2691 4113 2774 4171 διὰ
2803 4117 2863 4171 τὸ
2909 4115 3121 4190 μέλλειν
3148 4117 3279 4194 ὑπὲρ
3315 4118 3461 4191 ἡμῶν
3494 4118 3760 4193 σφαγῆναι
3796 4138 3813 4187 ;

445 4204 601 4282 quod
634 4221 736 4282 pro
770 4206 940 4267 nobis
971 4196 1513 4269 immi-landuserat
1536 4215 1563 4270 ?
1613 4208 1850 4270 Sciebat
1907 4209 2080 4285 igitur

2179 4196 2334 4275 ’ᾘδει
2392 4205 2560 4261 τοίνυν
2614 4205 2641 4258 ὀ
2671 4203 2929 4271 Ἰωάννης
2977 4203 3056 4259 ὅτι
3089 4206 3175 4260 καὶ
3218 4207 3290 4267 εἷς
3321 4203 3445 4275 ᾇόου
3476 4204 3743 4260 ἐλεύσεται
3786 4206 3814 4259 ὁ

443 4291 704 4357 Joannes
736 4298 889 4377 quod
910 4299 979 4359 ad
1006 4300 1301 4360 infernum
1323 4310 1600 4361 venturus
1624 4310 1779 4361 esset
1802 4301 2080 4361 Dominus

2179 4296 2359 4371 Κύριος
2430 4293 2565 4367 μετὰ
2623 4292 2718 4359 τῆς
2778 4298 2987 4373 ψυχῆς,
3021 4294 3111 4349 ἵνα
3139 4294 3298 4350 κάκεῖ
3343 4294 3517 4372 σώσῃ,
3550 4295 3623 4357 ὣς
3654 4316 3815 4373 φησιν

446 4401 579 4445 cum
614 4386 835 4466 anima,
859 4397 921 4448 ut
951 4397 1007 4449 et
1039 4388 1160 4449 illic
1192 4392 1465 4460 salvaret,
1512 4390 1663 4450 sicut
1694 4390 1839 4450 dixit
1862 4392 2080 4469 Grego-

2179 4384 2200 4439 ὁ
2259 4380 2519 4459 Θεολόγος
2577 4382 2888 4461 Γρηγόριος,
2936 4384 3079 4455 τοὺς,
3125 4382 3238 4439 ὅσοι
3271 4384 3534 4438 πιστεύειν
3566 4382 3813 4458 ἔμελλον,

443 4470 567 4530 rius
626 4471 988 4552 Thc-nlogus,
1051 4496 1260 4537 omnes
1287 4477 1387 4557 qui
1431 4478 1716 4540 credituri
1750 4486 1918 4539 erant
1945 4479 1994 4539 si
2029 4478 2080 4537 in

2179 4474 2215 4527 si
2259 4471 2343 4527 ἐπὶ
2414 4476 2520 4525 τῶν
2571 4471 2783 4549 ἡμερῶν
2844 4472 3012 4527 αὐτῶν
3082 4472 3379 4550 ἐσαρκώθηθ
3439 4472 3526 4527 καὶ
3584 4471 3688 4550 οὔχ
3740 4474 3813 4536 ὼς

446 4557 657 4622 diebus
690 4562 955 4643 ipsorum
985 4565 1197 4626 inisset
1249 4565 1607 4627 incarnatus.
1657 4566 1727 4629 Et
1791 4587 1909 4627 non
1940 4568 2080 4631 sicut

2179 4561 2377 4638 αγνοῶν
2434 4558 2623 4633 ἐρωτᾷ,
2688 4557 2805 4613 ἀλλ’
2860 4561 2931 4621 ὡς
3003 4558 3169 4615 θέλων
3222 4560 3627 4638 πληροφορῆσαι
3697 4562 3816 4624 τούς

445 4647 723 4726 ignorans
752 4661 937 4732 rogat,
966 4655 1065 4715 Sed
1101 4655 1255 4716 sicut
1287 4656 1490 4716 volens
1540 4656 1798 4736 copiosis
1831 4656 2080 4716 testimo-

2182 4648 2420 4725 μαθητὰς
2480 4645 2637 4702 αὐτοῦ
2727 4650 2841 4719 περὶ
2897 4670 2987 4703 του
3069 4655 3314 4729 Χριστου,
3400 4647 3482 4704 δια
3532 4654 3658 4716 τῆς
3714 4656 3813 4705 τῶν

447 4737 561 4798 niis
584 4738 914 4821 discipulos
932 4762 1071 4803 suos
1086 4744 1305 4805 docere
1326 4744 1400 4805 de
1415 4745 1649 4808 Christo
1678 4744 1752 4805 ob
1774 4745 2094 4805 miraculo-

446 4842 576 4915 rum
602 4831 1196 4908 operationem.Vide
1220 4833 1377 4893 enim
1406 4842 1465 4895 et
1495 4834 1634 4915 quid
1654 4834 1922 4897 Christus
1943 4833 2098 4895 dicat

445 4913 518 4974 ad
544 4914 697 4978 hanc
720 4918 1269 5000 interrogationem.

528 5001 709 5069 Vens.
735 5008 867 5071 4-6.
906 5010 1236 5089 Respondit
1265 5020 1462 5072 autem
1494 5013 1753 5074 .Iesus.et
1789 5012 1933 5073 dixit
1963 5012 2049 5073 eis
2078 5030 2090 5072 :

447 5092 529 5154 ite
550 5102 607 5181 et
636 5097 975 5160 renuntiate
999 5096 1215 5160 Joanni
1249 5118 1318 5161 ea
1348 5118 1477 5181 qua:
1507 5101 1725 5161 auditis
1757 5112 1811 5161 et
1844 5100 2052 5161 videtis
2079 5131 2093 5167 ε

448 5180 600 5244 Caeci
630 5182 849 5259 vident,
887 5194 944 5247 et
974 5186 1167 5249 claudi
1201 5186 1526 5250 ambulant:
1557 5188 1779 5267 leprosi
1812 5189 2096 5249 mundan-

450 5277 563 5345 tur,
600 5279 659 5332 et
688 5273 850 5334 surdi
882 5275 1125 5337 audiunt
1160 5297 1172 5336 :
1212 5278 1428 5338 mortui
1453 5279 1798 5357 excitantur,
1843 5286 1900 5337 et
1950 5295 2094 5357 pau-

449 5377 622 5438 peres
654 5364 1149 5440 evangelizantur.
1186 5366 1255 5427 Et
1287 5366 1493 5428 beatus
1527 5376 1615 5427 est
1669 5365 1932 5445 quisquis
1976 5386 2092 5426 non

446 5447 908 5535 fueritotfensus
938 5472 1043 5535 per
1075 5474 1189 5519 me.
1263 5482 1288 5511 ι)
1327 5456 1454 5518 Non
1514 5456 1676 5530 dixit,
1735 5454 2093 5515 Annuntiate

441 5532 681 5613 Joanni,
711 5538 830 5621 Ego
860 5532 988 5603 sum
1020 5544 1120 5625 qui
1146 5553 1423 5608 venturus
1451 5563 1580 5608 sum
1611 5565 1626 5606 :
1660 5544 1763 5606 sed
1791 5552 1849 5605 nt
1896 5544 2093 5606 sciens

2178 4738 2457 4801 θαυμάτων
2514 4734 2783 4813 ἐργασίας.
2847 4726 2993 4811 ιὈρα
3022 4738 3120 4816 γὰρ
3164 4741 3252 4795 καὶ
3277 4726 3308 4795 6
3335 4740 3558 4817 Χριστὸς
3583 4738 3629 4793 τί
3672 4738 3815 4814 λέγει

2179 4828 2308 4904 πρὸς
2336 4826 2432 4892 τὴν
2458 4824 2709 4890 τοιαὺτην
2731 4822 3012 4902 ἐρώτησιν.

2268 5025 2291 5059 α
2330 5002 2661 5080 Ἀποκριθεὶς
2720 5000 2774 5057 δὲ
2822 5003 2849 5057 ὅ
2895 5001 3124 5078 Ἰτιδοῦς,
3179 5010 3331 5061 εἶπεν
3392 5010 3595 5067 αὐτοῖς.
3644 5028 3667 5058 ιι
3705 5010 3818 5061 Πο-

2180 5093 2439 5173 ρευθέντες
2500 5089 2859 5169 ἀπαγγείλατε
2911 5092 3129 5169 Ἰωάννῃ
3202 5094 3233 5149 ἅ
3289 5095 3503 5150 ἆκοῦετε
3556 5096 3642 5149 καὶ
3688 5092 3821 5169 βλέ-

2178 5202 2326 5239 πετε·
2391 5179 2576 5260 τυφλοὶ
2632 5180 3008 5255 ἀνάλὲπουσι,
3058 5186 3145 5239 καὶ
3220 5182 3389 5263 χωλοὶ
3450 5189 3819 5261 περιπατοῦσι’
3908 5254 3913 5262 '

2178 5271 2359 5350 λεπροὶ
2446 5271 2823 5347 κεθαρίζονται,
2899 5274 2983 5326 καὶ
3082 5274 3248 5353 κωφοὶ
3296 5272 3562 5328 ἀκούουσιο
3651 5273 3821 5349 νεκροὶ

2179 5362 2491 5439 ἐγείρονται,
2558 5360 2646 5413 καὶ
2699 5361 2912 5439 πτωχοὶ
2960 5359 3404 5439 εὐαγγελίζονται,
3494 5361 3589 5418 Καὶ
3642 5361 3821 5434 μακά-

2178 5450 2289 5529 ριός
2343 5448 2506 5526 ἐστιν,
2564 5443 2617 5511 ὅς
2674 5446 2763 5503 ἐὰν
2836 5450 2914 5523 μή
2962 5448 3314 5526 σκανδαλισθῇ
3346 5450 3399 5505 ἐν
3429 5448 3571 5524 ἐμοί.
3615 5474 3641 5503 ι
3719 5452 3825 5506 Οὔκ

2176 5541 2321 5597 τίπει
2379 5535 2461 5592 ὅτι
2496 5533 2884 5616 Ἀπαγγείλατε
2953 5545 3027 5613 τῷ
3078 5538 3325 5614 Ἰωάννῃ,
3396 5537 3476 5595 ὅτι
3541 5538 3648 5616 ἐγώ
3719 5540 3824 5614 εἰμι
