4118 6220
426 337 543 400 ξιτ

1388 341 1979 403 THEOPHYLACTI
2026 337 2425 401 BULGAHl/E
2466 340 2821 403 ARCHIEP.

3668 333 3783 398 248

425 470 723 549 intelligas
747 472 1115 551 quudjustus
1147 472 1518 535 existimetur
1576 472 1749 535 etiam
1811 473 1907 532 ille
1964 471 2059 549 qui

2171 471 2398 545 ,ήψεταιο
2458 471 2493 539 ἢ
2566 472 2655 528 καὶ
2685 470 2876 547 ἑτέρως
2909 474 3143 544 νοήσεις,
3178 471 3257 526 ὅτι
3301 468 3498 533 δίκαιος
3528 468 3787 545 λογισθή-

426 559 763 639 suscipit,et
795 562 1047 642 accipiet
1079 561 1412 622 mercedem
1446 562 1783 642 quamju~ti
1803 562 2061 640 capiunt.

504 738 683 801 Vens.
707 740 801 802 42.
838 764 863 793 α
885 739 957 801 Et
987 741 1327 823 quicunque
1348 741 1631 822 potaverit
1653 760 1832 802 unum
1861 758 1927 801 ex
1952 757 2065 818 pu-

426 822 579 888 sillis
607 826 735 888 istis
770 829 981 908 poculo
1015 822 1245 908 frigidas
1267 849 1433 911 aqua)
1480 838 1703 891 tantum
1735 829 1794 889 in
1827 828 2067 889 nomine

426 912 732 996 discipuli,
756 935 928 978 amen
947 918 1078 979 dico
1101 919 1413 999 vobis,non
1443 919 1780 999 perditurus
1802 926 1890 977 est
1915 936 2067 977 mer-

429 1003 635 1065 cedem
672 1022 834 1065 suam
894 1031 915 1062 n
955 1009 1043 1069 Ne
1076 1017 1472 1089 paupertatem
1506 1008 1641 1087 quis
1666 1006 2061 1087 praatexatdi-

428 1090 510 1152 cit
554 1093 708 1170 quod
736 1093 855 1154 Etsi
886 1096 1158 1172 poculum
1209 1116 1375 1176 aqua:
1426 1097 1648 1175 frigida:
1687 1096 1790 1156 des
1846 1094 1937 1153 52
1994 1114 2062 1154 eo

430 1181 585 1259 quod
610 1180 709 1241 ille
733 1201 901 1242 meus
917 1183 1240 1264 discipulus
1259 1187 1416 1264 sit,et
1436 1186 1610 1265 hujus
1628 1185 1884 1262 accipies
1908 1202 2065 1242 mer-

430 1269 660 1330 cedem.
723 1269 999 1333 Poculum
1034 1281 1229 1337 autem
1256 1294 1422 1355 aqua}
1454 1275 1678 1351 frigidae
1703 1274 1801 1333 dat
1845 1280 1902 1333 et
1931 1272 2065 1350 qui-

431 1357 607 1419 docet
638 1360 973 1439 quempiam
1030 1363 1376 1441 ﬂagrantem
1435 1364 1570 1438 igne
1629 1362 1947 1423 iracundiae
1978 1361 2065 1421 vel

430 1448 1046 1526 concupiscentiarum
1081 1460 1137 1513 et
1166 1452 1453 1514 faciteum
1482 1452 1774 1513 nominari
1799 1450 2065 1530 discipu~

431 1533 551 1595 lum
576 1536 814 1599 Christi:
844 1556 950 1599 nec
974 1539 1068 1600 hic
1096 1540 1275 1619 igitur
1297 1540 1854 1621 perdetmercedem
1877 1556 2065 1599 suam.

1053 1642 1294 1707 CAPUT
1340 1644 1439 1706 XI.

737 1727 823 1790 De
851 1730 926 1790 iis
945 1733 1049 1810 qui
1078 1736 1247 1794 νηίδςὶ
1273 1742 1409 1794 sunt
1439 1754 1473 1793 a
1504 1736 1758 1794 Joanne.

511 1814 694 1879 Vens.
738 1825 786 1879 1.
822 1840 843 1873 α
880 1818 950 1879 Et
973 1820 1185 1881 factum
1219 1830 1307 1882 est
1339 1841 1471 1883 cum
1505 1822 1683 1882 ﬁnem
1712 1820 1948 1881 fecisset
1975 1821 2071 1882 .lc-

432 1922 534 1965 sus
567 1907 882 1967 mandandi
909 1910 1121 1971 duodet
1142 1911 1220 1971 im
1244 1910 1549 1989 discipulis
1580 1910 1702 1971 suis
1728 1929 1741 1971 :
1770 1909 2071 1986 digressus

434 2002 521 2053 est
550 1993 713 2055 illinc
746 2004 807 2056 ut
849 1998 1091 2059 doceret
1143 2010 1202 2061 et
1244 2000 1589 2078 praedicaret
1633 2000 1694 2060 in
1747 1997 2073 2059 civitatibus

433 2080 693 2144 illorum.
736 2108 758 2136 »ι
796 2083 985 2146 Missis
1012 2086 1314 2166 discipulis
1338 2088 1465 2166 ipse
1503 2097 1698 2149 cessat
1727 2087 1921 2147 facere
1955 2087 2069 2147 mi-

433 2170 656 2243 racula,
716 2180 772 2232 et
821 2174 1008 2234 solum
1069 2176 1320 2236 docebat
1379 2177 1439 2236 in
1469 2176 1795 2255 synagogis.
1848 2174 1991 2236 Nam
2025 2175 2073 2235 si

434 2258 563 2336 ipse
598 2278 857 2336 praasens
880 2272 1164 2335 curasset,
1205 2265 1346 2325 nulli
1382 2273 1516 2324 tunc
1566 2264 1953 2325 accessissent
1980 2263 2071 2322 di-

433 2345 694 2425 scipulos
731 2370 743 2411 :
780 2357 840 2409 ut
867 2350 1053 2426 igitur
1083 2362 1138 2412 et
1181 2352 1264 2412 illi
1296 2352 1550 2413 habeant
1578 2354 1769 2413 locum
1805 2352 2073 2432 sanandi,

434 2435 563 2516 ipse
596 2437 896 2515 digressus
924 2449 1035 2503 est.

516 2524 869 2602 Vsas.?,3.c
910 2532 1173 2590 Joannes
1194 2540 1390 2592 autem
1416 2548 1548 2593 cum
1583 2531 1845 2591 audisset
1868 2532 1925 2592 in
1956 2550 2078 2592 car-

437 2632 576 2674 cere
605 2614 752 2675 facta
774 2615 1012 2690 Christi,
1043 2619 1238 2679 missis
1252 2619 1481 2681 duobus
1506 2639 1573 2681 ex
1599 2620 1907 2697 discipulis
1931 2620 2076 2692 suis,

438 2701 585 2763 dixit
610 2703 717 2763 illi:
750 2705 836 2766 Tu
860 2725 923 2767 es
946 2707 1045 2786 qui
1071 2716 1349 2768 venturus
1375 2727 1539 2781 es,an
1566 2709 1742 2769 alium
1778 2720 2080 2789 exspecta-

440 2797 620 2854 mus?
665 2815 693 2848 ι
746 2791 873 2854 Νοη
932 2796 1247 2875 interrogat
1276 2795 1535 2858 Joannes
1578 2799 1741 2877 quasi
1802 2798 2078 2876 ignorans

439 2880 757 2942 Christum.
785 2881 931 2943 Nam
963 2905 1079 2959 quo
1113 2896 1280 2962 pacto
1306 2888 1623 2964 ignoraret,
1674 2906 1805 2945 cum
1840 2895 2080 2947 testatus

438 2967 533 3031 sit:
559 2968 712 3031 Ecce
733 2973 940 3049 Agnus
961 2972 1324 3035 Dei‘?Verum
1362 2977 1496 3054 quia
1531 2975 1800 3054 discipuli
1834 2976 1962 3054 ejus
1996 2976 2083 3035 iu-

2147 580 2291 615 σεται
2346 562 2434 616 καὶ
2498 562 2653 623 αῦτὸς
2683 563 2711 616 6
2767 556 3070 635 δεξάμενος,
3122 561 3206 616 καὶ
3237 560 3465 634 λήψεται
3510 557 3701 634 μισθὸν
3728 556 3785 613 ἄν

2148 650 2195 704 οἱ
2237 645 2427 706 δικαιοι
2459 646 2837 724 λαμϐάνουσιν.

2237 755 2261 790 α
2310 738 2407 793 Καὶ
2465 736 2522 799 ὅς
2553 738 2643 795 εὰν
2727 736 2919 814 ποτίσῃ
2949 736 3037 792 ἕνα
3067 741 3172 791 τῶν
3203 743 3403 815 μικρῶν
3449 757 3510 791 το
3523 735 3647 790 3των
3678 757 3781 790 πο-

2149 826 2330 903 τήριον
2400 830 2608 906 ψυχροῦ
2665 825 2847 901 μόνον,
2876 827 2950 890 εἰς
2978 823 3146 900 ὄνομα
3177 830 3438 899 μαθητοῦ,
3473 824 3615 906 ἀμην
3644 822 3785 900 λέγω

2147 902 2296 992 ὕκην,
2357 917 2417 972 οῦ
2476 916 2551 989 μὴ
2610 913 2849 992 ἀπολέσῃ
2881 915 2972 971 τὸν
3029 916 3215 990 μισθὸν
3258 916 3434 974 αὐτοῦ.
3474 937 3499 966 ν
3552 902 3677 969 Ηινα
3709 910 3785 987 μή

2148 1003 2329 1059 πενίαν
2401 1001 2765 1080 προϐάλληταί
2836 1027 2940 1083 τις,
2998 1005 3180 1084 φησὶν,
3213 1001 3294 1059 ὅτι
3352 1002 3462 1061 Κᾶν
3534 1003 3787 1076 ποτήριον

2145 1088 2330 1154 ὓδατος
2385 1098 2590 1172 ψυχροῦ
2647 1092 2775 1174 δῷς,
2852 1094 3011 1173 χάριν
3052 1099 3144 1150 τοῦ
3173 1092 3323 1149 εἶναι
3364 1091 3492 1167 ἐμὸν
3545 1093 3786 1164 μαθητὴν

2152 1178 2378 1255 ἐκεῖνον,
2440 1183 2527 1238 καὶ
2582 1183 2766 1239 τούτου
2820 1180 2972 1259 ληψῃ
3031 1183 3119 1238 τὸν
3178 1181 3386 1256 μισθόν·
3439 1182 3693 1251 ποτήριον
3733 1177 3787 1233 δὲ

2151 1271 2357 1347 ψυχροῦ
2415 1267 2589 1325 δίδωσι
2662 1273 2750 1327 καὶ
2788 1274 2815 1327 6
2863 1268 3119 1326 διδάσκων
3160 1270 3280 1325 τινὰ
3309 1267 3686 1349 φλογιζόμενον
3715 1273 3791 1340 τῷ

2148 1362 2239 1411 τοῦ
2292 1357 2455 1432 θυμοῦ
2485 1359 2605 1437 πυρὶ
2673 1361 2760 1415 καὶ
2789 1365 2893 1415 τῶν
2958 1357 3266 1433 ἐπιθυμιῶν.
3304 1359 3401 1416 Καὶ
3428 1362 3594 1413 ποιῶν
3637 1354 3790 1411 αὖτὸν

2153 1447 2396 1518 μαθητὴν
2466 1447 2805 1518 ὀνομάζεσθαι
2863 1454 3108 1527 Χριστοῦ,
3159 1444 3274 1506 οῦδὲ
3305 1449 3452 1509 οὗτος
3498 1443 3583 1502 οὖν
3614 1442 3787 1501 ἀπόλ-

2154 1530 2267 1589 λυσι
2296 1536 2386 1590 τὸν
2417 1536 2603 1610 μισθὸν
2630 1535 2807 1598 αὐτοῦ,

2776 1647 3025 1701 ΚΕΦΑΛ.
3060 1641 3173 1700 IA’.

2395 1727 2516 1806 Περὶ
2541 1728 2647 1784 τῶν
2676 1726 3079 1785 ἀποσταλέντων
3112 1730 3254 1808 παρὰ
3284 1728 3547 1788 Ἰωάννου.

2241 1839 2264 1868 α
2344 1817 2442 1873 Καὶ
2510 1815 2717 1894 ἐγένετο
2766 1814 2853 1871 ὅτε
2885 1816 3121 1874 ἐτέλεσεν
3153 1820 3180 1873 6
3239 1815 3443 1885 Ἰησοῦς
3501 1816 3791 1873 διατάσσων

2153 1915 2269 1966 τοῖς
2327 1901 2526 1959 δώδεκα
2584 1908 2853 1979 μαθηταῖς
2913 1909 3091 1985 αὺτοῦ,
3169 1906 3368 1980 μετέϐη
3453 1906 3654 1962 ἐκεῖθεν
3703 1912 3794 1961 τοῦ

2154 1990 2414 2049 διδάσκειν
2471 1993 2559 2048 καὶ
2614 1995 2894 2070 κηρύσσειν
2952 1994 3002 2049 ἐν
3063 2008 3185 2059 ταῖς
3241 1994 3458 2051 πόλεσιν
3517 1995 3711 2055 αὖτῶν,
3763 2016 3788 2047 ι

2156 2082 2286 2145 Τοῦς
2345 2083 2583 2156 μαθητὰς
2655 2082 2997 2156 ἀποστείλας,
3058 2086 3211 2146 αὐτὸς
3267 2083 3454 2140 λοιπὸν
3509 2083 3792 2163 ἡσυχάζει,

2157 2168 2322 2246 μηδὲν
2376 2173 2809 2250 θαυματουργῶν,
2871 2171 3006 2228 ἀλλὰ
3066 2172 3226 2247 μόνον
3283 2171 3540 2229 διδάσκων
3570 2172 3625 2228 ἐν
3674 2185 3796 2234 ταῖς

2158 2273 2517 2338 συναγωγαῖς.
2579 2262 2633 2317 Εἰ
2685 2262 2783 2338 γὰρ
2866 2260 3020 2325 αὐτὸς
3092 2260 3367 2339 ἐθεράπευε
3425 2263 3629 2340 παρὼν,
3704 2261 3798 2317 οῦκ

2159 2348 2218 2402 ἂν
2264 2349 2635 2428 προσήρχοντό
2705 2371 2842 2413 τινες
2900 2363 3019 2413 τοῖς
3050 2354 3342 2425 μαθηταϊς’
3383 2350 3474 2407 ’ἕνα
3503 2353 3590 2406 οὖν
3620 2355 3795 2429 σχῶσι

2162 2437 2347 2515 χὼραν
2392 2437 2589 2494 ἐκεῖνοι
2619 2446 2712 2496 τοῦ
2739 2440 3064 2518 θεραπεύειν,
3112 2441 3264 2501 αὐτὸς
3287 2437 3610 2513 μεταϐαίνει.

2248 2548 2270 2579 ε
2314 2516 2372 2582 Ὀ
2403 2523 2456 2580 δὲ
2501 2524 2751 2593 Ἰωάννης
2800 2516 3141 2591 ἁκούσαςνέν
3192 2533 3267 2600 τῷ
3337 2525 3683 2607 δεσμωτηρίῳ
3738 2526 3801 2582 τὰ

2162 2614 2290 2692 ἔργα
2348 2620 2440 2670 τοῦ
2494 2621 2742 2694 Χριστοῦ,
2796 2614 3015 2691 πέμψας
3057 2613 3146 2671 δὺο
3177 2621 3284 2671 τῶν
3316 2618 3570 2689 μαθητῶν
3619 2616 3799 2686 αὑτοῦ,

2164 2715 2315 2758 εἶπεν
2372 2702 2537 2776 αὖτῷο
2602 2705 2674 2759 Σὺ
2741 2704 2797 2760 εἴ
2826 2706 2854 2760 6
2885 2703 3201 2785 ἐρχόμενος,
3234 2704 3269 2772 ἢ
3298 2703 3473 2783 ἕτερον
3504 2703 3803 2783 προσδοκῶ-

2164 2810 2303 2872 μεν,
2376 2815 2399 2849 ι)
2478 2792 2593 2872 Οὐχ
2623 2795 2695 2856 ὡς
2728 2795 2878 2858 αὐτὸς
2910 2794 3113 2871 ἀγνοῶν
3166 2796 3255 2849 τὸν
3308 2795 3531 2872 Χριστὸν
3561 2797 3588 2851 6
3620 2794 3802 2854 Ἰωάν-

2162 2902 2258 2946 νης
2312 2881 2505 2958 ἐρωτᾷ.
2554 2882 2697 2942 [Ιῶςη
2732 2883 2854 2959 γὰρ,
2889 2882 3015 2959 ὑπὲρ
3062 2884 3121 2938 οὗ
3151 2880 3449 2960 ὲμαρτὺρει,
3482 2882 3563 2938 ὅτι
3604 2903 3628 2939 0
3690 2873 3806 2940 Η[δε

2164 2972 2191 3025 6
2250 2969 2445 3043 Ἀμνὸς
2526 2976 2615 3025 τοῦ
2647 2977 2775 3025 Θεοῦ
2827 2989 2895 3045 ;»
2935 2967 3082 3026 Ἀλλ’
3127 2970 3237 3027 ἐπεὶ
3297 2973 3343 3026 οἱ
3395 2973 3623 3046 μαθηταὶ
3654 2974 3809 3027 αὑτοῦ

435 3056 712 3119 videbant
742 3060 999 3135 Christo,
1035 3070 1095 3122 ut
1121 3062 1385 3142 pluribus
1407 3066 1766 3142 argumentis
1797 3066 2077 3127 certiores

2171 3058 2409 3137 ἐφθόνουν
2481 3065 2557 3131 τῷ
2615 3065 2847 3136 Χριστῷ,
2885 3059 2975 3114 ἵνα
3008 3058 3393 3139 πληροφορήσῃ
3444 3059 3692 3125 ἐκείνους.
3726 3058 3808 3114 διὰ

440 3164 543 3207 eos
572 3147 851 3209 redderet
884 3168 901 3211 :
938 3160 1178 3230 prapter
1209 3153 1319 3212 hoc
1372 3153 1544 3213 mittit
1570 3172 1697 3227 eos,
1734 3162 1791 3213 ut
1824 3154 1913 3214 vel
1948 3155 2082 3214 visis

444 3236 747 3297 miraculis
779 3238 1318 3301 credantChristum
1352 3238 1581 3303 Joanne
1613 3244 1895 3320 majorem
1927 3261 2078 3303 esse:

442 3332 501 3386 et
530 3326 754 3389 idcirco
788 3329 951 3408 ﬁngit
995 3351 1057 3392 se
1088 3352 1318 3413 rogare:
1353 3336 1434 3395 Tu
1469 3351 1533 3395 es
1557 3334 1654 3414 qui
1683 3343 1964 3394 venturus
1994 3346 2085 3395 es?

442 3414 555 3476 hoc
578 3417 799 3496 est,qui
816 3421 1587 3501 exspectaturinScripturis
1610 3427 1665 3482 in
1690 3442 1868 3483 carne
1884 3433 2083 3483 ventu—

440 3503 849 3590 rus.Nonnulli
880 3515 1074 3568 autem
1100 3510 1490 3590 dicunt,quod
1526 3531 1658 3571 cum
1693 3511 1909 3573 dixerit
1936 3530 2076 3571 ven~

443 3596 663 3664 turum,
692 3589 1074 3672 interrogavit
1109 3597 1183 3656 de
1218 3589 1507 3658 descensu
1541 3599 1609 3658 ad
1640 3598 1886 3676 inferos,
1919 3596 2083 3678 quasi

441 3679 669 3755 ignoret
690 3681 975 3757 Jonnnes,
1012 3694 1069 3744 et
1100 3684 1252 3747 dicat
1286 3709 1297 3745 :
1332 3686 1409 3748 Es
1442 3697 1503 3748 tu
1527 3687 1625 3747 ille
1655 3689 1751 3767 qui
1803 3688 1872 3749 ad
1899 3688 2083 3747 infer-

443 3785 584 3827 num
603 3777 883 3831 venturus
905 3780 1096 3851 est,an
1120 3774 1298 3835 alium
1316 3776 1876 3855 exspectamus‘nloc
1893 3786 2085 3836 autem

2166 3154 2319 3204 τοῦτο
2389 3145 2704 3203 ἀποστέλλει
2764 3149 2969 3220 αὐτοὺς,
3012 3151 3085 3212 ὡς
3117 3148 3177 3204 ἄν
3205 3150 3270 3203 τὰ
3338 3150 3576 3224 θαύματα
3613 3147 3807 3212 ἰδόντες

2170 3240 2473 3312 πεισθῶσιν,
2528 3235 2607 3292 ὅτι
2641 3238 2831 3312 μείζων
2884 3240 2976 3294 τοῦ
3008 3236 3251 3295 Ἰωάννου
3281 3236 3417 3294 ἐστὶν
3474 3239 3502 3294 6
3560 3238 3804 3315 Χριστός·

2170 3324 2253 3380 διὰ
2323 3332 2477 3381 τοῦτο
2537 3326 2626 3381 καὶ
2656 3327 3045 3404 σχηματίζεται
3118 3329 3270 3389 αὐτὸς
3315 3327 3536 3404 ἐρωτᾷν,
3587 3328 3659 3382 Σὺ
3690 3332 3739 3383 εἷ
3784 3329 3811 3382 6

2170 3414 2511 3495 ἐρχόμενος;
2580 3414 2869 3489 τουτέστιν,
2966 3417 2993 3470 6
3044 3414 3480 3492 προσδοκώμενος
3551 3418 3605 3472 ἓν
3689 3430 3811 3481 ταῖς

2168 3510 2403 3581 Γραφαῒζ
2466 3502 2713 3583 ἔρχεσθαι
2774 3505 2909 3579 μετὰ
2966 3504 3181 3582 σαρκός.
3230 3504 3378 3567 Τινὲς
3426 3502 3480 3560 δὲ
3530 3527 3686 3586 φασιν
3732 3504 3811 3562 ὅτι

2165 3593 2226 3648 τὸ
2257 3592 2572 3671 ἐρχόμενος,
2622 3613 2737 3670 περ)
2793 3599 2890 3661 τῆς
2947 3596 3019 3657 εἰς
3066 3592 3193 3665 ᾇδην
3246 3592 3465 3651 καθόδου
3510 3594 3809 3673 ἠρώτησεν,

2169 3684 2239 3744 ὼ..
2303 3682 2506 3759 ἀγνοῶν
2537 3682 2564 3737 6
2610 3680 2885 3761 Ἰωάννης,
2943 3685 3132 3739 ὡσανεὶ
3175 3681 3366 3760 λέγων·
3402 3683 3472 3737 Σὺ
3504 3683 3559 3739 εἴ
3590 3683 3618 3738 6
3648 3682 3811 3762 ἐρχό-

2172 3792 2329 3847 μενος
2390 3772 2478 3826 καὶ
2552 3772 2623 3835 εἷς
2708 3772 2799 3826 τὸν
2857 3769 3012 3850 ᾆδην,
3153 3771 3328 3849 ἕτερον
3385 3768 3807 3850 προσδοκῶμενς

442 3854 714 3918 frivolum
747 3859 921 3919 fuerit
966 3862 1185 3923 dicere.
1224 3863 1365 3925 Cum
1413 3851 1568 3923 enim
1605 3865 1902 3943 prophetis
1959 3864 2077 3924 aliis

2172 3867 2336 3918 Τοῦτο
2391 3858 2443 3915 δὲ
2495 3860 2742 3925 ἀνόητον,
2793 3851 2849 3917 t0
2908 3862 3007 3939 γὰρ
3063 3860 3316 3927 ἰωάννης
3374 3866 3661 3940 προιρητῶν
3718 3881 3813 3915 πε-

445 3946 828 4008 excellentior
851 3948 1617 4032 fueritJoannes,quomodo
1643 3952 2077 4013 crucifixionem

2172 3949 2466 4029 ρισσότερος
2524 3946 2621 4028 ὤν,
2679 3955 2794 4014 πῶς
2868 3948 2929 4008 ἄν
2985 3950 3162 4029 ἠγνόει
3230 3951 3328 4017 τὴν
3375 3951 3666 4028 σταύρωσιν
3723 3956 3813 4006 τοῦ

446 4034 666 4096 Christi
698 4046 755 4098 et
777 4038 905 4115 ejus
938 4042 1008 4099 ad
1061 4041 1283 4102 inferos
1314 4042 1672 4102 descensum
1732 4042 2077 4119 ignorasset,

2175 4046 2399 4118 Χριστοῦ
2452 4040 2537 4093 καὶ
2594 4037 2693 4105 τὴν
2760 4040 2831 4100 εἰς
2863 4038 2986 4111 ᾂδου
3028 4038 3264 4118 κάθοδον,
3298 4041 3384 4096 καὶ
3413 4048 3575 4099 ταῦτα
3645 4039 3811 4114 ἀμνὸν

446 4124 776 4203 praesertim
830 4146 962 4188 cum
1008 4130 1301 4191 Christum
1338 4150 1551 4210 agnum
1615 4133 1950 4198 nominarit,
2016 4152 2077 4191 eo

2171 4130 2325 4184 αὐτὸν
2370 4127 2658 4201 ὀνομάσας,
2691 4125 2775 4182 διὰ
2804 4129 2864 4182 τὸ
2909 4127 3121 4202 μέλλειν
3150 4130 3280 4207 ὑπὲρ
3310 4131 3461 4203 ἡμῶν
3493 4130 3760 4206 σφαγῆναι
3796 4151 3813 4199 ;

445 4214 601 4292 quod
633 4231 735 4291 pro
770 4215 940 4278 nobis
971 4208 1513 4280 immolanduserat
1536 4226 1563 4281 ?
1613 4219 1850 4281 Sciebat
1906 4221 2077 4297 igitur

2171 4208 2334 4286 ’ᾘδει
2392 4217 2560 4273 τοίνυν
2614 4216 2641 4270 ὀ
2671 4215 2929 4284 Ἰωάννης
2978 4215 3057 4272 ὅτι
3089 4218 3176 4273 καὶ
3219 4219 3290 4279 εἰς
3321 4216 3444 4289 ᾃδου
3475 4216 3743 4272 ἐλεύσεται
3787 4218 3813 4272 6

443 4301 704 4367 Joannes
736 4308 890 4387 quod
909 4309 978 4369 ad
1006 4310 1301 4371 infernum
1322 4321 1600 4372 venturus
1624 4321 1779 4372 esset
1803 4312 2077 4373 Dominus

2177 4308 2360 4383 Κύριος
2430 4305 2565 4379 μετὰ
2624 4304 2719 4371 τῆς
2779 4310 2987 4385 ψυχῆς,
3021 4306 3112 4362 ’ίνα
3140 4306 3299 4362 κάκεῖ
3343 4307 3516 4385 σώσῃ,
3549 4307 3623 4370 ὣς
3654 4328 3815 4385 φησιν

445 4411 579 4480 eum
614 4395 835 4477 anima,
857 4407 920 4458 ut
950 4407 1006 4460 et
1038 4399 1160 4460 illic
1191 4402 1465 4471 salvaret,
1512 4401 1663 4461 sicut
1694 4401 1840 4461 dixit
1862 4404 2077 4480 Grego-

2173 4396 2201 4451 6
2260 4391 2519 4470 Θεολόγος
2577 4394 2889 4474 Γρηγόριος,
2936 4396 3079 4467 τοὺς,
3125 4394 3238 4452 ὅσοι
3272 4396 3533 4451 πιστεύειν
3564 4394 3813 4469 ἔμελλον,

442 4479 567 4569 rius
626 4481 987 4562 Thr-ulogus,
1051 4506 1259 4548 omnes
1287 4488 1387 4569 qui
1431 4489 1716 4551 credituri
1750 4479 2002 4551 erantsi
2029 4490 2077 4548 in

2173 4485 2215 4539 εί
2259 4482 2344 4538 ἐπὶ
2414 4487 2520 4537 τῶν
2571 4483 2783 4562 ἡμερῶν
2844 4484 3012 4540 αῦτῶν
3082 4485 3378 4562 ἐσαρκώθηο
3437 4484 3525 4539 καὶ
3583 4484 3687 4562 οὔχ
3740 4486 3812 4547 ὼς

445 4567 657 4632 diebus
690 4572 954 4653 ipsorum
985 4576 1197 4636 fuisset
1249 4567 1607 4638 incarnatus.
1656 4578 1728 4640 Et
1791 4599 1909 4639 non
1941 4580 2077 4641 sicut

2173 4573 2377 4650 ἀγνοῶν
2434 4570 2624 4645 ἐρωτᾷ,
2688 4570 2805 4627 ἀλλ’
2860 4574 2931 4634 ὡς
3003 4570 3168 4627 θέλων
3222 4572 3626 4650 πληροφορῆσαι
3697 4574 3815 4637 τούς

444 4657 723 4747 ignorans
751 4671 936 4742 rogat,
965 4665 1065 4725 scd
1101 4665 1254 4727 sicut
1287 4667 1489 4727 volens
1540 4668 1797 4747 copiosis
1831 4668 2077 4727 testimo-

2182 4660 2420 4736 μαθητὰς
2481 4658 2638 4715 αὐτοῦ
2727 4663 2841 4732 περὶ
2897 4683 2987 4716 του
3068 4667 3313 4741 Χριστοῦ,
3399 4659 3481 4716 δια
3534 4667 3657 4728 τῆς
3714 4668 3812 4717 τῶν

446 4746 560 4807 niis
584 4748 913 4831 discipulos
931 4772 1069 4813 suos
1085 4755 1304 4816 docere
1325 4755 1399 4816 de
1414 4746 1648 4819 Christo
1678 4756 1752 4817 ob
1773 4757 2093 4835 miraculo-

445 4852 575 4926 rum
601 4840 1195 4917 operationem.Vide
1218 4844 1377 4905 enim
1405 4853 1464 4906 et
1494 4845 1633 4926 quid
1654 4845 1922 4908 Christus
1943 4845 2098 4906 dicat

444 4922 517 4983 ad
542 4924 696 4987 hanc
719 4928 1268 5010 interrogationem.

527 5011 708 5078 Vens.
734 5017 867 5081 4-6.
906 5020 1235 5099 Respondit
1264 5030 1462 5083 autem
1493 5023 1751 5085 .lesus.et
1788 5022 1933 5084 dixit
1963 5023 2049 5084 eis
2077 5041 2090 5084 :

444 5102 527 5164 ite
548 5112 606 5191 et
635 5107 974 5169 renuntiate
998 5106 1213 5169 Joanni
1248 5129 1316 5171 ea
1347 5129 1476 5191 qua:
1506 5111 1724 5172 auditis
1756 5122 1811 5172 et
1843 5111 2051 5172 videtis
2079 5142 2092 5179 ε

446 5189 598 5254 Caeci
629 5191 848 5267 vident,
886 5203 943 5255 et
973 5195 1166 5258 claudi
1200 5189 1524 5261 ambulant:
1556 5199 1778 5278 leprosi
1811 5201 2095 5260 mundan-

448 5287 561 5354 tur,
599 5289 657 5342 et
686 5282 849 5343 surdi
880 5284 1124 5346 audiunt
1159 5306 1171 5345 :
1210 5288 1426 5348 mortui
1452 5289 1797 5367 excitantur,
1842 5296 1899 5349 et
1949 5307 2094 5369 pau-

447 5386 620 5448 peres
652 5373 1147 5449 evangelizantur.
1186 5374 1253 5436 Et
1286 5376 1491 5437 beatus
1526 5386 1614 5437 cst
1668 5376 1931 5457 quisquis
1976 5397 2091 5438 non

444 5457 906 5543 iuerilotl‘ensus
936 5480 1041 5543 per
1074 5482 1189 5527 me.
1262 5491 1287 5520 ι)
1326 5465 1453 5528 Non
1512 5466 1675 5541 dixit,
1733 5466 2092 5528 Annuntiate

438 5541 678 5622 Joanni,
708 5548 827 5630 Ego
857 5541 985 5612 sum
1019 5552 1119 5635 qui
1144 5563 1422 5616 venturus
1450 5574 1579 5618 sum
1610 5576 1625 5616 :
1659 5555 1762 5617 sed
1789 5564 1848 5616 ut
1895 5555 2091 5619 sciens

2178 4750 2458 4813 θαυμάτων
2514 4747 2783 4826 ἐργασίας.
2847 4738 2993 4823 ιὈρα
3021 4751 3119 4828 γὰρ
3164 4752 3250 4806 καὶ
3276 4738 3307 4806 6
3334 4752 3556 4829 Χριστὸς
3582 4750 3628 4805 τί
3671 4750 3814 4827 λέγει

2179 4840 2309 4916 πρὸς
2337 4838 2433 4905 τὴν
2459 4837 2708 4903 τοιαὺτην
2731 4835 3012 4915 ἐρώτησιν.

2330 5014 2343 5038 ι
2616 5015 2627 5031 \
2751 5015 2770 5047 λ
2834 5015 2846 5033 ν
2894 5014 2910 5035 ι
3044 5025 3098 5051 ,ρ
3211 5021 3233 5038 ,ν
3428 5021 3443 5041 ν

2268 5038 2291 5071 α
2353 5018 2661 5092 Αποκριθεις
2719 5012 2773 5069 δι
2822 5036 2849 5070 0
2912 5025 3122 5091 Ιησοῦς,
3178 5039 3331 5073 ειπεν
3391 5030 3595 5079 αυτοῖς.
3643 5041 3665 5071 (ι
3704 5022 3817 5074 Πο-

2178 5104 2440 5184 ρευθέντες
2499 5101 2859 5181 ἀπαγγείλατε
2910 5104 3127 5182 Ἰωάννῃ
3200 5105 3232 5162 ά
3288 5107 3503 5162 άκοῦετε
3556 5108 3641 5162 καὶ
3687 5105 3819 5181 βλέ-

2178 5214 2326 5252 πετε·
2390 5191 2575 5272 τυφλοὶ
2631 5191 3007 5268 ἀνα²-λέπουσι,
3057 5198 3144 5251 καὶ
3218 5194 3387 5276 χωλοὶ
3450 5201 3816 5274 περιπατοῦσι·
3905 5266 3912 5274 ⁸

2177 5283 2358 5361 λεπροὶ
2446 5283 2822 5358 κεθαρίζονται,
2897 5285 2981 5339 καὶ
3081 5287 3247 5365 κωφοὶ
3294 5284 3562 5341 ἀκούουσι⁶
3651 5286 3820 5363 νεκροὶ

2178 5373 2491 5451 ἐγείρονται,
2557 5372 2645 5425 καὶ
2697 5373 2911 5450 πτωχοὶ
2958 5372 3403 5452 εὐαγγελίζονται,
3493 5374 3589 5431 Καὶ
3640 5373 3819 5447 μακά-

2176 5462 2287 5541 ριός
2341 5460 2505 5537 ἐστιν,
2563 5456 2616 5522 ὅς
2673 5458 2763 5515 ἐὰν
2835 5461 2913 5535 μὴ
2960 5460 3311 5539 σκανδαλισθῇ
3344 5462 3398 5518 ἐν
3427 5461 3570 5537 ἐμοί.
3614 5487 3640 5515 in
3718 5464 3824 5519 Οῦκ

2174 5553 2320 5609 τίπει
2378 5547 2460 5604 ὅτι
2496 5544 2882 5627 Ἀπαγγείλατε
2952 5557 3025 5625 τῷ
3076 5550 3323 5626 Ἰωάννῃ,
3394 5549 3474 5607 ὅτι
3540 5550 3647 5629 άγώ
3718 5552 3822 5625 εἰμι
