4118 6220
457 280 570 344 267
620 255 627 259 ’
1410 283 2000 347 THEOPHYLACTI
2045 282 2454 345 BULGARI/E
2498 281 2852 344 ARCHIEP.
3073 324 3079 327 .
3367 327 3374 333 .
3701 277 3823 344 268

456 431 790 473 sermonem
825 413 1270 494 suscipientem,
1297 415 1568 478 existima
1597 416 1762 476 illum
1798 434 2016 477 caecum
2038 419 2094 473 et

2196 411 2305 479 ιητ⁹
2361 414 2517 472 αὐτὸν
2578 418 2796 469 νοοῦντα
2855 413 2915 467 τὸ
2965 411 3183 493 ἀγαθὸν,
3208 409 3370 490 ’μήτε
3415 414 3596 492 ἐτέρου
3643 411 3832 490 λόγως

457 509 707 576 mutum,
756 521 933 581 quem
987 503 1208 564 utinam
1271 505 1488 566 sanarit
1544 504 1702 567 Deus
1759 515 1915 568 tacto
1976 505 2101 582 ejus

2196 500 2498 580 δεχόμενον,
2573 507 2757 559 τοῦτον
2835 501 3015 576 νόμιζε
3086 501 3280 582 τυφλὸν
3351 505 3438 559 καὶ
3503 504 3704 583 κωφὸν,
3777 502 3836 558 ὃν

455 588 658 650 corde.

536 679 807 740 VEB524
847 680 1016 751 «Quae
1048 699 1179 740 cum
1215 683 1576 743 audivissent
1607 681 1911 763 Pharisaai,
1947 682 2104 744 dice-

457 766 595 839 bant
628 788 639 828 :
682 766 786 828 llic
820 788 934 828 non
987 770 1147 847 ejicit
1198 772 1486 830 dzemonin
1537 773 1647 832 nisi
1681 793 1735 832 in
1770 770 2102 834 Beelzebub

457 855 724 935 principe
744 857 1506 921 daemoniorum»Tametsi
1544 863 1827 922 Dominus
1865 871 2105 941 propter

458 964 559 1005 eos
585 947 1037 1025 secesserat,illi
1066 948 1452 1010 nihilominus
1483 951 1657 1011 etiam
1695 951 1895 1030 procul
1926 949 2096 1012 audi-

460 1035 1205 1116 entestaxabuntzcumque
1219 1038 1490 1098 homines
1515 1039 2103 1101 multisaflicerentur

459 1126 1092 1205 beneficiis,eranttam
1120 1138 1343 1188 natura;
1362 1129 1788 1211 inimici,quace
1805 1131 2096 1195 diabolus.

539 1215 719 1277 Vens.
756 1218 856 1295 “25,
894 1218 990 1278 '26.
1034 1218 1210 1278 «Cum
1245 1227 1438 1278 autem
1472 1220 1650 1281 sciret
1678 1219 1850 1282 Jesus
1880 1221 2098 1298 cegila-

462 1306 651 1366 tiones
682 1305 940 1378 illorum,
978 1306 1124 1367 dixit
1154 1306 1310 1368 illis:
1338 1307 1526 1370 Omne
1576 1327 1818 1384 regnum
1851 1309 2103 1369 divisum

461 1395 739 1455 adversus
761 1394 1314 1470 sese,desolatur:et
1336 1397 1530 1457 omnis
1553 1398 1752 1458 civitas
1780 1398 2100 1459 autdomus

460 1483 644 1543 divisa
676 1483 960 1544 abversus
993 1483 1269 1562 seipsam,
1309 1503 1426 1544 non
1452 1485 1651 1547 stabit.
1685 1485 1753 1546 Et
1776 1486 1824 1546 si
1855 1487 2102 1548 Satanas

462 1570 736 1633 Satanam
792 1572 968 1651 ejicit,
1034 1572 1317 1634 adversus
1374 1573 1634 1653 seipsum
1699 1575 1917 1636 divisus
1962 1584 2096 1638 est:

2185 591 2390 647 ἰάσαιτο
2433 593 2460 647 6
2491 591 2620 654 Θεὸς
2653 589 2953 664 ἁπτόμενος
2983 589 3080 658 τῆς
3111 589 3322 670 καρδίας
3353 596 3530 652 αὐτοῦ.

2272 699 2298 730 α
2335 681 2395 735 Οἱ
2449 676 2504 734 δὲ
2561 685 2847 756 Φαρισαῖοι
2905 678 3250 754 ἀκούσανττς,
3294 683 3450 738 εἷπον
3485 702 3498 719 ·
3547 681 3710 744 Οὗτος
3741 683 3835 739 οὐκ

2185 763 2430 822 ἓκϐάλλει
2461 768 2527 826 τὰ
2569 764 2840 842 δαιμόνια,
2873 768 2916 822 εἰ
2949 767 3026 843 μὴ
3058 765 3112 822 ἐν
3141 774 3219 842 τῷ
3274 768 3590 841 Βεελζεϐοῦλ
3616 769 3834 848 ἄρχοντι

2184 857 2290 913 τῶν
2323 856 2630 934 δαιμονίων.
2691 881 2716 912 ιο
2756 859 2937 916 Καίτοι
2982 855 3047 937 γε
3097 860 3442 940 ἀνεχώρησεν
3487 865 3516 917 6
3548 862 3740 941 Κύριος
3770 856 3837 914 δι’

2185 950 2392 1022 αὖτοες,
2468 944 2589 1003 ἀλλ’
2647 946 2842 1004 ἐκεῖνοι
2921 949 3010 1004 καὶ
3062 947 3326 1027 πόρῥωθεν
3378 950 3659 1012 ἀκούοντες
3714 945 3832 1004 δια-

2184 1034 2488 1110 ϐάλλουσιν,
2548 1039 2635 1093 καὶ
2712 1037 3160 1116 εὐεργετουμένων
3221 1045 3327 1095 τῶν
3370 1039 3680 1118 ἀνθρώπων,
3739 1034 3833 1093 οῦ-

2179 1148 2284 1189 τως
2327 1126 2464 1192 ἦσαν
2506 1125 2686 1204 ἐχθροὶ
2715 1125 2815 1194 τῆς
2845 1127 3049 1205 φύσεως
3074 1129 3148 1192 ὡς
3179 1129 3207 1182 6
3237 1124 3506 1192 διάϐολος.

2269 1235 2292 1271 ε
2342 1211 2506 1276 Εἰδὼς
2549 1213 2603 1269 δὲ
2632 1217 2660 1270 6
2714 1211 2918 1280 Ἰησοῦς
2974 1217 3071 1280 τὰς
3118 1214 3431 1291 ἐνθυμήσεις
3462 1220 3655 1289 αὐτῶν,
3682 1215 3836 1272 εἶπεν

2185 1305 2367 1365 αὺτοῖς
2401 1321 2417 1338 °
2480 1308 2630 1359 Πᾶσα
2687 1302 2936 1379 βασιλεία
3011 1307 3323 1384 μερισθεῖσα
3410 1303 3530 1362 καθ’
3620 1305 3835 1370 ἑαυτῆς,

2188 1390 2477 1470 ἐρημοῦται
2513 1409 2526 1423 ·
2562 1393 2652 1447 καὶ
2707 1397 2850 1447 πᾶσα
2909 1390 3064 1456 πόλις
3096 1393 3132 1461 ἢ
3185 1394 3322 1449 οἰκία
3353 1396 3665 1473 μερισθεῖσα
3719 1388 3836 1446 καθ’

2183 1481 2401 1555 ἑαυτης,
2464 1480 2523 1536 οῦ
2581 1481 2919 1550 σταθήσεται.
2974 1483 3073 1538 Καὶ
3117 1483 3161 1538 εἶ
3205 1482 3233 1537 6
3262 1487 3503 1546 Σατανᾶς
3531 1482 3620 1538 16v
3651 1487 3832 1536 Σατα-

2183 1576 2274 1626 νᾶν
2304 1568 2572 1644 ἐκϐάλλει,
2633 1567 2714 1648 ἐφ’
2765 1570 2952 1626 ἑαυτὸν
2996 1569 3244 1650 ἐμερίσθη
3279 1585 3294 1600 ⁸
3351 1574 3466 1636 πῶς
3517 1571 3606 1626 οὗν
3635 1569 3834 1638 σταθή-

462 1661 634 1720 modo
678 1661 856 1738 igitur
911 1660 1089 1720 stabit
1137 1680 1384 1737 regnum
1447 1663 1630 1742 ejus?
1675 1687 1702 1721 ³
1744 1663 2101 1743 Invulgando

2196 1680 2330 1716 rem
2379 1661 2413 1727 ἡ
2455 1657 2697 1735 βασιλεία
2751 1660 2957 1733 αὐτοῦς
3011 1682 3034 1717 ε
3089 1661 3189 1716 Διὰ
3228 1669 3325 1718 τοῦ
3365 1658 3696 1736 δημοσιεύειν
3739 1657 3836 1720 τὰς

460 1748 840 1825 cogitationes
892 1748 1151 1822 illorum,
1189 1749 1374 1810 Deum
1420 1769 1482 1812 se
1512 1769 1646 1812 esse
1675 1752 2098 1832 comprobavit.

460 1835 713 1898 Excusat
742 1849 938 1898 autem
971 1857 1034 1898 se
1079 1838 1232 1917 apud
1289 1839 1419 1900 illos
1449 1840 1865 1901 communibus
1896 1859 2105 1902 exem-

464 1926 600 2007 plis,
635 1935 691 1985 et
723 1935 1007 1986 monstrat
1036 1927 1091 1987 in
1126 1927 1466 2007 sipientiam
1529 1947 1759 1992 eorum.
1796 1929 2105 2002 Quomodo

462 2014 616 2074 enim
653 2014 956 2074 daemones
1001 2017 1227 2094 seipsos
1261 2017 1534 2096 ejiciunt,
1565 2037 1698 2079 cum
1732 2018 1916 2097 magis
1947 2018 2105 2080 inter

462 2121 526 2162 se
557 2103 933 2164 conveniant?
978 2103 1152 2164 Satan
1184 2113 1378 2165 autem
1414 2106 1632 2166 dicitur
1664 2107 2057 2170 adversarius.

545 2190 721 2252 Vens.
759 2192 858 2253 927.
893 2217 918 2245 «
955 2192 1024 2251 Et
1053 2195 1145 2251 60
1193 2194 1241 2253 si
1295 2213 1402 2272 ego
1450 2196 1506 2255 in
1549 2195 1880 2257 Beelzebub
1927 2197 2100 2276 ejicio

464 2280 887 2352 dwmoniaﬁlii
920 2283 1101 2343 vestri
1135 2282 1194 2341 in
1217 2302 1330 2361 quo
1356 2283 1632 2361 cjiciunt?
1656 2287 2098 2366 Proptereaipsi

465 2369 642 2429 vestri
689 2377 862 2428 erunt
898 2369 1155 2447 judices.
1215 2397 1234 2427 υ
1299 2371 1457 2444 Esto,
1517 2373 1727 2454 inquit,
1783 2375 1941 2452 quod
1990 2395 2101 2452 ego

469 2459 596 2518 talis
628 2457 738 2518 sim
779 2478 790 2518 :
827 2458 930 2516 lilii
967 2461 1176 2532 vestri,
1229 2461 1340 2520 hoc
1379 2470 1488 2532 est,
1547 2464 1663 2523 mei
1709 2463 2004 2543 discipuli,
2043 2465 2102 2525 in

466 2567 579 2626 quo
612 2547 901 2627 ejiciunt?
947 2546 1148 2628 Neque
1193 2550 1349 2609 enim
1399 2559 1455 2610 et
1499 2551 1585 2610 illi
1634 2552 1694 2611 in
1724 2551 2103 2614 Beelzebub?

465 2635 630 2707 Quod
659 2637 705 2695 si
740 2637 818 2696 illi
851 2636 1046 2696 divina
1096 2637 1332 2708 virtute,
1385 2639 1568 2699 multo
1605 2640 1787 2718 magis
1829 2660 1959 2719 ego.
2013 2641 2100 2704 llli

468 2725 624 2785 enim
658 2726 717 2784 in
748 2726 991 2786 nomine
1026 2745 1156 2786 meo
1204 2727 1486 2789 miracula
1541 2738 1883 2809 operantur,
1920 2750 2102 2810 prop-

471 2824 624 2875 terea
659 2815 744 2874 illi
775 2834 876 2874 vos
906 2815 1360 2876 condemnaturi
1391 2824 1551 2893 sunt,
1579 2817 1714 2897 quia
1745 2819 1876 2880 illos
1896 2820 2105 2880 videtis

2184 1747 2492 1823 ἐνθυμήσεις
2535 1748 2731 1826 αὐτῶν,
2792 1745 3049 1804 δείκνυσ.ν
3123 1747 3205 1805 ότι
3263 1749 3392 1812 Θεός
3445 1748 3608 1811 ἐστιν,
3662 1744 3835 1803 Ἀπο-

2184 1837 2422 1916 λογεῖται
2480 1835 2534 1892 δὲ
2591 1839 2776 1901 αὐτοῖς
2820 1837 2926 1894 ἀπὸ
2969 1844 3078 1893 τῶν
3132 1844 3324 1895 κοινῶν
3369 1837 3833 1918 παραδειγμάτων,

2183 1928 2271 1982 καὶ
2327 1924 2549 1982 δείκνυσι
2632 1926 2732 1992 τὴν
2802 1925 3101 2006 ἀφροσύνην
3179 1929 3376 1988 αὐτῶν.
3453 1933 3574 1985 Πῶς
3630 1927 3728 2004 γὰρ
3787 1927 3834 1981 οἱ

2183 2014 2424 2091 δαίμονες
2483 2017 2701 2079 ἑαυτοὺς
2749 2013 3118 2091 ἐκϐάλλουσιν,
3183 2014 3315 2074 ὅπου
3351 2039 3413 2096 γε
3463 2015 3667 2092 μᾶλλον
3710 2016 3835 2073 ἑαυ-

2180 2106 2302 2168 τοὺς
2336 2110 2678 2184 συγκροτοῦσι
2713 2123 2730 2184 ς
2766 2105 2942 2159 Σαταν
2971 2101 3027 2160 δὲ
3057 2103 3270 2183 λέγεται
3300 2108 3328 2161 6
3369 2106 3751 2182 ἀντικείμενος,

2269 2215 2292 2250 ε
2331 2197 2427 2252 Καὶ
2472 2194 2516 2248 εἷ
2545 2192 2653 2270 ἐγὼ
2695 2192 2749 2248 ἐν
2795 2190 3116 2249 Βεελσεϐοὺλ
3173 2191 3418 2250 ἐκϐάλλω
3469 2196 3536 2251 τὰ
3565 2191 3835 2272 δαιμόνια,

2185 2285 2231 2338 οἱ
2285 2283 2382 2340 υἱοὶ
2437 2283 2584 2357 ὑμῶν
2639 2280 2691 2337 ἐν
2748 2281 2848 2336 τίνι
2929 2278 3297 2358 ἐκϐάλλουσι;
3361 2288 3459 2340 Δια
3498 2285 3652 2340 τοῦτο
3696 2282 3838 2341 αὐτοὶ

2183 2371 2331 2446 ὑμῶν
2387 2369 2593 2427 ἔσονται
2636 2371 2830 2448 κριταί,
2891 2359 3100 2444 “Eum,
3165 2374 3348 2452 φησὶν,
3411 2371 3492 2428 ὅτι
3523 2371 3629 2449 ἐγὼ
3656 2377 3834 2427 τοιοῦ-

2183 2481 2271 2523 τος
2317 2461 2424 2534 εἶμι
2460 2478 2474 2492 ·
2507 2462 2554 2515 οἱ
2596 2457 2650 2515 δὲ
2693 2461 2792 2518 υἱοὶ
2829 2460 3001 2534 ὑμῶν,
3056 2461 3348 2532 τουτέστιν,
3383 2464 3431 2518 οἱ
3485 2461 3603 2536 ἐμοὶ
3654 2461 3835 2535 μαθη-

2183 2549 2290 2622 ταὶ,
2353 2547 2408 2602 ἐν
2464 2549 2564 2602 τίνι
2617 2545 2960 2604 ἐκϐάλλουσιν
2994 2568 3010 2629 ς
3074 2553 3146 2607 Οὐ
3188 2552 3288 2629 γὰρ
3316 2549 3371 2606 δὲ
3413 2551 3502 2606 καὶ
3541 2549 3739 2606 ἐκεῖνοι
3781 2547 3836 2603 ἐν

2184 2643 2260 2711 τῷ
2319 2633 2682 2717 Βεελζεϐούλς
2731 2638 2788 2694 Εἰ
2831 2635 2886 2693 δὲ
2932 2637 3129 2695 ἐκεῖνοι
3184 2641 3296 2713 θείᾳ
3350 2637 3590 2714 δυνάμει,
3654 2636 3839 2710 πολλῷ

2187 2723 2388 2799 μᾶλλον
2445 2724 2574 2804 ἐγώ.
2637 2722 2872 2782 Ἐκεῖνοι
2931 2727 3032 2806 γὰρ
3076 2726 3129 2784 ἐν
3175 2734 3253 2802 τῷ
3299 2727 3414 2803 ἐμῷ
3441 2728 3664 2804 ὀνόματι
3717 2730 3838 2782 θαυ-

2189 2813 2538 2893 ματουργοῦσι
2574 2829 2586 2844 ⁸
2625 2812 2710 2871 διὰ
2740 2821 2898 2872 τοῦτο
2943 2815 3032 2871 οὖν
3097 2815 3298 2873 ἐκεῖνοι
3349 2817 3480 2895 πρὸς
3534 2816 3840 2894 κατάκρισιν

465 2904 524 2963 in
557 2922 686 2964 meo
722 2904 965 2964 nomine
999 2904 1282 2966 miracula
1312 2905 1529 2976 facere,
1563 2916 1620 2968 et
1651 2907 1849 2969 adhuc
1882 2927 1975 2970 me
2007 2929 2074 2970 ac

2196 2904 2338 2972 ὑμῶν
2397 2903 2629 2978 ἔσονται,
2687 2902 2768 2960 ὅτι
2807 2921 2812 2926 ·
2851 2905 2941 2960 καὶ
3027 2904 3259 2970 ἐκείνους
3317 2903 3605 2982 βλέποντες
3655 2903 3710 2959 ἐν
3763 2910 3841 2977 τῷ

466 2993 701 3053 cusatis.
726 3019 730 3026 ·

554 3083 725 3143 Vens.
760 3084 837 3141 ‘28
901 3081 1095 3153 «Quod
1122 3083 1168 3142 si
1198 3083 1256 3141 in
1290 3082 1502 3162 spiritu
1538 3083 1642 3144 Dei
1675 3101 1784 3162 ego
1819 3085 2114 3148 daemonia

469 3171 810 3248 ejicio,ergo
847 3172 1202 3249 pervenitad
1246 3188 1337 3232 vos
1371 3190 1617 3251 regnum
1651 3171 1780 3236 Dei.
1817 3198 1842 3231 ι
1871 3173 1994 3236 Hoc
2017 3177 2112 3237 di-

469 3260 568 3339 cit,
601 3261 784 3339 quod,
813 3261 874 3320 Si
899 3261 956 3319 in
980 3261 1176 3320 divina
1211 3260 1416 3321 virtute
1451 3281 1557 3338 ego
1591 3262 1764 3341 ejicio
1796 3262 2111 3340 daemonia,

468 3369 607 3428 ergo
641 3370 745 3428 ego
781 3370 908 3410 sum
943 3351 1124 3410 Filius
1176 3350 1304 3424 Dei,
1356 3361 1414 3412 et
1453 3353 1688 3414 advenit
1719 3367 1964 3436 propter
1985 3377 2109 3433 vos,

468 3449 528 3498 ut
555 3441 888 3499 alliciamini
926 3439 1253 3515 beneticiis,
1291 3450 1464 3520 atque
1497 3444 1575 3503 ita
1620 3445 1890 3522 pervenit
1922 3446 1979 3506 in
2015 3465 2117 3507 vos

469 3545 633 3587 meus
663 3528 946 3587 adventus
984 3551 996 3587 :
1035 3528 1127 3588 hic
1157 3530 1315 3588 enim
1351 3538 1437 3589 est
1473 3548 1725 3609 regnnm
1773 3533 1880 3594 Dei
1926 3553 1938 3596 :
1975 3535 2114 3614 quid

469 3617 643 3694 igitur
668 3617 979 3678 adventum
1017 3636 1235 3687 mrum,
1273 3618 1368 3697 qui
1397 3628 1635 3699 propter
1663 3639 1766 3682 vos
1795 3630 1906 3698 est,
1941 3643 2114 3685 accu-

465 3707 609 3765 satis
635 3709 662 3764 ?

543 3796 723 3856 Vens.
761 3796 855 3856 ‘29.
897 3822 914 3845 ιι
946 3802 1059 3858 Ant
1089 3794 1383 3875 quomodo
1419 3805 1614 3876 potest
1645 3798 1860 3880 aliquis
1892 3800 2112 3863 intrare

464 3882 706 3944 domum
747 3886 1022 3963 potentis,
1052 3894 1105 3944 et
1142 3902 1272 3944 vasa
1305 3885 1434 3963 ejus
1467 3886 1754 3968 diripere,
1788 3889 1898 3950 nisi
1947 3891 2112 3971 prius

467 3973 605 4048 liget
651 3982 977 4052 potentem,
1027 3981 1082 4034 et
1131 3982 1268 4032 tunc
1318 3975 1558 4034 domum
1594 3975 1721 4054 ejus
1752 3977 2044 4058 diripiet?
2077 4005 2103 4035 ι

465 4060 716 4120 Tantum
762 4062 975 4141 inquit,
1037 4064 1208 4123 abest
1268 4072 1327 4122 ut
1384 4063 1610 4123 amicos
1658 4066 1907 4127 habeam
1981 4071 2108 4130 dae-

467 4168 692 4229 mones,
784 4161 842 4209 ut
911 4161 962 4211 et
1040 4152 1412 4212 adversarios
1486 4153 1760 4224 habeam,
1817 4165 1875 4216 et
1931 4157 2105 4235 ligem

463 4257 565 4298 eos
617 4242 713 4318 qui
783 4248 917 4301 ante
990 4260 1184 4301 meum
1260 4242 1573 4302 adventum
1655 4242 1835 4305 fortes
1913 4257 2100 4307 erant.

463 4326 528 4386 In
597 4328 838 4389 domum
903 4338 1097 4390 autem
1137 4377 1150 4401 ,

463 4416 702 4476 liressus
773 4420 963 4494 Jesus,
1026 4437 1160 4479 vasa
1219 4419 1584 4500 dzemonum,
1654 4420 1926 4484 homines
1972 4423 2104 4486 dico

463 4504 726 4568 abstulit.

541 4595 722 4658 Vens.
760 4598 857 4661 30.
902 4625 922 4654 ιι
957 4597 1067 4670 Qui
1101 4617 1218 4658 non
1250 4606 1339 4661 est
1369 4609 1842 4675 mecum,contra
1875 4622 1968 4664 me
1990 4613 2100 4669 est:

2193 2991 2308 3068 ἐμῷ
2338 2992 2556 3067 ὀνόματι
2584 2995 3133 3072 θαυματουργυῦντας,
3169 2992 3244 3049 ἔτι
3275 2991 3582 3050 διαϐάλλετέ
3608 3013 3698 3068 με.

2281 3104 2304 3138 ι
2340 3083 2398 3139 Εἰ
2429 3079 2484 3137 δὲ
2517 3081 2626 3161 ἐγὼ
2683 3081 2736 3139 ἐν
2795 3083 3054 3158 πνεύματι
3099 3090 3234 3155 Θεοῦ
3290 3081 3532 3143 ἐκϐάλλω
3558 3083 3624 3138 τὰ
3651 3080 3839 3155 δαιμόο

2196 3193 2304 3250 νια,
2350 3169 2448 3249 ἄρα
2493 3169 2712 3250 ἔφθασεν
2753 3170 2836 3250 ἐφ’
2907 3172 3040 3246 ὑμᾶς
3079 3174 3114 3241 ἡ
3173 3171 3416 3249 βασιλεία
3457 3178 3550 3228 τοῦ
3604 3172 3756 3230 Θεοῦ.
3808 3193 3833 3228 ο

2197 3261 2362 3318 Τοῦτο
2404 3259 2574 3339 λέγει,
2621 3259 2700 3315 ὅτι
2775 3261 2834 3316 Εἰ
2903 3260 2957 3316 ἐν
2999 3261 3112 3333 θείᾳ
3167 3261 3382 3338 δυνάμει
3438 3260 3546 3340 ἐγὼ
3599 3257 3841 3316 ἐκϐάλλω

2195 3351 2262 3405 τὰ
2312 3347 2580 3424 δαιμόνια,
2638 3347 2738 3428 ἄρα
2792 3349 2902 3427 ἐγώ
2959 3351 3065 3425 εἰμι
3135 3352 3163 3407 6
3220 3353 3339 3414 Υἱὸς
3407 3361 3500 3410 τοῦ
3556 3355 3710 3425 θεοῦ,
3752 3350 3842 3405 καὶ

2195 3441 2535 3518 παραγέγονα
2617 3437 2690 3494 δι’
2779 3439 2939 3514 ὑμᾶς,
3012 3438 3104 3495 ’ίνα
3165 3442 3567 3520 εῦεργετηθῆτε,
3663 3429 3844 3495 ¹¹Ωστε

2196 3525 2415 3607 ἔφθασεν
2472 3529 2545 3593 εἷς
2605 3528 2739 3598 ὑμᾶς
2795 3529 2830 3595 ἡ
2905 3527 3012 3602 ἐμὴ
3094 3528 3375 3609 παροοσὶα.
3447 3528 3594 3596 Αὕτη
3653 3529 3751 3607 γὰρ
3806 3529 3842 3596 ἡ

2194 3615 2436 3692 βασιλεία
2493 3623 2586 3672 τοῦ
2627 3623 2758 3674 Θεοῦ
2792 3635 2804 3648 ·
2853 3617 2904 3671 τί
2945 3616 3117 3674 τοίνυν
3159 3618 3258 3684 τὴν
3287 3615 3355 3673 δι’
3383 3618 3519 3695 ὑμᾶς
3550 3616 3842 3696 γενομένην

2195 3707 2481 3784 παρουσίαν
2511 3727 2613 3780 μου
2643 3702 2950 3761 διαϐάλλετε
2986 3727 3002 3782 ;

2278 3776 2306 3849 ξ
2343 3776 2424 3851 ’ΧΗ
2485 3776 2602 3858 πῶς
2658 3791 2870 3850 δύναταί
2910 3776 3000 3860 τις⁷
3035 3793 3292 3854 εἰσελθεῖν
3323 3799 3397 3860 εἰς
3427 3797 3523 3865 τὴν
3554 3797 3720 3854 οἰκίαν
3749 3803 3840 3854 τοῦ

2193 3885 2437 3962 ἰσχυροῦ,
2509 3894 2594 3940 και
2650 3884 2715 3938 τὰ
2799 3885 2963 3952 σκεύη
3052 3887 3208 3945 αὐτοῦ
3259 3883 3569 3965 διαρπάσαι,
3614 3885 3705 3941 ἐὰν
3759 3885 3839 3960 μὴ

2191 3981 2401 4052 πρῶτον
2456 3972 2594 4051 δήσῃ
2647 3975 2737 4031 τὸν
2794 3975 3036 4054 ἰσχυρόν,
3087 3977 3176 4032 καὶ
3205 3978 3324 4032 τότε
3354 3976 3460 4032 τὼν
3489 3975 3658 4032 οἰκίαν
3686 3975 3840 4033 αὐτοῦ

2191 4061 2506 4142 διαρπάσει;
2564 4085 2588 4120 ι
2648 4070 2931 4136 Τοσοῦτον,
3009 4065 3190 4144 φησὶν,
3277 4064 3474 4144 ἀπέχω
3526 4072 3619 4122 τοῦ
3661 4063 3838 4144 φίλους

2191 4151 2340 4232 ἔχειν
2381 4153 2502 4216 τοὺς
2545 4149 2820 4232 δαίμονας,
2865 4151 3000 4209 ὥστε
3050 4154 3137 4210 καὶ
3195 4152 3570 4230 ἀντιτάττομαι
3627 4154 3834 4230 αὐτοῖς,

2188 4243 2276 4298 καὶ
2330 4239 2508 4317 δεσμῶ
2566 4241 2772 4316 αὐτοὺς,
2846 4243 2968 4306 τοὺς
3034 4243 3138 4320 πρὸ
3212 4243 3310 4310 τῆς
3367 4242 3505 4319 ἐμῆς
3551 4246 3837 4323 παρουσίας

1214 4330 1271 4388 id
1333 4339 1464 4404 est,
1526 4331 1587 4390 in
1659 4333 1944 4394 mundum
2007 4335 2101 4397 in-

2196 4332 2435 4411 ἰσχυροὺς
2477 4330 2629 4396 ὄντας
2663 4346 2676 4360 ⁸
2713 4333 2785 4396 εἷς
2830 4331 2930 4400 τὴν
2961 4333 3126 4390 οὶκίαν
3160 4332 3283 4412 γὰρ,
3325 4330 3446 4400 ἤτοι
3488 4333 3580 4389 16v
3606 4336 3832 4411 κόσμον,

2189 4419 2431 4478 εἰσελθὼν
2488 4423 2515 4477 6
2587 4422 2834 4501 Χριστὸς,
2893 4423 2961 4478 τὰ
3001 4422 3165 4489 σκεύη
3201 4427 3308 4478 τῶν
3362 4419 3652 4499 δαιμόνων,
3713 4425 3834 4488 τοὺς

2187 4512 2500 4591 ἀνθρώπους
2532 4508 2699 4591 λέγω,
2744 4509 3091 4590 ἀφήρπασεν.

2272 4599 2390 4682 (1⁸7)
2428 4621 2452 4656 ε
2490 4590 2547 4657 Ὀ
2591 4590 2690 4675 μὴί
2725 4599 2798 4656 ὢν
2858 4596 2978 4676 μετ’
3036 4597 3188 4676 ἐμοῦ,
3220 4600 3342 4657 κατ’
3370 4602 3503 4677 ἐμοῦ
3532 4600 3642 4658 ἐστι
3683 4621 3696 4636 ⁸
3748 4603 3835 4660 καὶ

1555 4723 1638 4785 Ex
1671 4723 1987 4786 collatione
2017 4724 2192 4788 codd.
2227 4719 2444 4785 Venet.
2481 4719 2548 4784 S.
2583 4719 2789 4784 Marci.

541 4842 663 4921 (17)
723 4842 866 4907 ϐοά.
957 4844 1033 4904 32
1108 4843 1273 4904 addit
1331 4842 1918 4923 ΣᾉΠαραδειγματικώς
2003 4846 2100 4920 μὲν

456 4922 626 5000 ἐξάγει
682 4927 770 4980 τὸν
829 4925 1012 5002 λόγον,
1057 4923 1318 4989 ὕποδηλοῖ
1377 4921 1429 4978 δὲ
1477 4921 1692 5003 ἰσχυρόν
1741 4926 1836 5001 μὲν
1865 4930 1954 4984 τὸν
2000 4924 2099 5003 ἄρ-

457 5025 626 5081 χοντα
669 5009 772 5060 τών
830 5003 1115 5080 δαιμόνων,
1165 5008 1268 5083 οὐχ
1311 5006 1383 5066 ὡς
1413 5005 1631 5083 ἰσχυρὸν
1666 5012 1735 5082 τῇ
1768 5007 1941 5087 φύσει,
1979 5003 2099 5062 ἀλλ’

455 5105 525 5145 ως
571 5091 914 5160 τυραννοῦντα
984 5085 1146 5163 μέχρι
1217 5082 1365 5139 τοῦδε
1431 5087 1516 5140 καὶ
1585 5082 2100 5144 καταδυναστεύοντα

455 5186 558 5216 των
599 5164 952 5218 ἀσθενούντων
1023 5165 1074 5219 ἐν
1143 5165 1412 5241 ρᾳθυμίαις
1449 5181 1462 5193 ·
1531 5167 1690 5232 σκεύη
1735 5163 1789 5221 δὲ
1834 5167 1992 5225 αὖτοῦ
2035 5167 2098 5221 τὰ

454 5243 854 5320 ὑποτεταγμένα
909 5245 1048 5316 αὒτῴ
1102 5242 1368 5324 δαιμόνια,
1422 5246 1495 5308 ὡς
1526 5243 1667 5301 ὅπλα
1710 5250 1866 5304 αὒτοῦ
1901 5267 1915 5281 ·
1963 5247 2096 5312 σκύη

455 5324 553 5399 γὰρ
597 5325 939 5394 ὀνομάζονται
985 5326 1068 5378 καὶ
1111 5325 1175 5378 τα
1219 5322 1375 5382 ὅπλα..
1413 5325 1506 5379 Διὸ
1548 5327 1692 5381 καὶὸ
1723 5333 1924 5391 Λουκᾶς
1956 5349 2096 5384 παν-

456 5403 643 5458 οπλίαν
694 5404 847 5458 αὺτοῦ
917 5411 1080 5459 ταῦτα
1127 5402 1392 5477 ὠνόμασε,
1453 5403 1521 5458 δι’
1590 5407 1663 5459 ὤν
1721 5405 2097 5464 κατεδουλοῦτο

453 5482 572 5544 τοὺς
619 5480 824 5544 ἀθλίους
882 5482 1204 5562 ἀνθρώπους.
1297 5484 1508 5562 Εἰσάγει
1574 5481 1626 5539 δὲ
1695 5484 1955 5564 λογισμὸν
2013 5484 2097 5542 διὰ

454 5561 688 5617 τοιούτου
757 5561 1176 5640 παραδείγματος
1245 5565 1272 5618 6
1327 5565 1571 5642 Χριστὸς,
1631 5561 1951 5642 δεικνῦοντα,
2011 5564 2091 5621 ὅτι

452 5645 511 5698 0-3
555 5642 714 5711 μόνον
759 5641 855 5696 οὒκ
899 5642 1010 5720 ἔχει
1045 5641 1192 5721 φίλον
1236 5648 1339 5697 τῶν
1383 5641 1664 5718 δαιμονίων
1708 5647 1796 5701 τὸν
1828 5641 2087 5728 ἄρχοντα,

1553 5725 1563 5739 \
1667 5727 1679 5743 ο
1764 5728 1776 5742 ι
1866 5725 1869 5726 ⁷
1891 5725 1901 5745 I'

520 5720 532 5729 ι

2181 4845 2381 4922 θιστον,
2445 4837 2616 4922 ’Ἔστι
2673 4840 2774 4922 γαρ
2802 4847 2921 4922 Δτοῦ
2973 4838 3234 4922 λογισμοῦ
3275 4843 3500 4918 σκοπὸς,
3545 4839 3626 4899 ὅτι
3657 4842 3835 4922 ὥσπερ

2185 4924 2244 4980 οὔ
2299 4917 2514 4977 δύναταί
2553 4941 2633 4984 τις
2690 4917 2953 5001 εἰσελθεῖν
3011 4917 3084 4984 εἷς
3133 4921 3232 4989 τὴν
3262 4924 3427 4980 οὶκίαν
3457 4917 3550 4978 τοῦ
3591 4917 3830 5001 ίσχδροῦ,

2184 5004 2270 5083 καὶ
2329 5002 2427 5083 τὰ-
2451 5001 2615 5083 σκεύη
2687 5001 2844 5083 αὐτοῦ
2913 4998 3196 5083 διαρπάσαι
3267 4998 3682 5083 φυλαττόμεναί
3709 4998 3836 5082 παρ’

2184 5081 2360 5157 αὐτοῦ,
2411 5079 2502 5138 ἐὰν
2558 5081 2637 5156 μὴ
2700 5081 2908 5159 πρῶτον
2953 5078 3091 5158 δήσῃ
3149 5085 3240 5138 τὸν
3280 5078 3566 5162 Ἱσχυρὸν,
3601 5082 3736 5139 οὕτω
3789 5078 3840 5140 δ’

2183 5164 2339 5226 αῦτος
2393 5165 2453 5221 οὒ
2513 5160 2804 5241 διήπρασεν
2862 5161 2924 5218 ἂν
2977 5164 3043 5217 τὰ
3104 5160 3388 5237 δαιμονία,
3426 5161 3570 5220 τοῦτ’
3613 5161 3722 5219 ἔστι
3767 5162 3839 5220 διο

2183 5243 2520 5324 εσκόρπισεν,
2583 5240 2656 5297 εἰν
2691 5243 2769 5314 μὴ
2825 5263 3076 5320 προτερον
3131 5240 3410 5317 ἐδέσμευσε
3470 5247 3563 5298 τὸν
3606 5243 3840 5323 ἄρχοντα

2179 5324 2388 5380 τούτων
2437 5321 2530 5378 τὸν
2560 5324 2778 5402 ἰσχυρὸν
2835 5321 2984 5384 ὅντα.
3060 5331 3099 5379 Ο
3146 5323 3223 5397 μὴ
3266 5323 3341 5380 ὢν
3397 5322 3515 5398 μετ’
3557 5321 3712 5404 ἐμοῦ,
3756 5326 3842 5380 καὶ

2179 5425 2229 5464 τ.
2264 5402 2324 5483 λ,
2371 5427 2394 5458 ιι
2430 5401 2498 5483 Et
2533 5401 2673 5483 quid
2689 5419 2782 5462 em
2815 5401 3223 5482 exen.plo,seu
3256 5401 3650 5483 similitudine
3678 5401 3842 5465 com-

2182 5481 2401 5562 probat
2434 5480 2909 5544 ille‘sermonem
2941 5480 3138 5555 suum,
3165 5498 3236 5542 ac
3263 5480 3599 5553 subindicat
3627 5483 3836 5546 fortem

2179 5581 2311 5623 esse
2353 5563 2684 5642 principem
2740 5563 3210 5636 daemoniorum;
3261 5569 3521 5624 attamen
3576 5583 3694 5625 non
3727 5584 3836 5625 na-

2181 5643 2456 5714 tura,sed
2489 5643 2628 5723 quia
2658 5643 3040 5723 tyrannidem
3074 5651 3332 5723 exercet,
3353 5650 3447 5723 “et
3494 5644 3835 5723 dominatur

451 5720 582 5775 ἀλλὰ
614 5722 697 5777 καὶ
745 5719 1264 5795 μᾶλλονίᾶδεῖσμησεν
1309 5723 1466 5780 αὒτοῦ
1513 5725 1608 5790 τὴν
1667 5719 1948 5805 ἰσχὺν,
1980 5719 2086 5805 ἷχλ

2197 5741 2232 5782 ιι
2259 5719 2796 5802 εοε,ιιιιὶἐοε‹›ἑόὶα
2819 5739 2885 5781 ac
2897 5721 3130 5802 pigritia
3149 5721 3481 5783 imbecilles
3498 5722 3827 5788 ﬁunt.Van
