4118 6220
433 381 557 444 275

1404 381 1992 444 THEOPHYLACTI
2035 381 2446 446 BULGARLE
2491 382 2844 448 ARCHIEP.

3695 383 3811 448 276

437 511 650 576 exierit
679 511 750 573 ab
782 513 1049 590 homine,
1083 513 1455 593 perambulat
1512 531 1616 593 per
1666 513 1892 575 arentia
1928 513 2078 586 loca,

2172 513 2458 595 ανθρώπου,
2546 516 2812 598 διέρχεται
2882 518 2951 576 δι’
3033 517 3262 599 ἀνύδρων
3333 511 3534 598 τόπων,
3616 525 3809 590 ζητοῦν

436 620 710 683 quazrens
733 603 1027 683 requiem,
1063 614 1120 664 et
1151 623 1266 664 non
1301 604 1544 677 invenit;
1581 612 1718 662 tunc
1741 603 1917 666 dicit:
1955 605 2077 666 Re-

431 700 627 753 vertar
647 691 708 752 in
732 692 972 753 domum
1010 694 1392 774 meam,unde
1409 692 1667 774 exivi.Et
1682 711 1812 752 cum
1830 692 2074 764 venerit,

433 780 658 861 reperit
694 799 821 841 eam
854 789 1178 855 vacantem,
1217 792 1272 841 et
1322 782 1515 860 scopis
1567 793 1869 860 purgatam
1901 788 2079 861 atque

433 878 727 932 ornatam.
761 870 926 930 Tunc
978 871 1100 930 ahit
1131 880 1186 931 et
1227 870 1498 949 adjungit
1527 869 1638 930 sibi
1672 878 1898 950 septem
1933 869 2080 930 alios

433 959 673 1040 spiritus
697 959 1107 1020 sceleratiores
1125 968 1278 1031 se,ct
1308 957 1561 1035 ingressi
1586 957 2074 1019 inhabitantillic:

435 1057 492 1110 et
518 1050 664 1110 fiunt
691 1058 989 1128 postrema
1019 1050 1278 1109 hominis
1309 1049 1472 1110 illius
1500 1050 1705 1128 pejora
1730 1048 1959 1129 primis.
1987 1047 2080 1109 Sic

436 1138 548 1199 erit
580 1146 637 1198 et
667 1137 1034 1215 generationi
1066 1138 1208 1200 huic
1242 1157 1555 1217 perversae.
1597 1163 1621 1192 n
1650 1136 1919 1199 Ostendit
1950 1137 2080 1198 illos

435 1243 625 1306 usque
656 1225 718 1285 in
749 1234 1068 1286 extremam
1107 1226 1498 1305 perditionem
1534 1226 1792 1293 venisse,
1814 1225 2080 1305 quodip-

433 1333 560 1375 sum
585 1333 702 1374 non
725 1314 1197 1394 susceperintJﬂt
1220 1314 1373 1374 sicut
1390 1334 1422 1375 a
1444 1314 1752 1374 daemoniis
1771 1313 2080 1388 liberati,si

435 1403 627 1482 ignavi
659 1403 1174 1483 fuerint,deterius
1194 1403 1522 1464 habentzita
1549 1416 1605 1463 et
1627 1413 1825 1464 vestra
1843 1420 2085 1480 genera.

436 1497 512 1560 tio
532 1517 567 1558 a
584 1498 876 1558 daemonio
896 1497 1350 1558 tenebaturcum
1367 1497 1524 1558 idola
1551 1496 1958 1570 adoraret,sed
1982 1516 2086 1576 per

435 1591 753 1672 prophetas
771 1589 997 1668 ejectus
1013 1599 1098 1649 est
1116 1589 1213 1650 ille
1239 1589 1861 1651 daemonNeniautem
1884 1596 2081 1664 etego,

437 1679 724 1740 mundare
744 1698 844 1739 vos
864 1679 1048 1756 magis
1069 1678 1400 1739 volens:sed
1429 1678 1566 1757 quia
1590 1676 1892 1756 repulistis
1917 1696 2009 1736 me
2031 1686 2086 1736 et

435 1767 782 1829 interimere
799 1767 1058 1832 vultis,ut
1077 1766 1306 1846 pravius
1331 1763 1894 1845 peccantesgravius
1908 1765 2081 1825 etiam

438 1856 794 1938 puniemini:
822 1865 875 1916 et
904 1865 1162 1917 extrema
1182 1856 1488 1935 captivitas
1513 1865 1705 1916 vestra
1725 1854 1955 1932 gravior
1973 1855 2087 1914 erit

2164 603 2477 677 ἀνάπαυσιν,
2525 609 2614 664 καὶ
2641 613 2744 689 οὔχ
2775 611 2996 689 εὑρίσκει
3030 626 3044 640 ⁸
3081 609 3201 666 τότε
3242 607 3387 686 λέγει
3422 624 3434 637 ⁸
3473 605 3812 684 Ἐπιστρέψω

2163 695 2235 758 εἰς
2291 696 2382 750 τὸν
2445 696 2598 752 οἶκόν
2644 721 2745 772 μου
2789 698 2904 756 ὅθεν
2953 697 3189 767 ἒξῆλθον,
3255 699 3353 756 Καὶ
3383 695 3555 766 ὲλθὸν,
3589 698 3808 774 εὑρίσκει

2164 781 2517 863 σχολάζοντα,
2578 787 2928 865 σεσαρομένον
3025 789 3113 844 καὶ
3199 785 3624 861 κεκοσμημένον.
3682 784 3811 842 Τότε

2162 873 2462 950 πορεύεται,
2534 876 2620 930 καὶ
2711 875 3113 956 παραλαμϐάνει
3217 875 3329 950 μεθ’
3413 876 3596 933 ἑαυτοῦ
3679 874 3810 929 ἑπτὰ

2163 959 2314 1039 ἕτερα
2375 962 2648 1036 πνεύματα
2708 967 3036 1043 πονηρότερα
3097 966 3301 1024 ἑαυτοῦ.
3361 964 3456 1021 Καὶ
3515 960 3811 1019 εἰσελθόντα

2163 1063 2406 1106 κατοικεῖ
2458 1053 2598 1131 εκεῖ,
2644 1055 2731 1109 καὶ
2774 1055 2970 1131 γίνεται
3014 1055 3079 1111 τὰ
3136 1053 3340 1131 ἔσχατα
3395 1059 3488 1109 τοῦ
3540 1051 3812 1127 ἀνθρώπου

2164 1139 2384 1210 ἐκείνου,
2445 1142 2661 1220 χείρονα
2719 1151 2826 1200 τῶν
2897 1144 3103 1221 πρώτον
3140 1159 3152 1172 ⁸
3213 1141 3378 1206 οὕτως
3440 1141 3585 1197 ἔσται
3617 1143 3702 1195 καὶ
3743 1141 3810 1204 τῆ

2165 1235 2317 1304 γενεᾷ
2374 1231 2537 1307 ταύτῃ
2594 1237 2662 1306 τῇ
2734 1239 2964 1311 πονηρᾷ,
3029 1255 3056 1286 ι)
3144 1233 3410 1289 Δείκνυσιν
3481 1231 3664 1292 αὐτοὺς
3739 1230 3811 1291 εἷς

2166 1318 2396 1396 ἔσχατον
2454 1318 2720 1383 ἀπωλείας
2776 1321 3204 1390 καταντήσοντας
3263 1322 3323 1376 ὲκ
3372 1327 3464 1376 τοῦ
3508 1319 3584 1394 μὴ
3644 1339 3816 1396 παρα-

2167 1406 2404 1474 δέξασθαι
2462 1408 2639 1471 αὒτόν,
2703 1399 2922 1489 ’Ὠσπερ
2979 1411 3080 1487 γὰρ
3129 1411 3175 1466 οἱ
3218 1407 3482 1485 δαιμόνων
3536 1406 3814 1484 ἐλευθερωο

2167 1497 2368 1570 θέντες,
2425 1495 2512 1552 ἐάν
2569 1497 2933 1575 ῥᾳθυμήσωσι,
2997 1498 3215 1578 χείρονα
3295 1499 3618 1577 πάσχουσιν
3678 1493 3814 1551 οὕτω

2171 1587 2257 1641 καὶ
2288 1588 2319 1653 ἡ
2348 1586 2574 1661 ὑμετέρα
2631 1588 2787 1664 γενεᾶ
2831 1588 3114 1666 κατείχετο
3144 1585 3372 1662 δαίμονι,
3407 1586 3493 1642 ὅτε
3524 1586 3589 1640 τὰ
3617 1582 3811 1639 εἴδωλα

2169 1688 2546 1752 προσεκυνιττε·
2577 1691 2590 1705 ⁸
2638 1673 2780 1755 ἄλλα
2830 1673 2914 1731 διὰ
2965 1677 3070 1733 τῶν
3100 1682 3384 1755 προφητῶν
3427 1673 3669 1740 ἐξέϐαλον
3699 1680 3816 1728 τοῦ⁹

2167 1787 2254 1820 τον
2313 1766 2403 1819 τὸν
2450 1761 2692 1838 δαίμονα.
2753 1752 2946 1820 τΠλθον
3003 1764 3057 1820 δὲ
3087 1752 3377 1838 καὶῠαῦτὸς,
3409 1763 3569 1820 πλέον
3594 1765 3811 1839 καθᾶραι

2169 1854 2304 1927 ὑμᾶς
2360 1852 2678 1928 βουλόμενος
2716 1872 2730 1886 ⁸
2789 1851 2912 1909 ἀλλ’
2979 1852 3163 1920 ἐπειδὴ
3221 1853 3534 1932 παρώσασθέ
3592 1873 3681 1925 με,
3727 1852 3812 1905 καὶ

440 1945 756 2026 prioribus.
771 1949 858 2008 Tu
878 1956 1073 2007 autem
1095 1945 1361 2024 intellige
1381 1956 1438 2004 et
1461 1944 1759 2024 hoc,quod
1781 1963 1883 2022 per
1897 1943 2085 2022 bapti-

2172 1939 2377 1996 ἆνελεϊν
2449 1939 2650 2014 μᾶλλον
2715 1940 2988 2015 σπεύδετε,
3032 1945 3105 2005 ὡς
3159 1957 3344 2022 χεῖρον
3402 1942 3809 2020 ἁμαρτάνοντες,

443 2054 637 2096 smum
672 2035 905 2114 ejicitur
927 2035 1270 2096 immundus
1294 2035 1559 2114 spiritus,
1581 2042 1635 2094 et
1666 2033 1826 2094 vadit
1855 2033 1924 2093 ad
1961 2032 2085 2092 loca

2172 2051 2358 2110 χελρον
2414 2030 2500 2084 καὶ
2555 2027 2965 2105 κολασθήσεσθε,
3027 2033 3114 2087 καὶ
3170 2034 3203 2099 ἡ
3235 2031 3442 2111 ἐσχάτη
3474 2027 3813 2108 αἰχμαλωσία

439 2129 811 2208 inaquosa,et
827 2129 1053 2187 animas
1074 2147 1188 2186 non
1204 2126 1642 2206 baptizatas,sed
1665 2127 1720 2186 in
1736 2125 1857 2186 illis
1872 2143 1988 2186 non
2004 2124 2085 2184 in-

2172 2124 2316 2194 ὓμῶν
2372 2118 2628 2197 βαρυτέρα
2675 2117 2819 2175 ἔσται
2879 2126 2982 2175 τῶν
3028 2120 3320 2198 προτέρων.
3373 2121 3445 2176 Σὺ
3494 2117 3548 2174 δὲ
3591 2118 3700 2174 νόει
3728 2118 3814 2173 καὶ

438 2205 597 2279 venit
610 2205 1325 2296 requiemBequiesenim
1342 2215 2085 2294 estdcemoniisbaptizatos

2172 2219 2345 2284 τοῦτο,
2409 2206 2488 2262 ὅτι
2550 2205 2632 2263 διὰ
2690 2218 2782 2267 τοῦ
2822 2209 3187 2285 βαπτίσματος
3239 2207 3552 2266 ἐκϐάλλεται
3583 2209 3643 2264 τὸ
3685 2206 3815 2266 ἀκά-

439 2307 680 2369 turbare
694 2295 802 2384 per
818 2305 968 2365 mala
985 2305 1470 2384 opera,quoniam
1498 2325 1612 2365 non
1640 2304 2085 2382 baptizatosjam

2172 2303 2356 2376 θαρτον
2414 2305 2641 2375 πνεῦμα,
2703 2298 2788 2353 καὶ
2843 2299 3118 2370 πορεύεται
3173 2298 3227 2354 ἐν
3286 2313 3405 2360 ταῖς
3453 2295 3684 2376 ἀνύδροις
3726 2296 3813 2350 καὶ

442 2393 1015 2457 habetzconvertitur
1039 2394 1300 2469 igiturad
1319 2393 1671 2472 baptizatum
1699 2411 1830 2453 cum
1853 2392 2084 2471 spiriti—

2177 2385 2513 2450 ἀϐαπτίστοις
2575 2390 2782 2465 ψυχαῖς
2818 2400 2832 2415 ⁸
2891 2386 3008 2444 ἀλλ’
3060 2388 3113 2443 ὲν
3169 2388 3391 2454 ἐκείναις
3447 2387 3550 2466 οὐχ
3594 2385 3813 2462 εὑρίσκει

442 2484 818 2562 busseptem.
850 2482 1184 2542 Sicutenim
1214 2499 1439 2562 septem
1459 2491 1594 2542 sunt
1626 2482 1780 2541 dona
1810 2479 2086 2560 Spiritus,

441 2572 810 2633 itaediverso
827 2580 1052 2650 septem
1075 2582 1211 2630 sunt
1226 2570 1875 2648 malitizespiritusﬂum
1893 2576 2089 2628 autem

442 2660 746 2738 ingressus
765 2658 942 2718 fuerit
966 2658 1023 2718 in
1044 2657 1681 2738 baptizatumnleterior
1697 2660 1753 2715 lit
1769 2655 2090 2716 calamitas.

441 2748 614 2811 Prius
645 2747 800 2806 enim
833 2765 968 2824 spes
1000 2754 1124 2807 erat
1175 2765 1279 2824 per
1317 2745 1674 2824 baptismum
1707 2762 1835 2804 esse
1871 2760 2081 2820 purga-

441 2847 589 2899 tum:
621 2844 820 2915 postea
841 2846 1038 2896 autem
1076 2856 1189 2895 non
1223 2844 1310 2895 est
1341 2854 1476 2914 spes
1507 2833 1753 2894 secundi
1785 2831 2082 2911 baptismi,

442 2928 553 2988 nisi
589 2941 700 3006 per
731 2925 1172 3006 paenitentiam,
1203 2944 1333 3004 qua:
1356 2923 1526 2985 valde
1556 2923 1849 2984 laboriosa
1872 2930 1980 2982 est.

2179 2475 2488 2532 ἀνάπαυσιν.
2552 2472 2867 2539 Ἀνάπαυσις
2927 2477 3026 2556 γὰρ
3084 2491 3200 2542 τοῖς
3272 2476 3504 2550 δαίμοσι,
3576 2476 3635 2530 τὸ
3696 2485 3813 2534 τοῖς

2177 2561 2624 2640 βεϐαπτισμένοις
2690 2561 2940 2644 ἐνοχλεῖν
2997 2564 3081 2622 διὰ
3125 2574 3231 2623 τῶι
3279 2572 3525 2645 πονηρῶν
3553 2562 3813 2643 πράξεων,

2180 2655 2292 2709 ἐπεὶ
2349 2653 2468 2715 τοὺς
2513 2649 2862 2717 ἆϐαπτίστους
2911 2652 3014 2722 ἤδη
3066 2655 3206 2735 ἔχει,
3268 2646 3673 2734 ιΥποστρέφετοιι
3730 2653 3816 2707 οὖν

2171 2743 2254 2799 ἐπὶ
2306 2742 2394 2796 τὸν
2445 2739 2864 2816 βεϐαπτισμένον
2922 2745 3057 2818 μετὰ
3113 2751 3219 2800 τῶν
3287 2745 3418 2800 ἑπτὰ
3475 2742 3814 2818 πνευμάτων.

2169 2831 2377 2908 ’Ὠσπερ
2407 2831 2506 2908 γὰρ
2540 2831 2674 2886 ἑπτὰ
2703 2831 2767 2889 τα
2821 2840 2912 2888 τοῦ
2961 2833 3256 2908 πνεύματος
3287 2833 3618 2913 χαρίσματα,
3651 2827 3818 2891 οὕτως

2171 2925 2229 2977 ὲκ
2285 2927 2378 2976 τοῦ
2437 2919 2670 2978 ἐναντίου
2712 2921 2846 2976 ἑπτὰ
2899 2923 2985 2977 καὶ
3039 2925 3104 2978 τὰ
3147 2923 3241 2990 τῆς
3299 2923 3485 2984 κακίας
3517 2921 3812 2993 πνεύματα.

443 3017 610 3075 Ἐπὰν
641 3014 695 3070 δὲ
754 3014 959 3090 εἷσέ).οῃ
1023 3017 1094 3077 εἰς
1153 3017 1242 3070 τὸν
1301 3012 1740 3088 βεϐαπτισμένον,
1803 3014 1996 3092 χείρων
2070 3015 2104 3079 οἱ,
2164 3009 2423 3088 συμφορά.
2487 3008 2742 3086 Πρότερον
2802 3011 2896 3083 μὲν
2959 3010 3057 3088 γὰρ
3101 3009 3247 3073 ἐλπδς
3304 3011 3368 3078 ἦν
3425 3007 3509 3066 διὰ
3537 3007 3654 3066 δτοῦ
3710 3007 3815 3081 βα-

441 3107 734 3180 πτίσματος
789 3105 1185 3181 καθαρισθῆναι,
1267 3095 1498 3161 ἸΕκτοτε
1574 3103 1625 3157 δὲ
1698 3101 1935 3180 δευτέρου
1994 3101 2358 3177 βαπτίσματος
2420 3099 2515 3154 οὒκ
2558 3097 2697 3154 ἔστιν
2761 3097 2930 3171 ἐλπὶς,
3001 3101 3043 3154 εἰ
3096 3100 3171 3175 μὴ
3231 3106 3322 3156 τοῦ
3379 3097 3462 3153 διὰ
3510 3098 3810 3174 μετανοίας,

443 3197 471 3251 ὃ
501 3191 698 3272 σφόδρα
728 3192 1000 3253 ἐπίπονον,

521 3281 702 3344 Vnus.
735 3279 835 3340 46.
869 3304 894 3333 α
930 3281 1137 3341 Adhuc
1167 3290 1361 3341 autem
1397 3280 1674 3360 loquente
1708 3280 1808 3341 illo
1840 3280 1910 3340 ad
1954 3288 2080 3340 tur-
2103 3288 2139 3336 C

451 3370 577 3445 bas,
606 3386 748 3429 ecce
799 3376 985 3428 mater
1015 3371 1143 3446 ejus
1175 3378 1230 3429 et
1253 3370 1465 3430 fratres
1511 3369 1638 3447 ejus
1689 3368 1919 3429 stabant
1949 3369 2092 3429 foris

449 3465 789 3538 quaerentes
814 3459 866 3516 ei
901 3456 1084 3536 loqui.
1105 3457 1469 3518 »Humanum
1488 3457 1626 3536 quid
1646 3456 1872 3518 volebat
1895 3468 2087 3518 osten-

443 3547 587 3608 dere
628 3555 838 3624 mater,
864 3547 1018 3627 quod
1056 3556 1115 3606 ut
1150 3547 1207 3606 in
1234 3546 1418 3607 filium
1454 3554 1802 3626 potestatem
1837 3546 2082 3606 habeat:

445 3635 595 3696 nihil
633 3635 789 3695 enim
824 3653 1099 3710 magnum
1137 3637 1335 3699 adhuc
1357 3636 1431 3696 de
1464 3655 1531 3696 eo
1557 3634 2089 3713 intelligebat.pro-

446 3732 577 3805 pter
607 3724 719 3798 hoc
753 3723 879 3802 ipso
911 3725 1103 3785 adhuc
1135 3726 1433 3805 loquente,
1457 3723 1689 3783 volebat
1720 3724 1792 3782 ad
1826 3742 1890 3784 se
1922 3724 2086 3784 illum

446 3813 764 3886 attrahere,
788 3813 952 3892 quasi
986 3814 1357 3874 ambitiosula
1389 3820 1547 3874 tanto
1589 3812 1700 3872 sibi
1737 3812 1855 3872 filio
1889 3812 2089 3872 subdi-

443 3912 526 3964 to.
557 3900 708 3980 Quid
741 3902 916 3978 igitur
966 3901 1263 3964 Christus?
1322 3907 1642 3981 Postquam
1697 3900 2087 3961 intentionem

447 3991 579 4072 ejus
610 3990 790 4062 novit,
827 3992 959 4052 audi
984 3991 1123 4070 quid
1157 3991 1333 4054 dicat.

2256 3298 2278 3332 α
2313 3268 2439 3334 vlim
2470 3275 2521 3332 δὲ
2556 3281 2712 3336 αὒτου
2735 3272 3021 3342 λαλοῦντος
3047 3292 3166 3340 τοῖς
3191 3277 3403 3358 ὄχλοις,
3437 3275 3543 3334 ἰδοὺ
3572 3279 3605 3344 ἡ
3637 3279 3818 3355 μήτηρ

2245 3369 2260 3390 \
2364 3371 2375 3406 ς
2423 3363 2534 3421 ἀλ)
2616 3367 2630 3388 \
2751 3367 2807 3406 ν’,
2844 3377 2867 3406 ,ν
2989 3371 3002 3387 ιι
3095 3371 3104 3388 ι
3351 3367 3376 3387 ν
3679 3373 3698 3383 -ι
3769 3387 3788 3398 _

2175 3389 2262 3423 και
2333 3389 2378 3422 ο.
2457 3382 2509 3421 οε
2533 3388 2633 3446 κιροι
2718 3391 2873 3424 cuto:
2963 3389 3294 3438 ειστηκεισαν
3353 3366 3473 3446 εξω,
3545 3373 3820 3437 ζητουντες

2177 3461 2314 3529 αὐτῷ
2345 3455 2600 3523 λαλῆσαι,
2644 3481 2670 3511 ι)
2735 3457 3088 3536 Ἀνθρώπινόν
3139 3480 3186 3513 τι
3232 3455 3475 3513 ἐϐούλετο
3507 3453 3819 3520 ἐνδείξασθαι

2172 3547 2204 3612 ἡ
2266 3547 2467 3624 μήτηρ,
2503 3545 2580 3599 ὅτι
2623 3545 2906 3616 ἐξουσιάζει
2960 3555 3050 3603 τοῦ
3094 3544 3302 3610 παιδός.
3352 3543 3508 3602 Οὐδὲν
3553 3544 3652 3622 γὰρ
3683 3543 3818 3620 μέγα

2174 3633 2320 3689 οῧπω
2376 3635 2492 3710 περὶ
2537 3637 2692 3691 αὐτοῦ
2749 3634 2934 3690 ἐνόει·
2983 3634 3066 3691 διὰ
3109 3637 3264 3691 τοῦτο
3320 3633 3406 3690 οὖν
3446 3635 3531 3689 καὶ
3585 3632 3661 3688 ἔτι
3717 3630 3818 3686 λα-

2173 3721 2388 3793 λοῦντα,
2460 3721 2706 3796 βούλεται
2772 3725 2901 3801 πρὸς
2962 3724 3154 3791 ἑαυτὴν
3225 3723 3633 3794 ἐπισπάσασθαι,
3673 3719 3817 3799 φιλοο

2173 3813 2466 3887 τιμουμένη
2550 3813 2622 3875 ὡς
2692 3813 3116 3889 ὑποταττομένου
3201 3817 3330 3888 αύτῇ
3398 3820 3488 3869 τοῦ
3555 3813 3686 3872 υἱοῦ,
3761 3809 3822 3866 Τί

2173 3907 2296 3977 γοῦν
2346 3904 2373 3956 ὃ
2406 3901 2626 3978 Χριστός
2663 3916 2678 3974 ;
2739 3901 2888 3958 Ἐπεὶ
2917 3905 3008 3959 τὸν
3041 3904 3238 3959 σκοπὸν
3284 3901 3442 3968 αὖτῆς
3473 3900 3630 3978 ἔγνω,
3665 3898 3818 3955 ἄκουε

2175 3991 2223 4045 τί
2265 4012 2448 4069 φησιν.

526 4081 705 4142 Vens.
740 4079 950 4159 47-50,
991 4105 1008 4134 ε
1049 4079 1204 4140 Dixit
1246 4087 1443 4140 autem
1499 4078 1735 4158 quidam
1784 4077 1890 4140 illi.
1944 4077 2085 4138 Ecce

2264 4100 2288 4131 (ι
2327 4086 2458 4135 Ετπε
2518 4077 2570 4133 δέ
2629 4101 2707 4140 τις
2752 4079 2916 4152 αύτῷ.
2979 4078 3110 4136 Ἰδοὺ
3165 4083 3198 4147 ἡ
3247 4081 3427 4159 μήτηρ
3473 4100 3564 4136 σου
3617 4078 3704 4134 καὶ
3775 4079 3818 4132 οἱ

448 4175 636 4230 mater
661 4175 759 4229 tua
790 4177 848 4228 et
876 4168 1084 4229 fratres
1119 4169 1198 4227 tui
1231 4167 1376 4228 foris
1399 4176 1574 4240 stant,
1605 4172 1940 4246 quaerentes
1988 4167 2085 4226 tibi

2177 4165 2391 4247 ἀδελφοί
2445 4189 2536 4222 σου
2585 4166 2683 4232 ἔξω
2742 4169 3001 4239 ἑστήκασι
3035 4173 3313 4240 ζητοῦντές
3343 4192 3424 4226 σοι
3455 4169 3683 4236 λαλῆσαι
3718 4186 3732 4200 ·
3797 4168 3822 4222 ὂ

445 4257 629 4337 loqui.
659 4261 730 4319 At
762 4257 862 4318 ille
892 4257 1264 4332 respondens
1295 4256 1441 4317 dixit
1474 4256 1528 4317 ei
1568 4257 1665 4334 qui
1699 4255 1812 4315 sibi
1863 4274 2085 4315 renuu-

2177 4254 2254 4330 δὲ,
2317 4257 2612 4334 ἀποκριθεὶς
2672 4261 2792 4314 εἷπε
2842 4266 2917 4333 τῷ
2988 4259 3186 4316 εἰπόντι
3243 4264 3385 4333 αὐτῷ
3415 4277 3430 4292 ⁸
3486 4259 3572 4324 Τίς
3604 4259 3744 4313 ἐστιν
3786 4258 3820 4324 ἡ

448 4345 691 4406 tiaverat
725 4365 738 4407 :
773 4345 914 4417 Quae
946 4358 1035 4406 est
1067 4353 1258 4408 mater
1290 4364 1442 4423 mea,
1469 4354 1566 4405 aut
1597 4344 1695 4424 qui
1718 4351 1857 4404 sunt
1887 4344 2085 4404 fratres

2179 4347 2360 4422 μήτηρ
2418 4367 2542 4419 μου,
2613 4347 2702 4402 καὶ
2778 4347 2914 4410 τίνες
2992 4350 3119 4404 εἰσὶν
3181 4351 3227 4405 οἱ
3287 4347 3498 4428 ἀδελφοί
3553 4370 3651 4422 μου
3684 4365 3699 4426 ;
3737 4348 3823 4402 καὶ

450 4433 660 4496 mei?et
690 4434 1016 4495 extendens
1048 4452 1289 4494 manum
1315 4453 1478 4495 suam
1512 4433 1583 4494 ad
1607 4433 1925 4511 discipulos
1956 4451 2085 4494 suos

2179 4433 2411 4498 ἐκτείνας
2460 4435 2555 4502 τὴν
2599 4449 2764 4514 χεῖρα
2803 4436 2960 4494 αὖτοῦ
3017 4437 3102 4492 ἐπὶ
3145 4439 3264 4501 τοὺς
3329 4438 3569 4513 μαθητάς
3642 4435 3820 4504 αὐτοῦ,

449 4523 597 4586 dixit
629 4540 642 4584 :
669 4521 823 4585 Ecce
859 4532 1045 4584 mater
1098 4542 1227 4584 mea
1280 4532 1335 4583 et
1388 4524 1602 4584 fratres
1637 4523 1776 4584 mei.
1812 4521 2085 4601 Quisquis

2179 4527 2330 4579 εἶπεν
2369 4539 2382 4554 ⁸
2418 4521 2551 4580 Ἰδοὺ
2581 4525 2615 4590 ἡ
2649 4526 2828 4599 μήτηρ
2860 4547 2962 4600 μου
3008 4528 3096 4582 καὶ
3125 4529 3172 4582 οἱ
3217 4526 3427 4608 ἀδελφοί
3469 4548 3587 4601 μου.
3631 4516 3822 4588 ’Ὅστις

451 4612 833 4681 enimfecerit
867 4613 1221 4674 voluntatem
1249 4613 1442 4674 Patris
1477 4613 1590 4674 mei
1623 4611 1723 4692 qui
1755 4620 1842 4672 est
1873 4611 1932 4671 in
1965 4629 2085 4672 cte-

2176 4613 2276 4690 γάρ
2335 4611 2394 4667 ἂν
2439 4613 2641 4688 ποιήσῃ
2701 4616 2761 4669 τὸ
2816 4612 3022 4689 θέλημα
3081 4623 3172 4672 τοῦ
3223 4617 3427 4695 Πατρός
3483 4636 3583 4690 μου
3627 4621 3720 4670 τοῦ
3773 4613 3826 4670 ἐν

452 4703 547 4776 lis,
581 4702 707 4781 ipse
741 4720 907 4762 meus
934 4701 1137 4775 frater,
1172 4712 1232 4762 et
1271 4719 1440 4762 soror
1468 4711 1523 4761 et
1558 4710 1744 4760 mater
1767 4707 1875 4760 est.
1906 4724 1928 4757 ι)
1967 4697 2085 4760 Non

2177 4702 2441 4778 οὐρανοῖς,
2491 4701 2644 4762 αὗτός
2703 4724 2805 4776 μου
2847 4701 3069 4784 ἀδελφὸς
3115 4707 3200 4760 καὶ
3251 4701 3448 4783 ἀδελφὴ
3499 4703 3584 4758 καὶ
3647 4703 3826 4777 μήτηρ

448 4790 669 4870 injuria
698 4791 967 4852 afficiens
1000 4800 1275 4870 matrem,
1302 4791 1423 4850 haec
1456 4790 1620 4860 dicit,
1656 4789 1758 4849 sed
1789 4789 2085 4866 corrigens

2178 4789 2338 4846 ἐστιν.
2385 4811 2406 4842 ι
2473 4788 2580 4846 Οὒκ
2638 4786 2854 4866 ὑϐρίζων
2909 4792 3005 4858 τὴ)
3066 4793 3272 4872 μητέρα
3303 4791 3445 4868 λέγει
3475 4798 3660 4868 ταῦτα,
3691 4788 3827 4844 ἀλλὰ

450 4887 711 4940 mentem
772 4881 898 4959 ejus
957 4879 1156 4957 gloriae
1204 4879 1430 4940 avidam
1486 4887 1544 4936 et
1586 4878 1928 4938 humanam.
1964 4876 2085 4938 Non

2177 4875 2540 4955 διορθούμενος
2601 4879 2697 4939 τὴν
2776 4878 3046 4958 φιλόδοξον
3123 4882 3290 4948 αὐτῆς
3347 4881 3429 4936 καὶ
3501 4878 3826 4955 ἀνθρωπίνην

453 4967 612 5029 enim
672 4967 812 5029 dicit
847 4987 860 5030 :
898 4968 1024 5030 Non
1071 4976 1161 5029 est
1219 4976 1408 5028 mater
1459 4984 1637 5028 mea:
1676 4966 1806 5040 sed,
1869 4966 1918 5027 si
1975 4986 2085 5028 non

2177 4966 2418 5045 γνώμην.
2482 4969 2554 5024 Οὔ
2598 4968 2697 5045 γὰρ
2743 4969 2897 5025 εἶπεν
2956 4968 3033 5026 ὅτι
3097 4970 3205 5028 Οὔκ
3283 4969 3397 5026 ἔστι
3445 4990 3544 5044 μου
3587 4968 3772 5043 μήτηρ
3807 4981 3821 4995 ⁸

455 5055 667 5118 fecerit
718 5057 1074 5119 voluntatem
1126 5057 1257 5132 Dei,
1295 5056 1374 5116 nil
1410 5056 1462 5116 ei
1509 5055 1771 5135 proderit
1810 5055 1966 5135 quod
2001 5075 2085 5115 mc

2178 5054 2297 5111 ἀλλ’
2341 5054 2426 5112 ὅτι
2487 5053 2609 5112 Ἐὰν
2670 5057 2746 5131 μὴ
2807 5064 2935 5135 ποιῇ
2974 5061 3034 5115 τὸ
3091 5057 3296 5133 θέλημα
3337 5064 3430 5112 τοῦ
3481 5061 3634 5127 Θεοῦ,
3679 5052 3824 5111 οὖδὲν

456 5145 675 5224 genuit.
712 5148 842 5208 Non
876 5148 1031 5208 enim
1093 5155 1267 5224 negat
1310 5146 1634 5206 naturalem
1667 5144 1758 5203 64
1791 5144 2085 5222 cognatio-

2178 5145 2338 5212 αὐτὴν
2397 5142 2664 5223 ὠφελήσει
2726 5148 2786 5202 τὸ
2862 5149 3112 5226 γεννῆσαί
3164 5169 3252 5223 με.
3315 5149 3387 5204 Ού
3450 5145 3548 5222 γὰρ
3591 5143 3826 5216 ἀρνεῖται

455 5251 620 5309 nem,
653 5235 754 5295 sed
787 5237 1025 5315 apponit
1057 5236 1231 5297 etiam
1292 5253 1421 5296 eam
1471 5253 1602 5314 qua:
1660 5244 1748 5294 est
1782 5251 1884 5313 per
1909 5233 2085 5292 virtu-

2177 5233 2275 5299 τὴν
2333 5233 2468 5288 κατὰ
2556 5233 2709 5311 φύσιν
2791 5235 3118 5314 συγγένειαν,
3179 5233 3314 5290 ἀλλὰ
3362 5233 3668 5312 προστίθησι
3741 5235 3828 5288 καὶ

451 5329 597 5384 tem.
630 5321 838 5385 Nullus
892 5325 1051 5384 enim
1098 5324 1374 5402 indignus
1404 5340 1437 5382 a
1471 5323 1819 5398 cognatione
1871 5321 2085 5380 utilita-

2177 5322 2275 5388 τὴν
2337 5322 2457 5376 κατ’
2505 5322 2718 5402 ἀρετὴν.
2781 5322 2957 5388 Οὐδεὶς
3015 5326 3113 5404 γὰρ
3163 5321 3392 5406 ,ἀνάξιος
3454 5321 3559 5376 ἀπὸ
3629 5342 3824 5399 συγγε-

456 5420 575 5473 tem
636 5415 811 5492 capit.
849 5413 1034 5492 Igitur
1100 5420 1372 5474 correcta
1422 5429 1580 5471 vanae
1627 5410 1829 5489 gloriae
1861 5408 2085 5490 morbo,

2180 5409 2317 5473 νείας
2368 5407 2680 5488 ὠφελεῖται.
2758 5414 3185 5490 Διορθωσάμενος
3234 5411 3399 5469 τοίνυν
3461 5414 3560 5475 τῆς
3613 5407 3827 5465 κενοδο-

453 5502 671 5562 iterum
705 5501 907 5563 obedit
937 5501 1109 5564 matri
1142 5499 1395 5564 vocanti.
1434 5499 1586 5561 Dicit
1632 5500 1787 5561 enim
1843 5516 2085 5576 evange-

2179 5497 2287 5563 ξίας
2331 5500 2390 5554 τὸ
2445 5500 2677 5579 νόσημα,
2713 5499 2860 5576 ὅμως
2904 5500 3062 5557 πάλιν
3119 5500 3368 5556 ὑπακούει
3401 5505 3469 5575 τῇ
3515 5499 3674 5578 μητρὶ
3721 5519 3825 5552 κα-

452 5588 586 5651 [ista
617 5606 633 5654 ;
2179 5583 2366 5663 λούσῃ,
2413 5588 2552 5654 Φησὶ
2580 5587 2677 5667 γάρ
2711 5590 2740 5644 ὁ
2771 5588 3147 5669 εὖαγγελιστής
3178 5607 3196 5626 ο
