4118 6220
252 400 352 462 2’77

879 543 1127 595 ΚΕΦΛΛ.
1176 526 1277 594 tt".

251 655 356 730 Περὶ
440 661 549 708 τῶν
633 652 948 726 παραϐολῶν
1041 659 1133 708 τοῦ
1224 655 1533 727 σπείραντος
1623 674 1710 707 και
1794 657 1893 719 τῆς

713 732 981 809 βασιλείας
1023 738 1127 788 τῶν
1174 732 1428 809 οὖρανῶν,

325 872 348 899 σ
382 847 475 904 Ἐν
509 847 562 903 δὲ
612 855 680 925 τῇ
742 848 913 925 ἡμέρα
962 848 1135 924 εκείνη
1194 846 1412 913 ἐξελθὼν
1443 853 1470 905 6
1526 849 1733 916 Ἰησοῦς
1792 849 1896 906 ἀπὸ

246 938 329 1002 τῆς
386 939 583 1015 οίκίας,
640 938 865 1003 ἐκάθητ’)
923 939 1065 1014 παρὰ
1121 938 1219 1004 τὴν
1281 937 1573 1001 Θάλασσαν,
1643 940 1737 996 Καὶ
1782 961 1897 994 συν.

246 1029 489 1106 ἤχθησαν
521 1028 651 1098 πρὸς
686 1026 841 1082 αὺτὸν
892 1025 1049 1105 ὄχλοι
1096 1026 1308 1099 πολλοὶ,
1369 1027 1506 1085 ὥστε
1537 1029 1693 1083 αὐτὸν
1725 1029 1795 1092 εἷς
1836 1027 1896 1083 τνῖ

247 1114 427 1171 πλοῖον
479 1112 717 1189 ἐμϐάντα
772 1117 1052 1187 καθῆσθαι,
1108 1117 1195 1171 καὶ
1239 1122 1341 1180 πᾶς
1386 1118 1412 1172 6
1467 1114 1631 1196 ὄχλος
1679 1116 1763 1171 ἐπὶ
1805 1118 1895 1172 τὸν

248 1203 479 1280 αἰγιαλὸν
540 1204 794 1273 εἱστήκει.
862 1226 885 1260 ι
968 1204 1242 1260 Ἐκάθισεν
1320 1205 1374 1260 ἐν
1416 1211 1493 1277 τῷ
1548 1205 1744 1280 πλοίῳ,
1804 1206 1896 1261 ’ίνα

246 1294 435 1357 πάντας
490 1294 614 1354 τοὺς
686 1292 947 1370 ἀκροατὰς
1006 1294 1141 1349 κατὰ
1198 1295 1481 1371 πρόσωπον
1558 1297 1756 1370 στήσῃ,
1813 1312 1901 1368 καὶ

246 1383 427 1445 πάντες
491 1383 745 1439 ἀκούωσι.
794 1384 889 1440 Καὶ
949 1380 1003 1437 δὲ
1057 1382 1164 1438 ἀπὸ
1236 1389 1337 1450 τῆς
1382 1384 1652 1451 Θαλάσσης
1703 1383 1898 1449 ἀλιεύει

258 1473 373 1534 τοὺς
406 1472 462 1527 ἰν
495 1476 563 1546 τῇ
592 1477 685 1549 γῇ.

324 1582 345 1616 ι
388 1561 488 1618 Καὶ
548 1559 809 1626 ἰλᾶλησεν
869 1562 1052 1623 αὒτοϊς
1105 1559 1276 1617 πολλὰ
1333 1561 1386 1616 ὲν
1430 1558 1781 1641 παραϐολαῖς,
1816 1560 1902 1616 λέ-

249 1674 346 1728 γων
373 1665 388 1680 ⁸
444 1674 471 1702 ιι
516 1659 643 1711 Τοῖς
677 1649 771 1724 μὲν
807 1646 1098 1712 ἀπλάστοις
1131 1648 1316 1729 ὄχλοις
1347 1652 1433 1706 ἐπὶ
1461 1657 1553 1707 τοῦ
1595 1649 1745 1728 ὅρους
1775 1672 1900 1729 χω-

251 1741 315 1815 ρὶς
360 1735 680 1816 παραϐολῶν
723 1736 880 1793 λαλεῖ
917 1752 929 1765 ·
968 1736 1185 1795 ἐνταῦθα
1224 1737 1277 1794 δὲ
1323 1746 1427 1796 τῶν
1471 1738 1697 1817 δολερὼν
1728 1746 1898 1817 Φαρι-

252 1828 399 1883 σαίων
461 1828 653 1901 ὄντων,
702 1826 754 1881 ἐν
815 1824 1144 1900 παραϐολαῖς
1204 1827 1345 1906 λέγει
1382 1844 1395 1858 ·
1453 1828 1545 1883 ’ἵνα
1593 1827 1689 1884 κᾶν
1719 1829 1790 1889 ὡς
1825 1827 1900 1900 μὴ

249 1924 502 1985 νοοῦντες,
537 1915 844 1993 ἱρωτήσωσι
876 1918 973 1971 καὶ
1033 1917 1291 1990 μάθωσιν.
1326 1907 1558 1981 ’Ἄλλως
1589 1939 1646 1973 τε
1676 1914 1901 1980 ἀναξίοις

252 2008 403 2075 ὦσιν,
451 2008 551 2063 οὒκ
595 2002 695 2059 ἔδει
756 2006 958 2082 γυμνὰς
990 2005 1083 2067 τὰς
1134 2003 1469 2069 διδασκαλίας
1527 2007 1710 2071 αὒτοτς
1766 2028 1901 2081 προ-

250 2098 468 2156 κεῖσθαι,
520 2093 593 2152 Οὔ
652 2092 736 2149 δεῖ
791 2095 891 2172 γὰρ
939 2096 1059 2157 τοὺς
1114 2099 1436 2175 μαργαρίτας
1466 2095 1762 2174 ἔμπροσθεν
1790 2101 1899 2150 τῶν

252 2184 436 2262 χοίρων
486 2183 781 2261 ῥίπτεσθαι,
859 2183 1080 2261 Πρώτην
1138 2182 1190 2239 δὲ
1238 2182 1546 2262 παραϐολὴν
1602 2183 1742 2261 λέγει
1802 2184 1900 2249 τὴν

250 2274 491 2329 ποιοῦσαν
538 2272 1023 2350 προσεκτικώτερον
1054 2274 1143 2328 τὸν
1195 2273 1461 2351 ἀκροατήν
1497 2293 1510 2306 ο
1546 2273 1702 2329 ἄκουε
1746 2273 1845 2349 γάρ
1882 2288 1895 2301 ⁸

257 2382 278 2414 ο
320 2359 449 2419 ’ἰδοὺ
508 2362 726 2429 ἐξῆλθεν
787 2364 813 2417 6
877 2362 1104 2440 σπείρων
1162 2372 1253 2421 τοό
1310 2375 1525 2441 σπεῖραι
1570 2364 1661 2417 τὸν
1708 2360 1903 2439 σπόρον

252 2452 422 2508 αὐτοῦ.
468 2472 491 2505 ι
564 2442 781 2508 Ἐαδτὸν
842 2448 985 2526 λέγει
1038 2446 1134 2508 ’τὸν
1216 2453 1516 2531 σπείροντα,
1592 2451 1787 2528 σπόρον
1848 2446 1902 2504 δὲ

251 2542 330 2595 τὸν
384 2538 572 2615 λόγον.
630 2538 847 2606 Ἐξῆλθε
899 2538 956 2595 δὲ
1016 2544 1076 2599 οὐ
1125 2541 1273 2615 τόπῳ
1309 2557 1323 2573 ⁸
1372 2546 1650 2619 πανταχοῦ
1681 2540 1779 2615 γὰρ
1809 2538 1898 2605 ἦν·

256 2626 377 2682 me
434 2629 561 2685 καθ’
617 2629 644 2683 ὃ
710 2627 1029 2694 ἐπλησίασεν
1088 2631 1224 2704 ἡμῖν
1298 2630 1433 2704 μετὰ
1489 2629 1705 2708 σαρκός,
1766 2628 1902 2683 κατὰ

256 2726 391 2775 τοῦτο
452 2716 670 2793 λέγεται
723 2716 985 2796 ἐξῆλθεϊν,
1039 2724 1145 2774 τῶν
1199 2718 1414 2775 κόλπων
1453 2724 1559 2775 τῶν
1630 2716 1901 2795 πατρικῶν

255 2803 507 2871 δηλονότι,
544 2805 795 2873 Ἐξῆλθεν
849 2806 937 2862 οὖν
991 2808 1121 2885 πρὸς
1155 2809 1322 2883 ἡμᾶς,
1370 2805 1553 2874 ἐπειδὴ
1584 2809 1748 2881 ἡμεῖς
1810 2807 1902 2861 οὐκ

258 2892 542 2974 ἠδυνάμεθα
587 2897 717 2974 πρὸς
769 2897 924 2952 αὐτὸν
982 2894 1177 2959 ἰλθετν,
1242 2898 1339 2955 Καὶ
1395 2898 1443 2953 τί
1482 2900 1701 2964 ποιῆσαι
1740 2892 1901 2961 ἐξῆλ-

258 2986 383 3057 Θενς
448 2973 581 3063 ΪΑρα
635 2984 905 3061 ἐμπρῆσαι
947 2986 1044 3053 τὴν
1081 2986 1179 3063 γῆν
1228 2984 1312 3041 διὰ
1354 2987 1447 3050 τὰς
1495 2984 1697 3049 πολλὰς
1730 2983 1899 3038 ἀκάν-

261 3074 342 3135 θας
373 3091 390 3151 ς
446 3061 580 3149 ’Λρα
626 3074 1026 3151 τιμωρήσασθαι
1056 3061 1103 3154 ςν
1136 3076 1295 3155 Οὐχὶ,
1356 3073 1493 3131 ἀλλὰ
1521 3081 1615 3131 τοῦ
1659 3086 1897 3149 σπεῖραι.

262 3162 349 3216 Τὸν
406 3161 608 3239 σπόρον
660 3159 714 3217 δὲ
768 3165 927 3220 αὐτοῦ
979 3164 1128 3237 εἶπε,
1187 3162 1318 3220 διότι
1390 3165 1476 3219 καὶ
1531 3163 1576 3219 οἱ
1633 3166 1899 3241 προφῆται

260 3247 480 3329 ἱσπειρον
571 3248 718 3306 Ἀλλ’
781 3256 840 3309 0-3
882 3253 972 3307 τὸν
1016 3253 1212 3330 σπόρον
1271 3253 1467 3326 αὐτῶν,
1529 3251 1665 3307 ἀλλὰ
1694 3252 1782 3305 τὸν
1813 3257 1905 3305 τοῦ

262 3341 397 3400 Θεοῦ.
457 3339 626 3402 Οὗτος
680 3338 735 3395 δὲ
786 3343 915 3405 Θεὸς
959 3343 1056 3421 ὢν,
1088 3344 1180 3397 τὸν
1212 3342 1407 3419 σπόρον
1443 3343 1605 3397 αὒτοῦ
1649 3341 1741 3397 τὸν
1774 3336 1909 3421 ἴδιον

262 3424 480 3505 ἔσπειρεν
518 3446 532 3458 ⁸
573 3429 632 3485 οὗ
690 3430 789 3507 γὰρ
831 3429 1015 3509 χάριτι
1043 3417 1174 3503 ⁷Θείᾳ
1200 3417 1475 3511 ἒσοςρίσθη,
1516 3428 1727 3507 ἅπαγεί
1788 3417 1907 3483 ἀλλ’

264 3516 399 3579 αὒτὺς
427 3520 495 3583 ἦν
526 3521 560 3585 ἡ
596 3520 747 3597 σοφία
779 3526 869 3574 τοῦ
913 3525 1065 3581 Θεοῦ,

338 3627 359 3657 σ
395 3609 489 3664 Καὶ
520 3607 578 3662 ἐν
635 3613 713 3681 τῷ
782 3608 1011 3686 σπείρειν
1070 3608 1249 3677 αὐτὸν,
1304 3606 1335 3661 ἃ
1396 3606 1492 3679 μὲν
1546 3605 1702 3661 ἔπεσε
1762 3606 1903 3683 παρὰ

268 3694 351 3759 τὴν
403 3695 520 3751 ὁδόν
557 3714 575 3731 '
635 3698 722 3753 καὶ
750 3696 881 3763 ἦλθε
910 3698 975 3753 τὰ
1011 3697 1224 3752 πετεινὰ
1260 3695 1354 3752 τοῦ
1384 3696 1623 3773 οὕρανοῦ,
1654 3695 1741 3751 καὶ
1769 3716 1904 3750 κατ-

269 3782 440 3860 ἐῳαγεν
500 3786 631 3842 αὒτᾶ
665 3802 679 3816 ‘
715 3784 851 3841 ἄλλα
908 3785 962 3840 δὲ
1012 3784 1202 3842 ἔπεσεν
1234 3785 1318 3841 ἐπὶ
1347 3786 1412 3841 τὰ
1443 3782 1710 3862 πετρώδη,
1774 3782 1905 3839 ὅπου

269 3876 347 3929 οὒκ
397 3874 523 3954 εἶχε
600 3876 702 3951 γῆν
760 3874 990 3950 πολλὴν,
1045 3876 1131 3931 καὶ
1180 3874 1367 3938 εὐθέως
1414 3872 1704 3939 ἐξανέτειλε
1734 3871 1818 3928 διὰ
1846 3874 1906 3929 τὸ

269 3961 333 4030 μὴ
387 3961 532 4041 ἔχειν
565 3964 722 4039 βάθος
755 3969 856 4041 γῆς
892 3980 905 3993 ’
957 3962 1109 4031 ἡλίου
1151 3963 1205 4019 δὲ
1236 3962 1631 4041 ἀνατείλαντος,
1668 3962 1903 4037 ἐκαυμα-

269 4050 421 4124 τίσθη,
478 4055 571 4109 καὶ
628 4051 709 4109 διὰ
768 4056 829 4109 τὸ
888 4055 965 4128 μὴ
1018 4052 1167 4133 ἔχειν
1222 4054 1386 4130 ῥίζαν,
1456 4050 1733 4130 ἐξηράνθη.
1775 4073 1798 4107 ι
1846 4044 1905 4107 Οἱ

270 4140 388 4215 παρὰ
431 4143 529 4209 τὴν
563 4140 705 4214 ὁδὸν,
740 4144 866 4198 είσὶν
909 4146 955 4199 οἱ
998 4143 1215 4217 ῥᾴθυμοι
1269 4144 1357 4198 καὶ
1401 4144 1638 4220 ὁκνηροὶ,
1686 4141 1741 4197 οἳ
1798 4138 1901 4196 033'

270 4225 388 4290 ὅλως
442 4229 841 4311 παραδέχονται
924 4234 1015 4287 τὸν
1099 4231 1276 4310 λόγον.
1369 4224 1426 4289 Ὀ
1486 4232 1585 4310 γὰρ
1642 4229 1899 4307 λογισμὸς

272 4318 417 4373 αὕτῶν
472 4318 589 4385 ὁδός
656 4321 765 4376 ἔστι
825 4320 1315 4397 καταπεπατημένη
1372 4322 1459 4376 καὶ
1518 4318 1744 4398 σκληρὰ,
1818 4313 1906 4373 καὶ

273 4405 335 4475 μη
386 4408 768 4487 ἄροτριωϐεϊσα
800 4408 937 4473 ὅλως
974 4431 989 4446 ·
1036 4410 1141 4466 ἀπὸ
1187 4412 1384 4466 τούτων
1428 4409 1516 4465 οὖν
1565 4408 1781 4486 ἁρπάζει
1814 4408 1905 4462 τὸν

845 399 1291 467 ENARBATIO
1340 404 1423 464 IN
1470 401 1979 466 EVANGELIUM
2027 406 2421 471 MATTHzEl.
2471 444 2546 453 —-
2590 413 2752 473 CAP.
2802 410 2966 474 XIII.

3500 414 3619 477 2'78

2583 541 2827 606 CAPUT
2863 543 3019 606 XIII.

2102 660 2186 721 De
2213 660 2523 740 parabolis
2554 666 2909 726 seminantis
2940 673 2990 725 et
3023 670 3193 745 regni
3216 670 3516 732 calorum.

2066 841 2245 904 VERS.
2276 846 2331 916 1,
2370 845 2425 907 2.
2469 872 2491 901 α
2533 847 2596 908 In
2629 847 2725 908 die
2756 866 2893 907 vero
2928 849 3024 908 illo
3060 868 3335 927 egressus
3394 857 3564 915 .lesus
3594 876 3624 917 e

1982 931 2161 993 domo
2218 933 2373 994 sedit
2415 936 2580 1013 juxta
2643 955 2803 997 mare
2858 958 2869 997 :
2934 948 2989 998 et
3049 951 3427 1018 congregata;
3487 955 3625 1005 sunt

1978 1021 2051 1083 ad
2108 1022 2273 1083 illum
2320 1024 2505 1085 turba:
2560 1026 2758 1087 multae
2809 1030 2907 1097 (τι),
2976 1028 3055 1087 ita
3116 1038 3175 1087 ut
3242 1030 3367 1107 ipse
3430 1035 3621 1094 navim

1979 1109 2279 1188 ingressus
2330 1112 2585 1183 sederet,
2640 1124 2698 1175 et
2755 1115 2812 1174 in
2868 1116 3145 1177 universa
3202 1120 3373 1179 turba
3428 1122 3484 1180 in
3522 1123 3621 1183 Iit-

1980 1204 2110 1261 tore
2150 1200 2398 1264 stabatn
2450 1201 2615 1263 Sedit
2662 1204 2720 1263 in
2778 1205 2937 1278 navi,
2972 1216 3029 1265 ut
3082 1226 3289 1267 omnes
3320 1208 3625 1271 auditores
3664 1266 3665 1269 η

1981 1288 2041 1348 in
2100 1288 2311 1351 faciem
2360 1290 2606 1351 haberet
2655 1302 3015 1371 spectantes,
3078 1304 3133 1354 et
3192 1316 3400 1356 omnes
3458 1318 3626 1358 com-

1984 1377 2216 1440 modius
2263 1379 2555 1441 audirent.
2592 1382 2747 1443 Sane
2780 1401 2811 1443 e
2844 1384 2991 1443 mari
3016 1384 3273 1463 piscatur
3306 1404 3407 1445 eos
3436 1389 3535 1466 qui
3569 1388 3626 1447 in

1985 1475 2167 1530 terra.

2067 1558 2250 1619 VERS.
2286 1560 2342 1618 3.
2374 1560 2481 1620 «Et
2503 1560 2731 1620 locutus
2763 1569 2850 1621 est
2883 1562 2968 1621 eis
3003 1562 3179 1622 multa
3211 1563 3268 1622 in
3304 1564 3623 1642 parabolis,

1984 1647 2228 1707 dicens:
2264 1671 2288 1701 »
2327 1645 2707 1727 Simplicibus
2752 1650 2935 1711 turbis
2984 1650 3208 1730 absque
3254 1653 3533 1730 parabola
3568 1656 3627 1714 in

1986 1747 2186 1797 monte
2218 1736 2447 1796 locutus
2478 1745 2607 1797 est:
2649 1737 2740 1797 his
2771 1748 2965 1799 autem
3000 1740 3056 1799 in
3094 1740 3391 1819 parabola,
3426 1750 3627 1820 utpote

1927 1818 1959 1865 Β
1985 1826 2207 1885 dolosis
2260 1825 2588 1895 Pharisaeis,
2627 1835 2688 1886 ut
2720 1829 2765 1887 si
2798 1847 2911 1886 non
2961 1829 3317 1905 intelligant,
3365 1818 3627 1908 quaerant

1987 1914 2318 1974 etdiscant.
2368 1915 2661 1977 Praeterea
2702 1925 2762 1975 ut
2803 1916 3087 1994 indignis,
3145 1937 3260 1976 non
3318 1920 3627 1997 oportebat

1985 2003 2279 2062 doctrinas
2309 2003 2394 2062 eis
2428 2022 2763 2083 proponere
2806 2006 3011 2065 nudas.
3040 2005 3165 2066 Non
3203 2017 3433 2085 oportet
3466 2010 3625 2069 enim

1988 2092 2477 2165 margaritasante
2509 2112 2719 2171 porcos
2757 2095 3277 2156 mittereJ’rimam
3308 2106 3502 2156 autem
3532 2117 3627 2177 pa-

1984 2178 2245 2241 rabolam
2280 2182 2441 2259 ponit
2472 2201 2601 2261 qua:
2632 2182 2960 2243 auditorem
3013 2183 3183 2243 faciat
3224 2187 3620 2250 attentiorem.

1988 2267 2175 2329 «Ecce
2209 2269 2344 2329 exiit
2370 2270 2470 2349 qui
2493 2270 2845 2344 seminabat,
2866 2272 2935 2331 ad
2972 2272 3388 2333 seminandum
3421 2294 3626 2336 semen

1986 2377 2217 2417 suum.»
2248 2358 2520 2437 Seipsum
2548 2360 2690 2420 dicit
2722 2369 3004 2439 satorern,
3036 2380 3240 2422 semen
3273 2373 3467 2422 autem
3497 2382 3627 2426 ver-

1988 2445 2125 2506 bum
2182 2445 2332 2507 Exiit
2353 2456 2548 2507 autem
2585 2468 2701 2509 non
2729 2449 2881 2520 loco,
2909 2469 3041 2509 nam
3078 2451 3298 2529 ubique
3332 2460 3455 2511 erat
3483 2470 3493 2512 :
3525 2453 3627 2512 sed

1988 2536 2312 2596 secundum
2362 2535 2506 2597 illud
2557 2537 2715 2616 quod
2777 2537 2947 2598 nobis
2984 2540 3221 2616 propior
3254 2540 3440 2601 factus
3474 2552 3631 2602 esset

1987 2643 2090 2703 per
2135 2642 2397 2698 carnem,
2455 2625 2673 2685 dicitur
2730 2627 2932 2703 egredi
2990 2646 3021 2687 e
3071 2628 3287 2687 ﬁnibus
3341 2632 3627 2705 paternis.

1986 2714 2351 2775 Exiitautem
2377 2713 2449 2774 ad
2484 2733 2613 2785 nos,
2649 2716 2927 2795 quoniam
2965 2736 3070 2775 nos
3088 2718 3157 2775 ad
3185 2718 3375 2796 ipsum
3407 2719 3628 2780 intrare
3715 2771 3721 2778 .

1984 2821 2102 2862 non
2145 2803 2461 2880 potuimus.
2504 2803 2573 2863 Et
2603 2804 2672 2863 ad
2708 2805 2849 2884 quid
2887 2805 3220 2864 faciendum
3253 2807 3442 2867 exiit?
3475 2807 3625 2867 Num

1987 2900 2277 2951 utexurat
2310 2900 2523 2952 terram
2578 2902 2817 2971 propter
2872 2893 3100 2971 Spinas?
3133 2913 3269 2953 num
3306 2905 3365 2955 ut
3400 2897 3630 2974 puniat?

1983 2976 2240 3053 Minime,
2277 2980 2380 3038 sed
2434 2988 2494 3038 ut
2535 2989 2861 3040 sementem
2907 2982 3097 3039 faciat.
3162 2981 3375 3042 Semen
3426 2996 3625 3044 autem

1984 3085 2153 3127 suum
2190 3066 2355 3138 dicit,
2394 3086 2462 3127 eo
2494 3068 2650 3148 quod
2686 3079 2739 3129 et
2776 3071 3073 3148 prophetae
3109 3072 3551 3144 seminaverint,
3576 3083 3632 3133 at

1989 3173 2105 3215 non
2138 3174 2343 3216 semen
2374 3174 2568 3230 suum,
2606 3158 2710 3218 sed
2758 3158 2864 3219 Dei
2936 3158 3065 3237 Ipse
3114 3168 3309 3220 autem
3362 3169 3423 3221 ut
3478 3164 3631 3223 Deus

1990 3263 2195 3304 semen
2226 3263 2420 3317 suum,
2447 3247 2557 3306 hoc
2595 3256 2702 3309 est.
2742 3248 3071 3328 proprium,
3127 3250 3474 3312 seminavit:
3514 3271 3627 3312 non

1989 3332 2147 3392 enim
2180 3332 2378 3393 divina
2406 3335 2594 3412 gratia
2626 3336 2953 3398 illustratus
2995 3347 3107 3410 est,
3155 3337 3328 3408 absit,
3367 3340 3469 3400 sed
3502 3340 3629 3416 ipse

1988 3429 2114 3481 erat
2142 3421 2431 3501 sapientia
2458 3426 2586 3487 Dei.

2070 3601 2247 3661 Vens.
2272 3601 2405 3664 4-6.
2444 3601 2693 3662 «Etcum
2727 3603 3190 3669 seminaret.alia
3212 3606 3452 3685 quidem
3475 3610 3634 3668 ceci-

1988 3686 2386 3768 deruutjuxta
2417 3690 2660 3764 viam,et
2692 3695 3267 3754 veneruntvolucres
3288 3696 3631 3767 cceli,etde-

1987 3789 2347 3838 voraverunt
2368 3780 2580 3851 ea;alia
2603 3790 2796 3840 autem
2828 3782 3174 3841 ceciderunt
3206 3784 3263 3841 in
3296 3792 3511 3843 terram
3538 3805 3633 3863 pe-

1990 3875 2233 3948 trosam,
2262 3868 2360 3927 ubi
2394 3888 2507 3928 non
2537 3870 2831 3929 habebant
2864 3872 3110 3931 multum
3148 3880 3341 3941 terrae,
3370 3881 3425 3930 et
3461 3874 3637 3951 proti-

1990 3977 2099 4017 nus
2130 3968 2331 4017 exorta
2356 3967 2593 4029 sunt,eo
2620 3959 2779 4039 quod
2804 3979 2916 4019 non
2948 3961 3243 4021 habebant
3269 3961 3635 4040 profundita-

1991 4054 2107 4106 tem
2140 4056 2331 4107 terree:
2359 4067 2493 4107 cum
2527 4058 2721 4107 autem
2756 4058 2991 4109 exortus
3017 4059 3103 4109 est
3134 4058 3453 4123 sol,exusta
3477 4059 3631 4112 sunt:

1990 4142 2047 4194 et
2077 4135 2175 4213 qui
2209 4154 2324 4195 non
2361 4136 2656 4196 habebant
2690 4137 2974 4207 radicem,
3010 4148 3427 4198 exaruerunt.»
3444 4139 3515 4199 Hi
3537 4138 3637 4217 qui

1980 4224 2149 4302 juxta
2168 4222 2488 4301 viam,sunt
2512 4226 2699 4301 ignavi
2723 4234 2780 4285 et
2799 4226 3163 4305 desides,qui
3185 4246 3485 4306 nunquam
3510 4245 3637 4287 sus-

1988 4311 2213 4391 cipiunt
2238 4312 2499 4372 verbum.
2530 4318 2693 4375 Mens
2727 4315 2883 4374 enim
2910 4334 3110 4376 eorum
3150 4316 3239 4375 via
3270 4327 3359 4375 est
3386 4317 3636 4377 concul—

1989 4410 2116 4461 cata
2146 4410 2205 4461 et
2235 4400 2473 4475 dura,et
2500 4404 2746 4462 minime
2768 4414 2925 4463 arata
2954 4425 2964 4463 :
2992 4406 3062 4464 ab
3098 4406 3169 4463 iis
3192 4404 3371 4482 igitur
3401 4406 3640 4483 rapiunt

272 4491 407 4570 λόγον
465 4500 531 4553 τὰ
590 4499 802 4554 πετεινὰ
857 4506 950 4555 τοῦ
1020 4501 1259 4578 οὐρανοῦ,
1318 4497 1434 4565 ἤτοι
1489 4505 1581 4554 τοῦ
1635 4495 1787 4575 ἀέρος
1843 4496 1902 4549 τὰ

1992 4488 2236 4549 verbum
2271 4492 2536 4551 volucres
2566 4492 2721 4569 coeli,
2762 4494 2874 4553 hoc
2907 4494 3267 4572 est,spiritus
3298 4493 3477 4566 aeris,
3514 4493 3638 4553 dae-

274 4585 554 4660 πνεόματα,
614 4586 904 4665 τουτέστιν,
968 4590 1014 4643 οἱ
1070 4586 1336 4661 δαίμονες.
1390 4589 1449 4644 Οἱ
1497 4586 1552 4641 δὲ
1584 4585 1668 4641 ἐπὶ
1698 4585 1763 4640 τὰ
1805 4605 1907 4639 πε-

275 4671 454 4746 τριΞη,
503 4678 550 4732 οἱ
581 4675 903 4740 ἀκούσαντες
948 4678 1067 4755 μὲν,
1115 4674 1199 4732 διὰ
1253 4674 1306 4730 δὲ
1357 4677 1452 4742 τὴν
1510 4674 1775 4730 ἀσθένειαν
1831 4674 1907 4747 μὴ

277 4759 565 4827 ἀντιϐάντες
598 4776 919 4843 πειρασμοῖς
980 4765 1016 4832 ἢ
1072 4763 1335 4839 Θλίψεσιν,
1377 4762 1514 4818 ἀλλὰ
1544 4759 1908 4839 καταπροδόν-

276 4868 343 4913 τις
380 4854 471 4919 τὴν
532 4854 727 4908 οἰκείαν
801 4854 1064 4931 σωτηρίαν
1095 4870 1109 4883 ⁸
1185 4852 1333 4919 ἥλιον
1398 4853 1497 4929 γὰρ
1541 4849 1908 4914 ἆνατείλαντα,

279 4940 386 5004 τοὺς
440 4943 765 5020 πειρασμοὺς
824 4944 954 5021 νόει,
1017 4941 1147 4999 διότι
1200 4945 1245 4998 οἱ
1290 4942 1569 5019 πειρασμοὶ
1623 4938 1911 4995 δεικνύουσι

280 5028 379 5089 τοὺς
436 5030 787 5111 ἀνθρώπους,
847 5032 934 5087 καὶ
1012 5039 1319 5111 φανεροῦσιν
1391 5032 1463 5092 ὡς
1544 5032 1571 5084 6
1624 5027 1775 5094 ἥλιος
1849 5028 1915 5081 τὰ

282 5120 622 5194 κρυπτόμενα,
686 5141 708 5174 ε
777 5109 967 5176 "ma
1024 5109 1079 5176 δὲ
1144 5120 1327 5177 ἔπεσεν
1371 5119 1455 5175 ἐπὶ
1510 5118 1603 5182 τὰς
1664 5116 1908 5189 ὂικανθας,

284 5206 359 5259 καὶ
414 5206 671 5274 ἀνέϐησαν
744 5212 795 5264 αἱ
873 5209 1118 5282 ἄκανθαι,
1205 5210 1292 5264 καὶ
1360 5205 1617 5271 ἀπέπνιξα
1691 5205 1840 5261 αὔτα.
1883 5230 1905 5261 ιι

286 5292 420 5351 03ml
462 5300 593 5355 ciam
637 5301 683 5355 oi
754 5296 837 5354 διὰ
909 5300 1014 5355 τῶν
1058 5297 1340 5377 φροντίδων
1386 5295 1765 5369 ἀποπνίγοντες
1824 5293 1913 5349 τὸν

290 5376 425 5458 λόγον
458 5403 471 5416 ’
537 5387 636 5444 κᾶν
676 5388 780 5465 γὰρ
810 5385 939 5463 δοκῇ
970 5390 997 5444 6
1056 5376 1303 5450 πλούσιος
1350 5387 1552 5464 ἀγαθήν
1582 5404 1703 5439 τινα
1730 5379 1913 5460 πρᾶξιν

1995 4596 2200 4639 mones
2232 4578 2531 4639 videlicet.
2565 4579 2676 4651 Qui
2705 4600 2841 4641 vero
2875 4600 3060 4657 super
3094 4591 3414 4661 petrosam,
3441 4582 3640 4642 suntii

1992 4665 2092 4745 qui
2113 4666 2712 4746 audieruntquidem,
2749 4670 2851 4729 sed
2891 4679 3129 4749 propter
3164 4670 3636 4731 imbecillitatem

1995 4755 2053 4814 in
2079 4755 2502 4815 tentationibus
2524 4765 2622 4817 aut
2652 4757 3073 4818 afﬂictionibus
3099 4777 3215 4818 non
3240 4759 3635 4837 obluctantur,

1995 4844 2098 4905 sed
2135 4845 2391 4923 perdunt
2420 4865 2584 4906 suam
2602 4848 3008 4908 salutemJ’er
3027 4848 3213 4907 solem
3250 4848 3403 4907 enim
3433 4850 3639 4908 orien—

1997 4934 2970 5016 tem,intellige65tentationes,eo
2992 4937 3147 5013 quod
3174 4937 3414 4997 tentatio
3436 4946 3639 4997 osten-

1997 5021 2079 5081 dit
2095 5022 2366 5083 homines
2380 5025 2921 5106 etdeclaratquales
2935 5027 3347 5091 sunt,sicutsol
3368 5027 3615 5086 manifes
3634 5058 3645 5067 -

2000 5119 2079 5171 tat
2114 5111 2487 5175 abscondita.
2537 5136 2563 5172 ι
2585 5115 2716 5175 Alia
2742 5124 2935 5175 autem
2967 5116 3313 5176 ceciderunt
3338 5118 3493 5177 inter
3516 5117 3639 5193 spi-

1999 5209 2191 5272 nas,et
2213 5202 2613 5263 ascenderunt
2635 5203 2840 5282 spinae,
2866 5212 2922 5264 et
2944 5205 3376 5266 sutiocaverunt
3410 5223 3536 5265 ea.»
3555 5202 3644 5265 Illi

1997 5292 2250 5370 suntqui
2284 5293 2442 5353 curis
2466 5293 3287 5355 suﬂ‘ocantsermonem.Nam
3322 5295 3486 5353 dives
3509 5292 3646 5353 licet

1996 5380 2265 5440 videatur
2282 5381 2498 5441 bonum
2517 5380 2813 5459 quoddam
2831 5382 3275 5461 opuslacere,at
3298 5401 3412 5441 non
3428 5381 3644 5442 crescit

372 5580 443 5657 ’(ι)
470 5581 618 5644 Huic
650 5581 838 5644 turbae
878 5581 1151 5662 permisti
1186 5590 1353 5643 erant
1384 5577 1667 5642 Pharisaei
1692 5584 1757 5638 ut
1788 5594 1821 5638 θ
1846 5572 2235 5656 sequentibus
2271 5574 2647 5653 patet,Supra
2678 5576 2735 5649 5,
2771 5578 2827 5647 6,
2862 5578 2919 5637 7.
