4118 6220
434 385 555 452 279

1389 382 1980 449 THEOPHYLAGTI
2023 380 2431 443 BULGAMLE
2471 378 2829 444 ARCHIEP.

3677 366 3798 433 280

352 591 354 594 τ
435 529 585 590 opus
615 511 767 587 ejus,
820 529 1015 592 neque
1051 512 1306 592 proﬁcit,
1340 513 1838 576 sollicitudinibus
1871 513 2078 594 prohi-

2176 527 2363 586 ποιεῖν,
2421 513 2544 570 ἀλλ’
2597 513 2746 588 ὅμως
2801 515 2896 570 οὒκ
2947 509 3154 578 αὐξάνει
3196 512 3230 577 ἡ
3260 506 3447 588 πρᾶξις
3507 504 3666 577 αὕτη,
3700 500 3815 560 οὑδὲ

436 598 737 660 benﬁbus.

517 685 789 767 VERs.7,
822 689 877 749 8.
916 691 1103 752 «Alia
1165 708 1300 752 vero
1353 691 1695 753 ceciderunt
1755 692 1817 752 in
1865 699 2079 751 terram

438 777 676 848 bonam,
711 783 770 835 et
797 777 1092 839 dederunt
1123 779 1399 852 fructum,
1435 780 1535 841 ille
1557 781 1794 859 quidem
1821 787 2077 853 centum,

436 862 586 923 alius
633 873 830 924 autem
864 868 1190 944 sexaginta,
1226 867 1375 927 alius
1404 884 1546 927 vero
1579 867 1837 945 triginta.
1867 888 1894 924 »
1934 869 2083 928 Tres

437 963 636 1029 partes
665 953 913 1014 seminis
936 956 1333 1034 perierunt,et
1354 964 1556 1035 quarta
1583 957 1708 1016 sola
1726 964 1950 1015 servata
1968 964 2076 1015 est.

434 1039 615 1102 Pauci
636 1041 794 1100 enim
824 1053 961 1102 sunt
983 1045 1082 1122 qui
1112 1045 1650 1105 salvanturJ’ostea
1671 1062 1811 1104 vero
1842 1045 1983 1104 dicit
2006 1045 2081 1103 de

439 1138 595 1188 terra
626 1127 801 1198 bona,
833 1131 966 1191 data
1007 1132 1178 1192 nobis
1226 1133 1585 1211 poenitentia:
1629 1150 1756 1210 spe.
1792 1131 1891 1193 Est
1922 1132 2079 1192 enim

439 1217 745 1296 possibile,
775 1219 948 1279 etiam
981 1220 1029 1279 si
1055 1220 1189 1299 quis
1215 1231 1446 1299 petrosa
1480 1231 1631 1281 terra
1661 1221 1755 1286 sit,
1790 1229 1887 1280 ant
1914 1222 2082 1299 juxta

436 1306 614 1380 viam,
649 1307 738 1366 vel
772 1308 1034 1385 Spinosa,
1071 1328 1204 1368 eum
1240 1309 1368 1368 ﬁeri
1422 1318 1634 1368 terram
1683 1308 1896 1368 bonam
1952 1306 2081 1370 Non

442 1393 598 1455 enim
626 1394 911 1473 zequalem
942 1397 1194 1455 lrnctum
1231 1398 1690 1457 {neruntomnes
1717 1397 1815 1476 qui
1840 1416 1924 1456 ve:
1946 1396 2083 1457 bum

441 1483 792 1561 suscipiunt:
820 1486 918 1544 sed
949 1486 1097 1544 alius
1120 1487 1358 1563 quidem
1387 1486 1750 1563 centuplum,
1782 1486 1928 1545 forte
1952 1505 2089 1564 pau-

443 1581 728 1653 pertatem
769 1573 1090 1652 perfectam
1123 1575 1350 1634 habens
1383 1582 1436 1634 et
1472 1593 1759 1634 summam
1795 1575 2086 1635 exercita-

443 1662 684 1740 tionem.
730 1662 895 1722 Alius
944 1673 1138 1723 autem
1192 1664 1672 1740 Sexagecuplum,
1709 1672 1770 1721 ut
1795 1663 2084 1723 cmnohita

2176 1666 2356 1731 ϐιακὸς
2389 1671 2555 1748 τυχὸν
2585 1671 2826 1748 μοναχὸς
2881 1670 2969 1725 καὶ
3026 1669 3102 1724 ἔτι
3157 1665 3410 1744 πατρικός
3445 1679 3460 1694 ⁸

2165 604 2476 682 προκόπτει,
2510 602 2824 670 κωλυομένη
2853 604 2954 658 ὑπὸ
2989 607 3094 658 τῶν
3124 604 3421 678 μεριμνῶν.

2251 715 2279 746 (ι
2317 681 2502 748 ’Ἃλλα
2559 691 2614 748 δὲ
2659 691 2844 748 ἔπεσεν
2901 692 2989 748 ἐπὶ
3045 690 3146 756 τὴν
3189 690 3292 766 γῖλν
3333 687 3434 753 τὴν
3480 681 3654 751 καλήν
3689 697 3703 710 ⁶
3738 681 3827 766 καὶ

2166 778 2328 838 ἐδίδου
2385 782 2612 858 καρπὸν,
2672 781 2701 836 ὃ
2763 781 2860 856 μὲν
2921 780 3133 857 ἑκατὸν,
3287 773 3341 830 δὲ
3398 773 3679 858 ἑξήκοντα,
3714 770 3742 823 ὃ
3772 764 3828 822 δὲ

2165 856 2466 946 τριάκονταξ
2501 892 2525 926 ο
2589 869 2664 926 Τὰ
2717 869 2834 945 τρία
2889 867 3030 946 μέρη
3088 872 3180 922 τοῦ
3249 862 3447 941 σπόρου
3517 856 3822 925 ἀπώλοντο,

2164 959 2251 1012 καὶ
2311 957 2373 1012 τὸ
2431 956 2678 1036 τέταρτον
2737 957 2912 1023 ἐσώθη
2971 955 3132 1030 μόνον
3170 974 3183 988 ο
3235 952 3404 1028 ὀλίγοι
3449 951 3549 1028 γάρ
3604 949 3732 1036 εἰσιν
3777 946 3822 1002 οἱ

2167 1045 2457 1121 σωζόμενοι
2493 1063 2506 1076 '
2555 1035 2770 1125 ὕστερον
2830 1043 2883 1101 δὲ
2943 1044 3088 1123 λέγει
3132 1044 3248 1120 περὶ
3285 1042 3384 1108 τῆς
3415 1043 3518 1116 γῆς
3549 1041 3648 1102 τῆς
3677 1035 3820 1112 ἀγα-

2165 1137 2284 1204 θῆς,
2332 1133 2500 1198 διδοὺς
2533 1135 2672 1209 ἡμῖν
2705 1135 2984 1209 μετανοίας
3016 1131 3198 1190 ἐλπίδα
3233 1147 3245 1160 ·
3308 1128 3419 1184 ἔστι
3472 1128 3572 1205 γὰρ
3601 1125 3820 1180 δυνατὸν

2164 1222 2264 1278 κᾶν
2321 1221 2592 1302 πετρώδης
2664 1223 2756 1289 εἴη
2828 1245 2934 1302 τις,
2991 1221 3090 1278 κᾶν
3160 1221 3300 1299 παρὰ
3360 1218 3458 1283 τὴν
3522 1213 3664 1288 ὁδὸν,
3721 1213 3819 1268 κᾶν

2166 1311 2559 1390 ἀκανθοφορῶν,
2621 1317 2724 1389 γῆν
2779 1312 2979 1389 ἀγαθὴν
3039 1308 3277 1387 γενέσθαι
3339 1306 3515 1367 αὐτόν,
3576 1307 3648 1362 Οὔ
3713 1303 3822 1377 μὴν

2171 1399 2357 1466 ἐπίσης
2403 1403 2788 1479 καρποφοροῦσι
2849 1400 3044 1464 πάντες
3073 1401 3120 1456 οἱ
3168 1396 3437 1472 δεξάμενοι
3469 1395 3558 1451 τὸν
3614 1391 3774 1469 λόγον
3803 1409 3817 1423 ·

2171 1490 2287 1550 ἀλλ’
2346 1493 2374 1547 6
2429 1493 2527 1567 μὲν
2583 1493 2797 1564 ἑκατὸν,
2872 1493 3038 1571 τυχὸν
3087 1493 3116 1546 6
3184 1487 3562 1563 ἀκτημοσύνην
3617 1483 3826 1540 τελείαν

2172 1579 2317 1659 ἕχων
2375 1581 2463 1636 καὶ
2519 1580 2679 1658 ἄκραν
2741 1579 2967 1647 ἄσκησιν
3001 1597 3014 1610 ⁸
3078 1583 3105 1636 6
3165 1577 3221 1635 δὲ
3267 1577 3546 1646 ἐξήκοντα,
3580 1577 3606 1630 6
3636 1595 3824 1630 γοινο·

3523 1665 3550 1719 6
3581 1660 3633 1717 δὲ
3663 1660 3816 1739 τριά-

441 1751 590 1812 forte
624 1752 968 1830 monachus,
1006 1760 1059 1812 et
1092 1753 1280 1811 adhuc
1315 1765 1584 1830 operam.
1621 1751 1789 1814 Alius
1820 1771 1954 1812 vero
1989 1756 2084 1814 tri-

2176 1780 2352 1829 κοντα,
2402 1759 2429 1814 6
2473 1759 2646 1834 γάμον
2691 1759 2884 1832 σεμνὸν
2914 1757 3190 1836 ἐλόμενος,
3243 1756 3333 1812 καὶ
3380 1754 3475 1816 τὰς
3504 1751 3692 1830 ἀρετὰς
3749 1753 3819 1816 ὡς

443 1840 778 1919 gecuplum,
814 1849 874 1898 ut
905 1840 1004 1919 qui
1039 1841 1316 1900 honestas
1350 1840 1584 1919 nUptias
1615 1840 1855 1919 delegit,
1880 1849 1936 1900 et
1967 1841 2085 1901 vir-

446 1939 626 1990 tutem
663 1948 766 2008 pro
800 1929 950 1988 virili
981 1931 1371 2008 amplexatur.
1410 1929 1556 1988 Vide
1589 1939 1784 1990 autem
1835 1930 1940 1991 Dei
1975 1929 2046 1989 bo

442 2018 1017 2098 nitatem.quomodo
1043 2037 1247 2078 omnes
1271 2017 1505 2098 sucipit,
1543 2028 1600 2078 et
1629 2037 1840 2094 magna
1867 2018 2087 2080 medio-

445 2107 569 2168 cria
601 2115 655 2167 et
690 2126 868 2186 parva
899 2107 1181 2167 colentes.

525 2195 702 2258 VEns.
735 2198 793 2257 9.
831 2218 852 2250 α
883 2195 991 2266 Qui
1027 2196 1201 2256 habet
1230 2213 1404 2255 aures
1453 2195 1759 2270 audiendi,
1792 2197 2018 2261 audiat.
2061 2226 2080 2258 υ

445 2285 778 2347 Manifestat
808 2286 962 2365 quod
998 2287 1121 2345 haec
1145 2284 1538 2364 spiritualiter
1571 2286 1954 2364 intelligenda
1975 2288 2093 2349 sint

445 2374 517 2436 ah
539 2375 634 2434 his
651 2376 748 2454 qui
772 2375 1105 2454 Spirituales
1135 2393 1310 2434 aures
1331 2374 1538 2433 animze
1563 2374 1969 2436 habent.l\lulti
1995 2396 2094 2438 au-

448 2471 567 2525 tem
585 2481 761 2524 aures
782 2463 1130 2534 habent,sed
1154 2482 1270 2522 non
1293 2462 1737 2523 adandiendum
1753 2474 2093 2543 ;propterea

447 2551 646 2614 subdit
679 2571 692 2614 :
726 2552 838 2624 Qui
858 2552 1036 2612 habet
1067 2571 1241 2612 aures
1273 2551 1577 2628 audiendi,
1614 2552 1714 2611 ille
1743 2553 1966 2613 audiat.

531 2643 709 2703 VERS.
737 2649 832 2713 10,
861 2643 954 2701 12.
992 2666 1013 2695 ιι
1058 2642 1122 2700 Et
1170 2660 1304 2700 cum
1351 2653 1741 2699 accessnscnt
1792 2641 2084 2721 discipuli,

448 2731 724 2794 dixerunt
755 2731 880 2794 illi:
916 2731 1108 2802 Quare
1156 2729 1216 2788 in
1274 2728 1569 2807 parabolis
1622 2729 1879 2808 loqueris
1924 2730 2087 2792 illis?

445 2820 579 2900 Ipse
609 2830 806 2881 autem
841 2819 1210 2900 respondens
1236 2818 1380 2878 dixit
1411 2817 1547 2877 illis:
1577 2816 1761 2880 Vobis
1783 2819 1982 2879 datum
2004 2828 2093 2880 est

449 2911 600 2985 scire
619 2926 832 2971 arcana
852 2909 1019 2987 regni
1042 2905 1479 2979 cozlorum,i|lis
1511 2916 1702 2966 autem
1745 2927 1858 2968 non
1892 2909 2088 2968 datum

449 3009 559 3061 est.
599 2999 860 3078 Quisque
885 2998 1041 3060 enim
1073 2997 1270 3076 habet,
1305 2995 1540 3056 dabitur
1571 2995 1681 3073 illi,
1717 3004 1774 3056 et
1807 2998 2094 3058 reddetur

449 3089 894 3150 abundantior:
931 3087 1198 3166 quisquis
1242 3096 1439 3147 autem
1497 3105 1611 3144 non
1663 3085 1864 3159 habet,
1912 3088 2090 3147 etiam

451 3178 597 3239 illud
629 3177 782 3257 quod
808 3176 1252 3246 habet,to!letnr
1273 3175 1344 3234 ab
1370 3172 1798 3236 eo.»Videntes
1821 3175 2096 3254 discipuli

452 3285 722 3344 magnam
744 3269 802 3323 in
826 3265 918 3324 his
933 3283 1062 3342 quae
1078 3281 1108 3324 a
1132 3265 1363 3326 Christo
1381 3263 2096 3340 dicebantur,obscurita-

453 3364 571 3417 tem
597 3376 608 3416 :
633 3361 696 3414 ut
721 3371 1068 3414 communes
1116 3352 1512 3414 multitudinis
1547 3363 1958 3431 procuratores
1987 3373 2088 3415 ac-

455 3443 676 3505 cedunt
732 3443 1186 3519 interrogantes.
1225 3443 1293 3501 At
1326 3441 1422 3502 ille
1454 3440 1633 3502 dicit:
1661 3439 1840 3501 Vobis
1888 3443 2087 3502 datum

451 3544 541 3599 est
569 3535 724 3597 scire
758 3533 1054 3614 mysteria,
1094 3535 1204 3593 hoc
1236 3541 1346 3613 est,
1382 3533 1520 3612 quia
1551 3533 1784 3594 habetis
1813 3535 2087 3595 alacrita-

451 3634 568 3687 tem
594 3635 652 3685 et
680 3623 962 3695 studium,
1000 3623 1198 3682 datum
1226 3630 1312 3682 est
1338 3623 1502 3682 vobis
1536 3642 1550 3685 :
1589 3621 1702 3680 illis
1753 3632 1945 3683 autem
1977 3644 2092 3683 non

447 3712 867 3776 adhibentibus
897 3712 1307 3783 studium,non
1341 3720 1428 3771 est
1455 3711 1794 3771 datum.l|le
1821 3713 1976 3771 enim
1999 3733 2092 3774 ac-

447 3803 610 3884 cipit,
645 3802 740 3883 qui
775 3800 998 3882 quaarit.
1025 3800 1284 3872 Quaarite
1310 3801 1492 3875 enim,
1530 3800 1740 3878 inquit,
1777 3810 1831 3860 et
1858 3801 2094 3862 dabitur

447 3892 791 3955 vobis.Vide
823 3895 963 3950 item
998 3890 1294 3969 quomodo
1317 3890 1429 3950 hoc
1466 3889 1595 3949 loco
1629 3889 1971 3967 parabolam
2001 3893 2089 3951 di-

446 3983 528 4043 xit
549 3979 814 4059 Jesus,et
840 3979 1116 4057 discipuli
1137 3979 1246 4037 soli
1271 3979 1368 4055 qui
1387 3978 1891 4055 interrogaveram
1915 3997 2089 4040 acce-

447 4078 680 4153 perunt.
705 4068 874 4131 Unde
902 4067 1053 4128 bene
1076 4067 1356 4145 diximus,
1377 4066 1685 4127 adhibenti
1712 4067 1946 4128 sudium
1981 4069 2086 4130 da-

2170 1847 2408 1926 ἐγχωρετ
2483 1844 2776 1912 σπουδαίως
2847 1835 3262 1927 μετερχόμενος.
3353 1835 3500 1915 ’Ὅρα
3571 1839 3626 1896 δί
3687 1847 3818 1898 Θεοῦ

2169 1937 2543 2016 χρηστότητα,
2619 1942 2732 2000 πῶς
2789 1936 2988 2000 πάντας
3047 1936 3132 1990 καὶ
3188 1937 3308 1997 τοὺς
3379 1933 3446 1989 τὰ
3489 1930 3700 2009 μεγάλα
3728 1931 3818 2016 καὶ

2170 2026 2288 2088 τοὺς
2342 2026 2409 2081 τὰ
2479 2025 2615 2101 μέσα
2663 2026 2751 2082 καὶ
2802 2027 2920 2089 τοὺς
2991 2025 3057 2080 τὰ
3099 2024 3262 2102 μικρὰ
3316 2021 3653 2102 ἐνεργοῦντας
3723 2015 3811 2074 δέ-

2174 2137 2351 2195 χεται.

2263 2227 2286 2259 ιι
2325 2195 2382 2261 Ὀ
2432 2201 2578 2283 ἔχων
2633 2205 2746 2260 ὦτα
2816 2201 3045 2276 ἀκούειν,
3105 2201 3364 2264 ἀκουέτω,
3421 2224 3445 2255 ιο
3507 2197 3705 2277 Δηλοτ,
3738 2197 3818 2253 ὅτι

2174 2298 2544 2368 πνευματικῶς
2602 2291 2684 2348 δεῖ
2711 2295 2964 2360 νοηθῆναι
3007 2299 3171 2349 ταῦτα
3216 2293 3357 2362 παρὰ
3408 2297 3515 2346 τῶν
3544 2290 3609 2344 τὰ
3655 2309 3818 2344 πνευ-

2176 2383 2375 2457 ματικὰ
2417 2383 2546 2438 ὠτία
2606 2382 2975 2458 κεκτημένων.
3027 2381 3223 2438 Πολλοὶ
3265 2379 3320 2436 δὲ
3352 2382 3465 2436 ὦτα
3512 2379 3609 2453 μὲν
3650 2376 3816 2457 ’έχου-

2174 2493 2279 2550 σιν,
2335 2468 2456 2526 ἀλλ’
2513 2471 2607 2527 οὐκ
2661 2472 2732 2535 εἷς
2784 2471 2844 2526 τὰ
2891 2471 3098 2528 ἀκούειν
3136 2489 3148 2500 ·
3205 2467 3289 2526 διὰ
3317 2476 3474 2526 τοῦτο
3506 2468 3594 2524 οὖν
3649 2486 3816 2542 προσ-

2173 2559 2326 2625 ἑθηκε
2357 2561 2440 2639 τὸ,
2478 2550 2534 2616 ιΟ
2565 2558 2710 2638 ἔχων
2731 2560 2842 2615 ὦτα
2873 2561 2945 2622 εἰς
2971 2559 3031 2614 τὸ
3055 2559 3284 2638 ἀκούειν,
3318 2557 3523 2619 ἐκεῖνος
3556 2556 3813 2616 ἀκουετω,

2259 2671 2280 2703 ι
2325 2649 2422 2706 Καὶ
2477 2646 2848 2727 προσελθόντες
2930 2651 2979 2704 οἱ
3067 2649 3318 2722 μαθηταὶ,
3353 2726 3358 2727 γ
3395 2651 3552 2703 εἷπον
3625 2646 3765 2718 αὒτῷ
3798 2659 3812 2674 ’

2175 2736 2322 2792 Διατί
2351 2737 2405 2791 ἐν
2463 2726 2792 2813 παραϐολαῖς
2835 2735 3021 2800 λαλεῖς
3065 2739 3294 2810 αὒτοῐς;
3349 2726 3405 2792 Ὀ
3449 2733 3527 2812 δὲ,
3589 2733 3816 2811 ἀποκρι-

2172 2827 2274 2889 θεὶς
2309 2825 2462 2880 εἶπεν
2504 2827 2712 2902 αὖτοτς,
2763 2824 2842 2881 ὅτι
2877 2816 3033 2900 ἰ’μϊν
3063 2823 3264 2881 δέδοται
3293 2830 3489 2902 γνῶναι
3519 2824 3584 2879 τὰ
3613 2822 3816 2897 μυστή-

2175 2937 2258 2994 ρια
2343 2919 2440 2980 τῆς
2513 2912 2781 2990 βασιλείας
2868 2921 2971 2969 τῶν
3044 2916 3299 2993 οὐρανῶν,
3354 2913 3577 2976 ἐκείνοες
3633 2909 3686 2966 δὲ
3758 2912 3817 2966 οὗ

2177 3001 2402 3060 δέδοται.
2468 2993 2660 3066 (Ὀστις
2723 3004 2823 3081 γὰρ
2896 3003 3034 3082 ἔχει,
3091 3001 3366 3073 δοθήσεται
3416 3003 3558 3075 αὒτῷ
3599 3001 3686 3055 καὶ
3715 3022 3820 3055 πε-

2179 3093 2572 3170 ρισσευθήσεται
2608 3109 2621 3123 ⁶
2677 3091 2820 3155 ὅστις
2876 3091 2904 3148 δ

2181 3203 2326 3236 σεται
2382 3180 2472 3236 ἀπ’
2529 3183 2708 3242 αὖτοῦ.
2765 3205 2783 3235 ι
2854 3173 3107 3260 Ὀρῶντες
3181 3184 3228 3238 οἱ
3284 3183 3515 3256 μαθηταὶ
3567 3179 3820 3257 ἀσάφειαν

2181 3269 2388 3337 πολλὴν
2447 3270 2501 3325 ὲν
2556 3284 2674 3334 τοῖς
2731 3273 2831 3327 ὑπὸ
2899 3280 2990 3326 τοῦ
3071 3280 3293 3350 Χριστοῦ
3361 3269 3688 3348 λεγομένοις,
3747 3268 3820 3330 ὡς

2175 3361 2340 3416 κοινοὶ
2397 3357 2688 3435 κηδεμόνες
2734 3367 2824 3416 τοῦ
2875 3359 3106 3430 πλήθους
3154 3359 3542 3438 προσέρχονται
3575 3357 3821 3435 ἐρωτῶν-

2173 3470 2283 3511 τες.
2349 3440 2406 3505 Ὀ
2436 3447 2491 3504 δὲ
2537 3470 2697 3527 φησιν
2732 3468 2744 3481 ⁶
2783 3440 2939 3522 ἰ’μ”ν
2984 3447 3184 3504 δέδοται
3215 3451 3408 3526 γνῶναι
3439 3447 3504 3501 τὰ
3533 3447 3815 3521 μυστήρια,

2172 3537 2460 3611 τουτέστιν,
2513 3536 2696 3605 ὲπειδὴ
2754 3537 2905 3617 ἔχετε
2954 3540 3240 3616 προθυμίαν
3298 3538 3386 3593 καὶ
3415 3533 3668 3614 σπουδὴν,
3724 3531 3814 3589 δέ-

2172 3627 2314 3685 δοται
2367 3631 2492 3705 δμῖν
2530 3649 2544 3663 ⁸
2617 3629 2842 3694 ἐκεῖνοις
2912 3629 2965 3686 δὲ
3052 3636 3129 3703 μη
3184 3629 3367 3710 ἔχουσι
3425 3625 3680 3703 σπουδὴν,
3754 3628 3813 3683 οὔ

2172 3716 2394 3777 δέδοται.
2457 3717 2696 3782 Ἐκεῖνος
2751 3721 2851 3797 γὰρ
2907 3718 3189 3794 λαμϐάνει,
3251 3721 3279 3774 6
3333 3721 3530 3790 ζητῶν.
3588 3724 3810 3783 Ζητεϊτε

2173 3809 2294 3886 γάρ,
2343 3811 2494 3888 φησὶ,
2548 3811 2631 3865 καὶ
2689 3807 2968 3878 δοθήσεται
3017 3811 3166 3884 ὑμῖν,
3225 3800 3340 3865 ’Ἱδε
3396 3810 3516 3886 γοῦν
3575 3806 3688 3868 πῶς
3719 3808 3810 3862 ἒν-

2173 3901 2335 3953 ταυθα
2407 3899 2531 3953 εἶπε
2590 3897 2685 3973 μὲν
2729 3901 2756 3954 6
2817 3899 3002 3975 Κύριος
3060 3899 3152 3966 τὴν
3197 3894 3530 3976 παραϐολήν,
3579 3897 3729 3969 μόνοι
3759 3893 3813 3950 δὲ

2173 3990 2220 4044 οἱ
2281 3989 2509 4062 μαθηταὶ
2541 3988 2862 4057 ζητήσαντες
2899 3984 3110 4047 ἔλαϐον.
3149 3975 3324 4042 "uota
3353 3983 3529 4047 καλῶς
3563 3984 3810 4058 εἴπομεν,

2173 4074 2253 4130 ὅτι
2311 4083 2386 4149 τῷ
2445 4075 2625 4156 ἔχοντι
2687 4073 2940 4154 σπουδὴν,
3001 4076 3183 4150 ἐκείνῳ
3253 4073 3444 4131 δίδοται
3503 4076 3538 4142 ἡ
3594 4079 3813 4152 γνῶσις,

2677 3090 2820 3155 ὅστις
2876 3091 2930 3148 δὲ
2988 3094 3083 3149 οὒκ
3134 3092 3276 3173 ἔχει,
3307 3094 3452 3148 καὶὸ
3484 3091 3600 3170 ἔχει
3654 3089 3819 3165 ἀρθή-

447 4152 568 4222 tum
596 4177 729 4220 esse
751 4157 1000 4219 scientia
1029 4155 1518 4218 abundantiorem
1557 4156 1682 4216 ﬁeri
1719 4156 1830 4218 :ab
1864 4175 1933 4218 eo
1979 4179 2084 4219 au-

2176 4166 2258 4220 καὶ
2310 4167 2694 4244 περισσεύεται.
2778 4173 2864 4240 Τῷ
2935 4163 2989 4222 δὲ
3072 4167 3150 4241 μὴ
3205 4165 3388 4245 ἔχοντι
3442 4161 3672 4230 σπουδὴν
3731 4164 3815 4218 καὶ

447 4260 563 4311 tem
593 4248 693 4328 qui
724 4267 840 4307 non
872 4244 1052 4306 habet
1073 4245 1356 4318 studium,
1387 4262 1498 4305 nec.
1527 4253 1786 4304 mentem
1823 4246 2083 4324 dignam,

444 4348 506 4400 nt
538 4356 638 4416 par
666 4346 779 4407 est,
816 4335 1058 4395 adhibet
1091 4333 1265 4394 etiam
1302 4333 1426 4394 tolli
1460 4333 1614 4414 quod
1671 4333 1891 4395 habere
1923 4335 2088 4397 vide-

444 4436 576 4488 tur:
603 4426 716 4486 hoc
746 4424 1039 4492 est,etiam
1073 4423 1120 4482 si
1156 4441 1391 4502 parvam
1428 4421 1741 4502 quamdam
1777 4421 2090 4485 boniscin-

444 4517 629 4579 tillam
662 4513 901 4586 habeat,
936 4520 989 4574 et
1014 4531 1142 4574 eam
1178 4531 1295 4572 non
1325 4511 1538 4572 excitet
1562 4519 1619 4572 et
1647 4513 1933 4574 accendat
1980 4533 2087 4594 per

439 4605 548 4686 spiu
570 4607 711 4665 itum
752 4612 810 4662 et
833 4602 1159 4682 Spiritualia
1190 4619 1369 4680 opera
1396 4601 1711 4679 exstingui.

520 4694 704 4757 VEBS.
740 4695 1208 4771 l3.«l’ropterea
1240 4709 1343 4770 per
1376 4689 1682 4769 parabolas
1704 4689 1917 4768 loquor
1940 4691 2076 4765 illis,

436 4784 575 4866 quia
589 4783 864 4847 videntes
882 4801 997 4841 non
1014 4781 1300 4855 vident,et
1329 4779 1642 4839 audientes
1670 4797 1784 4838 non
1807 4779 2078 4854 audiunt,

436 4891 628 4952 neque
652 4870 1317 4950 intelligunt.-Attende
1347 4868 1461 4929 Hic
1493 4867 1650 4928 enim
1684 4867 1854 4927 solvit
1887 4887 2080 4948 quaes-

434 4964 654 5023 tionem
687 4961 1008 5022 dicentium
1039 4959 1242 5038 quoda
1266 4971 1477 5019 natura
1503 4964 1562 5016 et
1590 4976 1621 5015 a
1642 4958 1762 5018 Deo
1787 4957 1923 5017 mali
1946 4967 2083 5019 sunt

432 5049 859 5132 quidam.Dixit
877 5043 1855 5129 enim,inquiunt,Christus:Vobis
1877 5045 2076 5108 datum

431 5146 521 5202 est
542 5158 717 5200 nosse
734 5138 1190 5211 arcana,.ludaais
1220 5149 1415 5198 autem
1442 5154 1558 5196 non
1578 5142 1665 5194 est
1688 5134 2079 5196 datum.Dici-

429 5247 562 5290 mus
581 5246 721 5306 ergo
746 5228 816 5288 ad
836 5227 969 5288 illos
990 5246 1122 5287 cum
1148 5226 1291 5296 Deo,
1310 5224 1599 5303 dicentes,
1626 5222 1718 5282 86
1749 5223 2077 5302 qnodDeus

427 5334 637 5380 omnes
670 5316 843 5378 faciat
865 5315 1198 5394 intelligere
1222 5325 1426 5375 natura
1461 5321 1743 5393 quantum
1785 5331 1933 5391 opus
1963 5324 2072 5375 est.

424 5405 676 5469 Omnem
690 5407 849 5467 enim
866 5406 1166 5466 hominem
1191 5404 1481 5464 illuminat
1497 5403 1826 5464 venientem
1845 5401 1902 5461 in
1919 5403 2076 5467 hunc

421 5495 707 5558 mundum
729 5494 822 5554 π’.
858 5493 1142 5557 Voluntas
1209 5501 1404 5556 autem
1459 5500 1658 5554 nostra
1720 5490 2074 5555 obtenebrat

497 5651 589 5706 ‘7‘
615 5653 787 5720 Joan.
820 5673 863 5732 ι,
897 5656 957 5719 9.

2170 4253 2391 4332 γνώμην
2450 4252 2614 4329 ἀξίαν,
2647 4256 2735 4311 καὶ
2764 4257 2792 4311 ὃ
2820 4252 2969 4311 δοκεῖ
3008 4254 3156 4335 ἔχειν
3186 4254 3468 4333 ἀρθήσεται
3510 4249 3604 4308 ἄπ’
3633 4249 3823 4308 αὐτοῖν

2169 4343 2427 4414 τουτέστι,
2490 4341 2587 4400 κᾶν
2642 4345 2828 4418 μικρόν
2857 4366 2975 4400 τινα
3003 4347 3260 4419 σπινθῆρα
3288 4343 3394 4422 ἔχῃ
3444 4351 3534 4401 τοῦ
3592 4343 3808 4418 ἀγαθοῦ.

2170 4429 2405 4488 σϐέννυσι
2474 4433 2561 4487 καὶ
2639 4439 2849 4506 τοῦτον,
2936 4437 3014 4508 μὴ
3084 4432 3321 4513 ἐκφυσῶν
3376 4433 3531 4488 αὐτὸν
3578 4429 3661 4486 διά
3717 4429 3808 4486 τοῦ

2169 4523 2464 4594 πνεύματος
2516 4522 2603 4578 καὶ
2686 4528 2791 4577 τῶν
2864 4525 3234 4599 πνευματικὼν
3298 4520 3488 4601 ἔργων,
3546 4522 3631 4576 καὶ
3709 4520 3808 4575 ἆν-

2169 4611 2370 4671 άπτων,

2254 4720 2277 4754 α
2331 4700 2428 4756 Διὰ
2469 4707 2638 4764 ,τοῦτο
2681 4699 2735 4755 ὲν
2792 4699 3124 4780 παραϐολαῖς
3155 4702 3336 4762 αὐτοῖς
3381 4698 3551 4779 λαλῶ,
3584 4698 3664 4754 ὅτι
3693 4697 3812 4774 βλέ-

2165 4809 2352 4852 ποντες
2411 4788 2467 4844 οὗ
2521 4788 2797 4869 βλέπουσι,
2871 4791 2958 4846 καὶ
3037 4790 3315 4850 ἀκούοντες
3374 4792 3470 4846 σύκ
3511 4785 3808 4856 ἀκούουσιν,

2164 4874 2281 4935 οὖδὲ
2338 4885 2622 4939 συνιοῦσιν.
2689 4877 2952 4958 Πρόσεχε,
3015 4876 3283 4936 Ἐντεῦθεν
3340 4877 3440 4956 γὰρ
3499 4875 3676 4931 λύεται
3752 4874 3811 4928 τὸ

2161 4967 2380 5042 ζήτημα
2436 4970 2540 5023 τῶν
2610 4967 2874 5046 λεγόντων
2917 4967 2998 5024 ὅτι
3054 4967 3115 5024 ἐκ
3170 4968 3372 5047 φύσεως
3429 4967 3516 5022 καὶ
3544 4965 3650 5020 ἀπὸ
3681 4970 3811 5019 Θεοῦ

2159 5054 2297 5136 τινές
2357 5058 2452 5111 εἰσι
2493 5057 2670 5116 κακοί.
2721 5057 2861 5114 Εἶπε
2899 5059 3023 5135 γὰρ,
3055 5059 3204 5136 φασὶ,
3236 5057 3322 5112 καὶ
3368 5058 3396 5112 6
3429 5055 3671 5133 Χριστὸς,
3723 5051 3803 5107 ὅτι

2165 5134 2323 5218 ’Υμτν
2371 5143 2573 5204 δέδοται
2626 5148 2820 5225 γνῶναι
2871 5148 2938 5202 τὰ
2985 5149 3269 5225 μυστήρια,
3309 5143 3573 5207 Ἰουδαίοις
3632 5140 3686 5198 δὲ
3743 5142 3802 5198 οὗ

2159 5230 2386 5294 δέδοται.
2440 5237 2678 5314 Λέγομεν
2735 5239 2824 5292 οὗν
2878 5237 3008 5314 πρὸς
3065 5237 3184 5298 τοὺς
3243 5237 3457 5292 τοιαῦτα
3519 5231 3795 5311 λέγοντας,

2159 5324 2250 5378 σὺν
2309 5331 2446 5405 Θεῳ,
2492 5325 2568 5381 δτι
2601 5328 2629 5382 6
2692 5327 2788 5401 μὲν
2835 5328 2963 5387 Θεὸς
3021 5325 3219 5389 πάντας
3248 5337 3395 5380 ποιεῖ
3423 5334 3566 5377 νοεῖν
3595 5323 3656 5377 τὸ
3685 5317 3800 5378 δέον

2157 5419 2412 5491 φυσικῶς.
2475 5415 2650 5471 Πάντα
2723 5416 2821 5494 γὰρ
2879 5412 3148 5492 ἄνθρωπον
3229 5413 3438 5492 φωτίζει
3510 5409 3802 5490 ἐρχόμενον

2155 5501 2226 5564 εἰς
2285 5503 2376 5558 τδν
2425 5504 2626 5581 κόσμον
2664 5521 2682 5542 ο
2740 5505 2775 5574 ἡ
2861 5500 2916 5558 δὶ
2979 5505 3288 5582 προαίρεσις
3368 5505 3526 5579 ἡμῶν
3596 5500 3807 5569 σκοτίζε
