4118 6220
446 255 551 323 291

430 497 662 557 genere
730 483 1133 560 congregavit,
1196 483 2083 559 Barbaros,Graecos,Judaaos,

432 568 1744 650 meretrices,publicanos,latrones.Quando
1769 584 1961 635 autem
1982 573 2088 632 im-

430 656 591 735 pleta
615 657 945 737 fuerit,hoc
978 661 1621 733 est,consummabitur
1658 664 2088 737 mundus,tunc

430 745 529 824 qui
556 745 619 805 in
650 765 869 825 sagena
894 749 1746 827 l'uerint,discernentur.Nam
1783 752 1921 812 licet
1950 769 2086 811 cre-

430 833 789 907 diderimus,
825 837 1051 898 inventi
1095 840 1176 897 7|
1230 848 1425 899 autem
1460 840 1750 901 fuerimus
1778 842 1939 914 mali,
1974 841 2083 902 ab-

420 924 849 1001 jiciemur.Qui
878 936 1076 987 autem
1114 946 1232 988 non
1268 929 1443 1009 tales,
1489 931 1545 990 in
1587 949 1721 991 vasa
1753 931 2083 1010 mittentur,

430 1021 649 1074 aeterna
673 1014 1052 1076 tabernacula
1072 1015 1634 1080 dico.0mneautem
1660 1020 1963 1100 opus,sive
1988 1020 2086 1079 bo-

430 1104 725 1177 num,sive
759 1104 1178 1183 malum,cibus
1212 1106 1431 1167 dicitur
1464 1125 1595 1167 esse
1626 1110 1858 1170 animae.
1896 1109 2086 1170 Habet

428 1192 585 1253 enim
627 1192 823 1253 anima
855 1192 1194 1272 spirituales
1218 1196 1624 1258 dentes.Tunc
1656 1208 1851 1259 autem
1883 1198 2082 1261 anima

424 1282 689 1343 striderit
725 1283 867 1356 illis,
924 1283 1033 1342 hoc
1095 1293 1205 1363 est,
1259 1285 1594 1364 operativas
1653 1306 1788 1348 suas
1834 1288 2086 1351 virtutes

425 1379 692 1434 conteret
723 1391 792 1433 eo
823 1371 984 1452 quod
1016 1374 1140 1434 haec
1174 1374 1403 1436 fecerit.

1432 206 2039 327 THEOPHYLACTII
2066 257 2471 323 BULGARLE
2515 253 2867 324 ARCHIEP.

456 392 884 470 prophetarum
919 391 1184 457 vocibus.
1225 392 1363 455 Haec
1385 394 1563 472 igitur
1591 411 1808 473 sagena
1840 414 1907 457 ex
1939 391 2098 455 omni
2122 401 2161 449 Α
2185 390 2389 471 στολοι,

3714 252 3829 320 292

2476 390 2743 450 ὶὸεϐαίουν
2807 406 2925 456 τοῖς
2985 414 3041 448 τε
3099 395 3346 474 θαύμασι,
3420 397 3509 451 καὶ
3556 406 3676 455 ταῖς
3720 397 3825 447 τῶν
3904 440 3914 450 .

2175 490 2460 563 προφητῶν
2532 496 2759 560 φωναῖς.
2806 483 2950 550 Αὕτη
2993 482 3225 563 τοίνυνὴ
3272 486 3506 561 σαγήνη,
3538 482 3598 539 ἐκ
3628 484 3824 544 παντὸς

2220 574 2229 587 ι
2296 562 2299 563 ⁷
2532 573 2540 588 ι
2620 569 2649 592 ρ
2886 569 2943 591 pl
3167 562 3198 581 ιι
3516 570 3529 591 ν

2171 594 2353 650 γενους
2426 571 2699 650 συνελαοε,
2778 580 3094 650 Βαροαρους,
3204 571 3467 646 Ελληνας,
3538 571 3818 643 ἰουδαίους,

2170 662 2390 740 πόρνας,
2451 659 2706 735 τελώνας,
2755 660 2980 737 λῃστὰς.
3055 653 3193 718 υΟτε
3243 660 3297 717 δὲ
3324 660 3639 739 ἐπληρώθη,
3670 681 3822 718 τουτ-

2173 747 2339 823 ἐστιν,
2387 750 2511 805 ὅταν
2572 748 2888 827 συντελεσθῇ
2943 752 2969 803 ὁ
3040 751 3264 825 κόσμος,
3299 750 3419 807 τότε
3451 752 3496 805 οἱ
3530 752 3584 805 ἓν
3628 756 3696 824 τῇ
3719 771 3819 804 σα-

2171 840 2310 914 γήνῃ
2369 836 2741 915 διακρίνονται,
2823 836 2927 896 Κᾶν
3017 841 3115 916 γὰρ
3201 841 3605 913 ἐπιστεύσαμεν,
3668 840 3817 913 εὑρε-

2168 932 2342 1000 θώμεν
2402 926 2455 982 δὲ
2487 930 2696 1005 σαπροὶ,
2751 928 3060 1004 ῥιπτόμεθαο
3113 930 3157 984 οἱ
3215 927 3268 983 δὲ
3300 930 3378 1004 μὴ
3427 935 3681 1001 τοιοῦτοι,
3744 929 3816 991 εἷς

2168 1016 2363 1093 ἀγγεῖα
2393 1015 2703 1090 βάλλονται,
2752 1016 2892 1095 Λέγω
2922 1014 2985 1083 δὴ
3016 1018 3109 1080 τὰς
3141 1018 3379 1080 αἰωνίους
3412 1020 3634 1084 σκηνάς,
3670 1023 3817 1072 Πᾶσα

2166 1102 2220 1159 δὲ
2276 1104 2459 1183 πρᾶξις
2518 1104 2628 1160 εἴτε
2686 1106 2880 1184 ἀγαθή,
2939 1104 3049 1161 εἴτε
3107 1109 3335 1180 πονηρὰ,
3393 1109 3582 1186 βρῶμα
3611 1106 3817 1184 λέγεται

2167 1195 2309 1250 εἶναι
2366 1196 2464 1262 τῆς
2524 1199 2728 1274 ψυχῆς.
2771 1185 2942 1274 9ἰἑχει
2999 1198 3098 1273 γὰρ
3152 1195 3365 1261 ὀδόντας
3417 1198 3637 1264 νοητοὺς
3668 1198 3816 1262 καὶὴ

2166 1285 2342 1364 ψιχὴ.
2398 1286 2528 1343 Τότε
2601 1284 2688 1340 οὖν
2769 1286 2802 1351 ἡ
2855 1285 3012 1363 ψυχὴ
3070 1286 3259 1365 βρὺχει
3303 1287 3542 1365 τούτους,
3573 1284 3694 1353 ἤτοι
3728 1287 3819 1348 τὰς

2166 1375 2459 1448 πρακτικὰς
2522 1372 2683 1438 αὐτῆς
2713 1373 2955 1448 δυνάμεις
3006 1373 3408 1452 συντριϐομὲνη,
3442 1373 3572 1431 διότι
3604 1381 3821 1431 τοιαῦτα

2169 1458 2413 1539 ἔπραξεν,

509 1551 688 1612 Vens.
726 1553 824 1630 51,
853 1551 952 1614 52.
985 1550 1171 1612 «Dicit
1198 1551 1314 1612 illis
1341 1552 1939 1625 Jesus;Intel|existis
1958 1558 2085 1618 haec

2254 1569 2276 1602 α
2368 1549 2519 1627 Λέγει
2597 1551 2778 1611 αὺτοῖς
2863 1551 2888 1605 ὸ
2978 1549 3204 1618 Ἰησοὺς·
3298 1553 3569 1621 Συνήκατε
3653 1559 3815 1607 ταῦτα

426 1640 672 1731 omnia?
706 1641 919 1701 Dicunt
976 1641 1059 1700 illi
1094 1662 1106 1731 ς
1146 1642 1360 1731 Etiam,
1396 1643 1667 1704 Domine.
1704 1644 1779 1703 At
1810 1644 1911 1705 ille
1941 1646 2085 1709 dixit

2181 1635 2390 1717 παντα;
2446 1639 2668 1717 Λέγουσι
2729 1640 2893 1711 αὐτῷ’
2963 1642 3082 1715 Ναὶ,
3134 1642 3309 1718 Κύριε,
3347 1632 3401 1699 Ὀ
3433 1639 3487 1697 δὲ
3519 1642 3675 1697 εἶπεν
3730 1644 3820 1698 αὖ·

424 1729 560 1791 illis:
595 1732 918 1808 Propterea
943 1729 1140 1789 omnis
1161 1729 1355 1791 scriba
1378 1731 1588 1791 doctus
1608 1731 1680 1790 ad
1702 1748 1948 1810 regnum
1972 1753 2085 1795 cce-

2181 1740 2307 1789 τοῖς·
2377 1730 2473 1783 Δια
2537 1737 2692 1785 τοῦτο
2750 1735 2854 1790 πᾶς
2927 1732 3272 1807 γραμματεὺς
3345 1732 3685 1805 μαθητευθεὶς
3744 1731 3814 1791 εἰς

423 1819 638 1891 lorum,
676 1820 889 1879 similis
944 1827 1032 1879 est
1086 1818 1519 1897 patrifamilias,
1556 1819 1654 1899 qui
1693 1820 1987 1900 depromit
2012 1823 2086 1883 de

2181 1820 2266 1884 τὴν
2350 1819 2621 1895 βασιλείαν
2676 1821 2781 1877 τῶν
2851 1821 3107 1899 οὐρανῶν,
3153 1820 3341 1897 ὅμοιός
3369 1822 3505 1879 ἐστὶν
3561 1822 3816 1897 ἀνθρώπῳ

402 1908 702 1979 thesauro
754 1925 861 1967 suo
917 1925 1065 1966 nova
1096 1915 1155 1967 et
1185 1915 1405 1970 vetera.
1464 1933 1483 1964 ι)
1526 1906 1735 1967 Vidisti
1786 1911 2083 1989 quomodo

2181 1907 2542 1989 >ἶκοδεσπότῃ,
2617 1909 2764 1973 ὅστις
2822 1909 3068 1967 ἐκϐάλλει
3127 1912 3186 1968 ἐκ
3226 1919 3321 1968 τοῦ
3357 1916 3620 1991 θησαυροῦ
3663 1913 3815 1968 αὐτοῦ

430 1994 722 2075 parabolae
751 1995 1103 2057 attentiores
1136 2014 1237 2056 eos
1280 1995 1560 2058 fecerint?
1587 1996 1738 2057 Ecce
1764 1997 1940 2075 igitur
1984 2002 2083 2079 qui

2181 2000 2322 2053 ιαινὰ
2377 2002 2463 2055 καὶ
2523 1999 2744 2058 παλαιά.
2812 2024 2839 2055 ι)
2880 1998 3034 2064 Εἶδες
3080 2007 3193 2065 πῶς
3238 2005 3287 2058 αἱ
3316 1999 3611 2080 παραϐολαὶ
3640 2023 3809 2078 προσ-

427 2086 571 2145 alias
604 2086 975 2165 insipientes.
1015 2093 1073 2144 et
1131 2085 1413 2164 imperiti,
1459 2086 1800 2164 intelligunt
1830 2107 1898 2149 ea
1949 2107 2079 2169 quae

2181 2088 2546 2166 εγτικωτέρους
2603 2091 2790 2155 αὐτοὺς
2820 2088 3128 2164 ἐποίησαν;
3189 2090 3322 2148 ἰδοὺ
3394 2101 3521 2167 γοῦν
3548 2092 3596 2148 οἱ
3643 2089 3819 2153 ἄλλως

428 2173 669 2253 oblique
701 2175 880 2235 dicta.
934 2172 1103 2236 Unde
1163 2175 1411 2237 laudans
1442 2194 1547 2236 eos
1580 2178 1871 2249 Salvator,
1907 2178 2073 2251 dicit,

2181 2188 2374 2243 ινόητοι
2459 2180 2548 2234 καὶ
2581 2178 2832 2258 ἀμαθεῖς,
2880 2184 3112 2246 συνῆκαν
3146 2181 3209 2239 τὰ
3241 2178 3507 2236 δυσκόλων
3542 2180 3813 2257 εἰρημένα,

429 2261 637 2326 Omnis
689 2262 908 2337 scriba,
973 2272 1088 2324 etc.
1146 2262 1380 2324 Srribas
1412 2266 1571 2325 enim
1622 2274 1787 2326 vocat
1830 2284 1955 2340 eos,
2016 2279 2081 2331 ut

2184 2264 2338 2322 Ὀθεν
2396 2266 2628 2322 ἐπαινῶν
2694 2270 2879 2335 αὐτοὺς
2938 2271 2966 2325 ὀ
3038 2270 3252 2348 Σωτὴρ,
3315 2271 3498 2348 φησὶν,
3554 2270 3633 2324 ὅτι
3708 2275 3816 2331 [Ιᾶς

431 2352 635 2413 doctos
666 2352 727 2413 in
759 2352 912 2431 lege.
944 2361 1000 2413 et
1034 2352 1173 2413 licet
1203 2353 1365 2414 ducti
1397 2364 1598 2414 essent
1628 2355 1687 2415 in
1734 2356 1888 2432 lege,
1963 2376 2077 2417 non

2181 2357 2528 2433 γραμματεὺς,
2602 2359 2689 2412 καὶ
2772 2360 2839 2414 τὰ
2908 2358 3052 2425 ἑξῆς,
3115 2359 3465 2436 Γραμματέας
3521 2360 3617 2435 γὰρ
3672 2356 3814 2435 λέγει

437 2450 783 2502 manserunt
802 2450 999 2502 tamen
1017 2441 1073 2500 in
1098 2441 1366 2519 lege,sed
1382 2442 1541 2503 docti
1558 2444 1779 2503 suntad
1804 2462 2079 2524 regnum,

2181 2444 2376 2523 ιῦτοὺς,
2463 2448 2536 2509 ὡς
2624 2452 2974 2522 νομομαθεϊς,
3067 2446 3183 2503 ἀλλ’
3245 2449 3423 2504 εἶκαὶ
3492 2449 3813 2522 νομομαθεΐς

436 2533 544 2591 hoc
576 2539 688 2595 est.
723 2529 941 2592 Christi
972 2530 1312 2609 scientiam,
1348 2538 1407 2590 et
1438 2541 1685 2610 possunt
1717 2534 1983 2611 proferre
2014 2553 2083 2595 ea

2181 2534 2323 2606 ἦσαν,
2397 2533 2491 2589 οὒκ
2547 2534 2892 2609 ἐναπέμειναν
2942 2541 3019 2611 τῷ
3048 2538 3219 2616 νόμῳ,
3274 2535 3395 2592 ἀλλ’
3447 2536 3813 2611 ἐμαθητεύθη-

439 2638 568 2701 quze
600 2639 667 2681 ex
702 2638 849 2680 novo
873 2630 1082 2700 etquae
1107 2638 1174 2680 ex
1208 2620 1415 2682 veteri.
1454 2620 1881 2683 Paterfamilias
1913 2624 2086 2701 igitur

2181 2645 2265 2679 ταν
2321 2624 2391 2685 εἰς
2450 2624 2545 2690 τὴν
2600 2623 2891 2699 βασιλείαν,
2978 2626 3272 2705 τουτέστιν,
3306 2627 3375 2691 εἰς
3418 2626 3515 2692 τὴν
3559 2634 3652 2683 τοῦ
3684 2632 3816 2703 Χρι-

436 2709 703 2772 Christus
735 2718 795 2770 ut
817 2709 1072 2771 dives.ln
1100 2710 1227 2788 ipso
1250 2709 1408 2771 enim
1444 2709 1703 2771 thesauri
1719 2720 1855 2772 sunt
1883 2712 2083 2774 scien-

2181 2717 2294 2767 ττοῦ
2349 2717 2565 2789 γνῶσιν,
2656 2714 2741 2768 καὶ
2818 2711 3030 2770 δύναται
3118 2715 3396 2794 προφέρειν
3445 2715 3510 2769 τὰ
3592 2735 3647 2769 τε
3717 2718 3816 2781 τῆς

440 2797 558 2877 tiae,
590 2799 692 2879 qui
722 2817 871 2859 nova
900 2798 1146 2869 docens,
1175 2816 1243 2859 ex
1277 2799 1459 2859 veteri
1488 2799 1885 2879 subjungebat
1915 2801 2085 2864 testi-

2181 2800 2354 2867 ιαινῆς
2411 2802 2496 2856 καὶ
2550 2806 2648 2868 τῆς
2702 2801 2964 2868 παλατας,
3014 2803 3404 2870 Οἷκοδεσπότης
3451 2806 3538 2858 οὖν
3592 2806 3620 2860 ὁ
3684 2812 3817 2883 Χρι-

444 2888 645 2948 monia
672 2910 684 2945 :
721 2888 976 2965 exempli
995 2888 1181 2965 gratia
1209 2888 1583 2951 dixerat.Pro
1601 2893 1791 2950 otioso
1810 2908 2087 2952 sermone

2181 2892 2317 2961 πὸς,
2381 2892 2452 2973 ὡς
2521 2889 2794 2955 πλούσιος.
2856 2891 2947 2949 Ἐν
2979 2895 3120 2968 αὒτῷ
3149 2895 3249 2972 γάρ
3282 2894 3327 2949 οἱ
3370 2897 3466 2961 τῆς
3496 2895 3683 2973 σαφίας
3712 2897 3814 2960 θη-

446 2978 735 3039 rationem
760 2978 1122 3050 reddes,hoc
1146 2978 1304 3039 enim
1339 2996 1555 3038 novum
1582 2998 1594 3040 :
1619 2977 1846 3041 Deinde
1866 2980 2093 3041 addidit

2181 2978 2375 3057 σαυροί.
2435 2971 2549 3042 "Oc:
2606 2980 2671 3034 τὰ
2726 2982 2881 3036 καινὰ
2945 2971 3230 3057 διδάσκων,
3287 2980 3391 3038 εἶθ’
3445 2971 3607 3047 οὕτως
3665 2981 3812 3062 ἔφερε

447 3067 877 3130 testimonium.
914 3068 999 3130 Ex
1048 3067 1433 3129 sermonibus
1465 3067 1623 3129 enim
1658 3068 2089 3148 tuisjustifica-

2181 3069 2457 3148 μιρτυρίας
2512 3068 2616 3124 ἀπὸ
2665 3071 2764 3135 τῆς
2822 3068 3076 3145 παλαιᾶς,
3173 3075 3289 3128 οἷον
3363 3071 3539 3144 εἶπεν,
3604 3068 3684 3125 ὅτι
3728 3072 3814 3126 καὶ

449 3157 632 3230 beris,
668 3169 726 3217 et
758 3155 1280 3229 condemnaberis,
1308 3156 1420 3216 hoc
1443 3156 1702 3219 vetus.ln
1728 3159 1839 3219 hoc
1868 3158 2094 3221 similes

2181 3158 2301 3236 ὅπερ
2358 3158 2518 3235 ἀργοῦ
2587 3156 2747 3236 λόγου
2792 3158 3105 3240 εὖθυνθήσῃ,
3135 3168 3289 3217 τοῦτο
3344 3163 3405 3216 τὸ
3444 3160 3644 3220 καινόν,
3680 3160 3815 3216 Εἶτα

446 3246 720 3325 apostoli,
773 3245 962 3325 qualis
1020 3244 1260 3307 Paulus.
1314 3244 1670 3321 Imitatores,
1726 3248 1940 3328 inquit,
1977 3249 2094 3310 mei

2181 3248 2413 3325 ἐπήγαγε
2472 3250 2773 3326 μαρτυρίαν.
2847 3249 2943 3306 Ἐκ
2972 3250 3072 3327 γὰρ
3100 3253 3204 3306 τῶν
3232 3248 3408 3327 λόγων
3464 3271 3556 3304 σου
3603 3246 3819 3305 δικαιω-

446 3343 656 3413 estote,
692 3334 843 3394 sicut
875 3341 933 3394 et
964 3352 1071 3412 ego
1106 3333 1322 3395 Christi
1353 3335 1429 3396 ‘8.

531 3601 708 3666 Vens.
733 3603 833 3682 53,
867 3604 966 3665 54.
1003 3625 1030 3657 α
1068 3601 1137 3663 Et
1165 3602 1377 3665 factum
1423 3612 1534 3680 est,
1585 3612 1650 3664 ut
1702 3622 1835 3665 cum
1867 3604 2096 3668 ﬁnisset

451 3692 623 3756 Jesus
648 3691 955 3773 parabolas
986 3692 1112 3766 has,
1168 3692 1583 3771 digrederetur
1626 3693 1812 3753 illinc.
1848 3692 1917 3753 Et
1959 3712 2095 3755 cum

451 3784 709 3845 venisset
730 3782 788 3843 in
813 3784 1058 3862 patriam
1085 3801 1274 3856 suam,
1310 3783 1561 3845 docebat
1592 3802 1693 3844 eos
1726 3784 1787 3843 in
1810 3801 2099 3863 synagoga

451 3872 711 3933 illorum.
749 3897 774 3927 υ
811 3875 929 3934 Has
985 3872 1133 3931 dixit
1182 3872 1514 3951 parabolas,
1549 3872 1831 3951 quoniam
1867 3881 1923 3933 et
1950 3872 2096 3934 alias

451 3963 623 4041 paulo
648 3970 781 4041 post
812 3960 1081 4020 dicturus
1112 3970 1256 4021 erat.
1284 3959 1521 4021 Transit
1549 3970 1767 4035 autem,
1796 3969 1858 4020 ut
1879 3971 1937 4021 et
1965 3962 2095 4022 aliis

449 4068 555 4111 sua
586 4049 897 4128 praesentia
920 4050 1387 4128 pro.~it.Patriam
1410 4059 1608 4111 autem
1627 4050 1788 4111 illius
1805 4051 2095 4113 Nazareth

451 4139 718 4217 intellige
751 4157 764 4197 :
802 4156 939 4197 nam
996 4137 1055 4197 in
1108 4136 1222 4198 ista
1253 4138 1536 4199 educatus
1569 4146 1677 4200 est.
1715 4138 2002 4201 Czeterum
2035 4140 2096 4200 in

448 4246 743 4308 synagoga
771 4228 945 4288 docet
969 4227 1204 4308 publice
1232 4238 1289 4289 et
1318 4227 1529 4307 libere,
1553 4247 1625 4289 ne
1657 4229 1860 4291 dicere
1893 4239 2098 4310 postea

450 4318 681 4397 possint
711 4316 866 4398 quod
901 4318 1168 4397 quaedam
1203 4335 1235 4378 a
1266 4317 1396 4396 lege
1427 4317 1661 4379 diversa
1690 4318 1983 4384 docuerit.

531 4495 712 4559 Vsus.
746 4496 964 4559 54-57.
1006 4522 1026 4552 α
1083 4494 1167 4557 Ita
1199 4504 1261 4557 ut
1298 4504 1627 4575 stuperent,
1682 4514 1751 4559 ac
1800 4497 2091 4560 dicerent.

454 4585 618 4648 Unde
642 4586 775 4651 huic
793 4584 1082 4665 sapientia
1104 4586 1229 4647 hac
1272 4596 1329 4645 et
1347 4585 1622 4647 virtutes?
1652 4606 1850 4648 nonne
1882 4587 1978 4649 hic
2009 4595 2099 4647 est

450 4677 550 4737 ille
582 4675 731 4737 fabri
762 4675 948 4738 ﬁlius?
979 4693 1177 4737 nonne
1209 4684 1398 4737 mater
1427 4677 1556 4755 ejus
1606 4685 1847 4737 vocatur
1891 4676 2095 4753 Maria,

450 4774 508 4827 et
538 4766 753 4827 fratres
786 4768 914 4846 ejus
943 4765 1224 4847 Jacobus,
1257 4774 1314 4826 et
1338 4767 1529 4846 loses,
1560 4774 1620 4827 ct
1657 4764 1885 4839 Simon,
1922 4764 2100 4827 etJu-

456 4855 593 4918 das?
613 4865 673 4917 et
706 4873 942 4917 sorores
967 4857 1097 4935 ejus
1146 4873 1344 4916 nonne
1369 4873 1578 4916 omnes
1610 4854 1767 4934 apud
1794 4873 1906 4916 nos
1936 4853 2101 4917 sunt?

463 4942 636 5006 Unde
657 4946 830 5023 igitur
853 4945 994 5006 huic
1024 4946 1149 5006 haec
1180 4944 1407 5005 omnia?
1436 4952 1492 5004 et
1512 4942 1968 5005 olferdebantur
1995 4962 2101 5006 su-

453 5051 560 5113 per
593 5053 727 5097 eo.»
755 5033 1109 5115 Insipientes
1140 5042 1304 5096 erant
1337 5034 1665 5111 Nazareni;
1693 5033 2105 5095 existimabant

454 5124 623 5185 enim
682 5124 1109 5203 ignobilitatem
1155 5131 1213 5186 et
1242 5122 1663 5184 obscuritatem
1715 5124 2009 5204 majorum
2044 5128 2101 5185 in

454 5231 634 5275 causa
672 5232 805 5275 esse
835 5233 948 5294 quo
973 5215 1170 5275 minus
1194 5213 1327 5294 quis
1348 5212 1470 5275 Deo
1499 5212 1743 5293 placeat.
1770 5214 1912 5277 Esto
1945 5212 2103 5275 enim

455 5302 617 5382 quod
649 5303 885 5364 humilis
914 5302 1090 5364 homo
1123 5302 1298 5364 fuerit
1340 5306 1537 5383 Jesus,
1571 5322 1645 5364 an
1680 5321 1797 5364 non
1831 5313 1889 5364 et
1918 5301 2107 5365 Deus?

454 5391 608 5465 Quid
642 5392 904 5457 obstaret
950 5410 1227 5472 magnum
1284 5391 1450 5454 illum
1502 5391 1562 5453 in
1596 5393 1899 5457 miraculis
1928 5392 2107 5456 fieri?

528 5575 591 5624 ‘3
619 5571 645 5636 Ι
674 5573 811 5638 Cor.
848 5591 924 5655 iv,
963 5572 1060 5637 16.

2175 3337 2338 3415 θήσῃ,
2400 3337 2487 3391 καὶ
2543 3338 2929 3412 κατακριθήση,
2987 3341 3138 3394 τοῦτο
3210 3340 3271 3395 τὸ
3331 3337 3583 3397 παλαιόν.
3640 3338 3820 3411 Τούτῳ

2178 3432 2303 3501 γοῦν
2352 3424 2527 3500 ὅμοιοι
2586 3428 2631 3480 οἱ
2685 3424 2997 3506 ἀπόστολοι,
3066 3428 3185 3492 οἶος
3231 3430 3259 3483 ό
3342 3426 3571 3502 Παῦλος,
3623 3426 3816 3506 λέγων·

2178 3515 2419 3589 Μιμηταί
2451 3535 2549 3587 μου
2580 3514 2807 3591 γίνεσθε,
2836 3516 3007 3580 καθὼς
3036 3516 3187 3594 κάγὼ
3211 3517 3459 3595 Χριστοῦ.

2264 3622 2293 3661 ι
2344 3604 2441 3659 Καὶ
2490 3601 2696 3679 ἐγένετο
2753 3604 2839 3658 ὅτε
2870 3602 3105 3659 ἐτέλεσεν
3148 3606 3176 3660 ὀ
3206 3605 3413 3672 Ἰησοῦς
3454 3607 3547 3669 τὰς
3578 3604 3822 3684 παραϐο-

2179 3691 2274 3753 λὰς
2343 3692 2558 3771 ταύτας,
2616 3695 2845 3770 μετῆρεν
2924 3694 3149 3756 ἒκεϊθεν.
3229 3696 3323 3752 Καὶ
3379 3693 3541 3751 ἐλθὼν
3593 3696 3668 3759 εἷς
3722 3695 3821 3761 τὴν

2179 3778 2398 3859 πατρίδα
2457 3780 2634 3853 αὑτοῦ,
2721 3778 2983 3837 ἐδίδασκεν
3062 3784 3245 3849 αὖτοὺς
3302 3784 3355 3840 ἐν
3412 3789 3480 3859 τῇ
3537 3790 3822 3863 συναγωγῂ

2180 3872 2370 3931 αὐτῶν,
2408 3893 2433 3924 n
2484 3870 2683 3933 Ταύτας
2758 3870 2880 3925 εἶπε
2950 3872 3044 3934 τὰς
3104 3871 3432 3951 παραϐολὰς,
3500 3870 3683 3940 ἐπειδὴ
3737 3875 3823 3929 καὶ

2179 3960 2344 4024 ἄλλας
2416 3960 2532 4035 μετ’
2590 3960 2766 4038 ὀλίγον
2800 3960 2982 4036 μέλλει
3029 3963 3192 4041 ἐρεῖν.
3246 3962 3555 4019 Μεταϐαίνει
3604 3961 3681 4038 δὲ,
3714 3962 3737 4018 't'
3791 3985 3824 4019 α

2180 4054 2264 4106 καὶ
2323 4050 2513 4113 ἄλλους
2569 4050 2824 4128 ὠφελήσῃ
2883 4057 2951 4127 τῇ
3024 4053 3281 4131 παρουσίᾳ
3352 4053 3530 4114 αὐτοῦ,
3596 4050 3823 4131 Πατρίδα

2179 4139 2232 4195 δὲ
2303 4144 2479 4220 αὐτοῦ,
2534 4147 2632 4207 την
2694 4140 2925 4217 Ναζαρὲτ
2978 4140 3107 4197 νόει⁶
3181 4140 3234 4195 ἐν
3265 4143 3397 4217 αὒτῇ
3426 4142 3526 4219 γὰρ
3594 4140 3818 4220 ἐτράφη.

2179 4228 2268 4286 Ἐν
2325 4236 2393 4306 τῇ
2449 4234 2731 4307 συναγωγῇ
2759 4228 2813 4284 δὲ
2843 4226 3095 4303 διδάσκει,
3131 4229 3184 4287 ἒν
3229 4234 3388 4304 κοινῷ
3431 4232 3518 4286 καὶ
3561 4229 3823 4309 παρῤησίᾳ

2179 4318 2371 4395 λέγων,
2426 4318 2517 4373 ’ίνα
2578 4318 2654 4393 μὴ
2711 4317 2911 4397 ἔχωσιν
2939 4317 3149 4398 ὕστερον
3193 4319 3391 4399 λέγειν,
3437 4321 3517 4376 ὅτι
3547 4318 3824 4398 παράνομά

2180 4429 2295 4463 τινα
2319 4404 2603 4468 ἐδίδασκεν,

2268 4516 2297 4555 (
2346 4486 2523 4551 ΗΩστε
2594 4494 2975 4565 ἐκπλήττεσθαι
3034 4498 3241 4571 αὐτοὺς,
3285 4500 3373 4555 καὶ
3428 4497 3624 4577 λέγειν·
3661 4496 3824 4555 Πόθεν

2183 4588 2353 4661 τούτῳ
2414 4589 2449 4657 ἡ
2512 4586 2664 4664 σοφία
2720 4584 2851 4652 αὕτη
2907 4587 3000 4642 καὶ
3067 4588 3119 4643 αἱ
3168 4585 3413 4662 δυνάμεις
3461 4590 3625 4667 ;Οὐχ
3676 4587 3826 4652 οὗτός

2180 4678 2320 4733 ἐστιν
2364 4678 2391 4731 ὁ
2421 4682 2512 4732 τοῦ
2545 4674 2787 4738 τέκτονος
2809 4676 2917 4740 υἱὸς
2943 4697 2970 4747 ;
3014 4680 3129 4756 Οὐχ
3158 4678 3193 4745 ἡ
3246 4677 3427 4754 μήτηρ
3471 4678 3627 4733 αὐτοῦ
3670 4675 3827 4755 λέγε-

2178 4789 2263 4823 ται
2325 4766 2563 4844 Μαριὰμ,
2650 4756 2735 4820 καὶ
2783 4765 2828 4820 οἱ
2896 4762 3110 4845 ἀδελφοὶ
3167 4767 3323 4822 αὒτοῦ
3409 4762 3680 4835 Ἰάκωϐος,
3740 4766 3826 4822 καὶ

2149 4853 2393 4935 ,’ίωσῆς,
2462 4855 2548 4909 καὶ
2619 4853 2821 4929 Σίμων,
2888 4854 2973 4910 καὶ
3022 4852 3271 4930 Ἰούδας;
3333 4855 3431 4912 Καὶ
3502 4856 3554 4910 αἱ
3609 4852 3827 4933 ἀδελφαὶ

2186 4947 2341 5001 αὐτοῦ
2396 4943 2521 5023 οὐχὶ
2549 4949 2713 4999 πᾶσαι
2784 4943 2912 5020 πρὸς
2944 4945 3088 5019 ἡμᾶς
3132 4946 3229 5001 εἰσι
3266 4965 3282 5015 ;
3318 4943 3481 4999 Πόθεν
3512 4945 3601 5000 οὖν
3656 4944 3827 5017 τοὺτῳ

2185 5043 2347 5092 ταῦτα
2400 5033 2609 5111 πάντας
2676 5032 2773 5088 Καὶ
2803 5030 3232 5104 ἐσκανδαλίζοντο
3262 5032 3316 5089 ἐν
3359 5033 3522 5105 αὐτῷ.
3562 5054 3588 5086 υ
3638 5030 3827 5098 Ἀνόη-

2188 5145 2268 5181 τοι
2352 5120 2500 5184 ὅντες
2558 5123 2604 5177 οἱ
2670 5122 2987 5199 Ναζαρηνοὶ,
3042 5121 3279 5198 ἐνόμιζον
3335 5120 3415 5178 ὅτι
3479 5122 3513 5187 ἡ
3560 5118 3829 5198 δυσγένεια

2185 5214 2275 5269 καὶ
2330 5212 2363 5279 ἡ
2427 5208 2660 5269 εὐτέλεια
2716 5213 2823 5266 τῶν
2877 5211 3180 5290 προγόνων,
3210 5204 3432 5288 βλάπτει
3462 5210 3579 5268 τινὰ
3608 5210 3738 5287 πρὸς
3767 5210 3828 5266 τὸ

2189 5302 2533 5380 εὐαρεστῆσαι
2593 5306 2670 5373 τῷ
2729 5307 2866 5374 Θεῷ.
2940 5299 3141 5357 ’Ἔστω
3171 5302 3291 5380 γὰρ,
3325 5300 3405 5356 ὅτι
3435 5299 3705 5379 ἄνθρωπος
3735 5302 3831 5373 ψι-

2188 5392 2281 5455 λὸς
2337 5390 2405 5457 ἣν
2474 5390 2502 5445 ὃ
2574 5387 2801 5469 Ἰησοῦς,
2876 5386 2991 5445 ἀλλ’
3054 5391 3177 5470 οὐχὶ
3256 5389 3410 5454 Θεὸς·
3443 5389 3492 5446 τί
3538 5385 3831 5459 ίνιπόὸιζιν
