4118 6220
468 235 591 303 295

1442 241 2036 307 THEOPHYLACTI
2080 238 2490 305 BULG'ARI‘IE
2522 237 2879 306 ARCHIEP.

3727 236 3844 303 296

466 376 526 436 in
558 376 966 456 superioribus
1012 394 1127 436 non
1180 376 1454 439 meminit
1483 379 1814 459 Matthaeus,
1849 398 1918 440 eo
1952 376 2105 459 quod

2195 373 2407 432 λαὸουσι
2467 385 2558 433 τοῦ
2615 377 2748 433 κατὰ
2806 378 2894 433 τὸν
2953 375 3205 443 Ἰωάννην
3276 374 3608 455 διηγήματος
3637 376 3665 431 6
3697 380 3840 429 Ματ-

465 483 679 546 scopus
710 464 793 526 illi
828 472 956 528 erat
987 484 1055 526 ea
1079 466 1358 528 duntaxat
1390 468 1654 529 scribere
1685 487 1815 547 quae
1837 470 1907 529 ad
1941 466 2107 531 Chii-

463 564 616 615 stum
650 553 1173 632 spectabant.Sane
1208 574 1317 617 nec
1348 576 1505 618 nunc
1538 557 1910 620 meminisset
1951 558 2104 637 ejus,

467 642 578 704 nisi
614 652 669 704 et
700 642 811 710 hoc
840 643 914 705 ad
965 643 1261 707 Christum
1323 646 1638 706 retulisset.
1680 646 1885 725 Arguit
1914 653 2107 707 autem

458 732 723 795 Joannes
741 736 833 792 75
854 733 1170 803 Herodem,
1208 744 1273 795 ut
1304 735 1499 797 fratris
1533 754 1774 797 uxorem
1805 756 1921 797 non
1958 735 2111 814 legi-

460 822 600 883 time
632 822 973 883 habentem.
1020 826 1132 884 Lex
1160 825 1317 885 enim
1346 826 1592 904 jubebat
1625 825 1831 886 fratris
1865 844 2105 887 uxorem

456 914 728 992 accipere
762 926 903 974 tunc
931 913 1198 987 fratrem,
1233 915 1467 995 quando
1503 916 1602 976 ille
1633 916 1861 995 absque
1899 916 2108 977 liberis

459 1002 903 1080 defungeretur.
944 1002 1052 1064 Hic
1081 1014 1276 1064 autem
1306 1004 1607 1085 Philippus
1634 1025 1749 1066 non
1774 1006 1997 1086 absque
2031 1006 2103 1067 li-

459 1090 619 1153 beris
652 1090 966 1152 defunctus
998 1102 1144 1155 erat.
1178 1092 1317 1154 Erat
1338 1094 1496 1154 enim
1533 1095 1728 1174 puella
1758 1114 1890 1174 quae
1921 1095 2105 1158 salta-

460 1178 577 1241 bat.
615 1179 765 1243 Sunt
795 1189 991 1243 autem
1027 1181 1265 1260 quidam
1316 1184 1414 1262 qui
1460 1184 1666 1245 dicunt
1716 1184 1894 1264 quod,
1931 1183 2103 1245 etiam

459 1269 651 1329 adhuc
702 1269 931 1330 vivente
964 1268 1257 1349 Philippo,
1315 1270 1586 1334 Herodes
1620 1272 1673 1333 ei
1708 1272 2023 1333 abstulerit
2052 1281 2109 1333 et

455 1376 727 1429 uxorem,
763 1364 825 1420 et
854 1360 1258 1419 tetrarchiam.
1301 1359 1434 1420 Sive
1476 1371 1671 1422 autem
1698 1363 1835 1434 hoc,
1869 1361 1991 1421 sive
2026 1361 2104 1421 il-

460 1445 558 1506 lud
588 1455 732 1518 erat,
771 1446 1042 1508 illicitum
1071 1457 1195 1508 erat
1220 1448 1603 1510 facinusNon
1637 1450 1879 1511 timebat
1908 1458 2102 1511 autem

464 1534 679 1608 Deum,
714 1536 819 1596 sed
857 1535 1085 1598 turbam
1115 1537 1377 1611 timebat,
1406 1540 1563 1599 unde
1597 1539 1825 1599 distulit
1855 1540 2099 1600 caedem:

458 1633 515 1685 at
550 1625 824 1685 diabolus
855 1635 1253 1705 opportunum
1290 1638 1520 1707 tempus
1548 1629 1661 1690 sibi
1694 1628 1942 1690 invenit.

538 1713 725 1775 Vsus.
756 1715 892 1776 6-8.
947 1714 1090 1776 Cum
1147 1726 1345 1777 autem
1397 1719 1850 1780 celebrarentur
1896 1717 2114 1779 natalia

455 1804 503 1866 Η
522 1804 741 1882 erodis,
768 1803 1017 1864 saltabat
1048 1804 1166 1865 ﬁlia
1194 1803 1549 1867 Herodiadis
1575 1811 1631 1867 in
1665 1808 1883 1879 medio,
1911 1812 1971 1870 et
1995 1807 2111 1887 pla-

466 1894 595 1953 cuit
618 1891 1029 1966 Herodi,unde
1048 1894 1584 1973 cumjurejurando
1598 1897 1891 1976 pollicitus
1924 1906 2013 1957 est
2045 1916 2110 1958 se

468 1983 550 2044 illi
577 1982 852 2044 daturum
884 1982 1169 2062 quidquid
1196 1986 1529 2063 peteret.At
1559 1986 1657 2046 illa
1686 1988 1849 2061 prius
1876 1986 2104 2048 instru-

449 2079 545 2137 cta
576 2091 608 2131 a
642 2077 832 2133 matre
863 2088 1009 2132 sua:
1040 2071 1122 2132 Da
1182 2073 1349 2144 mihi,
1397 2074 1611 2155 inquit,
1671 2076 1768 2136 hic
1820 2075 1881 2135 in
1914 2080 2110 2156 patina

452 2169 633 2242 caput
656 2164 902 2223 Joannis
933 2164 1229 2242 Baptista}.
1245 2191 1268 2219 η
1286 2168 1430 2228 \‘ide
1453 2167 1929 2247 luxum:regiuas
1945 2168 2124 2237 altat,

452 2262 509 2312 et
533 2261 751 2330 quanto
804 2251 1109 2331 pulchrius
1162 2256 1407 2327 saltavit,
1458 2264 1622 2318 tanto
1677 2258 1879 2335 pejus.
1917 2256 2116 2336 Turpe

451 2340 609 2402 enim
644 2348 731 2401 est
764 2340 1007 2419 rigiuze,
1051 2341 1279 2421 aliquid
1337 2344 1681 2405 indecorum
1720 2345 1808 2405 vel
1849 2346 1995 2405 scite
2028 2348 2116 2405 l'a-

455 2448 615 2492 cere.
651 2428 975 2491 Considera
1020 2439 1217 2490 autem
1276 2432 1449 2493 aliam
1482 2433 1878 2513 insipientiam
1926 2434 2114 2495 Hero-

454 2518 572 2579 dis.
598 2518 824 2579 Juravit
853 2517 1149 2597 quidquid
1187 2529 1415 2598 peteret
1446 2522 1720 2584 daturum
1759 2541 1844 2585 se.
1872 2523 2037 2594 Quod
2066 2525 2115 2585 si

456 2615 633 2685 caput
694 2616 856 2667 tuum
898 2608 1166 2686 petisset,
1198 2610 1549 2673 dedissesne
1591 2610 1768 2672 illud?
1810 2614 1892 2675 Da
1938 2612 2107 2684 mihi,

456 2696 652 2777 inquit
679 2696 775 2756 hic
804 2698 1264 2775 caputJoannis.
1298 2699 1489 2771 Quare
1519 2703 1797 2781 opposuit
1829 2701 1970 2762 Hic?
1999 2700 2102 2762 Ti-

455 2785 663 2847 mebat
691 2804 765 2846 ne
795 2785 942 2846 forte
971 2784 1235 2849 HeroJes
1264 2789 1677 2871 resipiscensp
1702 2799 1869 2852 ostea
1910 2791 2104 2870 poeni-

456 2875 686 2981 tui‘line
709 2874 1029 2936 duceretur
1062 2893 1074 2937 :
1124 2887 1443 2958 propterea
1501 2889 1669 2959 urget
1732 2880 1938 2941 dicens
1973 2902 1985 2943 :
2019 2884 2161 2981 DaC

448 2964 592 3025 mihi
628 2965 746 3026 hic.

526 3056 707 3115 Vens.
740 3052 912 3116 9-19.
954 3054 1060 3116 «Et
1092 3054 1340 3117 indoluit
1375 3076 1478 3119 rex
1511 3075 1525 3120 :
1563 3068 1821 3120 attamen
1860 3068 2099 3141 prapter

439 3144 862 3222 jusjurandum
883 3151 940 3202 et
957 3144 1805 3225 accumbentesjussitdari.Et
1829 3168 1961 3210 cum
1980 3150 2095 3210 mi-

447 3232 625 3292 sisset
658 3232 996 3303 carniﬁces,
1032 3236 1354 3312 amputavit
1382 3246 1559 3316 caput
1586 3236 1832 3299 Joannis
1864 3240 1920 3300 in
1961 3258 2095 3300 car-

443 3338 604 3389 cere,
644 3328 702 3379 et
724 3321 968 3379 allatum
1004 3330 1091 3381 est
1120 3334 1297 3401 caput
1322 3324 1452 3403 ejus
1476 3326 1532 3384 in
1564 3327 1784 3405 patina,
1809 3336 1867 3387 et
1899 3329 2095 3388 datum

446 3409 871 3488 puellamque
899 3409 997 3470 illa
1028 3410 1239 3471 obtulit
1272 3414 1442 3473 matri
1465 3420 1691 3477 sua).Et
1712 3434 1975 3477 accesse:
1996 3430 2100 3484 unt

442 3497 726 3575 discipuli
758 3502 912 3576 (jus,
946 3507 1001 3559 et
1042 3500 1302 3560 tulerunt
1353 3522 1598 3583 corpus,
1639 3513 1699 3565 et
1728 3506 2099 3583 sepelierunt

440 3586 608 3648 illud.
656 3611 674 3641 ι
714 3585 968 3649 Indoluit
1002 3591 1917 3668 proptervirtutem.Admiratur
1937 3596 2093 3655 enim

438 3676 716 3736 virtutem
751 3684 808 3736 et
841 3677 1050 3751 hostis,
1083 3688 1343 3740 attamen
1380 3687 1625 3761 propter
1667 3683 2090 3761 jusjurandum

439 3765 537 3826 dat
568 3765 787 3826 donum
824 3765 1571 3831 inhumanum.Discamus
1603 3780 1801 3832 autem
1828 3771 1937 3832 hoc
1962 3772 2091 3833 loco

447 3872 577 3916 esse
608 3854 921 3935 aliquando
955 3856 1165 3917 melius
1185 3859 1453 3937 pejerare
1477 3878 1650 3940 quam
1677 3864 2093 3939 propterjura-

449 3953 736 4017 mentum,
771 3945 1018 4023 impium
1050 3945 1274 4026 aliquid
1306 3948 1522 4010 facere.
1556 3947 1865 4028 Sepultum
1890 3960 2089 4011 autem

435 4043 530 4093 est
560 4052 776 4111 corpus
809 4033 1085 4112 Baptista:
1112 4036 1169 4095 in
1204 4034 1448 4098 Sebaste
1489 4040 1780 4102 Caesarea.
1819 4041 2085 4101 Venera-

2175 3765 2371 3846 δωρεὰν
2421 3764 2770 3840 ἀπάνθρωπον
2782 3809 2793 3821 .

2173 3918 2199 3975 ἔ

2188 468 2361 536 θαῖος,
2439 465 2569 522 διότι
2630 469 2827 530 σκοπὸς
2887 467 2954 534 ἦν
3012 467 3154 539 αὒτῷ
3209 466 3345 541 μόνα
3376 467 3442 523 τὰ
3470 466 3586 544 περὶ
3619 472 3844 543 Χριστοῦ

2191 557 2413 634 γράψαι.
2480 559 2575 613 Καὶ
2632 559 2729 634 γὰρ
2800 555 2916 612 0-3δέ
2990 564 3077 612 νῦν
3122 556 3357 631 ἐμνήσθη
3403 555 3485 634 ἅν,
3521 557 3563 611 si
3631 555 3707 630 μὴ
3756 553 3841 609 καὶ

2192 653 2346 701 τοῦτο
2408 648 2481 709 εἷς
2542 648 2765 725 Χριστὸν
2823 645 3020 726 ἔφερεν.
3087 644 3348 725 ’¹Ηλεγχε
3426 643 3531 700 δὲὸ
3591 644 3841 709 Ἰωάννης

2196 736 2285 789 τὸν
2346 726 2605 814 Ἡρώδην,
2666 738 2739 799 ὡς
2806 737 3127 814 παρανόμως
3209 734 3403 814 ἔχοντα
3463 740 3551 790 τοῦ
3622 730 3844 811 ἀδελφοῦ

2191 823 2348 878 αὗτοῦ
2404 826 2500 889 την
2560 839 2810 901 γυναῖκα·
2879 827 2905 879 6
2963 827 3061 903 γὰρ
3112 826 3271 898 νόμος
3326 821 3557 897 ἐκέλευε,
3591 822 3689 893 τὴν
3750 828 3841 876 τοῦ

2190 909 2414 991 ἀδελφοῦ
2480 926 2706 989 γυναῖκα
2763 913 2881 969 τότε
2937 911 3224 988 λαμϐάνειν
3295 915 3384 968 τὸν
3435 910 3678 991 ἀδελφὸν,
3754 910 3839 965 ὅτι

2190 999 2347 1064 ἅπαις
2405 1001 2715 1068 τελευτησοι
2788 1003 3015 1067 ἐκεῖνος.
3054 1003 3306 1059 Ἐνταῦθα
3350 998 3404 1057 δὲ
3450 1004 3476 1057 6
3550 999 3833 1072 Φίλιππος,

2191 1093 2283 1147 οὒκ
2342 1090 2500 1153 ἅπαις
2585 1090 2945 1157 ἐτελεύτησεν.
3006 1078 3108 1147 Ἠν
3136 1092 3236 1169 γὰρ
3283 1092 3424 1163 αὒτῷ
3452 1102 3583 1153 παῖς
3614 1092 3647 1156 ἦ
3673 1090 3842 1168 ὀρχτσ⁶

2189 1178 2415 1253 σαμέντ..
2494 1180 2642 1242 Τινὲς
2701 1178 2755 1235 δὲ
2800 1180 3040 1258 λέγουσιν
3104 1181 3183 1236 ὃτι
3237 1185 3435 1251 ζῶντος
3486 1179 3562 1235 ἔτι
3602 1186 3693 1235 τοῦ
3736 1184 3841 1233 Φι-

2189 1269 2384 1323 λίππου
2456 1268 2698 1347 ἀφείλετο
2758 1271 2785 1325 6
2860 1262 3098 1348 Ἡρώδης
3167 1271 3255 1324 καὶ
3314 1268 3411 1334 τὴν
3468 1281 3698 1347 γυναῖκα
3754 1268 3841 1323 καὶ

2189 1356 2286 1421 τὴν
2345 1360 2683 1437 τετραρχίαν.
2748 1357 2873 1415 Εἴτε
2918 1356 2972 1413 δὲ
3002 1358 3179 1436 τοῦτο,
3214 1358 3327 1414 εἴτε
3358 1357 3557 1431 ἐκεῖνο,
3604 1356 3842 1435 παράνο-

2190 1466 2287 1519 μον
2347 1446 2412 1513 ἦν
2442 1447 2502 1502 τό
2545 1447 2805 1526 πραχθέν,
2857 1448 2943 1513 Μὴ
2980 1445 3303 1525 φοϐούμενος
3333 1444 3387 1501 δε
3432 1447 3523 1502 τὸν
3568 1447 3719 1521 Θεὸν,
3751 1447 3843 1500 τὸν

2192 1534 2358 1615 ὄχλον
2416 1536 2686 1618 ἐφοϐεῖτο,
2763 1538 2878 1595 ὅθεν
2910 1541 2997 1595 καὶ
3051 1536 3369 1594 ἀνεϐάλλετο
3424 1547 3518 1596 τοῦ
3569 1543 3837 1616 φονεῦσαι,

2197 1624 2314 1680 ἀλλ’
2348 1628 2375 1681 6
2400 1624 2637 1692 διάϐολος
2666 1627 2864 1706 ἐξεῦρεν
2891 1631 3030 1701 αὒτῴ
3062 1629 3243 1705 καιρὸν
3287 1624 3607 1696 ἐπιτήδειον.

2283 1737 2304 1769 ε
2345 1717 2599 1772 Γενεσίων
2663 1715 2717 1771 δὲ
2792 1717 3066 1794 ἀγομένων
3110 1724 3200 1772 τοῦ
3236 1707 3490 1793 Ἡρώδου,
3551 1716 3841 1795 ὠρχήσατο

2194 1805 2225 1870 ἡ
2299 1806 2530 1884 θυγάτηρ
2581 1806 2676 1873 τῆς
2740 1797 3056 1883 Ἡρωδιάδος
3116 1804 3168 1859 ἐν
3224 1811 3303 1878 κῷ
3354 1804 3524 1884 μέσῳ,
3559 1807 3647 1860 καὶ
3683 1804 3840 1881 ἤρεσε

2192 1898 2268 1965 τῷ
2323 1883 2553 1973 Ἡρώδη·
2614 1895 2730 1951 ὅθεν
2789 1894 2904 1969 μεθ’
2935 1894 3090 1970 ὅρκου
3150 1883 3670 1971 ὡμολόγησεναὺτῇ
3715 1892 3839 1951 δοῦ-

2191 2004 2272 2036 ναι
2334 1982 2361 2037 ὅ
2411 1982 2499 2038 ἐὰν
2557 1986 2865 2054 αἰτήσηται.
2933 1974 2995 2039 Ἠ
3044 1982 3123 2057 δὲ,
3158 1980 3568 2060 προϐιϐασθεῖσα
3612 1982 3839 2047 ὑπὸτῆς

2193 2073 2391 2150 μητρὸς
2464 2073 2648 2139 crit-71¢
2716 2074 2816 2137 Δός
2867 2095 2979 2149 μοι,
3042 2074 3223 2152 φησὶν,
3278 2069 3388 2152 ὦδε.
3420 2071 3506 2127 ἐπὶ
3534 2070 3711 2127 πίνακι
3741 2072 3840 2138 τὴν

2193 2160 2429 2240 κεφαλὴν
2489 2161 2732 2219 Ἰωάννου
2791 2170 2883 2219 τοῦ
2926 2150 3245 2219 Βαπτιστοῦ.
3288 2183 3312 2214 η
3351 2150 3468 2216 ’Ἱδε
3511 2158 3790 2237 ἀσέλγειαν
3824 2166 3835 2220 !

2203 2239 2265 2304 Ἠ
2321 2249 2600 2325 βασίλισσα
2672 2252 2939 2330 ὀρχεῖται,
2975 2252 3063 2306 καὶ
3094 2247 3203 2323 ὅσῳ
3238 2248 3415 2311 καλῶς
3445 2250 3717 2327 ὀρχεῖται,
3746 2271 3839 2305 το-

2202 2339 2370 2411 σούτῳ
2429 2346 2629 2403 κακῶς.
2694 2341 2931 2419 Αίσχύνη
2990 2340 3088 2416 γὰρ
3142 2336 3424 2413 βασιλίσσῃ
3476 2339 3537 2393 τὸ
3593 2338 3839 2414 πράττειν

2199 2446 2247 2480 τι
2308 2427 2536 2502 ἀπρεπὲς
2594 2425 2886 2492 ἐπιδεξίως.
2950 2428 3148 2482 Σκόπει
3179 2424 3235 2481 δὲ
3265 2427 3351 2482 καὶ
3377 2424 3547 2491 ἄλλην
3592 2426 3840 2491 ἀνοησίαν

2198 2521 2288 2569 τοῦ
2363 2505 2616 2593 Ἡρώδου,
2677 2515 2883 2591 ὤμοσεν
2957 2515 2989 2570 δ’
3011 2514 3097 2571 ἐὰν
3145 2516 3449 2588 αἰτήσηται,
3485 2510 3659 2569 δοῦναι
3686 2512 3837 2593 (20)·

2198 2604 2241 2657 εἰ
2295 2601 2348 2658 δὲ
2410 2605 2507 2670 τὴν
2577 2602 2814 2684 κεφαλὴν
2868 2626 2963 2663 σου
2992 2604 3253 2677 ἠτήσατο,
3288 2600 3517 2666 δέδωκας
3547 2602 3608 2657 ἄν
3632 2604 3837 2677 αὐτὴν,

2198 2693 2293 2756 Δύς
2352 2716 2467 2768 μοι,
2534 2696 2714 2773 φησὶν,
2775 2693 2877 2750 ὧδε
2931 2696 3027 2762 τὴν
3085 2692 3326 2773 κεφαλὴν
3387 2690 3657 2755 Ἰωάννου,
3692 2694 3841 2757 Τίνος

2186 2780 2362 2837 ἕνεκεν
2405 2786 2698 2860 προσέθηκε
2729 2786 2812 2857 τὸ,
2845 2782 2946 2839 ὦδε
2981 2802 2999 2859 ;
3028 2779 3331 2862 Ἐφοϐεῖτο,
3359 2782 3555 2856 μήπως
3588 2784 3614 2837 ὁ
3663 2773 3841 2861 Ἠρώ-

2185 2868 2280 2937 δης
2352 2874 2695 2950 σωφρονήσας
2766 2873 2979 2951 ίἑστερον
3080 2871 3450 2948 μεταμεληθῇ,
3533 2873 3630 2927 Δια
3686 2880 3841 2928 τοῦτο

2182 2962 2509 3038 κατεπείγειο
2547 2962 2647 3025 Δός
2680 2983 2770 3037 μοι
2799 2960 2927 3035 ὧδε,
2958 2961 3209 3042 λεγουσα.

2269 3073 2289 3106 ι
2343 3052 2441 3107 Καὶ
2477 3048 2715 3120 ἐλυπήθη
2790 3054 2817 3108 ὁ
2888 3049 3160 3129 βασιλεὺς,
3232 3048 3317 3106 διὰ
3343 3048 3397 3106 δὲ
3456 3051 3575 3113 τοὺς
3652 3048 3835 3129 ὅρκους

2178 3140 2439 3203 καὶτοὺς
2536 3140 3005 3216 συνανακειμένους
3090 3138 3331 3197 ἐκέλευσε
3418 3137 3652 3211 δοθῆναι,
3746 3142 3834 3195 καὶ

2181 3228 2422 3309 πέμψας,
2482 3229 2836 3310 ἀπεκεφάλισε
2915 3232 3004 3286 τὸν
3060 3228 3313 3295 Ἰωάννην
3372 3228 3424 3284 ἐν
3480 3234 3550 3303 τῇ
3594 3226 3837 3307 φυλακῇ,

2182 3320 2269 3373 καὶ
2320 3319 2525 3397 ἠνέχθη
2586 3321 2637 3399 ἡ,
2666 3317 2872 3399 κεφαλὴ
2906 3322 3062 3377 αὺτοῦ
3092 3317 3177 3374 ἐπὶ
3220 3318 3427 3398 πίνακι,
3459 3318 3545 3373 καὶ
3578 3316 3730 3383 ἐδόθη
3760 3325 3837 3392 τῷ

2180 3409 2433 3485 κορασίῳ,
2488 3410 2575 3463 καὶ
2627 3406 2817 3485 ἤνεγκε
2877 3415 2946 3484 τῇ
3006 3409 3168 3486 μητρὶ
3227 3409 3413 3472 αὐτῆς.
3453 3407 3553 3464 Καὶ
3608 3407 3842 3485 προσελ-

2181 3496 2359 3558 θόντες
2414 3499 2461 3551 oi
2519 3500 2747 3570 μαθηταὶ
2802 3499 2981 3576 αὒτοῠ,
3041 3497 3174 3575 ἦραν
3225 3498 3286 3552 τὸ
3330 3500 3484 3570 σῶμα
3523 3498 3612 3551 καὶ
3643 3495 3841 3572 ἔθαψαν

2182 3585 2329 3645 αὔτό,
2394 3608 2421 3638 ι
2486 3583 2759 3655 Ἐλυπήθη
2845 3584 2929 3642 διὰ
2982 3586 3080 3652 τὴν
3128 3586 3345 3663 ἀρετὴν,
3417 3586 3681 3660 Θαυμάζει
3741 3587 3841 3665 γὰρ

2179 3674 2370 3752 ἀρετὴν
2425 3676 2513 3730 καὶ
2583 3673 2858 3749 πολέμιος·
2928 3673 3075 3749 ὅμως
3107 3672 3193 3729 διὰ
3229 3675 3349 3738 τοὺς
3393 3671 3607 3753 ὅρκους,
3662 3672 3837 3730 δίδωσι

2877 3765 3240 3838 Μανθάνωμεν
3296 3760 3352 3818 δὲ
3408 3765 3668 3836 ἐντεῦθεν,
3756 3762 3835 3819 ὅτι

2204 3874 2316 3907 στιν
2370 3851 2456 3907 ὅτε
2530 3867 2772 3932 κρεῖττον
2800 3855 3097 3931 ἐπιορκεῖν,
3132 3852 3169 3920 ἢ
3198 3850 3284 3907 διὰ
3337 3852 3458 3915 τοὺς
3491 3850 3676 3930 ὅρκους
3706 3852 3838 3907 ἀσε-

2200 3942 2254 4007 ἑς
2307 3965 2354 3998 τι
2412 3956 2613 4001 ποιεῖν.
2693 3942 2899 4023 Ἐτάφη
2931 3942 2985 3997 δὲ
3032 3945 3094 3998 τὸ
3139 3948 3295 4018 σῶμα
3325 3948 3417 3999 τοῦ
3448 3950 3744 3999 Βαπτιστοῦ
3774 3942 3829 3999 ἐν

2208 4039 2243 4108 ᾗ
2286 4030 2532 4108 Σεϐαστῇ
2582 4034 2888 4111 Καισαρείᾳ’
2954 4034 2983 4100 ἱ,
3041 4031 3095 4088 δὲ
3151 4033 3300 4107 τιμία
3370 4032 3527 4088 αὐτοῦ
3595 4032 3834 4112 κεφαλὴ,

436 4123 555 4185 bile
587 4133 782 4183 autem
814 4124 944 4202 ejus
975 4134 1148 4204 caput
1181 4126 1432 4204 primum
1468 4128 1523 4187 in
1560 4127 1832 4189 Emesam
1868 4132 2087 4210 reposi-

2195 4127 2245 4178 το
2311 4129 2519 4201 πρῶτον
2575 4124 2831 4189 κατετέθη
2889 4124 2961 4187 εἰς
3061 4112 3338 4195 ”Εμεσαν,
3414 4124 3512 4179 Καὶ
3598 4121 3839 4186 ἐλθόντες

443 4221 570 4273 tum
599 4212 731 4273 fuit.
771 4238 794 4267 «
834 4212 1248 4294 Abieruntque
1281 4226 1338 4276 et
1370 4218 1859 4279 renuntiaverunt
1888 4209 2092 4281 Jesu.»

2195 4210 2519 4289 ὶπήγγειλαν
2576 4216 2652 4284 τῷ
2699 4210 2899 4277 Ἰησοῦ.
2961 4212 3019 4269 Τί
3074 4209 3410 4288 ἀπήγγειλαν
3467 4216 3545 4285 τῷ
3599 4210 3777 4278 Ἰησοῦ
3820 4231 3837 4289 ς

438 4301 589 4375 Quid
624 4301 1196 4367 annuntiantJesu‘?
1250 4324 1365 4365 non
1412 4307 1569 4386 quod
1624 4316 1891 4368 mortuus
1941 4320 2100 4373 esset

2195 4305 2299 4380 ὒύχ
2352 4298 2431 4356 δ’τι
2489 4300 2743 4358 ἀπέθανεν
2807 4299 3077 4367 Ἰωάννης·
3112 4303 3173 4356 τὸ
3202 4302 3305 4378 γὰρ
3336 4300 3471 4356 κατὰ
3524 4301 3616 4357 τὸν
3649 4300 3839 4357 ἰωαν-

434 4390 720 4471 Joannes,
754 4410 889 4451 nam
924 4392 977 4451 id
1005 4391 1158 4453 fama
1184 4385 1445 4455 subinde,
1469 4395 1767 4470 attulerat,
1802 4397 1905 4457 sed
1934 4399 2091 4478 quod

2195 4412 2278 4455 νην
2335 4387 2577 4468 διήγημα
2642 4390 2964 4469 παρενετὲοη
3009 4388 3195 4464 μέσον
3230 4385 3351 4443 ἀλλ’
3385 4386 3466 4443 ὅτι
3519 4389 3547 4443 6
3597 4385 3840 4467 Ἦρὼδης

435 4478 704 4542 Herodes
732 4482 805 4542 de
823 4479 968 4542 Jesu
1003 4481 1248 4553 diceret,
1286 4486 1443 4564 quod
1474 4483 1735 4547 Joannes
1779 4476 1969 4551 esset:

2195 4477 2311 4557 ,ἐγει
2342 4482 2460 4558 περὶ
2492 4482 2650 4536 αὐτοῦ
2691 4483 2765 4543 ὡς
2804 4480 3069 4546 Ἰωάννης
3103 4478 3234 4536 ἐστί.

519 4569 679 4632 Vens
714 4570 924 4633 l3.«[d
957 4589 1091 4632 cum
1115 4572 1598 4655 audissetJesus,
1632 4577 1880 4638 secessit
1928 4576 2095 4641 illinc

2266 4588 2295 4626 α
2354 4572 2449 4626 Καὶ
2487 4568 2713 4631 ἀκούσας
2787 4570 2815 4625 ὁ
2848 4570 3076 4645 Ἰησοῦς,
3142 4568 3490 4647 ἀνεχώρησεν
3543 4566 3749 4625 ἐκεῖθεν
3785 4568 3839 4626 ἐν

436 4661 493 4721 in
521 4661 653 4721 navi
680 4659 752 4720 ad
785 4659 1087 4721 desertum
1114 4662 1306 4723 locum
1333 4665 2094 4741 si:0rsim.»Secedit{Jesus

2195 4659 2346 4733 τλοίῳ
2362 4659 2433 4722 εἰς
2456 4657 2658 4737 ἔρημον
2684 4658 2849 4715 τόπον
2871 4660 2986 4715 κατ’
3011 4656 3161 4715 ἰδίαν.
3196 4678 3225 4716 ι
3251 4658 3556 4737 Ἀναχωρεῖ
3584 4660 3613 4713 ὁ
3634 4655 3839 4725 Ἰησοὺς

434 4757 673 4830 propter
704 4748 955 4811 Herodis
1002 4751 1413 4821 homicidium,
1449 4754 1675 4815 docens
1707 4775 1813 4815 nos
1854 4737 2094 4837 quoque

2195 4749 2259 4804 ἷιὰ
2288 4749 2385 4815 τὴν
2420 4737 2653 4825 Ἠρὼδου
2717 4749 3049 4828 μιαιφονίαν,
3096 4746 3355 4804 διδάσκων
3413 4751 3501 4805 καὶ
3556 4749 3701 4822 ἡμᾶς
3759 4748 3836 4823 μὴ

436 4858 511 4900 ne
540 4838 892 4917 objiciamus
918 4839 1192 4920 nosipsos
1229 4851 1452 4903 temere
1480 4842 1537 4902 in
1564 4835 1918 4923 pericula,et
1945 4835 2096 4907 inte-

2195 4839 2372 4893 ltﬁtEtV
2444 4837 2658 4901 ἑαυτοὺς
2688 4843 2969 4917 προφανῶς
2998 4842 3071 4901 είς
3102 4836 3390 4900 κινδὺνους.
3427 4839 3524 4894 Καὶ
3564 4835 3675 4913 ἅμα
3743 4836 3836 4893 ἵνα

433 4928 546 4987 rim
574 4947 649 4989 ne
678 4928 947 4989 videatur
969 4930 1137 5007 juxta
1168 4922 1576 5010 apparentiam
1626 4942 1848 4994 tantum
1887 4935 2091 4995 incar-

2195 4927 2255 4993 ιη
2284 4923 2408 5002 δόξῃ
2438 4928 2573 4982 κατὰ
2604 4927 2890 5005 φαντασίαν
2922 4922 3395 5025 σαρκωθηναι,“διὰ
3438 4932 3592 4981 τοῦτο
3617 4924 3837 5005 ἀναχω-

436 5027 630 5097 natus,
678 5006 993 5098 propterea
1037 5006 1283 5081 secedit.
1321 5022 1381 5084 Si
1415 5022 1575 5083 enim
1625 5026 1912 5085 tenuisset
1954 5042 2089 5085 eum

2195 5029 2284 5077 δεῖ.
2320 5016 2377 5071 Εἰ
2420 5037 2520 5092 γαρ
2564 5015 2858 5089 ἐκράτησεν
2890 5017 3095 5072 αὒτὸνό
3142 5006 3409 5093 Ἠραδης,
3473 5014 3834 5111 ἐπεχείρησεν

429 5107 721 5180 Herodes,
748 5116 1003 5168 conatus
1034 5108 1243 5169 l‘nisset
1278 5110 1447 5170 illum
1480 5111 1798 5172 occidere:
1828 5122 1885 5173 et
1907 5111 2089 5188 si,co-

2195 5106 2242 5162 'iv
2269 5103 2502 5161 ἀνελεῖν
2535 5104 2934 5184 ἐπιχειροῦντος
2973 5102 3027 5160 δὲ
3065 5102 3299 5179 ἆνελεῖν,
3335 5102 3425 5158 ἐὰν
3451 5102 3510 5158 ἐκ
3532 5102 3708 5177 μέσων
3726 5108 3833 5159 τῶν

436 5204 613 5258 nante
630 5197 741 5257 hoc
764 5194 1208 5267 Herode,Jesus
1232 5200 1495 5280 seipsum
1526 5220 1557 5261 e
1585 5201 1798 5262 mediis
1817 5202 2102 5282 periculis

2195 5193 2432 5253 ιινδύνων
2497 5194 2786 5274 ἐξήρπασεν
2845 5196 3028 5251 ἑαυτὸν
3057 5195 3085 5251 ὀ
3135 5194 3363 5273 Ἰησοῦς,
3396 5190 3479 5248 διὰ
3534 5193 3597 5248 τὸ
3663 5193 3833 5266 μήπω

437 5286 856 5367 eripuisset,eo
872 5284 1025 5364 quod
1050 5288 1310 5349 nondum
1328 5288 1588 5351 instabat
1606 5280 1843 5370 tempus
1866 5292 2094 5371 mortis,

2195 5284 2428 5352 ἐνστῆναι
2486 5286 2577 5340 τὸν
2633 5286 2813 5363 καιρὸν
2846 5284 2937 5341 τοῦ
2963 5284 3207 5361 θανάτου,
3243 5281 3412 5348 ἔδοξεν
3441 5280 3503 5337 ἄν
3547 5280 3832 5359 φάντασμα

1522 5421 1606 5483 Ex
1637 5422 1925 5487 collation
1953 5426 2167 5490 ecodd.
2196 5425 2411 5486 Venel-
2445 5419 2505 5482 S.
2544 5417 2747 5482 Marci-

517 5555 634 5639 t20)
662 5550 815 5639 ϐοά..
840 5550 945 5639 29,
977 5552 1237 5629 ”Ωμοσεν
1268 5557 1320 5635 ὃ,
1349 5557 1438 5611 ἐὰν
1464 5557 1763 5637 ὀρχήσαιτο
1788 5558 1967 5625 δεξιῶς
2001 5563 2105 5618 αίτι

2199 5582 2280 5616 tto
2311 5556 2512 5621 δοῦναι.
2556 5581 2585 5614 α
2617 5558 2865 5639 Iuravit,
2914 5557 2967 5619 si
2998 5556 3301 5636 eleganter
3329 5549 3601 5634 saltaret,
3634 5556 3827 5632 quid-

440 5638 581 5722 qnid
610 5633 867 5719 petierit,
905 5634 1177 5695 daturum
1208 5633 1313 5711 se,”
1337 5660 1363 5691 κ
1400 5633 1513 5699 etc.
