4118 6220
507 271 622 336 299

1465 273 2056 340 THEOPHYLACTI
2098 270 2509 341 BULGARI/E
2551 270 2905 342 ABBHIEP.

3756 258 3873 332 300

506 412 598 465 cat
628 414 683 465 et
706 406 919 485 pisces,
953 413 1015 467 ut
1045 406 1315 469 ostendat
1344 407 1499 489 quod
1531 410 1658 490 ipse
1690 408 1764 470 sit
1792 408 1889 489 qui
1923 414 2139 469 terram

2235 409 2305 465 ἔτι
2378 390 2532 477 αὐτὸς
2579 415 2721 470 ἔστιν
2752 414 2779 468 ὁ
2849 412 2949 491 γῆς
3005 412 3093 468 καὶ
3146 408 3418 477 θαλάσσης
3517 403 3873 482 Δημιουργδς.

508 501 568 553 et
592 511 753 557 mare
772 495 1191 577 condiderit,et
1212 515 1418 559 omnes
1437 497 1808 579 cibi,quibus
1829 496 2147 569 vescimur,

506 581 578 642 ab
609 581 737 663 ipso
768 583 940 645 nobis
983 583 1288 661 dentur,et
1318 605 1427 664 per
1447 586 1639 667 ipsum
1662 585 2148 666 multiplicentur.

505 669 794 734 Caeterum
818 674 875 734 in
908 674 1142 735 deserto
1171 675 1235 735 ﬁt
1265 676 1635 744 miraculum,
1674 694 1748 735 ne
1777 675 1909 755 quis
1939 675 2152 754 Opine-

508 769 603 821 tur
628 781 659 823 e
691 762 922 823 civitate
952 763 1144 823 vicina
1173 772 1404 844 emptos
1431 782 1633 844 panes,
1669 762 2152 842 multitudinique

509 850 973 924 distributos;75
996 852 1298 914 desertum
1333 852 1491 914 enim
1526 860 1736 915 erattet
1766 853 1877 913 hoc
1908 852 2150 932 quidem

507 941 836 1003 secundum
862 941 1377 1003 historiam.Juxta
1410 960 1717 1021 anagogen
1742 949 1936 1003 autem
1963 940 2146 1002 disce.

507 1028 817 1111 Postquam
852 1031 1142 1107 Herodes,
1178 1031 1291 1092 hoc
1342 1037 1456 1112 est,
1491 1031 1744 1093 carnalis
1792 1039 1851 1093 et
1903 1030 2152 1110 pellicea

510 1137 678 1180 mens
705 1118 1158 1199 Judmorumﬁta
1187 1121 1343 1181 enim
1381 1120 1643 1182 Herodes
1670 1118 1863 1198 sonat)
1882 1118 2147 1181 decolla-

507 1208 585 1267 vit
612 1208 927 1282 Joannem,
966 1208 1383 1288 prophetarum
1418 1210 1737 1291 caput,hoc
1765 1208 1957 1281 est,de
1974 1208 2147 1270 Chri-

509 1306 598 1359 sto
624 1296 1085 1377 praadicentibus
1107 1316 1225 1358 non
1252 1298 1949 1370 credidit,seceditlesus
1969 1297 2029 1357 in
2053 1296 2151 1359 de-

508 1396 727 1447 sertum
761 1386 979 1463 locum,
1000 1385 1072 1446 ad
1104 1394 1310 1465 gentes
1339 1406 1372 1447 a
1401 1386 1521 1449 Deo
1553 1387 1946 1461 dcstitutas,et
1968 1404 2147 1448 sana-

506 1478 587 1539 vit
617 1480 882 1540 infirmas
904 1478 1155 1554 animas,
1190 1486 1249 1540 et
1276 1479 1491 1541 deinde
1516 1480 1669 1559 pavit
1701 1498 1821 1541 eas.
1847 1482 1999 1544 Nam
2030 1477 2146 1538 nisi

505 1569 806 1630 remiserit
834 1567 1007 1628 nobis
1044 1575 1307 1648 peccata,
1343 1577 1399 1631 et
1445 1569 1738 1630 sanaverit
1768 1568 2007 1629 morbos
2042 1585 2148 1647 per

507 1657 1016 1739 baptismum,non
1050 1665 1248 1737 pascet
1274 1676 1381 1718 nos
1414 1657 1835 1719 communione
1864 1655 2144 1735 impollu-

2228 500 2318 555 καὶ
2349 500 2430 557 ὅτι
2495 501 2535 556 ἅ·
2585 499 2701 558 καθ’
2763 501 2994 569 ἑκάστην
3051 500 3311 579 έσθίομεν,
3408 498 3565 554 αὐτοῦ
3650 492 3877 553 διδόντος

2234 591 2490 671 έσθίομεν,
2564 592 2652 649 καὶ
2707 590 2796 646 ὑπ’
2853 591 3011 648 αὐτοῦ
3092 590 3466 657 πληθύνονται*
3545 585 3598 641 έν

2233 677 2287 734 δὲ
2341 683 2404 737 τὸ
2468 669 2665 757 θαῦμα,
2744 682 2818 743 ὡς
2878 679 2942 736 ἀν
2984 681 3061 756 μὴ
3091 680 3280 755 νομίσῃ
3328 698 3430 752 τις,
3459 674 3539 731 ὅτι
3570 674 3631 729 lx
3673 669 3876 730 πόλεως

2234 769 2466 847 γείτονος
2525 772 2758 850 ἠγόρασε
2828 769 2949 833 τοὺς
3034 767 3243 849 ἄρτους,
3346 767 3434 821 καὶ
3518 762 3745 837 διένειμε
3782 758 3877 850 ,τῷ

2235 859 2449 934 πλήθει,
2513 857 2711 937 ἔρημος
2743 860 2842 937 γὰρ
2899 857 2985 924 ἧν·
3019 858 3108 913 καὶ
3165 856 3303 913 οὕτω
3332 855 3431 931 μὲν
3458 850 3579 937 καθ’
3623 849 3871 937 ἱστορίαν.

2237 948 2383 1009 Κατὰ
2544 932 2852 1027 ἀναγωγὴν,
2946 947 3078 1022 μάθε
3129 943 3208 1002 ὅτι
3285 940 3467 1011 ἐπειδή
3528 932 3790 1020 Ἡρώδης,
3848 937 3877 989 δ

2237 1038 2479 1115 σάρκινος
2539 1038 2626 1093 καὶ
2682 1036 2989 1115 δερμάτινος
3046 1041 3152 1091 τῶν
3204 1029 3466 1090 Ἰουδαίων
3525 1036 3665 1101 νοῦς,
3726 1033 3879 1083 τοῦτο

2232 1127 2331 1206 γὰρ
2388 1117 2624 1207 Ἡρώδης
2685 1126 3051 1204 ἑρμηνεύεται,
3118 1120 3474 1202 ἀπεκεφάλισα
3528 1121 3618 1175 τὸν
3689 1115 3872 1173 Ἰωάν-

2232 1238 2352 1290 νην,
2410 1217 2471 1272 τὸ
2529 1222 2632 1272 τῶν
2688 1217 2973 1296 προφητῶν
3049 1212 3363 1293 κεφάλαιοο,
3431 1210 3693 1283 τουτέστι,
3759 1218 3876 1267 τοῖς
3942 1277 3957 1291 ⁸

2230 1305 2347 1381 περὶ
2400 1312 2628 1383 Χριστοῦ
2682 1305 3106 1386 προφητεὺσασιν
3164 1307 3259 1362 οὒκ
3334 1301 3657 1374 έπίστευσεν,
3745 1297 3879 1353 ἀνα-

2231 1406 2408 1475 χωρεῖ
2460 1392 2648 1451 λοιπὸν
2697 1397 2725 1451 ὁ
2783 1392 2987 1461 Ἰησοῦς
3045 1394 3118 1456 είς
3194 1390 3393 1470 ἔρημον
3450 1392 3637 1469 τόπον,
3697 1388 3770 1451 εἷς
3796 1386 3879 1475 ,τὰ

2232 1473 2376 1561 ἔθνη,
2451 1483 2517 1542 τὰ
2587 1481 2761 1561 ἔρημα
2815 1481 2909 1539 τοῦ
2967 1487 3122 1560 Θεοῦ,
3179 1482 3266 1537 καὶ
3322 1478 3595 1558 θεραπεύει
3632 1476 3754 1540 τοὺς
3784 1473 3874 1553 ἆῤ·

2228 1571 2455 1648 ῥώστους
2527 1572 2660 1628 κατὰ
2732 1571 2940 1652 ψυχὴν,
3014 1571 3138 1627 εἶτα
3191 1569 3279 1626 καὶ
3326 1568 3499 1647 τρέφει
3548 1569 3786 1629 τοὺτους.
3821 1563 3876 1620 Et

2230 1661 2306 1735 μὴ
2361 1661 2459 1739 γὰρ
2532 1662 2723 1740 ἀφήσει
2784 1663 2920 1734 ἡμῖν
2989 1662 3084 1724 τὰς
3117 1658 3397 1738 ἁμαρτίας,
3456 1658 3542 1713 καὶ
3571 1655 3877 1734 θεραπεὺσει

509 1756 699 1808 torum
731 1745 1165 1826 mysteriorum.
1199 1745 1406 1806 Nullus
1450 1745 1609 1807 enim
1657 1763 1775 1806 non
1824 1744 2145 1824 baptizatus

2235 1749 2322 1813 τὰς
2374 1738 2661 1827 ἂρῤωστίας
2717 1748 2801 1805 διὰ
2872 1752 2963 1807 τοῦ
2992 1748 3381 1827 βαπτίσματος,
3434 1750 3493 1804 οὒ
3519 1744 3697 1824 θρέψει
3734 1745 3875 1818 ἡμᾶς

508 1836 1063 1897 communicat.Jam
1098 1834 1360 1915 quinque
1391 1834 1575 1896 millia
1604 1833 1840 1912 signant
1871 1850 1973 1894 eos
2001 1850 2148 1913 quo-

507 1943 640 1986 rum
669 1924 933 2005 quinque
967 1941 1175 1983 sensus
1215 1924 1366 1985 male
1397 1924 1587 1986 aﬂ‘ecti
1618 1931 1808 2003 erant,
1839 1930 1898 1983 et
1926 1921 2025 2002 qui
2049 1938 2153 2001 per

509 2015 773 2094 quinque
803 2030 985 2093 panes
1007 2020 1312 2073 curantur.
1341 2013 1513 2075 Enim
1561 2030 1699 2074 vero
1730 2014 1866 2093 quia
1890 2011 2152 2092 quinque

510 2120 721 2164 sensus
751 2099 1221 2175 infirmabantur,
1256 2110 1398 2180 quot
1429 2103 1619 2183 plagae
1649 2112 1841 2176 erant,
1876 2108 1958 2161 tot
1984 2108 2152 2162 erant

510 2200 567 2253 et
579 2190 917 2269 emplastra.
928 2190 1055 2251 Duo
1071 2207 1212 2250 vero
1227 2189 1441 2269 pisces,
1452 2190 1804 2271 piscatorum
1818 2206 2146 2251 sermones.

508 2283 671 2341 Unus
729 2277 932 2359 piscis,
985 2274 1405 2354 Evangelium;
1464 2278 1613 2339 alius
1673 2278 1894 2358 piscis,
1950 2280 2149 2358 Apos-

511 2370 684 2431 tolus.
738 2365 983 2439 Quidam
1038 2366 1299 2446 quinque
1358 2386 1584 2447 panes,
1646 2367 1906 2448 quinque
1964 2367 2151 2427 libros

508 2461 720 2541 Moysis
762 2457 1205 2533 intellexerunt,
1262 2456 1565 2530 Genesim,
1623 2457 1914 2533 Exodum,
1976 2456 2147 2517 Levi-

510 2548 712 2625 ticum,
741 2551 1061 2625 Numeros,
1087 2544 1631 2608 Deuteronomium.
1667 2545 1988 2608 Duodecim
2038 2563 2148 2606 au-

510 2649 627 2701 tem
692 2633 933 2714 cophini
990 2632 1229 2694 fuerunt
1285 2634 1499 2696 sublati
1575 2634 1649 2696 ab
1718 2633 2041 2715 apostolis,
2093 2639 2152 2693 et

512 2724 746 2806 portati.
802 2723 1185 2801 Quaecunque
1240 2724 1402 2785 enim
1463 2743 1570 2785 nos
1620 2722 1806 2784 tursz
1862 2722 2149 2785 comede-

507 2834 610 2897 re,
670 2815 783 2875 hoc
855 2820 979 2885 est,
1047 2810 1382 2890 intelligere
1452 2808 1571 2875 non
1649 2813 1987 2894 potuimus,
2044 2830 2150 2872 eo-

509 2925 641 2969 rum
697 2900 949 2983 apostoli
1001 2916 1245 2979 capaces
1320 2910 1627 2982 portarunt
1682 2910 1739 2963 et
1800 2900 2149 2963 diviserunt.

509 3000 731 3059 Praeter
779 2988 1065 3050 mulieres
1100 3003 1169 3049 ac
1230 2990 1502 3069 parvulos
1563 3008 1576 3052 :
1632 2989 1885 3069 exigitur
1925 2989 2086 3051 enim
2119 3007 2154 3050 a

2229 1843 2299 1913 τῇ
2357 1836 2634 1913 μεταδόσει
2695 1841 2800 1894 τῶν
2870 1839 3154 1918 ἀχράντων
3215 1837 3538 1915 μυστηρίων.
3572 1831 3752 1897 Οὐδεὶς
3780 1831 3879 1909 γὰρ

2232 1923 2552 1992 ἀϐάπτιστος
2613 1925 3030 2002 μεταλαμϐάνει,
3094 1923 3523 2005 Πεντακισχίλιοι
3553 1919 3634 1998 δί,
3680 1924 3727 1977 οἳ
3781 1920 3875 1984 τὰς

2232 2014 2388 2071 πέντε
2455 2016 2723 2086 αἰσθήσεις
2794 2023 2970 2080 κακῶς
3027 2014 3372 2091 διακείμενοι,
3433 2013 3489 2070 οἵ
3520 2014 3608 2069 καὶ
3639 2008 3723 2067 διὰ
3772 2013 3876 2064 τῶν

2233 2103 2390 2160 πέντε
2463 2102 2633 2182 ἀρτων
2660 2107 3051 2183 θεραπεύονται.
3112 2102 3259 2163 Ἐπεὶ
3314 2106 3413 2184 γὰρ
3440 2105 3491 2159 αἱ
3539 2102 3697 2178 μέντε
3757 2099 3876 2154 αἰσ-

2231 2195 2410 2263 θήσεις
2466 2194 2700 2270 ένόσουν,
2761 2198 2878 2252 ὃσαι
2937 2199 2987 2252 αἱ
3067 2194 3295 2274 πληγαὶ,
3371 2199 3621 2250 τοσαῦται
3679 2189 3765 2247 καὶ
3824 2188 3876 2241 αἱ

2234 2280 2579 2362 ἕμπλαστροι,
2646 2285 2749 2342 Δύο
2796 2283 2850 2340 δὲ
2906 2285 3109 2365 ἷχθὺες,
3172 2285 3219 2340 οἱ
3289 2286 3394 2340 τῶν
3446 2280 3639 2339 ἀλιέων
3696 2278 3875 2355 λόγοι.

2237 2371 2331 2433 Εἷς
2389 2373 2539 2451 ἰχθὺς
2582 2375 2643 2429 τὸ
2675 2373 3019 2453 Εὖαγγὲλιον,
3051 2373 3229 2454 ἕτερος
3276 2373 3428 2454 ἰχθὺς
3464 2374 3492 2428 ὁ
3524 2366 3880 2430 Ἀπόστολος.

2234 2460 2381 2525 Τινὶς
2433 2459 2489 2516 8‘:
2541 2462 2695 2518 πέντε
2752 2461 2959 2540 ἄρτους,
3018 2464 3116 2531 τὴν
3177 2463 3538 2541 Πεντάτευχον
3588 2468 3681 2517 τοὺ
3746 2464 3877 2513 Μω-

2234 2547 2367 2611 σέως
2424 2549 2670 2627 ἐνόησαν,
2731 2552 2963 2634 Γένεσιν,
3036 2550 3291 2625 ⁴¹Εξοδον,
3340 2552 3637 2623 Λευιτικὸν,
3697 2546 3877 2627 Ἀριθ-

2233 2637 2388 2712 μοὺς,
2454 2642 2885 2717 Δευτερονόμιον,
2949 2642 3163 2700 Δώδεκα
3239 2639 3294 2697 δὲ
3363 2641 3566 2722 κόφινοι
3623 2640 3758 2707 ἦσαν
3831 2640 3877 2694 οἱ

2235 2724 2475 2808 ἀρθέντες
2532 2730 2633 2785 ὑπὸ
2688 2735 2795 2786 τῶν
2862 2730 3172 2789 ἀποστόλων
3271 2731 3360 2788 καὶ
3461 2729 3874 2808 βασταχθέντες,

2237 2803 2384 2872 ιὈσα
2439 2818 2539 2896 γὰρ
2595 2821 2759 2895 ἡμεῖς
2817 2822 2865 2876 οἱ
2894 2818 3074 2899 ὄχλοι,
3108 2822 3168 2877 οὒ
3196 2803 3701 2899 δυνάμεθα-φαγεέν,
3732 2839 3878 2873 τουτ-

2234 2901 2369 2983 έστι,
2427 2910 2637 2983 νοῆσαι,
2708 2916 2871 2966 ταῦτα
2926 2911 2973 2965 οἶ
3056 2906 3342 2965 ἀπόστολοι
3423 2905 3716 2964 ἆόάστασαν
3790 2907 3877 2962 καὶ

2234 2990 2540 3071 ἰχώρησαν.
2596 2998 2766 3077 Χωρὶς
2818 2995 2873 3053 δὲ
2957 3003 3219 3077 γυναικῶν
3290 2998 3376 3055 καὶ
3436 2995 3680 3071 παιδίων,
3733 2993 3878 3051 οὐδὲν

508 3082 842 3149 Christiano
897 3096 972 3138 ne
1029 3076 1169 3155 quid
1228 3063 1457 3159 puerile
1509 3079 1599 3141 vel
1663 3063 1955 3140 muliebre
2032 3095 2145 3157 prae

2237 3063 2361 3159 γάρ’
2392 3082 2652 3152 νηπιῶδες
2689 3063 2744 3155 ’ἢ
2819 3063 3121 3166 γυναικεῖον
3155 3087 3244 3144 καὶ
3291 3084 3540 3162 ἂνανδρον
3569 3063 3875 3141 ἀπαιτετται

507 3178 785 3327 865:1:
837 3263 936 3326 22.
989 3288 1016 3319 ι
1062 3263 1131 3324 Et
1178 3261 1369 3322 statim
1437 3256 1626 3336 coegit
1677 3257 1851 3320 Jesus
1900 3255 2155 3336 discipu-

509 3356 597 3416 los
651 3373 789 3415 suos
847 3355 1070 3415 intrare
1122 3352 1184 3412 in
1245 3349 1481 3423 navim,
1541 3355 1598 3409 et
1676 3344 2016 3427 praecedere
2091 3363 2155 3406 se

506 3442 566 3503 in
638 3442 982 3504 ulteriorem
1057 3443 1289 3520 ripam,
1356 3438 1547 3499 donec
1620 3434 1943 3496 dimisisset
2018 3442 2144 3494 tur-

506 3530 632 3592 bas.
668 3553 696 3591 ι
763 3531 836 3593 Ut
892 3528 1254 3607 signiﬁcaret
1294 3544 1470 3608 quam
1532 3522 1810 3585 indivulsi
1859 3530 2060 3583 essent
2116 3540 2151 3582 a

502 3620 755 3683 Domino
809 3618 1110 3700 discipuli,
1142 3617 1311 3693 dixit,
1348 3615 1575 3693 Coegit,
1618 3628 1856 3692 semper
1880 3610 2060 3700 enim
2094 3610 2151 3672 ei

500 3710 711 3771 adesse
770 3697 1066 3770 volebant.
1096 3697 1372 3768 'Dimittit
1427 3712 1628 3765 autem
1677 3708 1732 3762 et
1781 3697 2010 3779 turbas,
2034 3718 2147 3760 no-

500 3799 631 3860 lens
661 3799 817 3879 ipsas
850 3795 1154 3876 subsequi,
1191 3812 1267 3856 ne
1297 3792 1650 3872 arrogantia;
1698 3786 2001 3851 studiosus
2056 3788 2147 3848 vi-

500 3886 763 3949 deretur.

579 3978 762 4038 Vens.
800 3978 903 4049 23,
936 3972 1036 4035 24.
1077 3995 1104 4027 α
1137 3971 1210 4033 Et
1238 3970 1501 4032 dimissis
1546 3968 1755 4045 turbis,-
1790 3972 2060 4035 ascendit
2085 3973 2146 4036 in

503 4074 764 4127 montem
778 4063 850 4125 ad
870 4060 1157 4123 orandum
1191 4060 1631 4121 seorsum.Cum
1652 4068 1848 4121 autem
1880 4061 2148 4124 advenis-

501 4162 591 4215 set
614 4153 1052 4234 vespera,solus
1083 4156 1207 4211 erat
1235 4147 1380 4208 illic.
1417 4146 1702 4209 (laterum
1734 4150 1898 4212 navis
1921 4152 2044 4231 jam
2076 4152 2139 4213 in

499 4245 699 4307 medio
724 4245 904 4307 maris
936 4249 1146 4313 erat,et
1176 4239 1570 4301 afﬂictabatur
1589 4258 1623 4300 a
1652 4240 1966 4304 ﬂuctibus:
2003 4263 2137 4306 nam

2237 3171 2265 3223 ὁ
2297 3174 2606 3248 Χριστιανὸς
2633 3173 2801 3255 ἔχειν.

2324 3280 2347 3314 ε
2385 3263 2484 3318 Καὶ
2541 3262 2726 3331 εὒθέως
2782 3265 3085 3345 ἠνάγκασεν
3139 3266 3167 3322 ὁ
3212 3264 3419 3333 Ἰησοῦς
3471 3265 3593 3329 τοὺς
3638 3264 3876 3340 μαθητὰς

2238 3349 2399 3406 αὖτοῦ
2443 3348 2672 3426 ὶμϐἧναι
2728 3355 2800 3417 είς
2870 3356 2933 3412 τὸ
2988 3354 3205 3434 πλοῖον,
3267 3356 3356 3412 καὶ
3398 3355 3651 3434 προάγειν
3722 3355 3877 3414 αὐτὸν

2237 3436 2311 3522 εἰς
2378 3439 2440 3494 τὸ
2490 3439 2676 3519 πέραν,
2738 3440 2840 3506 ἕως
2900 3443 2959 3501 οὗ
3016 3442 3255 3520 ἀπολύσῃ
3306 3444 3423 3508 τοὺς
3467 3441 3689 3522 ὄχλους.
3744 3465 3773 3499 ε
3809 3444 3880 3501 Τὸ

2231 3520 2667 3610 δυσαπόσπαστον
2724 3532 3083 3610 αἰνιττόμενος
3138 3539 3243 3590 τῶν
3302 3520 3580 3609 μαθητῶν,
3638 3532 3764 3589 εἶπε
3818 3533 3879 3587 τὸ

2232 3609 2582 3702 ἶΗνάγκασεν,
2644 3618 2831 3687 ἤθελον
2899 3609 3000 3702 γὰρ
3029 3622 3108 3679 ἀεὶ
3158 3621 3300 3695 αὖ»τῷ
3340 3634 3596 3683 συνεῖναι.
3630 3619 3879 3679 ’Λπσλύει

2228 3699 2289 3792 δέ
2340 3704 2461 3792 τοῖος
2532 3706 2754 3791 ὄχλους,
2825 3710 2885 3769 οὒ
2913 3699 3078 3769 θέλων
3148 3712 3476 3792 έπισύρεσθαι
3520 3711 3732 3787 αὐτοὺς,
3784 3711 3877 3767 ’ίνα

2231 3790 2309 3865 μὴ
2345 3790 2470 3871 δόξῃ
2498 3790 2859 3876 φιλόκομπος,

2316 3993 2347 4061 ιι
2382 3974 2482 4061 Καὶ
2528 3975 2795 4043 ἀπολύσας
2843 3980 2966 4043 τοὺς
3025 3978 3248 4061 ὄχλους,
3307 3976 3469 4048 ἀνέϐη
3526 3981 3598 4046 είς
3638 3981 3701 4036 τὸ
3755 3978 3875 4060 ὅρος

2229 4057 2350 4147 κατ’
2409 4060 2539 4120 ἰδίαν
2595 4064 2996 4144 προσεύξασθαι·
3029 4057 3184 4145 ὁιιξίας
3253 4066 3307 4125 δί
3338 4069 3654 4147 γενομένης,
3712 4057 3874 4145 μόνος

2227 4145 2293 4243 ᾖν
2365 4149 2500 4243 εχιτ·
2561 4155 2624 4211 τὸ
2681 4153 2735 4212 δι
2787 4155 2979 4216 πλοῖον
3009 4156 3111 4226 ἤδη
3156 4158 3319 4233 μέσον
3346 4145 3444 4225 τῆς
3477 4156 3750 4225 θαλάσσης
3777 4159 3873 4243 ἦν.

2224 4235 2638 4327 βασανιζόμενον
2698 4246 2800 4302 ὑπὸ
2857 4252 2965 4302 τῶν
3037 4246 3307 4323 κυμάτων,
3358 4246 3425 4315 ἧν
3473 4249 3573 4327 γὰρ
3643 4235 3874 4312 ίναντίοξ

495 4344 705 4398 ventus
756 4342 881 4395 erat
922 4333 1226 4393 adversus.
1297 4353 1320 4386 ι)
1377 4327 1711 4391 Ostendens
1768 4331 1939 4393 nobis
1985 4334 2142 4415 quod

2235 4327 2253 4381 5
2323 4326 2538 4406 ἄνεμος.
2602 4355 2631 4388 ε
2698 4336 2961 4392 Δεικνὺων
3020 4337 3158 4413 ἡμῖν
3228 4334 3309 4392 ὅτι
3351 4332 3437 4392 δεῖ
3465 4326 3875 4415 ἀπερισπάστως

495 4432 764 4505 oporteat
818 4422 1039 4501 absque
1079 4417 1461 4480 distractione
1510 4419 1722 4480 mentis
1765 4410 2020 4501 precari,
2071 4423 2133 4485 in

2235 4420 2638 4499 προσεύχεσθαι,
2688 4424 2763 4486 εἰς
2819 4426 2881 4480 τὸ
2938 4410 3072 4503 ὅρος*
3114 4423 3407 4505 ἀναϐαίνει,
3455 4410 3627 4482 πάντα
3656 4426 3757 4505 γᾶρ
3806 4421 3876 4481 δι’

497 4522 756 4575 montem
790 4510 1057 4573 ascendit
1088 4530 1101 4571 :
1132 4508 1330 4569 omnia
1360 4508 1517 4571 enim
1549 4520 1798 4589 propter
1838 4530 1943 4572 nos
1976 4512 2128 4587 facit,

2235 4514 2358 4582 δμᾶς
2415 4522 2584 4581 ποιεῖ,
2644 4512 2704 4568 οὖ
2759 4512 2860 4592 γὰρ
2917 4513 3068 4578 αὔεὸς
3125 4512 3298 4572 έδεῐτο
3337 4519 3670 4595 προσευχῆς.
3747 4523 3864 4579 Eu):

496 4621 691 4684 neque
714 4601 871 4665 enim
893 4600 1023 4680 ipse
1050 4596 1326 4678 precibus
1378 4615 1528 4676 opus
1560 4596 1757 4659 habet.
1815 4600 2011 4680 Usque
2059 4601 2135 4663 ad

491 4711 801 4772 vesperam
834 4699 1030 4751 autem
1063 4696 1365 4763 precatur,
1398 4687 1621 4748 docens
1676 4688 1829 4767 quod
1867 4708 1975 4751 nos
2015 4711 2131 4753 non

491 4785 685 4845 statim
716 4780 788 4842 ab
821 4776 1187 4842 orationibus
1217 4776 1526 4837 discedere
1559 4775 1904 4852 debeamus,
1947 4780 2050 4841 sed
2078 4789 2136 4842 et

490 4881 664 4932 nocte
696 4869 1064 4951 potissimum
1108 4865 1230 4927 illis
1258 4882 1493 4938 vacare,
1544 4873 1683 4926 tunc
1739 4866 1900 4927 enim
1948 4870 2138 4949 major

490 4961 680 5041 quies.
716 4956 1007 5019 Permittit
1034 4964 1233 5017 autem
1292 4952 1619 5033 discipulos
1648 4955 1708 5014 in
1758 4962 2132 5035 tempestate,

489 5069 605 5130 quo
658 5048 886 5109 discant
928 5045 1284 5106 tentationes
1332 5043 1489 5104 ferre
1536 5042 1788 5117 fortiter,
1843 5063 2135 5128 suamque

494 5144 815 5218 agnoscant
842 5136 1145 5198 virtutem.
1180 5135 1245 5196 In
1276 5131 1472 5193 medio
1503 5139 1699 5193 autem
1750 5133 1929 5195 maris
1961 5136 2132 5198 navi-

494 5228 679 5305 gium,
712 5226 911 5303 signat
942 5225 1225 5304 majorem
1249 5240 1382 5284 esse
1412 5220 1710 5284 timorem.

573 5314 952 5378 VEns.25-27
966 5360 981 5375 .
996 5336 1015 5367 ι
1030 5312 1247 5384 Quarta
1262 5319 1457 5373 autem
1476 5310 1666 5373 noctis
1685 5311 1876 5392 vigilia
1900 5314 2134 5378 abiitad

498 5405 632 5468 illos
650 5408 845 5485 Jesus,
876 5401 1186 5465 ambulans
1206 5420 1386 5483 super
1429 5409 1682 5477 mare,et
1712 5401 1812 5464 ubi
1844 5404 2133 5467 vidissent

2215 4595 2270 4652 δὲ
2326 4598 2479 4674 ὀψίας
2548 4598 2787 4681 εὔχεται,
2847 4600 3103 4664 διδάσκων
3165 4603 3313 4679 ἡμᾶς
3368 4605 3447 4680 μὴ
3496 4604 3711 4685 ταχέως
3743 4605 3873 4683 ἀφί-

2220 4690 2438 4745 στασθαι
2496 4689 2592 4757 τῆς
2664 4696 2997 4772 προσευχῆς
3074 4691 3210 4748 ἀλλὰ
3237 4694 3327 4750 καὶ
3373 4698 3474 4760 τῆς
3506 4695 3690 4756 νυκτὸς
3759 4692 3875 4768 μά-

2221 4774 2375 4833 λιστα
2440 4784 2596 4835 τοῦτο
2653 4792 2859 4857 ποιεῖν,
2891 4782 3014 4838 τότε
3042 4782 3142 4862 γὰρ
3170 4783 3370 4861 ἡσυχία
3398 4780 3594 4849 πολλὴ.
3628 4789 3874 4861 Συγχω-

2221 4879 2306 4943 ρεϊ
2360 4863 2418 4923 δὲ
2481 4869 2599 4932 τοὺς
2659 4870 2902 4945 μαθητὰς
2981 4868 3420 4947 κλυδωνισθῆναι,
3518 4869 3609 4925 ἵνα
3662 4870 3871 4944 μάθωσι

2219 4957 2470 5034 γενναίως
2522 4957 2695 5037 φέρειν
2766 4959 2884 5026 τοὺς
2941 4959 3291 5041 πειρασμοὺς,
3349 4960 3437 5017 καὶ
3485 4958 3739 5037 έπιγθῶσι
3769 4958 3874 5026 τὴν

2219 5046 2377 5102 αὐτοῦ
2448 5044 2686 5124 δύναμιν,
2747 5045 2914 5106 Ἀλλὰ
2964 5052 3053 5108 καὶ
3105 5050 3267 5127 μέσον
3332 5050 3430 5118 τῆς
3490 5046 3759 5116 θαλάσσης
3806 5049 3873 5106 τδ

2217 5134 2435 5216 πλοῖον,
2470 5139 2543 5203 ὡς
2573 5139 2787 5213 μείζονα
2817 5138 2957 5198 εἶναι
2986 5140 3077 5196 τὸν
3108 5136 3292 5220 φόϐον.

2274 5354 2275 5357 η
2305 5338 2333 5370 ι
2393 5315 2631 5395 Τετάρτῃ
2688 5314 2743 5372 δὲ
2801 5316 3011 5399 φυλακῇ
3036 5321 3136 5385 τῆς
3164 5317 3347 5381 νυκτὸς
3380 5314 3585 5385 ἀπῆλθε
3610 5316 3744 5397 πρὸς
3771 5319 3871 5373 αὖ·

2216 5404 2335 5469 τοὺς
2395 5407 2423 5460 ὁ
2473 5404 2679 5473 Ἰησοῦς
2759 5405 3061 5485 περιπατῶν
3121 5404 3205 5462 ἰπὶ
3260 5409 3360 5473 τῆς
3429 5403 3726 5474 θαλασσης⁶
3782 5414 3875 5470 καὶ

488 5514 622 5558 eum
656 5494 932 5575 discipuli
992 5511 1173 5573 super
1220 5510 1383 5554 mare
1431 5489 1858 5569 ambulantem,
1911 5495 2125 5560 turbati

2235 5492 2406 5557 δόντες
2479 5493 2639 5552 αὑτὸν
2694 5497 2741 5553 οἱ
2772 5494 3001 5571 μαθηταὶ
3031 5492 3115 5550 ἰπὶ
3172 5496 3269 5563 τὴν
3306 5492 3577 5554 θάλασσαν
3636 5515 3874 5575 περιπα-

486 5594 645 5664 sunt,
680 5585 967 5649 dicentes:
994 5584 1308 5663 Spectrum
1340 5587 1453 5656 est,
1483 5598 1550 5657 ac
1583 5597 1701 5660 pra
1733 5590 1893 5643 metu
1922 5583 2122 5646 excla-

2238 5591 2418 5659 οὖντα,
2478 5583 2873 5666 ἰταράχθησαν,

2930 5581 3169 5661 λέγοντες
3225 5584 3307 5642 ὅτι
3367 5585 3661 5662 Φάντασμά
3728 5584 3871 5659 seu,
