4118 6220
299 299 376 363 301

834 296 1281 361 ENABRATIO
1323 299 1405 362 IN
1451 296 1957 363 EVANGELIUM
2003 292 2401 360 MATTH/EI.
2452 329 2524 342 —
2568 298 2730 361 CAP.
2780 261 2942 362 XIV.

3479 294 3596 363 302

277 434 337 487 xxi
387 430 477 485 ἀπὸ
521 429 612 485 τοῦ
666 426 829 510 φόϐου
908 428 1150 509 ἔκραξαν,
1214 428 1415 495 Εὒθὲως
1487 428 1541 485 δὲ
1598 429 1859 498 ἐλάλησεν

1967 440 2287 505 naverunt;
2338 431 2442 492 sed
2516 434 2710 493 statim
2784 431 3018 492 locutus
3086 441 3176 493 est
3243 431 3362 494 illis
3424 434 3597 495 .Iesus

271 525 408 580 αὐτοῖς
460 520 486 574 6
544 517 781 598 Ἰησοῦς,
840 518 1031 597 λέγων·
1110 526 1390 595 Θαρσεῖτε,
1450 518 1559 596 ἑγὼ
1607 521 1738 600 εἰμι,
1787 520 1864 595 μὴ

260 602 486 685 ροὸεῖσθε,
544 629 572 661 ι
610 608 716 665 06x
749 605 871 686 (21)
906 605 1094 669 εὖθέως
1124 610 1305 671 αὐτοῖς
1334 605 1531 673 ἐπέστη
1563 606 1734 666 λύσων
1772 610 1865 665 τὸν

253 700 488 775 χειμῶνα,
538 694 801 753 παιδεὺων
858 696 937 771 μὴ
994 695 1208 775 ταχέως
1270 697 1411 753 Λύσιν
1506 697 1678 754 αἰτεῖν
1756 704 1862 754 τῶν

252 788 521 861 συμφορῶν,
587 783 722 840 ἀλλὰ
792 783 963 865 φέρειν
1018 784 1295 862 γενναίως,
1328 783 1466 840 ἀλλὰ
1522 786 1639 863 περὶ
1668 787 1849 865 τετάρ-

248 895 331 939 την
372 871 628 953 φυλακὴνο
692 875 766 938 εἷς
800 872 1029 950 τέσσαρα
1082 874 1182 952 γὰρ
1226 871 1573 951 διαιρεῖταιή
1618 874 1701 940 νύξ
1723 876 1865 952 παρὰ

246 973 344 1023 τοῖς
420 960 772 1041 φυλάσσουσιν
844 960 904 1017 έκ
982 958 1239 1041 διαδοχῆς
1314 963 1681 1041 στρατιώταις,
1770 964 1868 1021 ἀνὰ

244 1064 369 1127 τρεῖς
458 1050 601 1129 ὥρας
685 1050 919 1130 έχούσης
1001 1050 1229 1117 ἑκάστης
1305 1050 1566 1131 φυλακῆς.
1630 1044 1687 1110 Ὀ
1745 1059 1871 1131 γοῦν

248 1139 411 1217 Κὺριος
465 1140 605 1213 μετὰ
672 1140 772 1207 τὴν
830 1139 1053 1207 έννάτην
1081 1141 1222 1217 ὥραν
1253 1145 1352 1207 τῆς
1398 1142 1605 1216 νυκτὸς,
1634 1162 1868 1219 περιπα-

240 1234 331 1282 τῶν
381 1228 562 1284 έπάνω
610 1236 703 1284 τοῦ
758 1227 970 1303 ὕδατος,
1030 1230 1105 1293 ὡς
1138 1232 1292 1303 Θεὸς,
1330 1229 1556 1297 έπέστη.
1592 1233 1650 1288 Οἱ
1675 1230 1755 1304 δὲ,
1786 1229 1869 1289 διὰ

238 1318 290 1371 τὸ
340 1316 494 1383 ἄηθες
550 1319 637 1374 καὶ
694 1316 857 1394 ξένον,
932 1316 1109 1383 ἔδοξαν
1140 1320 1423 1399 φάντασμα
1453 1319 1618 1381 εἶναι,
1672 1324 1745 1378 O6
1773 1320 1871 1398 γὰρ

237 1405 330 1460 ἀπὸ
381 1407 475 1461 τοῦ
531 1404 704 1469 εἴδους
762 1408 1052 1486 ὶγνώρισαν
1106 1410 1287 1487 αὐτὸν,
1346 1407 1457 1483 ἅμα
1510 1408 1608 1483 μὲν
1656 1410 1745 1465 καὶ
1787 1406 1872 1465 διὰ

237 1495 320 1561 τὴν
386 1495 571 1568 νύκτα,
634 1496 745 1570 ἃμα
798 1494 854 1552 δὲ
911 1497 997 1552 καὶ
1047 1495 1131 1552 διὰ
1178 1499 1269 1552 τὸν
1314 1494 1497 1575 φόϐον·
1531 1499 1558 1553 6
1588 1494 1667 1577 δὲ,
1692 1520 1868 1577 παρα-

238 1582 453 1661 θαῤῥύνει
512 1590 724 1663 πρῶτον
781 1586 992 1657 αὐτοὺς,
1049 1584 1239 1663 λέγων’
1277 1583 1419 1663 Ἐγὼ
1476 1587 1609 1661 εἰμι,
1641 1587 1669 1643 6
1697 1588 1869 1643 πάντα

239 1672 533 1748 δυνάμενος,
562 1677 829 1751 θαρσεῖτε.

314 1786 335 1816 ι
372 1762 696 1841 ’Δποκριθεὶς
765 1762 823 1819 δὲ
879 1764 1021 1839 αὒτῷ
1077 1766 1104 1820 6
1165 1764 1358 1843 Πέτρος
1406 1764 1553 1821 εἶπε·
1620 1765 1792 1840 Κύριε,
1828 1765 1871 1819 εἰ

237 1854 289 1906 σὺ
343 1853 421 1931 εἶ,
479 1851 733 1912 κέλευσόν
817 1876 883 1928 με
940 1856 1072 1933 πρὸς
1103 1855 1162 1911 σὲ
1208 1853 1381 1911 ἐλθεῖν
1412 1854 1496 1910 έπὶ
1524 1854 1591 1909 τὰ
1620 1851 1804 1911 ὕδατα.
1842 1875 1867 1911 ε

238 1943 558 2019 Θερμότατος
609 1942 685 1999 ὤν
740 1946 769 2001 6
826 1944 1018 2023 Πέτρος
1064 1945 1163 2010 τὴν
1220 1945 1349 2021 πρὸς
1379 1946 1602 2023 Χριστὸν
1635 1943 1871 2022 ἀγάπην,

236 2030 468 2107 ἐπιθυμεῖ
524 2032 740 2113 ταχέως
798 2035 955 2112 ἔγγὺς
1017 2032 1175 2092 αὒτοῦ
1233 2032 1471 2111 γενέσθαι
1502 2033 1590 2089 καὶ
1619 2032 1719 2110 πρὸ
1769 2032 1874 2088 τῶν

235 2119 422 2183 ἄλλων,
490 2123 729 2178 Πιστεύει
788 2120 841 2178 δὲ
926 2121 1059 2179 ὅτιὸ
1116 2121 1323 2189 Ἰησοῦς
1386 2122 1444 2178 06
1500 2124 1663 2197 μόνον
1721 2123 1875 2184 αὐτὸς

235 2225 509 2288 περιπατεῖ
582 2211 668 2267 ἐπὶ
722 2218 829 2267 τῶν
906 2210 1131 2291 ὑδάτων,
1192 2211 1329 2269 ἀλλὰ
1386 2212 1472 2267 καὶ
1536 2212 1678 2285 αὒτῷ
1723 2218 1877 2267 τοῦτο

235 2296 400 2356 δώσει·
448 2301 546 2357 οὐκ
589 2300 715 2356 εἶπε
759 2298 837 2373 δὲ,
885 2300 1145 2359 Κέλευσόν
1175 2320 1243 2375 με
1284 2297 1515 2376 βαδίσαι,
1575 2298 1710 2355 ἀλλὰ
1740 2301 1877 2378 Πρὸς

232 2390 285 2443 σὲ
337 2387 536 2450 έλθεῖν.
596 2390 669 2448 Τὸ
735 2389 834 2464 μὶν
862 2390 962 2468 γὰρ
1004 2387 1302 2454 ὶπιδείξεως
1345 2388 1432 2456 ἧν·
1482 2390 1544 2444 τὸ
1575 2386 1630 2443 δὲ
1660 2388 1876 2466 ἀγάπης

235 2478 325 2542 τῆς
359 2480 490 2553 πρὸς
524 2478 773 2555 Χριστόν,

313 2589 339 2621 ι
394 2558 452 2624 Ὀ
484 2565 541 2621 δί
599 2565 779 2641 εἶμεν
815 2563 989 2629 Ἐλθέ,
1024 2568 1122 2624 Καὶ
1151 2563 1385 2630 καταϐὰς
1424 2565 1530 2623 ἀπὸ
1570 2574 1663 2623 τοῦ
1691 2564 1877 2623 πλοίου

237 2656 262 2711 6
322 2655 540 2730 Πέτρος,
601 2657 907 2732 περιεπάτει
937 2656 1022 2713 ἐπὶ
1049 2658 1115 2714 τὰ
1156 2653 1341 2735 ὕδατα,
1395 2654 1569 2712 έλθεῖν
1600 2657 1729 2734 πρὸς
1786 2657 1877 2711 τὸν

237 2740 451 2809 Ἰησοῦνο
513 2741 729 2818 βλέπων
799 2741 853 2799 δὲ
906 2746 998 2800 τὸν
1068 2743 1262 2819 ἄνεμον
1330 2745 1568 2824 ἰσχυρὸν,
1615 2741 1873 2823 έφοὸήθη,

240 2833 319 2889 καὶ
408 2830 702 2907 ἀρξάμενος
798 2834 1288 2906 καταποντίζεσθαι,
1377 2831 1579 2910 ἕκραξε,
1682 2831 1874 2909 λέγων’

240 2922 413 3000 Κύριε,
480 2920 658 2977 σῶσόν
727 2942 816 2996 με.
852 2941 882 2980 ι
949 2912 1280 2999 ’Υπέστρωσε
1326 2928 1402 2997 τῷ
1430 2922 1613 3000 Πέτρῳ
1644 2922 1737 2988 τὴν
1761 2922 1878 3000 ,θά-

1950 519 2193 583 dicens:
2225 520 2435 597 Fidite,
2462 538 2569 599 ego
2602 540 2757 594 sum,
2794 538 2867 581 ne
2894 520 3446 584 terreamini.-Non
3469 530 3593 583 sta-

1948 609 2049 668 tim
2083 608 2263 669 astitit
2295 609 2381 670 eis
2411 616 2475 669 ut
2500 618 2912 689 tempestatem
2941 610 3198 685 sedaret,
3219 611 3442 673 docens
3474 630 3593 673 non

1944 700 2059 761 cito
2092 698 2405 778 petendam
2429 697 2846 760 adversitatum
2882 698 3370 774 solutionem,sed
3395 700 3593 762 feren-

1946 786 2055 849 das
2084 787 2315 848 fortiter
2345 804 2359 849 :
2391 795 2448 848 at
2476 786 2635 847 circa
2683 796 2952 867 quartam
2998 787 3287 866 vigiliam.
3325 792 3387 850 1n
3440 807 3586 869 qua-

1948 876 2387 957 tuor76partes
2417 884 2649 937 noctem
2684 875 2951 936 dividunt
2982 876 3260 937 custodes
3282 878 3453 956 juxta
3475 878 3593 937 mi-

1950 964 2181 1026 litarem
2214 964 2619 1046 disciplinam,
2652 964 2893 1043 singulis
2928 984 3032 1045 per
3063 974 3180 1026 tres
3211 966 3388 1026 horas
3426 984 3591 1027 suam

1952 1054 2323 1115 servantibus
2337 1052 3192 1116 custodiam.Dominusautem
3225 1065 3356 1134 post
3377 1072 3592 1115 nonam

1951 1144 2159 1203 horam
2208 1142 2398 1203 noctis
2454 1142 2764 1203 ambulans
2817 1161 2997 1222 supra
3048 1162 3283 1223 aquam,
3318 1152 3594 1223 tanquam

1953 1231 2131 1308 Deus,
2168 1232 2371 1294 astitit
2401 1231 2490 1291 Illi
2520 1239 2717 1293 autem
2744 1249 2869 1291 rem
2897 1240 3010 1291 tam
3038 1250 3230 1293 raram
3278 1251 3345 1292 ac
3393 1232 3598 1292 insoli-

1958 1330 2075 1383 tam
2110 1328 2464 1401 spectantes,
2523 1321 2802 1401 putabant
2849 1330 3151 1401 spectrum
3207 1340 3360 1383 esse.
3397 1320 3599 1401 Neque

1955 1412 2114 1473 enim
2141 1430 2175 1471 a
2198 1413 2397 1490 specie
2442 1412 2633 1491 ipsum
2672 1410 3132 1490 cognoscebant,
3177 1412 3386 1492 partim
3421 1431 3601 1492 prop-

1954 1510 2045 1563 ter
2079 1500 2561 1580 noctem,partim
2587 1510 2827 1580 propter
2859 1500 3219 1564 metum.Ille
3249 1510 3445 1561 autem
3477 1500 3604 1560 ani-

1956 1608 2123 1651 mans
2179 1589 2309 1650 illus
2365 1597 2565 1650 autem
2655 1589 2799 1649 dixit
2833 1608 2847 1649 :
2880 1589 2999 1669 Ego
3031 1610 3187 1663 sum,
3246 1591 3347 1669 qui
3406 1589 3605 1651 omnia

1892 1712 1932 1761 Β
1957 1697 2191 1761 possum
2219 1697 2233 1742 :
2269 1677 2457 1739 ﬁdite.

2036 1770 2220 1830 Vens.
2248 1766 2343 1830 28.
2382 1766 2813 1846 «Respondens
2845 1775 3040 1829 autem
3073 1768 3161 1829 illi
3192 1771 3402 1831 Petrus
3430 1767 3596 1829 dixit:

1961 1855 2234 1935 Domine,
2258 1856 2307 1915 si
2336 1863 2393 1916 tu
2422 1854 2738 1933 es,jubeto
2779 1874 2873 1916 me
2922 1855 3126 1916 venire
3182 1855 3255 1916 ad
3307 1864 3365 1918 te
3424 1873 3605 1936 super

1958 1964 2160 2025 aquas.
2192 1970 2214 2000 ι
2245 1943 2706 2005 Ferventissima
2733 1944 2889 2004 Petri
2913 1962 3051 2021 erga
3080 1945 3378 2007 Christum
3402 1944 3602 2005 chari-

1961 2042 2046 2095 tas
2071 2032 2607 2096 eratzdesiderabat
2639 2032 2800 2093 enim
2830 2034 3024 2093 statim
3050 2052 3232 2113 prope
3254 2033 3417 2094 illum
3444 2051 3597 2106 esse,

1962 2132 2018 2184 et
2052 2142 2171 2203 pra:
2193 2122 2346 2184 aliis.
2381 2122 2647 2186 Credidit
2675 2129 2873 2183 autem
2891 2122 3045 2202 quod
3063 2120 3237 2183 Jesus
3261 2141 3379 2183 non
3411 2123 3602 2183 solum

1961 2213 2089 2292 ipse
2119 2212 2648 2290 ambularetsuper
2668 2228 2871 2290 aquas,
2901 2211 3008 2272 sed
3034 2210 3220 2271 etsibi
3239 2210 3483 2272 daturus
3505 2230 3604 2272 es-

1961 2312 2051 2366 set
2069 2304 2338 2365 hoc.Non
2371 2303 2515 2363 dixit
2532 2300 2911 2377 autem,Jube
2930 2322 3024 2363 me
3042 2302 3603 2384 ambulare,sed,Ad

1962 2402 2017 2453 te
2038 2391 2300 2453 ire.Nam
2336 2391 2475 2451 illud
2494 2391 2908 2451 ostentationis
2924 2392 3153 2465 est,hoc
3170 2400 3366 2453 autem
3388 2392 3607 2453 amoris

1958 2482 2019 2542 in
2043 2480 2361 2542 Christum.

2040 2569 2225 2632 Vens.
2249 2570 2349 2641 9.9,
2386 2568 2484 2632 30.
2525 2593 2546 2625 ι
2576 2568 2681 2630 Ille
2710 2578 2905 2629 autem
2931 2568 3078 2629 dixit
3103 2587 3115 2631 :
3139 2568 3330 2651 Veni;
3385 2580 3441 2632 et
3469 2590 3602 2632 cum

1961 2658 2371 2719 descendisset
2386 2677 2419 2719 e
2441 2657 2571 2718 navi
2602 2657 3180 2732 Petrus,ambulabat
3205 2678 3383 2737 super
3398 2678 3600 2739 aquas,

1964 2756 2025 2808 ut
2054 2748 2165 2808 iret
2195 2746 2265 2807 ad
2288 2744 2807 2808 .lesum.Caeterum
2830 2763 2962 2807 cum
2988 2746 3209 2809 videret
3239 2755 3474 2807 ventum
3499 2766 3603 2805 va-

1962 2836 2169 2909 lidum,
2227 2836 2467 2896 territus
2526 2843 2740 2896 estzet
2782 2853 2916 2895 cum
2978 2834 3256 2914 coepisset
3307 2836 3599 2913 demergi,

1963 2924 2234 2986 clamavit
2262 2923 2491 2995 dicens,
2544 2923 2816 2997 Domine,
2853 2941 3021 2983 serva
3054 2941 3148 2983 me
3204 2947 3225 2979 υ
3277 2921 3604 2985 Subsrtavit

238 2999 427 3069 λασσαν
482 3012 514 3068 6
575 3009 785 3088 Κύριος,
840 3008 1040 3074 δεικνὺς
1069 3012 1171 3078 τὴν
1233 3012 1419 3070 ἑαυτοῦ
1460 2999 1877 3089 δύναμιν.“’ορα

1967 3014 2249 3075 Dominus
2282 3013 2456 3073 Petro
2506 3029 2693 3091 mare,
2737 3030 2900 3072 suam
2937 3012 3248 3073 declarans
3302 3014 3602 3073 virtutem.

239 3096 286 3153 δὲ
340 3098 452 3164 πῶς
509 3104 604 3156 τῶ
664 3105 898 3173 μείζονος
963 3101 1367 3179 περιγενόμενος
1422 3103 1452 3156 ὁ
1510 3099 1732 3179 Πέτρος,
1781 3098 1879 3165 τῆς

237 3186 497 3255 θαλάσσης
584 3186 751 3266 λέγω,
809 3190 901 3243 τὸν
972 3186 1167 3263 ἄνεμον
1223 3186 1487 3268 ὶφοόήθη,
1518 3188 1682 3252 οὕτως
1741 3187 1901 3244 ἐστὶν

239 3276 446 3345 ἀσθενὴς
516 3279 553 3345 ἡ
605 3276 907 3354 ἀνθρωπίνη
973 3278 1149 3356 φὺσις·
1212 3278 1299 3334 καὶ
1354 3280 1536 3335 αὐτίκα
1595 3277 1683 3334 ὅτε
1743 3276 1870 3356 ἔφο-

239 3361 390 3438 6ήθη,
462 3364 585 3419 τότε
642 3362 841 3441 ἤρξατο
907 3368 1398 3437 καταποντίζεσθαι.
1440 3364 1528 3421 ὅτε
1573 3366 1674 3443 γὰρ
1715 3366 1879 3431 ἠσθέ-

242 3474 391 3517 νησεν
444 3457 480 3520 ἡ
539 3453 741 3525 πίστις,
799 3453 923 3510 τότε
967 3454 1227 3532 βυθίζεται
1284 3456 1313 3510 ὃ
1344 3454 1562 3534 Πέτρος.
1618 3461 1783 3513 Τοῦτο
1827 3451 1882 3508 δὲ

241 3543 321 3597 καὶ
379 3542 538 3598 αὒτὸν
598 3540 812 3608 ἐποίησε
883 3543 963 3617 μὴ
1046 3543 1457 3624 ὑψηλοφρονεῖν,
1505 3545 1594 3600 καὶ
1628 3544 1748 3605 τοὺς
1780 3542 1882 3598 ἂλ-

242 3629 354 3693 λους
412 3632 657 3707 μαθητὰς
706 3632 1139 3710 παρεμυθήσατο,
1199 3632 1379 3695 "iam;
1434 3634 1534 3711 γὰρ
1590 3631 1883 3711 έφθόνησαν

245 3719 397 3794 αὗτῷσ
456 3718 598 3777 ἀλλὰ
649 3721 737 3776 καὶ
822 3721 988 3777 πόσον
1057 3720 1309 3802 ὑπερέχει
1340 3723 1369 3778 6
1416 3722 1641 3801 Χριστὸς
1700 3722 1879 3799 αὐτοῦ,

246 3806 445 3875 ἔδειξεν.

323 3922 349 3953 ι
409 3898 618 3962 Εὐθέως
701 3896 755 3954 δὲ
825 3898 1033 3967 Ἰησοῦς
1089 3901 1325 3964 ἔκτεινας
1395 3900 1496 3967 τὴν
1528 3912 1716 3980 χεῖρα,
1750 3898 1882 3955 έπε-

247 3985 426 4045 λάὄετο
497 3990 681 4068 αὐτοῦ,
767 3989 856 4044 καὶ
914 3988 1076 4057 λέγει·
1136 3989 1298 4064 αὐτῷ’
1332 3987 1693 4069 Ὀλιγόπιστε,
1728 3990 1802 4052 εἷς
1833 3988 1884 4046 τί

248 4074 507 4141 έδίστασας
544 4094 561 4153 ;
638 4078 736 4135 Καὶ
783 4076 1056 4153 έμεάντων
1086 4079 1255 4136 αὐτῶν
1303 4080 1376 4142 εὶς
1405 4081 1467 4135 τὸ
1510 4077 1728 4148 πλοῖον,
1760 4077 1885 4133 ἐκό-

248 4186 401 4223 πασεν
460 4169 490 4223 6
561 4164 779 4241 ἄνεμος·
811 4170 857 4224 οἱ
886 4165 941 4223 δὲ
969 4169 1025 4223 ἰν
1055 4172 1131 4241 τῷ
1172 4166 1363 4242 πλοίῳ,
1408 4166 1647 4229 ἐλθόντες
1689 4188 1887 4246 προσε-

1964 3101 2218 3166 Attende
2250 3111 2444 3163 autem
2474 3100 2630 3180 quod
2660 3101 2867 3180 majori
2899 3100 3183 3181 periculo,
3221 3120 3434 3181 nempe
3474 3121 3605 3163 ma-

1965 3191 2070 3265 ris,
2104 3197 2407 3270 superato,
2442 3197 2677 3250 ventum
2705 3188 2898 3249 timuit
2932 3211 2943 3248 :
2977 3191 3059 3251 ita
3081 3189 3317 3249 inﬁrma
3361 3198 3450 3251 est
3490 3190 3604 3251 hu-

1964 3298 2138 3340 mana
2170 3286 2376 3339 natura
2406 3299 2417 3339 :
2455 3287 2513 3338 et
2548 3278 2739 3338 statim
2772 3288 2835 3337 ut
2868 3279 3085 3353 timuit,
3114 3280 3293 3358 coepit
3339 3278 3608 3340 submer-

1965 3368 2021 3447 gi
2060 3389 2072 3430 :
2108 3368 2343 3447 quando
2372 3367 2530 3427 enim
2566 3366 2714 3427 ﬁdes
2745 3367 2981 3430 inﬁrma
3017 3379 3130 3448 est,
3165 3378 3303 3429 tunc
3361 3370 3420 3429 in
3464 3386 3606 3447 pro-

1963 3458 2145 3518 funda
2175 3456 2488 3517 descendit
2522 3460 2743 3517 Petrus.
2778 3456 2903 3518 Hoc
2933 3465 3126 3518 autem
3175 3458 3337 3530 fecit,
3390 3475 3464 3519 ne
3508 3458 3610 3519 ille

1965 3545 2321 3626 superbiret,
2352 3553 2409 3605 et
2426 3545 2571 3605 alios
2583 3546 2879 3606 solaretur
2898 3545 3427 3626 discipulos.Forte
3448 3547 3606 3607 enim

1967 3634 2336 3713 invidissent,
2371 3633 2473 3695 sed
2508 3642 2565 3694 et
2594 3632 2863 3695 Christus
2885 3643 3168 3714 quantum
3200 3635 3392 3713 ipsum
3424 3653 3608 3714 supe-

1964 3732 2077 3800 ret,
2104 3720 2386 3785 ostendit.

2046 3890 2463 3957 Vsns.3l-33.
2504 3915 2531 3953 σ
2565 3893 2889 3957 Confestim
2940 3903 3136 3956 autem
3176 3894 3347 3959 Jesus
3376 3903 3613 3957 extenta

1967 4000 2145 4043 mauu
2175 3984 2571 4063 apprehendit
2594 4000 2753 4059 eum,
2787 3992 2845 4044 et
2874 3982 3022 4044 dixit
3051 3984 3138 4045 illi
3164 4004 3176 4046 :
3206 3987 3404 4047 Parvae
3448 3985 3609 4066 ﬁdei,

1971 4072 2042 4132 ad
2077 4073 2218 4153 quid
2245 4071 2695 4134 formidastiYEt
2725 4071 3004 4151 ingressis
3024 4073 3144 4133 illis
3165 4074 3224 4134 in
3249 4074 3612 4149 navim,con-

1971 4162 2445 4241 quievitventus.
2472 4164 2658 4224 Porro
2708 4166 2807 4242 qui
2866 4163 2926 4222 in
2984 4163 3116 4224 navi
3148 4172 3609 4225 erantaccesse-

248 4255 470 4322 κόνησαν
527 4259 695 4334 αὐτῷ,
757 4255 1030 4335 λέγοντες*
1095 4247 1336 4325 Ἀληθῶς
1398 4265 1528 4314 Θεου
1590 4258 1708 4320 Υἱὸς
1740 4261 1814 4314 εἴ.
1858 4278 1877 4314 ι

1972 4260 2109 4311 runt
2126 4251 2200 4313 ad
2228 4269 2389 4325 eum,
2417 4258 2475 4311 et
2509 4252 2934 4325 adoravernnt,
2969 4252 3235 4313 dicentes
3272 4273 3285 4314 :
3321 4254 3478 4313 Vere
3506 4252 3612 4315 Dei

252 4345 501 4403 Δεικνύων
533 4347 563 4401 6
608 4332 855 4425 Χριστὸς,
890 4346 971 4401 ὃτι
1001 4347 1103 4426 οὔχ
1130 4348 1176 4430 .6
1219 4346 1411 4422 ἄνεμος
1441 4345 1615 4409 αἴτιος
1663 4353 1758 4403 τοῦ
1784 4369 1877 4407 κα·

1976 4341 2016 4402 F
2020 4340 2162 4430 ilius
2179 4342 2652 4430 esJOstendens
2682 4342 2952 4403 Christus
2975 4359 3095 4401 non
3116 4343 3487 4417 ventum,sed
3510 4362 3611 4423 pu-

250 4438 676 4513 ταποντισθῆναι,
749 4431 869 4491 ἀλλ’
931 4436 965 4502 ἡ
1025 4438 1379 4516 μικροψυχία,
1446 4435 1507 4491 06
1562 4441 1641 4509 τῷ
1708 4435 1890 4513 ἀνέμῳ

250 4521 482 4605 έπιτιμᾷ,
539 4522 677 4582 ἀλλὰ
731 4527 810 4598 τῷ
878 4527 1345 4605 μικροψυχήσαντι
1399 4525 1601 4605 Πέτρῳ.
1660 4528 1754 4582 Διὸ
1801 4527 1889 4582 καὶ

253 4610 611 4677 ἆναϐαστάσας
668 4612 848 4688 αὐτὸν,
908 4612 1133 4681 ἔστησεν
1183 4614 1268 4669 έπὶ
1320 4622 1413 4672 τοῦ
1453 4613 1665 4686 ὕδατος,
1729 4615 1889 4677 έάσας

253 4702 333 4755 τὸν
402 4702 603 4778 ἄνεμον
674 4715 855 4762 πνεῖν.
920 4703 1027 4759 Οὐκ
1083 4704 1155 4766 εἷς
1212 4704 1276 4758 τὸ
1317 4709 1422 4759 πᾶν
1450 4700 1506 4758 δὲ
1567 4702 1833 4760 ἱδίστασεν
1862 4706 1890 4759 6

258 4789 463 4867 Πέτρος,
535 4788 656 4847 ἀλλ’
708 4792 793 4855 εἷς
864 4813 939 4867 τι,
972 4791 1237 4865 τουτέστι,
1285 4797 1535 4870 μερικῶς⁶
1584 4789 1699 4849 καθ’
1739 4792 1767 4847 ὅ
1794 4792 1890 4868 μὲν

254 4879 343 4955 γᾶρ
383 4877 644 4959 έφοϐηθη,
688 4881 825 4937 κατὰ
864 4887 1020 4937 τοῦτο
1051 4880 1335 4948 ἠπίστησε·
1373 4882 1489 4937 καθ’
1522 4883 1549 4937 ὃ
1579 4879 1632 4937 δὲ
1684 4880 1888 4961 ἕκραξε,

259 4968 424 5046 Κύριε,
484 4968 658 5025 σῶσόν
730 4989 819 5045 με,
880 4969 1017 5025 κατᾶ
1059 4976 1213 5027 τοῦτο
1253 4970 1440 5028 ἰάσατο
1495 4970 1593 5037 τὴν
1622 4970 1888 5033 ἀπιστίαν,

262 5060 344 5112 Διὸ
371 5056 713 5136 όλιγόπιστος
742 5058 945 5132 ἀκούει,
993 5056 1109 5115 ἄλλ’
1171 5058 1266 5115 οὒκ
1308 5058 1559 5123 ἄπιστος.
1590 5060 1648 5116 Οἱ
1718 5060 1805 5116 οὖν
1838 5059 1891 5115 έν

258 5151 324 5218 τῷ
374 5146 567 5227 πλοίῳ,
628 5149 715 5203 καὶ
772 5148 918 5204 αὐτοὶ
960 5156 1053 5207 τοῦ
1094 5144 1257 5226 φόϐου
1306 5147 1668 5215 ἀπελὺθησαν.
1726 5146 1888 5206 Ἐκό-

259 5253 382 5291 πασε
433 5237 534 5315 γὰρ
585 5237 616 5293 6
693 5234 909 5313 ἂνεμος’
1004 5237 1092 5293 καὶ
1149 5234 1215 5304 δὴ
1271 5237 1485 5315 γνόντες
1531 5236 1638 5293 ἀπὸ
1692 5237 1891 5293 τούτων

261 5322 343 5378 τὸν
399 5321 627 5401 Ἰησοῦν,
688 5322 1011 5403 ὁμολογοῦσι
1054 5325 1152 5393 τὴν
1196 5329 1355 5386 αὐτοῦ
1396 5326 1650 5394 θεότητα.
1692 5328 1765 5383 O6
1791 5328 1891 5405 γὰρ

1972 4429 2439 4492 sillanimitatem
2463 4429 2884 4508 submergendi
2908 4448 3147 4492 causam
3174 4448 3456 4504 esse,non
3477 4450 3614 4493 ven-

1975 4526 2095 4579 tum
2129 4518 2529 4599 increpat,sed
2544 4517 3238 4599 Petrumpusillanimem
3274 4517 3413 4581 Ideo
3429 4528 3606 4601 etap-

1975 4609 2334 4688 prehensum
2387 4626 2521 4667 eum
2573 4609 2772 4669 statuit
2830 4626 3011 4687 super
3067 4627 3279 4689 aquam
3322 4610 3612 4688 permisso

1974 4710 2148 4759 vento
2179 4699 2344 4758 ﬂare.
2376 4695 2506 4757 Non
2537 4696 2781 4757 omnino
2811 4706 3005 4757 autem
3040 4696 3344 4759 dubitabat
3382 4700 3610 4780 Petrus,

1973 4788 2078 4848 sed
2098 4786 2425 4848 secundum
2459 4785 2624 4866 quid,
2659 4785 2769 4846 hoc
2782 4795 2891 4861 est,
2918 4803 2985 4847 ex
3008 4795 3196 4867 parte,
3214 4803 3346 4848 nam
3359 4787 3527 4867 juxta
3557 4789 3614 4850 id

1974 4876 2130 4949 quod
2164 4874 2474 4949 dubitavit,
2506 4873 2854 4937 incredulus
2900 4874 3054 4935 fuit:
3090 4875 3258 4955 juxta
3308 4876 3364 4936 id
3417 4885 3615 4940 autem

1974 4965 2133 5045 quod
2165 4963 2913 5045 clamavit,Domine,serva
2936 4982 3052 5037 me,
3088 4965 3310 5027 curavit
3330 4965 3618 5029 incredu-

1973 5055 2225 5117 litatem.
2254 5054 2395 5116 Ideo
2412 5070 2624 5133 parvae
2651 5053 2795 5133 ﬁdei
2821 5054 3059 5133 dicitur,
3093 5073 3211 5115 non
3243 5056 3613 5121 incredulus.

1974 5142 2163 5225 Igitur
2192 5143 2293 5223 qui
2315 5144 2372 5203 in
2409 5142 2631 5219 uavi,et
2658 5142 2770 5223 ipsi
2792 5151 2953 5205 metu
2980 5144 3154 5204 soluti
3177 5144 3619 5207 sunt.Cessavit

1976 5234 2136 5296 enim
2172 5240 2400 5293 ventus.
2437 5234 2509 5292 Et
2532 5251 2601 5293 ex
2632 5233 2726 5294 his
2758 5233 2951 5311 cogito
3002 5234 3161 5307 Jesu,
3196 5234 3450 5297 confessi
3483 5244 3621 5297 sunt

1973 5324 2105 5403 ejus
2129 5321 2650 5402 deitatem.Neque
2676 5322 2837 5383 enim
2870 5322 3130 5383 hominis
3144 5331 3234 5385 est
3261 5342 3442 5404 super
3457 5342 3622 5386 mare

1320 5458 1406 5523 Ex
1436 5460 1753 5523 collatione
1795 5457 1971 5521 codd.
1999 5457 2211 5517 Venet.
2246 5456 2287 5518 S
2343 5452 2544 5514 Marci.

332 5576 453 5659 (2i)
488 5578 641 5642 Edit.
678 5579 802 5643 Lut.
843 5579 1041 5642 omisit
1073 5584 1165 5639 οὒκ
1200 5628 1214 5653 ,
1246 5578 1468 5642 habent
1509 5582 1686 5645 codd.
1723 5584 1784 5642 S.
1821 5579 1877 5641 δι

1967 5577 2102 5638 :i3tl
2148 5575 2330 5635 6(31.
