4118 6220
457 299 576 368 303

463 528 609 589 mari
641 526 747 586 viae
791 534 922 598 ture,
961 538 1020 586 et
1046 526 1273 587 semitae
1299 536 1412 586 tum
1445 527 1498 586 in
1524 528 1689 606 aquis
1721 525 1918 585 multis
1949 524 2030 582 19.
2070 548 2096 577 »

457 620 626 677 Juxta
655 633 960 693 anagogen
1003 625 1224 694 autem,
1277 615 1439 675 navis
1471 625 1644 681 terra.
1683 616 1891 674 ﬂuctus
1935 614 2104 674 vitaa

461 705 632 767 malis
655 704 964 782 spiritibus
996 704 1249 783 turbata,
1281 724 1392 764 nox
1427 703 1778 776 ignorantia.
1814 702 1875 762 In
1901 709 2105 781 quarta

460 793 640 872 igitur
663 793 885 871 vigilia,
920 793 993 852 ad
1020 794 1196 853 linem
1224 812 1356 854 saaci
1385 793 1577 852 lorum
1611 791 1793 852 astitit
1812 789 2100 852 Christus.

459 883 656 943 Prima
677 882 894 959 vigilia,
923 882 1112 943 fcedus
1134 903 1262 941 cu'r:
1295 882 1590 943 Abraham
1630 902 1642 938 :
1684 880 1969 956 secunda,
2018 880 2106 939 lex

462 970 661 1051 Moysi:
690 975 774 1030 77
806 972 976 1032 tertia
1010 972 1352 1050 prepheta):
1388 967 1862 1050 quarta,Domini
1884 968 2108 1028 adven-

460 1069 573 1120 tus.
604 1057 736 1138 Ipse
758 1061 917 1122 enim
953 1059 1202 1120 servavit
1235 1079 1344 1119 nos
1376 1057 1652 1120 fluctibus
1701 1057 1968 1135 agitatos,
2000 1074 2106 1116 ve-

462 1150 632 1209 niens
685 1149 754 1208 ad
805 1168 931 1218 nos,
971 1149 1049 1208 ita
1101 1157 1164 1208 ut
1213 1167 1347 1209 eum
1398 1164 1922 1225 COgnosceremus,
1958 1153 2016 1206 et
2047 1153 2108 1204 ut

460 1236 648 1298 Deum
674 1236 1079 1298 adoraremus.
1109 1235 1259 1297 Vide
1287 1247 1482 1297 autem
1513 1245 1570 1297 et
1594 1236 1707 1296 hoc
1741 1237 1900 1314 quod
1927 1251 2104 1311 nega-

457 1326 681 1386 tionem
717 1327 959 1398 Petri,et
990 1326 1206 1386 deinde
1238 1327 1365 1404 ejus
1396 1324 1844 1386 conversionem
1880 1332 1936 1383 et
1977 1340 2105 1402 pae-

1417 301 2013 366 THEOPHYLACTI
2057 299 2466 384 BULGARLE
2508 301 2863 368 ARCHIEP.

457 437 786 510 ambulare,
844 437 946 498 sed
990 439 1136 500 Dei:
1175 437 1326 498 sicut
1371 445 1429 498 et
1489 437 1666 498 David
1727 437 1870 498 dicit
1907 459 1918 498 :
1961 459 1982 490 α
2032 436 2094 496 In

2206 434 2448 511 ενθρώπου
2505 439 2566 494 τὸ
2620 451 2932 516 περιπατεῖν
2983 437 3070 494 ἐπὶ
3123 437 3414 509 θαλάσσης,

3711 295 3827 362 304

3504 434 3639 493 ἀλλὰ
3670 439 3825 500 Θεοῦ,

2186 525 2319 580 καθὰ
2366 528 2452 582 καὶ
2503 529 2531 582 6
2593 525 2757 584 Δαυίδ
2808 527 2977 605 λέγει’
3027 548 3060 585 α
3089 527 3182 584 Ἐν
3230 532 3296 603 τῇ
3337 526 3577 601 θαλάσσῃ
3623 525 3673 578 αὶ
3724 519 3831 578 ὁδοί

2187 635 2301 693 σου,
2356 615 2440 670 καὶ
2497 619 2548 671 αἱ
2605 615 2770 692 τρίόοι
2832 639 2924 673 σου
2978 617 3033 672 ἐν
3087 615 3234 673 ὕδασι
3293 614 3544 677 πολλοῖς.
3587 635 3611 670 ε
3646 609 3834 667 Ἀνακ-

2187 701 2305 758 τέον
2353 701 2407 758 δὲ
2453 705 2544 760 τὸν
2599 703 2777 782 λόγον·
2835 705 3058 785 σκάφος,
3116 707 3150 772 ἡ
3215 711 3309 782 γῇ·
3355 706 3588 780 κύματα,
3639 699 3666 755 6
3723 700 3834 774 βίος

2187 791 2289 845 ὑπὸ
2345 796 2450 847 τῶν
2502 800 2752 872 πονηρῶν
2825 795 3143 868 πνευμάτων
3197 792 3613 866 ταραττόμενος,
3663 786 3771 857 νὺξ,
3801 788 3835 854 ἦ

2189 879 2445 956 ἀγνωσία.
2508 879 2598 938 Ἐν
2648 889 2716 958 τῇ
2782 884 3010 962 τετάρτῃ
3037 883 3092 938 δὲ
3123 881 3356 962 φυλακῇ,
3388 882 3522 959 πρὸς
3577 884 3656 952 τῷ
3695 874 3834 932 τέλει

2189 964 2434 1034 δηλονότι
2491 977 2598 1026 τὼν
2673 973 2902 1050 αἰώνων,
2965 971 3168 1037 ἐπέστη
3238 973 3266 1027 6
3322 970 3566 1049 Χριστός.
3639 965 3835 1045 Πρώτη

2191 1058 2288 1130 μὲν
2344 1079 2442 1137 γηρ
2500 1058 2732 1134 φυλακή,
2788 1064 2821 1129 ἡ
2881 1063 3012 1139 πρὸς
3065 1058 3310 1140 Ἀϐραὰμ
3407 1057 3655 1128 διαθήκη·
3712 1053 3828 1110 δευ-

2191 1145 2339 1226 τέρα,
2412 1150 2440 1203 δ
2501 1149 2736 1211 Μωσέως
2795 1150 2979 1224 νόμος·
3038 1151 3216 1227 τρίτη,
3277 1151 3323 1206 οἱ
3390 1151 3682 1226 προφῆται·
3743 1163 3834 1197 τεοι

2190 1235 2380 1314 τάρτη,
2458 1239 2484 1304 ἦ
2573 1243 2662 1294 τοῦ
2713 1243 2899 1316 Κυρίου
2969 1238 3245 1316 παρουσία·
3301 1238 3460 1299 αὒτδς
3515 1236 3616 1312 γὰρ
3674 1231 3842 1289 ἔσωσε

2190 1325 2312 1386 τοὺς
2377 1323 2881 1406 κλυδωνιζομένους,
2936 1327 3178 1383 εἰσελθὼν
3237 1326 3331 1382 καὶ
3386 1325 3675 1403 γενόμενος
3724 1318 3842 1397 μεθ’

463 1416 769 1476 nitentiam
806 1417 1236 1494 praesignarunt
1268 1434 1336 1475 ea
1371 1433 1499 1493 quae
1526 1413 1637 1491 ipsi
1685 1414 1740 1473 in
1777 1413 1920 1473 mari
1944 1412 2109 1472 acci-

2206 1414 2372 1493 ἡμῶν,
2430 1414 2568 1494 ὥστε
2624 1417 2768 1490 ἡμᾶς
2827 1415 3146 1493 ἐπιγνόντας
3219 1414 3372 1470 αὒτὸν
3402 1416 3474 1480 ὡς
3505 1413 3636 1468 Θεὸν
3666 1430 3842 1488 προσ-

460 1491 853 1566 ἀεῐιυηι.Ν8ιιι
888 1491 1176 1565 sicutillic
1202 1491 1432 1563 dicebat
1466 1503 1795 1575 conﬁdens,
1830 1528 1854 1556 α
1884 1503 2015 1564 Non
2054 1509 2109 1562 te

2206 1514 2393 1564 ιυνετν.
2457 1491 2604 1582 υΟροι
2656 1503 2712 1561 δὲ
2782 1504 2875 1561 καὶ
2925 1511 3105 1578 τοῦτο,
3177 1505 3293 1567 πῶς
3339 1505 3438 1571 τὴν
3476 1501 3696 1582 ἄρνησιν
3751 1501 3846 1555 τοῦ

460 1592 684 1671 negabo
707 1593 788 1666 “20,
831 1621 851 1649 υ
913 1594 996 1653 sic
1046 1604 1102 1652 et
1151 1595 1267 1666 hic,
1317 1592 1470 1653 Jube
1527 1611 1617 1652 me
1666 1591 1870 1651 venire
1929 1608 2108 1668 super

2206 1591 2413 1669 Πέτρου,
2468 1593 2590 1650 εἶτα
2646 1593 2746 1660 τὴν
2817 1593 3140 1673 ἐπιστροφὴν
3193 1595 3280 1648 καὶ
3343 1591 3657 1668 μετάνοιαν,
3702 1609 3840 1658 προ-

459 1700 665 1760 aquas.
695 1691 751 1742 et
781 1682 931 1742 sicut.
966 1690 1102 1740 tunc
1150 1681 1424 1760 permisit
1470 1699 1711 1758 negare,
1767 1680 1843 1738 ita
1904 1688 1962 1740 et
2010 1681 2108 1740 hic

2206 1681 2426 1755 ισήμανε
2483 1682 2547 1736 τὰ
2618 1681 2672 1736 ἐν
2741 1689 2809 1759 τῇ
2864 1682 3105 1758 θαλάσσῃ
3148 1686 3291 1756 αὒτῷ
3334 1679 3629 1756 συμϐάντα’
3663 1677 3842 1755 ὥσπερ

460 1771 742 1850 permittit
775 1771 985 1848 mergi.
1022 1769 1131 1831 Hic
1164 1788 1401 1830 manum
1438 1769 1490 1829 ei
1516 1768 2101 1848 porrexitDominus,

2206 1769 2290 1846 rip
2359 1768 2477 1825 ἒκεῖ
2549 1769 2692 1848 λςγει
2760 1772 3166 1849 θρασυνόμενος·
3207 1794 3233 1824 ε
3268 1774 3339 1829 Οὔ
3387 1771 3464 1844 μή
3509 1789 3567 1824 σε
3597 1767 3840 1844 ἀπαρνή-

458 1867 654 1921 etnon
691 1859 959 1935 permisit
999 1877 1133 1920 eum
1167 1858 1471 1935 submergi
1507 1879 1520 1916 :
1561 1859 1636 1917 ita
1670 1865 1808 1917 tunc
1843 1875 1947 1936 per
1980 1873 2107 1936 pa;-

2206 1877 2375 1931 τομαι·
2443 1882 2470 1913 ι
2525 1861 2664 1916 οὓτω
2719 1860 3002 1918 κάνταῦθα⁹
3087 1859 3343 1918 Κέλευσόν
3376 1879 3442 1932 με
3468 1856 3644 1915 ἱλθεϊν
3671 1855 3844 1911 ὶπὶτὰ

461 1948 771 2010 nitentiam
801 1966 934 2008 eum
967 1967 1000 2007 a
1032 1947 1322 2028 profundo
1355 1947 1687 2025 negationis
1718 1945 1984 2007 extraxit.

2206 1945 2378 2003 ἱδαταο
2463 1950 2552 2005 καὶ
2617 1949 2796 2026 ὥσπερ
2865 1951 2987 2006 τότε
3046 1951 3397 2028 συνεχωρήθη
3494 1947 3841 2024 ἀρνήσασθαι,

461 2039 594 2094 οὕτω
627 2040 885 2092 κάνταῦθα
941 2052 1304 2116 συγχωρεῖται
1377 2038 1726 2106 ποντίζεσθαι·
1791 2037 2009 2091 ἐνταῦθα
2065 2047 2228 2116 χεῖρα
2316 2035 2537 2092 δέδωκεν
2597 2039 2736 2113 αὗτῴ
2787 2041 2814 2094 6
2875 2039 3083 2118 Κύριος,
3155 2039 3243 2094 καὶ
3325 2038 3418 2093 οὑκ
3493 2035 3666 2114 ἀφῆκε
3709 2054 3843 2088 πον-

461 2130 721 2191 τισθῆναι.
764 2125 930 2182 Κάκεῖ
961 2124 1045 2180 δια
1074 2131 1170 2191 τῆς
1203 2128 1483 2199 μετανοίας
1533 2125 1685 2180 αὺτὸν
1718 2125 1823 2180 ἀπὸ
1856 2131 1944 2178 τοῦ
1975 2124 2131 2199 βυθοῦ
2159 2125 2258 2190 τῆς
2289 2124 2531 2204 ἀρήσεως
2565 2125 2832 2185 εἵλκυσεν.

539 2212 724 2274 Vens.
761 2211 960 2276 34-36.
1005 2241 1025 2270 α
1049 2212 1272 2274 Etcum
1308 2213 1704 2293 trajecissent,
1737 2211 2106 2295 veneruntin

2275 2235 2305 2268 α
2340 2217 2438 2272 Καὶ
2487 2213 2922 2295 διαπεράσαντες,
2976 2214 3135 2282 ἦλθον
3209 2216 3279 2280 είς
3328 2217 3426 2281 τὴν
3485 2217 3588 2290 γῆν
3648 2218 3815 2281 Γεννη

461 2310 680 2363 terram
706 2301 1100 2363 Genezareth.
1129 2302 1202 2362 Et
1232 2322 1364 2362 cum
1394 2301 1769 2378 agnovissent
1806 2302 1970 2362 illum
1996 2293 2102 2360 viri

2206 2301 2367 2380 ιαρέτ.
2445 2304 2542 2359 Καὶ
2609 2305 2915 2382 ἱπιγνόιτες
2966 2306 3120 2363 αὐτὸν
3177 2306 3224 2361 οἱ
3296 2302 3473 2381 ἄνδρες
3530 2311 3622 2360 τοῦ
3660 2305 3823 2360 τόπου

459 2390 576 2452 loci
602 2389 779 2461 illius,
808 2389 1137 2450 emiserunt
1163 2391 1400 2450 nuntios
1432 2391 1490 2450 in
1525 2398 1703 2449 totam
1737 2390 1997 2468 undique
2030 2391 2098 2448 ii-

2206 2391 2403 2464 ;κείνου,
2465 2391 2778 2448 ἀπέστειλαν
2835 2394 2907 2456 εἷς
2938 2392 3070 2460 ὅλην
3112 2392 3210 2460 τὴν
3253 2395 3552 2472 περίχωρον
3591 2391 3847 2467 Enim»,-

458 2480 726 2539 nitimam
779 2477 1108 2554 regionem.
1145 2489 1197 2538 et
1231 2479 1553 2540 attulerunt
1583 2479 1664 2538 illi
1709 2496 1916 2538 omnes
1949 2478 2100 2538 man

2206 2481 2278 2534 ιαὶ
2336 2481 2706 2557 προσήνεγκαν
2777 2485 2916 2556 αῦτῷ
2970 2484 3170 2546 πάντας
3198 2482 3321 2546 τοῦς
3379 2486 3558 2544 κακῶς
3585 2480 3847 2561 ἔχοντας,

461 2566 1258 2646 habentes,etobsecrabant
1292 2587 1425 2627 eum
1460 2577 1518 2627 ut
1553 2576 1777 2627 tantum
1805 2574 2109 2644 tangerent

2206 2568 2282 2623 mi
2332 2567 2661 2647 παρεκάλουν
2720 2572 2898 2644 αὒτὸν,
2972 2571 3064 2626 ’ίνα
3096 2571 3254 2646 μόνον
3306 2571 3547 2645 ἅψωνται
3577 2579 3669 2626 τοῦ
3711 2593 3846 2647 κρα-

469 2656 763 2716 ﬁmbriam
797 2656 1138 2716 vestimenti
1169 2656 1379 2736 ipsius,
1414 2665 1470 2715 et
1490 2664 1776 2735 quotquot
1799 2656 2109 2733 tetigerunt

2206 2654 2388 2712 σπέδου
2443 2665 2535 2714 τοῦ
2593 2659 2802 2732 ἱματίου
2851 2660 3029 2718 αὐτοῦ·
3091 2660 3178 2715 καὶ
3226 2658 3341 2716 ὅσοι
3386 2657 3618 2735 ἥψαντο,
3652 2660 3848 2716 διεσώο

469 2762 630 2824 eum,
687 2746 829 2806 salvi
880 2745 1014 2805 facti
1066 2755 1224 2806 sunt.
1286 2770 1307 2801 ι)
1361 2744 1774 2806 Gennezareni
1813 2744 2109 2806 Christum

2206 2748 2392 2810 θησαν.
2472 2771 2498 2801 ι
2567 2749 2662 2804 Διὰ
2722 2747 2921 2808 πολλοῦ
2950 2749 3147 2828 χρόνου
3173 2747 3580 2822 ἐπιδημήσαντα
3613 2756 3678 2820 τί.
3712 2755 3844 2805 Γεν-

471 2835 656 2897 multo
695 2846 962 2912 tempore
993 2834 1148 2914 apud
1183 2853 1246 2895 se
1289 2844 1617 2894 versantem
1664 2853 1779 2895 non
1823 2833 2012 2893 solum
2050 2851 2109 2892 ex

2206 2836 2426 2910 νησαρὲτ
2485 2839 2576 2892 τὸν
2628 2835 2855 2916 Ἰησοῦν,
2916 2841 2974 2895 οὗ
3017 2838 3178 2913 μόνον
3244 2837 3302 2894 ἐκ
3345 2843 3443 2905 τῆς
3476 2837 3676 2913 ὅψεως,
3713 2836 3846 2894 ἀλλὰ

467 2934 740 3002 aspectu,
776 2922 879 2981 sed
907 2923 1083 2982 etiam
1120 2941 1190 2983 ex
1218 2922 1520 2983 miraculis
1551 2931 1958 3010 agnoscentes,
1992 2924 2109 2981 ala-

2206 2925 2284 2978 καὶ
2354 2923 2413 2980 ἐκ
2485 2932 2591 2981 τῶν
2648 2927 2886 3000 σημείων
2911 2931 3217 3004 ἓπιγνόντες
3276 2931 3321 2985 0i
3354 2926 3637 3007 ἄνθρωποι,
3672 2926 3847 2983 πίστιν

467 3031 633 3074 crem
670 3011 1072 3072 exhibuerunt
1117 3012 1313 3087 tidem,
1352 3015 1429 3071 ita
1461 3020 1522 3070 ut
1548 3018 1833 3090 cuperent
1885 3019 1940 3070 et
1983 3011 2109 3068 tim-

2206 3010 2543 3070 ἐνδείκνυνται
2607 3017 2827 3093 θερμὴψ
2903 3017 3039 3073 ὥστε
3089 3018 3369 3093 ῐεπιθυμεϊν
3424 3017 3511 3071 καὶ
3569 3023 3660 3072 τοῦ
3714 3038 3846 3094 κρα-
3907 3029 3910 3034 ’

473 3101 658 3161 briam
696 3099 1062 3178 contingere,
1099 3109 1272 3180 atqne
1310 3102 1390 3161 ita
1428 3102 1610 3160 curati
1646 3107 1804 3159 sunt.
1839 3100 1937 3160 Sic
1968 3105 2025 3158 et
2057 3105 2109 3157 tu

2206 3099 2389 3157 σπέδου
2447 3103 2702 3183 ἅψασθαι,
2763 3107 2852 3162 καὶ
2911 3105 2975 3172 δὴ
3027 3113 3182 3163 τοῦτο
3237 3107 3579 3178 ποιήσαντες,
3656 3105 3842 3184 ἐθερα-

469 3209 703 3270 quoque
730 3189 1128 3249 summitatem
1163 3189 1338 3250 vestis
1369 3190 1588 3252 Christi
1622 3189 1963 3264 contingito,
2005 3188 2114 3247 hoc

470 3282 768 3352 est,linem
803 3279 1094 3338 incolatus
1139 3279 1232 3339 sui
1275 3279 1332 3338 in
1387 3297 1588 3338 carne.
1625 3279 1683 3339 Si
1725 3277 1882 3336 enim
1915 3276 2111 3337 credi-

470 3367 629 3428 deris
677 3366 834 3446 quod
893 3378 1228 3445 assumptus
1293 3380 1381 3428 est
1440 3391 1451 3427 :
1504 3368 1848 3439 salvaberis,
1912 3365 2106 3437 vestis,

469 3456 653 3527 enim,
685 3474 822 3516 caro
859 3475 871 3514 ε
912 3456 1074 3516 ﬁmbi
1094 3459 1145 3516 ia
1176 3467 1370 3518 autem
1407 3459 1558 3536 ejus,
1596 3457 1728 3517 linis
1779 3455 1906 3514 vitae
1938 3473 2119 3534 super

471 3552 689 3606 terram
703 3592 716 3606 .

1073 3638 1316 3702 CAPUT
1364 3639 1484 3701 XV.

470 3733 556 3794 De
604 3734 1089 3814 transgressio-ne
1145 3735 1571 3796 mandatorum
1618 3733 1886 3812 Dei-per
1917 3735 2115 3795 tradi-

552 3815 779 3875 tionem
838 3814 1166 3875 hominum.
1226 3815 1307 3876 De
1357 3817 1732 3877 Chanauma.
1806 3815 1888 3872 De
1958 3814 2115 3874 mul-

553 3895 811 3955 titudine
861 3902 1108 3956 sanata.
1177 3894 1263 3953 De
1300 3904 1524 3974 septem
1580 3891 1858 3968 panibus.

553 4067 734 4126 Vens.
772 4066 825 4140 1,
859 4065 918 4128 2.
955 4091 978 4119 «
1011 4064 1176 4128 Tunc
1207 4065 1502 4127 accedunt
1529 4065 1601 4126 ad
1622 4065 1822 4126 Jesum
1847 4065 2120 4127 Hieroso-

469 4151 734 4234 lyuiitani
769 4153 993 4215 Scriba:
1019 4163 1074 4214 et
1105 4155 1412 4228 Pharisaei,
1448 4154 1716 4214 dicentes
1751 4174 1762 4211 :
1799 4152 1994 4225 Quare
2022 4151 2119 4214 di-

2198 3193 2482 3258 πεῦθησαν.
2547 3195 2725 3257 Οὕτως
2785 3197 2873 3252 οὖν
2929 3198 3016 3253 καὶ
3077 3197 3136 3254 σὺ
3194 3195 3325 3272 ἅψαι
3387 3203 3478 3252 τοῦ
3541 3195 3699 3273 ἂκρου
3753 3203 3844 3252 τοῦ

2196 3283 2402 3348 ἱματίου
2457 3284 2549 3340 τοῦ
2607 3289 2855 3364 Χριστοῦ,
2917 3285 3034 3352 ἤτοι
3085 3293 3176 3342 τοῦ
3206 3285 3388 3350 τέλους
3437 3291 3534 3352 τῆς
3591 3285 3843 3362 ὲνσάρκου

2197 3373 2352 3426 αὒτοῦ
2409 3371 2712 3447 ἐπιδημίας.
2789 3373 2914 3432 Ἐὰν
2958 3377 3057 3453 γὰρ
3100 3376 3387 3451 πιστεύσῃς
3437 3373 3516 3430 ὅτι
3549 3374 3843 3454 ἀνελήφθη,

2198 3462 2437 3536 σωθήση³
2497 3462 2706 3534 ἱμάτιον
2753 3464 2862 3542 γὰρ
2936 3466 2969 3531 ἡ
3029 3463 3178 3542 σάρξ’
3224 3463 3518 3543 κρασπεδον
3547 3463 3600 3520 δὲ
3623 3466 3844 3538 ταῦτης,

2198 3549 2257 3602 τὸ
2286 3547 2440 3612 τέλος
2472 3553 2572 3615 τῆς
2601 3550 2654 3606 ἐν
2678 3556 2749 3627 γῆ
2779 3557 2944 3622 ζωῆς.

2819 3639 3231 3718 ΚΕΦΑΑ.ῙΕΣ

2205 3742 2324 3816 Περὶ
2381 3747 2480 3808 τῆς
2556 3740 2903 3820 παραϐάσεως
2956 3747 3054 3810 τῆς
3141 3743 3360 3811 ἐντολῆς
3439 3751 3531 3801 τοῦ
3589 3751 3718 3800 Θεοῦ
3765 3741 3849 3799 διὰ

2282 3821 2380 3886 τὴν
2443 3822 2733 3896 παράδοσιν
2819 3830 2924 3881 τῶν
3004 3824 3314 3902 ἀνθρώπων.
3391 3825 3514 3900 Περὶ
3567 3824 3666 3891 τῆς
3732 3829 3846 3878 Χα-

2285 3903 2521 3984 ναναίας.
2595 3904 2718 3984 napi
2787 3910 2894 3959 τῶν
2977 3905 3394 3982 θεραπευθέντων
3451 3902 3656 3984 ὄχλων.
3725 3904 3847 3981 Περὶ

2283 3979 2389 4037 τῶν
2419 3981 2552 4038 ἑπτὰ
2596 3979 2766 4059 ἄρτων
2777 4033 2790 4046 ,

2288 4093 2316 4124 ε
2350 4070 2480 4128 Τότε
2529 4072 2918 4152 προσέρχονται
2974 4080 3051 4148 τῷ
3102 4069 3283 4140 Ἰησοῦ
3340 4075 3388 4130 οἱ
3450 4072 3556 4128 ἀπὲ
3617 4062 3846 4150 Ἰεροσο-

2203 4157 2382 4234 λύμων
2433 4164 2776 4237 Γραμματεῖς
2836 4164 2924 4217 καὶ
2971 4169 3283 4241 Φαρισαῖοι,
3345 4159 3612 4239 λέγοντες
3699 4158 3852 4216 Διατί

468 4242 683 4322 scipuli
717 4244 797 4303 tui
825 4243 1332 4320 transgrediuntur
1364 4242 1744 4304 traditionem
1777 4241 2109 4305 seniorum?

2206 4249 2248 4302 οἱ
2319 4249 2554 4322 μαθηταί
2610 4271 2702 4306 σου
2777 4247 3154 4328 παραϐαίνουσι
3212 4251 3310 4317 τὴν
3389 4246 3677 4328 παράδοσιν
3740 4252 3848 4305 τῶν

466 4349 588 4392 non
609 4332 764 4392 enim
791 4333 1199 4392 lavantmanus
1219 4351 1353 4392 suas
1374 4331 1612 4410 quando
1637 4330 1822 4392 edunt
1840 4348 2109 4411 panem.»

2206 4335 2566 4416 πρεσϐυτέρων
2611 4360 2627 4409 ς
2691 4340 2752 4395 οῦ
2796 4340 2896 4417 γὰρ
2950 4340 3218 4397 νίπτονται
3274 4340 3370 4402 τὰς
3425 4350 3621 4419 χεῖρας
3652 4336 3823 4394 αὐτῶν

469 4417 813 4500 Quanquam
850 4423 908 4480 in
941 4421 1220 4481 omnibus
1252 4421 1399 4482 locis
1431 4429 1599 4481 eraut
1632 4417 1856 4482 Scribae
1883 4429 1940 4481 et
1958 4421 2109 4481 Pha-

2206 4424 2328 4482 ὅταν
2381 4425 2538 4503 ἄρτον
2583 4425 2848 4485 ἐσθίωσιν.
2888 4451 2911 4485 ε
2963 4429 3021 4484 Εἰ
3065 4430 3152 4485 καὶ
3183 4433 3347 4484 πᾶσαι
3381 4417 3652 4508 αἱῂχῶραι
3686 4417 3850 4506 εἶχον

465 4510 839 4588 risazi,magis
873 4520 1068 4571 tamen
1100 4511 1472 4572 venerabiles
1497 4517 1666 4573 erant
1697 4509 2116 4588 Hierosolymio

468 4599 588 4659 tani
624 4619 636 4657 :
666 4600 798 4659 ideo
833 4599 916 4659 illi
952 4600 1136 4678 magis
1161 4599 1739 4678 invidebant,utpote
1771 4598 1963 4659 inanis
1993 4598 2113 4676 glo-

465 4688 569 4749 ria;
621 4689 808 4767 magis
868 4698 1236 4767 appetentes.
1300 4691 1524 4750 Morem
1572 4695 1770 4748 autem
1822 4686 2117 4749 habebant

463 4777 652 4837 Judaei
684 4796 800 4837 non
833 4779 1150 4839 comedere
1183 4777 1364 4838 illotis
1393 4775 1687 4854 manibus,
1722 4776 1896 4854 idque
1924 4795 1991 4837 ex
2017 4796 2114 4856 pa-

466 4874 617 4926 trum
655 4864 1118 4926 traditione.llas
1151 4866 1327 4943 igitur
1359 4865 1710 4926 traditiones
1741 4873 1800 4924 ut
1829 4864 2110 4927 vidissent

465 4973 582 5013 non
613 4953 913 5013 observari
960 4973 992 5014 a
1026 4953 1357 5032 discipulis,
1413 4959 1766 5030 putaverunt
1802 4952 1930 5012 illos
1960 4971 2108 5014 con-

464 5051 730 5103 temnere
761 5043 1051 5104 seniores.
1089 5043 1239 5114 Quid
1273 5047 1343 5102 ad
1375 5043 1496 5102 haec
1531 5041 1824 5102 Salvator?
1857 5039 2013 5104 Nihil
2037 5042 2110 5103 ad

461 5131 575 5192 hoc.
609 5133 953 5211 reSpondet,
993 5133 1093 5191 sed
1129 5133 1382 5192 vicissim
1416 5129 1802 5209 reprehendit
1834 5148 1956 5191 eos.

539 5218 718 5281 Vens.
754 5220 889 5281 3-6.
933 5241 957 5276 ι
988 5221 1061 5279 At
1090 5220 1192 5281 ille
1223 5219 1594 5298 respondens
1625 5219 1766 5279 dixit
1798 5217 2110 5290 eiszQuare

456 5316 514 5368 et
567 5326 669 5368 vos
729 5309 1212 5388 transgredimini
1283 5317 1643 5389 praeceptum
1704 5309 1804 5370 Dei
1867 5317 2111 5388 propter

457 5400 836 5477 traditionem
871 5408 1126 5462 vestram
1158 5404 1342 5462 ?nam
1379 5401 1533 5461 Deus
1566 5401 1848 5480 praecepit
1876 5401 2105 5463 dicens:

531 5575 588 5624 *9
619 5575 776 5639 Psal.
810 5591 1008 5651 LXXVI,
1044 5575 1143 5639 20.
1233 5576 1294 5626 20
1328 5577 1508 5638 Marc.
1545 5591 1662 5652 xiv,
1705 5576 1806 5639 3t.

2199 4519 2540 4597 i‘pzppatetg
2598 4517 2684 4572 καὶ
2752 4517 3096 4597 Φαρισαίους,
3128 4514 3250 4572 ἀλλ’
3321 4519 3368 4574 οἱ
3436 4516 3764 4594 ιντιμότεροι
3793 4514 3848 4572 ἂν

2201 4592 2546 4681 Ἰερουσαλὴμ
2601 4606 2758 4670 ἦσαν·
2835 4592 2915 4662 διὸ
2985 4592 3092 4662 καὶ⁷
3118 4605 3262 4662 οὗτοι
3291 4592 3558 4682 ἐφθόνουν
3590 4592 3849 4680 μάλιστα,

2196 4692 2269 4754 ὡς
2325 4689 2733 4770 φιλοδοξότεροι·
2780 4693 2892 4757 ἔθος
2950 4693 3004 4749 δὲ
3062 4695 3224 4775 εἶχον
3295 4697 3342 4751 0i
3430 4692 3703 4768 Ἰουδαῖοι,
3767 4694 3846 4769 μὴ

2195 4780 2428 4845 ἀνίπτοις
2487 4783 2668 4860 χερσὶν
2739 4782 2950 4858 ἆσθίειν,
3013 4783 3121 4840 ἀπὸ
3178 4783 3408 4847 παλαιᾶς
3478 4781 3842 4862 παραδόσεως.

2195 4871 2400 4936 Ταύτης
2473 4872 2560 4927 οὖν
2617 4877 2716 4938 τῆς
2773 4871 3114 4952 παραδόσεως
3163 4879 3616 4952 καταφρονοῦντας
3668 4872 3843 4949 δρῶν-

2193 4979 2277 5023 τες
2334 4959 2456 5021 τοὺς
2513 4962 2776 5034 μαθητὰς,
2838 4961 3090 5037 ἐνόμισαν
3137 4962 3324 5026 αὐτοῦς
3379 4960 3666 5026 ἐξουθενεῐν
3722 4959 3842 5023 τοὺς

2194 5045 2597 5125 πρεσϐυτέρους.
2696 5050 2755 5107 Τί
2804 5051 2894 5106 οὖν
2945 5054 2973 5106 6
3033 5051 3272 5130 Σωτήρ;
3324 5047 3484 5108 Οὐδὲν
3541 5049 3640 5123 μὶν
3713 5049 3860 5117 πρὸς

2193 5144 2346 5194 τοῦτο
2374 5135 2749 5218 ᾇπολογεϊταν
2785 5137 3106 5218 ἂντεγκαλετ
3133 5137 3187 5194 δὲ
3214 5142 3420 5204 αὺτοῖς,

2280 5243 2310 5283 (
2371 5217 2427 5282 (Ο
2483 5225 2538 5282 δὲ
2585 5228 2884 5307 ἀποκριθεὶς
2925 5217 3100 5285 εἶπεν
3129 5231 3336 5291 αὐτοῖς·
3397 5227 3549 5284 Διατί-
3573 5226 3663 5284 καὶ
3691 5228 3851 5303 ὑμεῖς

2193 5309 2540 5390 παραϐαίνετε
2597 5317 2696 5385 τὴν
2751 5318 2974 5385 ἱντολήν
3030 5315 3125 5374 τοῦ
3175 5322 3306 5372 Θεοῦ
3347 5313 3432 5371 διὰ
3460 5315 3561 5383 τὴν
3602 5311 3845 5394 ἰιιιιράδο⁸

2193 5423 2275 5457 σιν
2306 5403 2452 5478 ὑμῶν
2489 5423 2504 5483 ;
2570 5396 2626 5462 Ὀ
2657 5407 2756 5486 γὰρ
2787 5409 2914 5470 Θεὸς
2945 5403 3261 5478 ἆνετείλατο,
3312 5403 3506 5484 λέγων·
3569 5405 3709 5482 τίμα
3748 5405 3843 5461 τὸν
