4118 6220
237 366 339 436 305

857 382 1309 446 ENARRATIO
1349 384 1433 445 IN
1478 381 1825 446 EVANGEI

1914 382 1985 444 [Μ
2030 384 2429 448 ΜΛΤΤΗΕΙ.
2465 417 2544 431 --
2571 385 2736 450 CAP.
2769 388 2901 450 XV.

3446 386 3567 453 306

432 528 528 564 σου
589 513 674 568 καὶ
727 514 827 581 τὴν
884 513 1114 589 μητέραδ
1173 515 1264 572 καὶ
1388 514 1696 594 κακολογῶν
1725 536 1825 571 πα-

1916 512 2157 576 Honora
2186 521 2412 596 patrem
2444 524 2607 579 tuum
2642 524 2701 578 et
2753 526 3003 579 matrem
3037 540 3052 579 :
3110 525 3170 580 et
3191 517 3291 598 qui
3326 517 3568 580 maledi~

365 594 396 662 ἧ
464 597 696 678 μητέρα,
728 603 937 676 θανάτῳ
965 602 1289 667 τελευτάτω,
1320 593 1510 679 ’Υμεϊς
1539 592 1830 681 δὶ-λέγετεο

212 670 304 773 θόσ
354 682 412 740 ἄν
456 670 621 764 εἴη’
650 670 728 764 τὶῑ»
800 670 957 769 uariat
985 691 1021 759 ἤ
1050 699 1119 768 τῇ
1150 692 1333 771 μητρί’
1385 670 1570 773 ’Δῶρον
1600 692 1628 748 δ
1659 670 1748 749 εὰν
1780 691 1833 758 ιε

202 770 316 861 ἐμοῦ
365 772 679 855 ὠῨ⁸λ⁷δθῇςι
738 781 829 837 καὶ
869 784 929 840 οὗ
971 782 1049 856 μὴ
1077 783 1287 857 τιμήσῃ
1315 783 1407 838 τὸν
1445 770 1647 861 πατέρα
1676 784 1832 839 αὒτοῦ

198 857 228 925 ἧ
274 862 365 929 τὴν
429 865 665 945 μητέρα·
728 870 816 925 καὶ
899 869 1208 948 ἠκυρώσατε
1262 869 1362 938 την
1448 857 1669 938 ἐντολὴν
1737 876 1832 928 τοῦ

197 953 315 1006 Θεοῦ
360 948 445 1007 διὰ
517 955 620 1024 τὴν
674 956 961 1037 παράδοσιν
1012 960 1183 1035 ὑμῶν.
1251 982 1277 1015 ι
1315 962 1374 1018 Οἱ
1404 958 1502 1035 μὶν
1544 967 1831 1038 Φαρισαῖοι

193 1040 514 1126 κατηγόρουν
583 1052 687 1102 τῶν
742 1050 1017 1124 μαθητῶν,
1069 1050 1144 1111 ὡς
1200 1045 1421 1114 εντολὴν
1477 1054 1582 1105 τῶν
1608 1045 1832 1126 πρεσϐυ-

190 1123 342 1203 τέρων
392 1130 856 1211 παραϐαινὸντων·
930 1139 958 1195 6
1000 1123 1063 1192 δὲ
1106 1136 1329 1215 Χριστός
1370 1135 1592 1194 δεικνύει
1642 1123 1830 1200 αὐτοὺς

189 1216 273 1271 τὸν
321 1218 415 1275 τοῦ
460 1228 599 1282 Θεοῦ
668 1224 831 1300 νόμον
910 1222 1351 1303 παραϐαίνοντας⁶
1410 1222 1676 1283 ἐδίδασκον
1730 1227 1830 1305 ΥὰΡ

185 1305 297 1369 τοὺς
364 1308 574 1376 παῖδας
617 1310 782 1387 μηδὲν
810 1310 1006 1370 διδόναι
1034 1327 1153 1380 τοῖς
1198 1320 1456 1391 γονεῦσιν,
1490 1312 1611 1370 ἀλλ’
1640 1314 1828 1372 ἀνατι-

184 1392 315 1485 θέναι
379 1397 484 1456 δσα
544 1399 729 1481 ἔχουσι
759 1406 836 1476 τῷ
864 1402 1236 1483 γαζοφυλακίῳ
1289 1410 1383 1461 τοῦ
1416 1405 1575 1483 ἱεροῦ.
1610 1397 1709 1462 Ἠν
1728 1405 1829 1485 γὰρ

183 1482 231 1574 ίν
280 1491 358 1559 τῷ
400 1490 532 1568 ἱερῷ
579 1491 865 1572 θησαυρὸς,
922 1491 977 1549 ἐν
1120 1494 1149 1549 6
1198 1482 1518 1569 βουλόμενος
1582 1482 1826 1574 ἔϐαλλεν,

180 1572 420 1634 ἐκαλεῖτο
477 1576 537 1635 δὲ
614 1601 765 1644 ουτος
828 1581 983 1658 γάζα.
1019 1572 1078 1640 Ὀ
1108 1580 1164 1637 δὲ
1194 1583 1457 1660 θησαυρὸς
1486 1595 1605 1645 τοϊς
1636 1572 1828 1651 πένησι

1915 602 2071 663 xerit
2102 604 2251 682 patri
2281 610 2384 668 aut
2411 606 2608 678 matri,
2640 614 2833 668 morte
2863 606 3148 669 moriatur
3181 624 3194 669 :
3236 625 3337 669 vos
3365 614 3563 668 autem

1915 688 2110 751 dicitis
2136 714 2150 750 :
2175 691 2525 772 Quicunque
2549 693 2931 774 dixeritpatri
2974 703 3072 756 aut
3099 695 3295 775 matri,
3330 693 3563 755 Donum

1915 780 2023 841 Dei
2046 788 2156 854 est,
2192 782 2476 862 quidquid
2525 801 2631 862 per
2684 801 2780 844 me
2810 783 2871 843 in
2904 791 3066 843 tuum
3100 801 3407 844 cessurum
3441 790 3568 843 erat

1910 868 2316 950 commodum,
2351 879 2408 932 et
2441 889 2559 932 non
2593 871 2906 933 honorabit
2962 872 3051 931 78
3105 879 3330 951 patrem
3364 889 3560 944 suum,

1911 964 2013 1017 aut
2036 966 2282 1020 matrem
2323 976 2530 1021 suam:
2568 969 2625 1021 et
2655 961 2888 1022 irritum
2942 960 3169 1022 fecistis
3201 966 3562 1040 prazceptum

1910 1044 2019 1108 Dei
2041 1054 2285 1126 propter
2316 1048 2691 1110 traditionem
2716 1058 3028 1110 vestram.)
3066 1048 3349 1110 Pharisaei
3378 1066 3565 1108 accu-

1912 1131 2120 1195 sabant
2149 1134 2475 1215 discipulos
2515 1136 2680 1217 quasi
2712 1137 3062 1199 mandatum
3088 1136 3391 1198 seniorum
3420 1152 3566 1214 prae-

1911 1223 2538 1293 varicantesChristus
2558 1233 2753 1286 autem
2781 1226 3040 1286 ostendit
3061 1226 3226 1306 ipsos
3250 1223 3562 1302 Deilegem

1914 1311 2307 1391 praevaricari.
2339 1312 2646 1376 Docehaut
2668 1314 2825 1375 enim
2852 1332 3071 1394 pueros
3088 1332 3164 1374 ne
3186 1312 3328 1392 quid
3353 1312 3566 1372 darent

1913 1400 2278 1482 parentibus,
2312 1403 2420 1463 sed
2463 1402 2746 1463 offerrent
2777 1420 3145 1483 quaecunque
3176 1399 3475 1461 habebant
3502 1398 3562 1459 in

1911 1489 2390 1570 gazophylacium
2416 1490 2646 1570 templi.
2676 1492 2818 1553 Erat
2854 1500 3048 1552 autem
3077 1495 3136 1550 in
3169 1491 3390 1569 templo
3422 1488 3563 1551 the-

1913 1579 2213 1659 saurus,iu
2237 1597 2411 1659 quem
2435 1579 2706 1659 quisquis
2736 1578 2966 1640 volebat
2998 1578 3302 1659 quidpiam
3332 1576 3562 1637 immit-

178 1661 444 1728 διεδίδοτο.
508 1669 573 1726 Οἱ
629 1669 801 1727 τοίνυν
853 1676 1140 1749 Φαρισαῖοι
1170 1673 1436 1734 πείθοντες
1467 1673 1587 1736 τοὺς
1635 1670 1825 1738 παῖδας

1917 1674 2088 1741 teret,
2123 1667 2558 1748 vocabaturque
2587 1668 2687 1728 ille
2738 1668 2980 1747 gaza.At
3010 1663 3472 1727 distribuebatur
3500 1664 3564 1727 in

178 1750 336 1826 μηδὲν
391 1753 596 1814 διδόναι
651 1774 769 1823 τοῖς
840 1759 1102 1837 γονεῦσιν,
1159 1758 1278 1817 ἀλλ’
1337 1760 1631 1816 ἀνατιθέναι
1703 1762 1825 1818 αὐτὰ

1915 1772 2204 1836 pauperes
2236 1757 2572 1819 thesaurus.
2610 1755 2891 1818 Pharisaei
2923 1754 3103 1833 igitur
3132 1753 3562 1835 persuadentes

179 1848 250 1914 τῷ
293 1846 546 1924 θησαυρῷ
614 1856 706 1906 τοῦ
772 1836 937 1927 ἱεροῦ,
995 1846 1265 1906 ἐδίδασκον
1308 1850 1493 1912 αὐτοὺς
1527 1847 1703 1926 λέγειν
1746 1849 1825 1907 ὅτι

1915 1845 2113 1923 pueris
2142 1863 2216 1905 ne
2247 1845 2387 1925 quid
2419 1845 2631 1907 darent
2655 1843 3019 1923 parentibus,
3047 1844 3153 1904 sed
3185 1843 3472 1904 offerrent
3500 1843 3558 1903 in

184 1932 353 2009 Δῶρόν
417 1932 566 2013 ἔστι,
618 1936 912 2010 τουτέστιν,
944 1937 1345 2011 ἀνατεθειμένον
1393 1944 1470 2011 τῷ
1501 1945 1616 2011 Θεῷ
1659 1938 1821 2014 ἐστιν,

1914 1932 2251 1993 thesaurum
2304 1933 2534 2013 templi,
2597 1932 2893 1995 docebant
2934 1933 3095 2011 ipsos
3144 1940 3210 1992 ut
3238 1931 3555 1992 dicerent:

178 2020 220 2076 ὦ
272 2021 461 2101 πάτερ,
522 2022 553 2080 ὅ
627 2032 815 2095 ζητεῖς
876 2024 928 2089 ἐξ
958 2024 1085 2101 ξμοῦ
1118 2023 1478 2105 ὠφεληθῆναι.
1532 2028 1627 2083 Καὶ
1658 2025 1825 2090 οὕτως

1914 2019 2139 2082 Donum
2161 2022 2264 2084 Dei
2288 2032 2402 2097 est,
2423 2022 2481 2083 id
2514 2036 2627 2101 est,
2653 2021 2917 2083 oblatum
2951 2021 3072 2081 Deo
3097 2028 3247 2091 est,o
3281 2026 3466 2099 pater,
3501 2018 3559 2080 id

178 2107 406 2188 ὶμὲριζον
467 2112 618 2169 αὐτοὶ
663 2115 800 2188 μετὰ
850 2119 953 2169 τῶν
1005 2112 1207 2169 παίδων
1264 2115 1328 2170 τὰ
1400 2114 1683 2193 χρήματα,
1738 2116 1825 2170 καὶ

1914 2111 2066 2191 quod
2091 2130 2195 2190 per
2214 2129 2307 2171 me
2332 2111 2433 2171 tibi
2465 2112 2595 2172 usui
2629 2129 2764 2172 €358
2796 2110 2966 2190 cupis
2998 2109 3067 2170 Et
3096 2109 3182 2171 sic
3214 2106 3557 2189 partieban-

174 2200 216 2253 οἱ
268 2201 450 2275 γονεῖς
511 2201 973 2277 κατελιμπάνοντο
1032 2204 1463 2282 ἀγηροκομητοι·
1527 2204 1739 2261 εποίουν
1767 2202 1821 2258 δὲ

1914 2208 2003 2259 tur
2023 2199 2138 2278 ipsi
2160 2218 2291 2260 cum
2322 2200 2458 2260 (iliis
2481 2218 2625 2279 opes
2651 2218 2663 2262 :
2689 2207 2746 2260 et
2767 2208 3046 2278 parentes
3068 2195 3560 2277 relinquebantur

171 2295 316 2345 τοῦτο
371 2290 461 2346 καὶ
521 2293 570 2347 οί
640 2289 926 2354 δανεισταί,
961 2290 1090 2349 ἐὰν
1145 2293 1246 2368 γὰρ
1302 2314 1380 2356 τις
1452 2289 1680 2349 ἐδάνεισέ
1719 2312 1821 2348 τινι

1914 2296 1963 2348 et
1992 2287 2559 2368 contemnebantur,
2594 2306 2704 2349 nec
2725 2288 2785 2348 in
2807 2295 3049 2348 senecta
3078 2285 3409 2347 alebantur.
3444 2283 3559 2345 Fa-

172 2378 443 2454 χρήματα,
522 2379 647 2435 εἶτα
678 2377 927 2443 δύσκολος
960 2383 988 2436 6
1018 2381 1300 2460 χρεώστης
1333 2381 1396 2448 ἦν
1429 2383 1514 2437 καὶ
1560 2384 1653 2439 οὒκ
1681 2382 1821 2438 ἀπε-

1914 2376 2142 2437 ciehant
2171 2385 2364 2437 autem
2399 2378 2508 2437 hoc
2535 2385 2592 2438 et
2624 2374 3050 2437 creditores.Si
3082 2376 3211 2455 quis
3242 2372 3405 2434 enim
3438 2371 3557 2433 cui-

170 2461 298 2520 δίδου
348 2468 410 2521 τὸ
465 2466 842 2549 ὀφειλόμενον,
890 2468 1070 2547 ἔλεγεν
1154 2472 1181 2525 6
1210 2467 1484 2535 δανειστὴς
1516 2471 1645 2547 πρὸς
1690 2476 1817 2525 τοῦ-

1914 2465 2058 2544 piam
2096 2474 2295 2525 mutuo
2327 2464 2595 2528 dedisset
2628 2466 2910 2543 pecunias
2945 2483 2958 2526 :
2992 2473 3051 2524 et
3101 2462 3321 2524 deinde
3370 2460 3561 2522 malus

174 2576 257 2610 τον
305 2557 397 2612 τὸν
450 2556 744 2635 ἀγνώμονα
813 2559 1115 2638 χρεώστην·
1176 2556 1380 2637 Κορϐάν
1424 2557 1614 2616 ἔστινὸ
1665 2560 1816 2639 ὀφεί-

1914 2553 2140 2614 iebiior
2169 2574 2285 2614 non
2314 2555 2594 2615 redderet
2620 2552 3160 2633 debitum,dicehat
3190 2550 3463 2639 creditor
3482 2549 3555 2610 ad

176 2642 276 2708 λεις
333 2668 448 2722 μοι,
528 2647 794 2722 τουτέστι,
870 2647 1034 2725 δῶρον
1091 2653 1168 2721 τῷ
1224 2652 1339 2721 Θεῷ
1395 2647 1813 2722 ἆνατεθειμένον.

183 2725 235 2791 ’0
275 2735 357 2791 οὖν
390 2736 682 2814 χρεώστης
703 2738 775 2801 ὡς
805 2740 882 2811 τῷ
913 2742 1028 2810 Θεῷ
1060 2735 1239 2793 ἔκτοτε
1268 2736 1514 2816 ὀφείλων,
1559 2738 1645 2793 καὶ
1676 2736 1819 2793 ἄκων

181 2819 486 2881 κατέϐαλλε·
548 2832 704 2883 τοῦτο
734 2824 1001 2885 ἔδίδασκον
1027 2828 1150 2892 τοὺς
1181 2824 1376 2891 παῖδας
1432 2829 1479 2882 οἱ
1534 2833 1817 2905 Φαρισαῖοι

184 2926 367 2971 ποιεῖν.

254 3024 279 3055 ε
353 2994 687 3083 Ὑποκριταὶ,
770 3003 948 3070 καλῶς
1024 3006 1383 3083 προεφήτευσε
1458 3006 1575 3084 περὶ
1671 3006 1819 3079 ὑμῶν

183 3078 411 3172 Ἠσαίας,
461 3078 662 3171 λέγων’
692 3093 920 3173 Ἐγγίζει
983 3078 1078 3170 μοι.
1133 3078 1181 3151 6-
1211 3092 1339 3156 λαὸς
1394 3078 1543 3156 οὗτος
1574 3100 1651 3167 τῷ
1694 3078 1821 3148 στό-

179 3202 292 3252 ματι
362 3182 562 3255 αὖτῶν,
626 3185 713 3240 καὶ
767 3197 887 3248 τοῖς
932 3183 1139 3264 χείλεσί
1167 3204 1234 3257 με
1278 3189 1432 3258 τιμᾷ,
1465 3185 1500 3251 ἡ
1555 3181 1609 3239 δὲ
1638 3180 1820 3261 καρδία

1900 2641 2066 2701 illum
2090 2642 2381 2721 ingratum
2409 2642 2742 2703 debitorem
2774 2661 2786 2699 :
2822 2640 3056 2701 Corhan
3082 2648 3170 2700 est
3190 2637 3347 2719 quod
3373 2635 3557 2698 debes

1902 2733 2075 2807 mihi,
2110 2736 2220 2794 hoc
2246 2742 2355 2807 est,
2394 2735 2614 2794 donum
2649 2732 2769 2794 Deo
2796 2732 3077 2793 oblatum.
3108 2730 3353 2791 Debitor
3383 2727 3561 2805 igitur

1901 2831 2040 2882 tunc
2065 2823 2230 2902 quasi
2254 2822 2376 2883 Deo
2399 2822 2837 2900 debens,etiam
2872 2821 3090 2881 invitus
3115 2815 3552 2879 dinumerabat.

1902 2910 2025 2973 Hoc
2048 2911 2343 2972 docebant
2365 2911 2653 2973 Pharisaei
2688 2928 2904 2989 pueros
2938 2909 3154 2969 facere.

1984 3000 2169 3062 Vens.
2199 3002 2324 3063 7-9.
2358 2999 2746 3079 «Hypocritze,
2784 2998 2938 3059 bene
2970 2993 3340 3078 prophetavit
3372 2991 3445 3053 de
3462 3010 3558 3054 vo-

1902 3088 2071 3150 vobis
2101 3089 2277 3151 Isaias
2299 3086 2994 3167 dicens:Appropinquat
3018 3085 3164 3147 mihi
3190 3082 3443 3165 populus
3464 3081 3562 3143 hic

1906 3198 2011 3239 ore
2042 3188 2238 3255 su0,et
2263 3178 2435 3239 labiis
2467 3196 2562 3239 me
2594 3179 2867 3247 honorat,
2904 3184 3183 3238 cazterum
3220 3192 3322 3235 cor
3353 3189 3559 3233 eorum

179 3270 333 3325 αὒτῶν
392 3271 578 3350 πόῤῥω
636 3272 836 3353 ἀπέχει
895 3262 988 3329 ἀπ’
1020 3275 1174 3348 ὶμοῦ.
1238 3273 1425 3339 Μάτην
1468 3270 1523 3327 δὲ
1584 3268 1823 3328 σέϐονταί

1914 3268 2115 3348 procul
2138 3267 2357 3329 ahesta
2375 3285 2492 3328 me.
2525 3267 2641 3330 Sed
2681 3266 2902 3327 frustra
2921 3283 3016 3353 me
3043 3265 3249 3353 colunt
3273 3262 3561 3353 docentes

180 3378 262 3436 με,
331 3357 671 3424 διδάσκοντες
728 3359 1066 3424 διδασκαλίας
1114 3360 1418 3435 ἒντάλματα
1448 3360 1757 3439 ἀνθρώπων.
1792 3383 1819 3414 ι

186 3447 406 3504 Δείκνυσι
477 3449 571 3507 διὰ
641 3456 740 3517 τῆς
800 3441 1027 3507 Ἠσαίου
1065 3454 1276 3529 φωνῆς,
1309 3449 1399 3504 καὶ
1442 3450 1559 3528 περὶ
1588 3449 1679 3505 τὸν
1710 3454 1826 3503 Πα-

183 3535 295 3612 τέρα
350 3537 510 3596 αἰ)τοῦ
568 3541 832 3603 τοιούτους
893 3538 1049 3601 ὄντας
1118 3538 1330 3612 αὐτοὺς,
1392 3538 1503 3594 οἷοι
1568 3538 1657 3594 καὶ
1712 3532 1829 3615 περὶ

188 3626 332 3681 αὒτὸν
384 3629 733 3707 εὑρίσκονται·
795 3629 1017 3705 πονηροὶ
1086 3628 1186 3706 γὰρ
1227 3626 1401 3706 ὄντες,
1456 3628 1542 3683 καὶ
1584 3624 1669 3682 διὰ
1722 3632 1827 3682 τῶν

189 3722 421 3794 πονηρῶν
495 3718 663 3797 ἔργων
708 3717 1060 3797 μακρύνοντες
1105 3715 1319 3778 ἑαυτοὺς
1365 3715 1459 3774 τοῖ’)
1488 3722 1641 3790 Θεοῦ,
1697 3715 1827 3771 στό-

190 3824 305 3875 ματι
364 3806 528 3880 μόνον
582 3806 801 3865 ἐλάλουν
857 3808 924 3863 τὰ.
952 3813 1045 3863 τοῦ
1099 3811 1230 3863 Θεοῦ
1283 3803 1462 3883 λόγια.
1511 3805 1695 3870 Μάτην
1730 3805 1828 3882 γὰρ

191 3892 386 3960 πάντως
439 3895 687 3955 σέϐονται
740 3898 829 3953 καὶ
856 3894 1066 3955 δοκοῦσι
1124 3899 1278 3970 τιμᾷν
1335 3895 1426 3950 τὸν
1479 3894 1634 3967 Θεὸν,
1668 3896 1715 3949 οἱ
1744 3890 1829 3950 διὰ

191 3981 285 4037 τῶν
313 3982 476 4063 ἷργων
508 3987 667 4043 αὐτὸν
688 3984 1054 4061 ἀτιμάζοντες.

270 4094 296 4125 ι
346 4075 440 4133 Καὶ
496 4072 1001 4153 προσκαλεσάμενος
1059 4074 1153 4130 τὸν
1185 4070 1378 4151 ὄχλον,
1425 4071 1582 4128 εἶπεν
1613 4069 1822 4134 αὐτοῖς’

196 4156 420 4219 ’Δκούετε
474 4165 567 4221 καὶ
645 4164 867 4221 συνίετε.
938 4166 1010 4221 O6
1077 4163 1139 4217 τὸ
1195 4161 1570 4239 εἰσερχόμενον
1636 4162 1707 4222 εἷς
1763 4161 1825 4217 τὸ

201 4248 351 4324 στόμα
402 4253 583 4310 κοινοί
642 4254 732 4309 τὸν
790 4252 1086 4330 ἄνθρωπον,
1118 4248 1255 4309 ἀλλὰ
1297 4250 1358 4305 τὸ
1410 4247 1824 4327 ἔκπορευόμενον

204 4332 256 4390 ἐκ
287 4339 373 4396 τοῦ
421 4342 711 4420 στόματος,
772 4346 928 4398 τοῦτο
955 4353 1130 4397 κοινοῖ
1159 4340 1249 4395 τὸν
1279 4337 1575 4418 ἄνθρωπον.
1617 4360 1639 4392 ι
1718 4339 1825 4395 Οὐκ

204 4420 267 4479 ἔτι
316 4442 425 4494 τοῖς
515 4430 826 4509 Φαρισαίοις
889 4427 1217 4507 διαλέγεται,
1290 4427 1364 4490 ὡς
1422 4426 1819 4505 ὰθεραπεὺτοις,

206 4518 271 4585 τῷ
328 4516 478 4596 δχλῳ
510 4515 585 4578 δέ.
626 4520 722 4576 Καὶ
771 4516 855 4575 διὰ
908 4525 1000 4575 τοῦ
1027 4514 1484 4596 προσκαλέσασθαι
1533 4513 1681 4571 δοκεῖ
1734 4538 1821 4571 τι-

1911 3365 2203 3437 praecepta
2225 3356 2510 3419 doctrina:
2531 3354 2902 3417 hominum.»
2931 3351 3205 3418 Ostendit
3227 3350 3392 3413 Isaiae
3418 3366 3562 3410 voce

1910 3446 2069 3526 quod
2096 3436 2271 3509 etiam
2324 3446 2471 3507 tales
2528 3445 2646 3505 sint
2688 3462 2831 3522 erga
2861 3446 3096 3506 Patrem
3125 3459 3321 3521 suum,
3356 3436 3561 3519 quales

1912 3543 1968 3596 et
1997 3553 2136 3615 erga
2163 3554 2226 3596 se
2276 3534 2679 3596 inveniuntur.
2713 3535 2865 3596 Nam
2895 3550 3028 3594 cum
3075 3530 3216 3591 mali
3245 3535 3467 3601 essent,
3503 3532 3562 3615 et

1913 3614 2154 3707 propter
2172 3625 2326 3686 mala
2348 3641 2529 3704 opera
2550 3622 2786 3701 longius
2814 3641 2849 3683 a
2882 3625 3001 3682 Deo
3033 3614 3561 3689 recederent,divi-

1914 3733 2055 3774 num
2091 3714 2175 3794 (α)
2210 3732 2548 3776 sermonem
2582 3712 2708 3773 solo
2741 3728 2845 3772 ore
2867 3707 3281 3789 loquebantur.
3316 3707 3560 3766 Frustra

1913 3803 2074 3864 enim
2107 3804 2309 3865 colunt
2330 3812 2386 3864 et
2410 3810 2613 3882 putant
2638 3819 2703 3862 se
2722 3800 2924 3862 colere
2951 3794 3273 3876 Deum,qui
3296 3811 3402 3873 per
3421 3808 3560 3871 ope-

1910 3909 1977 3953 ra
2005 3891 2174 3953 illum
2206 3892 2604 3954 dehonorant.

1989 4071 2282 4145 VnnsJO,
2322 4072 2415 4133 11.
2456 4090 2484 4130 ‹
2514 4070 2590 4132 Et
2617 4070 2918 4133 advocatis
2950 4070 3020 4131 ad
3066 4085 3132 4129 se
3165 4060 3375 4139 turbis,
3412 4056 3561 4120 dixit

1908 4159 1996 4222 eis
2022 4177 2036 4221 :
2060 4159 2277 4221 Audite
2299 4167 2356 4220 et
2378 4158 2709 4238 intelligite.
2740 4157 2870 4220 Non
2914 4156 3071 4239 quod
3102 4149 3433 4232 ingreditur
3449 4164 3553 4239 gos.

1904 4248 2167 4329 impurat
2190 4248 2493 4310 hominem
2521 4272 2534 4307 :
2561 4235 2665 4311 sed
2691 4251 2846 4328 quod
2865 4235 3169 4327 egreditur
3195 4258 3265 4301 ex
3301 4255 3426 4311 ore,
3447 4235 3559 4329 hoc

1904 4323 2209 4417 impurum
2264 4338 2463 4399 reddit
2522 4323 2847 4399 hominem.
2890 4323 2927 4394 ι’
2951 4338 3081 4399 Non
3114 4329 3372 4411 loquitur
3403 4323 3559 4417 ultra

1905 4414 2249 4499 Pharisaeis,
2282 4435 2487 4507 utpote
2519 4425 2948 4488 incurabilibus
2983 4443 2996 4486 ε
3024 4422 3210 4484 turba:
3231 4424 3427 4479 autem
3462 4414 3555 4475 l0-

1907 4513 2129 4594 quitur,
2163 4523 2221 4575 et
2276 4532 2382 4595 per
2437 4516 2593 4594 quod
2627 4516 2756 4577 illos
2796 4516 2868 4577 ad
2900 4533 2965 4575 se
2996 4514 3238 4575 advocat
3265 4508 3556 4568 honorem

208 4606 295 4674 μᾷν
348 4607 557 4681 αὐτοὺς,
627 4606 719 4663 ’ίνα
802 4605 1191 4687 παραδέξωνται
1259 4605 1350 4660 τὶν
1419 4602 1577 4683 λόγον
1635 4608 1813 4683 αὐτοῦ,

1914 4603 2026 4669 illis
2049 4603 2283 4665 deferre
2301 4603 2629 4673 videtur,ut
2652 4605 2978 4685 suscipiant
2994 4615 3330 4663 sermonem
3356 4607 3551 4653 suum:

205 4692 279 4746 κιῖ
320 4713 497 4773 φησιν’
577 4693 825 4752 Ἀκοὺετι
880 4697 969 4754 καὶ
1023 4697 1246 4774 συνίετε,
1314 4690 1593 4750 διανιστῶν
1640 4693 1826 4757 αὐτοὺς

205 4778 266 4841 αἷς
308 4786 602 4865 προαοχήν.
663 4790 779 4843 Τῶν
864 4782 919 4841 δὲ
964 4785 1269 4863 Φαρισαίων
1323 4781 1651 4857 αἰτιωμένων
1706 4783 1826 4846 τοὺς

204 4872 417 4940 μαθητὰς
472 4876 549 4939 ὣς
610 4874 842 4939 ἀνίπτοις
919 4874 1102 4953 χερσὶν
1175 4871 1467 4945 ἐσθίοντας,
1526 4873 1555 4926 6
1638 4871 1825 4950 Κύριος

208 4960 305 5036 περὶ
353 4961 648 5041 βρωμάτων
704 4961 872 5041 λέγει,
929 4961 1009 5018 ὅτι
1063 4958 1209 5018 οὐδὲν
1280 4959 1468 5038 βρῶμα
1515 4971 1691 5015 κοινοῖ
1737 4961 1826 5015 τὸν

208 5042 480 5130 ἄνθρωπον,
542 5051 781 5108 τουτέστι
837 5049 1074 5125 μολύνει.
1149 5049 1249 5107 Καὶ
1312 5050 1355 5103 εἰ
1421 5049 1482 5103 τὸ
1534 5048 1721 5126 βρῶμα
1771 5052 1831 5107 οὐ

215 5134 428 5217 μολνᾶνει,
480 5138 667 5215 πολλῷ
714 5139 915 5216 μαλλον
966 5142 1028 5196 τὸ
1088 5139 1324 5201 ἀνίπτοις
1382 5138 1564 5215 χερσὶν
1616 5138 1827 5199 εσθίειν,

1913 4701 1971 4753 et
1997 4692 2213 4772 inquit,
2246 4692 2555 4767 Audite,et
2583 4693 2909 4771 intelligite,
2940 4692 3201 4752 excitans
3224 4702 3349 4777 eos,
3377 4688 3434 4777 et
3462 4688 3553 4777 at.-

1912 4766 2108 4843 tentos
2128 4781 2382 4861 faciens.
2420 4766 2567 4855 Quia
2587 4766 2801 4844 autem'
2816 4778 3096 4842 Pharisaei
3118 4771 3442 4866 arguebant
3470 4766 3558 4827 di-

1911 4869 2172 4949 scipulos
2194 4871 2351 4951 quod
2368 4872 2545 4933 illotis
2560 4870 2831 4932 manibus
2854 4861 3556 4951 comederent,Dominus

1911 4946 2149 5019 decibis
2163 4946 2473 5041 dicitquod
2491 4962 2685 5021 nullus
2698 4960 2865 5021 cibus
2881 4946 3555 5044 coinquinethominem,

1913 5065 1936 5108 \
1952 5047 2006 5108 el
2030 5047 2396 5127 impuret.Et
2417 5051 2467 5111 si
2491 5052 2655 5110 cibus
2676 5068 2795 5110 non
2818 5048 3105 5127 inquinat,
3138 5041 3323 5104 multo
3348 5041 3553 5127 magis,

1912 5135 2095 5197 illotis
2117 5124 2441 5199 comedere
2474 5138 2765 5199 manibus.
2827 5124 3180 5215 Coinquinat
3212 5128 3369 5191 enim
3401 5124 3561 5215 irtus

216 5226 417 5286 Μολὺνει
474 5232 577 5311 γὰρ
630 5233 721 5287 τὸν
781 5231 928 5295 ἐντὸς
984 5230 1280 5309 ἄνθρωπον,
1335 5229 1394 5283 τὸ
1444 5226 1618 5304 λέγειν
1664 5227 1700 5282 ἅ
1755 5228 1825 5303 μή

1915 5225 2219 5287 hominem
2257 5228 2454 5288 dicere
2476 5247 2606 5307 qua:
2627 5246 2743 5287 non
2767 5213 3021 5306 oportet.
3042 5223 3212 5285 Notat
3240 5227 3436 5311 autem
3468 5213 3558 5311 la-

215 5309 310 5377 διτ.
359 5302 643 5376 Λῖνίττέται
701 5317 755 5375 δὲ
812 5317 895 5375 διὰ
948 5302 1133 5376 τούτου
1203 5318 1323 5381 τοὺς
1354 5302 1691 5393 Φαρισαίους,
1728 5302 1825 5392 μο-

1917 5320 2112 5376 tenter
2132 5313 2461 5377 Pharisazos
2494 5302 2600 5395 per
2629 5316 2729 5377 illa
2755 5302 2953 5389 verba,
2981 5314 3083 5392 qui
3115 5312 3377 5371 dicentes
3404 5302 3558 5395 invi-

218 5397 509 5487 λυνομὲνους
561 5408 621 5466 ἐκ
674 5416 767 5466 τοῦ
816 5407 989 5487 λέγειν
1060 5407 1388 5487 φθονούντων
1448 5404 1679 5483 ῥήματα·
1742 5404 1825 5485 ὅρλ

1920 5404 2131 5464 dorum
2151 5403 2325 5465 verba
2354 5394 3073 5486 Coinquinabantur.Vide
3102 5410 3301 5462 autem
3331 5394 3564 5487 εδιῖξοη·

217 5486 267 5546 δὲ
318 5499 515 5577 σοφίαν,
574 5499 689 5563 πῶς
760 5494 875 5554 οὔτε
943 5499 1178 5577 φανερῶς
1261 5496 1322 5551 τὸ
1378 5492 1595 5552 ἄνιπτον
1653 5483 1825 5552 ισθιέυ

1922 5492 2088 5574 tiam,
2121 5493 2416 5573 quomodo
2477 5483 2669 5577 neque
2719 5492 3029 5557 manifeste
3080 5488 3259 5553 illotis
3286 5483 3563 5548 manibus

291 5644 366 5725 (ο)
396 5647 545 5715 Edit.
579 5650 711 5714 Lut.
746 5667 881 5714 cum
913 5647 1066 5712 mali
1094 5654 1307 5726 essent,
1343 5654 1589 5729 prapter
1617 5640 1782 5707 mola
1815 5658 2000 5723 opera
2034 5640 2212 5720 longe
2240 5641 2464 5721 ﬁebant
2496 5661 2529 5704 ιι
2554 5641 2692 5716 Deo,
2728 5651 2783 5705 et
2812 5641 3114 5706 divinum.
