4118 6220
468 377 583 443 307
1210 384 1213 385 ⁷
1436 376 2024 441 THEOPHYLACTI
2066 371 2476 438 BULGARIIE
2517 375 2875 439 ARCHIEP.
3723 365 3839 433 308

470 512 789 574 comedere
816 510 1123 593 approbat,
1188 526 1380 591 neque
1427 517 1754 582 aversatur,
1809 507 1912 569 sed
1945 505 2103 571 aliud

2206 512 2488 585 νομοθετεῖ,
2563 507 2680 568 οὔτε
2739 508 3044 587 ἀποτρέπει.
3104 505 3255 566 Ἀλλ’
3285 503 3462 585 ἕτερόν
3492 525 3541 593 τι
3570 501 3830 593 διδάσκει,

472 602 752 685 quiddam
788 590 1145 684 docet,quod
1180 590 1298 662 non
1325 598 1567 679 ejiciant
1598 615 1631 659 e
1663 606 1901 678 pectore
1922 599 2106 661 malos

2206 599 2250 656 :6
2321 600 2399 673 μὴ
2456 596 2732 656 ἇκϐάλλειν
2780 598 2886 655 ἀπὸ
2916 603 3014 666 τῆς
3058 593 3270 675 καρδίας
3313 592 3577 672 πονηροὺς
3621 590 3834 672 λόγους,

470 710 803 754 sermones.

552 782 847 845 VERSJQ.
887 783 1085 843 «Tunc
1114 778 1468 843 accedentes
1489 776 1765 857 discipuli
1788 778 1918 856 ejus
1937 776 2109 838 dixe--

2278 797 2303 833 ε
2389 777 2518 835 Τότε
2575 773 2953 855 προσελθόντας
3028 776 3074 832 οἱ
3145 774 3378 849 μαθηταὶ
3449 774 3628 845 αὐτοῦ,
3685 769 3842 828 εἷπον

472 874 619 934 runt
645 869 783 931 illi:
840 870 1007 933 Nosti
1062 868 1390 931 Pharisazos
1446 865 1645 929 auiito
1693 883 1971 927 sermone
2000 866 2112 927 isto

2206 869 2356 941 αὐτῷ·
2415 864 2582 930 Οἶδας
2640 865 2722 923 ὅτι
2780 868 2827 923 oi
2854 871 3141 944 Φαρισαῖοι
3173 862 3492 925 ἀκούσαντας
3521 861 3614 916 τὸν
3655 858 3840 938 λόγον,

475 960 737 1021 offensos
762 957 970 1020 fuisse?
998 983 1020 1012 »
1056 956 1343 1037 Discipuli
1393 964 1635 1035 propter
1665 956 1754 1015 79
1786 956 2113 1017 Pbarisaeos

2206 953 2723 1031 ἱσκανδαλίσθησανς
2792 973 2822 1014 ι
2887 955 2947 1022 οἱ
3004 952 3103 1029 μὲν
3161 952 3395 1029 μαθηταὶ
3422 948 3506 1005 διὰ
3550 950 3673 1013 τοὺς
3720 956 3841 1004 duo

474 1048 681 1110 dicunt
702 1048 859 1127 quod
884 1045 1091 1107 otfeusi
1134 1046 1273 1124 sint,
1304 1044 1533 1105 tametsi
1559 1042 1736 1104 etiam
1759 1042 1876 1123 ipsi
1903 1044 2113 1106 turbati

2206 1048 2425 1113 οισαίους
2490 1046 2750 1126 λέγουσιν,
2822 1045 2903 1102 ὅτι
2960 1042 3463 1110 ἓσκανδαλίσθησαν.
3514 1041 3663 1107 Πλὴν
3706 1039 3841 1097 ἄλλα

475 1136 719 1210 fuerint,
753 1135 907 1215 quod
959 1134 1331 1195 manifestum
1392 1150 1461 1192 ex
1509 1150 1578 1193 eo
1611 1130 1764 1212 quod
1797 1133 2121 1200 accesserit

473 1228 709 1297 Petrus,
737 1232 795 1287 et
824 1224 1281 1300 interrogaverit
1313 1220 1386 1282 de
1410 1221 1545 1282 hoc.
1572 1219 1753 1299 Igitur
1779 1220 1953 1283 Jesus
1983 1243 2114 1285 cum

475 1314 739 1375 audisset
768 1312 926 1393 quod
956 1311 1167 1373 otl'ensi
1195 1319 1393 1372 essent
1418 1308 1717 1391 Pharisaei,
1751 1309 1898 1371 dixit
1935 1333 1950 1372 :

554 1489 873 1563 νΕΒ8.13,
913 1492 1009 1553 14.
1077 1514 1103 1545 α
1156 1488 1364 1551 Omnis
1421 1488 1704 1568 plantatio
1761 1507 1938 1568 quam
1994 1508 2112 1551 non

478 1579 759 1657 plantavit
777 1591 946 1658 pater
978 1596 1145 1639 meus
1168 1578 1451 1656 cmlestis,
1474 1576 2117 1640 eradicabitur.0mitte

476 1667 632 1741 illos,
662 1667 845 1728 duces
900 1676 1037 1728 sunt
1087 1667 1229 1729 caeci
1277 1685 1594 1728 caecorum.
1631 1668 1816 1727 Porro
1847 1667 1895 1727 si
1927 1686 2117 1729 caecus

2198 1135 2288 1193 καὶ
2343 1136 2488 1194 αὐτοὶ
2572 1134 2983 1216 ἐθορυϐήθησαν
3041 1139 3198 1190 τοῦτο
3269 1130 3325 1188 δὲ
3377 1129 3540 1199 δῆλον
3595 1130 3701 1187 ἀπὸ
3751 1138 3843 1187 τοῦ

2199 1223 2511 1303 προσελθεῖν
2577 1227 2669 1283 τὸν
2727 1224 2922 1303 Πέτρον
2980 1224 3065 1279 καὶ
3142 1221 3402 1302 ἐρωτῆσαι
3459 1221 3577 1298 περὶ
3632 1219 3837 1281 τούτου.

2201 1306 2258 1373 1ί)
2315 1314 2439 1393 γοῦν
2498 1312 2700 1382 Ἰησοῦς
2755 1313 3008 1388 ἄκουσας,
3095 1310 3175 1369 ὅτι
3234 1307 3712 1378 ὶσκανδαλίσθησαν
3795 1312 3843 1367 οἱ

2195 1411 2505 1482 Φαρισαῖοι,
2537 1418 2675 1460 ειπε·

2283 1515 2311 1548 α
2359 1498 2507 1549 Πᾶσα
2558 1492 2737 1567 φυτεία
2794 1490 2860 1560 ἦν
2919 1491 3013 1548 οὒκ
3067 1489 3345 1568 ὶφύτευσεν
3373 1490 3402 1546 6
3459 1490 3641 1568 Πατὴρ
3671 1512 3773 1565 μου
3813 1493 3841 1546 6

2199 1582 2457 1658 οὒράνιος,
2531 1580 2958 1660 ἐκριζωθήσεταιο
3020 1577 3178 1657 ἄφετε
3234 1577 3444 1641 αὐτούς·
3482 1576 3667 1655 ὂδηγοί
3739 1580 3841 1635 είσι

2198 1668 2381 1749 τυφλοὶ
2435 1668 2666 1750 τυφλῶν,
2736 1667 2931 1750 τυφλὸς
2984 1664 3042 1724 δὲ
3072 1664 3264 1746 τυφλὸν
3314 1662 3403 1721 ἰὰν
3435 1663 3628 1745 ὁδηγῇ,
3656 1667 3837 1745 ἀμφό-

477 1774 633 1818 caeco
666 1756 780 1817 dux
815 1756 1014 1827 fuerit,
1038 1755 1213 1816 ambo
1246 1754 1307 1816 in
1329 1754 1555 1816 foveam
1590 1754 1865 1816 cadent.»
1902 1755 2113 1818 Senio-

2206 1780 2339 1837 τεροι
2392 1759 2465 1822 εἷς
2520 1759 2733 1835 βόθυνον
2763 1764 3063 1839 πεσοῦνται.
3103 1779 3132 1811 ι
3182 1757 3287 1819 Τᾶς
3327 1760 3433 1811 τῶν
3480 1753 3841 1833 πρεσϐυτέρων

475 1864 608 1907 rum
629 1844 979 1905 traditiones
1002 1855 1064 1906 et
1083 1844 1424 1906 Judazorum
1445 1851 1736 1923 praacepta
1749 1843 2113 1907 eradicatum

477 1932 551 1994 iri
580 1932 873 2006 dixit,non
908 1932 1139 2011 legalia,
1173 1939 1236 1993 ut
1264 1932 1603 1993 existimant
1632 1933 1961 1996 Manichaai.
1997 1934 2117 1997 Lex

477 2022 637 2084 enim
661 2021 946 2102 plantatio
969 2030 1057 2083 est
1074 2020 1331 2093 Dei,non
1355 2021 1533 2099 igitur
1562 2020 1664 2082 illa
1684 2022 1980 2084 eradicata
2004 2033 2112 2086 est.

476 2115 677 2173 Manet
706 2112 862 2171 enim
891 2110 1058 2171 radix
1089 2110 1241 2188 ejus,
1272 2109 1334 2169 id
1376 2116 1485 2189 est,
1520 2109 1761 2190 spiritus
1792 2110 1893 2191 qui
1923 2112 1983 2173 in
2015 2132 2115 2174 oc-

477 2201 634 2261 culto
666 2206 775 2259 est.
814 2199 975 2261 Folia
1004 2208 1221 2270 autem,
1256 2199 1368 2259 hoc
1417 2206 1525 2278 est,
1564 2217 1856 2279 apparens
1895 2200 2114 2275 littera,

476 2288 985 2365 deﬂuunt.Legem
1018 2287 1175 2347 cnim
1202 2286 1356 2348 ultra
1377 2305 1493 2346 non
1508 2287 1678 2364 juxta
1700 2288 1976 2364 litteram,
2011 2291 2115 2352 sed

472 2378 638 2456 juxta
660 2375 934 2455 spiritnm
962 2374 1665 2452 intelligimus.Quoniam
1689 2383 1884 2437 autem
1909 2377 2120 2457 despe-

475 2465 586 2526 rati
616 2484 683 2526 ac
716 2462 1076 2525 incurabiles
1105 2470 1271 2523 erant
1293 2462 1597 2543 Pliarisaai,
1633 2463 1780 2524 dixit
1811 2482 1824 2527 :
1851 2463 2118 2529 Omittite

475 2553 630 2614 illos.
664 2552 816 2613 Hinc
847 2552 1004 2613 enim
1050 2551 1357 2624 discimus,
1410 2551 1566 2631 quod
1601 2552 1819 2613 offendi
1853 2552 1987 2615 illos
2016 2556 2117 2635 qui

474 2650 683 2721 sponte
712 2641 1115 2719 otienduntur,
1175 2647 1233 2700 et
1282 2637 1640 2701 incurabiles
1690 2656 1848 2717 sum,
1881 2661 2000 2703 non
2031 2652 2120 2706 est

474 2730 644 2791 nobis
665 2729 1450 2805 damnosumPrmceptores
1465 2736 1659 2789 autem
1690 2729 1823 2790 illos
1844 2730 1987 2793 dicit
2009 2752 2121 2794 cae-

473 2836 572 2883 cos
594 2835 887 2880 caecorum
912 2818 1118 2893 duces,
1154 2826 1217 2878 ut
1246 2816 1320 2877 ab
1353 2817 1440 2878 eis
1470 2816 1675 2879 turbas
1699 2818 1972 2893 abducat.

552 2997 734 3061 Vens.
781 2999 873 3061 15.
912 3022 931 3054 ι
972 2997 1369 3080 Respondens
1398 3005 1595 3058 autem
1617 2999 1825 3059 Petrus
1846 2998 1991 3058 dixit
2021 3000 2114 3063 ei:

2199 1835 2514 1919 παραδόσεις
2572 1848 2659 1904 καὶ
2712 1847 2780 1903 τὰ
2840 1835 3102 1904 Ἰουδαϊκὰ
3151 1843 3452 1919 ἐντάλματα
3511 1843 3662 1922 λέγει
3690 1845 3838 1923 ἔκρι-

2199 1938 2544 2007 ζιοθήσεσθαι⁸
2611 1937 2733 2016 οὐχὶ
2787 1936 2855 1993 τὰ
2907 1943 2999 1992 τοῦ
3054 1934 3238 2009 νόμου,
3302 1934 3374 1996 ὡς
3432 1940 3605 1990 νοοῦσι
3665 1941 3838 1990 Μανι-

2200 2039 2382 2105 χαῖοι·
2416 2028 2444 2081 6
2477 2026 2578 2105 γὰρ
2606 2025 2767 2099 νόμος
2826 2027 3007 2105 φυτεία
3059 2023 3169 2080 ἐστὶ
3201 2029 3353 2079 Θεοῦ·
3401 2025 3462 2080 οὐ
3490 2022 3659 2079 τοίνυν
3692 2023 3841 2087 οὗτος

2205 2112 2531 2192 ἒεεῤῥιζώθη.
2585 2110 2743 2171 Μένει
2814 2114 2913 2193 γὰρ
2968 2111 2999 2177 ἡ
3056 2112 3168 2189 ῥίζα
3223 2112 3403 2191 αὐτοῦ,
3460 2110 3721 2187 τουτέστι,
3780 2114 3843 2169 τὸ

2200 2202 2430 2279 κρυπτόμ
2443 2202 2557 2259 ενόν
2612 2207 2838 2277 πνεῦμα.
2868 2201 2944 2259 Τὰ
3000 2197 3056 2255 δὲ
3086 2197 3278 2279 φύλλα,
3345 2199 3464 2267 ἢτοι
3519 2201 3583 2257 τὸ
3647 2202 3837 2269 φαινό-

2200 2312 2360 2367 μενον
2437 2290 2681 2369 γράμμα,
2762 2287 3023 2366 ἀπεῤῥὺηθ
3075 2288 3170 2345 οὐκ
3237 2286 3312 2343 ’ἐτι
3380 2288 3480 2367 γὰρ
3530 2289 3622 2346 τὸν
3677 2290 3839 2365 νόμον

2200 2381 2335 2438 κατὰ
2402 2381 2464 2436 16
2519 2379 2765 2457 γράμμα,
2837 2376 2975 2434 ἀλλὰ
3002 2377 3139 2434 κατᾶ
3232 2378 3294 2433 τὸ
3330 2387 3535 2453 πνεῦμα
3593 2386 3833 2455 νοοῦμεν·

2202 2467 2652 2547 Ἀπεγνωσμένων
2678 2464 2732 2523 δὲ
2761 2464 2927 2524 ὄντων
2969 2471 3075 2522 τῶν
3102 2467 3408 2544 Φαρισαίων
3450 2467 3536 2523 val
3584 2468 3834 2541 ἀνιάτων,

2198 2562 2319 2615 εἶπε
2352 2546 2449 2613 τό⁶
2506 2546 2712 2634 ’Ἄφετε
2769 2554 2976 2621 αὖτοὺς.
3009 2554 3275 2613 Ἐντεῦθεν
3345 2558 3432 2613 οὖν
3482 2556 3837 2631 μανθάνομεν,

2197 2648 2278 2704 ὃτι
2335 2647 2395 2702 16
2454 2643 2880 2716 σκανδαλίζεσθαι
2936 2646 3059 2709 τοὺς
3118 2645 3290 2701 ἑκοντὶ
3343 2642 3839 2722 αανδῦλιζομένους

2197 2736 2286 2792 καὶ
2340 2734 2607 2807 ἀνιάτους,
2680 2738 2774 2793 οὒκ
2825 2734 2964 2791 ἔστιν
2993 2735 3129 2809 ἡμῖν
3159 2730 3439 2810 βλαϐερόν
3496 2732 3840 2800 διδασκάλους

2200 2822 2253 2879 δὲ
2325 2823 2510 2887 αὐτοὺς
2567 2822 2710 2901 λέγει
2767 2821 2991 2901 τυφλοὺς
3036 2821 3267 2903 τυφλῶν·
3299 2830 3453 2879 τοῦτο
3494 2821 3549 2880 δέ
3576 2846 3736 2903 φησιν
3768 2826 3842 2888 ὡς

2201 2912 2263 2970 ἂν
2293 2913 2575 2989 ἀποστήσῃ
2605 2912 2698 2968 ἀπ’
2743 2914 2914 2969 αὐτῶν
2956 2913 3078 2977 τοὺς
3109 2910 3331 2992 ὄχλους.

2290 3026 2317 3058 α
2366 3000 2691 3080 Ἀποκριθεὶς
2762 2999 2816 3057 δὲ
2847 3004 2874 3057 6
2932 3001 3151 3081 Πέτρος,
3210 3001 3365 3081 εἶπεν
3412 3003 3571 3073 αὗτῷ·
3632 3003 3840 3079 Φράσον

471 3088 579 3151 Dic
608 3088 780 3150 nobis
813 3078 1150 3167 parabolam
1181 3087 1356 3149 hanc.
1395 3111 1422 3141 υ
1480 3089 1686 3148 Petrus
1716 3086 1857 3166 quia
1888 3087 2113 3149 sciebat

2206 3097 2328 3168 ἡμῖν
2386 3090 2486 3158 τὴν
2535 3078 2844 3167 παραϐολὴν
2871 3078 3089 3155 ταύτην.
3132 3078 3153 3145 ὲ
3221 3078 3279 3147 ι0
3324 3088 3520 3166 Πέτρας
3579 3078 3691 3145 έπεῖ
3722 3088 3835 3166 ᾔδει

473 3179 665 3257 legem
690 3175 1008 3257 prohibere
1027 3176 1363 3255 promiscue
1385 3192 1549 3236 esum
1574 3175 1929 3247 omnium,et
1952 3177 2116 3238 time-

472 3265 572 3327 bat
598 3265 798 3326 dicere
828 3262 970 3325 Jesu
996 3281 1010 3326 :
1041 3262 1121 3323 Ex
1152 3262 1245 3323 his
1276 3281 1405 3343 quae
1458 3262 1672 3337 dixisti,
1708 3263 2067 3326 offendimur
2097 3284 2111 3328 :

469 3364 759 3433 apparent
781 3351 941 3413 enim
964 3351 1079 3431 legi
1103 3351 1349 3413 adversa
1372 3369 1505 3412 esse
1532 3369 1544 3413 ε
1572 3351 1809 3413 simulat
1831 3352 2111 3431 ignoran-

474 3443 634 3515 tiam,
669 3448 727 3503 et
762 3441 1107 3519 interrogat.

552 3534 733 3594 Vsus.
762 3532 968 3594 lii-‘20.
1008 3532 1212 3592 «Jesus
1236 3538 1431 3591 autem
1460 3530 1607 3592 dixit
1641 3551 1653 3591 :
1688 3531 1902 3594 Adhuc
1933 3538 1991 3593 et
2013 3551 2114 3594 vos

470 3620 867 3698 intelligentia
886 3619 1401 3683 caretis.Nondum
1418 3620 1747 3699 intelligitis
1764 3622 1920 3701 quod
1945 3622 2107 3700 quid-

474 3710 613 3791 quid
638 3709 968 3789 ingreditur
998 3709 1058 3770 in
1085 3710 1240 3783 os,in
1264 3710 1455 3771 alvum
1484 3709 1692 3782 abit,et
1720 3709 1778 3771 ir.
1811 3728 2110 3772 secessum

472 3798 709 3879 ejicitur
728 3805 756 3861 ἲ
780 3798 856 3860 At
879 3817 949 3860 ea
968 3817 1099 3879 quae
1127 3799 1583 3878 proﬁciscuntur
1632 3819 1699 3859 ex
1732 3817 1857 3879 ore,
1887 3818 1957 3861 ex
1983 3801 2111 3879 ipso

469 3888 649 3950 corde
679 3888 1274 3966 egrediuntur,etil|a
1304 3889 1601 3968 impurum
1634 3888 1894 3950 reddunt
1926 3889 2113 3949 homi-

467 3975 781 4039 nem.Nam
806 3995 874 4038 ex
898 3977 1079 4038 corde
1103 3985 1319 4038 exeunt
1363 3976 1749 4054 cogitationes
1772 3977 1965 4057 malae,
1997 3998 2111 4040 ca:-

466 4066 593 4138 des,
619 4064 931 4138 adulteria,
966 4073 1190 4147 stupra,
1217 4064 1543 4145 [urta,falsa
1574 4066 1930 4147 testimonia,
1961 4087 2109 4129 con-

464 4155 635 4217 vicia.
668 4154 806 4215 Haec
838 4162 976 4217 sunt
1032 4173 1164 4235 quae
1216 4155 1515 4234 impuram
1556 4154 1881 4217 hominem.
1917 4155 2104 4219 Caete-

462 4262 596 4307 rum
630 4243 808 4305 illotis
839 4243 1110 4306 manibus
1149 4243 1347 4305 cibum
1386 4261 1621 4323 capere,
1679 4263 1797 4305 non
1841 4244 2109 4327 inquinat

2199 3182 2279 3240 ὅτι
2336 3184 2364 3238 6
2433 3180 2593 3254 νόμος
2645 3176 2843 3237 ἰκωλυε
2905 3178 3074 3234 πάντα
3104 3178 3316 3252 εσθῖειν,
3349 3174 3525 3238 δεδιὼς
3559 3178 3729 3234 εἰπεῖν
3759 3184 3837 3252 τῷ

2201 3260 2397 3349 Ἰησοῦ,
2453 3266 2534 3324 ὅτι
2607 3264 3024 3342 Σκανδαλίζομαι
3053 3255 3139 3347 ἔφ’
3167 3270 3253 3330 οἷς
3284 3266 3468 3341 εἶπας,
3499 3267 3835 3346 φαινομένοις

2197 3360 2524 3437 παρανόμοις
2585 3356 2752 3413 εἶναι·
2814 3368 3188 3435 προσποιεῖται
3214 3354 3431 3433 ἄγνοιαν
3460 3355 3547 3411 καὶ
3573 3355 3837 3434 ἐπερωτᾷ,

2284 3559 2311 3591 ε
2348 3528 2405 3593 Ὀ
2462 3534 2518 3592 δὲ
2574 3534 2778 3601 Ἰησοῦς
2833 3532 3011 3610 εἶπεν,
3047 3530 3259 3606 Ἀκμὴν
3290 3532 3379 3588 καὶ
3405 3532 3561 3606 ὑμεῖς
3603 3533 3844 3591 ἀσύνετοί

2196 3628 2334 3687 ἰστε.
2371 3625 2531 3683 Οῧπω
2580 3636 2775 3689 νοεῖτε,
2840 3621 2920 3678 ὅτι
2976 3627 3081 3677 πᾶν
3137 3622 3198 3677 τὸ
3224 3622 3654 3700 είσπορευομενον
3677 3624 3752 3686 εἷς
3780 3625 3843 3680 τὸ

2196 3717 2390 3794 στόμα,
2436 3715 2509 3777 εἷς
2537 3713 2634 3780 τὴν
2663 3709 2866 3768 κοιλίαν
2909 3723 3084 3789 χωρεῖ
3113 3711 3199 3765 καὶ
3228 3712 3301 3773 εἷς
3332 3706 3602 3790 ἀφεδρῶνα
3644 3710 3836 3769 ἐκϐόλ-

2194 3803 2339 3859 λεται
2374 3822 2390 3883 ;
2453 3803 2529 3861 Τὰ
2579 3799 2631 3856 δὲ
2684 3799 3073 3878 ἐκπορευόμενα
3102 3797 3161 3854 lx
3191 3806 3282 3855 τοῦ
3313 3799 3599 3873 στόματος,
3650 3799 3709 3856 ἐκ
3738 3803 3836 3870 τῆς

2194 3891 2406 3971 καρδίας
2490 3888 2787 3969 ἰξέρχεται,
2860 3887 3082 3944 κᾶκεῖνα
3126 3900 3301 3945 κοινοῖ
3329 3889 3420 3944 τὸν
3451 3886 3746 3967 ἄνθρωπον
3781 3891 3844 3948 ἐκ

2194 3982 2292 4059 γὰρ
2346 3985 2443 4047 τῆς
2528 3976 2743 4057 καρδίας
2802 3975 3111 4056 ἐξέρχονται
3184 3976 3520 4054 διαλογισμοὶ
3589 3982 3834 4060 πονηροὶ,

2193 4069 2366 4150 φόνοι,
2428 4080 2698 4146 μοιχεῖαι,
2762 4079 3029 4146 πορνεῖαι,
3078 4064 3298 4145 κλοπαὶ,
3372 4064 3832 4148 ψευδομαρτυρίαι,

2193 4158 2546 4239 βλασφημίαι.
2620 4156 2794 4215 Ταῦτά
2822 4158 2932 4211 εστι
2983 4156 3050 4210 τὰ
3103 4155 3374 4212 κοινοῦντα
3402 4158 3493 4212 τὸν
3544 4155 3838 4235 ἄνθρωπον.

2190 4250 2262 4306 Τὸ
2315 4246 2371 4303 δὲ
2429 4247 2665 4308 ἀνίπτοις
2723 4245 2876 4325 χερσὶ
2931 4257 3146 4324 φαγεῖν,
3199 4244 3257 4301 οὔ
3288 4258 3463 4302 κοινοῖ
3511 4247 3600 4302 τὸν
3630 4244 3835 4326 ἂνθρω-

464 4333 795 4395 hominem.
835 4358 858 4389 ι)
914 4332 1189 4413 Increpat
1217 4332 1542 4412 discipulos
1574 4331 1928 4414 Salvator,et
1956 4336 2105 4396 insi-

2206 4358 2312 4397 τον.
2368 4358 2397 4391 ι
2459 4335 2713 4410 Ἐπιτιμᾷ
2753 4346 2870 4397 τοῖς
2915 4336 3184 4407 μαθηταῖς
3218 4336 3244 4390 6
3287 4335 3494 4411 Σωτὴρ,
3532 4338 3619 4393 καὶ
3663 4337 3837 4416 ἀφρο..

464 4422 755 4524 ρίιξιιῐίειιῐι⁸
775 4404 1210 4527 expr'obrat,vel
1238 4430 1299 4482 ut
1318 4404 1682 4527 oti‘epsis,vel
1710 4430 1774 4484 ut
1796 4404 2107 4486 manifesta

2206 4425 2354 4492 τύνην
2422 4404 2699 4497 ὀνειδίζει,
2742 4420 2778 4490 ἤ
2847 4404 2926 4483 ὡς
2953 4404 3501 4492 σκανδαλισθεῖσινξῆ
3535 4426 3609 4488 ὡς
3639 4404 3833 4504 ἀγνοή-

463 4510 1057 4591 ignorantibus.Dicit
1072 4512 1266 4591 igitur:
1287 4514 1417 4573 Non
1438 4511 1764 4592 intelligitis
1784 4514 1939 4594 quod
1972 4531 2106 4575 om-

2206 4536 2312 4569 racn
2364 4514 2424 4570 τὸ
2455 4510 2641 4591 σαφές⁶
2676 4512 2834 4590 φησὶν
2867 4512 2981 4589 οὖν,
3013 4509 3094 4566 ὅτι
3138 4518 3305 4571 Τοῦτο
3346 4513 3407 4567 τὸ
3435 4518 3565 4570 πᾶσι
3614 4515 3838 4590 νοοὺμε-

463 4618 573 4663 nes
600 4600 935 4679 intelligunt
984 4608 1041 4662 et
1083 4599 1319 4664 sciunt?
1368 4600 1496 4664 Cibi
1529 4602 1686 4662 enim
1720 4621 1837 4662 non
1868 4613 2109 4665 manent

2206 4626 2274 4660 ρον
2329 4603 2417 4659 καὶ
2474 4599 2787 4679 φαινόμενον
2846 4599 2904 4656 o6
2974 4611 3148 4656 νοεῖτε
3182 4618 3198 4672 ;
3232 4599 3312 4656 ὅτι
3343 4602 3407 4657 τὰ
3452 4601 3550 4677 μὲν
3578 4602 3838 4681 βρώματα

464 4689 645 4763 intus,
680 4690 784 4752 sed
811 4690 964 4751 infra
995 4699 1213 4753 exeunt
1239 4708 1344 4770 per
1377 4690 1603 4764 alvum,
1637 4700 1696 4751 et
1728 4690 1871 4752 nihil
1904 4692 2105 4753 homi-

2206 4691 2247 4746 δῦ
2300 4690 2446 4766 μένει
2502 4687 2628 4763 ἔσω,
2688 4687 2827 4744 ἀλλὰ
2880 4686 3027 4744 κάτω
3101 4686 3429 4768 ἰξέρχονται,
3465 4688 3631 4766 μηδὲν
3662 4689 3836 4766 μολὺ-

464 4797 601 4841 nem
625 4779 903 4841 in’anima
919 4780 1452 4861 coinquinant,non
1478 4778 1635 4839 enim
1662 4788 1901 4841 manent
1921 4780 2102 4845 intus.

2206 4801 2343 4837 νοντα
2396 4776 2531 4835 κατᾶ
2581 4778 2765 4855 ψυχὴν
2824 4777 2916 4832 τὸν
2987 4775 3280 4856 ἄνθρωπον,
3332 4779 3392 4836 οὐ
3449 4779 3549 4858 γὰρ
3592 4781 3835 4853 μένουσιν

463 4867 862 4946 Cogitationes
888 4877 1082 4930 autem
1110 4868 1471 4929 intrinsecus
1521 4878 1867 4943 nascuntur,
1888 4877 1946 4932 et
1976 4889 2105 4931 ma-

2206 4866 2356 4927 ἱνδον.
2418 4868 2476 4927 Οἱ
2535 4862 2591 4920 δὲ
2646 4863 2895 4942 λογισμοὶ
2982 4864 3174 4922 ἔσωθέν
3244 4887 3301 4922 τε
3356 4869 3664 4948 γεννῶνται,
3750 4862 3841 4924 καὶ

463 4966 607 5018 nent
632 4956 775 5035 illic,
812 4963 872 5020 et
926 4957 1320 5037 egredientes,
1368 4957 1481 5018 hoc
1509 4958 1682 5030 est,in
1717 4976 1862 5038 opus
1894 4976 2104 5039 proce-

2206 4960 2433 5018 ιένουσιν
2501 4957 2639 5031 ἰκετ,
2710 4959 2798 5013 καὶ
2823 4955 3190 5038 ὶξερχόμενοι,
3237 4958 3525 5033 τουτέστιν,
3576 4961 3650 5024 εἷς
3681 4960 3834 5039 ἔργον

463 5044 674 5107 dentes
694 5054 753 5106 et
774 5054 940 5108 actus
959 5046 1614 5127 inquinanthominem.
1642 5045 1922 5125 Cogitatio
1949 5048 2105 5109 enim

2206 5048 2595 5130 προχωροῦντες
2652 5047 2739 5103 καὶ
2796 5049 2870 5111 είς
2900 5047 3108 5127 πρᾶξιν,
3164 5046 3445 5123 μολύνουσι
3492 5050 3581 5106 τὸν
3627 5049 3832 5128 ἔνθρωο

466 5134 839 5196 scortationis
858 5135 1218 5199 intrinsecus
1247 5153 1495 5197 manens
1527 5135 1802 5211 maculat,
1840 5142 1902 5201 et
1930 5156 2109 5219 egre-

2206 5160 2313 5197 τονο
2372 5140 2401 5195 6
2470 5137 2570 5215 γὰρ
2611 5133 2869 5213 λογισμὸς
2898 5140 2995 5207 τῆς
3026 5137 3289 5216 πορνείας,
3327 5136 3517 5193 ἕσωθέν
3547 5158 3601 5194 τε
3634 5138 3827 5215 μένων,

466 5222 639 5285 diens
666 5222 726 5284 in
757 5243 906 5304 opus
937 5225 1211 5288 maculat.

2206 5229 2409 5307 ιιαίνει,
2480 5225 2569 5281 καὶ
2623 5222 2973 5305 ἰξιρχόμενος
3004 5228 3078 5291 εἷς
3121 5226 3276 5305 ἔργον
3316 5228 3404 5283 καὶ
3445 5229 3830 5307 πραττόμενος,

2190 5316 2535 5376 κατασπιλοῖ.

540 5398 722 5465 Vana.
752 5401 960 5477 21,23.
994 5400 1099 5463 tEt
1128 5402 1428 5481 digressus
1449 5402 1614 5466 illinc
1632 5404 1826 5485 Jesus,
1861 5406 2105 5468 secessit

2278 5428 2301 5464 ε
2354 5408 2452 5465 Καὶ
2496 5403 2715 5470 ἐξελθὼν
2771 5406 2973 5464 ἃκεῖθεν
3035 5409 3062 5463 6
3108 5404 3338 5488 Ἰησοῦς,
3380 5408 3726 5489 ἀνεχὼρησεν
3759 5411 3833 5472 είς

460 5488 523 5551 in
548 5497 746 5571 partes
776 5489 913 5570 Tyri
944 5500 1001 5552 et
1029 5489 1269 5553 Sidonis
1300 5513 1313 5551 :
1348 5501 1407 5555 et
1455 5510 1596 5556 ecce
1625 5494 1841 5557 mulier
1869 5492 2103 5558 Chana-

2206 5498 2255 5553 τὰ
2326 5495 2463 5576 μέρη
2533 5493 2696 5570 Τύρου
2728 5497 2815 5551 καὶ
2846 5495 3099 5559 Σιδῶνος’
3131 5497 3218 5551 καὶ
3246 5492 3355 5553 ἰδοὺ
3401 5488 3535 5576 γυνῆ
3567 5499 3836 5557 Χαναναία

459 5594 587 5668 nata
614 5596 749 5658 quae
777 5596 811 5668 a
835 5577 1056 5639 ﬁnibus
1082 5578 1198 5668 illis
1222 5582 1784 5655 venerat,clamabat
1808 5584 1880 5645 ad
1908 5583 2097 5668 illum,

2206 5586 2293 5643 i116
2346 5591 2453 5644 τῶν
2511 5582 2665 5663 ὁρίων
2727 5584 2941 5643 ἱκείνων
2985 5582 3282 5666 ὶξελθοῦσα,
3308 5585 3621 5667 ἄκραόγαζεν
3666 5589 3830 5668 αὐτῷ,

456 5666 689 5735 dicens:
726 5666 1007 5729 Miserere
1029 5666 1544 5751 mei,Domine,tili
1565 5670 1747 5735 David
1775 5695 1790 5735 :
1816 5674 1938 5739 tilia
1969 5666 2100 5738 mea

2206 5677 2431 5756 té-{ouoa'
2465 5669 2722 5741 Ἐλέησόν
2765 5696 2859 5757 με,
2892 5674 3043 5756 Κύριε
3073 5673 3147 5732 υἰέ
3194 5673 3371 5732 Δαυίδ·
3407 5677 3443 5746 ἡ
3470 5666 3705 5759 θυγάτηρ
3728 5666 3832 5755 μου
