4118 6220
307 307 412 375 309

915 310 1357 374 ENARRATIO
1400 312 1481 376 IN
1526 313 2034 378 EVANGELIUM
2078 316 2480 380 MATTH/EI.
2530 350 2609 363 ——
2651 320 2816 382 CAP.
2864 321 2995 383 XV.

3532 320 3650 388 310

303 442 456 504 κακῶς
508 439 886 532 δαιμονίζεται,
922 435 980 503 Ὀ
1046 441 1101 500 δὲ
1152 446 1247 503 οὐκ
1316 443 1573 524 ἀπεκρίθη
1634 445 1764 512 αὒτῆ
1820 444 1908 532 λό-

2007 444 2161 506 male
2183 463 2216 506 a
2239 445 2531 509 daemonio
2555 446 2939 526 agitatur.llle
2954 468 3091 511 vero
3104 467 3224 512 non
3245 452 3562 532 respondit
3590 458 3646 519 ei

294 552 397 608 γῆν.
460 551 483 587 ε
548 533 699 595 Τίνος
754 530 932 589 ἕνεκεν
986 534 1106 598 τοὺς
1138 535 1379 608 μαθητάς
1411 532 1652 598 κωλύσας
1702 536 1777 597 εἷς
1810 531 1927 590 ὁδὸν

288 622 433 676 tam
485 620 764 693 ἀπεΑθεῖν,
825 620 980 684 αὐτός
1038 623 1111 685 εἷς
1169 624 1332 701 Τύρον
1401 624 1492 679 καὶ
1548 621 1776 695 Σιδῶνα,
1832 623 1927 685 τάς

283 709 474 771 υθνικάς
526 708 735 785 πόλεις,
798 710 1139 788 παραγίνεται
1178 730 1194 785 ;
1268 711 1411 768 Μάθε
1442 711 1532 768 οὖν
1575 710 1655 768 ὅτι
1702 714 1806 792 οὔχ
1852 713 1925 775 ὡς

279 796 508 876 κηρύξων
564 797 721 866 ἦλθεν
790 798 931 878 ἀκεῖ,
976 798 1090 856 imi
1133 802 1209 863 ὼς
1252 802 1281 858 ὁ
1325 801 1537 878 Μάρκος
1582 801 1734 881 φησὶ,
1776 820 1800 857 ε
1838 802 1925 856 καὶ

277 886 490 964 ἂρυψεν
554 888 763 951 ἑαυτόν.
829 911 858 942 ι
924 886 1146 952 ’Ἄλλως
1176 911 1259 963 τε,
1305 888 1418 946 imi
1450 886 1560 946 εἶδε
1600 891 1719 952 τοὺς
1751 897 1923 963 Φαρι-

273 978 440 1040 σαίους
495 978 579 1051 μὴ
663 968 971 1052 δεξαμένους
1045 979 1134 1035 τὸν
1205 980 1321 1055 περὶ
1393 979 1688 1055 βρωμάτων
1740 976 1919 1057 λόγον,

272 1062 572 1140 μεταϐαίνει
630 1065 715 1122 ἐπὶ
784 1066 851 1122 τά
928 1064 1076 1133 ἕθνη,
1140 1066 1397 1135 Ἐλέησον
1465 1065 1519 1123 δὲ
1578 1066 1748 1145 λέγει,
1800 1067 1923 1146 οὐχὶ

269 1156 363 1221 τὴν
430 1154 695 1233 θυγατέρα
762 1176 888 1229 μουο
933 1154 1111 1223 ἐκείνη
1167 1157 1266 1234 γάρ
1294 1156 1627 1236 ἀναισθητεῖ,
1662 1155 1781 1212 ἀλλ’
1825 1156 1920 1231 ὶμὲ

265 1246 358 1311 τὴν
405 1246 475 1300 τὰ
532 1243 685 1304 δεινὰ
741 1245 1060 1324 πάσχουσαν
1115 1247 1202 1302 καί
1262 1244 1668 1321 αἰσθανομένην.
1720 1246 1819 1303 Καὶ
1862 1246 1922 1302 ού

266 1331 425 1414 λέγει,
463 1331 645 1413 Ἐλθὲ,
677 1335 766 1391 καὶ
795 1332 971 1408 ἴασαι,
1006 1332 1127 1391 ἀλλ’
1172 1333 1454 1402 Ἐλέησον.
1481 1331 1542 1392 Ὀ
1571 1332 1626 1391 δὲ
1655 1335 1751 1391 οὐκ
1778 1334 1919 1391 ἀπο-

265 1423 488 1500 κρίνεται
551 1423 687 1499 αὐτῇ
756 1421 939 1501 λόγον,
970 1423 1073 1503 οὔχ
1116 1425 1190 1487 ὡς
1244 1429 1611 1502 καταφρονῶν,
1646 1420 1763 1478 ἀλλ’
1824 1420 1916 1478 ’ίνα

265 1510 421 1587 δείξῃ,
485 1511 571 1569 ὃτι
632 1510 718 1568 διὰ
773 1512 894 1577 τοὺς
939 1510 1217 1577 Ἰουδαίους
1272 1511 1401 1580 ἦλθε
1477 1510 1909 1591 προηγουμένως·

264 1602 345 1657 καὶ
400 1598 648 1680 ἰμφράξῃ
702 1602 797 1665 τὰς
870 1602 1217 1681 συγοφαντίας
1278 1603 1474 1676 αὐτῶν,
1536 1602 1614 1677 μὴ
1672 1600 1913 1681 έχόντων

2011 533 2273 597 verbum.
2315 560 2340 590 ι
2375 534 2569 607 Quare
2600 537 2929 616 discipulos
2960 539 3260 618 prohibuit
3290 542 3375 604 ire
3407 543 3466 603 in
3489 544 3639 607 viam

2008 623 2431 704 gentium,ipse
2462 634 2660 687 autem
2693 626 2754 687 in
2786 626 3011 706 Tyrum
3044 634 3101 689 et
3127 627 3433 703 Sidonem,
3462 634 3647 711 genti-

2009 710 2154 772 lium
2174 713 2613 783 civitates,ivit?
2637 716 2809 779 Disce
2832 716 3008 796 igitur
3030 716 3186 797 quod
3208 735 3323 781 non
3346 727 3409 780 ut
3430 710 3646 800 praedi-

2008 810 2245 863 caturus
2266 801 2368 863 ivit
2398 802 2707 885 illuc,quia
2730 806 2816 885 (ut
2841 809 3078 867 Marcus
3100 806 3264 886 dicit)
3281 816 3371 867 «et
3392 810 3644 872 occulta-

2007 890 2088 951 vit
2114 908 2239 953 δε..
2274 890 2381 954 Vel
2409 893 2582 955 aliter
2610 894 2695 955 sic
2726 912 2739 956 :
2792 894 2931 974 quia
2958 894 3103 955 vidit
3132 896 3459 959 Pharisaaos
3488 899 3648 962 nolle

2006 980 2308 1060 suscipere
2331 1000 2669 1044 sermonem
2693 983 2769 1045 de
2795 983 2887 1043 80
2912 982 3300 1057 cibis,transit
3322 985 3393 1046 ad
3416 995 3642 1064 gentes.

2005 1068 2291 1132 Miserere
2335 1078 2554 1145 autem,
2608 1072 2749 1134 dicit
2805 1092 2922 1134 non
2969 1072 3100 1133 ﬁliae
3144 1092 3314 1149 meae,
3362 1074 3462 1135 illa
3486 1075 3643 1137 enim

2004 1176 2183 1219 sensu
2214 1168 2398 1234 caret,
2452 1159 2555 1221 sed
2590 1162 2728 1241 mei,
2787 1180 2917 1243 quae
2968 1168 3083 1223 tam
3132 1162 3331 1238 gravia
3377 1164 3565 1243 patior
3589 1172 3649 1227 et

2004 1247 2220 1309 sentio.
2247 1247 2370 1310 Nec
2404 1248 2567 1320 dicit,
2606 1248 2780 1326 Veni,
2807 1257 2865 1311 et
2894 1269 3057 1326 sana,
3094 1251 3222 1332 sed,
3256 1252 3648 1315 Miserere.At

2001 1336 2102 1397 ille
2125 1355 2243 1397 non
2268 1338 2577 1418 respondit
2599 1338 2654 1399 ei
2675 1338 3069 1419 verbum,non
3100 1339 3255 1418 quod
3281 1348 3639 1417 contemnat,

2001 1424 2104 1485 sed
2139 1434 2201 1488 ut
2225 1426 2499 1489 ostendat
2527 1426 2681 1507 quod
2713 1436 2956 1509 propter
2971 1426 3003 1489 J
3013 1428 3208 1490 udzeos
3239 1429 3513 1510 inprimis
3544 1450 3642 1493 ve-

1998 1514 2156 1576 nerit
2187 1535 2200 1575 :
2236 1524 2293 1576 et
2324 1525 2386 1577 ut
2414 1515 2688 1577 occludat
2718 1517 3046 1578 calumnias
3077 1536 3389 1592 eorum,ne
3413 1521 3641 1598 possint

1999 1612 2197 1684 postea
2219 1604 2422 1667 dicere
2438 1605 2594 1686 quod
2613 1605 2930 1684 gentilibus
2949 1604 3487 1688 benefecerit,ipsis
3504 1627 3642 1670 con-

263 1690 472 1769 ὕστερον
536 1690 743 1770 λέγειν,
802 1689 882 1747 ὅτι
946 1690 1067 1754 τούς
1123 1691 1354 1757 έθνικοὺς
1439 1693 1726 1771 εὐεργετεῖ·
1785 1689 1908 1784 ,ἅμα

1998 1692 2277 1784 temptis;
2311 1693 2385 1754 ad
2416 1695 2634 1784 haec,ut
2663 1696 2844 1758 etiam
2877 1695 3108 1757 ﬁrmam
3162 1696 3428 1761 mulieris
3457 1696 3637 1760 ﬁdem

262 1779 334 1853 δὲ,
391 1780 487 1837 ἵνα
545 1780 637 1837 καὶ
695 1781 796 1849 τὴε
865 1780 1115 1857 ἐπίμονον
1156 1781 1331 1838 πίστιν
1358 1780 1455 1849 τῆς
1505 1780 1751 1859 γυναικὸς
1782 1778 1908 1837 ἐπι·

1997 1782 2370 1845 manifestam
2398 1782 2629 1847 reddat.

261 1868 416 1946 δείξῃο

341 1980 366 2014 ε
430 1961 530 2018 Καὶ
586 1959 966 2038 προσελθόντες
1044 1964 1092 2017 οἱ
1141 1961 1372 2035 μαθηταὶ
1451 1960 1629 2033 αὐτού,
1687 1957 1907 2035 ἠρώτων

263 2051 434 2129 αὺτὸν,
459 2049 737 2128 λέγοντες·
775 2048 1073 2109 Ἀπόλυσον
1102 2050 1291 2129 αὐτὴν,
1341 2048 1422 2105 ὅτι
1472 2048 1651 2127 κράζει
1695 2046 1906 2104 ὄπισθεν

263 2140 432 2212 ἡμῶν.
487 2130 546 2198 Ὀ
592 2138 676 2211 δί,
722 2139 1019 2217 ἀποκριθεὶς
1047 2140 1227 2195 εἶπεν·
1264 2140 1368 2201 οὒκ
1397 2136 1704 2204 ἀπεστάλην
1761 2137 1805 2191 εί
1826 2140 1908 2211 μὴ

262 2230 331 2291 εἷς
383 2228 447 2284 τά
502 2225 751 2306 πρόϐατα
808 2228 874 2283 τά
916 2226 1234 2284 ἀπολωλότα
1277 2226 1431 2284 οἴκου
1489 2222 1727 2305 Ἰσραήλ.
1784 2248 1812 2280 ι
1847 2226 1906 2283 Οἱ

257 2320 483 2389 μαθηταὶ
553 2315 893 2396 ϐαρυνθέντες
980 2322 1049 2393 τῇ
1170 2321 1375 2393 κραυγῇ
1446 2320 1546 2382 τῆς
1631 2315 1904 2393 γυναικὸς,

256 2406 491 2483 ἠρώτων,
559 2407 658 2462 ἵνα
714 2404 955 2482 ἀπολύσῃ
1011 2408 1198 2485 αὐτὴν,
1250 2404 1513 2479 τουτέστι,
1572 2402 1903 2483 παρεκάλουν

258 2494 676 2572 ἀποπέμψασθαι
748 2497 935 2565 αὐτήν,
1013 2494 1178 2553 Τοῦτο
1234 2492 1289 2550 δὲ
1360 2494 1592 2571 ἐποίουν,
1669 2492 1773 2572 οὔχ
1828 2494 1901 2556 ὡς

256 2582 623 2665 ἄσπλαγχνοι,
681 2582 819 2639 ἀλλά
876 2581 1081 2659 μᾶλλον
1137 2582 1375 2647 θέλοντες
1437 2596 1623 2639 πεῖσαι
1676 2583 1767 2639 τὸν
1794 2581 1903 2639 K6-

258 2695 363 2751 ριον
412 2674 639 2740 ἰλεῆσαι
698 2673 885 2741 αὐτὴν,
924 2665 981 2731 Ὀ
1035 2671 1112 2729 δέ’
1151 2675 1258 2732 Ούκ
1287 2671 1620 2751 ἀπεστάλην,
1648 2672 1829 2752 φησὶν,
1858 2670 1903 2727 εί

256 2763 329 2835 μὴ
381 2766 455 2827 εἷς
527 2764 655 2827 τοῦς
726 2760 1025 2842 Ἰουδαίους,
1058 2762 1113 2820 οἶ
1163 2762 1482 2820 ἀπολωλότα
1512 2763 1609 2818 εἰσὶ
1638 2758 1899 2840 πρόϐατα,

259 2852 355 2908 ἀπὸ
420 2853 618 2917 κακίας
681 2857 787 2907 τῶν
858 2852 1309 2927 έμπιστευθέντων
1360 2851 1518 2915 αύτά.
1554 2850 1652 2906 Διά
1696 2847 1751 2903 δὲ
1776 2848 1905 2903 τού-

2073 1949 2591 2029 VEas.23,24.cEt
2619 1952 2971 2016 accedentes
2991 1953 3268 2036 discipuli
3299 1956 3429 2035 ejus
3456 1975 3632 2038 roga-

1994 2039 2134 2101 bant
2166 2042 2354 2124 illum,
2408 2042 2673 2107 dicentes
2708 2064 2721 2107 :
2782 2044 3002 2106 Omitte
3031 2045 3217 2128 illam,
3256 2064 3393 2108 nam
3424 2047 3637 2110 clamat

1992 2138 2124 2207 post
2153 2132 2365 2194 nos.At
2382 2132 2483 2195 ille
2506 2133 2878 2213 respondens
2899 2134 3050 2195 dixit
3074 2155 3086 2193 :
3110 2137 3242 2197 Non
3261 2154 3393 2197 sum
3417 2137 3633 2200 missus

1990 2217 2101 2280 nisi
2124 2219 2197 2280 ad
2221 2239 2359 2284 oves
2381 2240 2512 2303 quae
2539 2222 2844 2303 perierunt
2863 2222 3073 2284 domus
3095 2222 3299 2286 Israel.
3316 2224 3635 2307 nDiscipuli

1987 2309 2272 2386 gravatim
2308 2310 2565 2373 ferentes
2615 2312 2939 2375 clamorem
2974 2312 3263 2389 mulieris,
3296 2315 3581 2394 rogabant
3614 2336 3628 2380 :

1991 2401 2235 2465 Dimitte
2265 2421 2419 2483 eam,
2453 2404 2566 2465 hoc
2589 2412 2702 2478 est,
2736 2403 3206 2466 obsecrabantut
3235 2405 3536 2486 ablegaret
3564 2406 3634 2467 il-

1988 2490 2104 2551 lam
2137 2510 2171 2552 a
2201 2510 2289 2554 se.
2325 2491 2448 2554 Hoc
2478 2501 2676 2554 autem
2708 2492 3001 2556 faciebant
3043 2514 3161 2556 non
3187 2504 3460 2576 tanquam
3516 2496 3633 2556 im-

1991 2578 2543 2651 misericordes,sed
2574 2580 2759 2659 magis
2780 2581 3043 2642 volentes
3065 2582 3421 2662 persuadere
3436 2582 3633 2643 Domi-

1989 2686 2064 2728 no
2095 2675 2159 2729 ut
2183 2668 2567 2731 misereretur
2590 2668 2749 2731 eiAt
2792 2669 2889 2731 ille
2914 2670 3101 2751 inquit
3126 2690 3138 2733 :
3167 2670 3293 2731 Non
3317 2689 3446 2731 sum
3482 2670 3628 2731 mis-

1985 2775 2085 2818 sus
2108 2757 2218 2818 nisi
2239 2757 2309 2818 ad
2333 2756 2592 2827 Judaaos,
2625 2759 2726 2838 qui
2757 2766 2894 2819 sunt
2942 2778 3077 2820 oves
3108 2760 3354 2840 perdita;
3386 2778 3491 2839 per
3521 2778 3629 2821 eo-

1986 2864 2117 2906 rum
2154 2846 2462 2921 malitiam,
2494 2846 2709 2928 quibus
2738 2847 2971 2909 fuerant
2992 2848 3488 2911 concreditaa.Per
3518 2848 3630 2910 hoc

256 2961 353 2996 των
414 2940 734 3016 δημοσιεύει
792 2940 888 3008 τὴν
945 2941 1120 2997 πίστιν
1162 2946 1259 3008 τῆς
1308 2941 1554 3018 γυναικὸς
1600 2937 1684 2993 ἰπὶ
1713 2934 1900 2994 πλέον.

1997 2942 2185 2996 autem
2216 2934 2473 3013 amplius
2501 2938 2731 3033 evulgat
2761 2935 2940 2999 ﬁdem
2968 2936 3255 2999 mulieris.

336 3052 358 3086 ε
410 3021 471 3087 Ἠ
530 3028 615 3104 δὲ,
675 3028 896 3087 ἒλθοῦσα
966 3031 1357 3109 προσεκὺνησεν
1425 3030 1589 3103 αύτῷ,
1650 3026 1899 3104 λέγουσα,

260 3121 430 3196 Κύριε,
487 3121 676 3197 βοήθει
747 3141 863 3194 μοι,
900 3110 957 3177 Ὀ
989 3118 1065 3193 δὲ,
1104 3120 1409 3199 ἀποκριθεὶς
1441 3118 1617 3175 εἶπενο
1656 3120 1763 3175 Οὐκ
1792 3113 1905 3171 ἔστι

257 3206 408 3262 καλὸν
476 3206 671 3263 λαλεῖν
722 3208 812 3263 τὸν
850 3206 1005 3285 ἄρτον
1036 3214 1139 3265 τῶν
1168 3207 1390 3287 τέκνων,
1425 3208 1514 3263 καὶ
1554 3204 1743 3282 βαλεῖν
1785 3215 1904 3267 τοῖς

254 3299 531 3375 κυναρίοις,
597 3288 659 3352 Ἦ
718 3293 773 3353 ὁὶ
804 3296 952 3352 εἶπε⁶
988 3299 1105 3371 Ναὶ,
1144 3297 1319 3375 Κύριε³
1367 3297 1456 3352 καὶ
1498 3295 1598 3373 γὰρ
1626 3294 1691 3349 τὰ
1736 3292 1896 3350 κυνά-

254 3406 331 3460 ρια
388 3386 546 3443 έσθίει
604 3386 710 3443 ἀπὸ
781 3390 884 3444 τῶν
939 3387 1147 3465 ψιχίων
1176 3388 1283 3443 τῶν
1334 3384 1640 3442 πιπτόντων
1667 3383 1774 3439 ἀπὸ
1799 3381 1895 3447 τῆς

253 3475 508 3551 τραπέζης
580 3481 687 3532 τῶν
743 3475 930 3554 κυρίων
960 3480 1153 3534 αὒτῶν.
1193 3497 1218 3533 ε
1257 3472 1406 3532 Ἐπεὶ
1480 3471 1623 3529 εἶδεν
1679 3473 1715 3538 ἡ
1760 3469 1893 3548 γυνὴ

252 3564 363 3627 τοὺς
415 3565 741 3643 συνηγόρους
798 3565 961 3633 αὐτῆς
1015 3566 1138 3629 τοὺς
1194 3562 1548 3641 ἀποστόλους,
1582 3560 1893 3638 ἀποτυχόν-

255 3671 364 3730 tu,
435 3653 602 3712 πάλιν
660 3653 899 3732 πρόσεισι
956 3654 1187 3733 θερμῶς,
1233 3653 1322 3709 καὶ
1367 3652 1557 3715 Κύριον
1602 3647 1893 3709 ἀποκαλεῖ.

254 3737 394 3799 ἐπεὶ
432 3742 493 3801 δὲ
553 3746 581 3801 ὁ
608 3744 830 3821 Χριστὸς
873 3743 1003 3799 κύνα
1032 3742 1197 3809 αύτὴν
1244 3739 1539 3813 ἀποκαλεῖ,
1576 3737 1660 3795 διὰ
1688 3740 1748 3793 τὸ
1776 3737 1895 3801 τοὺς

256 3828 476 3898 ἰθνικοὺς
537 3833 829 3911 ἀκάθαρτον
854 3832 963 3908 βίον
995 3832 1142 3912 ἔχειν
1174 3834 1263 3889 καὶ
1314 3833 1429 3909 περὶ
1461 3830 1527 3886 τὰ
1556 3829 1763 3904 αἵματα
1794 3832 1899 3883 τῶν

256 3917 596 3980 εἰδωλοθύτων
644 3921 1078 4002 ἀναστρέφεσθαι,
1136 3921 1296 3978 τέκνα
1327 3918 1383 3978 δὲ
1416 3921 1540 3983 τοὺς
1585 3915 1901 3994 Ἰουδαίους,

258 4007 419 4079 ἂιείνη
504 4018 734 4074 σδνετῶς
800 4011 1137 4091 ἀποκρίνεται
1228 4012 1316 4067 καὶ
1372 4009 1518 4085 μάλα
1550 4013 1756 4087 σοφῶς,
1822 4005 1903 4060 ὃτι

2069 3026 2246 3086 Vsus.
2281 3023 2382 3099 95,
2420 3025 2519 3085 27.
2564 3047 2585 3080 ιι
2620 3023 2729 3086 Illa
2746 3042 2885 3087 vero
2906 3026 3064 3087 venit
3092 3035 3150 3088 et
3178 3026 3626 3089 adoravitillum

1986 3113 2214 3174 dicens:
2240 3114 2805 3189 Domine,succurre
2831 3114 3081 3178 mihi.At
3102 3115 3202 3177 ille
3223 3117 3628 3198 respondit,ac

1986 3201 2286 3264 dixitzNon
2311 3211 2400 3263 est
2422 3201 2645 3264 bonum
2667 3220 2907 3265 sumere
2925 3222 3133 3283 panem
3159 3205 3509 3281 ﬁliorum,et
3526 3205 3627 3267 ob-

1974 3291 2169 3372 jicere
2199 3290 2449 3352 catellis.
2488 3291 2593 3354 Illa
2622 3299 2818 3353 autem
2871 3292 3016 3354 dixit
3050 3312 3063 3357 :
3101 3292 3310 3370 Etiam,
3347 3294 3622 3356 Domine.

1980 3380 2215 3442 Etenim
2250 3380 2447 3442 catelli
2480 3380 2803 3443 comedunt
2832 3381 2911 3443 de
2937 3383 3105 3445 micis
3135 3403 3265 3464 quae
3303 3384 3522 3446 cadunt
3551 3384 3627 3447 do

1982 3486 2188 3530 mensa
2213 3467 2588 3531 dominorum
2623 3487 2888 3531 suorum.
2927 3495 2947 3526 ι
2990 3474 3297 3553 Postquam
3330 3472 3473 3536 vidit
3506 3493 3633 3534 mu-

1982 3557 2094 3617 lier
2124 3565 2404 3637 patronos
2433 3575 2573 3619 suos
2601 3558 2899 3637 repulsam
2923 3578 3148 3639 passos,
3176 3562 3386 3623 iterum
3416 3562 3623 3623 Domi-

1983 3664 2122 3708 num
2196 3645 2501 3710 ferventer
2544 3646 2794 3720 accedit,
2849 3656 2905 3709 et
2934 3650 3165 3711 invocat
3192 3658 3255 3711 ut
3280 3650 3622 3716 Dominum.

1983 3735 2132 3808 Quia
2191 3744 2386 3796 autem
2446 3735 2711 3797 Christus
2769 3753 2975 3798 canem
3028 3737 3190 3799 illam
3251 3739 3500 3811 dixerat.
3554 3760 3625 3803 eo

1988 3824 2145 3905 quod
2178 3824 2431 3903 gentiles
2459 3823 2758 3904 impuram
2799 3834 3041 3903 agerent
3062 3826 3259 3900 vitam,
3299 3840 3356 3889 et
3388 3828 3448 3888 in
3480 3847 3624 3890 san-

1987 3914 2168 3992 guine
2202 3912 2379 3974 idolis
2408 3913 2853 3977 immolatarum
2887 3916 3456 3997 versarentur,ﬁlios
3486 3936 3622 3979 vero

1984 4000 2222 4065 Iudaeos
2256 4023 2269 4061 :
2306 4000 2404 4063 illa
2452 4001 2619 4063 valde
2648 4002 2948 4083 sapienter
2979 4013 3036 4065 et
3082 4024 3293 4086 magno
3323 4006 3625 4069 intellectu

261 4098 310 4154 Εἱ
358 4102 443 4157 καὶ
497 4102 639 4157 κύων
709 4101 814 4176 εἰμὶ
882 4101 970 4157 καὶ
1026 4102 1119 4157 οὒκ
1149 4098 1263 4165 ἀξία
1292 4100 1448 4178 ἂρτον
1489 4096 1699 4174 λαϐεῖν,
1733 4114 1894 4149 τουτ-

1997 4090 2285 4172 reSpondit
2317 4109 2332 4149 :
2369 4090 2645 4163 Quamvis
2676 4100 2733 4151 et
2758 4096 2919 4154 canis
2948 4095 3081 4170 sim,
3137 4104 3195 4155 et
3224 4095 3464 4176 indigna
3495 4114 3625 4176 qum

259 4186 376 4269 ἐστι,
431 4189 651 4259 δὺναμίν
693 4211 811 4247 τινα
860 4192 946 4246 καὶ
977 4189 1117 4269 μέγα
1157 4202 1409 4265 σημεῖον’
1460 4186 1581 4244 ἀλλ’
1624 4184 1711 4242 οὖν
1740 4189 1895 4241 τουτο

1997 4198 2194 4261 )auem
2220 4179 2533 4259 accipiam,
2569 4180 2683 4241 hoc
2709 4189 2820 4255 est,
2842 4182 3205 4259 virtutem,et
3226 4185 3454 4263 signum
3491 4203 3621 4245 ma-

255 4276 309 4331 τὸ
358 4267 547 4359 μικρὸν
600 4278 700 4354 μὶν
753 4280 827 4343 ὡς
884 4280 1015 4357 πρὸς
1065 4267 1170 4347 τὴν
1231 4280 1328 4347 σὴν
1384 4276 1623 4355 δύναμιν,
1670 4274 1789 4349 ὶμοὶ
1835 4270 1889 4327 δὲ

1997 4288 2156 4348 gnum
2194 4286 2208 4331 :
2242 4269 2347 4329 sed
2378 4269 2490 4359 boc
2548 4287 2789 4359 parvum
2822 4271 2983 4350 quid,
3018 4281 3298 4352 quantum
3332 4274 3406 4334 ad
3436 4274 3622 4335 virtu-

258 4362 403 4447 μέγα,
454 4356 573 4432 ⁷δόξ’
606 4368 786 4444 ὥσπερ
828 4356 935 4423 καὶγ
967 4369 1061 4431 τὰς
1092 4370 1286 4449 ψίχας,
1338 4370 1385 4424 οἱ
1415 4366 1512 4442 μὲν
1543 4365 1666 4428 τοὺς
1702 4361 1888 4449 ἄρτους

2000 4378 2091 4420 em
2114 4366 2274 4418 tuam
2306 4356 2538 4449 attinet,
2572 4356 2719 4418 mihi
2754 4368 2949 4449 autem
2985 4380 3257 4438 magnum
3291 4362 3487 4437 fuerit,
3521 4362 3619 4439 da,

252 4445 495 4522 ὶσθίοντες
547 4459 606 4515 οὗ
676 4456 815 4535 μέγα
871 4478 921 4513 τι
951 4445 1196 4537 ἔχουσιν,
1223 4459 1271 4514 οἱ
1313 4454 1368 4513 δὶ
1424 4456 1577 4519 κύνες
1607 4452 1769 4529 μέγα,
1802 4445 1889 4506 καὶ

1997 4448 2127 4509 ;icut
2158 4455 2215 4508 et
2245 4447 2341 4525 qui
2376 4462 2557 4525 panes
2580 4447 2923 4537 comedunt,
2951 4470 3068 4512 non
3100 4451 3295 4529 magni
3325 4451 3545 4513 faciunt
3573 4454 3622 4514 si

257 4538 309 4597 ἰκ
333 4545 531 4602 τούτων
553 4533 854 4625 τρέφονται.
1618 4617 1646 4625 _

1997 4535 2166 4597 micas
2198 4533 2339 4596 dent
2369 4553 2382 4593 :
2420 4551 2600 4625 ca_nes
2628 4542 2824 4597 autem
2868 4536 3021 4599 bene
3053 4557 3122 4599 ex
3156 4538 3245 4599 his
3276 4547 3617 4618 pascuntur.

329 4654 353 4686 I
386 4634 517 4691 Τότε
588 4617 887 4711 ἀποκριθεὶς
918 4637 946 4691 ὁ
978 4632 1207 4710 Ἰησοῦς,
1244 4639 1395 4693 εἶπεν
1428 4636 1581 4707 αὐτῇ
1618 4617 1683 4684 Ὠ
1715 4628 1891 4707 γὺναι,

2061 4623 2245 4686 Vsus.
2282 4622 2381 4684 28.
2423 4646 2449 4677 α
2476 4621 2642 4683 Tunc
2668 4626 3039 4703 respondens
3063 4629 3229 4690 Jesus
3255 4617 3499 4687 dixitilli
3533 4645 3546 4690 :
3572 4627 3619 4690 Ο

258 4721 452 4797 μιγάλη
513 4745 607 4780 σου
662 4721 700 4789 ἦ
759 4724 962 4805 πίστις,
1020 4726 1300 4802 γενηθήτω
1356 4745 1439 4779 σοι
1471 4723 1544 4784 ὡς
1577 4718 1769 4780 θέλεις’
1809 4710 1897 4774 καὶ

1997 4713 2443 4805 nulier,magna
2474 4719 2563 4805 est
2612 4711 2927 4805 ﬁdes__tu_a,
2964 4715 3063 4775 ﬁat
3091 4715 3199 4805 tibi
3228 4716 3379 4777 sicut
3412 4716 3517 4779 vis.
3550 4715 3621 4777 Et

254 4807 361 4876 ἰάθιὶ
423 4815 460 4880 ἦ
518 4812 751 4889 θυγάτηρ
782 4800 958 4881 ἂύτῆς
981 4800 1089 4871 ἀπὸ
1118 4820 1215 4881 τῆς
1246 4813 1386 4891 ὥρας
1433 4811 1665 4876 ἰκείνης.
1700 4808 1889 4886 Ἐφαν-

1997 4810 2185 4865 sanata
2215 4807 2306 4862 est
2335 4800 2459 4861 ﬁlia
2490 4800 2621 4880 ejus
2646 4818 2712 4862 ex
2738 4800 2839 4863 illa
2860 4803 3062 4865 hora.»
3090 4803 3257 4867 Nunc
3286 4806 3624 4869 manifestat

258 4894 403 4973 ἱρωσε
457 4908 546 4958 νῦν
616 4903 644 4958 ὁ
718 4903 921 4969 ἰησοᾱ
990 4903 1087 4970 τὴν
1137 4902 1306 4959 αἰτίαν
1360 4899 1427 4957 δι’
1476 4900 1541 4969 ἢν
1572 4894 1887 4957 ἀνεϐάλλετο

1997 4893 2143 4953 esus
2163 4907 2403 4952 causam
2441 4897 2686 4970 propter
2739 4910 2912 4971 quam
2946 4894 3313 4955 sanationem
3344 4894 3615 4956 abinitio

254 4987 339 5053 τὴν
401 4992 679 5069 θεραπείαν
735 4991 787 5057 ἐξ
858 4992 1057 5072 ἀρχῆς·
1091 4990 1183 5048 ἵνα
1242 4992 1342 5070 γὰρ
1398 4993 1433 5059 ἡ
1489 4990 1662 5050 πίστις
1734 4986 1823 5040 καὶ
1852 4986 1887 5052 ἡ

1997 4979 2517 5072 Iistuleri_t_.nempe
2541 4990 2606 5039 ut
2630 4979 2777 5042 ﬁdes
2798 4988 2856 5072 et
2882 4983 3196 5062 prudentia
3218 4985 3487 5046 mulieris
3503 4986 3618 5047 cla-

258 5075 442 5143 σδνισις
515 5084 613 5147 τῆς
684 5083 932 5158 γυναικὸς
977 5081 1247 5161 ἀναφανῇ,
1280 5078 1365 5137 διὰ
1391 5086 1545 5137 τοῦτο
1599 5075 1694 5133 οὒκ
1740 5074 1887 5138 εὐθὺς

1997 5077 2191 5132 εεοδι.
2224 5067 2689 5161 PrOptereanon
2708 5070 2905 5131 statim
2928 5071 2999 5132 ab
3025 5072 3190 5133 initio
3206 5074 3413 5135 annuit
3435 5074 3614 5136 Chri-

256 5161 301 5228 ίξ
351 5168 522 5247 ἀρχῆς
590 5156 901 5227 κατένευσεν
959 5172 987 5227 ὁ
1059 5156 1306 5250 Χριστὸς,
1340 5168 1474 5227 ἀλλά
1504 5168 1591 5225 καὶ
1629 5162 1883 5237 ἀποπέμ-

1997 5166 2126 5241 tua,
2158 5157 2260 5219 sed
2294 5156 2480 5235 magis
2509 5156 2669 5218 illam
2703 5177 2736 5218 a
2766 5177 2829 5220 se
2859 5162 3215 5226 amandavit:
3244 5182 3401 5225 nunc
3420 5172 3615 5225 autem

255 5275 393 5313 πεται
420 5246 689 5334 "pano...
752 5262 855 5317 Νῦν
882 5258 937 5315 δὲ
968 5259 1083 5317 ἐπεὶ
1107 5246 1449 5339 τεξεκαλόφθη
1478 5260 1513 5325 ἡ
1546 5257 1719 5317 πίστις
1750 5251 1889 5332 (22)

1997 5246 2450 5339 [nandoquidem
2486 5248 2617 5339 ejus
2644 5246 2789 5308 ﬁdes
2842 5251 3215 5339 manifestata
3250 5262 3358 5328 est,
3415 5253 3619 5316 laudat

256 5342 425 5427 αὐτῆς,
490 5349 815 5423 έπαινεῖται,
908 5348 1190 5408 ἀκουουσα·
1313 5335 1370 5408 ε’
1410 5345 1633 5425 Μεγάλη
1704 5364 1798 5398 σου
1856 5342 1888 5409 ἡ

1997 5355 2129 5401 :am:
2161 5336 2409 5414 «Magna
2432 5344 2521 5397 est
2544 5335 2692 5396 ﬁdes
2722 5343 2879 5401 tua.»
2906 5338 3029 5402 Hoc
3051 5351 3244 5405 autem
3268 5343 3421 5424 quod
3448 5344 3611 5420 dicit,

340 5494 343 5537 ῖ
1312 5478 1400 5543 Ex
1433 5476 1751 5543 collatione
1785 5475 1959 5549 codd.
2000 5477 2216 5540 Venet.
2250 5470 2311 5535 S.
2344 5470 2553 5534 Marci.

330 5602 445 5688 (22)
482 5609 578 5667 Καὶ
606 5610 640 5676 ἡ
675 5606 877 5674 σύνεσις
905 5605 1046 5670 add.
1084 5605 1260 5673 codd.
1296 5607 1395 5673 29.
