4118 6220
340 316 458 381 315
1312 318 1907 389 THEOPHYLACTI
1955 318 2370 384 BULGARI/E
2416 321 2773 385 ARCHIEP.
3606 313 3671 379 3i
3685 312 3725 378 6

338 450 491 505 stum
515 442 882 523 conSpirant.
915 444 1169 506 Sihnum
1186 454 1380 508 autem
1411 465 1449 519 e,
1474 448 1623 509 ccelo
1656 449 1892 528 petunt,
1927 457 1993 511 ut

2085 450 2418 526 τυμπνέουσιο
2479 464 2705 527 ςημετον
2792 448 2846 506 δὲ
2904 451 2964 506 έκ
3030 456 3122 506 τοῦ
3178 450 3397 527 οὐρανοῦ
3452 445 3725 526 ζητοῦσιν,

342 534 553 595 sistere
584 531 771 594 solem
806 533 895 595 vel
931 533 1154 595 lunam.
1188 534 1798 599 Existimabantenim
1832 539 1991 620 quod

2085 544 2194 597 οἷον
2262 540 2415 608 ἣλιον
2475 545 2693 619 στῆσαι,
2759 537 3013 608 σελήνην·
3050 536 3260 594 ἐδόκουν
3312 536 3411 614 γὰρ
3442 533 3523 590 ὅτι
3548 534 3613 590 τὰ
3643 529 3730 589 ἐπὶ

344 623 512 702 signa
541 641 673 704 quae
704 640 885 703 super
916 629 1132 684 terram
1181 622 1423 694 ﬁebant,
1459 624 1750 687 diabolica
1780 628 1995 691 virtute

2085 635 2176 697 τῆς
2236 636 2339 708 γῆς
2399 643 2626 709 σημεῖα,
2686 629 2792 685 ἀπὸ
2857 628 3168 703 δαιμονικῆς
3220 623 3489 700 δυνάμεως
3534 624 3619 679 καὶ
3674 622 3731 677 ὲν

347 720 406 775 et
424 710 822 773 inBeelzebud
842 710 1438 790 ﬁerent.Iguorabant
1455 713 1615 775 enim
1646 714 1999 797 insipientes

349 802 505 882 quod
538 801 630 862 85
680 812 741 863 et
780 802 976 863 Moses
1037 801 1099 861 in
1130 804 1376 881 IEgypto
1409 803 1591 865 multa
1622 805 1792 883 signa
1819 825 2002 888 super

351 900 569 953 terram
598 890 918 960 fecerat,et
949 890 1145 969 ignem
1166 908 1199 951 e
1227 890 1378 953 coelo
1400 891 1788 957 descendisse
1819 913 2002 977 super

355 998 570 1062 pecora
594 979 730 1055 Job,
761 998 793 1040 a
826 978 1062 1040 diabolo
1096 989 1244 1054 erat,
1280 988 1457 1061 atque
1484 981 1632 1043 adeo
1654 1001 1773 1045 non
1806 986 2003 1047 omnia

354 1088 487 1151 quae
516 1088 549 1130 e
575 1069 749 1144 caelo,
782 1086 816 1129 a
845 1068 964 1130 Deo
993 1088 1007 1130 :
1043 1087 1241 1149 neque
1272 1088 1404 1150 quae
1436 1070 1494 1131 in
1518 1081 1677 1134 terra
1708 1074 1933 1149 omnia,
1965 1095 1999 1137 a

356 1157 753 1221 daemonibus.

442 1247 775 1312 νεΒεΕ-ίι.
818 1269 840 1303 ιι
862 1245 939 1308 At
967 1246 1066 1309 ille
1097 1250 1489 1330 respondens,
1523 1249 1671 1313 dixit
1694 1253 1820 1314 eis:
1854 1256 1998 1318 Cum

359 1336 608 1413 cmperit
638 1354 768 1399 esse
797 1353 1065 1416 vespera,
1102 1336 1325 1419 dicitis,
1350 1337 1651 1401 Serenitas
1681 1341 1814 1422 erit,
1862 1361 1998 1405 nam

346 1429 521 1491 rubet
553 1426 790 1490 coelum.
852 1424 924 1487 Et
970 1444 1143 1488 mane
1184 1448 1197 1490 :
1228 1428 1420 1490 Hodie
1452 1436 1796 1510 tempestas,
1827 1432 2002 1495 rubet

348 1521 505 1580 enim
531 1516 744 1580 ccelum
797 1515 985 1577 triste.
1027 1518 1380 1599 Hypocritae,
1414 1518 1622 1580 faciem
1659 1520 1792 1583 coeli
1839 1522 2002 1585 scitis

349 1606 697 1686 dijudicare,
724 1604 893 1684 signa
921 1624 1058 1679 vero
1092 1614 1424 1686 temporum
1475 1626 1592 1669 non
1629 1611 1876 1689 potestis
1903 1611 1934 1672 ?
1965 1632 1993 1673 ›

352 1695 759 1790 Reprebendit
787 1694 1130 1790 tentativam
1151 1696 1383 1790 illorum
1405 1699 1998 1790 quiestione_m,hypo-
2021 1740 2060 1790 Β

352 1786 529 1847 critas
556 1784 718 1864 ipsos
761 1785 1100 1862 nominans,
1138 1791 1197 1847 et
1225 1786 1416 1867 inquit
1452 1785 1662 1850 :Sicut
1690 1788 1996 1868 signorum

348 1873 760 1957 apparentium
782 1872 841 1933 in
861 1873 1010 1935 caelo
1027 1873 1186 1935 aliud
1210 1875 1451 1955 quidem
1478 1877 1804 1955 pluvarium
1819 1878 1998 1958 ,aliud

349 1973 539 2026 sutem
579 1962 911 2026 serenitatis
967 1963 1254 2026 indicium
1291 1974 1379 2027 est
1417 1987 1429 2021 :
1468 1975 1525 2027 et
1581 1985 1757 2028 nemo
1792 1968 2001 2030 videns

352 2053 679 2133 pluviarum
713 2053 1363 2130 signum,serenitatem
1398 2055 1668 2136 requirit:
1706 2057 1794 2118 vel
1827 2074 1999 2121 sere-

353 2142 552 2204 nitatis
582 2142 815 2219 signum
841 2140 1068 2221 videns,
1103 2142 1323 2219 pluvias
1348 2144 1515 2205 timet
1550 2167 1562 2201 :
1598 2144 1685 2205 sic
1718 2146 1871 2207 etde
1903 2164 1999 2208 me

347 2232 608 2309 cogitare
627 2230 1040 2309 oportet,quod
1062 2230 1214 2292 alius
1235 2240 1467 2311 tempus
1492 2233 1669 2312 hujus
1683 2234 1993 2311 adventus,

349 2327 409 2381 et
438 2318 595 2379 aliud
628 2317 805 2378 futuri
837 2319 1009 2380 Nunc
1047 2337 1194 2396 opus
1224 2330 1313 2381 est
1348 2321 1647 2382 miraculis
1696 2322 1757 2383 in
1790 2332 1945 2383 terra
1978 2340 1990 2385 :

350 2427 479 2489 quae
509 2415 703 2468 autem
737 2406 797 2466 in
829 2407 979 2470 coelo
1037 2407 1201 2487 ﬁent,
1254 2427 1440 2488 usque
1498 2409 1557 2469 in
1588 2410 1731 2471 illud
1763 2419 1996 2491 tempus

349 2496 967 2576 reservabuntur,quo
992 2498 1078 2557 sol
1113 2497 1697 2577 exstingueturJuna
1728 2504 1995 2562 occulta-

352 2587 532 2660 bitur,
607 2586 821 2647 coelum
863 2586 1277 2648 immutabitur
1304 2588 1388 2649 Ἡ.
1429 2608 1457 2647 ε
1508 2587 1676 2650 Natio
1711 2608 1883 2668 prava
1940 2598 1997 2651 et

349 2676 620 2737 adultera
638 2675 869 2753 signum
888 2676 1223 2755 requirit,et
1252 2677 1481 2755 signum
1511 2697 1627 2738 non
1653 2678 1890 2740 dabitur
1913 2679 1991 2755 ei,

353 2766 464 2825 nisi
491 2763 1227 2844 signumJonzeprophetaa.
1260 2766 1575 2828 Etrelictis
1603 2766 1743 2841 illis,
1768 2768 1933 2830 abiit.
1963 2792 1986 2826 ο

352 2853 517 2915 Natio
552 2853 940 2933 mala,utpote
965 2860 1285 2916 tentanszet
1304 2854 1682 2934 adultera,ut
1712 2857 1996 2919 deﬁciens

351 2942 557 3019 aDeo,
593 2951 647 3003 et
706 2942 1018 3004 adhaerens
1078 2942 1333 3006 diabolo.
1398 2943 1743 3007 Petentibus
1798 2953 1995 3007 autem

350 3033 583 3112 signum
614 3050 645 3093 e
668 3032 963 3106 coelo,non
990 3031 1215 3093 datnisi
1238 3031 1643 3112 signumionae
1665 3036 1993 3115 pr0pheta3,

2080 716 2396 790 Βεελζεϐοὺλ
2450 722 2703 796 γὶνονται.
2782 715 3036 795 Ἦγνόοον
3087 716 3187 794 γὰρ
3245 717 3289 771 οἱ
3341 712 3583 791 ἀνόητοι,
3646 709 3728 767 ὅτι

2082 808 2168 866 καὶ
2226 810 2254 864 ὁ
2314 812 2515 875 Μωσῆς
2572 806 2625 863 ἐν
2656 805 2904 883 Δίγὺπτῳ
2946 803 3123 862 πολλὰ
3152 806 3356 878 σημεῖα
3387 802 3447 859 ἐκ
3493 801 3591 869 τῆς
3623 799 3723 878 γῆς

2081 896 2323 970 Ἐποίησε,
2384 898 2472 954 καὶ
2530 897 2589 952 τὸ
2658 901 2759 971 πῦρ
2830 896 2891 951 τὸ
2935 893 2986 960 ὶξ
3015 894 3233 972 οὖροινοῦ
3260 889 3513 949 κατελθὸν
3542 890 3626 946 ἐπὶ
3661 889 3725 945 τὰ

2083 988 2174 1043 τοῦ
2232 983 2355 1045 Ἰὼϐ
2410 988 2605 1060 κτήνη,
2654 982 2759 1041 ἀπὸ
2792 991 2885 1042 τοῦ
2914 981 3157 1041 διαϐόλου
3186 982 3272 1050 ἧν·
3307 981 3442 1038 ὥστε
3471 980 3531 1037 οὔ
3554 980 3724 1037 πάντα

2083 1076 2149 1133 τὰ
2205 1074 2257 1141 ἐξ
2316 1075 2554 1155 ονῦρανοῦ,
2616 1074 2677 1131 ἐκ
2732 1079 2885 1130 Εεοῦ’
2944 1070 3059 1132 οὗδὶ
3091 1073 3157 1128 τὰ
3198 1070 3259 1128 ἐκ
3315 1070 3416 1149 γῆς
3440 1069 3632 1144 πάντα,
3667 1067 3728 1124 ἆκ

2083 1162 2369 1240 δαιμόνων,

2166 1276 2195 1309 ε
2234 1245 2291 1312 Ὀ
2349 1253 2403 1311 δὲ
2460 1254 2759 1332 ἀποκριθεὶς
2828 1252 2983 1309 εἶπεν
3026 1251 3228 1315 αὐτοῖς·
3278 1249 3465 1326 Ὀψίας
3494 1246 3729 1327 γενομέ-

2083 1364 2205 1416 νης,
2276 1342 2480 1420 λέγετν
2546 1340 2723 1414 Εὐδία,
2780 1339 3023 1420 πυῤῥάζει
3081 1342 3181 1419 γὰρ
3239 1342 3267 1397 ὂ
3323 1337 3565 1418 οὐρανός.
3627 1336 3726 1396 Καὶ

2085 1446 2222 1511 πρω’
2312 1434 2555 1511 Σήμερον
2639 1431 2870 1511 χειμών,
2931 1428 3172 1509 πυρράζει
3245 1429 3346 1508 γὰρ
3427 1427 3728 1506 στυγνάζων

2085 1523 2112 1576 ὃ
2163 1521 2399 1599 οὐρανός⁶
2459 1522 2756 1600 ὑποκριταὶ,
2814 1520 2875 1575 τὸ
2906 1519 3001 1595 μὲν
3032 1520 3318 1596 πρόσωπον
3361 1523 3453 1574 τιιῦ
3509 1519 3727 1594 οὖρανοῦ

2084 1610 2370 1687 γινώσκετε
2441 1607 2741 1687 διακρίνειν,
2814 1610 2879 1665 τὰ
2936 1606 2991 1664 δὲ
3054 1620 3258 1681 σημεῖα
3287 1612 3394 1663 τῶν
3442 1608 3637 1683 καιρῶν
3666 1603 3725 1660 οὗ

2083 1696 2295 1755 δὺνασθε
2331 1716 2346 1773 ;
2385 1722 2408 1754 ι
2468 1696 2720 1779 Ἐλέγχει
2749 1699 2847 1767 τὴν
2899 1698 3242 1774 πειραστικὴν
3274 1697 3445 1754 αὐτῶν
3474 1695 3720 1768 ζήτησιν,

2080 1789 2362 1863 ὑποκριτὰς
2416 1788 2604 1852 αὐτοὺς
2661 1788 2955 1864 ὀνομάζων,
3018 1788 3106 1843 καὶ
3161 1787 3317 1866 φησὶν
3364 1784 3446 1841 ὅτι
3524 1782 3724 1861 Ὠσπερ

2080 1883 2186 1932 τῶν
2247 1875 2302 1931 ἐν
2359 1878 2560 1955 οὖρανῷ
2615 1876 2944 1958 φαινομένων
2999 1873 3129 1935 ἄλλο
3187 1874 3283 1950 μὲν
3328 1881 3422 1932 τοῦ
3451 1880 3721 1954 χειμῶνος

2081 1979 2335 2047 σηπεῐον,
2391 1965 2521 2023 ἄλλο
2592 1963 2647 2022 δὲ
2673 1969 2772 2033 τῆς
2829 1963 3020 2039 εὐδίας,
3066 1964 3162 2023 καὶ
3206 1963 3301 2020 οὒκ
3328 1963 3391 2020 ἂν
3418 1985 3498 2028 τις
3528 1964 3589 2020 τὸ
3621 1984 3724 2028 ση-

2083 2068 2237 2129 μεῖον
2303 2061 2395 2113 τοῦ
2451 2061 2721 2135 χειμῶνος
2774 2053 2919 2134 ἰδὼν,
2966 2052 3208 2133 γαλήνην
3257 2053 3561 2130 ζητήσειεν,
3607 2050 3725 2111 οὐδὲ

2082 2145 2143 2200 τὸ
2200 2150 2299 2211 τῆς
2367 2145 2632 2223 γαλήνης,
2671 2150 2936 2225 χειμῶνα·
2970 2142 3107 2199 οὕτω
3135 2144 3222 2199 καὶ
3251 2143 3369 2221 περὶ
3406 2140 3538 2216 ἐμοῦ
3568 2138 3722 2219 λογί-

2081 2237 2254 2303 ζεσθαι
2311 2236 2446 2314 χρή.
2508 2232 2729 2297 ²¹Αλλος
2762 2234 2861 2313 γὰρ
2917 2235 3068 2295 οὗτος
3098 2236 3197 2299 τῆς
3227 2234 3510 2310 παρουσίας
3542 2231 3570 2287 ὁ
3600 2251 3725 2285 και-

2081 2326 2193 2403 ρὸς,
2264 2325 2351 2379 καὶ
2407 2322 2568 2387 ἄλλος
2626 2326 2654 2381 ὁ
2707 2322 2942 2399 μέλλων
2976 2330 3064 2380 νῦν
3095 2322 3249 2401 χρεία
3276 2326 3381 2377 τῶι
3423 2319 3478 2378 ἂν
3508 2326 3580 2399 γῇ
3616 2341 3727 2387 ση-

2082 2413 2265 2487 μείων.
2326 2413 2401 2470 Τὰ
2467 2410 2523 2469 δὲ
2577 2412 2631 2470 ἂν
2660 2420 2737 2488 τῷ
2761 2418 2983 2491 οὐρανῷ,
3019 2412 3072 2469 ἂν
3102 2410 3285 2483 ἐκείνῳ
3334 2418 3410 2485 τῷ
3437 2417 3606 2489 καιρῷ
3635 2431 3729 2467 τα-

2080 2502 2339 2581 μιεύεται,
2412 2500 2499 2558 ὅτε
2584 2503 2612 2557 ὁ
2662 2501 2815 2569 ἣλιος
2873 2500 3241 2575 σϐεσθήσεται,
3274 2502 3308 2568 ἡ
3367 2498 3569 2567 σελὴνη
3600 2520 3727 2578 κρυ-

2078 2588 2321 2662 ϐήσεται,
2382 2593 2408 2647 ὁ
2438 2591 2655 2669 οὖρανὸς
2696 2590 3078 2670 ἆλλαγήσεται.
3127 2612 3159 2645 ι
3194 2590 3354 2646 Γενεὰ
3402 2590 3608 2665 πονηρὰ
3638 2589 3729 2645 καὶ

2080 2679 2335 2760 μοιχαλὶς
2394 2694 2625 2755 σημεῖον
2666 2681 2935 2759 ἰπιζητεϊ,
2968 2682 3055 2737 καὶ
3098 2694 3329 2751 σημεῖον
3363 2680 3423 2736 οὗ
3450 2676 3724 2748 δοθήσεται

2079 2770 2235 2846 αὖτῇ,
2295 2771 2337 2825 εἰ
2394 2770 2471 2844 μὴ
2530 2772 2592 2826 τὸ
2649 2784 2879 2846 σημεῖον
2944 2767 3096 2827 Ἰωνᾶ
3144 2775 3237 2825 τοῦ
3305 2769 3602 2848 προφήτου,
3633 2767 3721 2823 καὶ

2078 2857 2383 2917 καταλιπὼν
2457 2861 2640 2922 αὐτοὺς
2669 2858 2896 2927 ἀπῆλθε.
2961 2882 2985 2916 ε
3036 2859 3250 2938 Πονηρᾶ
3278 2859 3457 2936 γενεὰ,
3490 2859 3562 2920 ὡς
3597 2878 3723 2913 πει-

2081 2948 2345 3027 ράζοντες,
2399 2947 2677 3028 μοιχαλὶς,
2750 2950 2823 3013 ὡς
2880 2948 3225 3029 ἀφιστάμενοι
3282 2949 3375 3005 τοῦ
3433 2954 3584 3005 Θεοῦ·
3636 2946 3726 3001 καὶ

2079 3038 2409 3113 κολλώμενοι
2466 3043 2544 3111 τῷ
2599 3035 2852 3111 διαϐόλῳ.
2883 3046 3127 3113 Σημεῐον
3184 3034 3238 3093 δὲ
3283 3034 3336 3102 ἐξ
3379 3036 3596 3111 οὐρανοῦ
3622 3040 3726 3105 ζη-

350 3122 463 3182 hoc
486 3120 757 3200 est,quod
790 3119 849 3181 in
873 3129 1073 3182 ventre
1099 3122 1293 3200 magni
1320 3122 1583 3202 ceti,hoc
1617 3132 1728 3203 est,
1764 3125 1993 3199 mortis,

2085 3128 2326 3201 τούντων,
2389 3127 2448 3183 οὖ
2517 3125 2726 3184 δίδωσιν
2782 3129 2826 3183 εί
2882 3130 2961 3202 μη
3017 3127 3078 3183 τὸ
3107 3139 3337 3201 σημεῖον
3370 3124 3541 3198 Ἰωνᾶ,
3574 3143 3724 3179 τουτ-

350 3210 536 3273 factus
558 3210 1324 3288 triduanus,resurget.iioc
1351 3222 1545 3273 autem
1567 3215 1799 3291 signum
1819 3214 1995 3275 etiam

2085 3216 2242 3296 ἐστιν,
2302 3215 2383 3273 ὅτι
2413 3218 2695 3295 τριήμερος
2723 3218 2779 3274 iv
2823 3222 2891 3293 τῇ
2920 3214 3093 3289 κοιλίᾳ
3143 3222 3235 3273 τοῦ
3264 3212 3497 3293 μεγάλου
3525 3214 3720 3282 κήτους

354 3317 387 3359 e
404 3298 552 3359 coalo
585 3316 717 3358 esse
740 3296 1060 3358 dixeris.In
1080 3308 1274 3360 morte
1298 3300 1456 3360 enim
1484 3301 1614 3379 ejus
1635 3300 1996 3363 obtenebra-

2085 3315 2172 3364 τοῦ
2225 3306 2448 3363 θανείτου
2523 3308 2831 3385 γενόμενος,
2892 3306 3268 3377 ἀναστήσεται.
3323 3311 3487 3363 Τοῦτο
3550 3301 3606 3358 δί
3662 3303 3725 3359 τὸ

353 3394 445 3447 tus
475 3394 564 3446 est
593 3385 772 3461 sol,et
817 3396 1087 3448 creatura
1144 3388 1339 3451 omnis
1368 3390 1672 3452 immutata
1704 3399 1813 3454 est.
1848 3390 1997 3452 Vide

2085 3409 2333 3470 σημεῖον,
2391 3397 2478 3452 καὶ
2534 3394 2587 3461 ἒξ
2616 3398 2833 3474 οὖρανοῦ
2861 3395 3038 3458 εἴποις
3070 3392 3130 3451 ἄν
3185 3396 3351 3455 εἶναι.
3404 3390 3494 3450 Ἐν
3520 3392 3620 3471 γὰρ
3649 3398 3725 3466 τῷ

354 3482 549 3537 autem
578 3493 942 3539 sermonem:
997 3500 1023 3532 ι(
1065 3476 1311 3556 Signum
1347 3498 1464 3539 non
1496 3478 1737 3540 dabitur
1784 3478 1839 3540 ei
1883 3479 1995 3540 nisi

2085 3485 2287 3541 θανάτω
2340 3485 2519 3559 αὐτοῦ,
2594 3487 2621 3541 ὁ
2651 3484 2806 3551 ἥλιος
2837 3484 3135 3549 ἑσκοτίσθη·
3182 3484 3269 3540 καὶ
3301 3484 3336 3551 ἡ
3387 3481 3553 3544 κτίσις
3584 3486 3728 3537 πᾶσα

351 3567 750 3644 signumJonre
771 3566 1092 3645 prephetm.
1112 3568 1291 3646 nlpsis
1315 3569 1470 3628 enim
1495 3568 1627 3629 data
1642 3578 1777 3630 sunt
1802 3568 1991 3651 signa,

2085 3571 2360 3640 ἠλλοίωτο.
2396 3564 2547 3650 ’Ὅρα
2576 3571 2630 3629 δὲ
2662 3574 2759 3641 τὴν
2790 3572 2949 3651 λέξιν,
2991 3595 3013 3628 ε
3065 3579 3304 3647 Σημεῖον
3361 3574 3422 3629 οὒ
3450 3567 3734 3639 δοθήσεται

355 3654 468 3715 hoc
499 3661 611 3727 est,
646 3663 889 3734 propter
918 3656 1075 3736 ipsos
1094 3657 1241 3718 facta
1273 3659 1674 3728 sunt,tametsi
1709 3678 1824 3719 non
1855 3677 1991 3720 cre-

2085 3664 2214 3737 αὐτῇ
2262 3664 2305 3718 εἰ
2367 3662 2443 3738 μὴ
2506 3664 2568 3718 τὸ
2624 3677 2856 3739 σημεῖον
2908 3661 3063 3723 Ἰωνᾶ
3092 3668 3184 3719 τοῦ
3211 3662 3506 3740 προφήτου.
3543 3682 3571 3715 ι
3614 3663 3723 3717 Αὖ-

353 3742 635 3807 diderint.
669 3742 923 3807 Proinde
954 3754 1012 3807 et
1041 3745 1268 3809 relictis
1298 3747 1416 3808 illis
1449 3756 1510 3808 ut
1538 3747 1993 3824 incurabilibus,

2085 3762 2196 3812 τοῖς
2253 3751 2351 3829 γὰρ
2410 3749 2634 3809 ἐδίδοντο
2694 3753 2761 3808 τὰ
2844 3765 3073 3826 σημεῖα,
3133 3750 3394 3820 τουτέστι,
3426 3744 3492 3803 δι’
3540 3747 3726 3811 αὖτοὺς

352 3832 519 3894 abiit.
2079 3838 2335 3917 ἑγίνοντο,
2400 3838 2495 3896 κᾶν
2554 3840 2749 3899 ἕκεϊνοι
2820 3842 3097 3909 ἠπίστουν.
3158 3842 3250 3897 Διὸ
3281 3838 3368 3897 καὶ
3416 3835 3723 3894 καταλιπὼν

2081 3931 2265 3993 αὐτοὺς
2297 3931 2370 3994 ὡς
2400 3929 2804 4012 ἆθεραπεότους,
2826 3930 3096 3998 ἀπῆλθεν,

433 4013 609 4073 VERS.
648 4014 705 4088 5,
735 4012 835 4074 6.(
872 4012 946 4075 Et
969 4032 1101 4073 cum
1133 4012 1435 4075 venissent
1464 4014 1741 4097 discipuli
1776 4016 1906 4095 ejus
1937 4018 1997 4077 in

2166 4039 2192 4074 ε
2256 4020 2353 4077 Καὶ
2413 4019 2648 4083 ἦλθόντες
2709 4024 2755 4077 οἱ
2827 4023 3056 4095 μαθηταὶ
3108 4021 3263 4079 αὖτοῦ
3315 4020 3387 4080 είς
3443 4017 3506 4073 τὸ
3534 4015 3724 4093 πέραν,

352 4102 695 4164 ulteriorem
723 4104 935 4183 ripam,
972 4122 1078 4183 per
1107 4102 1463 4166 oblivionem
1496 4124 1614 4167 non
1640 4115 1997 4186 acceperunt

2085 4106 2395 4165 ἰπελάθοντο
2447 4109 2633 4177 ἃρτους
2704 4108 2916 4170 λαϐεῖν.
2978 4101 3036 4168 Ὀ
3067 4106 3121 4166 δί
3161 4108 3366 4175 Ἰησοὺς
3426 4107 3582 4164 εἶπεν
3637 4104 3727 4161 αὖ·

356 4210 560 4273 panes.
595 4191 669 4254 At
695 4191 869 4255 Jesus
908 4192 1055 4254 dixit
1082 4193 1222 4255 illis:
1258 4193 1469 4256 Videte
1494 4202 1552 4257 et
1582 4205 1783 4259 cavete
1813 4214 1845 4256 a
1874 4196 1997 4259 fer-

2085 4210 2215 4262 τοϊς⁸
2283 4188 2465 4277 Ὀρᾶτε
2529 4200 2617 4255 καὶ
2675 4200 2968 4280 προσέχετε
2997 4198 3101 4280 ἀπὸ
3144 4202 3241 4265 τῆς
3271 4202 3441 4271 ζΰμης
3471 4194 3577 4251 τῶν
3606 4200 3727 4280 φα-

353 4290 549 4343 mento
581 4282 1010 4345 Pharisaeorum
1034 4292 1089 4345 et
1119 4282 1601 4348 Sadduczeorum.
1634 4309 1657 4342 ε
1694 4284 1997 4357 Quemad-

2085 4286 2294 4365 ρισαίων
2354 4288 2437 4342 καὶ
2508 4276 2895 4351 Σαδδουκαίων,
2939 4311 2964 4343 ε
3026 4277 3243 4366 υΩσττερ
3276 4287 3311 4354 ἡ
3342 4292 3481 4357 cum
3528 4279 3729 4349 ὀξώδη(

353 4371 595 4432 modum
651 4371 1011 4433 fermentum
1044 4391 1306 4434 amarum
1349 4381 1441 4435 est
1471 4382 1528 4435 et
1558 4383 1743 4451 vetus,
1808 4376 1889 4437 ita
1943 4385 1997 4438 et

2085 4375 2188 4432 ἰστὶ
2249 4379 2335 4432 καὶ
2393 4376 2616 4451 παλαιὰ,
2670 4376 2808 4434 οὕτω
2862 4380 2948 4434 καὶ
3006 4379 3040 4445 ἡ
3098 4383 3211 4433 τῶν
3305 4373 3610 4454 Φαρισαίων
3640 4372 3732 4428 καὶ

353 4458 782 4522 Pharisaeorum
816 4470 874 4523 et
926 4461 1390 4524 Sadducaaorum
1447 4463 1720 4526 doctrina
1765 4458 1997 4527 mordet

2085 4464 2443 4522 Σαδδουκαίων
2512 4465 2818 4524 διδασκαλία
2887 4464 3068 4523 ἔδακνε
3125 4466 3219 4530 τὰς
3270 4466 3477 4545 ψυχὰς,
3526 4458 3729 4528 ὀξώδης

350 4549 597 4624 animas,
632 4550 1197 4624 amaraexistens,et
1219 4558 1451 4613 veteres
1472 4551 1774 4614 seniorum
1808 4554 1994 4616 tradi-

2085 4555 2231 4628 υῦσα,
2293 4556 2380 4611 καὶ
2429 4554 2660 4620 παλαιὰς
2732 4555 3047 4632 παραδόσεις
3085 4562 3186 4612 τῶν
3230 4551 3595 4634 πρεσϐυτέρων
3627 4550 3733 4607 εἰσ-

356 4639 547 4701 tionrs
562 4639 1039 4702 introduccus.Et
1055 4642 1206 4703 sicut
1221 4640 1577 4702 fermentum
1599 4650 1997 4722 temperatura

2085 4644 2299 4719 ἄγουσα·
2361 4646 2447 4700 καὶ
2503 4646 2681 4724 ὣσπερ
2739 4647 2773 4712 ἡ
2805 4646 2943 4720 ζύμη
2996 4646 3168 4722 μίγμα
3215 4644 3353 4701 ἆστὶν
3400 4640 3586 4703 ὕδατος
3644 4636 3732 4695 καὶ

353 4738 441 4792 est
462 4747 633 4810 aqua:
672 4738 731 4790 et
785 4729 1035 4792 farinae:
1099 4730 1185 4792 sic
1241 4730 1511 4792 doctrina
1562 4732 1994 4793 Pharisaeorum

2085 4730 2321 4810 ὰλεύρου,
2384 4733 2521 4790 οὕτω
2573 4735 2659 4790 καὶ
2720 4735 2749 4802 ἦ
2847 4731 3154 4792 διδασκαλία
3222 4739 3327 4790 τῶν
3399 4728 3724 4806 Φαρισαίων,

356 4818 528 4881 mista
589 4826 678 4880 est
736 4836 805 4881 ex
838 4837 1117 4880 sermone
1159 4826 1219 4881 et
1249 4837 1318 4880 ex
1347 4820 1461 4880 vita
1507 4828 1805 4900 corrupta.
1866 4821 1994 4884 Non

351 4907 498 4969 dixit
526 4916 724 4969 autem
753 4908 867 4970 illis
899 4907 1449 4971 manifeste:Cavete
1479 4926 1513 4969 a
1544 4908 1813 4971 doctrina
1836 4912 1993 4973 Pha-

353 4997 683 5065 risaeorum,
719 5004 781 5058 ut
839 5016 1138 5060 memores
1184 5016 1287 5060 eos
1316 4999 1536 5060 faceret
1567 4998 1714 5078 signi
1750 5019 1989 5080 panum.

429 5174 615 5240 Vens.
644 5176 946 5240 7-12.«At
966 5176 1047 5237 illi
1065 5175 1419 5258 reputabant
1436 5175 1589 5237 intra
1611 5178 1991 5249 se,dicentes:

352 5268 538 5328 Panes
571 5285 691 5327 nou
722 5266 1108 5347 sumpsimus.
1145 5266 1312 5339 Quod
1346 5264 1447 5328 ubi
1496 5266 1769 5345 cognovit
1798 5270 1993 5346 Jesus,

351 5355 498 5417 dixit
526 5354 667 5419 illis:
722 5354 869 5429 Quid
915 5355 1183 5435 cogitatis
1207 5357 1358 5418 intra
1388 5355 1677 5437 vosipsos,
1710 5378 1744 5418 o
1788 5377 1993 5438 parum

354 5445 628 5528 ﬁdentes,
653 5444 810 5527 quod
841 5462 1023 5526 panes
1065 5464 1181 5509 non
1216 5446 1592 5529 sumpseritis
1623 5445 1648 5507 ζ’
1716 5446 1991 5512 Nondum

426 5624 483 5676 ’ί
515 5624 719 5689 Matth.
757 5642 916 5703 χειν,
948 5628 1051 5689 29.

2082 4730 2321 4811 ἀλεύρου,
2384 4733 2521 4790 οὕτω
2573 4735 2659 4790 καὶ
2720 4735 2749 4802 ἦ

2080 4826 2245 4896 μικτή
2302 4822 2361 4879 ἔκ
2416 4845 2472 4879 τε
2529 4823 2690 4903 λόγου
2744 4825 2829 4881 καὶ
2851 4824 2966 4900 βίου
2996 4821 3389 4903 διεφθαρμένου.
3426 4820 3535 4880 Οὔκ
3563 4818 3725 4876 εἶπεν

2079 4909 2131 4967 δὲ
2193 4916 2371 4975 αὐτοῖς
2446 4920 2701 4993 φανερῦς,
2763 4912 3063 4992 Προσέχετε
3122 4913 3227 4970 ἀπὸ
3257 4917 3357 4979 τῆς
3387 4904 3722 4971 διδασκαλίας

2080 5009 2184 5059 τῶν
2241 5004 2565 5082 Φαρισαίων,
2624 5003 2717 5059 ’ίνα
2744 5003 3034 5078 ὑπομνήσῃ
3095 5002 3281 5067 αὐτοὺς
3324 5006 3433 5057 τῶν
3489 4995 3726 5073 σημείωο

2076 5096 2183 5148 τῶν
2239 5091 2413 5171 ἄρτων
2424 5140 2439 5154 .
3512 5159 3527 5181 ⁸

2158 5184 2217 5239 Οἱ
2272 5180 2327 5238 δε
2356 5180 2698 5254 διελοθίζοντο
2725 5186 2781 5240 ἓν
2845 5183 3027 5246 αὒτοτς
3058 5179 3305 5259 λέγοντες
3350 5180 3454 5259 ὃτι,
3487 5176 3724 5257 ’λρτους

2079 5274 2174 5329 οὒκ
2239 5269 2524 5346 ἒλάὄομεν,
2583 5273 2741 5337 Γνοὺς
2799 5270 2853 5329 δέ
2885 5274 2912 5328 ὁ
2974 5260 3201 5350 Ἰησοῦς,
3238 5270 3395 5327 εἶπεν
3426 5268 3633 5330 αὺτοῖς
3668 5265 3728 5324 Τί

2078 5359 2427 5439 διαλογίζεσθε
2484 5360 2540 5418 ἐν
2596 5361 2835 5435 ἑαυτοῖς,
2895 5357 3252 5438 ὀλιγόπιστοι,
3297 5355 3381 5415 ὅτι
3411 5353 3598 5435 ἄρτους
3632 5355 3729 5413 οὐκ

2077 5449 2292 5508 ἐλάϐετε
2326 5470 2343 5527 ;
2415 5448 2574 5509 Οὔπω
2631 5463 2802 5508 νοεῖτε
2874 5447 2991 5508 οὐδὲ
3033 5447 3390 5525 μνημονεύετε
3418 5445 3540 5510 τοὺς
3571 5444 3729 5503 πέντε
