4118 6220
388 319 509 384 317

999 317 1448 382 ΕΝΑΗΗΑΤΙΟ
1493 319 1577 383 IN
1624 317 2019 381 EVANGELI

2118 318 2134 379 [
2180 320 2579 386 ΜΑΤΤΗᾸΞΙ.
2628 357 2704 369 -
2774 326 2938 388 CAP.
3003 329 3165 392 XVI.

3656 327 3773 394 318

383 456 570 535 ἄρτους
596 460 730 511 γτῶν
814 451 1286 534 πεντακισχιλίων,
1368 453 1456 509 καὶ
1509 451 1704 516 πόσους
1790 450 2024 530 κοφίνους

2118 446 2467 533 intelligitis,
2503 472 2698 535 neque
2757 459 3043 520 memoria
3075 459 3288 523 tenetis
3319 460 3584 542 quinque
3634 460 3772 523 illos

386 540 652 619 ἰλάϐετε;
710 539 824 600 οὒδὲ
896 543 1017 607 τοὺς
1074 543 1209 599 ἑπτὰ
1276 542 1466 621 ἃρτους
1529 542 1635 598 τῶν
1685 561 2037 619 τετρακισχιη

386 633 539 707 λίων,
610 634 699 690 καὶ
767 633 939 697 πόσας
993 631 1241 710 σπυρίδας
1313 629 1529 687 ιλάϐετε
1559 650 1575 710 ;
1610 635 1730 694 Πῶς
1763 631 1821 686 οὗ
1866 641 2039 685 νοεῖτε

386 723 469 780 ὅτι
527 724 585 779 οὐ
640 723 759 801 περὶ
814 720 971 801 ἄρτου
1040 726 1195 778 εἷπον
1254 723 1407 799 ὑμῖν,
1459 721 1759 799 Προσέχετε
1790 719 1893 774 ἀπὸ
1943 718 2039 784 τῆς

383 814 558 887 ζύμης
611 812 718 868 τῶν
772 812 1074 890 Φαρισαίων
1126 811 1215 866 καὶ
1247 808 1611 865 Σαδδουκαίων
1662 808 1839 882 ;Τότε
1871 812 2037 873 συνῆ-

387 924 487 957 καν
543 899 624 958 ὅτι
694 904 790 959 οὔκ
847 901 972 957 ε’ίπε
1029 898 1318 979 προσέχειν
1347 899 1453 954 ἀπὸ
1484 903 1583 965 τῆς
1616 898 1784 973 ζύμης
1816 903 1910 953 τοῦ
1939 893 2035 973 ἄρ-

387 1014 506 1063 του,
563 988 699 1046 ἀλλὰ
751 991 854 1046 ἀπὸ
881 989 979 1057 τῆς
1021 987 1249 1068 διδαχῆς
1292 994 1396 1043 τῶν
1427 988 1727 1066 Φαρισαίων
1757 988 1843 1042 καὶ
1894 983 2036 1041 Σαδ-

392 1079 669 1143 δουκαίων,
729 1078 1006 1154 Ἐνόμιζον
1036 1078 1116 1134 ὅτι
1158 1088 1312 1138 τοῦτο
1369 1075 1547 1154 ἔλεγεν
1590 1081 1794 1143 αὺτοῖς,
1827 1077 1889 1131 τὸ
1933 1098 2034 1153 φυ-

388 1170 667 1227 λάττεσθαι
740 1171 830 1225 τὸν
887 1168 949 1225 ἔκ
1016 1175 1121 1224 τῶν
1178 1165 1482 1223 Ἰουδαϊκῶν
1521 1167 1816 1246 βρωμάτων
1859 1162 2030 1240 μολυ-

385 1261 546 1336 σμὸν,
620 1258 699 1316 διό
754 1260 844 1315 καὶ
899 1256 1248 1335 διελογίζοντο
1318 1256 1399 1313 ὅτι
1458 1252 1643 1336 ἄρτους
1673 1259 1768 1313 οὒκ
1816 1252 2027 1312 ἔλαϐον

386 1348 620 1421 ὀνειδίζει
679 1349 767 1405 οὖν
814 1350 997 1411 αὐτοῖς
1052 1349 1128 1412 ὡς
1178 1347 1424 1417 ἀνοήτοις
1494 1348 1581 1404 καὶ
1645 1345 2029 1423 ὀλιγοπίστοις.

388 1436 519 1497 Καθ’
576 1437 605 1493 δ
660 1438 757 1511 μὶν
815 1438 913 1515 γὰρ
972 1436 1065 1494 οὒκ
1108 1436 1449 1512 ἐμνήσθησαν
1490 1437 1675 1500 πόσοις
1708 1434 1881 1515 ἂρτοις
1921 1434 2027 1491 πό-

388 1549 512 1590 σους
569 1526 804 1601 ἔθρεψεν,
864 1526 1105 1593 ἀνόητοι·
1150 1527 1268 1582 καθ’
1314 1525 1343 1581 ὅ
1373 1524 1426 1581 δὲ
1453 1526 1776 1605 ἠπίστησαν,
1812 1526 1891 1582 ὃτι
1935 1523 2033 1580 κᾶν

387 1619 465 1692 μὴ
527 1616 795 1694 ἠγόρασαν
878 1615 1065 1692 ἄρτους
1131 1614 1184 1680 ἔξ
1268 1611 1551 1692 Ἰουδαίων,
1606 1613 1830 1683 ἠδύνατο
1888 1636 2031 1691 παρ-

2122 555 2325 631 panes,
2355 560 2485 603 cum
2521 543 2793 606 homines
2818 555 3015 608 essent
3046 549 3310 631 quinque
3337 549 3611 624 millia,et
3628 558 3772 631 quot

2121 630 2409 707 cophinos
2437 634 2842 696 sustuleritis‘.’
2871 653 3068 717 neque
3112 630 3339 719 septem
3375 639 3510 700 illos
3562 630 3766 721 panes,

2122 735 2254 810 cum
2282 731 2480 783 essent
2511 730 2761 803 quatuor
2786 724 3062 805 millia,et
3084 736 3230 807 quot
3253 738 3488 809 sportas
3512 747 3765 810 accepe-

2122 805 2253 897 ritis
2283 810 2312 869 ?
2353 811 2465 882 Qui
2496 812 2559 873 tit
2609 822 2670 874 ut
2702 832 2817 873 non
2850 805 3201 893 intelligatis
3231 805 3325 877 me
3357 836 3473 877 non
3509 817 3583 878 de
3616 805 3767 897 pane

2121 894 2339 959 dixisse
2365 899 2527 961 vobis
2542 901 2781 981 illud,ut
2804 904 3088 965 caveretis
3107 903 3530 967 a84fermento
3550 894 3764 968 Phari-

2120 1003 2371 1049 saeorum
2404 988 3131 1055 etSadducaaorum?Tunc
3159 994 3765 1075 intellexerunt,quod

2121 1077 2522 1165 nonjussisset
2539 1098 2794 1143 caverea
2810 1082 3104 1145 fermento
3118 1083 3417 1165 panis,sed
3441 1102 3474 1145 a
3495 1083 3764 1145 doctrina

2115 1162 2552 1230 Pharisazorum
2569 1169 3092 1233 etSadducaeorum
3105 1162 3593 1236 .vnExistimabant
3611 1173 3765 1252 quod

2116 1252 2229 1316 boc
2252 1255 2475 1321 diceret
2498 1257 2712 1333 illis,ut
2733 1260 3101 1322 custodirent
3122 1281 3186 1323 se
3210 1280 3284 1323 ne
3307 1261 3767 1341 coinquinaren-

2119 1348 2211 1403 tur
2239 1363 2272 1406 a
2302 1347 2452 1408 cibis
2475 1347 2758 1423 Judaicis,
2809 1348 3064 1430 ideoque
3096 1349 3493 1432 loquebantur
3521 1350 3673 1411 inter
3703 1367 3767 1410 se

2116 1434 2272 1513 quod
2306 1456 2488 1516 panes
2519 1456 2636 1498 non
2666 1440 3058 1519 accepissent.
3085 1440 3411 1520 Exprobrat
3436 1440 3614 1519 igitur
3644 1439 3763 1501 illis

2116 1524 2272 1603 quod
2298 1534 2413 1586 tam
2446 1526 2666 1606 stupidi
2694 1535 2749 1588 et
2781 1535 2893 1588 tam
2918 1546 3108 1609 parva;
3129 1529 3268 1590 ﬁdei
3302 1530 3759 1608 essentzimpru-

2116 1614 2325 1675 dentes
2349 1615 2506 1676 enim
2532 1624 2701 1677 erant
2723 1626 2778 1684 et
2807 1618 3051 1698 stupidi,
3086 1619 3241 1699 quod
3275 1637 3394 1679 non
3427 1617 3763 1697 cogitabant

385 1718 613 1784 αγαγετν
670 1705 850 1783 αὐτὸς,
907 1705 1043 1760 κατὰ
1073 1711 1228 1760 τοῦτο
1260 1702 1613 1781 ὀλιγόπιστοι⁶
1647 1705 1721 1768 ὡς
1750 1701 1805 1759 δὲ
1852 1704 2024 1759 ίπετί-

2118 1721 2293 1783 quam
2314 1705 2518 1784 paucis
2543 1704 2797 1784 panibus
2815 1708 3033 1768 multos
3056 1726 3235 1787 supra
3256 1707 3759 1787 aluisset;etquod

386 1816 559 1869 μησεν
618 1793 802 1857 αότοτς
857 1792 1223 1873 σφοδρότερον,
1262 1796 1321 1852 οὗ
1348 1796 1448 1872 γὰρ
1479 1800 1759 1873 πανταχοῦ
1788 1795 1822 1861 ἡ
1856 1793 2024 1871 πραό-

2118 1810 2321 1872 paucae
2349 1793 2675 1874 ﬁdei,quod
2708 1796 2848 1876 quia
2868 1813 2985 1858 non
3010 1805 3281 1859 emerant
3304 1796 3557 1859 aludaeis
3575 1814 3758 1877 panes

384 1906 484 1951 της
542 1882 731 1962 καλὸν,
802 1881 989 1945 εὐθέως
1050 1887 1283 1941 σκνῖηιαν
1316 1881 1397 1938 ὅτι
1426 1883 1594 1958 ζύμην
1624 1883 1721 1949 τὴν
1772 1880 2024 1940 διδασκα-

2118 1882 2451 1946 difﬁderent
2482 1885 2676 1965 ipsum
2730 1905 2903 1966 posse
2963 1888 3236 1950 alicunde
3265 1887 3562 1967 acquiere.
3596 1887 3667 1947 Et
3697 1894 3761 1948 ut

384 1972 501 2029 λίαν
572 1970 813 2034 ἰκάλεσε.
874 1974 1133 2029 Σοσοῦτον
1180 1973 1354 2052 ἰσχύει
1411 1980 1690 2052 πανταχοῦ
1745 1974 1779 2041 ἡ
1810 1971 2027 2050 εὔλογος

383 2063 691 2138 ὶπιτίμησις
702 2110 717 2126 ,

468 2357 496 2389 ι
532 2332 729 2391 Ἐλθὼν
787 2331 842 2388 δὲ
884 2334 913 2389 6
956 2331 1162 2399 Ἰησοῦς
1192 2335 1265 2398 εἰς
1308 2335 1374 2389 τὰ
1402 2333 1537 2411 μέρη
1586 2333 1899 2411 Καισαρείας
1930 2337 2026 2399 τῆς

385 2422 683 2497 Φιλίππου,
754 2423 936 2501 ⁴ἓκρώεια
983 2425 1105 2487 τοὺς
1178 2424 1419 2498 μαθητὰς
1453 2424 1631 2496 αὒτοῦ,
1665 2421 1856 2500 λέγων·
1901 2424 2026 2480 Τίνα

381 2536 447 2590 με
519 2513 761 2593 λέγουσιν
833 2514 880 2569 οἱ
932 2510 1189 2589 ἅνθρωποι
1221 2513 1385 2580 εἶναι,
1420 2514 1512 2569 τὸν
1550 2514 1667 2570 Υίὸν
1698 2519 1790 2570 τοῦ
1819 2511 2022 2589 ἀνθρώ-

378 2624 526 2679 πο›;
616 2626 641 2658 ι
703 2602 976 2676 Ἐμνήσθη
1020 2603 1112 2658 τοῦ
1164 2602 1439 2664 κτίσαντος
1471 2602 1569 2668 τὴν
1600 2600 1777 2675 πόλιν,
1840 2599 2021 2670 ἐπειδή

377 2696 488 2751 εστι
543 2694 631 2749 καὶ
704 2690 842 2757 ἄλλη
902 2692 1210 2769 Καισάρεια,
1252 2693 1286 2759 ἡ
1320 2688 1652 2769 Στράτωνος,
1701 2692 1789 2746 καὶ
1846 2689 1940 2746 οὒκ
1969 2690 2022 2745 ἐν

374 2785 577 2860 εκείνη,
634 2778 754 2838 ἀλλ’
811 2780 865 2836 ἒν
923 2782 1088 2857 ταύτῃ
1161 2781 1347 2844 αὖτοὺς
1418 2780 1608 2858 ἐρωτᾷ.
1671 2778 1853 2857 Πόῤῥω
1923 2780 2022 2857 γὰρ

375 2878 482 2929 τῶν
553 2869 814 2931 Ἰουδαίων
869 2868 1060 2947 ἀπάγει
1118 2870 1238 2931 τοὺς
1294 2870 1563 2944 μαθητὰς,
1596 2870 1670 2932 ὡς
1701 2868 1763 2924 ἄν
1818 2867 2021 2944 μηδένα

2111 1973 2306 2034 acrius
2339 1992 2439 2035 eos
2477 1974 2816 2053 perstrinxit
2849 1986 2991 2051 (non
3051 1979 3209 2038 enim
3244 1977 3465 2056 ubique
3490 1977 3642 2036 bona
3668 1982 3758 2036 est

2116 2064 2755 2139 mansuetudo),statim
2776 2065 3193 2128 intellexerunt
3216 2067 3373 2147 quod
3401 2066 3755 2127 fermentum

2107 2151 2434 2213 doctrinam
2469 2162 2754 2216 vocasset.
2775 2154 3024 2217 Tantum
3058 2155 3279 2236 ubique
3310 2156 3463 2216 valet
3491 2157 3753 2216 rationa-

2107 2239 2243 2301 bilis
2273 2241 2627 2322 increpatio.

2188 2329 2365 2393 νεεδ.
2397 2332 2494 2393 13.
2525 2356 2547 2388 α
2585 2332 2728 2394 Cum
2764 2332 3229 2395 venissetautem
3260 2332 3437 2397 Jesus
3466 2335 3524 2393 in
3558 2341 3753 2413 partes

2107 2420 2393 2482 Caesareae
2425 2421 2708 2501 Philippi,
2766 2422 3166 2501 interrogabat
3196 2423 3525 2504 discipulos
3582 2439 3749 2503 suos,

2106 2509 2312 2570 dicens
2346 2532 2358 2569 :
2396 2510 2582 2582 Quem
2638 2529 2732 2573 me
2766 2512 2970 2573 dicunt
3028 2513 3299 2574 homines
3344 2531 3499 2591 esse,
3536 2513 3751 2575 Filium

2104 2599 2363 2660 hominis
2395 2600 2420 2662 ?
2453 2625 2479 2655 »
2518 2601 2778 2662 Meminit
2826 2604 2957 2681 ejus
2987 2603 3084 2681 qui
3123 2602 3412 2664 civitatem
3464 2602 3748 2675 condidit,

2107 2690 2244 2768 quia
2275 2697 2361 2749 est
2416 2696 2474 2749 et
2502 2691 2618 2750 alia
2646 2692 2917 2753 Caasarea
2948 2692 3259 2769 Stratonis,
3292 2700 3349 2751 et
3383 2710 3497 2751 non
3531 2691 3590 2750 in
3626 2690 3747 2763 illa,

2107 2778 2210 2839 sed
2247 2781 2303 2841 in
2338 2780 2445 2839 hac
2474 2778 2610 2842 illos
2636 2779 2977 2858 interrogat.
3013 2779 3220 2841 Procul
3254 2780 3411 2840 enim
3446 2798 3479 2839 a
3536 2780 3751 2841 Judaais

2104 2867 2345 2929 abducit
2373 2867 2720 2949 discipulos,
2754 2876 2816 2929 nt
2848 2868 3073 2929 nullum
3108 2868 3385 2930 timentes
3443 2867 3632 2928 libere
3684 2886 3752 2929 ac

375 2960 714 3041 φοϐοόμενοι,
780 2959 915 3034 μετὰ
960 2958 1253 3036 παρρησίας
1309 2958 1530 3020 εἴπωσι,
1578 2964 1792 3036 Πρῶτον
1838 2956 1891 3014 δὶ
1921 2958 2020 3024 τὴν

2118 2955 2361 3048 fidenter
2389 2954 2885 3018 dicant.Primum
2916 2965 3112 3017 autem
3146 2964 3524 3048 percontatur
3546 2956 3749 3016 multi-

375 3059 469 3109 τοῦ
537 3051 768 3120 πλήθους
840 3049 1009 3128 ἐρωτᾷ
1038 3047 1333 3124 ὑπόληψιν,
1385 3048 1477 3103 ’ίνα
1540 3050 1614 3112 εἰς
1680 3047 1889 3122 μείζονα
1920 3047 2020 3102 άν-

376 3146 665 3222 ενεχθῶσιν
722 3138 946 3214 ἔννοιαν,
991 3139 1078 3194 καὶ
1109 3137 1189 3212 μὴ
1217 3137 1289 3199 εἷς
1323 3138 1422 3203 τὴν
1454 3138 1617 3205 αὐτὴν
1662 3136 2022 3203 ταπεινότητα

374 3243 492 3295 τοῖς
538 3227 765 3294 πολλοῖς
814 3228 1068 3285 πέσωσιν·
1135 3226 1230 3283 οὒκ
1260 3226 1429 3306 ἕρωτᾷ
1472 3224 1545 3299 δὲ,
1585 3226 1709 3283 Τίνα
1740 3247 1807 3301 με
1836 3224 2020 3302 λέγου-

377 3343 459 3378 σιν
483 3321 529 3376 οἱ
557 3325 843 3396 Φαρισατοι
878 3335 894 3397 ς
929 3314 1071 3387 ἀλλ’,
1121 3317 1181 3372 Οἱ
1231 3313 1516 3394 ἅνθρωποι,
1551 3317 1669 3394 περὶ
1710 3325 1802 3375 τοῦ
1833 3313 2022 3371 ἀδόλου

372 3408 604 3478 πλήθους
635 3405 809 3485 λέγων
820 3452 832 3465 .

458 3523 487 3556 ε
518 3503 577 3558 Οἳ
632 3497 685 3554 δὲ
741 3498 920 3554 εἶπον⁶
982 3501 1042 3555 Οἱ
1097 3498 1194 3573 μὲν
1252 3497 1505 3565 ’Ῑωέννην
1560 3499 1651 3553 τὸν
1683 3496 2016 3563 Βαπτιστὴν,

2106 3044 2326 3107 tudinis
2356 3046 2723 3125 opinionem,
2750 3052 2810 3105 ut
2831 3048 2904 3107 ad
2939 3046 3349 3108 sublimiorem
3382 3044 3755 3106 adducantur

2106 3134 2616 3213 cogitationem,et
2648 3153 2722 3196 ne
2754 3135 2809 3194 in
2839 3135 3134 3209 eamdem,
3159 3135 3219 3197 in
3243 3154 3418 3217 quam
3454 3133 3746 3214 plerique,

2106 3223 2318 3285 cadant
2343 3222 2899 3286 humilitatem.Non
2932 3225 3260 3303 interrogat
3308 3234 3533 3286 autem.
3560 3221 3747 3294 Qnem

2108 3330 2201 3374 me
2235 3312 2441 3374 dicunt
2496 3312 2811 3376 Pharisaei?
2856 3313 2985 3387 sed,
3018 3316 3297 3377 Homines
3332 3335 3345 3375 :
3389 3316 3467 3376 de
3496 3311 3748 3393 simplici

2107 3400 2488 3465 multitudine
2519 3402 2750 3465 dicens.
3290 3438 3293 3441 »

2184 3488 2362 3553 Vens.
2402 3492 2500 3553 14.
2542 3515 2562 3546 ι
2602 3490 2692 3552 Illi
2738 3509 2876 3553 vero
2939 3491 3265 3556 dicebant:
3320 3493 3439 3555 Alii
3508 3494 3747 3574 quidem

374 3591 523 3649 ἄΑλοι
579 3589 633 3646 δὲ
716 3588 922 3646 Ἠλίαν·
1004 3588 1170 3668 ἕτεροι
1246 3587 1301 3645 δὲ
1351 3579 1628 3668 Ἱερεμίαν,
1679 3586 1714 3655 ἥ
1770 3587 1861 3645 ἕνα
1914 3590 2021 3643 τῶν

2118 3578 2392 3641 loannem
2452 3580 2801 3661 Baptistam,
2862 3581 2960 3643 alli
3004 3600 3143 3643 vero
3175 3583 3390 3661 Eliam,
3422 3583 3523 3645 alii
3553 3592 3751 3645 autem

374 3679 681 3761 προφητῶν.
747 3695 777 3736 ι
836 3681 894 3736 Οἱ
945 3679 1043 3754 μὲν
1102 3676 1355 3745 Ἰωάννην
1409 3680 1564 3735 αὒτὸν
1643 3679 2009 3756 ὀνομάζοντες,

2118 3668 2600 3743 Hieremiam,aut
2630 3690 2810 3730 unum
2846 3689 2913 3731 ex
2948 3672 3313 3751 prophetis.»
3348 3672 3752 3743 QuiJoannem

372 3759 504 3835 ἦσαν
550 3769 622 3829 ὼ;
678 3768 706 3823 6
760 3764 1028 3845 Ἡρώδης,
1091 3769 1389 3842 νομζοντες
1447 3768 1537 3822 τὸν
1597 3765 1847 3832 Ἰωάννην
1879 3766 2013 3840 μετὰ

2124 3759 2267 3820 llum
2331 3759 2737 3833 nominabant,
2792 3773 2963 3822 erant
2994 3777 3068 3821 ex
3099 3761 3192 3821 bis
3228 3760 3332 3841 qui
3355 3779 3488 3821 cum
3515 3759 3753 3822 Herode

371 3857 470 3923 τὴν
520 3855 801 3912 ἀνάστασιν
859 3856 947 3911 καὶ
978 3864 1129 3914 τοῦτο
1186 3858 1247 3911 τὸ
1281 3858 1523 3936 χάρισμα
1555 3853 1761 3929 λαϐεῖν,
1801 3856 1863 3911 τὸ
1914 3861 2011 3921 τῆς

2118 3847 2384 3911 Jutabant
2462 3848 2757 3911 Joannem
2829 3858 2959 3930 post
3004 3850 3512 3913 resurrectionem
3572 3849 3749 3911 etiam

370 3946 805 4022 θαυματουργίας’
881 3944 927 4001 οἱ
990 3942 1044 4000 δὲ
1103 3943 1309 4019 Ἠλίαν,
1370 3943 1453 4000 διὰ
1537 3947 1597 4000 τὸ
1681 3943 2007 4022 ἐλεγκτικὸν,

2118 3936 2321 3998 lonum
2389 3940 2694 4020 accepisse
2726 3939 3018 4019 operandi
3051 3939 3353 4001 miracula.
3390 3937 3501 4010 Qui
3550 3947 3749 3999 autem

368 4034 455 4089 καὶ
505 4031 588 4089 διὰ
643 4035 704 4089 τὸ
762 4030 1145 4111 προσδοκᾶσθαι
1200 4032 1281 4089 ὅτι
1341 4032 1638 4089 ἐλεύσεται·
1688 4035 1733 4089 οἱ
1764 4030 1815 4087 δὲ
1855 4022 2015 4110 Ἰερε-

2118 4025 2680 4101 Eliam,movebantu
2696 4048 2807 4090 rex
2834 4046 2903 4090 eo
2928 4029 3080 4109 quod
3104 4028 3321 4090 acriter
3340 4026 3752 4109 reprehende-

370 4122 517 4197 μίαν,
572 4119 656 4177 διὰ
710 4124 771 4178 τὸ
830 4121 1081 4195 αὐτοφυὲς
1139 4128 1235 4189 τῆς
1293 4122 1473 4201 σοφίας
1533 4123 1621 4178 καὶ
1673 4120 1793 4180 ἄνευ
1843 4124 2017 4195 μινιθηήα⁵

367 4228 522 4274 σεως’
585 4212 613 4266 6
654 4211 753 4289 γὰρ
812 4209 1088 4291 Ἱερεμίας,
1148 4224 1278 4273 παῖς

365 4302 421 4355 ἱτ
426 4299 566 4379 άχθη
576 4346 592 4362 ,

451 4494 478 4534 ι
540 4476 693 4555 Λέγει
752 4477 960 4540 αὺτοῖς·
1025 4469 1209 4552 ιι’μεῒς
1243 4477 1296 4533 δὲ
1352 4479 1466 4534 τίνα
1499 4498 1567 4553 με
1616 4476 1799 4555 λέγετε
1831 4477 2020 4556 εἶναι,

365 4565 689 4645 Ἀποκριθεὶς
747 4563 800 4620 δὲ
859 4566 1039 4640 Σίμων
1098 4565 1317 4646 Πέτρος,
1352 4567 1499 4623 sine’
1538 4568 1612 4624 Σὺ
1644 4568 1697 4623 εἴ
1746 4569 1773 4622 6
1802 4567 2023 4644 Χριστὸς

362 4658 391 4711 6
452 4657 570 4719 Υἱὸς
629 4664 722 4713 τοῦ
781 4661 913 4711 Θεοῦ
939 4662 1032 4710 τοῦ
1059 4652 1281 4725 ζῶντος.
1321 4678 1348 4709 ι
1388 4658 1488 4713 Καὶ
1518 4655 1678 4713 πάλιν
1711 4658 1785 4721 ὡς
1831 4657 2025 4735 θερμὸς

360 4746 389 4801 6
449 4743 644 4821 Πέτρος
696 4740 967 4822 προπηδᾷ,
1040 4746 1126 4799 καὶ
1178 4745 1439 4823 ὁμολογεῖ
1495 4744 1708 4813 ἀληθῶς
1740 4745 1897 4804 αὐτὸν
1931 4744 2023 4800 εί-

360 4851 442 4887 ναι
506 4834 599 4888 τὸν
660 4833 791 4888 Υῦὸν
846 4839 937 4888 τοῦ
995 4840 1146 4894 Θεοῦ.
1208 4836 1280 4892 05
1312 4836 1411 4913 γὰρ
1447 4835 1598 4916 εἷπε,
1632 4836 1705 4891 Σὺ
1737 4835 1790 4891 εἴ
1824 4837 1851 4890 6
1882 4841 2015 4911 Χρι-

363 4922 487 4986 στὸς
548 4924 664 4983 Υἱὸς
714 4928 807 4979 τοῦ
877 4929 1029 5000 Θεοῦ,
1062 4925 1230 5001 χωρὶς
1262 4933 1353 4981 τοῦ
1386 4929 1412 4981 6
1462 4925 1670 5005 ἄρθρου,
1704 4922 1841 4980 ἀλλὰ
1886 4923 2021 4999 μετὰ

361 5013 455 5067 to”)
522 5010 729 5090 ἄρθρου,
788 5013 818 5066 ὓ
878 5013 1022 5084 Υιὸς,
1089 5013 1377 5094 τουτέστιν,
1407 5018 1564 5078 αὐτὸς
1605 5018 1814 5077 ὶκεϊνος
1847 5016 1874 5070 6
1934 5013 2020 5075 εἷς

364 5100 451 5156 καὶ
507 5101 691 5175 μόνος,
754 5101 813 5157 οὒ
868 5098 1050 5181 χάριτι
1112 5104 1253 5178 Υἱὸς,
1314 5101 1434 5160 ἀλλ’
1465 5106 1492 5161 ὁ
1518 5104 1570 5171 ἐξ
1600 5103 1761 5171 αὒτῆς
1792 5108 1889 5169 τῆς
1922 5103 2016 5159 o6-

366 5190 478 5251 σίας
522 5199 615 5249 τοῦ
671 5190 875 5269 Πατρὸς
936 5191 1230 5269 γεννηθεὶς,
1264 5192 1377 5250 ἐπεὶ
1406 5194 1493 5251 καὶ
1553 5194 1765 5272 Χριστοὶ
1824 5190 2017 5249 πολλοι

364 5276 525 5357 ἦσαν,
584 5279 631 5333 οἱ
662 5279 822 5356 ἱερεῖς
854 5278 1046 5343 πάντες
1076 5280 1165 5336 καὶ
1195 5281 1242 5337 οἱ
1276 5280 1540 5357 βασιλεῖς,
1575 5278 1693 5338 ἀλλ’
1720 5283 1748 5338 6
1796 5281 2020 5359 Χριστὸς

366 5366 499 5429 μετὰ
526 5365 619 5441 τοῦ
646 5364 859 5447 ἄρθρου,
890 5367 976 5433 εἷς
1003 5366 1167 5431 ἐστιν,

449 5476 474 5512 ε
510 5456 609 5513 Καὶ
659 5454 957 5535 ἀποκριθεὶς
1016 5459 1043 5513 6
1076 5456 1306 5540 Ἰησοῦς,
1340 5459 1496 5517 εἶπεν
1541 5462 1705 5535 αὗτῷ⁹
1746 5459 2015 5537 Μακάριος

364 5544 441 5624 εἴ,
516 5545 695 5620 Σίμων
753 5546 855 5624 Βόιρ
921 5543 1097 5627 Ἰωνὰ,
1146 5547 1229 5604 ὃτι
1259 5547 1384 5625 σὰρξ
1413 5550 1502 5605 καὶ
1529 5551 1669 5626 αἷμα
1694 5550 1789 5607 οὒκ
1817 5548 2016 5605 ἀπεκά·

362 5627 494 5707 λυψέ
562 5652 670 5713 σοι,
744 5630 865 5688 ἀλλ’
895 5634 924 5691 6
979 5636 1160 5714 Πατὴρ
1213 5657 1314 5710 μου
1344 5639 1372 5693 6
1427 5636 1482 5693 ιν
1510 5651 1629 5702 τοϊς
1680 5637 1921 5718 οὗρανοϊς
1986 5660 2011 5692 ι

2109 4116 2205 4179 bat
2238 4124 2296 4179 et
2329 4117 2778 4198 exspectabant,
2810 4119 2966 4199 quod
3003 4117 3368 4190 veniret.Qui
3398 4117 3753 4179 veroHiere-

1378 4210 1452 4268 ὥν
1534 4213 1606 4274 εἷς
1692 4211 2021 4291 προφητείαν

2118 4207 2437 4287 miam,hoc
2470 4206 2934 4288 dicebant,quod
2958 4208 3137 4269 simili
3159 4206 3449 4289 sapientia
3475 4206 3754 4286 praeditus

2121 4305 2272 4323 -.--a
2341 4315 2504 4323 -..η-,ε
2542 4314 2569 4323 -
2600 4295 2758 4323 ..η-ΙΙ-
2814 4296 3094 4323 ,ιΖΔΣΑΑ-..ι
3157 4296 3387 4323 Donni...
3423 4293 3749 4323 ":A-Am:nn

2115 4305 2298 4372 esset,
2333 4315 2506 4376 quam
2541 4314 2573 4358 a
2600 4295 2761 4357 nullo
2809 4296 3120 4359 didicerat.
3157 4296 3390 4357 Etenim
3422 4293 3753 4355 Hieremias

2111 4405 2243 4447 cum
2280 4404 2427 4466 puer
2457 4395 2634 4459 esset,
2669 4385 2727 4446 in
2763 4387 3107 4465 prophetam
3139 4391 3485 4464 assumptus
3530 4393 3641 4444 est.

2190 4474 2372 4537 Vsus.
2405 4475 2499 4555 15,
2538 4478 2630 4536 16.
2676 4496 2701 4533 ι
2735 4474 2888 4536 Dicit
2915 4474 3053 4537 illis:
3090 4474 3207 4537 Vos
3224 4484 3415 4537 autem
3448 4492 3623 4555 quem
3659 4490 3753 4534 me

2111 4565 2307 4627 dicitis
2338 4583 2469 4627 esse
2501 4573 2527 4627 ἲ
2558 4565 2963 4644 Respondens
3020 4574 3218 4626 autem
3278 4562 3484 4626 Simon
3544 4565 3754 4624 Petrus

2111 4656 2259 4715 dixit
2290 4672 2303 4717 :
2361 4653 2449 4715 Tu
2482 4672 2546 4716 es
2576 4655 2847 4716 Christus
2889 4654 2991 4716 ille
3039 4654 3222 4717 Filius
3253 4655 3359 4717 Dei
3394 4652 3667 4715 viventis.
3720 4672 3750 4712 ›

2111 4743 2327 4808 lterum
2361 4755 2425 4806 ut
2454 4743 2773 4805 ferventior
2799 4747 3011 4806 Petrus
3044 4744 3292 4823 prosilit,
3313 4752 3370 4805 et
3400 4761 3541 4804 vere
3572 4742 3756 4804 conﬁ-

2104 4834 2475 4914 teturipsum
2513 4850 2644 4893 esse
2665 4831 2877 4894 Filium
2912 4832 3175 4897 Dei.Non
3210 4833 3369 4895 enim
3403 4830 3668 4908 dixit,Tu
3693 4850 3757 4893 es

2102 4920 2381 4983 Christus
2429 4921 2616 4984 Filius
2678 4919 2804 4995 Dei,
2849 4920 3074 5001 absque
3130 4920 3404 4999 articulo,
3465 4918 3567 4980 sed
3621 4937 3752 4980 cum

2104 5010 2378 5092 articulo,
2407 5010 2512 5072 ille
2533 5010 2759 5084 Filius,
2790 5010 2902 5071 hoc
2929 5018 3040 5091 est,
3069 5010 3340 5089 illeipse,
3373 5008 3473 5089 qui
3505 5009 3666 5068 solus
3700 5014 3758 5067 et

2107 5100 2317 5161 unicus
2353 5121 2366 5162 :
2406 5119 2523 5161 non
2583 5098 2767 5179 gratia
2794 5098 3001 5179 Filius,
3035 5099 3139 5159 sed
3171 5098 3273 5180 qui
3303 5118 3370 5159 ex
3404 5098 3530 5177 ipsa
3568 5096 3756 5159 Patris

2104 5188 2433 5250 substantia
2465 5188 2699 5267 genitus
2735 5208 2748 5250 :
2802 5190 2941 5268 quia
2980 5199 3037 5249 et
3071 5189 3235 5249 multi
3289 5188 3506 5249 Christi
3560 5193 3750 5266 erant,

2105 5277 2446 5341 sacerdotes
2476 5292 2531 5341 et
2566 5296 2738 5357 reges
2755 5294 2984 5349 omnes,
3016 5278 3117 5339 sed
3152 5278 3419 5341 Christus
3444 5295 3577 5338 cum
3605 5275 3752 5337 arti-

2106 5367 2238 5428 culo
2271 5385 2424 5428 unus
2457 5376 2566 5427 est.

2188 5455 2367 5518 Vens.
2406 5457 2501 5519 17.
2542 5480 2568 5511 α
2626 5455 2694 5518 Ει
2728 5457 3101 5536 resprndens
3157 5454 3357 5531 Jesus,
3419 5457 3566 5518 dixit
3615 5455 3699 5518 illi
3738 5476 3750 5517 :

2102 5545 2317 5607 Beatus
2350 5544 3089 5627 cs,SimonBarJona,quia
3112 5563 3250 5608 caro
3283 5554 3340 5609 ct
3361 5545 3600 5623 sanguis
3634 5563 3751 5606 non

2100 5632 2529 5709 revelavittibi,
2565 5634 2667 5697 sed
2701 5634 2877 5699 Pater
2906 5652 3073 5697 meus
3113 5635 3215 5718 qui
3250 5643 3337 5698 est
3389 5637 3447 5696 in
3499 5633 3687 5700 ctelis.
3727 5658 3750 5688 η
