4118 6220
431 259 548 327 323
1086 280 1087 283 ‘
1407 266 1994 331 THEOPAYLACTI
2036 263 2443 331 BULGARLE
2485 263 2844 332 ARCHIEP.
3496 302 3509 307 η
3693 262 3815 330 324

422 395 625 471 gratia,
661 414 735 457 ne
763 397 980 461 habeat
1024 401 1512 461 communionem
1565 399 1881 480 quamdam
1937 418 2045 461 cun

2155 399 2452 478 προθέσεως
2514 404 2809 477 σημαίνων.
2866 410 3019 477 Οτον,
3055 403 3133 480 μὴ
3171 402 3348 484 ιχέτω
3374 426 3426 461 τι
3456 403 3636 461 κοινὸν
3678 402 3813 479 πρὸς

422 505 697 567 corpore,
711 490 813 551 sed
829 500 1169 553 contemnat
1184 492 1633 571 seipsum:sicut
1650 493 2045 554 consuevimu;

2152 491 2213 545 τὸ
2276 493 2452 565 σῶμα,
2506 489 2641 573 ἀλλά
2698 494 3089 573 καταφρονείτω
3148 495 3358 562 εαυτοῦ,
3394 492 3574 567 ὥσπερ
3618 491 3815 547 εἰώθα-

423 575 627 639 ilicero
658 578 814 658 quod
848 580 980 659 quis
1015 570 1355 660 quempiam
1382 580 1631 659 negarit,
1667 582 1778 642 hoc
1804 590 1914 656 est,
1951 601 2045 641 non

2152 598 2249 652 μεν
2307 576 2502 657 λέγειν,
2563 570 2619 637 Ὀ
2666 577 2816 637 δεῖνα
2852 570 2962 637 ’τὸν
3029 579 3178 638 δεῖνα
3222 582 3513 661 ἠρνήσατο,
3544 581 3657 635 ἀντὶ
3695 584 3811 645 τοῦ,

425 664 604 727 habet
634 684 768 728 eum
802 687 907 748 pro
940 670 1133 730 amico
1164 670 1251 730 vel
1312 678 1473 733 noto.
1525 670 1622 733 Sic
1654 670 1830 749 igitur
1858 690 2045 732 omne:

2152 667 2258 722 Οῦκ
2313 664 2430 745 ἕχει
2490 666 2664 748 φίλον,
2724 667 2839 727 οῦδὲ
2899 671 3172 748 γνωστόν.
3207 672 3387 731 Οῦτως
3444 669 3532 727 οὖν
3577 668 3665 724 καὶ
3706 672 3815 727 πᾶς

419 752 595 816 docet
623 755 843 817 nullam
878 775 1010 818 cum
1044 776 1296 838 corpore
1318 758 1539 820 habere
1556 759 2037 821 communionem

2150 752 2348 833 ὀφείλει
2413 755 2675 832 μηδεμίαν
2736 756 2911 837 φιλίαν
2975 757 3127 838 ἔχειν
3184 761 3315 837 πρὸς
3358 759 3419 815 τὸ
3443 758 3619 833 σῶμω
3672 755 3810 811 ὥστε

423 844 479 904 id
513 855 624 919 est,
657 845 1090 921 amicitiam,ita
1117 856 1179 908 ut
1210 856 1264 908 et
1296 866 1531 909 crucem
1566 848 1792 922 tollant,
1820 849 1931 910 hoc
1954 858 2041 911 est

2149 844 2234 901 καὶ
2281 846 2373 900 τὸν
2422 846 2643 923 σταυρὸν
2703 846 2899 927 αἴρειν,
2937 848 3201 917 τουτέστι,
3261 849 3483 905 θάνατον
3525 848 3805 925 αἱρεῖσθαι,

425 942 680 996 mortem
771 935 1008 1015 eligant,
1072 945 1130 998 et
1160 956 1296 997 cum
1333 937 1527 998 studio
1560 938 1858 1018 inquirant
1890 940 2045 1000 etian

2148 935 2236 988 καὶ
2305 934 2438 1008 μετά
2495 932 2725 1002 σπουδῆς
2782 933 3067 1007 ιπιζητεϊν
3092 939 3179 994 καὶ
3209 936 3429 994 θάνατον
3479 940 3569 993 τὸν
3595 935 3806 991 ironi-

424 1032 674 1085 mortem
710 1023 1365 1103 ignominiosissimam,
1405 1026 1493 1086 87
1517 1028 1710 1104 qualis
1741 1046 1881 1090 crux
1911 1047 2045 1108 aput

2149 1018 2344 1078 ὃιστον⁶
2405 1029 2643 1087 τοιοῦτος
2726 1024 2826 1103 γὰρ
2863 1027 2891 1081 6
2934 1027 3155 1105 σταυρὸς
3186 1026 3329 1103 παρῆ
3358 1038 3476 1090 τοῖς
3530 1022 3802 1084 παλαιοῖς.

416 1121 645 1174 veteres
674 1113 1035 1188 fuit.Sed,Et
1059 1125 1341 1196 sequatur
1366 1118 1873 1195 me,inquit.Multi
1905 1107 2045 1179 enin

2149 1107 2337 1185 Ἀλλὰ,
2402 1112 2497 1168 Καὶ
2552 1110 2903 1169 ἀκολουθείτω
2959 1136 3074 1189 μοι,
3099 1116 3251 1195 φησί,
3285 1112 3481 1171 Πολλοὶ
3503 1113 3607 1192 γὰρ
3638 1132 3805 1167 σταυ-

415 1202 841 1280 cruciﬁguntur
868 1204 1129 1266 latrones
1164 1214 1220 1266 et
1250 1206 1437 1284 fures,
1468 1214 1527 1268 at
1555 1206 1643 1269 illi
1669 1226 1788 1269 non
1820 1208 2039 1268 suntdi

2147 1205 2355 1276 ροῦνται
2404 1197 2596 1275 λῃσταὶ
2648 1203 2735 1259 καὶ
2795 1200 3043 1279 κλέπται,
3104 1201 3225 1259 ἀλλ’
3298 1204 3393 1259 οὒκ
3424 1203 3553 1258 εἰσὶν
3597 1199 3801 1256 ικετνοι

414 1290 627 1369 scipuli
661 1290 1105 1373 mei.Sequatur
1135 1294 1454 1372 igitur,boc
1478 1307 1595 1376 est,
1619 1315 1856 1358 omnem
1887 1296 2045 1358 alian

2143 1286 2377 1362 μαθηταί
2428 1304 2550 1364 μου·
2616 1288 2967 1348 ἀκολουθείτω
3019 1292 3130 1365 οῦν,
3210 1291 3469 1363 τουτέστι,
3545 1290 3634 1345 καὶ
3688 1293 3801 1344 πᾶ-

2316 1376 2329 1393 \
2440 1376 2521 1395 ’θλῖ
2674 1378 2686 1395 ι
2800 1382 2812 1395 ι
2917 1380 2930 1395 ι
3005 1380 3027 1395 α
3155 1381 3166 1395 Ι
3208 1384 3229 1395 Α
3363 1379 3376 1395 Ι
3398 1388 3405 1395 .
3600 1390 3622 1395 μ
3746 1373 3791 1395 ΩΧ

414 1380 686 1442 virtutem
722 1399 841 1461 pra:
885 1400 947 1443 se
971 1382 1143 1445 ferat.
1178 1384 1446 1462 Abnegat
1483 1373 1679 1447 autem
1713 1386 1979 1465 seipsum
2006 1404 2045 1449 α

2144 1399 2240 1433 σαν
2277 1376 2375 1443 τὴν
2432 1376 2603 1446 ἄλλην
2666 1378 2858 1459 ἀρετὴν
2913 1380 3302 1442 ἐπιδεικνύσθω.
3361 1379 3709 1465 Ἀπαρνετται
3741 1373 3798 1432 δὲ

378 1518 379 1521 η
412 1468 509 1547 qui
543 1469 671 1530 heri
703 1469 945 1549 quidem
980 1470 1413 1551 intemperatus
1444 1483 1591 1548 erat,
1628 1464 1819 1535 hodie
1860 1482 2045 1535 autem

2142 1466 2329 1524 iautbv
2389 1468 2476 1522 καὶ
2533 1470 2560 1524 6
2591 1469 2720 1548 χθὲς
2794 1469 2895 1545 μὲν
2945 1470 3294 1548 ἀσελγαίνων,
3327 1471 3561 1546 σήμερον
3592 1464 3649 1523 δὲ
3682 1488 3796 1522 σω-

300 1610 305 1619 .
408 1563 603 1617 castus
634 1565 691 1619 et
720 1557 980 1621 sobrius.
1016 1558 1173 1620 Talis
1199 1568 1321 1621 erat
1352 1560 1591 1641 Paulus,
1617 1562 1717 1642 qui
1748 1561 2045 1641 abnegavit

2141 1555 2369 1633 φρονῶν.
2425 1563 2669 1622 Τοιοῦτος
2735 1558 2800 1626 ἢν
2832 1561 2859 1615 6
2906 1558 3133 1633 Παῦλος,
3189 1559 3633 1638 ἀπαρνησάμενος
3667 1557 3795 1612 ἐαυ-

410 1646 792 1725 semetipsum
848 1667 982 1709 cum
1014 1648 1262 1710 diceret:
1304 1673 1326 1705 α
1366 1649 1509 1710 Vivo
1540 1660 1735 1711 autem
1772 1669 1887 1712 non
1934 1652 2045 1730 jam

2141 1646 2229 1699 τὸν
2301 1643 2357 1700 ἐν
2438 1651 2520 1719 τῷ
2554 1645 2761 1738 Δλέγειν,
2815 1667 2840 1704 ι
2873 1651 2954 1704 Ζιῦ
2985 1647 3039 1705 δὲ
3071 1650 3165 1707 οῦκ
3195 1649 3327 1726 ἑγὼ,
3372 1655 3439 1723 ζῇ
3471 1646 3526 1703 δὲ
3571 1646 3626 1703 iv
3676 1646 3794 1721 ὶμοὶ

408 1753 539 1813 ego,
574 1738 711 1797 vivit
739 1745 937 1797 autem
969 1738 1028 1797 in
1064 1756 1159 1798 me
1190 1739 1459 1801 Christus
1482 1738 1563 1801 2ϐ.
1592 1766 1617 1795 n
1649 1740 1826 1801 Tollit
1857 1750 2045 1801 autem

2142 1733 2388 1812 Χριστός.
2427 1756 2453 1789 ι
2492 1732 2640 1813 Αἵρει
2666 1733 2722 1792 δὲ
2744 1738 2837 1795 τὸν
2877 1740 3122 1818 σταυρὸν,
3151 1741 3179 1795 6
3210 1737 3477 1814 νεκρώσας
3522 1738 3609 1795 καὶ
3640 1756 3787 1791 σταυ·

408 1842 675 1905 crucem,
728 1824 827 1905 qui
890 1826 1262 1889 mortiﬁcavit
1325 1839 1383 1889 et
1442 1829 1734 1891 cruciﬁxit
1789 1829 2045 1910 seipsum

2139 1823 2313 1900 ρώσας
2357 1824 2543 1881 ἑαυτὸν
2573 1832 2651 1899 τῷ
2694 1825 2904 1904 κόσμῳ.

407 1914 656 1977 mundo.

2284 1990 2352 2014 ..Α
2498 2002 2510 2014 ι
2610 2002 2633 2014 υ
2708 2007 2725 2014 Α
2749 2003 2781 2014 l‘
2917 2004 2927 2014 ι
3031 2008 3044 2014 Α
3144 2005 3156 2014 ι
3273 2007 3288 2014 Α
3360 2010 3384 2014 .-
3463 2002 3492 2014 ο

486 2004 669 2066 Vsus.
704 2005 805 2063 9.5.
860 2024 886 2062 ς
920 2002 1030 2076 Qui
1077 2005 1235 2066 enim
1269 2007 1520 2069 voluerit
1570 2008 1827 2070 animam
1885 2026 2045 2070 suam

2224 2022 2245 2056 ε
2284 2002 2390 2064 ’Ὸς
2456 2002 2555 2080 γὰρ
2602 2002 2663 2059 ἄν
2704 2003 2833 2080 θέλῃ
2876 2004 2974 2071 τὴν
3018 2005 3206 2084 ψυχὴν
3233 2007 3389 2064 αὐτοῦ
3420 2002 3614 2075 σῶσαι,
3646 2002 3789 2059 ἀπο-

406 2108 670 2167 servare,
697 2092 909 2173 perdet
937 2111 1070 2154 eam
1108 2114 1124 2173 ;
1159 2096 1432 2176 quisquis
1467 2105 1664 2158 autem
1724 2096 2045 2178 perdiderit

2136 2089 2278 2147 λέσει
2350 2090 2536 2157 αὐτὴν.
2599 2091 2656 2156 ὅς
2718 2091 2763 2148 δ’
2836 2092 2899 2150 ἄν
2949 2092 3189 2173 ἀπολέσῃ
3247 2094 3349 2163 τὴν
3397 2093 3581 2173 ψυχὴν
3632 2092 3791 2148 αὑτοῦ

406 2182 664 2242 animam
722 2200 887 2242 suam
964 2192 1210 2263 propter
1268 2204 1387 2259 me,
1477 2176 1743 2248 inveniet
1803 2206 1955 2249 eam.
2020 2211 2045 2245 υ

2136 2176 2312 2237 ῖνεκεν
2362 2180 2515 2255 ἆμοῦ,
2579 2184 2789 2262 εὑρήσει
2860 2182 3047 2250 αὐτὴν.
3087 2204 3115 2239 ι
3148 2183 3269 2240 Ἐπὶ
3323 2180 3607 2261 μαρτύριον
3646 2203 3785 2260 προ-

408 2271 495 2331 Ad
519 2271 861 2350 martyrium
894 2271 1238 2334 adhortatur
1286 2292 1426 2335 nos:
1460 2275 1684 2336 invenit
1728 2277 1886 2337 enim
1918 2278 2051 2338 ani-

411 2377 565 2420 mam
598 2359 668 2419 ad
705 2377 988 2439 praesens,
1043 2361 1153 2421 hoc
1186 2372 1300 2437 est,
1363 2372 1576 2429 servat.
1613 2365 1712 2445 qui
1763 2374 1960 2444 negat,
1994 2374 2055 2429 et

409 2455 611 2528 postea
641 2447 1063 2527 perdit.Perdit
1091 2458 1284 2510 autem
1334 2455 1613 2526 animam,
1650 2454 1754 2515 sed
1816 2465 2057 2535 propter

411 2537 739 2612 Christum,
774 2537 875 2617 qui
909 2537 981 2598 de
1015 2556 1085 2599 eo
1131 2540 1516 2604 testiﬁcatur:
1550 2542 1650 2623 qui
1680 2552 1736 2604 et
1793 2544 2057 2606 inveniet

417 2645 545 2689 eam
574 2626 633 2687 in
654 2625 1127 2708 incorruptione,
1163 2637 1223 2689 et
1253 2630 1370 2691 vita
1401 2639 1644 2695 aeterna.

2137 2268 2383 2348 τρέπεται
2453 2274 2624 2347 ἡμᾶς.
2662 2274 2896 2352 Εὑρίσκει
2925 2273 3023 2348 μὲν
3068 2274 3157 2330 οὖν
3199 2273 3298 2340 τὴν
3329 2272 3518 2351 ψυχὴν
3726 2272 3788 2327 τὸ

2136 2361 2326 2438 παρὸν,
2414 2361 2674 2433 τουτέστι,
2732 2366 2914 2434 σώζει,
2975 2364 3003 2418 6
3032 2362 3374 2439 ἀρνοόμενος,
3408 2359 3467 2425 ὅς
3496 2360 3583 2415 καὶ
3612 2357 3799 2416 ἀπόλι

2137 2446 2283 2504 λυσιν
2355 2448 2592 2523 ὕστερονο
2658 2449 2915 2507 ἀπόλλυσι
2973 2449 3028 2506 δὲ
3070 2452 3168 2519 τὴν
3200 2450 3418 2529 ψυχὴν,
3447 2446 3567 2529 ἀλλ’
3616 2446 3791 2503 ἕνεκεν

2140 2538 2227 2594 τοῦ
2284 2541 2530 2617 Χριστοῦ,
2589 2538 2647 2604 ὅς
2706 2542 3028 2619 μαρτυρήσει
3099 2540 3230 2618 ὑπὲρ
3270 2527 3447 2598 αῦτοῦ.
3524 2527 3642 2602 ’¹Ος
3700 2538 3790 2593 καὶ

2138 2629 2344 2706 εὑρήσει
2376 2630 2541 2697 αὐτὴν
2569 2628 2624 2685 iv
2656 2630 2913 2709 ἀφθαρσίᾳ
2939 2631 3026 2687 καὶ
3055 2636 3169 2707 ζωῇ
3200 2628 3407 2701 αίωνίᾳ,

490 2713 669 2776 Vsus.
701 2716 798 2794 26,
833 2716 933 2776 27.
974 2741 1000 2771 (ι
1035 2715 1187 2788 Quid
1221 2720 1379 2780 enim
1416 2720 1653 2799 prodest
1706 2722 1956 2798 homini,
2002 2723 2045 2785 si

2223 2739 2246 2775 ε
2325 2719 2384 2778 Τί
2411 2720 2510 2798 γὰρ
2553 2719 2841 2799 ὠφελεῖται
2886 2718 3156 2798 ἅνθρωπος
3188 2718 3277 2775 ἐὰν
3307 2719 3400 2774 τὸν
3429 2716 3631 2777 κόσμον
3663 2714 3789 2771 ὅλον

412 2813 593 2865 totum
629 2804 911 2865 mundum
944 2804 1207 2867 lucratus
1237 2805 1440 2883 fuerit,
1480 2809 1693 2870 animae
1745 2830 1881 2873 vero
1934 2831 2045 2874 sua

2139 2804 2392 2887 κερδήσῃ,
2437 2809 2533 2876 τὴν
2564 2808 2618 2864 δὲ
2662 2809 2847 2889 ψυχὴν
2898 2811 3054 2867 αὐτοῦ
3087 2811 3335 2883 ζημιωθῇ
3368 2827 3386 2885 ς
3432 2803 3517 2861 ’Ἦ
3547 2806 3597 2861 τί
3628 2804 3785 2861 δώσει

405 2895 694 2993 jacturam
718 2893 924 2993 fecerit
954 2893 1283 2993 ?Aut.quid
1303 2896 1466 2957 dabit
1496 2898 1697 2993 homo,
1722 2901 1891 2980 cujus
1916 2920 2045 2981 per-

2140 2892 2410 2973 ἅνθρωπος
2466 2895 2814 2975 ἀντάλλαγμα
2883 2899 2981 2963 τῆς
3038 2901 3223 2976 ψυχῆς
3295 2897 3452 2993 αῆτοῧ
3500 2892 3785 2993 iam”?

413 2983 738 3045 mutatione
768 2983 1019 3043 redimat
1047 2984 1307 3046 animam
1342 3004 1506 3047 suam
1536 2990 1562 3046 ?
1614 2990 1910 3051 Venturus
1967 3001 2045 3052 est

2140 2986 2239 3063 γὰρ
2307 2988 2335 3041 6
2409 2987 2527 3051 Υἱὸς
2594 2994 2681 3042 τοῦ
2738 2986 3011 3066 ἀνθρώπου
3060 2985 3306 3066 ἔρχεσθαι
3344 2984 3398 3040 iv
3428 2992 3496 3061 τῇ
3525 2981 3648 3059 δόξῃ
3693 2982 3786 3039 τοῦ

411 3073 571 3135 enim
600 3071 783 3133 Filius
814 3072 1072 3133 hominis
1101 3073 1161 3133 in
1194 3073 1382 3152 gloria
1440 3074 1628 3138 Patris
1658 3078 1746 3138 sui
1778 3098 1911 3140 cum
1943 3098 2045 3140 an-

2142 3076 2345 3152 Πατρὸς
2401 3078 2557 3134 αὐτοῦ
2628 3076 2764 3151 μετά
2829 3075 2934 3132 τῶν
2992 3074 3237 3154 ἀγγέλων
3267 3073 3448 3153 αὐτοῦ,
3505 3072 3600 3167 καὶ.
3661 3072 3783 3128 τότε

410 3162 558 3241 gelis
587 3162 733 3234 suis,
762 3169 819 3221 et
870 3168 1010 3223 tunc
1054 3163 1267 3223 rcddet
1317 3165 1636 3245 unicuique
1679 3168 1847 3247 juxta
1904 3169 2045 3232 facta

2138 3161 2402 3221 ἀποδώσει
2458 3165 2666 3237 ἑκάστῳ
2718 3164 2855 3220 κατά
2908 3164 3008 3231 τὴν
3064 3163 3247 3243 πρᾶξιν
3278 3165 3458 3225 αὐτοῦ,
3495 3184 3519 3219 ι
3561 3157 3777 3237 "Enni,

412 3250 621 3331 ipsius.
663 3274 686 3308 ι)
724 3250 823 3311 Sic
853 3250 1033 3329 igitur
1054 3260 1117 3314 et
1148 3255 1441 3331 ﬁngamus
1473 3255 1631 3335 qnod
1658 3265 1841 3318 totum
1876 3277 2045 3319 mun-

2137 3254 2287 3333 φησὶ,
2361 3251 2478 3311 καθ’
2537 3254 2804 3327 ὑπόθεσιν,
2838 3252 2919 3311 ὅτι
2948 3254 3040 3309 τὸν
3081 3253 3279 3329 κόσμον
3321 3250 3445 3308 ὅλον
3475 3247 3778 3329 ἐκέρδανας,

412 3339 554 3401 dum
570 3338 956 3412 lucreris,sed
972 3358 1103 3418 quae
1116 3341 1334 3403 utilitas
1346 3343 1396 3402 si
1410 3362 1624 3424 corpus
1640 3345 1791 3407 bene
1808 3346 2045 3423 habeat,

2136 3340 2271 3397 ἀλλά
2326 3343 2376 3399 τί
2429 3344 2490 3399 τὸ
2562 3340 2777 3423 ὄφελος,
2827 3347 2926 3409 τῆς
2969 3346 3152 3421 ψυχῆς
3193 3347 3371 3404 κακῶς
3415 3336 3777 3413 διακειμένης,

411 3437 470 3489 et
495 3428 691 3488 anima
714 3427 867 3487 male
894 3427 1184 3490 afﬁciatur
1204 3429 1234 3489 ἱ)
1254 3432 1757 3511 quemadmodum
1778 3439 1825 3495 si
1864 3444 2045 3497 mater

2134 3432 2196 3485 τὸ
2267 3432 2423 3507 σῶμα
2478 3432 2725 3491 εὐπαθεῖν
2773 3435 2789 3493 ξ
2842 3432 3019 3510 ὥσπερ
3087 3431 3149 3490 ἄν
3180 3432 3225 3487 εἰ
3253 3435 3352 3497 τῆς
3383 3426 3778 3493 οἰκοδεσποίνης

410 3517 663 3579 familias
692 3518 888 3579 lacera
909 3526 1159 3594 veste,et
1188 3520 1417 3582 ancillae
1464 3522 1685 3601 fulgido
1715 3533 1926 3586 ornatu
1957 3526 2045 3588 in-

2134 3519 2288 3597 ῥάκια
2355 3519 2703 3600 διεῤῥηγμένα
2757 3522 3045 3602 φορούσης,
3115 3514 3775 3623 αἱκςθεραπαινίδεςῃλαμῗ

408 3608 644 3670 cedant.
668 3608 878 3707 Neque
899 3606 960 3667 in
992 3606 1192 3707 futuro
1217 3610 1435 3672 saeculo
1472 3613 1855 3707 poteritquis
1908 3613 2045 3677 dare

2134 3623 2476 3690 προφοροτεν.
2534 3609 2662 3669 Οῦδὶ
2716 3613 2816 3689 γὰρ
2885 3611 2940 3666 iv
2997 3617 3074 3686 τῷ
3102 3608 3350 3687 μέλλοντι
3390 3608 3540 3707 «tam
3569 3604 3779 3707 δύναταί

410 3695 931 3759 commutationem
963 3715 1069 3777 pro
1099 3698 1298 3761 anima
1319 3719 1447 3764 sua:
1471 3702 1565 3764 hic
1587 3704 1827 3783 quidem
1859 3710 2045 3784 potest

2134 3719 2211 3762 τις
2284 3698 2458 3757 δοῦναι
2555 3698 2904 3779 ἀντάλλαγμα
2984 3700 3113 3779 ὑπὲρ
3174 3698 3271 3767 τῆς
3348 3699 3534 3777 ψυχῆς
3591 3694 3771 3756 αὖτοῦ.

394 3786 552 3857 .dare
582 3786 874 3866 lacrymas
904 3794 963 3846 et
1018 3787 1478 3869 eleemosynam,
1513 3800 1572 3853 et
1594 3794 1897 3874 jejunare,
1929 3793 2045 3856 illic

2134 3783 2386 3845 Ἐνταῦθα
2440 3788 2537 3866 μὶν
2588 3790 2686 3868 γὰρ
2742 3787 2953 3847 δύναται
3019 3787 3192 3847 δοῦναι
3262 3784 3481 3865 δάκρυα,
3548 3804 3774 3862 στεναγ-

405 3885 599 3939 autem
633 3875 969 3938 nonJudex
994 3877 1154 3937 enim
1181 3886 1319 3940 tunc
1350 3899 1457 3942 nos
1489 3872 1930 3964 excipiet,dona
1958 3901 2045 3946 re-

2134 3877 2291 3957 μοὺς,
2348 3876 2735 3953 ἑλεημοσύνην·
2797 3877 2913 3935 ius!
2982 3876 3037 3933 δὲ
3104 3876 3184 3940 οὔ.
3216 3872 3645 3965 Ἀδξοροδόκτιτος
3676 3872 3775 3950 γὰρ

404 3984 649 4045 spuens:
679 3984 815 4027 nam
837 3965 1007 4043 juxta
1028 3982 1210 4046 Opera
1230 3986 1335 4030 sua
1341 3962 1637 4049 judicabit
1655 3991 2045 4054 unumquem-

2134 3966 2315 4045 κριτὴς
2373 3965 2681 4033 διαδέξεται⁸
2729 3968 2865 4027 κατά
2894 3968 2994 4047 γὰρ
3034 3968 3102 4024 τὰ
3142 3964 3270 4044 ἔργα
3300 3962 3494 4035 δικάζει
3541 3962 3769 4054 εκάστην

404 4055 652 4135 que.Est
673 4064 868 4117 autem
898 4058 1555 4143 etmetuenduszveniet
1581 4061 1741 4122 enim
1772 4062 1833 4123 in
1862 4051 2045 4143 gloria

2134 4054 2267 4112 ἀλλά
2323 4058 2409 4114 καὶ
2458 4054 2703 4137 φοϐερὸς,
2789 4056 2844 4112 iv
2902 4063 2971 4134 τῇ
2995 4055 3120 4134 δόξῃ
3182 4056 3281 4134 γὰρ
3346 4055 3505 4110 αὐτου
3558 4051 3775 4130 ἔρχεται

2128 4148 2217 4202 καὶ
2286 4148 2420 4223 μετά
2475 4154 2583 4204 τῶν
2672 4146 2936 4228 ἀγγέλων,
3024 4148 3111 4203 καὶ
3168 4146 3292 4224 οὐχὶ
3359 4161 3773 4221 καταπεφρονη-

2129 4234 2314 4310 μένος.

2215 4346 2239 4382 ε
2317 4323 2489 4405 Ἀμὴν
2544 4326 2687 4407 λέγω
2746 4328 2897 4408 ὑμῖν,
2936 4328 3036 4385 εἰσί
3062 4347 3201 4391 τινες
3230 4330 3337 4383 τῶν
3367 4321 3469 4379 ὦδε
3499 4320 3769 4396 ἑστώτων,

403 4162 509 4206 sua
531 4153 588 4206 et
617 4160 751 4207 cum
782 4142 1030 4223 angelis,
1066 4153 1123 4205 et
1155 4164 1272 4207 non
1305 4150 1797 4230 contemptibilis.

483 4321 661 4387 νεεδ.
697 4324 796 4425 ἳβ.
836 4348 864 4381 α
902 4324 1265 4427 Amen‘dico
1296 4326 1488 4389 vobis:
1517 4337 1654 4427 sunt
1682 4330 1919 4411 quidam
1951 4332 2047 4393 hic
2068 4409 2109 4427 ﬁ
2160 4414 2185 4427 υ
2215 4346 2239 4382 ε
2317 4323 2489 4427 Ἀμὴν
2544 4326 2703 4427 λέγω.
2746 4328 2897 4408 ὑμῖν,
2936 4328 3036 4427 εἰσί
3060 4347 3201 4427 τινες
3230 4330 3337 4427 τῷν
3367 4321 3729 4427 efficiamus:

400 4414 759 4494 stantes,qui
789 4433 907 4476 non
936 4414 1254 4494 gustabunt
1285 4409 1760 4499 mortem,donec
1790 4421 2045 4485 viderint

2134 4414 2324 4481 οἵτινες
2379 4420 2438 4476 οὗ
2506 4422 2584 4496 μὴ
2614 4420 2903 4499 γεύσωνται
2945 4419 3191 4491 θανάτου,
3255 4415 3357 4479 iu):
3388 4415 3450 4469 ἃν
3481 4410 3635 4469 ἴδωσι
3680 4412 3772 4467 τὸν

396 4501 614 4565 Filium
647 4504 906 4565 hominis
938 4505 1273 4567 venientem
1294 4506 1352 4567 in
1379 4525 1562 4585 reguo
1590 4526 1721 4571 suo.
1746 4538 1767 4567 ι
1806 4510 2045 4574 Dixerat

2134 4508 2249 4563 ι’ἱὸν
2309 4514 2401 4565 τοῦ
2442 4509 2714 4591 ἀνθρώπου
2743 4511 3037 4592 ἐρχόμενον
3073 4511 3129 4565 iv
3158 4512 3229 4588 τῇ
3253 4502 3493 4583 βασιλείᾳ
3522 4504 3703 4564 αὐτοῦ.
3721 4522 3768 4592 ξ»

396 4600 706 4655 venturum
737 4592 951 4656 Filium
982 4593 1240 4658 hominis
1270 4596 1327 4656 in
1359 4596 1547 4675 gloria
1571 4616 1715 4660 sua:
1760 4617 1835 4661 ne
1864 4600 2045 4678 igitur

2134 4599 2296 4655 Εἶπεν
2353 4599 2434 4656 ὃτι
2503 4590 2685 4682 μέλλει
2744 4590 2991 4682 ἔρχεσθαι
3035 4602 3064 4657 6
3094 4600 3211 4663 Υἱὸς
3262 4602 3355 4653 τοῦ
3397 4593 3671 4673 ἀνθρώπου
3715 4590 3772 4647 iv

397 4683 697 4748 increduli
728 4686 868 4761 sint,
906 4686 1048 4748 dicit
1070 4688 1209 4768 quia
1223 4690 1469 4751 sunthic
1499 4691 1739 4771 quidam
1766 4692 1866 4773 qui
1875 4694 2045 4773 juxta

395 4776 554 4857 quod
589 4795 804 4857 capere
833 4786 1101 4857 possunt.
1138 4778 1501 4841 videbuntin
1530 4781 2045 4862 transﬁguratione

392 4865 636 4942 gloriam
668 4867 915 4929 secundi
944 4866 1254 4930 adventus.
1280 4867 1523 4931 Interim
1552 4879 1751 4932 autem
1783 4873 2044 4935 ostendit

391 4955 453 5015 in
477 4974 591 5035 qua
608 4955 797 5033 gloria
813 4966 986 5018 erunt
1001 4957 1100 5038 qui
1127 4967 1371 5039 propter
1397 4958 1593 5039 ipsum
1618 4960 1773 5041 passi
1797 4961 2036 5024 fuerint.

391 5044 554 5107 Sicut
585 5046 745 5108 enim
782 5055 922 5110 tunc
953 5066 1091 5109 caro
1122 5049 1253 5128 ejus
1284 5049 1625 5129 fulguravit,
1658 5051 1742 5113 ita
1799 5071 1905 5133 pro
1937 5072 2043 5116 sua

391 5135 664 5215 portione
685 5145 823 5197 tunc
842 5136 1154 5216 fulgebunt
1176 5139 1902 5218 sanctizsigniﬁcatautem
1926 5142 2040 5204 hoc

391 5223 762 5287 locoPetruin
778 5224 1767 5310 etJacobum,etJoannem,quosin
1781 5238 2040 5293 montem

389 5317 798 5395 assumpsit,et
827 5316 1093 5378 ostendit
1133 5317 1251 5378 illis
1280 5336 1528 5398 regnum
1552 5338 1753 5395 suum,
1784 5321 1897 5382 hoc
1926 5327 2038 5403 est,

392 5403 654 5465 futurum
688 5412 905 5465 statum
928 5404 988 5467 in
1020 5425 1136 5486 quo
1160 5416 1447 5471 venturus
1471 5417 1631 5471 esset
1657 5408 1875 5490 ipse,et
1891 5410 2042 5489 justi

464 5573 521 5622 ’δ
548 5572 741 5636 Galat.
776 5589 835 5654 ιι,
871 5570 971 5640 20.

2128 4694 2197 4765 τῇ
2268 4686 2392 4771 δόξῃ
2422 4693 2603 4752 αὐτοῦ.
2634 4681 2760 4751 ΗΙνα
2789 4681 2876 4750 οὗν
2908 4691 2987 4768 μὴ
3015 4690 3310 4747 ἀπιστῶσιν
3339 4686 3559 4759 δκεῐνοι,
3611 4683 3770 4762 φησὶν

2126 4777 2208 4835 ὅτι
2265 4781 2363 4837 εἰσί
2404 4802 2543 4848 τινες
2572 4781 2810 4859 ξνταῦθα,
2863 4781 2917 4839 οἵ
2961 4781 3097 4837 κατά
3127 4781 3187 4836 τὸ
3243 4778 3517 4857 δγχωροῦν
3547 4772 3767 4848 ὄψονται

2125 4869 2178 4926 iv
2231 4875 2301 4948 τῇ
2357 4873 2762 4953 μεταμορφώσει
2819 4872 2914 4940 τήν
2972 4869 3123 4936 δόξαν
3152 4874 3252 4937 τῆς
3282 4865 3523 4943 δευτέρας
3564 4882 3768 4939 παρου-

2127 4958 2266 5022 σίας⁹
2341 4958 2453 5035 ἅμα
2520 4958 2575 5017 δὲ
2632 4964 2720 5019 καὶ
2775 4959 3031 5018 δείκνυσιν
3088 4958 3142 5017 iv
3172 4957 3301 5031 ποίᾳ
3329 4954 3453 5034 δόξῃ
3483 4954 3688 5011 ἔσονται
3720 4955 3768 5009 οἱ

2122 5045 2189 5103 δι’
2262 5048 2417 5105 αὐτὸν
2472 5049 2746 5116 παθόντες.
2827 5061 2919 5118 Ὡς
2961 5050 3062 5128 γὰρ
3091 5046 3415 5123 ὶξήστραψεν
3442 5047 3477 5114 ἡ
3515 5040 3640 5121 σάρξ
3671 5045 3768 5101 αῦ-

2125 5138 2219 5194 τοῦ
2272 5145 2586 5218 τηνικαῦτα,
2640 5140 2778 5199 οὕτω
2832 5141 2969 5203 κατὰ
3038 5136 3319 5216 ἀναλογίαν
3387 5136 3435 5191 oi
3464 5132 3603 5212 ἅγιοι
3644 5132 3767 5192 τότε

2126 5226 2511 5304 ἐκλάμψουσιν
2599 5233 2879 5289 αἰνιττεται
2931 5228 2986 5286 δὲ
3044 5229 3262 5287 ὶνταῦθα
3311 5227 3403 5283 τὸν
3450 5224 3647 5302 Πέτρον
3679 5225 3767 5281 καὶ

2125 5314 2377 5378 Ἰάκωϐον
2437 5322 2523 5381 καὶ
2593 5322 2868 5399 Ἰωάννην,
2938 5319 3026 5386 οῦς
3070 5314 3363 5397 παρέλαϐεν
3398 5316 3475 5380 εἷς
3516 5315 3578 5371 τὸ
3620 5311 3763 5393 ὅρος,

2123 5410 2210 5467 καὶ
2268 5408 2463 5476 ἔδειξεν
2519 5415 2704 5476 αὐτοῖς
2783 5414 2881 5481 τὴν
2951 5408 3220 5488 βασιλείαν
3272 5406 3451 5483 αὐτοῦ,
3501 5404 3762 5482 τουτόστι,
