  <div class='ocr_page' id='page_1' title='image "/cluster/home/n/w/nwhite01/storage/ocr_20150623/123/hvd.32044073502445/179.png"; bbox 0 0 4118 6220; ppageno 0'>
   <div class='ocr_carea' id='block_1_1' title="bbox 446 270 3821 348">
    <p class='ocr_par' dir='ltr' id='par_1_1' title="bbox 446 270 3821 348">
     <span class='ocr_line' id='line_1_1' title="bbox 446 270 3821 348; baseline -0 -8"><span class='ocrx_word' id='word_1_1' title='bbox 446 278 565 341; x_wconf 73' lang='lat'><strong>327</strong></span> <span class='ocrx_word' id='word_1_2' title='bbox 1414 282 1515 344; x_wconf 85' lang='grc' dir='ltr'><strong>ΤΗ</strong></span> <span class='ocrx_word' id='word_1_3' title='bbox 1526 282 2009 346; x_wconf 81' lang='lat' dir='ltr'><strong>EOPHYLACTI</strong></span> <span class='ocrx_word' id='word_1_4' title='bbox 2054 282 2458 348; x_wconf 71' lang='lat' dir='ltr'><strong>BULGARle</strong></span> <span class='ocrx_word' id='word_1_5' title='bbox 2498 284 2856 348; x_wconf 79' lang='lat' dir='ltr'><strong>ARCHIEP.</strong></span> <span class='ocrx_word' id='word_1_6' title='bbox 3702 270 3821 339; x_wconf 78' lang='grc'><strong>328</strong></span> 
     </span>
    </p>
   </div>
   <div class='ocr_carea' id='block_1_2' title="bbox 449 407 2059 500">
    <p class='ocr_par' dir='ltr' id='par_1_2' title="bbox 449 411 2059 498">
     <span class='ocr_line' id='line_1_2' title="bbox 449 411 2059 498; baseline 0.007 -27"><span class='ocrx_word' id='word_1_7' title='bbox 449 411 665 472; x_wconf 82' lang='lat' dir='ltr'><strong>mansit</strong></span> <span class='ocrx_word' id='word_1_8' title='bbox 692 430 910 493; x_wconf 88' lang='lat' dir='ltr'><strong>corpus</strong></span> <span class='ocrx_word' id='word_1_9' title='bbox 934 413 992 475; x_wconf 91' lang='lat' dir='ltr'><strong>in</strong></span> <span class='ocrx_word' id='word_1_10' title='bbox 1025 432 1128 474; x_wconf 92' lang='lat' dir='ltr'><strong>suo</strong></span> <span class='ocrx_word' id='word_1_11' title='bbox 1154 412 1383 476; x_wconf 82' lang='lat' dir='ltr'><strong>habitu.</strong></span> <span class='ocrx_word' id='word_1_12' title='bbox 1437 415 1668 477; x_wconf 82' lang='lat' dir='ltr'><strong>Faciem</strong></span> <span class='ocrx_word' id='word_1_13' title='bbox 1702 416 1860 476; x_wconf 88' lang='lat' dir='ltr'><strong>enim</strong></span> <span class='ocrx_word' id='word_1_14' title='bbox 1893 418 2059 498; x_wconf 88' lang='lat' dir='ltr'><strong>ipsiu:</strong></span> 
     </span>
    </p>
   </div>
   <div class='ocr_carea' id='block_1_3' title="bbox 2141 407 3816 500">
    <p class='ocr_par' dir='ltr' id='par_1_3' title="bbox 2164 407 3816 500">
     <span class='ocr_line' id='line_1_3' title="bbox 2164 407 3816 500; baseline -0.008 -24"><span class='ocrx_word' id='word_1_15' title='bbox 2164 434 2353 495; x_wconf 71' lang='grc' dir='ltr'>ματοςθ</span> <span class='ocrx_word' id='word_1_16' title='bbox 2417 442 2699 500; x_wconf 83' lang='grc' dir='ltr'>προσωπον</span> <span class='ocrx_word' id='word_1_17' title='bbox 2771 418 2870 497; x_wconf 80' lang='grc' dir='ltr'><strong>γὰρ</strong></span> <span class='ocrx_word' id='word_1_18' title='bbox 2957 417 3113 475; x_wconf 68' lang='grc' dir='ltr'>αὺτοῦ</span> <span class='ocrx_word' id='word_1_19' title='bbox 3196 412 3407 476; x_wconf 75' lang='grc' dir='ltr'><strong>ἀκούεις</strong></span> <span class='ocrx_word' id='word_1_20' title='bbox 3469 411 3558 468; x_wconf 76' lang='grc' dir='ltr'>καὶ</span> <span class='ocrx_word' id='word_1_21' title='bbox 3604 407 3816 500; x_wconf 51' lang='grc' dir='ltr'>ῐιεάτια,</span> 
     </span>
    </p>
   </div>
   <div class='ocr_carea' id='block_1_4' title="bbox 447 496 2059 590">
    <p class='ocr_par' dir='ltr' id='par_1_4' title="bbox 447 496 2059 583">
     <span class='ocr_line' id='line_1_4' title="bbox 447 496 2059 583; baseline 0.006 -23"><span class='ocrx_word' id='word_1_22' title='bbox 447 500 615 561; x_wconf 87' lang='lat' dir='ltr'><strong>audis</strong></span> <span class='ocrx_word' id='word_1_23' title='bbox 646 509 704 562; x_wconf 92' lang='lat' dir='ltr'><strong>et</strong></span> <span class='ocrx_word' id='word_1_24' title='bbox 744 508 994 565; x_wconf 83' lang='lat' dir='ltr'><strong>vestem.</strong></span> <span class='ocrx_word' id='word_1_25' title='bbox 1045 501 1348 581; x_wconf 81' lang='lat' dir='ltr'><strong>Fnlgidior</strong></span> <span class='ocrx_word' id='word_1_26' title='bbox 1404 503 1727 583; x_wconf 83' lang='lat' dir='ltr'><strong>apparebat</strong></span> <span class='ocrx_word' id='word_1_27' title='bbox 1778 496 2059 570; x_wconf 63' lang='lat' dir='ltr'><strong>divinitati</strong></span> 
     </span>
    </p>
   </div>
   <div class='ocr_carea' id='block_1_5' title="bbox 2141 496 3815 590">
    <p class='ocr_par' dir='ltr' id='par_1_5' title="bbox 2168 496 3815 590">
     <span class='ocr_line' id='line_1_5' title="bbox 2168 496 3815 590; baseline -0.003 -27"><span class='ocrx_word' id='word_1_28' title='bbox 2168 496 2549 588; x_wconf 82' lang='grc' dir='ltr'>Λαμπρότερος</span> <span class='ocrx_word' id='word_1_29' title='bbox 2608 496 2872 590; x_wconf 70' lang='grc' dir='ltr'>ἐφαίνετο,</span> <span class='ocrx_word' id='word_1_30' title='bbox 2931 510 3030 572; x_wconf 77' lang='grc' dir='ltr'>τῆς</span> <span class='ocrx_word' id='word_1_31' title='bbox 3084 504 3337 570; x_wconf 71' lang='grc' dir='ltr'>θεότητος</span> <span class='ocrx_word' id='word_1_32' title='bbox 3424 496 3815 590; x_wconf 54' lang='grc' dir='ltr'>παραδειξάατις</span> 
     </span>
    </p>
   </div>
   <div class='ocr_carea' id='block_1_6' title="bbox 449 584 2059 675">
    <p class='ocr_par' dir='ltr' id='par_1_6' title="bbox 449 592 2058 672">
     <span class='ocr_line' id='line_1_6' title="bbox 449 592 2058 672; baseline 0.006 -23"><span class='ocrx_word' id='word_1_33' title='bbox 449 609 656 669; x_wconf 80' lang='lat' dir='ltr'><strong>parvos</strong></span> <span class='ocrx_word' id='word_1_34' title='bbox 686 592 941 672; x_wconf 87' lang='lat' dir='ltr'><strong>quodam</strong></span> <span class='ocrx_word' id='word_1_35' title='bbox 974 593 1174 653; x_wconf 85' lang='lat' dir='ltr'><strong>radios</strong></span> <span class='ocrx_word' id='word_1_36' title='bbox 1205 610 1343 653; x_wconf 87' lang='lat' dir='ltr'><strong>suos</strong></span> <span class='ocrx_word' id='word_1_37' title='bbox 1378 592 1738 669; x_wconf 89' lang='lat' dir='ltr'><strong>declarante,</strong></span> <span class='ocrx_word' id='word_1_38' title='bbox 1774 603 1831 655; x_wconf 91' lang='lat' dir='ltr'><strong>et</strong></span> <span class='ocrx_word' id='word_1_39' title='bbox 1886 597 1995 660; x_wconf 92' lang='lat' dir='ltr'><strong>hoc</strong></span> <span class='ocrx_word' id='word_1_40' title='bbox 2026 619 2058 658; x_wconf 93' lang='lat' dir='ltr'><strong>u</strong></span> 
     </span>
    </p>
   </div>
   <div class='ocr_carea' id='block_1_7' title="bbox 2141 584 3817 675">
    <p class='ocr_par' dir='ltr' id='par_1_7' title="bbox 2167 584 3817 675">
     <span class='ocr_line' id='line_1_7' title="bbox 2167 584 3817 675; baseline -0.007 -24"><span class='ocrx_word' id='word_1_41' title='bbox 2167 598 2354 675; x_wconf 81' lang='grc' dir='ltr'>μικρόν</span> <span class='ocrx_word' id='word_1_42' title='bbox 2410 620 2459 653; x_wconf 86' lang='grc' dir='ltr'><strong>τι</strong></span> <span class='ocrx_word' id='word_1_43' title='bbox 2515 600 2609 662; x_wconf 79' lang='grc' dir='ltr'>τὰς</span> <span class='ocrx_word' id='word_1_44' title='bbox 2678 598 2899 660; x_wconf 80' lang='grc' dir='ltr'>ἀκτῖνας</span> <span class='ocrx_word' id='word_1_45' title='bbox 2966 594 3152 669; x_wconf 66' lang='grc' dir='ltr'>αὐτῆς,</span> <span class='ocrx_word' id='word_1_46' title='bbox 3224 594 3313 648; x_wconf 85' lang='grc' dir='ltr'><strong>καὶ</strong></span> <span class='ocrx_word' id='word_1_47' title='bbox 3368 596 3525 647; x_wconf 85' lang='grc' dir='ltr'>τοῦτο</span> <span class='ocrx_word' id='word_1_48' title='bbox 3568 590 3641 653; x_wconf 82' lang='grc' dir='ltr'>ὡς</span> <span class='ocrx_word' id='word_1_49' title='bbox 3686 584 3817 654; x_wconf 77' lang='grc' dir='ltr'><strong>ἠδύ-</strong></span> 
     </span>
    </p>
   </div>
   <div class='ocr_carea' id='block_1_8' title="bbox 443 677 2059 766">
    <p class='ocr_par' dir='ltr' id='par_1_8' title="bbox 443 679 2059 766">
     <span class='ocr_line' id='line_1_8' title="bbox 443 679 2059 766; baseline 0.007 -28"><span class='ocrx_word' id='word_1_50' title='bbox 443 679 649 742; x_wconf 87' lang='lat' dir='ltr'><strong>videre</strong></span> <span class='ocrx_word' id='word_1_51' title='bbox 682 689 952 761; x_wconf 90' lang='lat' dir='ltr'><strong>poterant</strong></span> <span class='ocrx_word' id='word_1_52' title='bbox 986 699 999 742; x_wconf 75' lang='grc' dir='ltr'><strong>ε</strong></span> <span class='ocrx_word' id='word_1_53' title='bbox 1037 689 1351 761; x_wconf 79' lang='lat' dir='ltr'><strong>propterea</strong></span> <span class='ocrx_word' id='word_1_54' title='bbox 1381 688 1439 741; x_wconf 89' lang='lat' dir='ltr'><strong>et</strong></span> <span class='ocrx_word' id='word_1_55' title='bbox 1482 699 1728 761; x_wconf 84' lang='lat' dir='ltr'><strong>regnum</strong></span> <span class='ocrx_word' id='word_1_56' title='bbox 1766 683 1869 745; x_wconf 87' lang='lat' dir='ltr'><strong>Dei</strong></span> <span class='ocrx_word' id='word_1_57' title='bbox 1900 705 2059 766; x_wconf 71' lang='lat' dir='ltr'><strong>supe«</strong></span> 
     </span>
    </p>
   </div>
   <div class='ocr_carea' id='block_1_9' title="bbox 2141 677 3816 766">
    <p class='ocr_par' dir='ltr' id='par_1_9' title="bbox 2167 677 3816 763">
     <span class='ocr_line' id='line_1_9' title="bbox 2167 677 3816 763; baseline -0.007 -22"><span class='ocrx_word' id='word_1_58' title='bbox 2167 707 2321 741; x_wconf 85' lang='grc' dir='ltr'>ναντο</span> <span class='ocrx_word' id='word_1_59' title='bbox 2394 684 2548 744; x_wconf 78' lang='grc' dir='ltr'>ἰδεῖν·</span> <span class='ocrx_word' id='word_1_60' title='bbox 2608 685 2693 743; x_wconf 77' lang='grc' dir='ltr'><strong>διὰ</strong></span> <span class='ocrx_word' id='word_1_61' title='bbox 2750 694 2906 744; x_wconf 88' lang='grc' dir='ltr'>τοῦτο</span> <span class='ocrx_word' id='word_1_62' title='bbox 2992 685 3091 763; x_wconf 78' lang='grc' dir='ltr'>γὰρ</span> <span class='ocrx_word' id='word_1_63' title='bbox 3122 682 3210 739; x_wconf 84' lang='grc' dir='ltr'><strong>καὶ</strong></span> <span class='ocrx_word' id='word_1_64' title='bbox 3238 677 3506 758; x_wconf 80' lang='grc' dir='ltr'>βασιλείαν</span> <span class='ocrx_word' id='word_1_65' title='bbox 3536 686 3630 736; x_wconf 86' lang='grc' dir='ltr'><strong>τοῦ</strong></span> <span class='ocrx_word' id='word_1_66' title='bbox 3685 681 3816 731; x_wconf 86' lang='grc' dir='ltr'>Θεοῦ</span> 
     </span>
    </p>
   </div>
   <div class='ocr_carea' id='block_1_10' title="bbox 443 766 2059 856">
    <p class='ocr_par' dir='ltr' id='par_1_10' title="bbox 443 770 2059 853">
     <span class='ocr_line' id='line_1_10' title="bbox 443 770 2059 853; baseline 0.004 -23"><span class='ocrx_word' id='word_1_67' title='bbox 443 770 566 831; x_wconf 91' lang='lat' dir='ltr'><strong>rius</strong></span> <span class='ocrx_word' id='word_1_68' title='bbox 597 770 741 831; x_wconf 73' lang='lat' dir='ltr'><strong>dixit</strong></span> <span class='ocrx_word' id='word_1_69' title='bbox 772 772 1388 850; x_wconf 80' lang='lat' dir='ltr'><strong>transligurationem,</strong></span> <span class='ocrx_word' id='word_1_70' title='bbox 1443 792 1511 834; x_wconf 91' lang='lat' dir='ltr'><strong>eo</strong></span> <span class='ocrx_word' id='word_1_71' title='bbox 1563 774 1720 853; x_wconf 89' lang='lat' dir='ltr'><strong>quod</strong></span> <span class='ocrx_word' id='word_1_72' title='bbox 1770 776 2059 840; x_wconf 83' lang='lat' dir='ltr'><strong>ineﬂ&#39;abili</strong></span> 
     </span>
    </p>
   </div>
   <div class='ocr_carea' id='block_1_11' title="bbox 2141 766 3815 856">
    <p class='ocr_par' dir='ltr' id='par_1_11' title="bbox 2169 766 3815 856">
     <span class='ocr_line' id='line_1_11' title="bbox 2169 766 3815 856; baseline -0.007 -26"><span class='ocrx_word' id='word_1_73' title='bbox 2169 776 2415 854; x_wconf 82' lang='grc' dir='ltr'><strong>ἀνωτέρω</strong></span> <span class='ocrx_word' id='word_1_74' title='bbox 2470 777 2655 856; x_wconf 75' lang='grc' dir='ltr'>εἴρηκε</span> <span class='ocrx_word' id='word_1_75' title='bbox 2711 777 2807 844; x_wconf 78' lang='grc' dir='ltr'><strong>τὴν</strong></span> <span class='ocrx_word' id='word_1_76' title='bbox 2866 775 3299 853; x_wconf 76' lang='grc' dir='ltr'>μεταμόρφωσιν,</span> <span class='ocrx_word' id='word_1_77' title='bbox 3387 769 3458 833; x_wconf 81' lang='grc' dir='ltr'>ὡς</span> <span class='ocrx_word' id='word_1_78' title='bbox 3510 766 3815 856; x_wconf 7' lang='grc' dir='ltr'>,ἐκφήνασαν</span> 
     </span>
    </p>
   </div>
   <div class='ocr_carea' id='block_1_12' title="bbox 442 854 2059 945">
    <p class='ocr_par' dir='ltr' id='par_1_12' title="bbox 442 860 2059 942">
     <span class='ocr_line' id='line_1_12' title="bbox 442 860 2059 942; baseline 0.005 -23"><span class='ocrx_word' id='word_1_79' title='bbox 442 860 571 938; x_wconf 86' lang='lat' dir='ltr'><strong>ejus</strong></span> <span class='ocrx_word' id='word_1_80' title='bbox 603 868 855 939; x_wconf 89' lang='lat' dir='ltr'><strong>potestas</strong></span> <span class='ocrx_word' id='word_1_81' title='bbox 893 860 973 921; x_wconf 86' lang='lat' dir='ltr'><strong>ibi</strong></span> <span class='ocrx_word' id='word_1_82' title='bbox 1007 861 1320 936; x_wconf 88' lang='lat' dir='ltr'><strong>refulserit,</strong></span> <span class='ocrx_word' id='word_1_83' title='bbox 1351 870 1409 922; x_wconf 91' lang='lat' dir='ltr'><strong>et</strong></span> <span class='ocrx_word' id='word_1_84' title='bbox 1439 863 1592 942; x_wconf 89' lang='lat' dir='ltr'><strong>quod</strong></span> <span class='ocrx_word' id='word_1_85' title='bbox 1627 882 1944 941; x_wconf 85' lang='lat' dir='ltr'><strong>germanus</strong></span> <span class='ocrx_word' id='word_1_86' title='bbox 1982 869 2059 930; x_wconf 70' lang='grc' dir='ltr'><strong>Εἰ·</strong></span> 
     </span>
    </p>
   </div>
   <div class='ocr_carea' id='block_1_13' title="bbox 2141 854 3812 945">
    <p class='ocr_par' dir='ltr' id='par_1_13' title="bbox 2165 854 3812 945">
     <span class='ocr_line' id='line_1_13' title="bbox 2165 854 3812 945; baseline -0.013 -15"><span class='ocrx_word' id='word_1_87' title='bbox 2165 868 2264 930; x_wconf 80' lang='grc' dir='ltr'><strong>τῆς</strong></span> <span class='ocrx_word' id='word_1_88' title='bbox 2333 854 2566 930; x_wconf 65' lang='grc' dir='ltr'>ἔξουσίας</span> <span class='ocrx_word' id='word_1_89' title='bbox 2629 868 2690 922; x_wconf 89' lang='grc' dir='ltr'>τὸ</span> <span class='ocrx_word' id='word_1_90' title='bbox 2742 864 2963 945; x_wconf 73' lang='grc' dir='ltr'>ἄφατον,</span> <span class='ocrx_word' id='word_1_91' title='bbox 3009 864 3097 919; x_wconf 84' lang='grc' dir='ltr'><strong>καὶ</strong></span> <span class='ocrx_word' id='word_1_92' title='bbox 3125 861 3208 917; x_wconf 78' lang='grc' dir='ltr'>ὅτι</span> <span class='ocrx_word' id='word_1_93' title='bbox 3252 857 3471 938; x_wconf 75' lang='grc' dir='ltr'>γνήσιός</span> <span class='ocrx_word' id='word_1_94' title='bbox 3503 855 3645 913; x_wconf 68' lang='grc' dir='ltr'>ἔστιν</span> <span class='ocrx_word' id='word_1_95' title='bbox 3694 854 3812 916; x_wconf 80' lang='grc' dir='ltr'>Υἱὸς</span> 
     </span>
    </p>
   </div>
   <div class='ocr_carea' id='block_1_14' title="bbox 443 945 2059 1033">
    <p class='ocr_par' dir='ltr' id='par_1_14' title="bbox 443 949 2056 1031">
     <span class='ocr_line' id='line_1_14' title="bbox 443 949 2056 1031; baseline 0.006 -24"><span class='ocrx_word' id='word_1_96' title='bbox 443 949 555 1009; x_wconf 89' lang='lat' dir='ltr'><strong>lius</strong></span> <span class='ocrx_word' id='word_1_97' title='bbox 584 950 767 1010; x_wconf 82' lang='lat' dir='ltr'><strong>Patris</strong></span> <span class='ocrx_word' id='word_1_98' title='bbox 797 960 1071 1012; x_wconf 87' lang='lat' dir='ltr'><strong>ostensus</strong></span> <span class='ocrx_word' id='word_1_99' title='bbox 1101 952 1194 1030; x_wconf 88' lang='lat' dir='ltr'><strong>sit,</strong></span> <span class='ocrx_word' id='word_1_100' title='bbox 1250 960 1308 1013; x_wconf 88' lang='lat' dir='ltr'><strong>et</strong></span> <span class='ocrx_word' id='word_1_101' title='bbox 1352 952 1507 1031; x_wconf 92' lang='lat' dir='ltr'><strong>quod</strong></span> <span class='ocrx_word' id='word_1_102' title='bbox 1543 951 1794 1031; x_wconf 83' lang='lat' dir='ltr'><strong>dignitas</strong></span> <span class='ocrx_word' id='word_1_103' title='bbox 1836 957 2056 1018; x_wconf 90' lang='lat' dir='ltr'><strong>secuml</strong></span> 
     </span>
    </p>
   </div>
   <div class='ocr_carea' id='block_1_15' title="bbox 2141 945 3811 1033">
    <p class='ocr_par' dir='ltr' id='par_1_15' title="bbox 2166 945 3811 1033">
     <span class='ocr_line' id='line_1_15' title="bbox 2166 945 3811 1033; baseline 0.002 -25"><span class='ocrx_word' id='word_1_104' title='bbox 2166 955 2259 1009; x_wconf 86' lang='grc' dir='ltr'><strong>τοῦ</strong></span> <span class='ocrx_word' id='word_1_105' title='bbox 2312 956 2515 1033; x_wconf 77' lang='grc' dir='ltr'>Πατρὸς</span> <span class='ocrx_word' id='word_1_106' title='bbox 2583 951 2841 1029; x_wconf 78' lang='grc' dir='ltr'>δείξασαν,</span> <span class='ocrx_word' id='word_1_107' title='bbox 2902 954 2988 1010; x_wconf 78' lang='grc' dir='ltr'><strong>καὶ</strong></span> <span class='ocrx_word' id='word_1_108' title='bbox 3044 954 3117 1015; x_wconf 83' lang='grc' dir='ltr'>ὡς</span> <span class='ocrx_word' id='word_1_109' title='bbox 3170 954 3270 1016; x_wconf 70' lang='grc' dir='ltr'>τῆς</span> <span class='ocrx_word' id='word_1_110' title='bbox 3310 945 3581 1033; x_wconf 15' lang='grc' dir='ltr'>δευτέρας,</span> <span class='ocrx_word' id='word_1_111' title='bbox 3611 963 3811 1033; x_wconf 22' lang='grc' dir='ltr'>παραυ-</span> 
     </span>
    </p>
   </div>
   <div class='ocr_carea' id='block_1_16' title="bbox 442 1031 2059 1122">
    <p class='ocr_par' dir='ltr' id='par_1_16' title="bbox 442 1038 2059 1119">
     <span class='ocr_line' id='line_1_16' title="bbox 442 1038 2059 1119; baseline 0.002 -20"><span class='ocrx_word' id='word_1_112' title='bbox 442 1038 726 1099; x_wconf 87' lang='lat' dir='ltr'><strong>adventus</strong></span> <span class='ocrx_word' id='word_1_113' title='bbox 757 1040 815 1100; x_wconf 88' lang='lat' dir='ltr'><strong>in</strong></span> <span class='ocrx_word' id='word_1_114' title='bbox 848 1040 1168 1119; x_wconf 88' lang='lat' dir='ltr'><strong>splendore</strong></span> <span class='ocrx_word' id='word_1_115' title='bbox 1193 1039 1362 1102; x_wconf 80' lang='lat' dir='ltr'><strong>faciei</strong></span> <span class='ocrx_word' id='word_1_116' title='bbox 1393 1040 1612 1103; x_wconf 88' lang='lat' dir='ltr'><strong>Christi</strong></span> <span class='ocrx_word' id='word_1_117' title='bbox 1654 1042 1936 1106; x_wconf 73' lang='lat' dir='ltr'><strong>ineffabili</strong></span> <span class='ocrx_word' id='word_1_118' title='bbox 1960 1047 2059 1107; x_wconf 89' lang='lat' dir='ltr'><strong>cla.</strong></span> 
     </span>
    </p>
   </div>
   <div class='ocr_carea' id='block_1_17' title="bbox 2141 1031 3813 1122">
    <p class='ocr_par' dir='ltr' id='par_1_17' title="bbox 2170 1031 3813 1122">
     <span class='ocr_line' id='line_1_17' title="bbox 2170 1031 3813 1122; baseline -0.013 -16"><span class='ocrx_word' id='word_1_119' title='bbox 2170 1042 2284 1105; x_wconf 79' lang='grc' dir='ltr'>σίας</span> <span class='ocrx_word' id='word_1_120' title='bbox 2343 1044 2403 1098; x_wconf 75' lang='grc' dir='ltr'><strong>τὸ</strong></span> <span class='ocrx_word' id='word_1_121' title='bbox 2431 1031 2664 1118; x_wconf 31' lang='grc' dir='ltr'>-ἆξίωμα</span> <span class='ocrx_word' id='word_1_122' title='bbox 2737 1042 3013 1122; x_wconf 72' lang='grc' dir='ltr'>φέρουσαν,</span> <span class='ocrx_word' id='word_1_123' title='bbox 3067 1038 3148 1095; x_wconf 79' lang='grc' dir='ltr'><strong>διὰ</strong></span> <span class='ocrx_word' id='word_1_124' title='bbox 3173 1039 3272 1105; x_wconf 72' lang='grc' dir='ltr'>τὴν</span> <span class='ocrx_word' id='word_1_125' title='bbox 3305 1035 3527 1115; x_wconf 73' lang='grc' dir='ltr'>ἄρρητον</span> <span class='ocrx_word' id='word_1_126' title='bbox 3571 1031 3813 1109; x_wconf 79' lang='grc' dir='ltr'>λαμπρό-</span> 
     </span>
    </p>
   </div>
   <div class='ocr_carea' id='block_1_18' title="bbox 440 1130 3114 1210">
    <p class='ocr_par' dir='ltr' id='par_1_18' title="bbox 440 1130 3114 1210">
     <span class='ocr_line' id='line_1_18' title="bbox 440 1130 3114 1210; baseline 0 -20"><span class='ocrx_word' id='word_1_127' title='bbox 440 1130 638 1190; x_wconf 89' lang='lat' dir='ltr'><strong>ruerit.</strong></span> <span class='ocrx_word' id='word_1_128' title='bbox 2170 1152 2307 1197; x_wconf 75' lang='grc' dir='ltr'>τητα</span> <span class='ocrx_word' id='word_1_129' title='bbox 2350 1137 2441 1187; x_wconf 90' lang='grc' dir='ltr'><strong>τοῦ</strong></span> <span class='ocrx_word' id='word_1_130' title='bbox 2473 1131 2760 1210; x_wconf 79' lang='grc' dir='ltr'><strong>προσώπου</strong></span> <span class='ocrx_word' id='word_1_131' title='bbox 2794 1138 2886 1187; x_wconf 84' lang='grc' dir='ltr'><strong>τοῦ</strong></span> <span class='ocrx_word' id='word_1_132' title='bbox 2916 1131 3114 1197; x_wconf 78' lang='grc' dir='ltr'>Ἰησοῦ.</span> 
     </span>
    </p>
   </div>
   <div class='ocr_carea' id='block_1_19' title="bbox 519 1218 2081 1302">
    <p class='ocr_par' dir='ltr' id='par_1_19' title="bbox 519 1218 2081 1302">
     <span class='ocr_line' id='line_1_19' title="bbox 519 1218 2081 1302; baseline 0.005 -21"><span class='ocrx_word' id='word_1_133' title='bbox 519 1218 706 1281; x_wconf 64' lang='lat' dir='ltr'><strong>Vens.</strong></span> <span class='ocrx_word' id='word_1_134' title='bbox 731 1222 791 1282; x_wconf 89' lang='lat'><strong>3.</strong></span> <span class='ocrx_word' id='word_1_135' title='bbox 832 1244 857 1275; x_wconf 73' lang='grc' dir='ltr'><strong>α</strong></span> <span class='ocrx_word' id='word_1_136' title='bbox 891 1220 962 1281; x_wconf 87' lang='grc' dir='ltr'>Ει</span> <span class='ocrx_word' id='word_1_137' title='bbox 991 1239 1131 1283; x_wconf 86' lang='lat' dir='ltr'><strong>ecce</strong></span> <span class='ocrx_word' id='word_1_138' title='bbox 1189 1232 1593 1302; x_wconf 85' lang='lat' dir='ltr'><strong>apparuerunt</strong></span> <span class='ocrx_word' id='word_1_139' title='bbox 1641 1223 1757 1284; x_wconf 89' lang='lat' dir='ltr'><strong>illis</strong></span> <span class='ocrx_word' id='word_1_140' title='bbox 1805 1229 1992 1288; x_wconf 75' lang='lat' dir='ltr'><strong>Moses</strong></span> <span class='ocrx_word' id='word_1_141' title='bbox 2023 1235 2081 1292; x_wconf 90' lang='lat' dir='ltr'><strong>et</strong></span> 
     </span>
    </p>
   </div>
   <div class='ocr_carea' id='block_1_20' title="bbox 435 1307 2079 1393">
    <p class='ocr_par' dir='ltr' id='par_1_20' title="bbox 435 1307 2079 1393">
     <span class='ocr_line' id='line_1_20' title="bbox 435 1307 2079 1393; baseline 0.005 -24"><span class='ocrx_word' id='word_1_142' title='bbox 435 1307 594 1369; x_wconf 83' lang='lat' dir='ltr'><strong>Flias</strong></span> <span class='ocrx_word' id='word_1_143' title='bbox 626 1326 758 1367; x_wconf 89' lang='lat' dir='ltr'><strong>cum</strong></span> <span class='ocrx_word' id='word_1_144' title='bbox 786 1308 887 1369; x_wconf 93' lang='lat' dir='ltr'><strong>illo</strong></span> <span class='ocrx_word' id='word_1_145' title='bbox 921 1310 1383 1389; x_wconf 78' lang='lat' dir='ltr'><strong>loquentes.-De</strong></span> <span class='ocrx_word' id='word_1_146' title='bbox 1406 1330 1519 1390; x_wconf 92' lang='lat' dir='ltr'><strong>quo</strong></span> <span class='ocrx_word' id='word_1_147' title='bbox 1542 1312 2079 1393; x_wconf 87' lang='lat' dir='ltr'><strong>colloquebantur?</strong></span> 
     </span>
    </p>
   </div>
   <div class='ocr_carea' id='block_1_21' title="bbox 435 1383 2059 1479">
    <p class='ocr_par' dir='ltr' id='par_1_21' title="bbox 435 1383 2059 1479">
     <span class='ocr_line' id='line_1_21' title="bbox 435 1383 2059 1479; baseline 0.006 -23"><span class='ocrx_word' id='word_1_148' title='bbox 435 1396 517 1457; x_wconf 90' lang='lat' dir='ltr'><strong>De</strong></span> <span class='ocrx_word' id='word_1_149' title='bbox 539 1383 1015 1478; x_wconf 75' lang='lat' dir='ltr'><strong>excessu,inquit</strong></span> <span class='ocrx_word' id='word_1_150' title='bbox 1035 1399 1241 1473; x_wconf 89' lang='lat' dir='ltr'><strong>Lucas,</strong></span> <span class='ocrx_word' id='word_1_151' title='bbox 1272 1383 1448 1479; x_wconf 80' lang='lat' dir='ltr'><strong>quem</strong></span> <span class='ocrx_word' id='word_1_152' title='bbox 1484 1383 1831 1479; x_wconf 65' lang='lat' dir='ltr'><strong>impleturus</strong></span> <span class='ocrx_word' id='word_1_153' title='bbox 1863 1415 1987 1466; x_wconf 87' lang='lat' dir='ltr'><strong>erat</strong></span> <span class='ocrx_word' id='word_1_154' title='bbox 2018 1408 2059 1466; x_wconf 86' lang='lat' dir='ltr'><strong>ir</strong></span> 
     </span>
    </p>
   </div>
   <div class='ocr_carea' id='block_1_22' title="bbox 2141 1383 3801 1479">
    <p class='ocr_par' dir='ltr' id='par_1_22' title="bbox 2246 1383 3801 1479">
     <span class='ocr_line' id='line_1_22' title="bbox 2246 1383 3801 1479; baseline -0.003 -27"><span class='ocrx_word' id='word_1_155' title='bbox 2246 1418 2269 1452; x_wconf 76' lang='grc' dir='ltr'><strong>ε</strong></span> <span class='ocrx_word' id='word_1_156' title='bbox 2308 1399 2406 1454; x_wconf 79' lang='grc' dir='ltr'>Καὶ</span> <span class='ocrx_word' id='word_1_157' title='bbox 2466 1394 2572 1453; x_wconf 76' lang='grc' dir='ltr'>ἰδοὺ</span> <span class='ocrx_word' id='word_1_158' title='bbox 2627 1398 2881 1477; x_wconf 74' lang='grc' dir='ltr'>ὤφθησαν</span> <span class='ocrx_word' id='word_1_159' title='bbox 2936 1397 3119 1459; x_wconf 69' lang='grc' dir='ltr'>αὐτοῖς</span> <span class='ocrx_word' id='word_1_160' title='bbox 3178 1392 3378 1479; x_wconf 68' lang='grc' dir='ltr'>Μωσῆς</span> <span class='ocrx_word' id='word_1_161' title='bbox 3439 1388 3528 1445; x_wconf 85' lang='grc' dir='ltr'><strong>καὶ</strong></span> <span class='ocrx_word' id='word_1_162' title='bbox 3594 1383 3801 1479; x_wconf 41' lang='grc' dir='ltr'>Ἠλίας,</span> 
     </span>
    </p>
   </div>
   <div class='ocr_carea' id='block_1_23' title="bbox 434 1472 2059 1567">
    <p class='ocr_par' dir='ltr' id='par_1_23' title="bbox 434 1472 2059 1567">
     <span class='ocr_line' id='line_1_23' title="bbox 434 1472 2059 1567; baseline 0.007 -20"><span class='ocrx_word' id='word_1_163' title='bbox 434 1472 952 1549; x_wconf 75' lang='lat' dir='ltr'><strong>Hierusalemhoc</strong></span> <span class='ocrx_word' id='word_1_164' title='bbox 983 1488 1176 1567; x_wconf 83' lang='lat' dir='ltr'><strong>est,de</strong></span> <span class='ocrx_word' id='word_1_165' title='bbox 1208 1472 1385 1550; x_wconf 73' lang='lat' dir='ltr'><strong>cruce</strong></span> <span class='ocrx_word' id='word_1_166' title='bbox 1426 1472 1619 1560; x_wconf 79' lang='lat' dir='ltr'><strong>Quare</strong></span> <span class='ocrx_word' id='word_1_167' title='bbox 1648 1500 1845 1553; x_wconf 79' lang='lat' dir='ltr'><strong>autem</strong></span> <span class='ocrx_word' id='word_1_168' title='bbox 1880 1495 2059 1558; x_wconf 64' lang='lat' dir='ltr'><strong>Moses</strong></span> 
     </span>
    </p>
   </div>
   <div class='ocr_carea' id='block_1_24' title="bbox 2141 1472 3805 1567">
    <p class='ocr_par' dir='ltr' id='par_1_24' title="bbox 2159 1472 3805 1567">
     <span class='ocr_line' id='line_1_24' title="bbox 2159 1472 3805 1567; baseline -0.007 -26"><span class='ocrx_word' id='word_1_169' title='bbox 2159 1485 2275 1561; x_wconf 82' lang='grc' dir='ltr'>μετ’</span> <span class='ocrx_word' id='word_1_170' title='bbox 2333 1488 2489 1543; x_wconf 74' lang='grc' dir='ltr'>αὐτοῦ</span> <span class='ocrx_word' id='word_1_171' title='bbox 2537 1472 2938 1550; x_wconf 75' lang='grc' dir='ltr'>συλλάλοῦντες.</span> <span class='ocrx_word' id='word_1_172' title='bbox 3008 1506 3027 1539; x_wconf 75' lang='grc' dir='ltr'><strong>ι</strong></span> <span class='ocrx_word' id='word_1_173' title='bbox 3065 1482 3126 1541; x_wconf 80' lang='grc' dir='ltr'><strong>Τί</strong></span> <span class='ocrx_word' id='word_1_174' title='bbox 3152 1478 3464 1539; x_wconf 76' lang='grc' dir='ltr'><strong>συνελάλουν</strong></span> <span class='ocrx_word' id='word_1_175' title='bbox 3497 1476 3652 1567; x_wconf 20' lang='grc' dir='ltr'>ςᾍΤὴν</span> <span class='ocrx_word' id='word_1_176' title='bbox 3685 1472 3805 1567; x_wconf 75' lang='grc' dir='ltr'><strong>ἔξο-</strong></span> 
     </span>
    </p>
   </div>
   <div class='ocr_carea' id='block_1_25' title="bbox 433 1561 2059 1661">
    <p class='ocr_par' dir='ltr' id='par_1_25' title="bbox 433 1561 2059 1661">
     <span class='ocr_line' id='line_1_25' title="bbox 433 1561 2059 1661; baseline 0.006 -26"><span class='ocrx_word' id='word_1_177' title='bbox 433 1584 491 1635; x_wconf 90' lang='lat' dir='ltr'><strong>et</strong></span> <span class='ocrx_word' id='word_1_178' title='bbox 542 1574 694 1635; x_wconf 85' lang='lat' dir='ltr'><strong>Elias</strong></span> <span class='ocrx_word' id='word_1_179' title='bbox 735 1575 837 1635; x_wconf 88' lang='lat' dir='ltr'><strong>visi</strong></span> <span class='ocrx_word' id='word_1_180' title='bbox 890 1577 1053 1637; x_wconf 77' lang='lat' dir='ltr'><strong>sunt?</strong></span> <span class='ocrx_word' id='word_1_181' title='bbox 1081 1561 1155 1639; x_wconf 86' lang='lat' dir='ltr'><strong>Ut</strong></span> <span class='ocrx_word' id='word_1_182' title='bbox 1187 1577 1533 1638; x_wconf 79' lang='lat' dir='ltr'><strong>ostendatur</strong></span> <span class='ocrx_word' id='word_1_183' title='bbox 1565 1578 1718 1657; x_wconf 86' lang='lat' dir='ltr'><strong>quod</strong></span> <span class='ocrx_word' id='word_1_184' title='bbox 1755 1588 1812 1641; x_wconf 86' lang='lat' dir='ltr'><strong>et</strong></span> <span class='ocrx_word' id='word_1_185' title='bbox 1842 1582 1988 1661; x_wconf 82' lang='lat' dir='ltr'><strong>legis</strong></span> <span class='ocrx_word' id='word_1_186' title='bbox 2019 1603 2059 1645; x_wconf 57' lang='lat' dir='ltr'><strong>et</strong></span> 
     </span>
    </p>
   </div>
   <div class='ocr_carea' id='block_1_26' title="bbox 2141 1561 3802 1661">
    <p class='ocr_par' dir='ltr' id='par_1_26' title="bbox 2157 1561 3802 1661">
     <span class='ocr_line' id='line_1_26' title="bbox 2157 1561 3802 1661; baseline -0.006 -31"><span class='ocrx_word' id='word_1_187' title='bbox 2157 1572 2242 1661; x_wconf 63' lang='grc' dir='ltr'>ᾂον</span> <span class='ocrx_word' id='word_1_188' title='bbox 2318 1574 2470 1655; x_wconf 72' lang='grc'><strong>(24),</strong></span> <span class='ocrx_word' id='word_1_189' title='bbox 2540 1578 2698 1655; x_wconf 77' lang='grc' dir='ltr'>φησὶν</span> <span class='ocrx_word' id='word_1_190' title='bbox 2750 1579 2777 1632; x_wconf 91' lang='lat'><strong>6</strong></span> <span class='ocrx_word' id='word_1_191' title='bbox 2853 1579 3080 1648; x_wconf 78' lang='grc' dir='ltr'><strong>Λουκᾶς,</strong></span> <span class='ocrx_word' id='word_1_192' title='bbox 3127 1572 3191 1637; x_wconf 74' lang='grc' dir='ltr'><strong>ἣν</strong></span> <span class='ocrx_word' id='word_1_193' title='bbox 3224 1567 3428 1661; x_wconf 74' lang='grc' dir='ltr'>ἔμελλε</span> <span class='ocrx_word' id='word_1_194' title='bbox 3463 1564 3721 1661; x_wconf 28' lang='grc' dir='ltr'>’πληροῦν</span> <span class='ocrx_word' id='word_1_195' title='bbox 3740 1561 3802 1661; x_wconf 44' lang='grc' dir='ltr'>ἐν</span> 
     </span>
    </p>
   </div>
   <div class='ocr_carea' id='block_1_27' title="bbox 429 1652 2059 1751">
    <p class='ocr_par' dir='ltr' id='par_1_27' title="bbox 429 1652 2059 1751">
     <span class='ocr_line' id='line_1_27' title="bbox 429 1652 2059 1751; baseline 0.008 -28"><span class='ocrx_word' id='word_1_196' title='bbox 429 1664 852 1742; x_wconf 84' lang='lat' dir='ltr'><strong>prophetarum</strong></span> <span class='ocrx_word' id='word_1_197' title='bbox 897 1664 1024 1743; x_wconf 90' lang='lat' dir='ltr'><strong>ipse</strong></span> <span class='ocrx_word' id='word_1_198' title='bbox 1057 1666 1131 1726; x_wconf 93' lang='lat' dir='ltr'><strong>sit</strong></span> <span class='ocrx_word' id='word_1_199' title='bbox 1162 1666 1469 1738; x_wconf 90' lang='lat' dir='ltr'><strong>Dominus,</strong></span> <span class='ocrx_word' id='word_1_200' title='bbox 1505 1652 1947 1751; x_wconf 59' lang='lat' dir='ltr'><strong>vivenzinmque</strong></span> <span class='ocrx_word' id='word_1_201' title='bbox 2007 1692 2059 1736; x_wconf 71' lang='lat' dir='ltr'><strong>at</strong></span> 
     </span>
    </p>
   </div>
   <div class='ocr_carea' id='block_1_28' title="bbox 2141 1652 3799 1751">
    <p class='ocr_par' dir='ltr' id='par_1_28' title="bbox 2162 1652 3799 1751">
     <span class='ocr_line' id='line_1_28' title="bbox 2162 1652 3799 1751; baseline -0.009 -32"><span class='ocrx_word' id='word_1_202' title='bbox 2162 1652 2531 1743; x_wconf 48' lang='grc' dir='ltr'>Ἰερουσαλὴμ,</span> <span class='ocrx_word' id='word_1_203' title='bbox 2555 1652 2564 1655; x_wconf 39' lang='grc'><strong><em>“</em></strong></span> <span class='ocrx_word' id='word_1_204' title='bbox 2586 1666 2846 1744; x_wconf 85' lang='grc' dir='ltr'>τουτέστι,</span> <span class='ocrx_word' id='word_1_205' title='bbox 2871 1744 2883 1751; x_wconf 40' lang='grc'>.</span> <span class='ocrx_word' id='word_1_206' title='bbox 2917 1665 3009 1719; x_wconf 78' lang='grc' dir='ltr'>τὸν</span> <span class='ocrx_word' id='word_1_207' title='bbox 3041 1660 3284 1739; x_wconf 84' lang='grc' dir='ltr'>σταυρόν.</span> <span class='ocrx_word' id='word_1_208' title='bbox 3321 1656 3473 1715; x_wconf 86' lang='grc' dir='ltr'>Λιατί</span> <span class='ocrx_word' id='word_1_209' title='bbox 3496 1652 3551 1710; x_wconf 74' lang='grc' dir='ltr'><strong>δὲ</strong></span> <span class='ocrx_word' id='word_1_210' title='bbox 3572 1744 3580 1751; x_wconf 34' lang='grc' dir='ltr'>ι</span> <span class='ocrx_word' id='word_1_211' title='bbox 3601 1652 3799 1751; x_wconf 70' lang='grc' dir='ltr'>Μωσῆς</span> 
     </span>
    </p>
   </div>
   <div class='ocr_carea' id='block_1_29' title="bbox 431 1741 2059 1835">
    <p class='ocr_par' dir='ltr' id='par_1_29' title="bbox 431 1741 2059 1835">
     <span class='ocr_line' id='line_1_29' title="bbox 431 1741 2059 1835; baseline 0.007 -24"><span class='ocrx_word' id='word_1_212' title='bbox 431 1762 797 1813; x_wconf 91' lang='lat' dir='ltr'><strong>mortuorum</strong></span> <span class='ocrx_word' id='word_1_213' title='bbox 840 1741 1039 1815; x_wconf 83' lang='lat' dir='ltr'><strong>:Elias</strong></span> <span class='ocrx_word' id='word_1_214' title='bbox 1088 1755 1327 1834; x_wconf 87' lang='lat' dir='ltr'><strong>quidem</strong></span> <span class='ocrx_word' id='word_1_215' title='bbox 1375 1763 1465 1815; x_wconf 89' lang='lat' dir='ltr'><strong>est</strong></span> <span class='ocrx_word' id='word_1_216' title='bbox 1511 1758 1815 1835; x_wconf 83' lang='lat' dir='ltr'><strong>propheta,</strong></span> <span class='ocrx_word' id='word_1_217' title='bbox 1848 1741 1904 1821; x_wconf 77' lang='lat' dir='ltr'><strong>et</strong></span> <span class='ocrx_word' id='word_1_218' title='bbox 1935 1763 2059 1825; x_wconf 82' lang='lat' dir='ltr'><strong>vivit</strong></span> 
     </span>
    </p>
   </div>
   <div class='ocr_carea' id='block_1_30' title="bbox 2141 1741 3800 1835">
    <p class='ocr_par' dir='ltr' id='par_1_30' title="bbox 2155 1741 3800 1835">
     <span class='ocr_line' id='line_1_30' title="bbox 2155 1741 3800 1835; baseline -0.008 -28"><span class='ocrx_word' id='word_1_219' title='bbox 2155 1741 2242 1808; x_wconf 70' lang='grc' dir='ltr'><strong>καὶ</strong></span> <span class='ocrx_word' id='word_1_220' title='bbox 2300 1752 2486 1816; x_wconf 85' lang='grc' dir='ltr'>Ἠλίας</span> <span class='ocrx_word' id='word_1_221' title='bbox 2520 1741 2783 1832; x_wconf 67' lang='grc' dir='ltr'>ὤφθησαν</span> <span class='ocrx_word' id='word_1_222' title='bbox 2818 1741 2840 1833; x_wconf 39' lang='grc' dir='ltr'><strong>ς’</strong></span> <span class='ocrx_word' id='word_1_223' title='bbox 2871 1744 3001 1809; x_wconf 61' lang='grc' dir='ltr'>ἿΙνα</span> <span class='ocrx_word' id='word_1_224' title='bbox 3059 1750 3246 1829; x_wconf 81' lang='grc' dir='ltr'>δειχθῇ</span> <span class='ocrx_word' id='word_1_225' title='bbox 3287 1747 3366 1805; x_wconf 76' lang='grc' dir='ltr'>ὅτι</span> <span class='ocrx_word' id='word_1_226' title='bbox 3395 1748 3482 1803; x_wconf 83' lang='grc' dir='ltr'><strong>καὶ</strong></span> <span class='ocrx_word' id='word_1_227' title='bbox 3526 1744 3685 1817; x_wconf 71' lang='grc' dir='ltr'>νόμου</span> <span class='ocrx_word' id='word_1_228' title='bbox 3714 1741 3800 1835; x_wconf 53' lang='grc' dir='ltr'><strong>καί</strong></span> 
     </span>
    </p>
   </div>
   <div class='ocr_carea' id='block_1_31' title="bbox 427 1830 2059 1923">
    <p class='ocr_par' dir='ltr' id='par_1_31' title="bbox 427 1830 2059 1923">
     <span class='ocr_line' id='line_1_31' title="bbox 427 1830 2059 1923; baseline 0.007 -22"><span class='ocrx_word' id='word_1_229' title='bbox 427 1842 643 1915; x_wconf 86' lang='lat' dir='ltr'><strong>adhuc;</strong></span> <span class='ocrx_word' id='word_1_230' title='bbox 676 1844 870 1903; x_wconf 82' lang='lat' dir='ltr'><strong>Moses</strong></span> <span class='ocrx_word' id='word_1_231' title='bbox 923 1830 1122 1904; x_wconf 83' lang='lat' dir='ltr'><strong>autem</strong></span> <span class='ocrx_word' id='word_1_232' title='bbox 1174 1830 1587 1923; x_wconf 27' lang='lat' dir='ltr'><strong>legislatorpet</strong></span> <span class='ocrx_word' id='word_1_233' title='bbox 1622 1830 1891 1909; x_wconf 79' lang='lat' dir='ltr'><strong>mortuus</strong></span> <span class='ocrx_word' id='word_1_234' title='bbox 1934 1861 2059 1913; x_wconf 90' lang='lat' dir='ltr'><strong>est:</strong></span> 
     </span>
    </p>
   </div>
   <div class='ocr_carea' id='block_1_32' title="bbox 2141 1830 3800 1923">
    <p class='ocr_par' dir='ltr' id='par_1_32' title="bbox 2153 1830 3800 1923">
     <span class='ocr_line' id='line_1_32' title="bbox 2153 1830 3800 1923; baseline -0.022 -4"><span class='ocrx_word' id='word_1_235' title='bbox 2153 1846 2438 1922; x_wconf 64' lang='grc' dir='ltr'><strong>πὲοῑδητῶν</strong></span> <span class='ocrx_word' id='word_1_236' title='bbox 2494 1844 2650 1906; x_wconf 75' lang='grc' dir='ltr'>αὗτός</span> <span class='ocrx_word' id='word_1_237' title='bbox 2708 1843 2817 1899; x_wconf 71' lang='grc' dir='ltr'>ἔστι</span> <span class='ocrx_word' id='word_1_238' title='bbox 2876 1843 3082 1921; x_wconf 84' lang='grc' dir='ltr'>Κύριος,</span> <span class='ocrx_word' id='word_1_239' title='bbox 3157 1842 3245 1895; x_wconf 86' lang='grc' dir='ltr'><strong>καὶ</strong></span> <span class='ocrx_word' id='word_1_240' title='bbox 3316 1839 3395 1894; x_wconf 80' lang='grc' dir='ltr'>ὃτι</span> <span class='ocrx_word' id='word_1_241' title='bbox 3453 1843 3663 1923; x_wconf 79' lang='grc' dir='ltr'>ζώντων</span> <span class='ocrx_word' id='word_1_242' title='bbox 3713 1830 3800 1885; x_wconf 81' lang='grc' dir='ltr'><strong>καὶ</strong></span> 
     </span>
    </p>
   </div>
   <div class='ocr_carea' id='block_1_33' title="bbox 426 1920 2059 2014">
    <p class='ocr_par' dir='ltr' id='par_1_33' title="bbox 426 1920 2059 2014">
     <span class='ocr_line' id='line_1_33' title="bbox 426 1920 2059 2014; baseline 0.008 -23"><span class='ocrx_word' id='word_1_243' title='bbox 426 1932 565 2010; x_wconf 90' lang='lat' dir='ltr'><strong>quin</strong></span> <span class='ocrx_word' id='word_1_244' title='bbox 616 1938 673 1990; x_wconf 91' lang='lat' dir='ltr'><strong>et</strong></span> <span class='ocrx_word' id='word_1_245' title='bbox 705 1938 1059 2011; x_wconf 83' lang='lat' dir='ltr'><strong>utappareat</strong></span> <span class='ocrx_word' id='word_1_246' title='bbox 1102 1920 1257 2013; x_wconf 88' lang='lat' dir='ltr'><strong>quod</strong></span> <span class='ocrx_word' id='word_1_247' title='bbox 1292 1953 1405 1993; x_wconf 86' lang='lat' dir='ltr'><strong>non</strong></span> <span class='ocrx_word' id='word_1_248' title='bbox 1439 1920 1516 1994; x_wconf 85' lang='lat' dir='ltr'><strong>sit</strong></span> <span class='ocrx_word' id='word_1_249' title='bbox 1545 1935 1656 2014; x_wconf 87' lang='lat' dir='ltr'><strong>legi</strong></span> <span class='ocrx_word' id='word_1_250' title='bbox 1697 1938 2059 2004; x_wconf 69' lang='lat' dir='ltr'><strong>adversarius</strong></span> 
     </span>
    </p>
   </div>
   <div class='ocr_carea' id='block_1_34' title="bbox 2141 1920 3798 2014">
    <p class='ocr_par' dir='ltr' id='par_1_34' title="bbox 2154 1920 3798 2014">
     <span class='ocr_line' id='line_1_34' title="bbox 2154 1920 3798 2014; baseline -0.008 -30"><span class='ocrx_word' id='word_1_251' title='bbox 2154 1920 2372 2008; x_wconf 73' lang='grc' dir='ltr'>νεκρῶν·</span> <span class='ocrx_word' id='word_1_252' title='bbox 2436 1931 2619 1997; x_wconf 82' lang='grc' dir='ltr'>Ἠλίας</span> <span class='ocrx_word' id='word_1_253' title='bbox 2685 1933 2782 2006; x_wconf 79' lang='grc' dir='ltr'><strong>μὲν</strong></span> <span class='ocrx_word' id='word_1_254' title='bbox 2825 1932 2925 2010; x_wconf 77' lang='grc' dir='ltr'>γὰρ</span> <span class='ocrx_word' id='word_1_255' title='bbox 2969 1920 3274 2008; x_wconf 72' lang='grc' dir='ltr'>προφήτης,</span> <span class='ocrx_word' id='word_1_256' title='bbox 3307 1929 3493 2001; x_wconf 83' lang='grc' dir='ltr'>καὶζῇ</span> <span class='ocrx_word' id='word_1_257' title='bbox 3530 1920 3629 2014; x_wconf 67' lang='grc' dir='ltr'>ἶτυ</span> <span class='ocrx_word' id='word_1_258' title='bbox 3665 1925 3798 2014; x_wconf 58' lang='lat' dir='ltr'><strong>Mm:</strong></span> 
     </span>
    </p>
   </div>
   <div class='ocr_carea' id='block_1_35' title="bbox 423 2019 2067 2101">
    <p class='ocr_par' dir='ltr' id='par_1_35' title="bbox 423 2019 2067 2101">
     <span class='ocr_line' id='line_1_35' title="bbox 423 2019 2067 2101; baseline 0.007 -21"><span class='ocrx_word' id='word_1_259' title='bbox 423 2039 619 2096; x_wconf 81' lang='lat' dir='ltr'><strong>neque</strong></span> <span class='ocrx_word' id='word_1_260' title='bbox 650 2019 795 2101; x_wconf 90' lang='lat' dir='ltr'><strong>Deo,</strong></span> <span class='ocrx_word' id='word_1_261' title='bbox 837 2040 950 2080; x_wconf 73' lang='lat' dir='ltr'><strong>non</strong></span> <span class='ocrx_word' id='word_1_262' title='bbox 986 2021 1142 2082; x_wconf 91' lang='lat' dir='ltr'><strong>enim</strong></span> <span class='ocrx_word' id='word_1_263' title='bbox 1180 2024 1370 2083; x_wconf 78' lang='lat' dir='ltr'><strong>Moses</strong></span> <span class='ocrx_word' id='word_1_264' title='bbox 1401 2025 1686 2085; x_wconf 89' lang='lat' dir='ltr'><strong>astitisset</strong></span> <span class='ocrx_word' id='word_1_265' title='bbox 1719 2046 1825 2088; x_wconf 84' lang='lat' dir='ltr'><strong>suo</strong></span> <span class='ocrx_word' id='word_1_266' title='bbox 1856 2029 2067 2091; x_wconf 88' lang='lat' dir='ltr'><strong>adver-</strong></span> 
     </span>
    </p>
   </div>
   <div class='ocr_carea' id='block_1_36' title="bbox 426 2110 2073 2197">
    <p class='ocr_par' dir='ltr' id='par_1_36' title="bbox 426 2110 2073 2197">
     <span class='ocr_line' id='line_1_36' title="bbox 426 2110 2073 2197; baseline 0.007 -27"><span class='ocrx_word' id='word_1_267' title='bbox 426 2110 606 2181; x_wconf 74' lang='lat' dir='ltr'><strong>sJ.rio,</strong></span> <span class='ocrx_word' id='word_1_268' title='bbox 648 2126 838 2187; x_wconf 90' lang='lat' dir='ltr'><strong>neque</strong></span> <span class='ocrx_word' id='word_1_269' title='bbox 870 2110 1028 2170; x_wconf 86' lang='lat' dir='ltr'><strong>Elias</strong></span> <span class='ocrx_word' id='word_1_270' title='bbox 1059 2120 1254 2171; x_wconf 81' lang='lat' dir='ltr'><strong>tantus</strong></span> <span class='ocrx_word' id='word_1_271' title='bbox 1300 2112 1517 2173; x_wconf 85' lang='lat' dir='ltr'><strong>zelotes</strong></span> <span class='ocrx_word' id='word_1_272' title='bbox 1540 2114 1730 2193; x_wconf 84' lang='lat' dir='ltr'><strong>ipsum</strong></span> <span class='ocrx_word' id='word_1_273' title='bbox 1765 2116 2073 2197; x_wconf 87' lang='lat' dir='ltr'><strong>tulisset,si</strong></span> 
     </span>
    </p>
   </div>
   <div class='ocr_carea' id='block_1_37' title="bbox 420 2196 2063 2283">
    <p class='ocr_par' dir='ltr' id='par_1_37' title="bbox 420 2196 2063 2283">
     <span class='ocr_line' id='line_1_37' title="bbox 420 2196 2063 2283; baseline 0.009 -25"><span class='ocrx_word' id='word_1_274' title='bbox 420 2196 542 2259; x_wconf 91' lang='lat' dir='ltr'><strong>Deo</strong></span> <span class='ocrx_word' id='word_1_275' title='bbox 573 2197 781 2258; x_wconf 82' lang='lat' dir='ltr'><strong>fuisset</strong></span> <span class='ocrx_word' id='word_1_276' title='bbox 806 2200 1138 2259; x_wconf 89' lang='lat' dir='ltr'><strong>contrarius</strong></span> <span class='ocrx_word' id='word_1_277' title='bbox 1173 2221 1185 2260; x_wconf 90' lang='lat'><strong>:</strong></span> <span class='ocrx_word' id='word_1_278' title='bbox 1226 2209 1515 2278; x_wconf 62' lang='lat' dir='ltr'><strong>praeterea</strong></span> <span class='ocrx_word' id='word_1_279' title='bbox 1549 2211 1611 2262; x_wconf 93' lang='lat' dir='ltr'><strong>ut</strong></span> <span class='ocrx_word' id='word_1_280' title='bbox 1659 2196 2063 2283; x_wconf 83' lang='lat' dir='ltr'><strong>suspicionem</strong></span> 
     </span>
    </p>
   </div>
   <div class='ocr_carea' id='block_1_38' title="bbox 419 2286 2057 2377">
    <p class='ocr_par' dir='ltr' id='par_1_38' title="bbox 419 2286 2057 2377">
     <span class='ocr_line' id='line_1_38' title="bbox 419 2286 2057 2377; baseline 0.007 -30"><span class='ocrx_word' id='word_1_281' title='bbox 419 2286 580 2347; x_wconf 64' lang='lat' dir='ltr'><strong>tollat</strong></span> <span class='ocrx_word' id='word_1_282' title='bbox 609 2303 811 2377; x_wconf 83' lang='lat' dir='ltr'><strong>eorum</strong></span> <span class='ocrx_word' id='word_1_283' title='bbox 845 2287 945 2366; x_wconf 90' lang='lat' dir='ltr'><strong>qui</strong></span> <span class='ocrx_word' id='word_1_284' title='bbox 976 2287 1165 2367; x_wconf 90' lang='lat' dir='ltr'><strong>ipsum</strong></span> <span class='ocrx_word' id='word_1_285' title='bbox 1201 2287 1381 2348; x_wconf 80' lang='lat' dir='ltr'><strong>Ellam</strong></span> <span class='ocrx_word' id='word_1_286' title='bbox 1413 2291 1506 2351; x_wconf 91' lang='lat' dir='ltr'><strong>vel</strong></span> <span class='ocrx_word' id='word_1_287' title='bbox 1558 2311 1736 2352; x_wconf 91' lang='lat' dir='ltr'><strong>unum</strong></span> <span class='ocrx_word' id='word_1_288' title='bbox 1788 2313 1857 2356; x_wconf 83' lang='lat' dir='ltr'><strong>ex</strong></span> <span class='ocrx_word' id='word_1_289' title='bbox 1912 2317 2057 2377; x_wconf 87' lang='lat' dir='ltr'><strong>pro-</strong></span> 
     </span>
    </p>
   </div>
   <div class='ocr_carea' id='block_1_39' title="bbox 420 2373 2056 2465">
    <p class='ocr_par' dir='ltr' id='par_1_39' title="bbox 420 2373 2056 2465">
     <span class='ocr_line' id='line_1_39' title="bbox 420 2373 2056 2465; baseline 0.009 -31"><span class='ocrx_word' id='word_1_290' title='bbox 420 2374 612 2465; x_wconf 77' lang='lat' dir='ltr'><strong>phetis</strong></span> <span class='ocrx_word' id='word_1_291' title='bbox 640 2373 1112 2465; x_wconf 59' lang='lat' dir='ltr'><strong>dicebantUnde</strong></span> <span class='ocrx_word' id='word_1_292' title='bbox 1126 2386 1322 2439; x_wconf 89' lang='lat' dir='ltr'><strong>autem</strong></span> <span class='ocrx_word' id='word_1_293' title='bbox 1359 2392 1759 2457; x_wconf 79' lang='lat' dir='ltr'><strong>COgnoverunt</strong></span> <span class='ocrx_word' id='word_1_294' title='bbox 1779 2373 2056 2465; x_wconf 85' lang='lat' dir='ltr'><strong>discipuli</strong></span> 
     </span>
    </p>
   </div>
   <div class='ocr_carea' id='block_1_40' title="bbox 412 2463 2065 2545">
    <p class='ocr_par' dir='ltr' id='par_1_40' title="bbox 412 2463 2065 2545">
     <span class='ocr_line' id='line_1_40' title="bbox 412 2463 2065 2545; baseline 0.008 -23"><span class='ocrx_word' id='word_1_295' title='bbox 412 2463 565 2545; x_wconf 82' lang='lat' dir='ltr'><strong>quod</strong></span> <span class='ocrx_word' id='word_1_296' title='bbox 594 2466 786 2525; x_wconf 82' lang='lat' dir='ltr'><strong>Moses</strong></span> <span class='ocrx_word' id='word_1_297' title='bbox 804 2474 861 2525; x_wconf 92' lang='lat' dir='ltr'><strong>et</strong></span> <span class='ocrx_word' id='word_1_298' title='bbox 880 2463 1034 2526; x_wconf 86' lang='lat' dir='ltr'><strong>Elias</strong></span> <span class='ocrx_word' id='word_1_299' title='bbox 1058 2465 1311 2527; x_wconf 85' lang='lat' dir='ltr'><strong>fuerint?</strong></span> <span class='ocrx_word' id='word_1_300' title='bbox 1344 2485 1462 2527; x_wconf 87' lang='lat' dir='ltr'><strong>non</strong></span> <span class='ocrx_word' id='word_1_301' title='bbox 1491 2468 1647 2528; x_wconf 91' lang='lat' dir='ltr'><strong>enim</strong></span> <span class='ocrx_word' id='word_1_302' title='bbox 1672 2488 1702 2530; x_wconf 89' lang='lat' dir='ltr'><strong>a</strong></span> <span class='ocrx_word' id='word_1_303' title='bbox 1728 2463 2065 2536; x_wconf 81' lang='lat' dir='ltr'><strong>lineamen-</strong></span> 
     </span>
    </p>
   </div>
   <div class='ocr_carea' id='block_1_41' title="bbox 415 2552 2068 2633">
    <p class='ocr_par' dir='ltr' id='par_1_41' title="bbox 415 2552 2068 2633">
     <span class='ocr_line' id='line_1_41' title="bbox 415 2552 2068 2633; baseline 0.007 -19"><span class='ocrx_word' id='word_1_304' title='bbox 415 2553 487 2614; x_wconf 93' lang='lat' dir='ltr'><strong>tis</strong></span> <span class='ocrx_word' id='word_1_305' title='bbox 518 2552 823 2631; x_wconf 87' lang='lat' dir='ltr'><strong>facierum,</strong></span> <span class='ocrx_word' id='word_1_306' title='bbox 859 2553 995 2632; x_wconf 86' lang='lat' dir='ltr'><strong>quia</strong></span> <span class='ocrx_word' id='word_1_307' title='bbox 1035 2557 1323 2633; x_wconf 81' lang='lat' dir='ltr'><strong>imagines</strong></span> <span class='ocrx_word' id='word_1_308' title='bbox 1364 2556 1670 2617; x_wconf 85' lang='lat' dir='ltr'><strong>hominum</strong></span> <span class='ocrx_word' id='word_1_309' title='bbox 1708 2560 1902 2623; x_wconf 90' lang='lat' dir='ltr'><strong>facere</strong></span> <span class='ocrx_word' id='word_1_310' title='bbox 1930 2570 2068 2624; x_wconf 89' lang='lat' dir='ltr'><strong>tunc</strong></span> 
     </span>
    </p>
   </div>
   <div class='ocr_carea' id='block_1_42' title="bbox 424 2641 2068 2726">
    <p class='ocr_par' dir='ltr' id='par_1_42' title="bbox 424 2641 2068 2726">
     <span class='ocr_line' id='line_1_42' title="bbox 424 2641 2068 2726; baseline 0.006 -23"><span class='ocrx_word' id='word_1_311' title='bbox 424 2662 521 2722; x_wconf 91' lang='lat' dir='ltr'><strong>mp</strong></span> <span class='ocrx_word' id='word_1_312' title='bbox 543 2642 662 2702; x_wconf 90' lang='lat' dir='ltr'><strong>ium</strong></span> <span class='ocrx_word' id='word_1_313' title='bbox 688 2641 1048 2704; x_wconf 89' lang='lat' dir='ltr'><strong>videbatur..</strong></span> <span class='ocrx_word' id='word_1_314' title='bbox 1077 2642 1327 2705; x_wconf 89' lang='lat' dir='ltr'><strong>Videtur</strong></span> <span class='ocrx_word' id='word_1_315' title='bbox 1357 2644 1537 2722; x_wconf 80' lang='lat' dir='ltr'><strong>igitur</strong></span> <span class='ocrx_word' id='word_1_316' title='bbox 1563 2648 1718 2726; x_wconf 88' lang='lat' dir='ltr'><strong>quod</strong></span> <span class='ocrx_word' id='word_1_317' title='bbox 1747 2668 1814 2710; x_wconf 77' lang='lat' dir='ltr'><strong>ex</strong></span> <span class='ocrx_word' id='word_1_318' title='bbox 1849 2669 2068 2713; x_wconf 81' lang='lat' dir='ltr'><strong>sermo-</strong></span> 
     </span>
    </p>
   </div>
   <div class='ocr_carea' id='block_1_43' title="bbox 405 2730 2067 2815">
    <p class='ocr_par' dir='ltr' id='par_1_43' title="bbox 405 2730 2067 2815">
     <span class='ocr_line' id='line_1_43' title="bbox 405 2730 2067 2815; baseline 0.006 -23"><span class='ocrx_word' id='word_1_319' title='bbox 405 2730 605 2802; x_wconf 84' lang='lat' dir='ltr'><strong>inibus</strong></span> <span class='ocrx_word' id='word_1_320' title='bbox 636 2750 779 2811; x_wconf 86' lang='lat' dir='ltr'><strong>quos</strong></span> <span class='ocrx_word' id='word_1_321' title='bbox 814 2741 951 2792; x_wconf 91' lang='lat' dir='ltr'><strong>tunc</strong></span> <span class='ocrx_word' id='word_1_322' title='bbox 997 2732 1154 2793; x_wconf 91' lang='lat' dir='ltr'><strong>inter</strong></span> <span class='ocrx_word' id='word_1_323' title='bbox 1183 2751 1247 2793; x_wconf 91' lang='lat' dir='ltr'><strong>se</strong></span> <span class='ocrx_word' id='word_1_324' title='bbox 1278 2733 1686 2809; x_wconf 88' lang='lat' dir='ltr'><strong>conferebant,</strong></span> <span class='ocrx_word' id='word_1_325' title='bbox 1721 2738 2067 2815; x_wconf 82' lang='lat' dir='ltr'><strong>agnoverint</strong></span> 
     </span>
    </p>
   </div>
   <div class='ocr_carea' id='block_1_44' title="bbox 2158 2011 3799 2097">
    <p class='ocr_par' dir='ltr' id='par_1_44' title="bbox 2158 2011 3799 2097">
     <span class='ocr_line' id='line_1_44' title="bbox 2158 2011 3799 2097; baseline -0.008 -23"><span class='ocrx_word' id='word_1_326' title='bbox 2158 2025 2258 2086; x_wconf 81' lang='grc' dir='ltr'>σῆς</span> <span class='ocrx_word' id='word_1_327' title='bbox 2315 2020 2368 2076; x_wconf 76' lang='grc' dir='ltr'><em>δὲ</em></span> <span class='ocrx_word' id='word_1_328' title='bbox 2441 2021 2753 2097; x_wconf 76' lang='grc' dir='ltr'>νομοθέτης,</span> <span class='ocrx_word' id='word_1_329' title='bbox 2808 2022 2895 2076; x_wconf 81' lang='grc' dir='ltr'><strong>καὶ</strong></span> <span class='ocrx_word' id='word_1_330' title='bbox 2923 2020 3194 2087; x_wconf 79' lang='grc' dir='ltr'>τέθνηκεν·</span> <span class='ocrx_word' id='word_1_331' title='bbox 3244 2016 3381 2072; x_wconf 79' lang='grc' dir='ltr'>ἀλλὰ</span> <span class='ocrx_word' id='word_1_332' title='bbox 3410 2015 3500 2071; x_wconf 84' lang='grc' dir='ltr'><strong>καὶ</strong></span> <span class='ocrx_word' id='word_1_333' title='bbox 3538 2011 3631 2066; x_wconf 79' lang='grc' dir='ltr'>’ίνα</span> <span class='ocrx_word' id='word_1_334' title='bbox 3661 2012 3799 2086; x_wconf 74' lang='grc' dir='ltr'>φανῇ</span> 
     </span>
    </p>
   </div>
   <div class='ocr_carea' id='block_1_45' title="bbox 2156 2099 3798 2184">
    <p class='ocr_par' dir='ltr' id='par_1_45' title="bbox 2156 2099 3798 2184">
     <span class='ocr_line' id='line_1_45' title="bbox 2156 2099 3798 2184; baseline -0.007 -21"><span class='ocrx_word' id='word_1_335' title='bbox 2156 2107 2236 2164; x_wconf 85' lang='grc' dir='ltr'>ὅτι</span> <span class='ocrx_word' id='word_1_336' title='bbox 2308 2113 2402 2168; x_wconf 75' lang='grc' dir='ltr'><strong>οῦκ</strong></span> <span class='ocrx_word' id='word_1_337' title='bbox 2460 2109 2689 2174; x_wconf 69' lang='grc' dir='ltr'>ἆναντίος</span> <span class='ocrx_word' id='word_1_338' title='bbox 2756 2111 2868 2165; x_wconf 62' lang='grc' dir='ltr'>εστὶ</span> <span class='ocrx_word' id='word_1_339' title='bbox 2923 2114 3000 2181; x_wconf 81' lang='grc' dir='ltr'>τῷ</span> <span class='ocrx_word' id='word_1_340' title='bbox 3070 2108 3217 2184; x_wconf 82' lang='grc' dir='ltr'>νόμῳ</span> <span class='ocrx_word' id='word_1_341' title='bbox 3248 2104 3354 2164; x_wconf 68' lang='grc' dir='ltr'><strong>οὐδ’</strong></span> <span class='ocrx_word' id='word_1_342' title='bbox 3406 2103 3656 2164; x_wconf 81' lang='grc' dir='ltr'>ἀντίθεος,</span> <span class='ocrx_word' id='word_1_343' title='bbox 3692 2099 3798 2153; x_wconf 81' lang='grc' dir='ltr'>Οὐκ</span> 
     </span>
    </p>
   </div>
   <div class='ocr_carea' id='block_1_46' title="bbox 2149 2190 3793 2278">
    <p class='ocr_par' dir='ltr' id='par_1_46' title="bbox 2149 2190 3793 2278">
     <span class='ocr_line' id='line_1_46' title="bbox 2149 2190 3793 2278; baseline -0.007 -21"><span class='ocrx_word' id='word_1_344' title='bbox 2149 2198 2213 2253; x_wconf 79' lang='grc' dir='ltr'>ἅν</span> <span class='ocrx_word' id='word_1_345' title='bbox 2282 2200 2381 2278; x_wconf 80' lang='grc' dir='ltr'>γὰρ</span> <span class='ocrx_word' id='word_1_346' title='bbox 2451 2202 2479 2255; x_wconf 97' lang='lat'><strong>6</strong></span> <span class='ocrx_word' id='word_1_347' title='bbox 2553 2201 2753 2265; x_wconf 77' lang='grc' dir='ltr'>Μωσῆς</span> <span class='ocrx_word' id='word_1_348' title='bbox 2824 2197 3096 2254; x_wconf 85' lang='grc' dir='ltr'>συνελάλει</span> <span class='ocrx_word' id='word_1_349' title='bbox 3155 2204 3233 2271; x_wconf 85' lang='grc' dir='ltr'>τῷ</span> <span class='ocrx_word' id='word_1_350' title='bbox 3265 2190 3650 2268; x_wconf 79' lang='grc' dir='ltr'>ἐναντιουμένῳ</span> <span class='ocrx_word' id='word_1_351' title='bbox 3678 2198 3793 2246; x_wconf 86' lang='grc' dir='ltr'>τοῖς</span> 
     </span>
    </p>
   </div>
   <div class='ocr_carea' id='block_1_47' title="bbox 2143 2278 3790 2362">
    <p class='ocr_par' dir='ltr' id='par_1_47' title="bbox 2143 2278 3790 2362">
     <span class='ocr_line' id='line_1_47' title="bbox 2143 2278 3790 2362; baseline -0.01 -18"><span class='ocrx_word' id='word_1_352' title='bbox 2143 2291 2324 2361; x_wconf 67' lang='grc' dir='ltr'>αὺτοῦ,</span> <span class='ocrx_word' id='word_1_353' title='bbox 2386 2285 2491 2347; x_wconf 71' lang='grc' dir='ltr'>οὐδ’</span> <span class='ocrx_word' id='word_1_354' title='bbox 2534 2286 2595 2343; x_wconf 76' lang='grc' dir='ltr'>ἄν</span> <span class='ocrx_word' id='word_1_355' title='bbox 2644 2286 2828 2351; x_wconf 88' lang='grc' dir='ltr'>Ἠλίας</span> <span class='ocrx_word' id='word_1_356' title='bbox 2880 2289 2908 2343; x_wconf 87' lang='lat'><strong>6</strong></span> <span class='ocrx_word' id='word_1_357' title='bbox 2964 2285 3211 2358; x_wconf 79' lang='grc' dir='ltr'>ζηλωτὴς</span> <span class='ocrx_word' id='word_1_358' title='bbox 3269 2284 3519 2362; x_wconf 74' lang='grc' dir='ltr'>ἠνείχετο</span> <span class='ocrx_word' id='word_1_359' title='bbox 3611 2278 3790 2348; x_wconf 73' lang='grc' dir='ltr'>αὒτοῦ,</span> 
     </span>
    </p>
   </div>
   <div class='ocr_carea' id='block_1_48' title="bbox 2148 2369 3790 2451">
    <p class='ocr_par' dir='ltr' id='par_1_48' title="bbox 2148 2369 3790 2451">
     <span class='ocr_line' id='line_1_48' title="bbox 2148 2369 3790 2451; baseline -0.01 -19"><span class='ocrx_word' id='word_1_360' title='bbox 2148 2377 2381 2433; x_wconf 80' lang='grc' dir='ltr'>ἀντιθέου</span> <span class='ocrx_word' id='word_1_361' title='bbox 2451 2375 2621 2442; x_wconf 69' lang='grc' dir='ltr'>ὄντοςθ</span> <span class='ocrx_word' id='word_1_362' title='bbox 2683 2375 2760 2433; x_wconf 76' lang='grc' dir='ltr'><strong>ἔτι</strong></span> <span class='ocrx_word' id='word_1_363' title='bbox 2837 2373 2912 2450; x_wconf 60' lang='grc' dir='ltr'><strong>δὲ,</strong></span> <span class='ocrx_word' id='word_1_364' title='bbox 2977 2374 3113 2451; x_wconf 78' lang='grc' dir='ltr'>λύσῃ</span> <span class='ocrx_word' id='word_1_365' title='bbox 3194 2375 3294 2442; x_wconf 78' lang='grc' dir='ltr'><strong>τὴν</strong></span> <span class='ocrx_word' id='word_1_366' title='bbox 3381 2371 3628 2427; x_wconf 79' lang='grc' dir='ltr'>ὑπόνοιαν</span> <span class='ocrx_word' id='word_1_367' title='bbox 3685 2369 3790 2419; x_wconf 81' lang='grc' dir='ltr'><strong>τῶν</strong></span> 
     </span>
    </p>
   </div>
   <div class='ocr_carea' id='block_1_49' title="bbox 2148 2458 3789 2547">
    <p class='ocr_par' dir='ltr' id='par_1_49' title="bbox 2148 2458 3789 2547">
     <span class='ocr_line' id='line_1_49' title="bbox 2148 2458 3789 2547; baseline -0.009 -23"><span class='ocrx_word' id='word_1_368' title='bbox 2148 2468 2414 2547; x_wconf 77' lang='grc' dir='ltr'>λεγόντων</span> <span class='ocrx_word' id='word_1_369' title='bbox 2483 2470 2639 2527; x_wconf 74' lang='grc' dir='ltr'>αὐτὸν</span> <span class='ocrx_word' id='word_1_370' title='bbox 2696 2465 2878 2524; x_wconf 90' lang='grc' dir='ltr'>Ἠλίαν</span> <span class='ocrx_word' id='word_1_371' title='bbox 2930 2466 2966 2534; x_wconf 73' lang='grc' dir='ltr'><strong>ἢ</strong></span> <span class='ocrx_word' id='word_1_372' title='bbox 3024 2466 3116 2522; x_wconf 63' lang='grc' dir='ltr'>ἵνα</span> <span class='ocrx_word' id='word_1_373' title='bbox 3145 2473 3251 2523; x_wconf 81' lang='grc' dir='ltr'><strong>τῶν</strong></span> <span class='ocrx_word' id='word_1_374' title='bbox 3283 2467 3593 2544; x_wconf 73' lang='grc' dir='ltr'>προφητῶν.</span> <span class='ocrx_word' id='word_1_375' title='bbox 3628 2458 3789 2512; x_wconf 79' lang='grc' dir='ltr'>Πόθεν</span> 
     </span>
    </p>
   </div>
   <div class='ocr_carea' id='block_1_50' title="bbox 2150 2548 3789 2636">
    <p class='ocr_par' dir='ltr' id='par_1_50' title="bbox 2150 2548 3789 2636">
     <span class='ocr_line' id='line_1_50' title="bbox 2150 2548 3789 2636; baseline -0.008 -23"><span class='ocrx_word' id='word_1_376' title='bbox 2150 2557 2205 2613; x_wconf 79' lang='grc' dir='ltr'><strong>δὲ</strong></span> <span class='ocrx_word' id='word_1_377' title='bbox 2254 2557 2419 2636; x_wconf 83' lang='grc' dir='ltr'>’ἐγνων</span> <span class='ocrx_word' id='word_1_378' title='bbox 2491 2559 2537 2612; x_wconf 79' lang='grc' dir='ltr'>οἶ</span> <span class='ocrx_word' id='word_1_379' title='bbox 2608 2558 2839 2633; x_wconf 80' lang='grc' dir='ltr'>μαθηταὶ</span> <span class='ocrx_word' id='word_1_380' title='bbox 2890 2556 2971 2613; x_wconf 78' lang='grc' dir='ltr'>ὅτι</span> <span class='ocrx_word' id='word_1_381' title='bbox 3041 2560 3240 2622; x_wconf 77' lang='grc' dir='ltr'>Μωσῆς</span> <span class='ocrx_word' id='word_1_382' title='bbox 3269 2556 3356 2611; x_wconf 88' lang='grc' dir='ltr'><strong>καὶ</strong></span> <span class='ocrx_word' id='word_1_383' title='bbox 3384 2550 3570 2613; x_wconf 87' lang='grc' dir='ltr'>Ἠλίας</span> <span class='ocrx_word' id='word_1_384' title='bbox 3600 2548 3735 2615; x_wconf 75' lang='grc' dir='ltr'>ἦσαν</span> <span class='ocrx_word' id='word_1_385' title='bbox 3773 2562 3789 2618; x_wconf 81' lang='grc'><strong>;</strong></span> 
     </span>
    </p>
   </div>
   <div class='ocr_carea' id='block_1_51' title="bbox 2153 2642 3792 2727">
    <p class='ocr_par' dir='ltr' id='par_1_51' title="bbox 2153 2642 3792 2727">
     <span class='ocr_line' id='line_1_51' title="bbox 2153 2642 3792 2727; baseline -0.009 -23"><span class='ocrx_word' id='word_1_386' title='bbox 2153 2649 2213 2704; x_wconf 79' lang='grc' dir='ltr'><strong>οῦ</strong></span> <span class='ocrx_word' id='word_1_387' title='bbox 2268 2650 2366 2727; x_wconf 81' lang='grc' dir='ltr'>γὰρ</span> <span class='ocrx_word' id='word_1_388' title='bbox 2409 2645 2474 2714; x_wconf 80' lang='grc' dir='ltr'>δὴ</span> <span class='ocrx_word' id='word_1_389' title='bbox 2505 2648 2608 2703; x_wconf 76' lang='grc' dir='ltr'><strong>ἀπὸ</strong></span> <span class='ocrx_word' id='word_1_390' title='bbox 2654 2648 2892 2727; x_wconf 75' lang='grc' dir='ltr'>εἰκόνων,</span> <span class='ocrx_word' id='word_1_391' title='bbox 2925 2648 3043 2703; x_wconf 71' lang='grc' dir='ltr'>ὶπεὶ</span> <span class='ocrx_word' id='word_1_392' title='bbox 3074 2646 3278 2710; x_wconf 71' lang='grc' dir='ltr'>εἰκόνας</span> <span class='ocrx_word' id='word_1_393' title='bbox 3305 2642 3590 2721; x_wconf 79' lang='grc' dir='ltr'>ἀνθρώπων</span> <span class='ocrx_word' id='word_1_394' title='bbox 3615 2648 3792 2727; x_wconf 82' lang='grc' dir='ltr'>ποιεῖν</span> 
     </span>
    </p>
   </div>
   <div class='ocr_carea' id='block_1_52' title="bbox 2149 2725 3789 2803">
    <p class='ocr_par' dir='ltr' id='par_1_52' title="bbox 2149 2725 3789 2803">
     <span class='ocr_line' id='line_1_52' title="bbox 2149 2725 3789 2803; baseline -0.007 -11"><span class='ocrx_word' id='word_1_395' title='bbox 2149 2725 2290 2793; x_wconf 83' lang='grc' dir='ltr'>τότε</span> <span class='ocrx_word' id='word_1_396' title='bbox 2321 2725 2504 2799; x_wconf 70' lang='grc' dir='ltr'>ἀσεϐὲς</span> <span class='ocrx_word' id='word_1_397' title='bbox 2565 2734 2758 2799; x_wconf 70' lang='grc' dir='ltr'>ἐδόκει,</span> <span class='ocrx_word' id='word_1_398' title='bbox 2806 2725 3031 2793; x_wconf 64' lang='grc' dir='ltr'>’Ἔοικεν</span> <span class='ocrx_word' id='word_1_399' title='bbox 3090 2738 3177 2791; x_wconf 75' lang='grc' dir='ltr'><strong>οὖν</strong></span> <span class='ocrx_word' id='word_1_400' title='bbox 3209 2736 3289 2790; x_wconf 87' lang='grc' dir='ltr'>ὃτι</span> <span class='ocrx_word' id='word_1_401' title='bbox 3334 2733 3438 2789; x_wconf 80' lang='grc' dir='ltr'>ἀπὸ</span> <span class='ocrx_word' id='word_1_402' title='bbox 3479 2735 3586 2785; x_wconf 82' lang='grc' dir='ltr'><strong>τῶν</strong></span> <span class='ocrx_word' id='word_1_403' title='bbox 3615 2725 3789 2803; x_wconf 80' lang='grc' dir='ltr'>λόγων</span> 
     </span>
    </p>
   </div>
   <div class='ocr_carea' id='block_1_53' title="bbox 412 2818 2059 2911">
    <p class='ocr_par' dir='ltr' id='par_1_53' title="bbox 412 2820 2059 2911">
     <span class='ocr_line' id='line_1_53' title="bbox 412 2820 2059 2911; baseline 0.006 -29"><span class='ocrx_word' id='word_1_404' title='bbox 412 2839 536 2882; x_wconf 91' lang='lat' dir='ltr'><strong>eos.</strong></span> <span class='ocrx_word' id='word_1_405' title='bbox 561 2820 850 2883; x_wconf 87' lang='lat' dir='ltr'><strong>Fortassis</strong></span> <span class='ocrx_word' id='word_1_406' title='bbox 882 2822 1038 2882; x_wconf 90' lang='lat' dir='ltr'><strong>enim</strong></span> <span class='ocrx_word' id='word_1_407' title='bbox 1075 2822 1228 2882; x_wconf 87' lang='lat' dir='ltr'><strong>alter</strong></span> <span class='ocrx_word' id='word_1_408' title='bbox 1276 2822 1515 2902; x_wconf 88' lang='lat' dir='ltr'><strong>quidem</strong></span> <span class='ocrx_word' id='word_1_409' title='bbox 1550 2825 1804 2901; x_wconf 87' lang='lat' dir='ltr'><strong>dicebat,</strong></span> <span class='ocrx_word' id='word_1_410' title='bbox 1851 2847 2059 2911; x_wconf 84' lang='lat' dir='ltr'><strong>nempe</strong></span> 
     </span>
    </p>
   </div>
   <div class='ocr_carea' id='block_1_54' title="bbox 2141 2818 3789 2911">
    <p class='ocr_par' dir='ltr' id='par_1_54' title="bbox 2148 2818 3789 2911">
     <span class='ocr_line' id='line_1_54' title="bbox 2148 2818 3789 2911; baseline -0.002 -30"><span class='ocrx_word' id='word_1_411' title='bbox 2148 2826 2220 2883; x_wconf 84' lang='grc' dir='ltr'>ὧν</span> <span class='ocrx_word' id='word_1_412' title='bbox 2279 2824 2463 2904; x_wconf 63' lang='grc' dir='ltr'>ἔλεγον</span> <span class='ocrx_word' id='word_1_413' title='bbox 2532 2824 2768 2902; x_wconf 72' lang='grc' dir='ltr'>ἐπέγνων</span> <span class='ocrx_word' id='word_1_414' title='bbox 2825 2827 3033 2887; x_wconf 74' lang='grc' dir='ltr'>αὐτούς’</span> <span class='ocrx_word' id='word_1_415' title='bbox 3062 2826 3229 2904; x_wconf 81' lang='grc' dir='ltr'>τυχὸν</span> <span class='ocrx_word' id='word_1_416' title='bbox 3258 2824 3357 2900; x_wconf 81' lang='grc' dir='ltr'><strong>γὰρ</strong></span> <span class='ocrx_word' id='word_1_417' title='bbox 3400 2824 3428 2876; x_wconf 88' lang='lat'><strong>6</strong></span> <span class='ocrx_word' id='word_1_418' title='bbox 3460 2818 3557 2894; x_wconf 80' lang='grc' dir='ltr'><strong>μὲν</strong></span> <span class='ocrx_word' id='word_1_419' title='bbox 3589 2819 3789 2911; x_wconf 63' lang='grc' dir='ltr'>Μωσῆς</span> 
     </span>
    </p>
   </div>
   <div class='ocr_carea' id='block_1_55' title="bbox 408 2907 2059 2995">
    <p class='ocr_par' dir='ltr' id='par_1_55' title="bbox 408 2907 2059 2995">
     <span class='ocr_line' id='line_1_55' title="bbox 408 2907 2059 2995; baseline 0.006 -24"><span class='ocrx_word' id='word_1_420' title='bbox 408 2909 620 2971; x_wconf 81' lang='lat' dir='ltr'><strong>Moses:</strong></span> <span class='ocrx_word' id='word_1_421' title='bbox 647 2909 733 2971; x_wconf 93' lang='lat' dir='ltr'><strong>Tu</strong></span> <span class='ocrx_word' id='word_1_422' title='bbox 767 2929 829 2970; x_wconf 91' lang='lat' dir='ltr'><strong>es</strong></span> <span class='ocrx_word' id='word_1_423' title='bbox 861 2912 1033 2988; x_wconf 88' lang='lat' dir='ltr'><strong>cujus</strong></span> <span class='ocrx_word' id='word_1_424' title='bbox 1071 2930 1176 2989; x_wconf 82' lang='lat' dir='ltr'><strong>ego</strong></span> <span class='ocrx_word' id='word_1_425' title='bbox 1211 2912 1545 2990; x_wconf 83' lang='lat' dir='ltr'><strong>passionem</strong></span> <span class='ocrx_word' id='word_1_426' title='bbox 1578 2916 1945 2995; x_wconf 65' lang='lat' dir='ltr'><strong>praefiguravi</strong></span> <span class='ocrx_word' id='word_1_427' title='bbox 1968 2907 2059 2981; x_wconf 61' lang='grc' dir='ltr'>οό-</span> 
     </span>
    </p>
   </div>
   <div class='ocr_carea' id='block_1_56' title="bbox 2141 2907 3786 2995">
    <p class='ocr_par' dir='ltr' id='par_1_56' title="bbox 2145 2907 3786 2993">
     <span class='ocr_line' id='line_1_56' title="bbox 2145 2907 3786 2993; baseline -0.004 -22"><span class='ocrx_word' id='word_1_428' title='bbox 2145 2914 2349 2993; x_wconf 80' lang='grc' dir='ltr'>ἓλεγενο</span> <span class='ocrx_word' id='word_1_429' title='bbox 2425 2916 2497 2970; x_wconf 81' lang='grc' dir='ltr'>Σὺ</span> <span class='ocrx_word' id='word_1_430' title='bbox 2551 2916 2604 2971; x_wconf 76' lang='grc' dir='ltr'>εἶ</span> <span class='ocrx_word' id='word_1_431' title='bbox 2651 2915 2711 2971; x_wconf 78' lang='grc' dir='ltr'>οὗ</span> <span class='ocrx_word' id='word_1_432' title='bbox 2733 2915 3083 2991; x_wconf 87' lang='grc' dir='ltr'>προετύπωσα</span> <span class='ocrx_word' id='word_1_433' title='bbox 3129 2914 3235 2991; x_wconf 71' lang='grc' dir='ltr'><strong>ἐγὼ</strong></span> <span class='ocrx_word' id='word_1_434' title='bbox 3262 2914 3324 2967; x_wconf 80' lang='grc' dir='ltr'><strong>τὸ</strong></span> <span class='ocrx_word' id='word_1_435' title='bbox 3366 2912 3555 2989; x_wconf 82' lang='grc' dir='ltr'>πάθος,</span> <span class='ocrx_word' id='word_1_436' title='bbox 3590 2907 3786 2989; x_wconf 72' lang='grc' dir='ltr'>σφάξας</span> 
     </span>
    </p>
   </div>
   <div class='ocr_carea' id='block_1_57' title="bbox 404 2997 2059 3085">
    <p class='ocr_par' dir='ltr' id='par_1_57' title="bbox 404 2999 2051 3079">
     <span class='ocr_line' id='line_1_57' title="bbox 404 2999 2051 3079; baseline 0.007 -20"><span class='ocrx_word' id='word_1_437' title='bbox 404 2999 526 3059; x_wconf 89' lang='lat' dir='ltr'><strong>ciso</strong></span> <span class='ocrx_word' id='word_1_438' title='bbox 560 3018 731 3078; x_wconf 85' lang='lat' dir='ltr'><strong>agno,</strong></span> <span class='ocrx_word' id='word_1_439' title='bbox 769 3009 826 3061; x_wconf 90' lang='lat' dir='ltr'><strong>et</strong></span> <span class='ocrx_word' id='word_1_440' title='bbox 850 2999 1108 3079; x_wconf 87' lang='lat' dir='ltr'><strong>perfecto</strong></span> <span class='ocrx_word' id='word_1_441' title='bbox 1134 3001 1355 3062; x_wconf 87' lang='lat' dir='ltr'><strong>Pascha</strong></span> <span class='ocrx_word' id='word_1_442' title='bbox 1391 3022 1402 3063; x_wconf 92' lang='lat'><strong>:</strong></span> <span class='ocrx_word' id='word_1_443' title='bbox 1437 3002 1589 3063; x_wconf 84' lang='lat' dir='ltr'><strong>alter</strong></span> <span class='ocrx_word' id='word_1_444' title='bbox 1612 3014 1809 3065; x_wconf 85' lang='lat' dir='ltr'><strong>autem</strong></span> <span class='ocrx_word' id='word_1_445' title='bbox 1846 3005 2001 3068; x_wconf 89' lang='lat' dir='ltr'><strong>Elias</strong></span> <span class='ocrx_word' id='word_1_446' title='bbox 2038 3027 2051 3071; x_wconf 91' lang='lat'><strong>:</strong></span> 
     </span>
    </p>
   </div>
   <div class='ocr_carea' id='block_1_58' title="bbox 2141 2997 3784 3085">
    <p class='ocr_par' dir='ltr' id='par_1_58' title="bbox 2141 2997 3784 3085">
     <span class='ocr_line' id='line_1_58' title="bbox 2141 2997 3784 3085; baseline -0.004 -25"><span class='ocrx_word' id='word_1_447' title='bbox 2141 3006 2230 3060; x_wconf 82' lang='grc' dir='ltr'><strong>τὸν</strong></span> <span class='ocrx_word' id='word_1_448' title='bbox 2286 3006 2454 3081; x_wconf 80' lang='grc' dir='ltr'>ἀμνὸν</span> <span class='ocrx_word' id='word_1_449' title='bbox 2534 3007 2621 3060; x_wconf 79' lang='grc' dir='ltr'><strong>καὶ</strong></span> <span class='ocrx_word' id='word_1_450' title='bbox 2676 3006 2737 3060; x_wconf 86' lang='grc' dir='ltr'>τὸ</span> <span class='ocrx_word' id='word_1_451' title='bbox 2776 3005 2971 3085; x_wconf 84' lang='grc' dir='ltr'>Πάσχα</span> <span class='ocrx_word' id='word_1_452' title='bbox 3021 3002 3261 3065; x_wconf 78' lang='grc' dir='ltr'>τελέσας·</span> <span class='ocrx_word' id='word_1_453' title='bbox 3299 3001 3481 3065; x_wconf 84' lang='grc' dir='ltr'>Ἠλίας</span> <span class='ocrx_word' id='word_1_454' title='bbox 3510 2998 3587 3056; x_wconf 79' lang='grc' dir='ltr'><strong>δέ’</strong></span> <span class='ocrx_word' id='word_1_455' title='bbox 3626 3000 3698 3054; x_wconf 84' lang='grc' dir='ltr'>Σὺ</span> <span class='ocrx_word' id='word_1_456' title='bbox 3729 2997 3784 3053; x_wconf 77' lang='grc' dir='ltr'>εἶ</span> 
     </span>
    </p>
   </div>
   <div class='ocr_carea' id='block_1_59' title="bbox 400 3090 2059 3174">
    <p class='ocr_par' dir='ltr' id='par_1_59' title="bbox 400 3090 2053 3170">
     <span class='ocr_line' id='line_1_59' title="bbox 400 3090 2053 3170; baseline 0.007 -23"><span class='ocrx_word' id='word_1_457' title='bbox 400 3090 484 3147; x_wconf 90' lang='lat' dir='ltr'><strong>Tu</strong></span> <span class='ocrx_word' id='word_1_458' title='bbox 509 3106 572 3150; x_wconf 83' lang='lat' dir='ltr'><strong>es</strong></span> <span class='ocrx_word' id='word_1_459' title='bbox 595 3090 765 3166; x_wconf 83' lang='lat' dir='ltr'><strong>cujus</strong></span> <span class='ocrx_word' id='word_1_460' title='bbox 786 3090 1258 3149; x_wconf 88' lang='lat' dir='ltr'><strong>resurectionem</strong></span> <span class='ocrx_word' id='word_1_461' title='bbox 1280 3109 1386 3165; x_wconf 81' lang='lat' dir='ltr'><strong>ego</strong></span> <span class='ocrx_word' id='word_1_462' title='bbox 1413 3093 1773 3170; x_wconf 61' lang='lat' dir='ltr'><strong>prwﬁguravi</strong></span> <span class='ocrx_word' id='word_1_463' title='bbox 1792 3094 1848 3155; x_wconf 92' lang='lat' dir='ltr'><strong>in</strong></span> <span class='ocrx_word' id='word_1_464' title='bbox 1866 3097 2053 3158; x_wconf 66' lang='lat' dir='ltr'><strong>vidum</strong></span> 
     </span>
    </p>
   </div>
   <div class='ocr_carea' id='block_1_60' title="bbox 2141 3090 3779 3174">
    <p class='ocr_par' dir='ltr' id='par_1_60' title="bbox 2141 3090 3779 3174">
     <span class='ocr_line' id='line_1_60' title="bbox 2141 3090 3779 3174; baseline -0.004 -24"><span class='ocrx_word' id='word_1_465' title='bbox 2141 3094 2197 3150; x_wconf 80' lang='grc' dir='ltr'>οὗ</span> <span class='ocrx_word' id='word_1_466' title='bbox 2253 3095 2351 3162; x_wconf 74' lang='grc' dir='ltr'>τὴν</span> <span class='ocrx_word' id='word_1_467' title='bbox 2408 3093 2694 3150; x_wconf 69' lang='grc' dir='ltr'>ἀνάστασιν</span> <span class='ocrx_word' id='word_1_468' title='bbox 2725 3095 3078 3174; x_wconf 74' lang='grc' dir='ltr'>προετύπωσα</span> <span class='ocrx_word' id='word_1_469' title='bbox 3110 3093 3163 3149; x_wconf 77' lang='grc' dir='ltr'>ἐν</span> <span class='ocrx_word' id='word_1_470' title='bbox 3193 3100 3270 3167; x_wconf 76' lang='grc' dir='ltr'>τῷ</span> <span class='ocrx_word' id='word_1_471' title='bbox 3296 3097 3395 3159; x_wconf 80' lang='grc' dir='ltr'><strong>τῆς</strong></span> <span class='ocrx_word' id='word_1_472' title='bbox 3440 3091 3617 3169; x_wconf 74' lang='grc' dir='ltr'>χήρας</span> <span class='ocrx_word' id='word_1_473' title='bbox 3664 3090 3779 3166; x_wconf 72' lang='grc' dir='ltr'>υἱῷ,</span> 
     </span>
    </p>
   </div>
   <div class='ocr_carea' id='block_1_61' title="bbox 405 3178 2059 3259">
    <p class='ocr_par' dir='ltr' id='par_1_61' title="bbox 405 3178 2047 3259">
     <span class='ocr_line' id='line_1_61' title="bbox 405 3178 2047 3259; baseline 0.005 -22"><span class='ocrx_word' id='word_1_474' title='bbox 405 3178 613 3255; x_wconf 88' lang='lat' dir='ltr'><strong>filio,et</strong></span> <span class='ocrx_word' id='word_1_475' title='bbox 647 3179 785 3238; x_wconf 87' lang='lat' dir='ltr'><strong>talia</strong></span> <span class='ocrx_word' id='word_1_476' title='bbox 816 3178 1109 3256; x_wconf 79' lang='lat' dir='ltr'><strong>quaedam.</strong></span> <span class='ocrx_word' id='word_1_477' title='bbox 1139 3178 1472 3241; x_wconf 87' lang='lat' dir='ltr'><strong>Ostendens</strong></span> <span class='ocrx_word' id='word_1_478' title='bbox 1502 3180 1679 3259; x_wconf 88' lang='lat' dir='ltr'><strong>igitur</strong></span> <span class='ocrx_word' id='word_1_479' title='bbox 1703 3182 1836 3245; x_wconf 91' lang='lat' dir='ltr'><strong>illos</strong></span> <span class='ocrx_word' id='word_1_480' title='bbox 1863 3185 2047 3247; x_wconf 87' lang='lat' dir='ltr'><strong>disci-</strong></span> 
     </span>
    </p>
   </div>
   <div class='ocr_carea' id='block_1_62' title="bbox 2141 3178 3783 3259">
    <p class='ocr_par' dir='ltr' id='par_1_62' title="bbox 2141 3181 3783 3254">
     <span class='ocr_line' id='line_1_62' title="bbox 2141 3181 3783 3254; baseline -0.004 -16"><span class='ocrx_word' id='word_1_481' title='bbox 2141 3185 2219 3238; x_wconf 73' lang='grc' dir='ltr'><strong>καὶ</strong></span> <span class='ocrx_word' id='word_1_482' title='bbox 2269 3184 2488 3241; x_wconf 86' lang='grc' dir='ltr'>τοιαῦτά</span> <span class='ocrx_word' id='word_1_483' title='bbox 2535 3205 2674 3245; x_wconf 86' lang='grc' dir='ltr'>τινα.</span> <span class='ocrx_word' id='word_1_484' title='bbox 2746 3184 3009 3240; x_wconf 88' lang='grc' dir='ltr'>Δεικνύων</span> <span class='ocrx_word' id='word_1_485' title='bbox 3067 3184 3157 3240; x_wconf 77' lang='grc' dir='ltr'><strong>οὖν</strong></span> <span class='ocrx_word' id='word_1_486' title='bbox 3209 3183 3421 3243; x_wconf 77' lang='grc' dir='ltr'>τούτους</span> <span class='ocrx_word' id='word_1_487' title='bbox 3452 3182 3571 3242; x_wconf 84' lang='grc' dir='ltr'>τοῖς</span> <span class='ocrx_word' id='word_1_488' title='bbox 3604 3181 3783 3254; x_wconf 79' lang='grc' dir='ltr'>μαθη-</span> 
     </span>
    </p>
   </div>
   <div class='ocr_carea' id='block_1_63' title="bbox 405 3266 2059 3355">
    <p class='ocr_par' dir='ltr' id='par_1_63' title="bbox 405 3266 2045 3355">
     <span class='ocr_line' id='line_1_63' title="bbox 405 3266 2045 3355; baseline 0.007 -30"><span class='ocrx_word' id='word_1_489' title='bbox 405 3268 577 3345; x_wconf 92' lang='lat' dir='ltr'><strong>pulis,</strong></span> <span class='ocrx_word' id='word_1_490' title='bbox 610 3266 786 3327; x_wconf 90' lang='lat' dir='ltr'><strong>docet</strong></span> <span class='ocrx_word' id='word_1_491' title='bbox 818 3285 919 3327; x_wconf 90' lang='lat' dir='ltr'><strong>eos</strong></span> <span class='ocrx_word' id='word_1_492' title='bbox 954 3270 1098 3328; x_wconf 81' lang='lat' dir='ltr'><strong>tales</strong></span> <span class='ocrx_word' id='word_1_493' title='bbox 1132 3269 1366 3341; x_wconf 86' lang='lat' dir='ltr'><strong>imitari,</strong></span> <span class='ocrx_word' id='word_1_494' title='bbox 1424 3278 1481 3330; x_wconf 89' lang='lat' dir='ltr'><strong>et</strong></span> <span class='ocrx_word' id='word_1_495' title='bbox 1540 3282 1878 3334; x_wconf 85' lang='lat' dir='ltr'><strong>mansuetos</strong></span> <span class='ocrx_word' id='word_1_496' title='bbox 1908 3276 2045 3355; x_wconf 90' lang='lat' dir='ltr'><strong>qui-</strong></span> 
     </span>
    </p>
   </div>
   <div class='ocr_carea' id='block_1_64' title="bbox 2141 3266 3782 3355">
    <p class='ocr_par' dir='ltr' id='par_1_64' title="bbox 2141 3266 3782 3348">
     <span class='ocr_line' id='line_1_64' title="bbox 2141 3266 3782 3348; baseline -0.003 -22"><span class='ocrx_word' id='word_1_497' title='bbox 2141 3284 2273 3345; x_wconf 76' lang='grc' dir='ltr'>ταῖς,</span> <span class='ocrx_word' id='word_1_498' title='bbox 2333 3270 2563 3329; x_wconf 80' lang='grc' dir='ltr'>διδάσκει</span> <span class='ocrx_word' id='word_1_499' title='bbox 2623 3272 2809 3335; x_wconf 71' lang='grc' dir='ltr'>αὖτοὺς</span> <span class='ocrx_word' id='word_1_500' title='bbox 2870 3273 3088 3334; x_wconf 87' lang='grc' dir='ltr'>τοὺτους</span> <span class='ocrx_word' id='word_1_501' title='bbox 3148 3274 3455 3348; x_wconf 80' lang='grc' dir='ltr'>μιμεῖσθαι,</span> <span class='ocrx_word' id='word_1_502' title='bbox 3530 3266 3782 3325; x_wconf 76' lang='grc' dir='ltr'>καὶκατὰ</span> 
     </span>
    </p>
   </div>
   <div class='ocr_carea' id='block_1_65' title="bbox 397 3355 2059 3439">
    <p class='ocr_par' dir='ltr' id='par_1_65' title="bbox 397 3358 2037 3436">
     <span class='ocr_line' id='line_1_65' title="bbox 397 3358 2037 3436; baseline 0.005 -17"><span class='ocrx_word' id='word_1_503' title='bbox 397 3358 531 3419; x_wconf 91' lang='lat' dir='ltr'><strong>dem</strong></span> <span class='ocrx_word' id='word_1_504' title='bbox 568 3375 698 3417; x_wconf 88' lang='lat' dir='ltr'><strong>esse</strong></span> <span class='ocrx_word' id='word_1_505' title='bbox 732 3366 789 3418; x_wconf 92' lang='lat' dir='ltr'><strong>et</strong></span> <span class='ocrx_word' id='word_1_506' title='bbox 819 3358 1317 3436; x_wconf 79' lang='lat' dir='ltr'><strong>populares,sicut</strong></span> <span class='ocrx_word' id='word_1_507' title='bbox 1356 3365 1572 3422; x_wconf 63' lang='lat' dir='ltr'><strong>Moses:</strong></span> <span class='ocrx_word' id='word_1_508' title='bbox 1595 3365 1811 3425; x_wconf 81' lang='lat' dir='ltr'><strong>zelotas</strong></span> <span class='ocrx_word' id='word_1_509' title='bbox 1844 3374 2037 3428; x_wconf 90' lang='lat' dir='ltr'><strong>autem</strong></span> 
     </span>
    </p>
   </div>
   <div class='ocr_carea' id='block_1_66' title="bbox 2141 3355 3778 3439">
    <p class='ocr_par' dir='ltr' id='par_1_66' title="bbox 2141 3355 3778 3439">
     <span class='ocr_line' id='line_1_66' title="bbox 2141 3355 3778 3439; baseline -0.002 -25"><span class='ocrx_word' id='word_1_510' title='bbox 2141 3365 2326 3427; x_wconf 67' lang='grc' dir='ltr'>Ηωσῆν</span> <span class='ocrx_word' id='word_1_511' title='bbox 2385 3362 2480 3436; x_wconf 78' lang='grc' dir='ltr'><strong>μὲν</strong></span> <span class='ocrx_word' id='word_1_512' title='bbox 2540 3361 2733 3439; x_wconf 82' lang='grc' dir='ltr'>πράους</span> <span class='ocrx_word' id='word_1_513' title='bbox 2793 3361 2935 3417; x_wconf 78' lang='grc' dir='ltr'>εἶναι</span> <span class='ocrx_word' id='word_1_514' title='bbox 2998 3363 3086 3417; x_wconf 84' lang='grc' dir='ltr'><strong>καὶ</strong></span> <span class='ocrx_word' id='word_1_515' title='bbox 3143 3358 3578 3438; x_wconf 79' lang='grc' dir='ltr'>δημαγωγικοὺς·</span> <span class='ocrx_word' id='word_1_516' title='bbox 3641 3355 3778 3412; x_wconf 80' lang='grc' dir='ltr'>κατὰ</span> 
     </span>
    </p>
   </div>
   <div class='ocr_carea' id='block_1_67' title="bbox 398 3444 2059 3535">
    <p class='ocr_par' dir='ltr' id='par_1_67' title="bbox 398 3447 2038 3535">
     <span class='ocr_line' id='line_1_67' title="bbox 398 3447 2038 3535; baseline 0.007 -30"><span class='ocrx_word' id='word_1_517' title='bbox 398 3454 455 3505; x_wconf 89' lang='lat' dir='ltr'><strong>et</strong></span> <span class='ocrx_word' id='word_1_518' title='bbox 487 3452 852 3535; x_wconf 83' lang='lat' dir='ltr'><strong>constantes,</strong></span> <span class='ocrx_word' id='word_1_519' title='bbox 913 3448 1067 3507; x_wconf 89' lang='lat' dir='ltr'><strong>sicut</strong></span> <span class='ocrx_word' id='word_1_520' title='bbox 1101 3447 1263 3510; x_wconf 83' lang='lat' dir='ltr'><strong>Elias</strong></span> <span class='ocrx_word' id='word_1_521' title='bbox 1294 3473 1305 3506; x_wconf 94' lang='lat'><strong>:</strong></span> <span class='ocrx_word' id='word_1_522' title='bbox 1332 3460 1389 3511; x_wconf 86' lang='lat' dir='ltr'><strong>et</strong></span> <span class='ocrx_word' id='word_1_523' title='bbox 1438 3450 1487 3511; x_wconf 86' lang='lat' dir='ltr'><strong>si</strong></span> <span class='ocrx_word' id='word_1_524' title='bbox 1540 3453 1774 3531; x_wconf 88' lang='lat' dir='ltr'><strong>quando</strong></span> <span class='ocrx_word' id='word_1_525' title='bbox 1808 3462 2038 3535; x_wconf 91' lang='lat' dir='ltr'><strong>tempus</strong></span> 
     </span>
    </p>
   </div>
   <div class='ocr_carea' id='block_1_68' title="bbox 2141 3444 3767 3535">
    <p class='ocr_par' dir='ltr' id='par_1_68' title="bbox 2141 3444 3767 3526">
     <span class='ocr_line' id='line_1_68' title="bbox 2141 3444 3767 3526; baseline -0.001 -25"><span class='ocrx_word' id='word_1_526' title='bbox 2141 3446 2175 3502; x_wconf 76' lang='grc' dir='ltr'>ῖὲ</span> <span class='ocrx_word' id='word_1_527' title='bbox 2263 3446 2468 3525; x_wconf 89' lang='grc' dir='ltr'>Ἠλίαν,</span> <span class='ocrx_word' id='word_1_528' title='bbox 2526 3448 2770 3521; x_wconf 79' lang='grc' dir='ltr'>ζηλωτὰς</span> <span class='ocrx_word' id='word_1_529' title='bbox 2840 3452 2928 3506; x_wconf 87' lang='grc' dir='ltr'><strong>καὶ</strong></span> <span class='ocrx_word' id='word_1_530' title='bbox 2969 3450 3240 3526; x_wconf 75' lang='grc' dir='ltr'>ἇκαμπεῖς</span> <span class='ocrx_word' id='word_1_531' title='bbox 3297 3447 3385 3504; x_wconf 82' lang='grc' dir='ltr'><strong>ὅτε</strong></span> <span class='ocrx_word' id='word_1_532' title='bbox 3440 3448 3647 3525; x_wconf 72' lang='grc' dir='ltr'>καιρὸς,</span> <span class='ocrx_word' id='word_1_533' title='bbox 3680 3444 3767 3500; x_wconf 73' lang='grc' dir='ltr'><strong>καὶ</strong></span> 
     </span>
    </p>
   </div>
   <div class='ocr_carea' id='block_1_69' title="bbox 396 3534 2059 3618">
    <p class='ocr_par' dir='ltr' id='par_1_69' title="bbox 396 3534 1943 3618">
     <span class='ocr_line' id='line_1_69' title="bbox 396 3534 1943 3618; baseline 0.003 -25"><span class='ocrx_word' id='word_1_534' title='bbox 396 3544 583 3609; x_wconf 90' lang='lat' dir='ltr'><strong>vocet,</strong></span> <span class='ocrx_word' id='word_1_535' title='bbox 616 3534 1022 3614; x_wconf 87' lang='lat' dir='ltr'><strong>periclitantes</strong></span> <span class='ocrx_word' id='word_1_536' title='bbox 1055 3554 1160 3618; x_wconf 91' lang='lat' dir='ltr'><strong>pro</strong></span> <span class='ocrx_word' id='word_1_537' title='bbox 1192 3538 1452 3618; x_wconf 87' lang='lat' dir='ltr'><strong>veritate,</strong></span> <span class='ocrx_word' id='word_1_538' title='bbox 1489 3540 1638 3601; x_wconf 86' lang='lat' dir='ltr'><strong>sicut</strong></span> <span class='ocrx_word' id='word_1_539' title='bbox 1668 3541 1775 3601; x_wconf 88' lang='lat' dir='ltr'><strong>illi.</strong></span> <span class='ocrx_word' id='word_1_540' title='bbox 1935 3534 1943 3535; x_wconf 26' lang='grc' dir='ltr'><strong>ί</strong></span> 
     </span>
    </p>
   </div>
   <div class='ocr_carea' id='block_1_70' title="bbox 2141 3534 3560 3618">
    <p class='ocr_par' dir='ltr' id='par_1_70' title="bbox 2141 3535 3560 3618">
     <span class='ocr_line' id='line_1_70' title="bbox 2141 3535 3560 3618; baseline 0 -26"><span class='ocrx_word' id='word_1_541' title='bbox 2141 3535 2559 3611; x_wconf 79' lang='grc' dir='ltr'>ιινδυνευτικοῦς,</span> <span class='ocrx_word' id='word_1_542' title='bbox 2590 3538 2767 3618; x_wconf 84' lang='grc' dir='ltr'>ὤσπερ</span> <span class='ocrx_word' id='word_1_543' title='bbox 2798 3542 2940 3595; x_wconf 78' lang='grc' dir='ltr'>οὗτοι</span> <span class='ocrx_word' id='word_1_544' title='bbox 2971 3540 3099 3618; x_wconf 70' lang='grc' dir='ltr'>ὑπὲρ</span> <span class='ocrx_word' id='word_1_545' title='bbox 3147 3544 3245 3605; x_wconf 75' lang='grc' dir='ltr'><strong>τῆς</strong></span> <span class='ocrx_word' id='word_1_546' title='bbox 3291 3537 3560 3604; x_wconf 86' lang='grc' dir='ltr'>ἀληθείας,</span> 
     </span>
    </p>
   </div>
   <div class='ocr_carea' id='block_1_71' title="bbox 474 3623 2059 3708">
    <p class='ocr_par' dir='ltr' id='par_1_71' title="bbox 474 3623 2036 3705">
     <span class='ocr_line' id='line_1_71' title="bbox 474 3623 2036 3705; baseline 0.008 -23"><span class='ocrx_word' id='word_1_547' title='bbox 474 3624 566 3684; x_wconf 82' lang='lat'><strong>89</strong></span> <span class='ocrx_word' id='word_1_548' title='bbox 605 3628 785 3685; x_wconf 70' lang='lat' dir='ltr'><strong>Vens.</strong></span> <span class='ocrx_word' id='word_1_549' title='bbox 820 3624 877 3684; x_wconf 76' lang='grc'><strong>4.</strong></span> <span class='ocrx_word' id='word_1_550' title='bbox 940 3623 1331 3705; x_wconf 82' lang='lat' dir='ltr'><strong>Respomlens</strong></span> <span class='ocrx_word' id='word_1_551' title='bbox 1380 3637 1577 3688; x_wconf 90' lang='lat' dir='ltr'><strong>autem</strong></span> <span class='ocrx_word' id='word_1_552' title='bbox 1642 3632 1849 3692; x_wconf 75' lang='lat' dir='ltr'><strong>l’etrus</strong></span> <span class='ocrx_word' id='word_1_553' title='bbox 1892 3633 2036 3695; x_wconf 84' lang='lat' dir='ltr'><strong>dixit</strong></span> 
     </span>
    </p>
   </div>
   <div class='ocr_carea' id='block_1_72' title="bbox 2141 3623 3761 3708">
    <p class='ocr_par' dir='ltr' id='par_1_72' title="bbox 2207 3626 3761 3708">
     <span class='ocr_line' id='line_1_72' title="bbox 2207 3626 3761 3708; baseline -0.002 -26"><span class='ocrx_word' id='word_1_554' title='bbox 2207 3648 2229 3682; x_wconf 81' lang='grc' dir='ltr'><strong>ε</strong></span> <span class='ocrx_word' id='word_1_555' title='bbox 2280 3627 2612 3706; x_wconf 79' lang='grc' dir='ltr'>Ἀποκριθεὶς</span> <span class='ocrx_word' id='word_1_556' title='bbox 2682 3627 2740 3684; x_wconf 80' lang='grc' dir='ltr'>δὲ</span> <span class='ocrx_word' id='word_1_557' title='bbox 2800 3631 2827 3684; x_wconf 89' lang='lat'><strong>6</strong></span> <span class='ocrx_word' id='word_1_558' title='bbox 2860 3629 3054 3708; x_wconf 76' lang='grc' dir='ltr'>Πέτρος</span> <span class='ocrx_word' id='word_1_559' title='bbox 3099 3634 3221 3685; x_wconf 79' lang='grc' dir='ltr'>εἷπε</span> <span class='ocrx_word' id='word_1_560' title='bbox 3243 3635 3318 3703; x_wconf 84' lang='grc' dir='ltr'>τῷ</span> <span class='ocrx_word' id='word_1_561' title='bbox 3345 3628 3548 3693; x_wconf 72' lang='grc' dir='ltr'>Ἰησοῦ*</span> <span class='ocrx_word' id='word_1_562' title='bbox 3585 3626 3761 3703; x_wconf 79' lang='grc' dir='ltr'>Κύριε,</span> 
     </span>
    </p>
   </div>
   <div class='ocr_carea' id='block_1_73' title="bbox 391 3710 2030 3801">
    <p class='ocr_par' dir='ltr' id='par_1_73' title="bbox 391 3710 2030 3801">
     <span class='ocr_line' id='line_1_73' title="bbox 391 3710 2030 3801; baseline 0.006 -27"><span class='ocrx_word' id='word_1_563' title='bbox 391 3710 532 3774; x_wconf 84' lang='lat' dir='ltr'><strong>Jesu</strong></span> <span class='ocrx_word' id='word_1_564' title='bbox 560 3732 572 3775; x_wconf 90' lang='lat'>:</span> <span class='ocrx_word' id='word_1_565' title='bbox 610 3712 881 3786; x_wconf 88' lang='lat' dir='ltr'><strong>Domine,</strong></span> <span class='ocrx_word' id='word_1_566' title='bbox 916 3712 1131 3775; x_wconf 91' lang='lat' dir='ltr'><strong>bonum</strong></span> <span class='ocrx_word' id='word_1_567' title='bbox 1159 3724 1248 3775; x_wconf 90' lang='lat' dir='ltr'><strong>est</strong></span> <span class='ocrx_word' id='word_1_568' title='bbox 1282 3736 1387 3776; x_wconf 91' lang='lat' dir='ltr'><strong>nos</strong></span> <span class='ocrx_word' id='word_1_569' title='bbox 1421 3717 1515 3778; x_wconf 90' lang='lat' dir='ltr'><strong>hic</strong></span> <span class='ocrx_word' id='word_1_570' title='bbox 1546 3736 1701 3791; x_wconf 89' lang='lat' dir='ltr'><strong>esse;</strong></span> <span class='ocrx_word' id='word_1_571' title='bbox 1729 3722 1775 3780; x_wconf 90' lang='lat' dir='ltr'><strong>si</strong></span> <span class='ocrx_word' id='word_1_572' title='bbox 1800 3721 1906 3801; x_wconf 90' lang='lat' dir='ltr'><strong>vis,</strong></span> <span class='ocrx_word' id='word_1_573' title='bbox 1942 3723 2030 3785; x_wconf 89' lang='lat' dir='ltr'><strong>fa-</strong></span> 
     </span>
    </p>
   </div>
   <div class='ocr_carea' id='block_1_74' title="bbox 391 3802 2032 3892">
    <p class='ocr_par' dir='ltr' id='par_1_74' title="bbox 391 3802 2032 3892">
     <span class='ocr_line' id='line_1_74' title="bbox 391 3802 2032 3892; baseline 0.007 -29"><span class='ocrx_word' id='word_1_574' title='bbox 391 3803 614 3864; x_wconf 88' lang='lat' dir='ltr'><strong>ciamus</strong></span> <span class='ocrx_word' id='word_1_575' title='bbox 646 3802 752 3892; x_wconf 79' lang='lat' dir='ltr'><strong>hic_</strong></span> <span class='ocrx_word' id='word_1_576' title='bbox 775 3803 885 3892; x_wconf 91' lang='lat' dir='ltr'><strong>tria</strong></span> <span class='ocrx_word' id='word_1_577' title='bbox 915 3802 1320 3878; x_wconf 84' lang='lat' dir='ltr'><strong>tabernacula,</strong></span> <span class='ocrx_word' id='word_1_578' title='bbox 1359 3806 1465 3867; x_wconf 86' lang='lat' dir='ltr'><strong>tibi</strong></span> <span class='ocrx_word' id='word_1_579' title='bbox 1501 3826 1706 3875; x_wconf 78' lang='lat' dir='ltr'><strong>unum,</strong></span> <span class='ocrx_word' id='word_1_580' title='bbox 1744 3820 1800 3871; x_wconf 88' lang='lat' dir='ltr'><strong>et</strong></span> <span class='ocrx_word' id='word_1_581' title='bbox 1850 3814 2032 3892; x_wconf 81' lang='lat' dir='ltr'><strong>Moysi</strong></span> 
     </span>
    </p>
   </div>
   <div class='ocr_carea' id='block_1_75' title="bbox 390 3890 2031 3964">
    <p class='ocr_par' dir='ltr' id='par_1_75' title="bbox 390 3890 2031 3964">
     <span class='ocr_line' id='line_1_75' title="bbox 390 3890 2031 3964; baseline 0.007 -12"><span class='ocrx_word' id='word_1_582' title='bbox 390 3911 595 3964; x_wconf 88' lang='lat' dir='ltr'><strong>unum,</strong></span> <span class='ocrx_word' id='word_1_583' title='bbox 626 3900 683 3953; x_wconf 91' lang='lat' dir='ltr'><strong>et</strong></span> <span class='ocrx_word' id='word_1_584' title='bbox 714 3890 854 3952; x_wconf 67' lang='lat' dir='ltr'><strong>Elia:</strong></span> <span class='ocrx_word' id='word_1_585' title='bbox 881 3910 1087 3955; x_wconf 90' lang='lat' dir='ltr'><strong>unum.</strong></span> <span class='ocrx_word' id='word_1_586' title='bbox 1128 3918 1151 3952; x_wconf 79' lang='grc' dir='ltr'><strong>υ</strong></span> <span class='ocrx_word' id='word_1_587' title='bbox 1194 3897 1396 3955; x_wconf 88' lang='lat' dir='ltr'><strong>Petrus</strong></span> <span class='ocrx_word' id='word_1_588' title='bbox 1444 3896 1518 3955; x_wconf 84' lang='lat' dir='ltr'><strong>ob</strong></span> <span class='ocrx_word' id='word_1_589' title='bbox 1572 3896 1811 3959; x_wconf 89' lang='lat' dir='ltr'><strong>multam</strong></span> <span class='ocrx_word' id='word_1_590' title='bbox 1845 3890 2031 3963; x_wconf 81' lang='lat' dir='ltr'><strong>dilec-</strong></span> 
     </span>
    </p>
   </div>
   <div class='ocr_carea' id='block_1_76' title="bbox 2117 3715 3762 3791">
    <p class='ocr_par' dir='ltr' id='par_1_76' title="bbox 2117 3715 3762 3791">
     <span class='ocr_line' id='line_1_76' title="bbox 2117 3715 3762 3791; baseline -0.001 -19"><span class='ocrx_word' id='word_1_591' title='bbox 2117 3715 2281 3772; x_wconf 83' lang='grc' dir='ltr'>καλὸν</span> <span class='ocrx_word' id='word_1_592' title='bbox 2339 3717 2478 3772; x_wconf 76' lang='grc' dir='ltr'>ἰστιν</span> <span class='ocrx_word' id='word_1_593' title='bbox 2534 3719 2677 3791; x_wconf 77' lang='grc' dir='ltr'><strong>ἡμᾶς</strong></span> <span class='ocrx_word' id='word_1_594' title='bbox 2731 3715 2831 3773; x_wconf 81' lang='grc' dir='ltr'><strong>ὦδε</strong></span> <span class='ocrx_word' id='word_1_595' title='bbox 2890 3722 3053 3775; x_wconf 82' lang='grc' dir='ltr'>εἶναι’</span> <span class='ocrx_word' id='word_1_596' title='bbox 3111 3720 3155 3774; x_wconf 78' lang='grc' dir='ltr'>εἰ</span> <span class='ocrx_word' id='word_1_597' title='bbox 3208 3717 3397 3789; x_wconf 78' lang='grc' dir='ltr'>θέλεις,</span> <span class='ocrx_word' id='word_1_598' title='bbox 3448 3717 3762 3790; x_wconf 76' lang='grc' dir='ltr'>ποιήσωμεν</span> 
     </span>
    </p>
   </div>
   <div class='ocr_carea' id='block_1_77' title="bbox 2115 3803 3760 3884">
    <p class='ocr_par' dir='ltr' id='par_1_77' title="bbox 2115 3803 3760 3884">
     <span class='ocr_line' id='line_1_77' title="bbox 2115 3803 3760 3884; baseline -0.001 -23"><span class='ocrx_word' id='word_1_599' title='bbox 2115 3803 2218 3861; x_wconf 85' lang='grc' dir='ltr'><strong>ὧδε</strong></span> <span class='ocrx_word' id='word_1_600' title='bbox 2283 3819 2428 3884; x_wconf 80' lang='grc' dir='ltr'>τρεῖς</span> <span class='ocrx_word' id='word_1_601' title='bbox 2484 3808 2705 3881; x_wconf 81' lang='grc' dir='ltr'>σκηνὰς,</span> <span class='ocrx_word' id='word_1_602' title='bbox 2761 3808 2843 3864; x_wconf 81' lang='grc' dir='ltr'><strong>σοὶ</strong></span> <span class='ocrx_word' id='word_1_603' title='bbox 2892 3808 3040 3883; x_wconf 82' lang='grc' dir='ltr'>μίαν,</span> <span class='ocrx_word' id='word_1_604' title='bbox 3099 3809 3188 3865; x_wconf 79' lang='grc' dir='ltr'>καὶ</span> <span class='ocrx_word' id='word_1_605' title='bbox 3246 3813 3415 3884; x_wconf 79' lang='grc' dir='ltr'>Μωσῇ</span> <span class='ocrx_word' id='word_1_606' title='bbox 3474 3808 3618 3883; x_wconf 83' lang='grc' dir='ltr'>μίαν,</span> <span class='ocrx_word' id='word_1_607' title='bbox 3672 3806 3760 3861; x_wconf 82' lang='grc' dir='ltr'><strong>καὶ</strong></span> 
     </span>
    </p>
   </div>
   <div class='ocr_carea' id='block_1_78' title="bbox 2115 3887 3757 3977">
    <p class='ocr_par' dir='ltr' id='par_1_78' title="bbox 2115 3887 3757 3977">
     <span class='ocr_line' id='line_1_78' title="bbox 2115 3887 3757 3977; baseline 0.002 -26"><span class='ocrx_word' id='word_1_608' title='bbox 2115 3897 2239 3971; x_wconf 86' lang='grc' dir='ltr'>μίαν</span> <span class='ocrx_word' id='word_1_609' title='bbox 2294 3894 2471 3969; x_wconf 73' lang='grc' dir='ltr'>Ἠλίᾳ.</span> <span class='ocrx_word' id='word_1_610' title='bbox 2525 3918 2550 3951; x_wconf 77' lang='grc' dir='ltr'><strong><em>ι</em></strong></span> <span class='ocrx_word' id='word_1_611' title='bbox 2617 3887 2672 3954; x_wconf 69' lang='grc' dir='ltr'>Ὀ</span> <span class='ocrx_word' id='word_1_612' title='bbox 2746 3897 2940 3977; x_wconf 80' lang='grc' dir='ltr'>Πέτρος</span> <span class='ocrx_word' id='word_1_613' title='bbox 2983 3896 3301 3974; x_wconf 83' lang='grc' dir='ltr'>βουλόμενος</span> <span class='ocrx_word' id='word_1_614' title='bbox 3343 3898 3421 3973; x_wconf 79' lang='grc' dir='ltr'><strong>μὴ</strong></span> <span class='ocrx_word' id='word_1_615' title='bbox 3451 3899 3641 3953; x_wconf 85' lang='grc' dir='ltr'>παθεῖν</span> <span class='ocrx_word' id='word_1_616' title='bbox 3667 3896 3757 3954; x_wconf 79' lang='grc' dir='ltr'><strong>τὸν</strong></span> 
     </span>
    </p>
   </div>
   <div class='ocr_carea' id='block_1_79' title="bbox 389 3981 2059 4066">
    <p class='ocr_par' dir='ltr' id='par_1_79' title="bbox 389 3981 2033 4062">
     <span class='ocr_line' id='line_1_79' title="bbox 389 3981 2033 4062; baseline 0.005 -19"><span class='ocrx_word' id='word_1_617' title='bbox 389 3982 610 4043; x_wconf 89' lang='lat' dir='ltr'><strong>tionem</strong></span> <span class='ocrx_word' id='word_1_618' title='bbox 642 3981 940 4044; x_wconf 88' lang='lat' dir='ltr'><strong>Christum</strong></span> <span class='ocrx_word' id='word_1_619' title='bbox 997 3981 1113 4062; x_wconf 90' lang='lat' dir='ltr'><strong>pati</strong></span> <span class='ocrx_word' id='word_1_620' title='bbox 1172 3984 1409 4058; x_wconf 89' lang='lat' dir='ltr'><strong>nolens,</strong></span> <span class='ocrx_word' id='word_1_621' title='bbox 1448 3985 1589 4045; x_wconf 91' lang='lat' dir='ltr'><strong>dicit</strong></span> <span class='ocrx_word' id='word_1_622' title='bbox 1622 4006 1636 4046; x_wconf 88' lang='lat'><strong>:</strong></span> <span class='ocrx_word' id='word_1_623' title='bbox 1671 3991 1898 4050; x_wconf 91' lang='lat' dir='ltr'><strong>Bonum</strong></span> <span class='ocrx_word' id='word_1_624' title='bbox 1947 4000 2033 4052; x_wconf 88' lang='lat' dir='ltr'><strong>est</strong></span> 
     </span>
    </p>
   </div>
   <div class='ocr_carea' id='block_1_80' title="bbox 2141 3981 3757 4066">
    <p class='ocr_par' dir='ltr' id='par_1_80' title="bbox 2141 3983 3757 4066">
     <span class='ocr_line' id='line_1_80' title="bbox 2141 3983 3757 4066; baseline 0 -25"><span class='ocrx_word' id='word_1_625' title='bbox 2141 3987 2361 4065; x_wconf 74' lang='grc' dir='ltr'>ἱριστὸν,</span> <span class='ocrx_word' id='word_1_626' title='bbox 2437 3983 2522 4041; x_wconf 79' lang='grc' dir='ltr'><strong>διὰ</strong></span> <span class='ocrx_word' id='word_1_627' title='bbox 2577 3986 2675 4054; x_wconf 79' lang='grc' dir='ltr'>τὴν</span> <span class='ocrx_word' id='word_1_628' title='bbox 2748 3985 2956 4055; x_wconf 79' lang='grc' dir='ltr'>πολλὴν</span> <span class='ocrx_word' id='word_1_629' title='bbox 2999 3987 3235 4065; x_wconf 82' lang='grc' dir='ltr'>ἀγάπην,</span> <span class='ocrx_word' id='word_1_630' title='bbox 3272 3988 3428 4066; x_wconf 82' lang='grc' dir='ltr'>φησὶν</span> <span class='ocrx_word' id='word_1_631' title='bbox 3459 3985 3539 4042; x_wconf 82' lang='grc' dir='ltr'>ὅτι</span> <span class='ocrx_word' id='word_1_632' title='bbox 3583 3984 3757 4044; x_wconf 82' lang='grc' dir='ltr'>Καλόν</span> 
     </span>
    </p>
   </div>
   <div class='ocr_carea' id='block_1_81' title="bbox 386 4070 2059 4153">
    <p class='ocr_par' dir='ltr' id='par_1_81' title="bbox 386 4070 2023 4148">
     <span class='ocr_line' id='line_1_81' title="bbox 386 4070 2023 4148; baseline 0.004 -17"><span class='ocrx_word' id='word_1_633' title='bbox 386 4071 498 4132; x_wconf 88' lang='lat' dir='ltr'><strong>hoc</strong></span> <span class='ocrx_word' id='word_1_634' title='bbox 532 4070 663 4131; x_wconf 92' lang='lat' dir='ltr'><strong>loco</strong></span> <span class='ocrx_word' id='word_1_635' title='bbox 698 4087 967 4148; x_wconf 86' lang='lat' dir='ltr'><strong>manere,</strong></span> <span class='ocrx_word' id='word_1_636' title='bbox 1009 4079 1067 4132; x_wconf 90' lang='lat' dir='ltr'><strong>et</strong></span> <span class='ocrx_word' id='word_1_637' title='bbox 1120 4091 1236 4133; x_wconf 91' lang='lat' dir='ltr'><strong>non</strong></span> <span class='ocrx_word' id='word_1_638' title='bbox 1272 4072 1665 4146; x_wconf 86' lang='lat' dir='ltr'><strong>descendere,</strong></span> <span class='ocrx_word' id='word_1_639' title='bbox 1702 4086 1760 4138; x_wconf 90' lang='lat' dir='ltr'><strong>et</strong></span> <span class='ocrx_word' id='word_1_640' title='bbox 1814 4079 2023 4140; x_wconf 91' lang='lat' dir='ltr'><strong>occidi.</strong></span> 
     </span>
    </p>
   </div>
   <div class='ocr_carea' id='block_1_82' title="bbox 2141 4070 3754 4153">
    <p class='ocr_par' dir='ltr' id='par_1_82' title="bbox 2141 4073 3754 4153">
     <span class='ocr_line' id='line_1_82' title="bbox 2141 4073 3754 4153; baseline -0.001 -23"><span class='ocrx_word' id='word_1_641' title='bbox 2141 4096 2254 4130; x_wconf 82' lang='grc' dir='ltr'>στιν</span> <span class='ocrx_word' id='word_1_642' title='bbox 2310 4073 2529 4131; x_wconf 68' lang='grc' dir='ltr'>ἕνταῦθα</span> <span class='ocrx_word' id='word_1_643' title='bbox 2579 4074 2782 4151; x_wconf 85' lang='grc' dir='ltr'>μένειν,</span> <span class='ocrx_word' id='word_1_644' title='bbox 2843 4078 2931 4133; x_wconf 84' lang='grc' dir='ltr'>καὶ</span> <span class='ocrx_word' id='word_1_645' title='bbox 2978 4077 3058 4151; x_wconf 77' lang='grc' dir='ltr'><strong>μὴ</strong></span> <span class='ocrx_word' id='word_1_646' title='bbox 3115 4075 3395 4133; x_wconf 80' lang='grc' dir='ltr'>κατελθεῖν</span> <span class='ocrx_word' id='word_1_647' title='bbox 3430 4076 3519 4131; x_wconf 84' lang='grc' dir='ltr'><strong>καὶ</strong></span> <span class='ocrx_word' id='word_1_648' title='bbox 3562 4094 3754 4153; x_wconf 64' lang='grc' dir='ltr'>φονευ-</span> 
     </span>
    </p>
   </div>
   <div class='ocr_carea' id='block_1_83' title="bbox 383 4159 2059 4244">
    <p class='ocr_par' dir='ltr' id='par_1_83' title="bbox 383 4159 2031 4240">
     <span class='ocr_line' id='line_1_83' title="bbox 383 4159 2031 4240; baseline 0.005 -18"><span class='ocrx_word' id='word_1_649' title='bbox 383 4161 532 4222; x_wconf 89' lang='lat' dir='ltr'><strong>Nam</strong></span> <span class='ocrx_word' id='word_1_650' title='bbox 566 4159 617 4223; x_wconf 89' lang='lat' dir='ltr'><strong>si</strong></span> <span class='ocrx_word' id='word_1_651' title='bbox 646 4161 780 4240; x_wconf 90' lang='lat' dir='ltr'><strong>quis</strong></span> <span class='ocrx_word' id='word_1_652' title='bbox 811 4159 928 4222; x_wconf 90' lang='lat' dir='ltr'><strong>huc</strong></span> <span class='ocrx_word' id='word_1_653' title='bbox 960 4161 1211 4231; x_wconf 88' lang='lat' dir='ltr'><strong>venerit.</strong></span> <span class='ocrx_word' id='word_1_654' title='bbox 1269 4162 1561 4225; x_wconf 90' lang='lat' dir='ltr'><strong>habemus</strong></span> <span class='ocrx_word' id='word_1_655' title='bbox 1614 4173 1670 4226; x_wconf 85' lang='lat' dir='ltr'><strong>et</strong></span> <span class='ocrx_word' id='word_1_656' title='bbox 1726 4169 1926 4229; x_wconf 86' lang='lat' dir='ltr'><strong>Mosen</strong></span> <span class='ocrx_word' id='word_1_657' title='bbox 1972 4176 2031 4230; x_wconf 90' lang='lat' dir='ltr'><strong>et</strong></span> 
     </span>
    </p>
   </div>
   <div class='ocr_carea' id='block_1_84' title="bbox 2141 4159 3755 4244">
    <p class='ocr_par' dir='ltr' id='par_1_84' title="bbox 2141 4163 3755 4244">
     <span class='ocr_line' id='line_1_84' title="bbox 2141 4163 3755 4244; baseline -0.002 -22"><span class='ocrx_word' id='word_1_658' title='bbox 2141 4166 2289 4230; x_wconf 81' lang='grc' dir='ltr'>ἧναι.</span> <span class='ocrx_word' id='word_1_659' title='bbox 2352 4166 2409 4222; x_wconf 86' lang='grc' dir='ltr'><strong>Εἰ</strong></span> <span class='ocrx_word' id='word_1_660' title='bbox 2478 4166 2577 4244; x_wconf 76' lang='grc' dir='ltr'>γὰρ</span> <span class='ocrx_word' id='word_1_661' title='bbox 2633 4167 2723 4222; x_wconf 84' lang='grc' dir='ltr'><strong>καὶ</strong></span> <span class='ocrx_word' id='word_1_662' title='bbox 2778 4164 2916 4222; x_wconf 81' lang='grc' dir='ltr'>ἔλθοι</span> <span class='ocrx_word' id='word_1_663' title='bbox 2972 4187 3054 4229; x_wconf 88' lang='grc' dir='ltr'><strong>τις</strong></span> <span class='ocrx_word' id='word_1_664' title='bbox 3114 4165 3359 4240; x_wconf 67' lang='grc' dir='ltr'>ἐνταῦθα,</span> <span class='ocrx_word' id='word_1_665' title='bbox 3416 4163 3618 4243; x_wconf 67' lang='grc' dir='ltr'>ἔχομεν</span> <span class='ocrx_word' id='word_1_666' title='bbox 3667 4164 3755 4221; x_wconf 83' lang='grc' dir='ltr'><strong>καὶ</strong></span> 
     </span>
    </p>
   </div>
   <div class='ocr_carea' id='block_1_85' title="bbox 386 4249 2059 4337">
    <p class='ocr_par' dir='ltr' id='par_1_85' title="bbox 386 4249 2029 4337">
     <span class='ocr_line' id='line_1_85' title="bbox 386 4249 2029 4337; baseline 0.005 -26"><span class='ocrx_word' id='word_1_667' title='bbox 386 4250 575 4312; x_wconf 89' lang='lat' dir='ltr'><strong>Eliam</strong></span> <span class='ocrx_word' id='word_1_668' title='bbox 627 4267 736 4310; x_wconf 88' lang='lat' dir='ltr'><strong>nos</strong></span> <span class='ocrx_word' id='word_1_669' title='bbox 792 4249 1159 4329; x_wconf 89' lang='lat' dir='ltr'><strong>adjuvantes.</strong></span> <span class='ocrx_word' id='word_1_670' title='bbox 1222 4253 1415 4313; x_wconf 84' lang='lat' dir='ltr'><strong>Moses</strong></span> <span class='ocrx_word' id='word_1_671' title='bbox 1450 4252 1689 4333; x_wconf 88' lang='lat' dir='ltr'><strong>quidem</strong></span> <span class='ocrx_word' id='word_1_672' title='bbox 1724 4253 2029 4337; x_wconf 68' lang='lat' dir='ltr'><strong>Egyptios</strong></span> 
     </span>
    </p>
   </div>
   <div class='ocr_carea' id='block_1_86' title="bbox 2141 4249 3752 4337">
    <p class='ocr_par' dir='ltr' id='par_1_86' title="bbox 2141 4252 3752 4334">
     <span class='ocr_line' id='line_1_86' title="bbox 2141 4252 3752 4334; baseline -0.001 -25"><span class='ocrx_word' id='word_1_673' title='bbox 2141 4259 2309 4321; x_wconf 78' lang='grc' dir='ltr'><strong>ἰωσῆν</strong></span> <span class='ocrx_word' id='word_1_674' title='bbox 2334 4256 2422 4311; x_wconf 81' lang='grc' dir='ltr'><strong>καὶ</strong></span> <span class='ocrx_word' id='word_1_675' title='bbox 2444 4252 2631 4311; x_wconf 84' lang='grc' dir='ltr'>Ἠλίαν</span> <span class='ocrx_word' id='word_1_676' title='bbox 2687 4257 3107 4334; x_wconf 80' lang='grc' dir='ltr'>συνεργήσοντας</span> <span class='ocrx_word' id='word_1_677' title='bbox 3148 4256 3310 4331; x_wconf 76' lang='grc' dir='ltr'>ἡμῖν.</span> <span class='ocrx_word' id='word_1_678' title='bbox 3383 4252 3585 4321; x_wconf 76' lang='grc' dir='ltr'>Μωσῆς</span> <span class='ocrx_word' id='word_1_679' title='bbox 3655 4256 3752 4328; x_wconf 80' lang='grc' dir='ltr'><strong>μὲν</strong></span> 
     </span>
    </p>
   </div>
   <div class='ocr_carea' id='block_1_87' title="bbox 380 4338 2059 4426">
    <p class='ocr_par' dir='ltr' id='par_1_87' title="bbox 380 4338 2059 4426">
     <span class='ocr_line' id='line_1_87' title="bbox 380 4338 2059 4426; baseline 0.006 -27"><span class='ocrx_word' id='word_1_680' title='bbox 380 4338 621 4413; x_wconf 84' lang='lat' dir='ltr'><strong>devicit,</strong></span> <span class='ocrx_word' id='word_1_681' title='bbox 656 4338 813 4400; x_wconf 87' lang='lat' dir='ltr'><strong>Elias</strong></span> <span class='ocrx_word' id='word_1_682' title='bbox 838 4347 1036 4401; x_wconf 88' lang='lat' dir='ltr'><strong>autem</strong></span> <span class='ocrx_word' id='word_1_683' title='bbox 1070 4340 1265 4419; x_wconf 83' lang='lat' dir='ltr'><strong>ignem</strong></span> <span class='ocrx_word' id='word_1_684' title='bbox 1301 4360 1333 4403; x_wconf 92' lang='lat' dir='ltr'><strong>e</strong></span> <span class='ocrx_word' id='word_1_685' title='bbox 1368 4342 1517 4403; x_wconf 70' lang='lat' dir='ltr'><strong>caelo</strong></span> <span class='ocrx_word' id='word_1_686' title='bbox 1551 4342 1816 4426; x_wconf 84' lang='lat' dir='ltr'><strong>deduxit,</strong></span> <span class='ocrx_word' id='word_1_687' title='bbox 1848 4354 1905 4407; x_wconf 91' lang='lat' dir='ltr'><strong>et</strong></span> <span class='ocrx_word' id='word_1_688' title='bbox 1935 4354 2059 4426; x_wconf 74' lang='grc' dir='ltr'><strong>ἱει-¹</strong></span> 
     </span>
    </p>
   </div>
   <div class='ocr_carea' id='block_1_88' title="bbox 2141 4338 3752 4426">
    <p class='ocr_par' dir='ltr' id='par_1_88' title="bbox 2141 4342 3752 4423">
     <span class='ocr_line' id='line_1_88' title="bbox 2141 4342 3752 4423; baseline -0.001 -22"><span class='ocrx_word' id='word_1_689' title='bbox 2141 4343 2208 4420; x_wconf 74' lang='grc' dir='ltr'><strong>’ὰρ</strong></span> <span class='ocrx_word' id='word_1_690' title='bbox 2264 4345 2383 4407; x_wconf 81' lang='grc' dir='ltr'>τοῦς</span> <span class='ocrx_word' id='word_1_691' title='bbox 2456 4345 2761 4422; x_wconf 76' lang='grc' dir='ltr'>Αἰγυπτίους</span> <span class='ocrx_word' id='word_1_692' title='bbox 2830 4346 3257 4423; x_wconf 77' lang='grc' dir='ltr'>κατηγωνίσατο,</span> <span class='ocrx_word' id='word_1_693' title='bbox 3315 4343 3500 4409; x_wconf 85' lang='grc' dir='ltr'>Ἠλίας</span> <span class='ocrx_word' id='word_1_694' title='bbox 3542 4342 3597 4399; x_wconf 68' lang='lat' dir='ltr'><strong>Si</strong></span> <span class='ocrx_word' id='word_1_695' title='bbox 3653 4349 3752 4422; x_wconf 88' lang='grc' dir='ltr'><strong>πῦρ</strong></span> 
     </span>
    </p>
   </div>
   <div class='ocr_carea' id='block_1_89' title="bbox 382 4421 2059 4512">
    <p class='ocr_par' dir='ltr' id='par_1_89' title="bbox 382 4421 2059 4510">
     <span class='ocr_line' id='line_1_89' title="bbox 382 4421 2059 4510; baseline 0.005 -21"><span class='ocrx_word' id='word_1_696' title='bbox 382 4428 471 4491; x_wconf 88' lang='lat' dir='ltr'><strong>les</strong></span> <span class='ocrx_word' id='word_1_697' title='bbox 498 4437 673 4491; x_wconf 91' lang='lat' dir='ltr'><strong>erunt</strong></span> <span class='ocrx_word' id='word_1_698' title='bbox 707 4428 769 4489; x_wconf 90' lang='lat' dir='ltr'><strong>in</strong></span> <span class='ocrx_word' id='word_1_699' title='bbox 800 4427 1072 4491; x_wconf 89' lang='lat' dir='ltr'><strong>inimicos</strong></span> <span class='ocrx_word' id='word_1_700' title='bbox 1103 4429 1152 4488; x_wconf 89' lang='lat' dir='ltr'><strong>si</strong></span> <span class='ocrx_word' id='word_1_701' title='bbox 1176 4432 1275 4510; x_wconf 90' lang='lat' dir='ltr'><strong>qui</strong></span> <span class='ocrx_word' id='word_1_702' title='bbox 1308 4430 1423 4492; x_wconf 86' lang='lat' dir='ltr'><strong>huc</strong></span> <span class='ocrx_word' id='word_1_703' title='bbox 1456 4439 1663 4494; x_wconf 89' lang='lat' dir='ltr'><strong>contra</strong></span> <span class='ocrx_word' id='word_1_704' title='bbox 1687 4421 2059 4497; x_wconf 30' lang='lat' dir='ltr'><strong>nos’ventu-l</strong></span> 
     </span>
    </p>
   </div>
   <div class='ocr_carea' id='block_1_90' title="bbox 2141 4421 3753 4512">
    <p class='ocr_par' dir='ltr' id='par_1_90' title="bbox 2144 4421 3753 4512">
     <span class='ocr_line' id='line_1_90' title="bbox 2144 4421 3753 4512; baseline 0 -25"><span class='ocrx_word' id='word_1_705' title='bbox 2144 4433 2410 4511; x_wconf 76' lang='grc' dir='ltr'>ατήγαγεν</span> <span class='ocrx_word' id='word_1_706' title='bbox 2496 4421 2558 4489; x_wconf 67' lang='grc' dir='ltr'>ἔκ</span> <span class='ocrx_word' id='word_1_707' title='bbox 2610 4442 2703 4491; x_wconf 90' lang='grc' dir='ltr'><strong>τοῦ</strong></span> <span class='ocrx_word' id='word_1_708' title='bbox 2760 4433 3002 4512; x_wconf 75' lang='grc' dir='ltr'>οὐρανοῦο</span> <span class='ocrx_word' id='word_1_709' title='bbox 3056 4433 3192 4490; x_wconf 81' lang='grc' dir='ltr'>ὥστε</span> <span class='ocrx_word' id='word_1_710' title='bbox 3268 4435 3359 4490; x_wconf 85' lang='grc' dir='ltr'><strong>καὶ</strong></span> <span class='ocrx_word' id='word_1_711' title='bbox 3441 4434 3579 4492; x_wconf 77' lang='grc' dir='ltr'>κατὰ</span> <span class='ocrx_word' id='word_1_712' title='bbox 3647 4432 3753 4489; x_wconf 77' lang='grc' dir='ltr'>τῶν</span> 
     </span>
    </p>
   </div>
   <div class='ocr_carea' id='block_1_91' title="bbox 378 4518 2059 4603">
    <p class='ocr_par' dir='ltr' id='par_1_91' title="bbox 378 4518 2018 4603">
     <span class='ocr_line' id='line_1_91' title="bbox 378 4518 2018 4603; baseline 0.004 -23"><span class='ocrx_word' id='word_1_713' title='bbox 378 4520 429 4580; x_wconf 92' lang='lat' dir='ltr'><strong>ri</strong></span> <span class='ocrx_word' id='word_1_714' title='bbox 460 4527 617 4581; x_wconf 85' lang='lat' dir='ltr'><strong>sunt.</strong></span> <span class='ocrx_word' id='word_1_715' title='bbox 652 4518 787 4582; x_wconf 66' lang='lat' dir='ltr'><strong>Haec</strong></span> <span class='ocrx_word' id='word_1_716' title='bbox 816 4525 1013 4580; x_wconf 90' lang='lat' dir='ltr'><strong>autem</strong></span> <span class='ocrx_word' id='word_1_717' title='bbox 1048 4537 1168 4599; x_wconf 55' lang='lat' dir='ltr'><strong>prae</strong></span> <span class='ocrx_word' id='word_1_718' title='bbox 1200 4519 1381 4580; x_wconf 91' lang='lat' dir='ltr'><strong>nimio</strong></span> <span class='ocrx_word' id='word_1_719' title='bbox 1412 4520 1625 4583; x_wconf 88' lang='lat' dir='ltr'><strong>timore</strong></span> <span class='ocrx_word' id='word_1_720' title='bbox 1650 4522 2018 4603; x_wconf 87' lang='lat' dir='ltr'><strong>loquebatur,</strong></span> 
     </span>
    </p>
   </div>
   <div class='ocr_carea' id='block_1_92' title="bbox 2141 4518 3746 4603">
    <p class='ocr_par' dir='ltr' id='par_1_92' title="bbox 2141 4519 3746 4603">
     <span class='ocr_line' id='line_1_92' title="bbox 2141 4519 3746 4603; baseline 0.001 -27"><span class='ocrx_word' id='word_1_721' title='bbox 2141 4519 2467 4597; x_wconf 77' lang='grc' dir='ltr'>λευσομένων</span> <span class='ocrx_word' id='word_1_722' title='bbox 2564 4520 2780 4579; x_wconf 68' lang='grc' dir='ltr'>ὶνταῦθα</span> <span class='ocrx_word' id='word_1_723' title='bbox 2879 4522 3112 4603; x_wconf 71' lang='grc' dir='ltr'>ἐχθρῶν,</span> <span class='ocrx_word' id='word_1_724' title='bbox 3202 4530 3434 4580; x_wconf 79' lang='grc' dir='ltr'>τοιοῦτοι</span> <span class='ocrx_word' id='word_1_725' title='bbox 3515 4522 3746 4584; x_wconf 73' lang='grc' dir='ltr'>ἔσονται,</span> 
     </span>
    </p>
   </div>
   <div class='ocr_carea' id='block_1_93' title="bbox 379 4607 2059 4696">
    <p class='ocr_par' dir='ltr' id='par_1_93' title="bbox 379 4607 2020 4689">
     <span class='ocr_line' id='line_1_93' title="bbox 379 4607 2020 4689; baseline 0.004 -20"><span class='ocrx_word' id='word_1_726' title='bbox 379 4608 534 4670; x_wconf 88' lang='lat' dir='ltr'><strong>sicut</strong></span> <span class='ocrx_word' id='word_1_727' title='bbox 575 4608 760 4670; x_wconf 85' lang='lat' dir='ltr'><strong>Lucas</strong></span> <span class='ocrx_word' id='word_1_728' title='bbox 786 4607 1001 4689; x_wconf 89' lang='lat' dir='ltr'><strong>inquit,</strong></span> <span class='ocrx_word' id='word_1_729' title='bbox 1038 4608 1316 4672; x_wconf 89' lang='lat' dir='ltr'><strong>nesciens</strong></span> <span class='ocrx_word' id='word_1_730' title='bbox 1339 4609 1479 4689; x_wconf 90' lang='lat' dir='ltr'><strong>quid</strong></span> <span class='ocrx_word' id='word_1_731' title='bbox 1523 4609 1778 4673; x_wconf 89' lang='lat' dir='ltr'><strong>diceret.</strong></span> <span class='ocrx_word' id='word_1_732' title='bbox 1806 4612 2020 4675; x_wconf 87' lang='lat' dir='ltr'><strong>Insoli-</strong></span> 
     </span>
    </p>
   </div>
   <div class='ocr_carea' id='block_1_94' title="bbox 2141 4607 3750 4696">
    <p class='ocr_par' dir='ltr' id='par_1_94' title="bbox 2141 4610 3750 4696">
     <span class='ocr_line' id='line_1_94' title="bbox 2141 4610 3750 4696; baseline 0.002 -28"><span class='ocrx_word' id='word_1_733' title='bbox 2141 4618 2282 4669; x_wconf 83' lang='grc' dir='ltr'>ἀῦτα</span> <span class='ocrx_word' id='word_1_734' title='bbox 2307 4610 2361 4668; x_wconf 78' lang='grc' dir='ltr'><strong>δὲ</strong></span> <span class='ocrx_word' id='word_1_735' title='bbox 2392 4614 2453 4670; x_wconf 81' lang='grc' dir='ltr'>ὲκ</span> <span class='ocrx_word' id='word_1_736' title='bbox 2481 4610 2689 4681; x_wconf 79' lang='grc' dir='ltr'>πολλῆς</span> <span class='ocrx_word' id='word_1_737' title='bbox 2734 4611 2929 4677; x_wconf 78' lang='grc' dir='ltr'>δειλίας</span> <span class='ocrx_word' id='word_1_738' title='bbox 2960 4612 3161 4695; x_wconf 70' lang='grc' dir='ltr'>ἆλάλει,</span> <span class='ocrx_word' id='word_1_739' title='bbox 3193 4616 3266 4679; x_wconf 79' lang='grc' dir='ltr'>ὡς</span> <span class='ocrx_word' id='word_1_740' title='bbox 3298 4618 3327 4672; x_wconf 79' lang='lat'><strong>6</strong></span> <span class='ocrx_word' id='word_1_741' title='bbox 3357 4621 3564 4681; x_wconf 83' lang='grc' dir='ltr'>Λουκᾶς</span> <span class='ocrx_word' id='word_1_742' title='bbox 3595 4637 3750 4696; x_wconf 80' lang='grc' dir='ltr'>φησι,</span> 
     </span>
    </p>
   </div>
   <div class='ocr_carea' id='block_1_95' title="bbox 376 4697 2059 4782">
    <p class='ocr_par' dir='ltr' id='par_1_95' title="bbox 376 4697 2020 4779">
     <span class='ocr_line' id='line_1_95' title="bbox 376 4697 2020 4779; baseline 0.004 -20"><span class='ocrx_word' id='word_1_743' title='bbox 376 4708 432 4761; x_wconf 90' lang='lat' dir='ltr'><strong>ta</strong></span> <span class='ocrx_word' id='word_1_744' title='bbox 464 4698 623 4761; x_wconf 89' lang='lat' dir='ltr'><strong>enim</strong></span> <span class='ocrx_word' id='word_1_745' title='bbox 672 4697 817 4759; x_wconf 91' lang='lat' dir='ltr'><strong>visio</strong></span> <span class='ocrx_word' id='word_1_746' title='bbox 855 4697 1282 4779; x_wconf 87' lang='lat' dir='ltr'><strong>obstupescere</strong></span> <span class='ocrx_word' id='word_1_747' title='bbox 1313 4717 1448 4760; x_wconf 90' lang='lat' dir='ltr'><strong>eum</strong></span> <span class='ocrx_word' id='word_1_748' title='bbox 1480 4699 1721 4776; x_wconf 86' lang='lat' dir='ltr'><strong>fecerat,</strong></span> <span class='ocrx_word' id='word_1_749' title='bbox 1754 4714 1848 4763; x_wconf 84' lang='lat' dir='ltr'><strong>aut</strong></span> <span class='ocrx_word' id='word_1_750' title='bbox 1882 4723 2020 4766; x_wconf 84' lang='lat' dir='ltr'><strong>nes-</strong></span> 
     </span>
    </p>
   </div>
   <div class='ocr_carea' id='block_1_96' title="bbox 2141 4697 3750 4782">
    <p class='ocr_par' dir='ltr' id='par_1_96' title="bbox 2141 4700 3750 4782">
     <span class='ocr_line' id='line_1_96' title="bbox 2141 4700 3750 4782; baseline 0.004 -25"><span class='ocrx_word' id='word_1_751' title='bbox 2141 4702 2186 4769; x_wconf 80' lang='grc' dir='ltr'><strong>.ὴ</strong></span> <span class='ocrx_word' id='word_1_752' title='bbox 2242 4700 2390 4766; x_wconf 74' lang='grc' dir='ltr'>εἰδὼς</span> <span class='ocrx_word' id='word_1_753' title='bbox 2447 4702 2475 4759; x_wconf 80' lang='grc' dir='ltr'>ὅ</span> <span class='ocrx_word' id='word_1_754' title='bbox 2534 4702 2702 4782; x_wconf 82' lang='grc' dir='ltr'>λέγει.</span> <span class='ocrx_word' id='word_1_755' title='bbox 2749 4705 2821 4763; x_wconf 83' lang='grc' dir='ltr'><strong>Τὸ</strong></span> <span class='ocrx_word' id='word_1_756' title='bbox 2866 4705 2969 4782; x_wconf 80' lang='grc' dir='ltr'>γὰρ</span> <span class='ocrx_word' id='word_1_757' title='bbox 2998 4702 3159 4771; x_wconf 69' lang='grc' dir='ltr'>ἄηθες</span> <span class='ocrx_word' id='word_1_758' title='bbox 3192 4702 3472 4773; x_wconf 66' lang='grc' dir='ltr'>ἐξέπληξεν</span> <span class='ocrx_word' id='word_1_759' title='bbox 3502 4707 3683 4782; x_wconf 73' lang='grc' dir='ltr'>αὐτὸν,</span> <span class='ocrx_word' id='word_1_760' title='bbox 3715 4703 3750 4771; x_wconf 77' lang='grc' dir='ltr'><strong>ἤ</strong></span> 
     </span>
    </p>
   </div>
   <div class='ocr_carea' id='block_1_97' title="bbox 375 4787 2059 4871">
    <p class='ocr_par' dir='ltr' id='par_1_97' title="bbox 375 4787 2017 4870">
     <span class='ocr_line' id='line_1_97' title="bbox 375 4787 2017 4870; baseline 0.003 -19"><span class='ocrx_word' id='word_1_761' title='bbox 375 4790 569 4852; x_wconf 89' lang='lat' dir='ltr'><strong>ciebat</strong></span> <span class='ocrx_word' id='word_1_762' title='bbox 593 4806 801 4850; x_wconf 90' lang='lat' dir='ltr'><strong>revera</strong></span> <span class='ocrx_word' id='word_1_763' title='bbox 825 4787 965 4869; x_wconf 91' lang='lat' dir='ltr'><strong>quid</strong></span> <span class='ocrx_word' id='word_1_764' title='bbox 996 4788 1360 4870; x_wconf 84' lang='lat' dir='ltr'><strong>loqueretur.</strong></span> <span class='ocrx_word' id='word_1_765' title='bbox 1393 4789 1596 4852; x_wconf 90' lang='lat' dir='ltr'><strong>volens</strong></span> <span class='ocrx_word' id='word_1_766' title='bbox 1636 4788 1840 4853; x_wconf 83' lang='lat' dir='ltr'><strong>Jesum</strong></span> <span class='ocrx_word' id='word_1_767' title='bbox 1887 4814 2017 4856; x_wconf 89' lang='lat' dir='ltr'><strong>ma-</strong></span> 
     </span>
    </p>
   </div>
   <div class='ocr_carea' id='block_1_98' title="bbox 2141 4787 3749 4871">
    <p class='ocr_par' dir='ltr' id='par_1_98' title="bbox 2141 4789 3749 4871">
     <span class='ocr_line' id='line_1_98' title="bbox 2141 4789 3749 4871; baseline 0.002 -25"><span class='ocrx_word' id='word_1_768' title='bbox 2141 4791 2196 4847; x_wconf 68' lang='grc' dir='ltr'>ὅκ</span> <span class='ocrx_word' id='word_1_769' title='bbox 2216 4790 2333 4869; x_wconf 62' lang='grc' dir='ltr'>ᾔδει</span> <span class='ocrx_word' id='word_1_770' title='bbox 2403 4798 2481 4868; x_wconf 81' lang='grc' dir='ltr'>τῷ</span> <span class='ocrx_word' id='word_1_771' title='bbox 2534 4790 2645 4849; x_wconf 74' lang='grc' dir='ltr'>ὄντι</span> <span class='ocrx_word' id='word_1_772' title='bbox 2700 4793 2750 4851; x_wconf 88' lang='grc' dir='ltr'><strong>τί</strong></span> <span class='ocrx_word' id='word_1_773' title='bbox 2805 4792 3006 4870; x_wconf 69' lang='grc' dir='ltr'>ἇλάλει,</span> <span class='ocrx_word' id='word_1_774' title='bbox 3040 4789 3208 4852; x_wconf 71' lang='grc' dir='ltr'>θέλων</span> <span class='ocrx_word' id='word_1_775' title='bbox 3264 4798 3355 4853; x_wconf 83' lang='grc' dir='ltr'><strong>τὸν</strong></span> <span class='ocrx_word' id='word_1_776' title='bbox 3401 4795 3608 4864; x_wconf 83' lang='grc' dir='ltr'>Ἰησοῦν</span> <span class='ocrx_word' id='word_1_777' title='bbox 3655 4795 3749 4871; x_wconf 84' lang='grc' dir='ltr'><strong>μὲ-</strong></span> 
     </span>
    </p>
   </div>
   <div class='ocr_carea' id='block_1_99' title="bbox 376 4878 2059 4963">
    <p class='ocr_par' dir='ltr' id='par_1_99' title="bbox 376 4878 2014 4962">
     <span class='ocr_line' id='line_1_99' title="bbox 376 4878 2014 4962; baseline 0.003 -22"><span class='ocrx_word' id='word_1_778' title='bbox 376 4898 520 4941; x_wconf 91' lang='lat' dir='ltr'><strong>nere</strong></span> <span class='ocrx_word' id='word_1_779' title='bbox 550 4879 609 4939; x_wconf 91' lang='lat' dir='ltr'><strong>in</strong></span> <span class='ocrx_word' id='word_1_780' title='bbox 641 4885 931 4958; x_wconf 86' lang='lat' dir='ltr'><strong>monte,et</strong></span> <span class='ocrx_word' id='word_1_781' title='bbox 954 4897 1072 4939; x_wconf 90' lang='lat' dir='ltr'><strong>non</strong></span> <span class='ocrx_word' id='word_1_782' title='bbox 1103 4878 1495 4954; x_wconf 88' lang='lat' dir='ltr'><strong>descendere,</strong></span> <span class='ocrx_word' id='word_1_783' title='bbox 1526 4888 1585 4941; x_wconf 90' lang='lat' dir='ltr'><strong>et</strong></span> <span class='ocrx_word' id='word_1_784' title='bbox 1619 4880 1734 4960; x_wconf 90' lang='lat' dir='ltr'><strong>pati</strong></span> <span class='ocrx_word' id='word_1_785' title='bbox 1768 4900 1871 4962; x_wconf 91' lang='lat' dir='ltr'><strong>pro</strong></span> <span class='ocrx_word' id='word_1_786' title='bbox 1904 4902 2014 4945; x_wconf 90' lang='lat' dir='ltr'><strong>no-</strong></span> 
     </span>
    </p>
   </div>
   <div class='ocr_carea' id='block_1_100' title="bbox 2141 4878 3744 4963">
    <p class='ocr_par' dir='ltr' id='par_1_100' title="bbox 2141 4881 3744 4963">
     <span class='ocr_line' id='line_1_100' title="bbox 2141 4881 3744 4963; baseline 0.002 -26"><span class='ocrx_word' id='word_1_787' title='bbox 2141 4901 2207 4937; x_wconf 60' lang='grc' dir='ltr'><strong>μιν</strong></span> <span class='ocrx_word' id='word_1_788' title='bbox 2262 4881 2316 4938; x_wconf 68' lang='grc' dir='ltr'>ἂν</span> <span class='ocrx_word' id='word_1_789' title='bbox 2342 4890 2420 4957; x_wconf 85' lang='grc' dir='ltr'>τῷ</span> <span class='ocrx_word' id='word_1_790' title='bbox 2473 4881 2603 4963; x_wconf 76' lang='grc' dir='ltr'>ὄρει,</span> <span class='ocrx_word' id='word_1_791' title='bbox 2677 4885 2765 4940; x_wconf 87' lang='grc' dir='ltr'><strong>καὶ</strong></span> <span class='ocrx_word' id='word_1_792' title='bbox 2823 4884 2900 4959; x_wconf 80' lang='grc' dir='ltr'><strong>μὴ</strong></span> <span class='ocrx_word' id='word_1_793' title='bbox 2943 4883 3223 4941; x_wconf 76' lang='grc' dir='ltr'>κατελθεῖν</span> <span class='ocrx_word' id='word_1_794' title='bbox 3265 4886 3353 4941; x_wconf 87' lang='grc' dir='ltr'><strong>καὶ</strong></span> <span class='ocrx_word' id='word_1_795' title='bbox 3398 4888 3588 4943; x_wconf 89' lang='grc' dir='ltr'>παθεῖν</span> <span class='ocrx_word' id='word_1_796' title='bbox 3616 4885 3744 4963; x_wconf 85' lang='grc' dir='ltr'>ὑπὲρ</span> 
     </span>
    </p>
   </div>
   <div class='ocr_carea' id='block_1_101' title="bbox 374 4966 2059 5055">
    <p class='ocr_par' dir='ltr' id='par_1_101' title="bbox 374 4966 2015 5052">
     <span class='ocr_line' id='line_1_101' title="bbox 374 4966 2015 5052; baseline 0.004 -23"><span class='ocrx_word' id='word_1_797' title='bbox 374 4966 492 5029; x_wconf 88' lang='lat' dir='ltr'><strong>bis.</strong></span> <span class='ocrx_word' id='word_1_798' title='bbox 526 4966 760 5030; x_wconf 90' lang='lat' dir='ltr'><strong>Veritus</strong></span> <span class='ocrx_word' id='word_1_799' title='bbox 808 4974 1007 5028; x_wconf 89' lang='lat' dir='ltr'><strong>tamen</strong></span> <span class='ocrx_word' id='word_1_800' title='bbox 1040 4984 1117 5028; x_wconf 90' lang='lat' dir='ltr'><strong>ne</strong></span> <span class='ocrx_word' id='word_1_801' title='bbox 1156 4966 1425 5048; x_wconf 86' lang='lat' dir='ltr'><strong>pertinax</strong></span> <span class='ocrx_word' id='word_1_802' title='bbox 1460 4968 1782 5052; x_wconf 90' lang='lat' dir='ltr'><strong>videretur,</strong></span> <span class='ocrx_word' id='word_1_803' title='bbox 1819 4971 1967 5034; x_wconf 82' lang='lat' dir='ltr'><strong>dixit</strong></span> <span class='ocrx_word' id='word_1_804' title='bbox 2001 4996 2015 5037; x_wconf 87' lang='lat'><strong>:</strong></span> 
     </span>
    </p>
   </div>
   <div class='ocr_carea' id='block_1_102' title="bbox 2141 4966 3744 5055">
    <p class='ocr_par' dir='ltr' id='par_1_102' title="bbox 2141 4968 3744 5055">
     <span class='ocr_line' id='line_1_102' title="bbox 2141 4968 3744 5055; baseline 0.002 -28"><span class='ocrx_word' id='word_1_805' title='bbox 2141 4976 2277 5046; x_wconf 84' lang='grc' dir='ltr'><strong>μῶν.</strong></span> <span class='ocrx_word' id='word_1_806' title='bbox 2341 4968 2679 5048; x_wconf 80' lang='grc' dir='ltr'>Φοϐούμενος</span> <span class='ocrx_word' id='word_1_807' title='bbox 2736 4970 2789 5029; x_wconf 81' lang='grc' dir='ltr'><strong>δὲ</strong></span> <span class='ocrx_word' id='word_1_808' title='bbox 2851 4973 2931 5049; x_wconf 75' lang='grc' dir='ltr'><strong>μὴ</strong></span> <span class='ocrx_word' id='word_1_809' title='bbox 2975 4972 3202 5043; x_wconf 76' lang='grc' dir='ltr'>αὐθάδης</span> <span class='ocrx_word' id='word_1_810' title='bbox 3231 4972 3379 5053; x_wconf 77' lang='grc' dir='ltr'>δόξῃ,</span> <span class='ocrx_word' id='word_1_811' title='bbox 3412 4975 3540 5055; x_wconf 76' lang='grc' dir='ltr'><strong>φησί</strong></span> <span class='ocrx_word' id='word_1_812' title='bbox 3571 4974 3650 5031; x_wconf 80' lang='grc' dir='ltr'><strong>τό⁶</strong></span> <span class='ocrx_word' id='word_1_813' title='bbox 3684 4975 3744 5030; x_wconf 75' lang='lat' dir='ltr'><strong>Et</strong></span> 
     </span>
    </p>
   </div>
   <div class='ocr_carea' id='block_1_103' title="bbox 373 5057 2059 5133">
    <p class='ocr_par' dir='ltr' id='par_1_103' title="bbox 373 5057 571 5120">
     <span class='ocr_line' id='line_1_103' title="bbox 373 5057 571 5120; baseline -0.02 0"><span class='ocrx_word' id='word_1_814' title='bbox 373 5057 434 5120; x_wconf 88' lang='lat' dir='ltr'><strong>Si</strong></span> <span class='ocrx_word' id='word_1_815' title='bbox 466 5057 571 5117; x_wconf 93' lang='lat' dir='ltr'><strong>vis.</strong></span> 
     </span>
    </p>
   </div>
   <div class='ocr_carea' id='block_1_104' title="bbox 2141 5057 2293 5133">
    <p class='ocr_par' dir='ltr' id='par_1_104' title="bbox 2141 5064 2293 5133">
     <span class='ocr_line' id='line_1_104' title="bbox 2141 5064 2293 5133; baseline 0.013 -13"><span class='ocrx_word' id='word_1_816' title='bbox 2141 5064 2293 5133; x_wconf 76' lang='grc' dir='ltr'>ἑλεις,</span> 
     </span>
    </p>
   </div>
   <div class='ocr_carea' id='block_1_105' title="bbox 451 5145 2059 5239">
    <p class='ocr_par' dir='ltr' id='par_1_105' title="bbox 451 5145 2019 5239">
     <span class='ocr_line' id='line_1_105' title="bbox 451 5145 2019 5239; baseline 0.006 -32"><span class='ocrx_word' id='word_1_817' title='bbox 451 5145 739 5239; x_wconf 6' lang='lat' dir='ltr'><strong>Vsns.5.gc</strong></span> <span class='ocrx_word' id='word_1_818' title='bbox 751 5146 966 5208; x_wconf 88' lang='lat' dir='ltr'><strong>Adhuc</strong></span> <span class='ocrx_word' id='word_1_819' title='bbox 992 5145 1093 5208; x_wconf 91' lang='lat' dir='ltr'><strong>illo</strong></span> <span class='ocrx_word' id='word_1_820' title='bbox 1126 5146 1430 5228; x_wconf 88' lang='lat' dir='ltr'><strong>loquente,</strong></span> <span class='ocrx_word' id='word_1_821' title='bbox 1453 5165 1593 5239; x_wconf 72' lang='lat' dir='ltr'><strong>ecce</strong></span> <span class='ocrx_word' id='word_1_822' title='bbox 1616 5147 1803 5239; x_wconf 81' lang='lat' dir='ltr'><strong>nubes</strong></span> <span class='ocrx_word' id='word_1_823' title='bbox 1824 5150 2019 5216; x_wconf 87' lang='lat' dir='ltr'><strong>lucida</strong></span> 
     </span>
    </p>
   </div>
   <div class='ocr_carea' id='block_1_106' title="bbox 2141 5145 3742 5239">
    <p class='ocr_par' dir='ltr' id='par_1_106' title="bbox 2187 5149 3742 5239">
     <span class='ocr_line' id='line_1_106' title="bbox 2187 5149 3742 5239; baseline -0.002 -23"><span class='ocrx_word' id='word_1_824' title='bbox 2187 5177 2216 5216; x_wconf 75' lang='grc' dir='ltr'><strong>ε</strong></span> <span class='ocrx_word' id='word_1_825' title='bbox 2274 5149 2413 5215; x_wconf 69' lang='grc' dir='ltr'>’Ἔτι</span> <span class='ocrx_word' id='word_1_826' title='bbox 2472 5157 2627 5215; x_wconf 73' lang='grc' dir='ltr'>αὐτοῦ</span> <span class='ocrx_word' id='word_1_827' title='bbox 2704 5156 3017 5238; x_wconf 85' lang='grc' dir='ltr'>λαλοῦντος,</span> <span class='ocrx_word' id='word_1_828' title='bbox 3066 5156 3173 5215; x_wconf 76' lang='grc' dir='ltr'>ἰδοὺ</span> <span class='ocrx_word' id='word_1_829' title='bbox 3248 5156 3441 5239; x_wconf 77' lang='grc' dir='ltr'>νεφέλη</span> <span class='ocrx_word' id='word_1_830' title='bbox 3510 5158 3742 5239; x_wconf 75' lang='grc' dir='ltr'>φωτεινὴ</span> 
     </span>
    </p>
   </div>
   <div class='ocr_carea' id='block_1_107' title="bbox 372 5234 2059 5330">
    <p class='ocr_par' dir='ltr' id='par_1_107' title="bbox 372 5234 2018 5330">
     <span class='ocr_line' id='line_1_107' title="bbox 372 5234 2018 5330; baseline 0.004 -31"><span class='ocrx_word' id='word_1_831' title='bbox 372 5234 746 5299; x_wconf 87' lang='lat' dir='ltr'><strong>obumbravit</strong></span> <span class='ocrx_word' id='word_1_832' title='bbox 776 5253 900 5310; x_wconf 92' lang='lat' dir='ltr'><strong>eos,</strong></span> <span class='ocrx_word' id='word_1_833' title='bbox 937 5244 995 5297; x_wconf 91' lang='lat' dir='ltr'><strong>et</strong></span> <span class='ocrx_word' id='word_1_834' title='bbox 1023 5253 1165 5298; x_wconf 90' lang='lat' dir='ltr'><strong>ecce</strong></span> <span class='ocrx_word' id='word_1_835' title='bbox 1196 5254 1303 5298; x_wconf 85' lang='lat' dir='ltr'><strong>vox</strong></span> <span class='ocrx_word' id='word_1_836' title='bbox 1349 5255 1381 5298; x_wconf 93' lang='lat' dir='ltr'><strong>e</strong></span> <span class='ocrx_word' id='word_1_837' title='bbox 1434 5235 1590 5330; x_wconf 81' lang='lat' dir='ltr'><strong>nube</strong></span> <span class='ocrx_word' id='word_1_838' title='bbox 1620 5236 1827 5301; x_wconf 90' lang='lat' dir='ltr'><strong>dicens</strong></span> <span class='ocrx_word' id='word_1_839' title='bbox 1859 5258 1873 5303; x_wconf 89' lang='lat'><strong>:</strong></span> <span class='ocrx_word' id='word_1_840' title='bbox 1910 5243 2018 5305; x_wconf 88' lang='lat' dir='ltr'><strong>Hic</strong></span> 
     </span>
    </p>
   </div>
   <div class='ocr_carea' id='block_1_108' title="bbox 2141 5234 3736 5330">
    <p class='ocr_par' dir='ltr' id='par_1_108' title="bbox 2141 5234 3736 5330">
     <span class='ocr_line' id='line_1_108' title="bbox 2141 5234 3736 5330; baseline 0 -27"><span class='ocrx_word' id='word_1_841' title='bbox 2141 5248 2410 5305; x_wconf 70' lang='grc' dir='ltr'>πεσκῖασεν</span> <span class='ocrx_word' id='word_1_842' title='bbox 2457 5249 2666 5325; x_wconf 75' lang='grc' dir='ltr'>αὐτοὺς,</span> <span class='ocrx_word' id='word_1_843' title='bbox 2726 5251 2815 5305; x_wconf 83' lang='grc' dir='ltr'><strong>καὶ</strong></span> <span class='ocrx_word' id='word_1_844' title='bbox 2862 5246 2970 5305; x_wconf 71' lang='grc' dir='ltr'>ἰδοῦ</span> <span class='ocrx_word' id='word_1_845' title='bbox 3001 5234 3177 5328; x_wconf 69' lang='grc' dir='ltr'><strong>⁷φωνὴ</strong></span> <span class='ocrx_word' id='word_1_846' title='bbox 3224 5247 3285 5305; x_wconf 67' lang='lat' dir='ltr'><strong>ix</strong></span> <span class='ocrx_word' id='word_1_847' title='bbox 3321 5234 3434 5316; x_wconf 42' lang='grc' dir='ltr'><strong>-τῆς</strong></span> <span class='ocrx_word' id='word_1_848' title='bbox 3486 5234 3736 5330; x_wconf 71' lang='grc' dir='ltr'>νεφέλης,</span> 
     </span>
    </p>
   </div>
   <div class='ocr_carea' id='block_1_109' title="bbox 368 5324 2059 5417">
    <p class='ocr_par' dir='ltr' id='par_1_109' title="bbox 368 5324 2018 5414">
     <span class='ocr_line' id='line_1_109' title="bbox 368 5324 2018 5414; baseline 0 -28"><span class='ocrx_word' id='word_1_849' title='bbox 368 5334 460 5387; x_wconf 86' lang='lat' dir='ltr'><strong>est</strong></span> <span class='ocrx_word' id='word_1_850' title='bbox 492 5326 671 5388; x_wconf 86' lang='lat' dir='ltr'><strong>Filius</strong></span> <span class='ocrx_word' id='word_1_851' title='bbox 703 5343 869 5387; x_wconf 88' lang='lat' dir='ltr'><strong>meus</strong></span> <span class='ocrx_word' id='word_1_852' title='bbox 897 5325 1148 5388; x_wconf 90' lang='lat' dir='ltr'><strong>dilectus</strong></span> <span class='ocrx_word' id='word_1_853' title='bbox 1170 5325 1231 5387; x_wconf 89' lang='lat' dir='ltr'><strong>in</strong></span> <span class='ocrx_word' id='word_1_854' title='bbox 1257 5345 1372 5407; x_wconf 92' lang='lat' dir='ltr'><strong>quo</strong></span> <span class='ocrx_word' id='word_1_855' title='bbox 1407 5324 1550 5387; x_wconf 87' lang='lat' dir='ltr'><strong>mihi</strong></span> <span class='ocrx_word' id='word_1_856' title='bbox 1574 5325 1727 5390; x_wconf 90' lang='lat' dir='ltr'><strong>bene</strong></span> <span class='ocrx_word' id='word_1_857' title='bbox 1749 5335 2018 5414; x_wconf 74' lang='lat' dir='ltr'><strong>compla-</strong></span> 
     </span>
    </p>
   </div>
   <div class='ocr_carea' id='block_1_110' title="bbox 2141 5324 3741 5417">
    <p class='ocr_par' dir='ltr' id='par_1_110' title="bbox 2141 5324 3741 5417">
     <span class='ocr_line' id='line_1_110' title="bbox 2141 5324 3741 5417; baseline -0.001 -23"><span class='ocrx_word' id='word_1_858' title='bbox 2141 5338 2350 5417; x_wconf 84' lang='grc' dir='ltr'>έγουσα’</span> <span class='ocrx_word' id='word_1_859' title='bbox 2413 5337 2577 5404; x_wconf 76' lang='grc' dir='ltr'>Οὗτός</span> <span class='ocrx_word' id='word_1_860' title='bbox 2629 5324 2773 5395; x_wconf 69' lang='grc' dir='ltr'>ἔστιν</span> <span class='ocrx_word' id='word_1_861' title='bbox 2821 5341 2850 5395; x_wconf 88' lang='lat'><strong>6</strong></span> <span class='ocrx_word' id='word_1_862' title='bbox 2909 5324 3174 5414; x_wconf 35' lang='grc' dir='ltr'>Υἱὸς-μου</span> <span class='ocrx_word' id='word_1_863' title='bbox 3202 5340 3231 5395; x_wconf 86' lang='lat'><strong>6</strong></span> <span class='ocrx_word' id='word_1_864' title='bbox 3282 5324 3573 5416; x_wconf 39' lang='lat' dir='ltr'><strong>humide;-</strong></span> <span class='ocrx_word' id='word_1_865' title='bbox 3604 5337 3658 5394; x_wconf 67' lang='grc' dir='ltr'>ἂν</span> <span class='ocrx_word' id='word_1_866' title='bbox 3695 5338 3741 5412; x_wconf 84' lang='grc' dir='ltr'>ᾦ</span> 
     </span>
    </p>
   </div>
   <div class='ocr_carea' id='block_1_111' title="bbox 1438 5460 2673 5533">
    <p class='ocr_par' dir='ltr' id='par_1_111' title="bbox 1438 5460 2673 5533">
     <span class='ocr_line' id='line_1_111' title="bbox 1438 5460 2673 5533; baseline 0.006 -10"><span class='ocrx_word' id='word_1_867' title='bbox 1438 5460 1520 5523; x_wconf 78' lang='lat' dir='ltr'><strong>Ex</strong></span> <span class='ocrx_word' id='word_1_868' title='bbox 1554 5461 1870 5525; x_wconf 86' lang='lat' dir='ltr'><strong>collatione</strong></span> <span class='ocrx_word' id='word_1_869' title='bbox 1900 5469 2073 5532; x_wconf 90' lang='lat' dir='ltr'><strong>codd.</strong></span> <span class='ocrx_word' id='word_1_870' title='bbox 2131 5467 2338 5531; x_wconf 85' lang='lat' dir='ltr'><strong>Venet.</strong></span> <span class='ocrx_word' id='word_1_871' title='bbox 2374 5470 2434 5532; x_wconf 93' lang='lat' dir='ltr'><strong>S.</strong></span> <span class='ocrx_word' id='word_1_872' title='bbox 2469 5470 2673 5533; x_wconf 87' lang='lat' dir='ltr'><strong>Marci.</strong></span> 
     </span>
    </p>
   </div>
   <div class='ocr_carea' id='block_1_112' title="bbox 446 5591 1184 5677">
    <p class='ocr_par' dir='ltr' id='par_1_112' title="bbox 446 5591 1184 5677">
     <span class='ocr_line' id='line_1_112' title="bbox 446 5591 1184 5677; baseline 0.003 -22"><span class='ocrx_word' id='word_1_873' title='bbox 446 5593 580 5677; x_wconf 69' lang='grc'><strong>(24)</strong></span> <span class='ocrx_word' id='word_1_874' title='bbox 607 5595 705 5664; x_wconf 73' lang='grc' dir='ltr'>τὴν</span> <span class='ocrx_word' id='word_1_875' title='bbox 734 5591 883 5660; x_wconf 79' lang='grc' dir='ltr'>δοξαν</span> <span class='ocrx_word' id='word_1_876' title='bbox 915 5592 1048 5657; x_wconf 89' lang='lat' dir='ltr'><strong>cod.</strong></span> <span class='ocrx_word' id='word_1_877' title='bbox 1083 5596 1184 5657; x_wconf 81' lang='grc'><strong>31.</strong></span> 
     </span>
    </p>
   </div>
  </div>
