4118 6220
407 287 528 393 at;
1373 302 1966 369 THEOPHYLACTI
2006 299 2416 363 summa;
2448 296 2806 362 ARCHIEP.
3360 332 3361 335 γ
3654 293 3767 356 344

414 452 549 514 nus.
582 432 917 514 Consolatio
945 442 1142 497 autem
1164 435 1231 496 ﬁt
1257 435 1506 512 offenso,
1536 435 1757 516 injuria
1781 436 2080 499 afﬁcienm

2172 433 2320 498 ακίας
2374 433 2585 509 μεταδῷ
2638 437 2725 491 καὶ
2793 449 2910 498 τοῖς
2959 434 3164 499 ἄλλοις.
3219 434 3525 510 Παρεικάζει
3561 430 3615 487 δὲ
3657 444 3775 491 τοῖς

414 516 535 588 tem
566 522 944 603 publicanum
1001 523 1325 586 existimari
1375 533 1433 587 et
1481 525 1786 604 gentilem,
1821 527 1933 588 hoc
1962 534 2050 586 est

2172 521 2392 587 ελώναις
2480 525 2600 589 τοὺς
2679 525 2943 590 τοιούτους
2994 524 3245 595 ἀδελφοὺς
3342 519 3776 602 (διαϐεϐλημένον

417 622 791 697 peccatorem
825 622 881 675 et
909 612 1302 677 incredulnm.
1356 616 1636 696 Nunquid
1683 624 1878 677 autem
1925 617 2052 678 haec

2172 615 2242 692 ’ἀρ
2300 636 2350 669 τι
2408 619 2598 693 χρῆμα
2653 616 2681 670 0
2736 612 3022 693 τελώνης)·
3071 613 3366 692 παραμυθία
3396 611 3450 667 δὲ
3484 618 3561 684 τῷ
3590 606 3783 677 ἠδικη-

417 696 545 783 sola
572 702 855 785 injuriam
910 703 1178 766 facientis
1222 704 1444 785 poena?
1475 705 1737 768 Minime.
1772 704 1887 768 Sed
1918 704 2055 767 audi

2172 704 2313 779 ιένῳ,
2372 706 2432 760 τὸ
2503 706 2593 760 τὸν
2650 702 2923 761 ἀδικοῦντα
3014 702 3249 769 τελώνην
3347 702 3641 776 νομίζεσθαι
3696 696 3786 751 καὶ

418 800 479 856 et
506 811 639 875 quae
662 804 1010 874 sequuntur.

2172 795 2375 866 θνικὸν,
2435 793 2699 850 τουτέστιν
2768 790 3081 871 ἁμαρτωλὸν
3136 797 3223 848 καὶ
3293 792 3534 850 ἄπιστον.
3622 792 3787 843 Τοῦτο

2151 883 2238 938 οὖν
2297 882 2458 955 μόνον
2488 880 2705 945 κόλασις
2736 888 2828 937 τοῦ
2860 879 3159 943 ἀδικοῦντος
3195 902 3210 957 ;
3244 881 3400 959 Ούχὶ.
3454 874 3601 934 Ἀλλ’
3634 875 3789 930 ἄκουε

2150 973 2237 1029 καὶ
2266 978 2372 1027 τῶν
2391 969 2533 1038 ἒξῆς.

506 1061 687 1124 Vens.
722 1059 1058 1123 18.1Amen
1089 1059 1221 1123 dico
1253 1061 1441 1144 vobis,
1475 1082 1845 1146 quaecunque
1871 1063 2069 1141 alliga-

2236 1081 2263 1115 ι
2298 1058 2472 1133 Ἀμήν
2528 1057 2670 1136 λέγω
2738 1060 2890 1136 ὑμῖν,
2944 1058 3041 1113 ὅσα
3069 1058 3157 1113 ἐὰν
3188 1056 3385 1127 δήσητε
3434 1056 3518 1111 ἐπὶ
3548 1059 3644 1120 τῆς
3666 1053 3791 1130 γῆς.

424 1148 627 1211 veritis
658 1167 839 1230 super
862 1157 1104 1223 terram,
1126 1157 1298 1211 erunt
1316 1150 1491 1227 ligata
1522 1154 1581 1214 in
1606 1154 1790 1217 coelo:
1822 1161 1883 1215 et
1903 1171 2068 1233 quae-

428 1256 664 1319 cunque
707 1238 1005 1300 solveritis
1034 1257 1219 1318 super
1268 1246 1514 1311 terram,
1560 1254 1731 1305 erunt
1788 1243 1981 1305 soluta
2010 1241 2070 1301 in

429 1327 604 1390 caelo.
643 1351 666 1385 »
701 1325 768 1389 Si
813 1334 897 1401 tu,
931 1326 1125 1407 inquit
1174 1327 1455 1397 offensus,
1508 1330 1695 1393 habes
1726 1349 1859 1392 eum
1885 1331 1983 1412 qui
2014 1340 2071 1391 te

428 1415 647 1496 injuria
674 1415 872 1478 aﬂ'ecit
922 1415 1075 1477 sicut
1106 1415 1483 1494 publicanum
1522 1427 1580 1480 et
1618 1421 1922 1499 gentilem,
1956 1420 2071 1481 erit

429 1506 534 1568 ille
562 1515 623 1587 et
651 1505 711 1565 in
742 1506 892 1567 cmlo
923 1503 1146 1567 talis.Si
1176 1513 1371 1567 autem
1403 1508 1649 1570 solveris
1678 1511 1962 1589 eum,hoc
1986 1518 2073 1570 est

430 1595 757 1674 ignoveris,
793 1593 907 1654 erit
957 1594 1011 1655 ei
1056 1602 1113 1655 et
1170 1594 1229 1655 in
1279 1596 1435 1658 coelo
1486 1598 1908 1661 condonatum.
1942 1599 2070 1660 Non

431 1683 562 1757 Non
587 1686 746 1745 enim
776 1682 964 1745 solum
998 1702 1133 1764 quae
1162 1684 1393 1746 solvunt
1419 1687 1779 1756 sacerdotes,
1809 1696 1945 1750 sunt
1970 1707 2070 1749 so-

2153 1148 2298 1204 ἕσται
2356 1145 2603 1222 δεδεμένα
2658 1146 2711 1201 ἐν
2767 1152 2844 1220 τῷ
2898 1148 3124 1225 οὐρανῷ,
3180 1147 3267 1202 καὶ
3336 1145 3434 1201 ὅσα
3464 1144 3552 1199 ἐὰν
3599 1142 3793 1207 λύσητε

2154 1236 2238 1293 ἐπὶ
2294 1238 2392 1303 τῆς
2452 1237 2577 1316 γῆς,
2651 1235 2797 1293 ἔσται
2850 1234 3109 1310 λελυμένα
3140 1236 3196 1291 ἐν
3242 1241 3318 1308 τῷ
3348 1237 3571 1314 οὖρανῷ.
3613 1256 3635 1288 ι
3670 1230 3797 1289 Ἐὰν

2154 1328 2239 1399 σῖρ,
2302 1327 2479 1404 φησὶν,
2517 1328 2545 1381 0
2576 1323 2861 1403 ἀδικηθεὶς,
2908 1323 3045 1404 ἔχῃς
3088 1327 3160 1388 ὡς
3206 1323 3442 1390 τελώνην
3474 1325 3560 1379 καὶ
3591 1324 3795 1377 ἒθνικὸν

2154 1416 2244 1471 10v
2293 1413 2592 1487 ἀδικοῦντα,
2624 1413 2770 1470 ἔσται
2828 1416 2914 1469 καὶ
2958 1414 3012 1469 ὲν
3039 1418 3117 1486 τῷ
3150 1416 3351 1492 οὖροινῴ
3380 1412 3635 1474 τοιοῦτος.
3672 1410 3797 1466 Ἐὰν

2156 1503 2208 1559 δὲ
2263 1502 2425 1581 λύσῃς
2497 1504 2675 1576 αὐτὸν,
2748 1502 2983 1559 τουτέστι
3052 1504 3436 1581 συγχωρήσῃς,
3511 1500 3655 1556 ἔσται
3712 1501 3797 1554 καὶ

2156 1592 2210 1648 ἐν
2266 1597 2342 1666 τῷ
2435 1594 2635 1671 οὐρανῷ
2696 1591 3200 1672 συγκεχωρημένος*
3247 1591 3307 1647 οὒ
3360 1593 3459 1669 γὰρ
3498 1594 3661 1663 μονον
3704 1588 3800 1643 ὅσα

2156 1680 2367 1737 λὺουσιν
2424 1683 2469 1738 οἱ
2522 1682 2708 1759 ἱερεῖς,
2768 1682 2864 1736 εἶσὶ
2907 1679 3188 1758 λελυμένα,
3221 1677 3340 1735 ἀλλ’
3372 1678 3470 1735 ὅσα
3500 1680 3586 1734 καὶ
3637 1679 3799 1752 ἡμεῖς

434 1773 592 1836 luta:
638 1771 743 1835 sed
790 1791 1161 1854 quascunque
1219 1782 1279 1836 et
1324 1793 1431 1836 nos
1484 1775 1703 1855 injuria
1742 1776 1937 1839 allecti
1984 1779 2070 1838 vel

2172 1774 2203 1826 1i
2260 1768 2594 1836 ἀδικηθέντες
2647 1768 2682 1835 ἦ
2739 1767 3031 1844 δεσμοῦμεν
3074 1766 3109 1835 ἤ
3141 1766 3358 1842 λύομεν,
3394 1768 3621 1824 κάκεῖνα
3651 1766 3797 1821 ἔσται

432 1861 705 1943 ligamus,
733 1861 823 1924 vel
847 1860 1150 1943 solvimus,
1186 1868 1245 1924 et
1284 1862 1414 1945 ipsa
1457 1874 1631 1926 erunt
1659 1866 1831 1945 ligata
1862 1866 1953 1928 vel
1976 1885 2076 1928 so-

435 1952 577 2013 luta.

516 2038 703 2104 Vnus.
734 2040 828 2113 19,
853 2038 951 2102 20.
992 2063 1019 2094 ι
1044 2041 1295 2115 Rursus,
1328 2059 1503 2103 amen
1533 2041 1670 2105 dico
1702 2043 1886 2118 vobis,
1922 2043 2078 2124 quod

437 2130 491 2193 si
521 2128 639 2189 duo
690 2146 759 2189 ex
810 2127 977 2189 vobis
1029 2131 1442 2191 consenserint
1492 2149 1673 2212 super
1720 2141 1967 2206 terram,
2004 2134 2081 2194 de

440 2216 605 2279 omni
634 2234 700 2277 re
731 2234 1147 2295 quamcunque
1190 2218 1491 2298 petierint,
1540 2220 1642 2281 ﬁet
1699 2220 1817 2282 illis
1844 2240 1878 2283 a
1909 2224 2081 2283 Patre

438 2303 573 2387 meo
622 2305 722 2385 qui
755 2313 844 2366 est
886 2304 945 2364 in
975 2305 1283 2368 cmlisUbi
1316 2309 1473 2368 enim
1518 2316 1655 2369 sunt
1702 2308 1818 2371 duo
1849 2310 1936 2370 vel
1964 2319 2081 2371 tres

440 2392 778 2471 congregati
809 2392 869 2453 in
897 2392 1139 2454 nomine
1169 2412 1325 2468 meo,
1358 2395 1479 2456 illic
1508 2415 1637 2457 sum
1665 2396 1724 2458 in
1776 2398 1971 2459 medio
2003 2400 2076 2459 il-

441 2480 1037 2561 lorum.)C0ngregat
1059 2500 1167 2543 nos
1189 2482 1355 2545 hisce
1381 2483 1580 2546 verbis
1610 2486 1680 2545 ad
1708 2486 2079 2549 charitatem.

441 2567 590 2644 Quia
634 2568 794 2630 enim
845 2569 1147 2650 prohibuit
1186 2589 1262 2632 ne
1293 2580 1558 2634 mutuum
1618 2574 2081 2649 oll‘enderemus,

440 2677 599 2740 nunc
629 2665 691 2720 et
710 2656 786 2741 de
819 2666 1019 2720 mutua
1048 2660 1364 2722 concordia
1386 2661 1552 2726 dicit.
1608 2662 1946 2728 Concordes
1976 2685 2085 2726 au-

447 2754 572 2812 tem
604 2745 905 2827 dicuntur,
940 2765 1057 2808 non
1093 2748 1192 2830 qui
1222 2750 1283 2810 in
1318 2751 1536 2811 malum
1562 2752 1945 2824 conveniunt,
1982 2755 2086 2815 sed

448 2830 547 2917 qui
583 2836 641 2895 in
674 2834 922 2897 bonum.
952 2835 1102 2899 Vide
1152 2837 1311 2899 enim
1361 2838 1503 2919 quid
1534 2840 1692 2902 dicat
1729 2862 1742 2904 :
1777 2840 1837 2903 Si
1869 2842 1987 2903 duo
2020 2862 2087 2904 ex

445 2924 636 3010 vobis,
670 2923 785 2986 hoc
834 2933 947 3000 est,
998 2925 1379 2989 credentibus
1436 2938 1493 2989 et
1546 2932 1755 2991 virtute
1806 2932 2086 3010 praeditis.

2162 1857 2408 1935 δεδεμένα
2437 1859 2473 1927 ἢ
2504 1856 2786 1935 λελυμένα.

2248 2060 2275 2091 ε
2339 2036 2525 2110 Πάλιν,
2613 2036 2756 2111 ἀμὴν
2791 2035 2932 2114 λέγω
2960 2039 3106 2111 ὑμῖν,
3143 2035 3223 2092 ὅτι
3254 2036 3344 2092 ἐὰν
3373 2033 3463 2093 δύο
3491 2036 3637 2109 ὑμῶν
3668 2055 3807 2108 συμ-

2163 2129 2479 2209 φωνήσωσιν
2528 2127 2613 2183 ἰπὶ
2669 2128 2768 2193 τῆς
2836 2128 2961 2207 γῆς,
2994 2130 3111 2204 περὶ
3164 2128 3359 2188 παντὸς
3411 2126 3722 2204 πράγματος
3752 2126 3812 2179 οὗ

2159 2220 2250 2274 ἑὰν
2308 2218 2655 2291 αἰτήσωνται,
2710 2218 2989 2293 γενήσεται
3046 2220 3229 2278 αὐτοῖς
3292 2216 3433 2292 παρὰ
3491 2223 3580 2270 10-3
3608 2213 3807 2289 Πατρός

2163 2328 2263 2383 μου
2304 2313 2397 2363 τοῦ
2446 2304 2500 2360 ὲν
2566 2310 2828 2383 οὐρανοῖς
2889 2306 2949 2360 οὗ
3005 2307 3103 2384 γὰρ
3145 2307 3243 2361 εἶσι
3274 2301 3362 2359 δυο
3491 2316 3631 2380 τρεῖς
3663 2323 3800 2355 συν-

2162 2394 2388 2472 ηγμένοι
2410 2396 2484 2458 εἰς
2527 2394 2587 2450 τό
2612 2396 2744 2469 ἒμὸν
2771 2394 2960 2467 ὃνομα,
2994 2394 3109 2449 ἐκεῖ
3140 2395 3244 2468 εἰμι
3277 2390 3331 2446 ἐν
3370 2393 3515 2466 μέσῳ
3544 2393 3731 2450 αὐτῶν,
3773 2410 3795 2444 ι

2167 2484 2388 2561 Συνάγει
2443 2485 2587 2558 ἡμᾶς
2661 2481 2743 2538 διὰ
2796 2486 2901 2538 τῶν
2972 2484 3222 2538 τοιοὺτων
3274 2482 3528 2557 ῥημάτων
3585 2481 3657 2541 εἰς
3708 2478 3806 2545 τὴν

2166 2572 2404 2650 ἀγάπην
2476 2571 2589 2628 ἐπεὶ
2644 2572 2743 2649 γὰρ
2813 2569 3074 2627 ἐκώλυσεν
3130 2573 3273 2646 ἡμᾶς
3341 2570 3444 2625 ἀπὸ
3500 2575 3590 2625 τοῦ
3645 2589 3810 2625 σκαν-

2171 2658 2393 2732 δαλίζειν
2449 2658 2739 2733 ἀλλήλους,
2798 2662 2887 2716 καὶ
2942 2658 3193 2737 βλάπτειν
3292 2661 3379 2715 καὶ
3461 2659 3809 2736 βλάπτεσθαι,

2172 2757 2258 2807 νῦν
2341 2749 2482 2827 λέγει
2549 2750 2635 2806 καὶ
2692 2750 2807 2828 περὶ
2874 2750 2973 2815 τῆς
3018 2751 3146 2826 πρὸς
3187 2746 3451 2818 ἀλλήλους
3483 2746 3809 2827 συμφωνίας.

2173 2846 2585 2917 Συμφωνοῦντες
2643 2836 2695 2893 δὲ
2755 2845 2992 2894 νοοῦνται
3047 2841 3148 2917 οὐχ
3206 2841 3253 2894 οἱ
3295 2839 3379 2893 ἐπὶ
3427 2842 3574 2909 κακῷ
3630 2857 3813 2914 συνερ-

2172 2927 2419 3007 χόμενοι,
2486 2926 2602 2983 ἀλλ’
2650 2930 2697 2984 οἱ
2726 2926 2811 2983 ἔπ’
2846 2927 3047 3004 ἀγαθῷ.
3087 2919 3099 2937 ’
3125 2936 3231 3005 Ορα
3261 2928 3361 3006 γὰρ
3388 2928 3437 2982 τί
3481 2927 3654 2983 εἶπεν
3693 2924 3816 2982 Ἐὰν

447 3002 952 3093 conspiravernnt
1007 3016 1165 3076 enim
1199 3023 1256 3076 et
1286 3018 1489 3078 Annas
1528 3034 1598 3079 ac
1649 3002 1924 3099 Caiphas,
1983 3019 2080 3081 sed

2172 3013 2258 3072 δύο
2312 3018 2480 3090 ὑμῶν,
2546 3016 2779 3072 τουτέστι
2859 3020 2962 3071 τῶν
3033 3016 3407 3086 πιστευόντων,
3468 3022 3572 3071 τῶν
3629 3014 3816 3092 εναρέ-

450 3102 709 3185 male.Et
739 3110 1055 3183 propterea
1074 3122 1232 3185 sape
1256 3114 1569 3185 peccantes
1598 3126 1714 3168 non
1738 3108 2080 3188 accipimus,

2172 3120 2299 3161 των³
2357 3108 2731 3184 συνεφώνησαν
2786 3106 2885 3183 γὰρ
2978 3106 3064 3160 καὶ
3135 3104 3347 3169 ’Ἅννας
3406 3105 3493 3160 καὶ
3548 3105 3814 3183 Καϊάφας,

450 3184 521 3254 eo
542 3190 699 3273 quod
731 3179 931 3253 mutua
959 3179 1280 3255 concordia
1307 3212 1600 3257 caremus.
1628 3194 1758 3258 Non
1790 3179 1937 3259 diiit
1979 3179 2080 3260 an;

2173 3193 2309 3253 ἀλλὰ
2366 3179 2596 3269 ψεκτῶς·
2655 3179 2809 3251 ὥστε*
2847 3192 2920 3249 διὲ
2966 3205 3117 3252 τοῦτο
3166 3192 3421 3255 πολλάκις
3445 3195 3727 3273 εὐχόμενοι
3758 3197 3816 3250 ού

449 3286 592 3355 tem,
625 3276 748 3341 Ero
775 3283 921 3359 (non
966 3280 1125 3342 enim
1177 3281 1387 3357 tardat,
1447 3283 1536 3345 vel
1592 3289 1949 3363 cunctatur),
1985 3288 2080 3350 sed

2174 3280 2535 3362 λαμϐάνομεν,
2597 3282 2727 3339 διότι
2829 3282 2943 3341 οὐδὲ
2972 3282 3303 3363 ,συμφωνίαν
3369 3284 3497 3361 πρὸς
3549 3281 3814 3351 ἀλλήλους

452 3367 621 3442 Sum,
651 3367 767 3429 hoc
798 3375 906 3441 est,
931 3368 1055 3448 jam
1100 3368 1222 3431 illic
1268 3371 1556 3435 invenior.
1590 3360 1917 3453 Intelligas'
1952 3377 2080 3436 item

2174 3371 2400 3451 ἔχομεν,
2459 3372 2567 3430 Οὔκ
2588 3372 2707 3427 εἶπε
2744 3369 2823 3450 δὲ,
2856 3371 2935 3426 ὅτι
2972 3360 3233 3443 ”Εσομαι’
3266 3370 3324 3427 οὒ
3356 3373 3455 3449 γὰρ
3486 3370 3668 3445 μέλλει
3701 3368 3813 3426 οὖδξ

453 3456 610 3540 quod
656 3457 895 3536 quando
950 3457 1415 3538 conspiraverint
1474 3461 1717 3541 spiritus
1748 3472 1806 3525 et
1836 3482 1999 3536 caro,
2034 3477 2080 3525 e1

2175 3459 2434 3539 βραδύνει³
2498 3460 2640 3533 ἀλλ’,
2707 3462 2847 3539 Εἰμὶ,
2881 3460 3172 3530 τουτέστιν,
3209 3461 3392 3515 αύτίκα
3423 3460 3538 3515 ἐκεῖ
3580 3461 3817 3536 ευρίσκο-

453 3564 573 3607 non
602 3544 1007 3626 concupiverit
1050 3556 1257 3610 contra
1301 3549 1574 3628 spiritum
1622 3569 1780 3632 caro,
1815 3561 1952 3613 tunc
1984 3555 2080 3614 erit

2176 3565 2292 3625 μαι·
2354 3551 2562 3618 νοήσεις
2615 3548 2667 3605 δὲ
2720 3547 2799 3604 ὅτι
2876 3548 2999 3605 ὅταν
3070 3550 3400 3628 συμφωνήσῃ
3460 3551 3492 3616 ἡ
3553 3548 3678 3625 σάρξ
3731 3549 3819 3603 καὶ

451 3633 516 3695 in
540 3632 737 3696 medio
768 3632 1075 3698 Dominus.
1110 3636 1467 3719 Conspirant
1498 3647 1694 3702 autem
1730 3650 1787 3702 et
1819 3650 1938 3703 tres
1970 3642 2091 3704 vir-

453 3731 612 3786 tutes
632 3723 866 3798 animas,
898 3726 1229 3806 rationalis,
1263 3727 1561 3790 irascivita
1590 3737 1648 3789 et
1675 3728 2088 3794 desiderativa.

455 3810 572 3875 Sed
607 3818 859 3874 etvetus
880 3830 949 3875 ac
978 3832 1132 3877 nova
1158 3814 1321 3895 leges
1365 3816 1728 3897 conspirant,
1760 3818 2092 3881 invenitur-

454 3919 572 4053 gue
600 3901 663 3963 in
692 3900 890 3963 medio
919 3901 1181 3984 ipsarum
1226 3904 1493 3969 Christus
1540 3905 1615 3968 ab
1660 3915 1908 3988 utraque
1940 3927 2094 3988 prae-

498 4002 709 4052 icatus.

498 4002 709 4052 icatus.

537 4166 700 4231 Vsus
729 4168 1155 4243 21,22.-Tunc
1182 4171 1800 4237 accedens97Petrus
1827 4173 1902 4236 ad
1932 4194 2094 4251 eum,

2174 3640 2237 3695 τὸ
2293 3645 2522 3713 πνεῦμα,
2576 3640 2662 3694 καὶ
2723 3639 2799 3712 μὴ
2843 3640 3072 3719 ἐπιθυμῇ
3137 3638 3273 3693 κατὰ
3316 3643 3406 3692 τοῦ
3459 3640 3755 3710 πνεζματος
3786 3638 3819 3703 ἡ

2178 3724 2323 3805 σάρξ,
2388 3727 2507 3782 τότε
2565 3727 2703 3782 ἐστὶν
2749 3726 2802 3782 ἐν
2833 3727 2987 3802 μάσω
3030 3730 3057 3782 0
3108 3728 3313 3805 Κύριος,
3364 3733 3709 3804 Συμφωνούσι
3765 3723 3818 3780 δὲ

2178 3818 2266 3873 καὶ
2323 3817 2373 3872 αἱ
2440 3830 2585 3894 τρεῖς
2644 3814 2886 3891 δυνάμεις
2947 3820 3045 3885 τῆς
3105 3816 3307 3895 ψυχῆς,
3375 3817 3435 3870 τὸ
3485 3814 3724 3891 λογικὸν,
3759 3817 3820 3869 τὸ

2179 3908 2419 3981 θυμικὸν,
2478 3907 2564 3961 καὶ
2620 3908 2680 3961 τὸ
2736 3906 3138 3981 ἐπιθυμητικόν,
3212 3902 3375 3961 Ἀλλὰ
3423 3906 3509 3959 καὶ
3558 3901 3819 3971 ἡπαλαιὰ

2179 3997 2268 4052 καὶ
2319 3997 2354 4063 ἡ
2418 3995 2509 4050 νέα
2550 4002 2915 4074 συμφωνοῦσιν
3000 3999 3051 4050 αἱ
3108 3994 3218 4069 δὺο,
3254 3996 3338 4051 καὶ
3386 3993 3440 4048 έν
3472 3992 3620 4069 μέσῳ
3650 3994 3819 4048 αὐτῶν

2181 4085 2465 4163 εὑρίςκεται
2497 4086 2525 4141 0
2557 4087 2804 4163 Χριστὸς,
2838 4084 2925 4139 ὑπ’
2950 4085 3150 4163 ἀμφοῖν
3182 4084 3593 4161 κηρυττόμενος.

2266 4196 2293 4229 ε
2355 4173 2482 4230 Τότε
2542 4170 2841 4249 προσελθὼν
2899 4173 3039 4247 αὖτῷ
3096 4176 3123 4228 0
3173 4174 3391 4249 Πέτρος,
3456 4173 3606 4229 εἴπεο
3666 4173 3819 4250 Κὺριε

459 4255 623 4320 dixit:
642 4255 1157 4340 Domine,qnoties
1174 4258 1439 4340 peccabit
1452 4259 1513 4321 in
1534 4279 1628 4323 me
1647 4261 1829 4325 frater
1845 4282 2076 4339 meus,e

2180 4264 2404 4327 ποσάκις
2436 4261 2729 4339 ἁμαρτήσει
2762 4263 2833 4323 εἷς
2865 4260 2958 4337 ἐμὲ
3001 4264 3028 4317 0
3073 4259 3294 4340 ἀδελφός
3336 4282 3456 4334 μου,
3504 4262 3591 4316 καὶ
3634 4259 3823 4339 ἀφήσω

455 4346 754 4408 remittam
773 4346 862 4408 ei?
878 4345 1028 4409 Num
1045 4348 1653 4429 nsquesepties?Dicit
1670 4350 1755 4412 illi
1769 4350 2080 4417 JesuszNor

2182 4352 2324 4425 αὐτῷ
2358 4369 2373 4425 ;
2432 4349 2533 4414 ἕως
2561 4350 2781 4413 ἒπτάκις
2816 4372 2833 4423 ς
2907 4350 3059 4428 Λέγει
3110 4350 3248 4424 αύτῷ
3272 4353 3299 4406 0
3333 4349 3558 4417 Ἰησοῦς·
3600 4352 3672 4407 0'3
3728 4348 3821 4405 λέ·-

456 4432 591 4522 djco
606 4433 708 4496 tibi
720 4453 906 4517 usque
917 4437 1260 4518 septies.sed
1278 4456 1465 4519 usque
1475 4443 1737 4520 septuagi
1747 4458 1810 4502 es
1821 4443 2080 4522 septies:

2182 4462 2261 4517 γω
2304 4461 2385 4495 σοι
2415 4437 2516 4503 ἕως
2562 4438 2800 4509 ἑπτάκις,
2835 4436 2954 4495 ἀλλ’
2982 4438 3083 4502 ἕως
3115 4437 3559 4513 ἐκδομηκοντάκις
3596 4440 3748 4500 ἑπτά.
3793 4464 3814 4495 ι

455 4520 583 4585 Hoc
606 4531 695 4586 est
713 4499 866 4605 quod
890 4499 1214 4605 interrogat
1229 4499 2073 4610 Ρθιτῖιεὶρόοιῖέὲέῖῥέὲέὲὶξὲ

2182 4499 2343 4587 'l‘obto
2400 4499 2539 4583 ἔστιν
2569 4526 2596 4582 ὅ
2655 4499 2823 4605 ἔρωτά
2867 4530 2894 4583 0
2951 4499 3171 4607 Πέτρος·
3208 4499 3434 4591 Ποσάκις
3466 4499 3556 4585 ἐὰν
3586 4529 3821 4608 ἁμάρτῃ,

457 4610 677 4675 deinde
705 4613 953 4676 accedat
982 4622 1041 4677 et
1070 4622 1221 4679 vetat
1239 4618 1469 4678 veniam
1493 4617 1836 4698 poenitentia
1859 4619 2073 4683 ductus

2180 4621 2299 4673 εἶτα
2354 4616 2720 4695 προσέρχηται
2806 4618 2891 4672 καὶ
2934 4618 3055 4693 αἰτῇ
3098 4618 3417 4695 συγγνώμην
3448 4617 3816 4692 μεταμελόμε-

457 4702 781 4766 concedam
809 4702 1235 4780 ei?Addidit,ln
1258 4722 1354 4767 me
1383 4706 1431 4765 si
1462 4706 1889 4786 peccaverit.ln
1912 4708 2080 4771 Deun

2182 4728 2289 4775 νος,
2326 4709 2663 4785 συγχωρήσω
2692 4709 2849 4763 αὐτοῦ
2881 4726 2896 4785 ;
2959 4706 3257 4785 Προσέθηκε
3288 4707 3342 4763 δὲ
3371 4711 3454 4787 τὸ,
3492 4710 3572 4769 Εἰς
3606 4708 3703 4781 ἐμὲ
3734 4708 3825 4763 ἐὰν

457 4791 618 4855 enim
649 4792 701 4854 si
728 4794 1213 4873 peccaverit,non
1237 4795 1477 4875 ego,qui
1500 4795 1715 4857 idiotes
1743 4815 1811 4858 ac
1839 4798 2080 4878 privatu:

2182 4796 2416 4873 ἁμάρτῃ·
2479 4797 2551 4860 εἰς
2583 4795 2681 4873 γὰρ
2712 4796 2840 4850 Θεὸν
2872 4796 2960 4851 ἐὰν
2989 4797 3225 4872 ἁμάρτῃ,
3256 4796 3350 4852 οὒκ
3394 4796 3502 4874 ἐγὼ
3532 4799 3559 4852 0
3610 4794 3824 4860 ἰδιώτης

459 4899 864 4962 sum,possum
885 4881 1406 4957 eiremittere,nisi
1423 4882 1574 4945 forte
1590 4882 1693 4946 Dei
1715 4885 1986 4948 ordinem
2005 4889 2079 4949 ha

2182 4882 2401 4960 δύναμαι
2474 4885 2614 4957 αύτῷ
2670 4898 2998 4963 συγχωρεῖν,
3051 4886 3092 4939 εἰ
3140 4887 3322 4960 μήπου
3354 4907 3414 4962 γε
3457 4887 3485 4939 0
3530 4890 3659 4941 Θεοῦ
3689 4882 3828 4947 τάξιν

460 4968 610 5032 bens
640 4970 1012 5035 sacerdos.Si
1038 4979 1237 5033 autem
1270 4973 1326 5033 in
1345 4990 1440 5032 me
1463 4981 1763 5052 peccet,ac
1781 4974 1999 5036 deinde
2011 4994 2074 5036 re

2182 4972 2325 5052 ἒχων
2397 4974 2425 5028 0
2478 4973 2660 5049 ἱερεύς
2725 4972 2814 5027 ἐὰν
2866 4970 2921 5028 δὲ
2978 4975 3052 5037 εἷς
3082 4973 3177 5048 ἐμὲ
3230 4975 3439 5052 ἁμάρτῃ
3483 4973 3606 5028 εἶτα
3637 4972 3827 5049 ἀφήσω

460 5056 679 5120 misero
710 5059 913 5135 ei,erit
938 5059 1375 5138 solutus,etiam
1401 5058 1451 5122 si
1483 5062 1750 5141 privatim
1772 5081 1881 5139 ego
1898 5064 2074 5139 sim,e

2181 5064 2344 5136 αὐτῷ,
2400 5059 2543 5116 ἔσται
2600 5060 2907 5140 ἀφειμένος,
2963 5061 3061 5117 κάν
3130 5060 3340 5129 ἰδιὼτης
3414 5063 3517 5135 εἰμὶ
3562 5060 3691 5138 ἐγὼ,
3741 5063 3827 5115 καὶ

457 5164 578 5209 non
601 5146 1084 5221 sacerdos.Quod
1106 5157 1305 5211 autem
1328 5152 1665 5229 septuagies
1680 5150 1899 5232 septies
1926 5152 2072 5213 dixit

2182 5151 2304 5229 οὺχὶ
2374 5150 2559 5228 ἱερεὺς.
2620 5151 2690 5207 T0
2720 5147 2798 5224 δὲ,
2830 5149 2929 5213 ἕως
2962 5148 3405 5225 ἑϐδομηκοντάκις
3436 5150 3591 5217 ἑπτὰ,
3643 5150 3821 5227 εἶπεν,

455 5254 575 5299 non
605 5236 1152 5300 concluditveniam
1171 5238 1786 5301 numero.Absurdum
1814 5240 1971 5301 enim
1995 5258 2080 5301 se-

2182 5242 2287 5320 οὐχ
2352 5238 2445 5294 ἵνα
2500 5238 2705 5317 ἀριθμῷ
2756 5238 3062 5318 περικλείσῃ
3101 5240 3194 5306 τὴν
3225 5239 3592 5317 συγχώρησιν,
3628 5237 3821 5315 ἄλογον

454 5326 599 5389 dere
610 5332 671 5388 et
688 5343 1005 5389 numerare
1015 5345 1202 5407 usque
1221 5327 1361 5388 dum
1377 5329 1807 5409 quadringenta
1820 5328 2071 5408 nonagin

2181 5329 2280 5408 γάρ
2337 5327 2445 5384 ἐστι
2477 5329 2733 5395 καθῆσθαί
2760 5350 2876 5385 τινα
2935 5328 3251 5407 ἆριθμοῦντα
3302 5326 3399 5387 ἕως
3453 5330 3513 5383 οὗ
3541 5330 3820 5384 ποσωθῶσι

455 5422 511 5477 ta
531 5413 754 5477 habeas
784 5417 892 5494 [tot
920 5416 1078 5478 enim
1108 5414 1333 5478 faciunt
1357 5419 1692 5497 septuagies
1721 5418 1962 5497 septies]
1990 5417 2080 5479 sec

2179 5416 2490 5495 τετρακόσια
2577 5415 2920 5487 ἐννενήκοντα
3005 5424 3256 5494 (τοσαῦτα
3316 5417 3416 5495 γὰρ
3471 5418 3537 5472 τὰ
3589 5414 3823 5491 ἑϐδομη-

454 5504 810 5567 immensum
843 5522 1158 5568 numerum
1182 5505 1375 5583 signat
1410 5525 1425 5568 :
1453 5506 1626 5587 quasi
1649 5507 1828 5579 dicat.
1854 5507 2080 5580 Quoties

2176 5508 2421 5573 κοντάκις
2476 5506 2658 5585 ἆπτὰ),
2712 5506 2849 5563 ἀλλὰ
2921 5509 2981 5563 10
3038 5507 3252 5585 ἄπειρον
3301 5505 3521 5562 ἐνταῦθα
3555 5508 3825 5582 σημαίνειι

451 5592 587 5681 quis
612 5592 811 5681 lapsus
828 5592 1030 5670 fuerit,
1051 5601 1111 5656 et
1141 5586 1560 5680 pauitantiam
1590 5596 2015 5679 aget,concede
2038 5597 2080 5659 ei

2176 5598 2250 5661 ὡς
2308 5595 2368 5656 ἄν
2419 5596 2463 5650 εἰ
2519 5593 2720 5679 ἔλεγεν·
2759 5586 2969 5659 Ὀσάκις
3016 5595 3075 5651 ἄν
3125 5598 3345 5657 πταίσας
3394 5602 3648 5673 μετανοῇ,
3695 5618 3828 5680 συγ-
