4118 6220
429 311 546 376 347

1392 323 1988 386 THEOPHYLACTI
2033 321 2447 387 BULGARI/E
2491 325 2851 390 ARCHIEP.

3699 329 3822 395 348

434 465 615 507 unum
650 449 725 510 de
756 451 1189 532 conservis,qni
1219 452 1470 516 debebat
1494 455 1858 516 sibicentum
1897 454 2072 514 dena-

2170 452 2467 512 συνδούλων
2527 461 2705 537 αὐτοῦ,
2771 460 2830 522 ὃς
2884 460 3108 540 ὤφειλεν
3167 463 3309 537 αὐτῷ
3339 465 3527 522 ἑκατὸν
3568 463 3810 544 δηνάρια.

432 535 572 595 rios:
613 547 669 597 et
702 539 914 618 injecta
943 543 1001 600 in
1037 560 1170 601 eum
1206 561 1407 624 manu,
1436 543 1666 604 obtorto
1700 545 1850 605 collo
1885 543 2079 603 trabe-

437 624 534 687 bat
561 626 975 701 dicens,Solve
1001 631 1156 710 quod
1182 631 1469 695 debes.Et
1497 633 1813 713 procidens
1835 650 2082 694 conser-

431 732 540 774 vus
573 717 704 796 ejus
738 718 808 778 ad
845 719 1026 800 pedes
1057 721 1184 798 ejus
1211 721 1460 799 rogabat
1501 742 1658 796 eum,
1690 722 1919 800 dicens,
1945 720 2081 782 Esto

437 804 668 882 patiens
688 825 825 885 erga
849 827 964 883 me,
994 820 1052 870 et
1074 813 1273 870 omnia
1291 809 1535 872 reddam
1561 811 1771 872 tibi.At
1797 811 1892 871 ille
1921 810 2080 871 nole-

436 893 554 965 bat,
586 896 689 956 sed
723 897 956 976 abiit,et
987 899 1244 978 conjecit
1277 919 1410 960 eum
1445 901 1500 960 in
1533 919 1856 962 carcerem.
1890 899 2078 960 donec

406 984 716 1046 “redderet
747 985 1034 1049 debitum.
1077 1015 1101 1042 ››
1139 988 1424 1068 Egressus
1455 991 1551 1050 ille
1573 991 1671 1068 qui
1702 989 1931 1051 veniam
1967 988 2076 1049 ob-

439 1073 716 1154 linuerat,
753 1079 1075 1156 strangulat
1103 1098 1169 1139 ac
1221 1079 1434 1158 premit
1464 1099 1836 1140 conservum.
1869 1079 2080 1142 Nullus

433 1165 593 1223 enim
628 1165 727 1243 qui
762 1165 821 1225 in
854 1165 975 1226 Deo
1005 1176 1222 1246 manet,
1261 1169 1686 1248 compassionis
1709 1187 1920 1250 exp-rs
1947 1177 2073 1230 est:

433 1251 534 1311 sed
572 1252 672 1312 ille
702 1255 801 1334 qui
835 1274 867 1315 a
899 1256 1021 1318 Deo
1081 1257 1355 1318 discessit
1386 1269 1443 1318 et
1496 1259 1754 1319 alienus
1780 1267 1886 1320 est.
1949 1260 2076 1320 Ma-

435 1360 564 1417 gna}
594 1351 788 1403 autem
823 1353 948 1406 erat
977 1347 1361 1408 crudelitatis.
1411 1348 1668 1410 Erantei
1702 1348 1906 1408 decem
1942 1346 2076 1408 mil-

435 1429 511 1490 lia
539 1431 891 1495 talentorum
925 1436 1201 1515 remissa,
1239 1446 1294 1497 et
1325 1437 1498 1516 longe
1534 1437 2074 1518 pauciora,centum

434 1521 663 1610 scilicet
683 1524 984 1606 denarios,
1006 1527 1249 1586 omnino
1273 1545 1382 1586 nec
1405 1529 1854 1597 remittere,nec
1880 1545 2079 1604 proro-

434 1630 574 1686 gare
602 1622 833 1694 tempus
867 1615 1279 1677 dinumerandi
1312 1617 1810 1682 volebat.tametsi
1836 1633 2078 1677 conser-

435 1722 536 1761 vus
571 1703 778 1764 eadem
805 1704 988 1766 verba
1012 1705 1398 1786 diceret,qua3
1421 1717 1477 1766 et
1509 1707 1608 1766 ille
1636 1707 1703 1766 ad
1744 1705 2072 1784 dominum,

434 1791 1151 1854 misericordiamdomini
1183 1781 1613 1856 in'mcmnriain
1648 1795 1730 1855 illi
1757 1781 2072 1856 reducensi
2103 1781 2114 1826 ί

430 1881 574 1942 dixit
631 1883 788 1943 enim
821 1905 833 1942 :
869 1882 1005 1943 Esto
1052 1885 1277 1963 patiens
1331 1904 1468 1964 erga
1501 1903 1615 1960 me,
1656 1893 1711 1945 et
1743 1883 1940 1943 omnia
1972 1882 2076 1942 tibi

429 1963 697 2032 reddanL

509 2059 690 2123 Vens.
721 2063 817 2124 3t.
876 2089 897 2119 tt
953 2067 1128 2125 l'orro
1162 2084 1292 2124 cum
1331 2063 1613 2124 vidissent
1645 2062 1916 2123 conservi
1947 2062 2076 2140 ejus

431 2167 558 2228 qua:
585 2150 821 2229 fiebant,
861 2152 1240 2214 indotnerunt
1298 2156 1485 2212 \‘a'de:
1525 2161 1584 2213 et
1615 2159 2074 2230 venerunt,ape-

429 2247 792 2318 rueruntque
817 2240 1059 2301 domino
1091 2261 1196 2301 suo
1222 2247 1420 2302 omnia
1443 2261 1573 2321 quae
1594 2241 1740 2299 facta
1774 2241 2067 2302 fuerant.»

434 2325 724 2388 Videntur
763 2330 818 2390 lii
853 2333 1120 2390 conservi
1172 2349 1306 2392 esse
1333 2332 1546 2410 angeli,
1583 2349 1788 2390 osores
1822 2330 1982 2402 mali,
2018 2339 2076 2389 et

429 2425 694 2477 amantes
724 2418 884 2492 boni,
913 2439 1027 2480 non
1054 2422 1207 2501 quod
1244 2420 1537 2499 ignoranti
1568 2420 1817 2480 Domino
1841 2419 1964 2479 haec
1989 2419 2075 2477 di-

431 2507 697 2578 cant,sed
731 2518 788 2569 ut
813 2518 870 2569 tu
898 2509 1090 2572 discas
1121 2510 1274 2590 quod
1297 2512 1488 2588 angeli
1523 2508 1695 2569 nobis
1724 2508 1795 2568 ad
1831 2509 2071 2568 tutelam

432 2595 554 2655 dati
585 2597 720 2657 sint.
763 2607 819 2659 et
847 2601 1000 2680 quod
1037 2599 1379 2660 inhumanis
1411 2609 1466 2660 et
1497 2597 2072 2660 immisericordibus

432 2683 834 2761 indignentur.

510 2772 920 2840 γηθεῖ-34.
938 2776 1134 2839 «Tunc
1156 2777 1461 2840 accersivit
1486 2777 1648 2838 illum
1675 2775 1953 2836 dominus
1969 2794 2070 2835 su-

431 2871 584 2929 us.et
609 2865 690 2924 ait
713 2865 1008 2928 illi:Serve
1025 2867 1498 2948 sceleste,totum
1518 2865 1784 2927 debitum
1811 2865 1953 2925 illud
1983 2881 2073 2924 re-

430 2951 562 3012 misi
595 2952 860 3026 tibi,rum
893 2955 1270 3018 obsecrasscs
1305 2976 1396 3016 me
1433 2978 1444 3018 :
1478 2974 1675 3016 nonne
1725 2954 1987 3030 oportuit
2013 2963 2074 3016 et

431 3049 486 3100 te
512 3044 781 3105 misereri
814 3045 1082 3106 conservi
1128 3047 1234 3126 tui,
1267 3045 1418 3107 sicut
1453 3054 1509 3105 et
1543 3063 1651 3123 ego
1686 3043 1767 3104 tui
1801 3044 2073 3104 misertus

429 3132 692 3194 eram?Et
739 3135 922 3195 iratus
973 3135 1248 3198 dominus
1281 3137 1410 3216 ejus
1444 3133 1684 3196 tradidit
1716 3153 1846 3194 eum
1878 3140 2071 3196 torto-

431 3221 1307 3305 ribus,quoadusqueredderet
1339 3235 1522 3286 totum
1550 3223 1705 3304 quod
1740 3222 2074 3284 debebatur

429 3311 565 3372 sibi.
603 3310 702 3372 nIn
725 3314 1015 3391 judicium
1051 3316 1225 3375 intrat
1257 3334 1390 3375 cum
1417 3332 1587 3374 servo
1621 3312 1899 3373 dominus
1932 3331 2072 3392 pro-

432 3409 562 3480 pter
594 3401 1452 3466 misericordiamzutostendat
1483 3401 1637 3484 quod
1667 3421 1782 3462 non
1809 3399 2070 3481 ipse,sed

434 3489 586 3550 servi
611 3491 926 3552 crudelitas
953 3503 1007 3553 et
1051 3493 1412 3571 ingratitudo
1447 3492 1823 3552 donationem
1859 3490 2066 3550 irritet.

431 3577 657 3650 Quibus
678 3589 871 3641 autem
898 3580 1669 3643 tortoribustradidit?Forte
1689 3578 2073 3659 potestatibus

432 3669 842 3752 punitricibus,
879 3672 1043 3732 itaut
1074 3682 1355 3753 perpetuo
1389 3671 1720 3750 puniretur.
1755 3668 2074 3747 Quousque

431 3758 639 3821 reddat
663 3761 816 3840 quod
837 3762 1181 3824 debebatur:
1208 3763 1318 3824 hoc
1343 3759 1820 3840 signiﬁcat,quod
1849 3757 2069 3817 tamdiu

432 3849 707 3927 puniatur
735 3850 924 3912 donec
959 3852 1287 3914 reddat:th
1310 3870 1608 3932 nunquam
1625 3857 1830 3910 'autem
1860 3846 2074 3908 reddet.

430 3937 584 4017 quod
619 3939 894 4020 debebat,
928 3941 1202 4003 videlicet
1223 3960 1453 4022 pcenam
1487 3957 1660 4020 quam
1715 3948 2011 3998 meruerat
2051 3953 2063 3998 :

427 4043 658 4108 semper
698 4047 836 4107 ergo
865 4030 1163 4110 punietur.

505 4117 796 4180 Vens.35.
822 4143 842 4172 (ι
881 4119 976 4181 Sic
1012 4129 1065 4180 et
1095 4124 1262 4180 Pater
1284 4135 1451 4178 meus
1476 4116 1731 4177 caelestis
1766 4115 2068 4176 facietvo-

426 4203 520 4266 bis
549 4205 598 4267 si
632 4226 745 4267 non
777 4207 1126 4269 remiseritis
1151 4210 1397 4289 quisque
1429 4205 1587 4266 fratri
1621 4225 1726 4266 suo
1759 4206 1832 4266 de
1865 4204 2067 4264 cordi—

426 4293 536 4355 bus
567 4296 776 4356 vestris
805 4296 1020 4357 delicta
1053 4297 1349 4358 illorum.»
1388 4294 1514 4355 Non
1548 4294 1710 4368 dixit,
1759 4298 1930 4358 Pater
1959 4311 2064 4354 ve-

426 4385 705 4464 ster,sed,
741 4383 912 4446 Pater
944 4404 1129 4448 meus:
1164 4385 1389 4464 indigni
1423 4385 1577 4444 enim
1613 4391 1750 4444 sunt
1789 4383 1931 4443 tales
1964 4384 2063 4463 qui

2165 4389 2323 4459 ιὶπει,
2387 4388 2413 4440 6
2468 4387 2650 4453 Πατὴρ
2709 4387 2880 4468 ὑμῶν,
2929 4387 3072 4466 ἀλλ’,
3110 4393 3138 4445 6
3182 4391 3363 4469 Πατὴρ
3398 4413 3499 4466 μου
3536 4407 3550 4421 ⁸

429 4472 611 4533 Deum
643 4472 897 4535 habeant
930 4473 1268 4554 patrem.De
1300 4471 1578 4534 cordibus
1610 4481 1804 4534 autem
1835 4471 1954 4531 vult
1976 4490 2068 4533 re-

427 4561 725 4642 mitti,non
758 4564 832 4625 de
863 4583 964 4626 ore
996 4563 1296 4627 duntaxat.
1323 4561 1526 4640 Cogita
1549 4560 1725 4640 igitur
1782 4568 2063 4640 quantum

425 4649 642 4712 malum
676 4659 750 4715 sit
779 4649 1868 4735 vindicta:cupiditaszquandoquidem
1892 4649 2063 4710 etiam

421 4740 805 4805 donationem
836 4742 940 4804 Dei
993 4753 1229 4804 revocat
1260 4751 1316 4803 et
1348 4741 1538 4803 irritat
1572 4761 1584 4802 :
1623 4738 1858 4800 tametsi
1905 4738 2062 4798 enim

421 4829 574 4892 dona
598 4831 699 4892 Dei
721 4851 787 4893 ea
818 4833 1213 4914 sint,quorum
1237 4851 1350 4892 non
1385 4829 1665 4910 poeniteat
1689 4827 2062 4907 illum,revo-

425 4927 633 4980 cantur
665 4930 858 4983 tamen
886 4923 992 4984 hac
1014 4922 1239 4984 ratione
1273 4930 1329 4982 et
1350 4919 1682 4980 irritantur.

1020 5013 1266 5079 CAPUT
1300 5011 1449 5076 XIX.

419 5105 507 5167 De
535 5112 974 5188 quaerentibus,
1011 5107 1157 5172 num
1190 5112 1396 5171 liceret
1445 5107 1757 5188 dimittere
1785 5123 2060 5168 uxorem.

733 5192 819 5253 [)e
843 5193 1035 5254 divite
1074 5192 1274 5253 Jesum
1308 5185 1757 5266 interpellante.

495 5369 676 5437 νειιε.
717 5381 766 5449 1,
811 5374 869 5437 2.
911 5400 934 5430 ι(
966 5376 1040 5438 Ει
1072 5374 1289 5436 factum
1322 5382 1410 5434 est
1433 5390 1564 5432 cum
1598 5381 2068 5433 consummasset

415 5461 588 5522 Jesus
610 5481 918 5525 sermones
949 5460 1440 5542 bos,demigravit
1475 5479 1508 5520 a
1537 5458 1798 5532 Galilaza,
1829 5468 1886 5519 et
1909 5461 2066 5522 venit

415 5549 473 5610 in
505 5549 880 5616 tinesJudasaa
917 5561 1078 5614 trans
1097 5551 1509 5620 Jordauem,et
1533 5556 1753 5610 secuta:
1769 5556 1908 5608 sunt
1931 5568 2063 5609 eum

417 5637 604 5701 turba:
635 5641 856 5722 multae,
891 5651 950 5704 et
979 5641 1203 5703 curavit
1233 5659 1333 5702 eos
1362 5638 1506 5700 ibi.»
1544 5637 1763 5698 [terum
1800 5648 2068 5702 versatur

2167 544 2266 600 Καὶ
2296 547 2568 623 κρατήσας
2617 549 2772 603 αὐτὸν
2803 547 3014 626 ἔπνιγε,
3047 550 3220 630 λέγων
3255 571 3269 586 ⁸
3304 550 3530 620 Ἀπόδος
3561 577 3652 629 μοι
3682 553 3735 609 εἴ
3765 576 3814 609 τι

2163 632 2391 710 όερείλεις
2426 649 2440 664 ⁸
2477 637 2656 692 πεσὼν
2688 637 2777 693 οῦν
2825 640 2852 694 6
2898 638 3176 705 σύνδουλος
3225 643 3378 699 αὐτοῦ
3421 645 3495 705 εἰς
3551 644 3670 707 τοὺς
3717 643 3815 699 πό-

2163 719 2252 784 δας
2311 723 2492 799 αύτοῦ,
2551 725 2836 802 παρεκάλει
2889 730 3069 795 αὐτὸν,
3116 727 3289 807 λέγων
3324 746 3337 760 ⁸
3395 733 3813 810 Μακροθύμησον

2164 809 2248 865 ἐπ’
2293 811 2432 888 ἐμοὶ,
2494 815 2582 870 καὶ
2628 816 2799 870 πάντα
2845 837 2924 873 σοι
2961 815 3245 882 ἀποδώσω.
3297 810 3353 877 Ὀ
3382 817 3436 876 δὲ
3481 809 3572 878 οῦκ
3601 819 3804 888 ἤθελεν·

2164 899 2281 955 ἀλλ’
2342 901 2583 959 ἀπελθὼν
2657 901 2843 960 ἕὸαλεν
2903 909 3057 964 αὕτὸν
3116 909 3189 972 εἷς
3272 907 3536 988 φυλακὴν,
3591 908 3690 974 ἕως
3754 911 3814 966 06

2162 989 2343 1065 ἀποδῴ
2396 995 2456 1047 τὸ
2513 992 2888 1072 ὀφειλόμενον,
2929 1018 2952 1051 ο
3017 993 3274 1061 Ἐξελθὼν
3333 1001 3361 1055 6
3417 1001 3808 1079 συγχωρηθεὶς.

2161 1078 2298 1134 οὕτω
2343 1082 2516 1159 πνίγει
2561 1083 2652 1137 τὸν
2709 1081 2992 1142 σύνδουλον
3027 1101 3041 1117 ⁸
3101 1085 3264 1149 οῦδεὶς
3328 1089 3428 1166 γὰρ
3465 1078 3527 1145 ἓν
3565 1096 3640 1164 τῷ
3697 1095 3813 1162 Θεῷ

2160 1168 2358 1247 μένων,
2433 1173 2747 1247 ἀσυμπαθής
2784 1187 2796 1200 ⁸
2863 1172 2984 1228 ἀλλ’
3041 1177 3068 1230 6
3125 1173 3346 1241 ἐξελθὼν
3404 1177 3464 1234 ἐκ
3505 1188 3596 1237 106
3653 1186 3805 1252 Θεοῦ,

2164 1260 2249 1314 καὶ
2307 1259 2584 1339 ἀλλότριος
2641 1260 2840 1321 ἐκείνου
2895 1261 2992 1326 ὧν,
3041 1267 3286 1332 Τοσαύτη
3337 1264 3392 1322 δὲ
3434 1269 3468 1334 ἡ
3523 1267 3808 1348 ἀπανθρω-

2162 1349 2279 1420 πία,
2341 1349 2478 1404 ὥστε
2532 1351 2597 1405 τά
2671 1354 2834 1426 μείζω
2903 1353 3321 1432 συγχωρηθέντα
3399 1355 3656 1435 (τάλαντα
3711 1359 3810 1436 γαρ

2162 1437 2348 1514 μύρια)
2406 1438 2490 1493 ἐπὶ
2547 1454 2666 1504 τοῖς
2719 1438 2995 1496 ἐλάττοσιν
3049 1444 3260 1518 (ἑκατὸν
3305 1445 3404 1522 γὰρ
3434 1442 3677 1524 δηνάρια)
3734 1447 3812 1519 μη

2160 1534 2607 1604 συγγνωμονῆσαι
2639 1528 2803 1600 ὅλως,
2838 1530 2973 1605 μηδὲ
3007 1529 3276 1599 ἀναϐολὴν
3327 1531 3527 1596 δοῦναι,
3565 1538 3804 1614 Καίτοιγε

2160 1617 2186 1668 ὁ
2233 1614 2508 1679 σύνδουλος
2569 1619 2633 1672 τα
2691 1619 2823 1674 αὐτὰ
2878 1620 3092 1696 ῥήματα
3157 1621 3326 1702 λέγει,
3389 1622 3808 1700 ἀναμιμνήσκων

2161 1704 2315 1758 αὺτὸν
2347 1702 2413 1758 δι’
2457 1708 2528 1760 ὧν
2577 1707 2731 1770 ταῦτὸς
2776 1707 2947 1774 ἐσώθη
2984 1727 2998 1742 ⁸
3053 1712 3474 1790 Μακροθύμησον
3527 1713 3650 1792 γὰρ,
3698 1738 3807 1791 φησι

2161 1794 2263 1871 σὶν,
2299 1791 2382 1848 ἐπ’
2415 1792 2555 1869 ἐμοὶ,
2591 1797 2677 1850 καὶ
2709 1793 2966 1852 ἀποδώσω
2997 1820 3099 1860 σοι,

2249 2088 2267 2117 ε
2323 2062 2544 2126 Ἰδόντες
2620 2062 2674 2119 δὲ
2750 2067 2795 2121 οἱ
2853 2062 3121 2122 σύνδουλοι
3193 2067 3352 2123 αὐτοῦ
3404 2069 3468 2124 τά
3524 2071 3804 2146 γενόμενα,

2161 2150 2501 2222 ἐλυπήθησαν
2574 2151 2795 2232 σφόδρα.
2873 2155 2969 2210 Καὶ
3039 2153 3281 2219 ἐλθόντες
3350 2153 3672 2236 διεαάῃησαν
3733 2167 3807 2234 τῷ

2159 2242 2318 2319 κυρίῳ
2375 2243 2573 2297 ἑαυτῶν
2630 2243 2802 2298 πάντα
2857 2244 2921 2299 τὰ
2989 2243 3278 2320 γενόμενα,
3351 2263 3374 2300 ε
3459 2249 3518 2304 Οἱ
3588 2246 3804 2324 ἄγγελοι

2158 2353 2509 2405 μισοπονηροι
2570 2332 2802 2389 ἐντεῦθεν
2858 2333 2942 2388 καὶ
2987 2330 3265 2412 φιλάγαθοι
3317 2336 3586 2414 φαίνονται
3616 2357 3630 2372 ⁸
3659 2340 3799 2394 οὗτοι

2164 2421 2255 2496 γὰρ
2305 2423 2350 2476 οἱ
2403 2419 2675 2476 σύνδουλοι
2709 2442 2723 2457 ⁸
2787 2424 2888 2500 οὔχ
2947 2423 3020 2484 ὡς
3077 2421 3353 2500 ἀγνοοῦντι
3402 2422 3456 2478 δὲ
3499 2431 3574 2498 τῷ
3633 2429 3802 2504 Κυρίῳ

2156 2515 2318 2562 τιῦτα
2369 2507 2636 2584 λέγουσιν,
2686 2507 2808 2563 ἀλλ’
2849 2510 2942 2564 ἵνα
3004 2509 3063 2564 σὺ
3119 2509 3290 2587 μάθῃς
3323 2509 3403 2566 ὅτι
3433 2510 3648 2590 ἄγγελοί
3676 2515 3803 2568 εἰσιν

2157 2594 2333 2674 ἔφοροι
2393 2596 2572 2674 ἡμῶν,
2629 2599 2716 2652 καὶ
2777 2596 2856 2652 ὅτι
2911 2597 3264 2675 ἀγανακτοῦσι
3322 2603 3456 2656 κατά
3482 2607 3588 2656 τῶν
3629 2601 3804 2658 ἀπαν-

2153 2686 2397 2763 θρώπων,

2241 2799 2266 2830 (ι
2299 2776 2430 2834 Τότε
2488 2775 2989 2854 προσκαλεσάμενος
3077 2777 3232 2835 αὐτὸν
3291 2779 3318 2833 6
3378 2779 3556 2857 κύριος
3624 2784 3801 2858 16:06,

2154 2863 2298 2942 λέγει
2350 2870 2492 2939 αὗτῷ
2531 2886 2542 2897 ⁸
2582 2864 2744 2921 Δοῦλε
2797 2867 3023 2945 πονηρὲ,
3061 2874 3236 2922 πᾶσαν
3276 2869 3371 2936 τὴν
3412 2868 3633 2950 ὀφειλὴν
3665 2872 3805 2927 ὲκεί-

2155 2978 2252 3022 νην
2283 2955 2465 3037 ἀφῆκα
2520 2977 2625 3028 σοι,
2687 2955 2801 3012 ἐπεὶ
2853 2955 3220 3036 παρεκάλεσάς
3279 2980 3344 3034 με
3382 2977 3396 2993 ⁸
3447 2961 3543 3015 οὒκ
3574 2959 3675 3017 ἔδει
3719 2963 3805 3019 καὶ

2159 3046 2216 3101 σὲ
2275 3043 2490 3112 ἐλεῆσαι
2534 3046 2624 3100 τον
2669 3043 2945 3102 σύνδουλόν
2976 3068 3068 3102 σου
3112 3049 3186 3111 ὡς
3217 3049 3304 3104 καὶ
3333 3048 3442 3126 ἐγώ
3472 3071 3530 3105 σε
3555 3049 3762 3118 ἠλέησα
3787 3070 3802 3125 ς

2160 3137 2256 3193 Καὶ
2311 3135 2568 3212 ὀργισθεὶς
2655 3136 2690 3202 ἡ
2781 3137 2956 3214 κύριος
3036 3141 3214 3210 αὐτοῦ,
3275 3136 3577 3214 παρέδωκεν
3649 3142 3803 3197 αὐτὸν

2155 3238 2273 3287 τοῖς
2340 3226 2714 3300 βασανισταῖς,
2755 3224 2856 3288 ἕως
2901 3226 2960 3281 οῦ
2992 3225 3173 3300 ἀποδῷ
3223 3231 3328 3283 πᾶν
3371 3229 3430 3283 τὸ
3460 3226 3805 3308 ὀφειλόμενον

2155 3314 2320 3388 αὗτῷ,
2387 3319 2627 3391 Κρίνεται
2699 3311 2782 3371 διὰ
2828 3313 3222 3393 φιλανθρωπίαν
3268 3319 3294 3372 6
3354 3313 3619 3384 δεσπότης
3673 3321 3802 3398 πρὸς

2155 3405 2244 3457 τον
2301 3400 2507 3481 δοῦλον,
2539 3402 2631 3459 ’ἵνα
2665 3399 2804 3479 δείξῃ
2859 3401 2938 3458 ὅτι
2985 3403 3079 3459 οὒκ
3127 3406 3304 3485 αὑτὸς,
3354 3404 3472 3463 ἀλλ’
3507 3408 3538 3475 ἡ
3585 3407 3802 3483 ὠμότης

2155 3499 2247 3547 τοῦ
2307 3489 2490 3547 δούλου
2545 3491 2824 3570 ἀνατρέπει
2866 3493 2963 3560 τὴν
3019 3491 3217 3572 δωρεὰν
3248 3498 3334 3551 καὶ
3361 3498 3395 3564 ἡ
3426 3496 3799 3574 ἀγνωμοσύνη,

2156 3582 2266 3638 Τίσι
2299 3579 2354 3635 δὲ
2410 3581 2760 3657 βασανισταῖς
2813 3581 3134 3662 παραδίδωσι
3172 3601 3187 3658 ς
3222 3595 3628 3663 Τιμωρητικαϊς
3659 3588 3803 3667 τάχα

2155 3668 2458 3744 δυνάμεσιν,
2509 3670 2646 3725 ὥστε
2706 3672 2930 3735 αἰωνίως
2989 3672 3322 3744 κολάζεσθαι,
3376 3677 3447 3731 Τὸ
3485 3675 3608 3753 γὰρ,
3648 3667 3800 3737 Ἐως

2156 3760 2214 3813 οὗ
2270 3757 2450 3816 ἀποδῶ
2509 3761 2566 3814 τὸ
2627 3759 2997 3842 ὀφειλόμενον,
3027 3771 3183 3821 τοῦτο
3229 3765 3502 3838 σημαίνει,
3533 3763 3613 3820 ὅτι
3649 3755 3800 3827 ⁸Ἐως

2153 3848 2273 3904 τότε
2332 3847 2658 3923 κολαζέσθω,
2706 3849 2806 3912 ἕως
2864 3852 2924 3907 06
2971 3851 3153 3927 ἀποδῷ
3189 3869 3201 3882 ⁸
3237 3851 3372 3908 ἀλλὰ
3415 3855 3523 3925 μὴν
3554 3851 3800 3911 οὒδὲποτε

2155 3937 2418 3994 ἀποδώσει
2480 3941 2538 3993 τυ
2594 3937 2944 4018 ὀφειλομένον
2996 3941 3115 4008 ἦτοι
3159 3943 3258 4009 τὴν
3311 3941 3662 4022 ὀφειλομένην
3714 3945 3801 4000 καὶ

2153 4027 2296 4093 ἀξίαν
2326 4029 2584 4106 τιμωρίαν
2619 4047 2634 4062 ⁸
2671 4029 2748 4085 ἀεὶ
2796 4029 2892 4109 ἀρα
2938 4030 3351 4102 κολασθήσεται.

2241 4140 2263 4172 ιι
2315 4116 2466 4174 Ούτω
2526 4119 2612 4173 καί
2671 4121 2698 4174 ὀ
2745 4123 2928 4200 Πατήρ
2997 4144 3100 4196 μου
3154 4124 3181 4177 6
3238 4121 3541 4200 ἰποοράνιος
3586 4125 3801 4194 ποιήσει

2151 4209 2302 4281 ὑμῖν,
2353 4206 2442 4262 ἐὰν
2500 4206 2578 4282 μὴ
2627 4207 2795 4288 ἀφῆτε
2853 4209 3077 4273 ἕκαστος
3135 4218 3212 4286 τῷ
3256 4209 3464 4290 ἀδελφῷ
3494 4214 3650 4270 αὐτοῦ
3696 4213 3800 4270 ἀπὸ

2152 4299 2254 4352 τῶν
2305 4293 2532 4374 καρδιῶν
2589 4297 2736 4373 ὑμῶν
2793 4299 2858 4354 τὰ
2928 4301 3334 4378 παραπτώματα
3376 4301 3569 4361 αὐτῶν.
3607 4326 3635 4358 ι
3693 4305 3801 4361 Οὸκ

3600 4389 3798 4457 ἀνάξιοι

2147 4475 2248 4553 γάρ
2292 4476 2420 4530 εἰσιν
2478 4477 2526 4530 οἱ
2578 4483 2809 4534 τοιοῦτοι
2859 4479 3063 4558 πατέρα
3094 4479 3244 4560 ἔχειν
3275 4481 3364 4535 τὸν
3396 4481 3527 4538 Θεόν
3564 4498 3576 4510 ⁸
3615 4478 3800 4537 ἀπὸδὲ

2147 4565 2242 4630 τῆς
2289 4563 2500 4643 καρδίας
2549 4563 2791 4640 βούλεται
2849 4568 3081 4648 ἀφιέναι,
3135 4567 3255 4624 ἀλλ’
3310 4571 3404 4626 οῦκ
3433 4569 3537 4627 ἀπὸ
3570 4569 3801 4652 χειλέων

2150 4653 2334 4728 μόνον.
2402 4654 2611 4720 Νόησον
2671 4652 2725 4710 δὲ
2783 4657 2871 4711 καὶ
2929 4671 3096 4714 πόσον
3153 4659 3316 4715 κακὸν
3359 4661 3392 4728 ἡ
3445 4664 3795 4735 μνησικακία,

2149 4744 2275 4800 ὅταν
2316 4744 2414 4811 τὴν
2460 4741 2656 4824 δωρεὰν
2702 4755 2794 4803 τοῦ
2849 4753 2980 4803 Θεοῦ
3024 4747 3278 4827 ἀνέτρεψε
3319 4768 3328 4776 ’
3363 4749 3535 4805 καίτοι
3566 4769 3626 4825 γε
3658 4747 3793 4821 ἀμε-

2151 4832 2427 4909 ταμέλητα
2513 4834 2577 4889 τὰ
2661 4836 2972 4914 χαρίσματα
3055 4844 3146 4893 τοῦ
3217 4845 3370 4912 Θεοῦ,
3446 4835 3564 4892 ἀλλ’
3647 4834 3792 4909 ὅμως

2151 4923 2237 4978 ἀνε
2247 4922 2544 4991 τράπησαν,

2770 5019 3177 5091 κεψΑΛ.ιθῖ

2152 5119 2272 5198 Περὶ
2356 5124 2462 5173 τῶν
2573 5117 2984 5198 ἐπερωτώντων,
3101 5123 3144 5178 εἰ
3255 5120 3450 5185 ἔξεστιν
3533 5116 3794 5198 ἀπολῦσαι

2229 5197 2324 5266 τὴν
2409 5197 2678 5276 γυναῖκα,
2748 5203 2870 5278 Περὶ
2941 5209 3033 5260 τοῦ
3107 5201 3542 5279 ἐπερωτήσαντος
3621 5197 3794 5256 πλου-

2229 5280 2342 5338 σίου
2385 5281 2474 5337 τὸν
2503 5279 2736 5346 Ἰησοῦν.

2236 5394 2263 5424 α
2313 5371 2410 5427 Καὶ
2470 5369 2679 5448 ἐγένετο
2737 5371 2823 5428 ὅτε
2868 5370 3106 5428 ἐτέλεσεν
3149 5374 3176 5427 6
3224 5369 3429 5436 Ἰησοῦς
3460 5370 3578 5435 τοὺς
3607 5368 3795 5448 λόγους

2149 5461 2384 5531 τούτους,
2446 5461 2675 5539 μετῆρεν
2718 5461 2822 5518 ἀπὸ
2866 5462 2964 5530 τῆς
3020 5458 3327 5538 Γαλιλαίας,
3389 5460 3474 5514 καὶ
3529 5456 3688 5526 ἦλθεν
3721 5458 3794 5521 εἰς

2149 5551 2215 5606 1‘2
2270 5548 2386 5628 ὅρια
2444 5554 2542 5614 τῆς
2617 5549 2867 5614 ἰουδαίας
2939 5549 3103 5628 πέραν
3177 5557 3269 5606 106
3339 5545 3599 5626 Ἰορδάνου
3637 5566 3648 5581 ⁸
3707 5547 3796 5604 καὶ

2149 5637 2517 5708 ἠκολούθησαν
2575 5645 2717 5713 αὖτῴ
2787 5638 2944 5718 ὄχλοι
3015 5635 3222 5718 πολλοὶ,
3285 5639 3372 5693 καὶ
3457 5636 3796 5716 ἐθεράπευσεν
