4118 6220
311 332 427 400 349
1006 340 1454 403 ΕΝΑΒΗΑΤΙΟ
1498 340 1580 402 IN
1628 337 1937 403 EVANGE

2081 334 2132 396 Μ
2177 339 2572 401 MATTHz’El.
2622 373 2698 384 —
2741 342 2904 403 CAP.
2951 341 3113 402 XIX.
3581 335 3700 403 356

312 477 499 539 αὖτοὺς
562 478 700 536 ἐκεῖ.
743 501 765 534 ι
833 477 997 536 Πάλιν
1055 485 1123 554 τῇ
1179 476 1401 550 Ἰουδαίᾳ
1450 478 1726 552 ἐπιδημεῖ,
1758 478 1851 535 ’ίνα
1882 469 1938 544 μὶ

2073 486 2104 526 n
2135 467 2360 543 Judaea,
2387 477 2449 530 ut
2482 471 2625 532 nihil
2660 479 2988 552 praetexere
3018 471 3245 550 possint
3269 471 3368 553 qui
3404 490 3522 532 non
3555 489 3694 534 cre-

313 563 481 645 ἕχωσι
541 569 945 647 προφασίζεσθαι
1027 570 1075 623 οἱ
1157 567 1500 630 ἀπιστοῦντες
1545 569 1686 624 “τῶν
1760 567 1814 623 ὲν
1896 571 1939 620 τῆ

2073 556 2264 618 lebant
2286 559 2345 620 in
2378 559 2600 634 Iudaea,
2626 561 2783 640 quod
2812 579 2926 621 nou
2958 561 3326 642 frequentius
3352 561 3504 640 apud
3537 560 3699 642 ipsos

313 653 563 736 Ἰουδαίᾳ,
638 656 718 712 ὅτι
759 657 851 736 ,0γῦ
919 656 1296 736 συνεχέστερον
1369 658 1506 732 ἡμῖν
1577 655 1936 736 ἐπεχωρίαζεν

2072 655 2409 723 'ersaretu‘r,
2445 649 2546 710 sed
2579 650 2735 730 apud
2764 650 3056 713 Galileeos.
3094 652 3312 712 lterum
3360 651 3537 728 igitur
3571 658 3698 727 post

309 733 452 791 ἀλλά
503 723 624 800 τοῖς
683 734 978 802 Γαλιλαίοις
1017 723 1244 792 ’μπαλίν
1305 723 1557 808 οὖν’μετα
1587 723 1928 804 τὴῶὂιδισῂ

2071 737 2406 817 loctrinam,
2441 749 2498 800 et
2545 723 2970 800 consummatis
3012 723 3410 804 sermonibus
3441 723 3697 820 sequun-

309 823 429 879 λίαν
485 827 572 881 καὶ
627 827 689 881 τὸ
731 825 1131 894 συντελεσθῆναι
1187 828 1308 892 τοὺς
1366 824 1580 902 λόγους,
1627 825 1935 882 ἀκολουθοῦσ

2076 847 2147 890 ur
2191 827 2496 891 miracula.
2557 829 2802 908 Oportet
2858 829 3016 889 enim
3081 847 3188 889 nos
3249 838 3304 890 et.
3365 828 3580 889 docere
3639 837 3696 887 et

315 915 381 969 τὰ
431 916 697 990 Θαύματα,
756 926 851 970 Δεῖ
920 917 1018 994 γὰρ
1060 917 1204 990 ἡμᾶς
1250 917 1337 971 καὶ
1381 912 1660 989 διδάσκειν,
1704 913 1840 970 ἀλλά
1881 937 1941 970 κα

2067 917 2285 998 iperari
2341 938 2354 978 :
2411 926 2468 979 at
2530 919 2878 998 insipientes
2933 918 3024 979 illi
3079 917 3357 980 Pharisaei
3416 936 3548 978 cum
3604 917 3693 978 vi-

313 1005 566 1080 πράττειν
603 1025 616 1037 ·
676 1001 795 1059 ἀλλ’
875 1007 922 1061 οἱ
978 1005 1192 1071 ἀνόητοι
1263 1012 1550 1084 Φαρισαῖοι
1610 1005 1674 1059 τὰ
1730 1005 1932 1078 Θα·3ματ

2065 1007 2130 1068 sis
2179 1007 2479 1070 miraculis
2526 1012 2835 1088 oportebat
2887 1007 3158 1081 credere,
3233 1015 3481 1070 tentant.
3540 1006 3691 1069 Audi

311 1090 536 1166 {adv-rec,“
597 1091 712 1149 δέον
791 1100 1088 1172 πιστεῦσαι,
1171 1097 1216 1150 οί
1261 1091 1315 1148 δὲ
1370 1091 1701 1170 πειράζουσιν
1738 1113 1750 1126 ·
1812 1089 1937 1147 ἅκου

610 1091 712 1149 Ξέον
791 1100 1088 1172 πιστεῦσαι,
1171 1097 1216 1150 οἱ
1261 1091 1315 1148 δὲ
1370 1091 1701 1170 πειράζουσιν
1738 1113 1750 1126 ·
1812 1089 1966 1147 ἄκουε
2052 1096 2236 1158 enim,

310 1181 437 1258 γάρ·

405 1295 428 1327 e
468 1273 565 1330 Καὶ
625 1270 923 1349 προσῆλθον
979 1275 1120 1345 αὐτῷ
1189 1275 1237 1328 οἱ
1302 1278 1588 1350 Φαρισαῖοι
1633 1271 1966 1350 πειράζοντες

2129 1273 2310 1336 Vens.
2345 1275 2481 1336 3-6.
2523 1295 2550 1334 ί
2582 1275 2652 1337 Et
2709 1284 3089 1338 accesserunt
3129 1275 3199 1337 ad
3252 1293 3386 1336 eum
3418 1273 3699 1336 Pharisaei

317 1363 502 1435 αὐτὸν,
563 1362 648 1416 καὶ
704 1359 948 1438 λέγοντες
983 1380 998 1396 ⁸
1064 1363 1118 1417 Εἰ
1164 1360 1356 1427 ἔξεστιν
1400 1361 1658 1439 ἀνθρώπῳ
1709 1359 1943 1416 ἀπολῦσα

2075 1373 2345 1426 entantes
2375 1364 2629 1437 illum,et
2652 1365 2939 1428 dicentes:
2975 1366 3215 1428 Licetne
3245 1364 3476 1426 homini
3507 1363 3696 1424 divor-

314 1452 416 1518 τὴν
476 1464 702 1528 γυναῖκα
763 1454 918 1508 αὒτοῦ
974 1453 1107 1507 κατά
1153 1451 1324 1506 ττᾶσαν
1356 1451 1565 1528 αἰτίαν;
1621 1442 1677 1506 Ὀ
1729 1447 1778 1503 δέ
1829 1448 1932 1504 ἀπο

2065 1454 2194 1514 .ium
2227 1454 2424 1516 facere
2457 1475 2587 1516 cum
2622 1473 2806 1517 uxore
2835 1475 2939 1516 sua
2965 1455 3226 1536 qualibet
3258 1473 3325 1515 ex
3351 1451 3556 1514 causa?
3588 1453 3691 1524 Qui

314 1541 511 1616 κριθεὶς
557 1541 711 1596 εἶπεν
771 1544 951 1605 αὺτοῖς
984 1560 999 1577 ⁶
1053 1543 1160 1597 Οὔκ
1216 1540 1476 1618 ἀνέγνωτε
1517 1538 1596 1594 ὅτι
1653 1541 1679 1594 6
1737 1539 1935 1608 ποιήσα

2064 1545 2424 1622 reSjiondens
2453 1546 2530 1605 ait
2562 1545 2769 1617 eis,An
2809 1564 2924 1606 non
2959 1545 3181 1622 legistis
3209 1543 3365 1624 quod
3399 1543 3448 1602 is
3469 1544 3565 1622 qui
3600 1545 3655 1604 fe
3677 1577 3690 1586 -

319 1627 415 1684 ἀπ’
471 1631 673 1709 ἀρχῆς,
725 1627 878 1708 ἄρσεν
949 1632 1034 1686 καὶ
1086 1629 1218 1696 Θῆλυ
1298 1629 1544 1695 ἐποίησεν
1601 1629 1786 1691 αὐτούς
1823 1643 1838 1701 ;
1882 1649 1945 1681 κα

2063 1633 2133 1696 cit
2159 1633 2232 1694 ab
2265 1634 2789 1713 initio,masculum
2824 1644 2880 1696 et
2911 1635 3187 1695 feminam
3223 1632 3361 1694 fecit
3391 1636 3582 1693 eos?et
3605 1632 3689 1690 di-

314 1720 477 1774 εἶπεν
511 1734 524 1748 ⁸
589 1719 824 1777 ’Ἕνεκεν
910 1720 1093 1776 τούτου
1176 1718 1483 1794 καταλείψει
1540 1718 1808 1796 ἅνθρωπος
1878 1720 1937 1773 τὸ

2061 1723 2484 1804 xit,Propterea
2511 1724 2750 1785 deseret
2795 1724 2971 1785 homo
3012 1729 3236 1803 patrem
3273 1739 3444 1783 suum
3480 1728 3537 1780 et
3561 1738 3687 1780 ma-

314 1808 519 1886 πατέρα
574 1810 730 1865 αὗτοῦ
786 1813 872 1864 καὶ
943 1810 1040 1875 τὴν
1114 1807 1340 1886 μητέρα,
1405 1811 1492 1865 καὶ
1556 1806 1940 1878 προσκολληθήι

2063 1827 2200 1874 irem
2217 1811 2748 1890 etadglutinabitur
2762 1813 3335 1890 uxorisuaa,eterunt
3356 1809 3471 1870 duo
3486 1808 3542 1868 iu
3569 1826 3689 1868 car-

320 1918 469 1953 σεται
515 1903 582 1973 τῇ
612 1899 817 1975 γυναικὶ
861 1900 1037 1976 αὐτοῦ,
1084 1900 1170 1953 καὶ
1213 1898 1418 1954 ἔσονται
1464 1901 1509 1955 οἱ
1557 1896 1644 1955 δύο
1695 1899 1765 1958 εἷς
1800 1897 1946 1986 σαρκί

2060 1922 2126 1964 ne
2157 1922 2294 1964 una.
2330 1900 2666 1980 ltaquejam
2701 1920 2818 1962 non
2849 1909 2988 1962 sunt
3021 1901 3162 1979 duo,
3197 1899 3298 1960 sed
3354 1915 3468 1958 una
3526 1916 3686 1958 caro.

317 1983 470 2060 μίαν.
534 1976 715 2042 (Ὥστε
762 1990 856 2044 οὐκ
912 1985 988 2042 ἔτι
1038 1989 1134 2043 εἰσὶ
1177 1986 1286 2061 δύο,
1346 1986 1481 2042 ἀλλά
1543 1987 1664 2066 σὰρξ
1709 1987 1824 2060 μία.
1890 1976 1943 2042 υ(

2063 1993 2216 2064 Quod
2250 2012 2388 2070 ergo
2417 1976 2573 2052 Deus
2602 1992 3110 2069 copulavit.homo
3143 1976 3260 2050 non
3290 1996 3545 2067 separet.
3588 2012 3610 2040 ι
3644 1984 3689 2048 0

316 2077 407 2134 οὖν
453 2081 480 2134 6
539 2079 668 2140 Θεὸς
735 2074 1050 2149 συνέζευξεν,
1135 2074 1403 2155 ἄνθρωπος
1462 2076 1540 2151 μή
1599 2075 1894 2156 χωριζέτω,
1939 2099 1942 2129 ι

2060 2082 2472 2162 insipientiam!
2505 2081 2898 2160 epinabantur
2929 2079 3352 2160 ιιυαξεῑίοηίὴυε
3368 2078 3492 2138 suis
3513 2075 3686 2138 Chri-

321 2158 401 2221 ’Ὠ
463 2166 558 2233 τῆς
603 2165 826 2227 ἀνοίαςῙ
885 2166 1050 2238 ᾦοντο
1105 2165 1467 2242 ἑπιστομίσειν
1507 2164 1590 2221 διὰ
1634 2171 1737 2220 τῶν
1769 2165 1947 2242 ἐρωτηι

2065 2158 2201 2232 stum
2225 2190 2290 2233 se
2315 2158 2719 2232 confutaturos
2744 2188 2757 2232 :
2781 2188 2914 2231 nam
2950 2158 3000 2230 si
3043 2169 3286 2230 dixisset
3332 2168 3512 2228 licere
3553 2185 3691 2246 qua-

315 2256 501 2330 ματων
546 2257 633 2310 τὸν
680 2254 902 2332 Χριστόν
937 2275 953 2291 ο
1009 2255 1097 2310 ἐὰν
1155 2256 1254 2334 γὰρ
1315 2257 1448 2332 εἴπῃ
1498 2254 1577 2310 ὅτι
1610 2253 1775 2319 ἔξεστι
1830 2254 1941 2309 κατέ

2065 2279 2280 2342 :unque
2313 2261 2386 2322 de
2416 2279 2592 2321 causa
2623 2260 2920 2321 dimittere
2951 2277 3218 2328 uxorem,
3253 2256 3583 2336 potuissent
3607 2255 3691 2316 illi

316 2351 493 2401 πᾶσαν
535 2344 703 2400 αἰτίαν
774 2342 1023 2399 ἀπολύειν
1091 2344 1187 2410 τὴν
1245 2357 1495 2422 γυναῖκα,
1559 2343 1724 2408 ἕξουσι
1790 2341 1942 2420 λέγει

2063 2341 2249 2412 licere
2285 2371 2298 2410 :
2328 2350 2634 2422 Quomodo
2661 2349 2834 2428 igitur
2867 2348 3098 2420 dixisti,
3130 2346 3215 2409 Ne
3252 2346 3378 2428 quis
3410 2344 3689 2417 dimittat,

318 2439 463 2493 αΰτιῦ
499 2450 514 2464 ⁸
570 2438 690 2498 IIqu
737 2433 825 2489 οὖν
870 2435 1057 2502 εἶπας,
1110 2432 1190 2489 ὅτι
1235 2435 1324 2500 Μὴ
1370 2431 1644 2490 ἀπολυέτω
1688 2453 1767 2494 τις
1813 2433 1855 2486 εἰ
1887 2431 1944 2504 μὶ

2068 2440 2163 2502 tisi
2187 2440 2514 2502 adulteram
2547 2439 2762 2500 solam?
2784 2438 2844 2500 Si
2875 2449 3073 2499 autem
3105 2438 3347 2499 dixisset
3371 2454 3488 2496 non
3514 2433 3694 2496 licere

316 2527 416 2590 τὴν
471 2520 762 2603 μοιχαλίδα
820 2523 980 2597 μόνον
1017 2543 1028 2558 ·
1091 2525 1134 2578 εἰ
1191 2521 1245 2578 δὲ
1308 2521 1439 2598 εἴπῃ
1499 2522 1579 2578 ὅτι
1639 2521 1725 2578 οὖν
1769 2520 1942 2586 ἒξεστί

2065 2529 2348 2592 iimittere
2371 2547 2639 2609 uxorem,
2675 2530 3011 2606 arguissent
3041 2546 3172 2588 eum
3198 2535 3259 2586 ut
3289 2523 3691 2586 adversarium

323 2611 569 2668 ἀπολύειν
620 2613 719 2678 τὴν
775 2625 1023 2689 γυναῖκα,
1085 2609 1417 2667 διαϐαλοῦσιν
1491 2611 1644 2666 αὐτὸν
1701 2613 1774 2673 ὡς
1814 2609 1949 2665 ἀντι-

2065 2618 2691 2698 Hosi.llleenimjussit
2723 2627 2782 2679 ut
2811 2615 3359 2679 dimittereturodio
3390 2613 3591 2676 habita
3606 2615 3691 2691 30,

321 2706 698 2776 νομοθετοῦντα
783 2708 859 2774 τῷ
945 2708 1150 2762 Μωσεῖ,
1243 2701 1478 2764 Ἐκεῖνος
1536 2702 1634 2779 γὰρ
1695 2697 1947 2755 ἐκέλευσει

2070 2717 2111 2770 ιι
2139 2708 2364 2789 absque
2395 2697 2578 2769 ardua
2610 2717 2666 2768 et
2689 2705 3029 2769 rationabili
3079 2723 3273 2766 causa.
3327 2702 3477 2775 Quid
3522 2703 3696 2780 igitur

322 2788 596 2847 ἐκϐάλλειν
652 2790 752 2857 τὴν
805 2793 1146 2864 μισηθεῖσαν,
1190 2789 1278 2845 καί
1321 2790 1485 2868 χωρὶς
1531 2787 1748 2866 εὒλόγου
1779 2788 1941 2851 αἰτίας

2065 2787 2320 2860 Chritus?
2365 2797 2640 2860 Ostendit
2696 2815 2849 2876 opus
2880 2805 2937 2856 et
2971 2794 3398 2874 legislaiionem
3431 2792 3562 2870 ejus
3593 2792 3691 2871 qui

323 2882 381 2940 Τί
424 2885 512 2937 οὖν
549 2883 576 2936 6
623 2881 843 2958 Χριστός
883 2899 898 2952 ;
936 2881 1206 2936 Δεῖκνυσιν
1253 2877 1333 2935 ὅτι
1378 2886 1469 2935 τοῦ
1498 2877 1796 2940 πλάσαντος
1824 2879 1949 2951 ἡμᾶέ

2067 2906 2162 2950 nos
2194 2907 2227 2949 a
2259 2887 2553 2968 principio
2606 2885 2902 2958 formavit,
2957 2903 3089 2945 esse
3122 2881 3578 2959 monogamiam.
3608 2880 3693 2943 Ab

320 2970 370 3036 έξ
429 2971 605 3051 ἀρχῆς
663 2969 818 3048 ἔργον
886 2969 994 3025 ἐστὶ
1069 2971 1156 3025 καὶ
1215 2968 1492 3043 νομοθεσία
1548 2970 1581 3035 ἡ
1641 2967 1940 3044 μονογαμία

2069 2978 2223 3040 uitio
2273 2975 2430 3037 enim
2487 2995 2667 3036 unum
2731 2973 3035 3053 conjunxit
3092 2972 3198 3035 Dei
3231 2971 3330 3032 uni
3365 2988 3379 3032 :
3415 2980 3589 3050 atque
3621 2971 3695 3030 ita

322 3060 412 3126 Ἐξ
470 3061 647 3140 ἀρχῆς
691 3061 813 3137 γὰρ,
860 3061 1040 3139 φησὶν,
1081 3059 1173 3114 ἕνα
1218 3057 1508 3128 συνέζευξεν
1557 3060 1584 3114 6
1643 3059 1772 3118 Θεὸς
1821 3057 1914 3131 μίᾶ

2064 3086 2169 3128 non
2198 3073 2430 3145 oportet
2463 3084 2643 3125 unum
2677 3063 2864 3124 virum
2899 3062 3178 3142 conjungi
3202 3059 3401 3122 multis
3425 3058 3690 3120 mulieri—

322 3153 459 3208 ὥστε
519 3151 576 3207 οὔ
632 3149 715 3206 δεῖ
771 3150 860 3205 ἕνα
916 3147 1072 3227 ἄνδρα
1148 3148 1374 3211 πολλαῖς
1435 3148 1805 3220 συθεὶπτεσθαι,
1853 3145 1948 3204 οὒδί

2075 3175 2188 3232 ωε,
2229 3173 2420 3234 neque
2447 3153 2758 3214 mulierem
2793 3171 2968 3213 unam
2994 3151 3138 3213 viris
3173 3149 3367 3211 multis
3397 3170 3410 3212 :
3465 3149 3566 3209 sed
3600 3168 3701 3209 eos

324 3243 447 3317 μίαν
492 3239 719 3302 πολλοῖς
754 3258 767 3272 ·
805 3236 924 3294 ἀλλ’
955 3241 1028 3303 ὡς
1057 3238 1109 3304 εξ
1153 3239 1327 3318 ἀρχῆς
1357 3240 1732 3317 συνεζύγησαν,
1766 3236 1950 3312 μένειν1

2074 3246 2209 3307 sicut
2249 3243 2322 3306 ab
2364 3243 2529 3304 initio
2563 3243 2866 3319 conjuncti
2907 3242 3167 3314 fuerunt,
3207 3257 3471 3310 manere,
3509 3257 3700 3316 neque

327 3331 406 3404 μὴ
460 3329 792 3392 διασπῶντας
853 3329 948 3396 τὴν
1008 3328 1306 3393 συνοίκησιν
1352 3327 1584 3406 ἀλόγως·
1619 3329 1711 3384 οὐκ
1743 3331 1862 3383 εἷπε
1887 3325 1953 3400 δὲ,

2075 3334 2281 3415 ibsque
2304 3352 2481 3395 causa
2515 3333 3006 3394 cohabitationem
3033 3330 3348 3392 divellere.
3383 3327 3508 3390 Non
3560 3327 3701 3388 dicit

325 3423 405 3477 ὅτι
461 3421 605 3497 Ἐγὼ
648 3419 873 3486 ἐποίησα
905 3418 1058 3497 ἔρσεν
1089 3420 1175 3475 καὶ
1216 3417 1367 3490 θῆλυ,
1401 3417 1494 3474 ’ίνα
1538 3419 1615 3493 μὴ
1660 3417 1839 3493 πλήξῃ
1870 3418 1951 3472 αἱ·

2073 3435 2278 3498 iutem,
2317 3422 2440 3504 Ego
2493 3423 2604 3484 feci
2657 3421 2984 3483 masculum
3022 3433 3080 3482 et
3110 3419 3414 3489 feminam,
3460 3416 3595 3475 IOO
3626 3435 3699 3478 ne

325 3511 473 3585 τοὺς,
534 3506 656 3564 ἀλλ’
726 3508 1005 3584 ἀορίστως,
1067 3510 1094 3563 6
1150 3509 1402 3577 ποιήσας.
1448 3507 1628 3570 Οὕτως
1673 3511 1780 3580 οὖν,
1815 3508 1941 3586 φησί

2057 3515 2188 3596 plus
2237 3532 2340 3575 eos
2392 3521 2728 3591 exasperet;
2763 3511 2892 3586 sed,
2926 3509 2982 3572 Is
3015 3510 3114 3591 qui
3163 3509 3324 3596 fecit,
3359 3505 3668 3596 indefinite

324 3597 775 3676 περισπούδαστόν
820 3601 928 3653 ἔστι
973 3602 1050 3670 τῷ
1107 3603 1222 3670 Θεῷ
1270 3599 1331 3653 τὸ
1386 3603 1485 3664 τῆς
1543 3599 1783 3674 συζυγίας
1843 3597 1950 3673 ἀγα

2071 3603 2249 3682 Atque
2281 3603 2363 3663 ita
2394 3601 2535 3661 dicit
2569 3601 2820 3661 maxime
2860 3619 3016 3660 cura:
3069 3599 3248 3659 fuisse
3292 3595 3413 3658 Deo
3440 3595 3697 3674 conjugii

323 3691 436 3767 θον,
497 3687 633 3745 ὥστε
692 3687 779 3742 καὶ
818 3687 937 3748 τοὺς
987 3699 1163 3764 γονεῖς
1209 3691 1580 3766 συνεχώρησεν
1624 3685 1848 3766 ἀφιέναι,
1886 3708 1949 3740 κα

2070 3697 2302 3768 bonum,
2341 3698 2403 3753 ut
2454 3689 2796 3769 permiserit
2851 3689 3026 3751 etiam
3064 3696 3338 3767 parentes
3368 3685 3608 3758 dimitti,
3640 3695 3696 3746 et

322 3776 612 3835 κολλᾶσθαι
657 3789 772 3841 τοῖς
830 3773 1096 3853 ἀνδράσιν,
1163 3777 1281 3839 Πῶς
1321 3774 1374 3831 δὲ
1418 3775 1471 3832 ἐν
1519 3775 1614 3851 μὲν
1665 3781 1731 3851 τῇ
1765 3775 1947 3830 Γενέσε

2068 3781 2195 3842 viris
2222 3782 2549 3842 adhaerere.
2585 3777 2888 3850 Quomodo
2932 3785 3126 3838 autem
3159 3777 3216 3835 in
3253 3774 3468 3837 Genesi
3502 3772 3694 3852 scrip-

325 3866 618 3946 γέγραπται
649 3864 730 3921 ὅτι
763 3867 790 3920 'o
841 3863 1009 3940 Ἀδὰμ
1062 3865 1184 3920 εἶπε
1242 3867 1324 3940 τὸ,
1373 3863 1514 3921 Ἀντὶ
1561 3866 1746 3921 τούτου
1800 3887 1951 3920 κατα·

2072 3889 2178 3931 .um
2211 3877 2302 3930 est
2335 3887 2349 3931 :
2384 3868 2571 3928 Adam
2598 3867 2765 3941 dixit,
2803 3869 3121 3946 Propterea
3141 3863 3378 3925 deseret
3405 3863 3581 3922 homo
3603 3879 3698 3938 pa-

325 3955 497 4030 λείψει
554 3953 824 4032 ἄνθρωπος
872 3954 962 4009 τὸν
1035 3953 1236 4026 πατέρα
1282 3953 1438 4010 αὒτοῦ
1485 3955 1570 4010 καὶ
1612 3954 1710 4020 τὴν
1741 3951 1946 4030 μητέρι

2070 3969 2204 4021 irem
2239 3975 2410 4018 suum
2464 3963 2524 4018 et
2555 3964 2804 4017 matrem
2846 3956 2927 4032 δίς
2961 3956 3058 4017 hic
3089 3963 3284 4016 autem
3318 3951 3463 4014 dicit
3491 3948 3696 4012 Chris-

327 4046 548 4102 ἰνταῦθα
581 4040 635 4098 δέ
665 4064 825 4121 φησιν
857 4045 884 4098 6
918 4045 1138 4121 Χριστὸς
1169 4042 1248 4098 ὅτι
1281 4045 1308 4099 ὁ
1339 4045 1468 4107 Θεὸς
1501 4043 1654 4100 εἶπεν
1689 4059 1702 4072 '
1742 4033 1953 4100 ’Ἕνεκε

2072 4059 2150 4109 tus
2177 4069 2189 4110 :
2225 4049 2384 4110 Deus
2409 4044 2576 4116 dixit,
2611 4049 2931 4126 Propterea
2959 4045 3217 4117 deseret,
3250 4061 3317 4103 ac
3339 4037 3579 4102 caetera?
3606 4037 3698 4098 Di-

324 4135 515 4191 τούτου
564 4130 900 4211 καταλείψει,
947 4134 1035 4188 καὶ
1078 4134 1141 4186 τὰ
1175 4129 1294 4198 Eii“;
1325 4152 1340 4212 ;
1374 4133 1612 4210 Λέγομεν
1654 4133 1743 4188 οὖν
1775 4131 1856 4188 ὅτι
1888 4153 1950 4186 κα

2072 4137 2248 4198 :imus
2278 4135 2454 4214 igitur
2485 4134 2640 4214 quod
2681 4143 2738 4196 et
2781 4136 2836 4195 id
2869 4136 3022 4216 quod
3057 4135 3240 4196 Adam
3267 4132 3443 4209 dixit,
3478 4147 3544 4190 ex
3579 4127 3698 4189 Deo

326 4224 356 4279 ὃ
406 4225 561 4278 εἶπεν
619 4223 646 4276 6
704 4218 896 4296 Ἀδὰμ,
945 4221 1005 4276 ἐκ
1051 4228 1182 4278 Θεοῦ
1232 4223 1385 4277 εἶπεν
1419 4239 1434 4255 ⁶
1466 4221 1601 4277 ὥστε
1632 4224 1659 4278 6
1690 4231 1780 4280 τοῦ
1806 4218 1952 4295 Ἀδὰμ

2073 4226 2224 4299 iixit,
2251 4233 2427 4304 atque
2459 4225 2535 4284 ita
2564 4242 2762 4286 sermo
2796 4226 2938 4286 Adae
2972 4225 3075 4289 Dei
3101 4221 3404 4301 est.Igitur
3433 4217 3570 4299 quia
3589 4235 3699 4276 una

326 4310 484 4388 λόγος
545 4315 639 4366 τοῦ
697 4316 828 4367 Θεοῦ
889 4310 1048 4370 ἐστιν,
1114 4309 1264 4368 Ἐπεὶ
1324 4310 1491 4367 τοίνυν
1548 4311 1640 4381 μία
1699 4309 1822 4390 σὰρξ
1855 4308 1952 4386 έγέ·

2070 4331 2196 4376 caro
2225 4313 2360 4375 facti
2391 4321 2548 4387 sunt,
2587 4323 2644 4374 et
2697 4323 2938 4394 propter
2994 4313 3209 4375 coitum
3263 4319 3320 4372 et
3370 4307 3696 4370 naturalem

325 4421 499 4478 νοντο,
561 4400 648 4455 καὶ
711 4396 796 4454 διὰ
851 4403 949 4466 τὴν
995 4399 1129 4473 μίξιν
1186 4401 1270 4455 καὶ
1327 4403 1424 4465 τὴν
1469 4401 1693 4478 φυσικὴν
1747 4399 1951 4477 στοργὴ

2070 4419 2321 4464 amorem
2347 4402 2714 4462 cohmrentes
2743 4419 2756 4464 :
2789 4401 2938 4464 sicut
2966 4403 3212 4482 impium
3247 4410 3332 4461 est
3363 4416 3529 4458 suam
3565 4413 3696 4456 car—

325 4487 684 4563 κολλώμενοι,
719 4488 900 4565 ὥσπερ
929 4487 1111 4566 έναγές
1168 4491 1278 4544 ἔστι
1337 4491 1396 4544 τὸ
1439 4489 1536 4556 τὴν
1587 4488 1778 4546 οἰκείαν
1839 4488 1951 4564 σάρ·

2074 4510 2196 4552 mem
2242 4490 2528 4564 dividere,
2558 4491 2636 4551 ita
2665 4499 2724 4551 et
2751 4493 3031 4573 conjuges
3061 4491 3366 4552 divellere.
3397 4488 3524 4548 Non
3555 4485 3700 4545 dixit

325 4601 394 4634 κα
449 4578 683 4652 τέμνειν,
731 4576 866 4633 οὕτω
910 4579 996 4632 καὶ
1041 4580 1100 4632 τὸ
1143 4575 1365 4650 διασπᾷν
1409 4579 1529 4642 τοὺς
1575 4579 1844 4656 συζύγους⁶
1881 4580 1951 4634 0-3:

2067 4589 2279 4658 autem,
2314 4577 2398 4640 Ne
2429 4588 2664 4660 separet
2693 4585 2912 4655 Moses,
2946 4600 3021 4644 ne
3073 4579 3338 4641 turbaret
3368 4577 3522 4650 illos,
3567 4575 3693 4640 sed.

327 4671 448 4722 εἷπε
507 4663 587 4746 δὲ,
769 4667 1044 4746 χωριζέτω
1101 4672 1324 4747 Μωσῆς,
1357 4667 1450 4723 ’ίνα
1495 4669 1570 4742 μὴ
1629 4667 1824 4746 ταράξῃ
1873 4667 1953 4721 αὒ-

2071 4687 2234 4731 aomo
2285 4668 2638 4749 simpliciter
2691 4690 2706 4730 :
2759 4671 3079 4732 ostendens
3132 4679 3412 4750 quantum
3475 4663 3697 4725 intersit

325 4757 473 4830 τοὺς,
533 4754 651 4812 ἀλλ’
705 4755 973 4834 ἄνθρωπος
1023 4755 1224 4827 ἁπλῶς,
1261 4754 1504 4813 δεικνύων
1548 4760 1608 4813 τὸ
1665 4757 1825 4833 μέσον
1883 4764 1951 4811 τοὶ

2072 4769 2212 4820 .nter
2259 4756 2443 4820 Deum
2488 4759 2966 4837 conjungentem,
3003 4767 3058 4820 et
3107 4757 3406 4819 hominem
3462 4755 3698 4814 solven-

329 4842 668 4915 συζεύξαντος
702 4851 835 4902 Θεοῦ
864 4847 948 4900 καὶ
980 4853 1069 4900 τοῦ
1099 4843 1398 4909 διαλύοντος
1431 4846 1724 4925 ἀνθρώπου.
2059 4856 2201 4909 lem.

414 4953 442 4987 α
485 4933 738 5012 Λέγουσιν
789 4934 952 5014 αὐτῷ,
985 4935 1045 4992 Τί
1087 4936 1175 4990 οὖν
1229 4937 1429 5002 Μωσῆς
1480 4935 1772 4992 ἐνετείλατο
1799 4933 1971 4993 δοῦναι

2141 4939 2325 5000 Vens.
2357 4935 2493 4996 7-9.
2529 4961 2552 4989 «
2583 4934 2797 4999 Dicunt
2827 4938 3074 5019 illi,Cur
3108 4935 3280 5018 igitur
3311 4933 3500 4996 Moses
3525 4931 3698 5012 jussit

326 5018 525 5097 βιϐλίον
552 5022 894 5095 ἀποστασίου,
959 5023 1044 5080 ιιαὶ
1096 5021 1356 5080 ἀπολῦσαι
1410 5025 1620 5099 αὗτήν;
1669 5025 1822 5104 Λέγει
1879 5027 1952 5080 αὖ·

2074 5023 2200 5086 lare
2225 5022 2489 5086 libellum
2524 5025 2850 5102 repudii,et
2879 5018 3181 5089 dimittere
3229 5030 3390 5086 eam?
3423 5023 3518 5085 Ait
3560 5020 3700 5089 illis,

325 5122 466 5184 τοῖς,
531 5109 612 5166 ὅτι
676 5117 876 5178 Μωσῆς
963 5112 1092 5189 πρὸς
1166 5115 1263 5179 τὴν
1342 5112 1760 5192 σκληροκαρδίαν
1830 5116 1951 5190 ὑμῶν

2076 5115 2256 5177 lloses
2278 5113 2348 5173 ad
2373 5113 2650 5175 duritiam
2679 5115 2876 5178 cordis
2898 5116 3077 5178 vestri
3103 5114 3375 5197 permisit
3399 5111 3565 5172 vobis
3613 5128 3702 5168 re-

325 5199 612 5279 έπέτρεψεν
669 5203 799 5276 ὑμῖν
857 5200 1114 5259 ἀπολῦσαι
1173 5204 1263 5262 τας
1317 5217 1575 5281 γυναῖκας
1646 5205 1816 5279 ὑμῶν,
1883 5204 1951 5260 ἀπ

2071 5201 2313 5282 pudiare
2343 5220 2556 5264 uxores
2586 5211 3116 5284 vestras,ca3terum
3146 5203 3312 5266 initio
3336 5221 3453 5264 non
3477 5200 3697 5262 fuitsic.

328 5289 504 5368 ἀρχῆς
559 5289 615 5346 δὲ
660 5292 720 5349 οὗ
751 5290 968 5370 γέγονεν
1010 5289 1195 5356 οὕτως,
1247 5293 1399 5370 Λέγω
1447 5291 1500 5348 δὲ
1547 5295 1674 5368 ὑμῖν
1706 5293 1784 5350 ὅτι
1817 5295 1873 5358 ὃς
1919 5292 1949 5349 ἃ

2079 5291 2207 5354 Dico
2237 5299 2433 5351 autem
2464 5291 2650 5363 vobis,
2700 5295 2856 5372 quod
2909 5294 3244 5376 quicunque
3298 5288 3705 5373 repudiaverit

403 5457 469 5508 30
497 5457 670 5522 Deut.
702 5476 861 5541 xxiv,
893 5458 954 5524 3.
1038 5460 1092 5509 51
1127 5459 1277 5524 Gen.
1311 5476 1375 5534 ιι,
1408 5461 1508 5523 94.

405 5625 493 5707 (a)
528 5626 683 5690 Edit.
719 5630 852 5694 Lut.
885 5629 1110 5707 omisit,
1147 5641 1206 5692 et
1236 5636 1518 5693 matrem.
