4118 6220
457 289 566 357 851
1411 305 2002 367 THEOPHYLACTI
2049 302 2460 364 BULGARI£
2503 302 2862 364 ARCHIEP.
3727 301 3850 366 352

462 449 523 487 ιμ
547 449 710 491 orem
754 451 943 506 suam,
965 435 1076 495 nisi
1111 438 1188 496 ob
1218 445 1510 516 stuprum.
1547 447 1602 498 et
1632 438 1806 499 aliam
1841 438 2067 501 duxerit

2160 433 2429 511 ,ἀπολύσῃ
2489 437 2588 503 τὴν
2643 451 2870 514 γυναῖκα
2940 437 3096 493 σί)τοῦ
3173 439 3249 511 μη
3308 437 3393 494 ἐπὶ
3456 440 3692 518 πορνείᾳ,
3755 437 3843 494 καὶ

460 519 502 576 is
527 523 837 582 committit
867 523 1335 587 adulterium.Et
1377 526 1475 607 qui
1503 527 1864 606 repudiatam
1916 529 2066 589 duxe

2186 527 2412 602 γαμήση
2449 524 2640 599 ἄλλην,
2709 533 2993 606 μοιχᾶται,
3027 528 3125 583 Καὶ
3153 529 3182 583 0
3212 526 3619 604 ἀπολελυμένην
3649 530 3839 606 γαμή-

453 608 550 700 rit,
585 610 632 700 is
657 611 1013 700 adulterium
1047 616 1379 678 committit.
1422 641 1447 671 ι
1471 618 1618 678 Cum
1655 616 1939 681 vidissent
1955 619 2067 681 Pha

2185 636 2304 689 σας,
2340 621 2623 694 μοιχᾶται,
2662 638 2688 670 ι
2739 617 2799 671 Οἱ
2855 622 3146 693 Φαρισαῖοι
3207 614 3403 680 ἰδόντες
3460 615 3540 672 ὅτι
3592 617 3619 673 ὁ
3648 617 3845 700 ,Κύριος

452 696 606 758 τὶεεοί
639 699 796 778 quod
829 700 1111 764 Dominus
1135 703 1299 784 ipsos
1330 705 1719 786 confulasset,
1747 707 1937 769 coacti
1967 708 2063 770 t‘ue

2186 703 2534 778 ἐπεστόμισεν
2586 707 2798 782 αὐτοὺς,
2884 705 3294 782 ἠναγκάσθησαν
3351 703 3574 785 λοιπὸν,
3633 706 3721 762 καὶ
3769 707 3843 768 εἰς

450 795 589 848 runt
615 798 818 866 postea
849 791 906 850 in
932 793 1189 854 medium
1227 795 1439 855 atl‘erre
1461 796 1662 857 Mosen
1695 797 2067 859 contradicen

2187 791 2348 865 μέσον
2414 791 2598 869 ἄγουσι
2681 794 2773 848 τὸν
2863 798 3094 860 Μωυσῆν
3177 794 3679 870 ἀντινομώετοῦντα
3763 803 3844 868 τῳ

453 883 569 937 tem
609 877 850 974 Christo
881 903 895 941 :
926 889 1009 974 et_
1038 881 1265 954 dicunt,
1318 882 1628 974 Quomodo
1675 885 1854 963 igitur
1901 888 2064 949 Mose

2177 887 2409 956 Χριστῷ,
2458 883 2544 937 καὶ
2598 902 2724 961 φασι
2762 897 2776 911 ⁸
2826 887 2948 945 Πῶς
2994 881 3081 939 οὗν
3138 886 3339 951 Μωσῆς
3395 881 3692 974 ἐνετείλατο
3749 885 3840 960 βι-

450 966 748 1076 man'davit
776 968 917 1031 dare
949 970 1165 1032 librum
1200 971 1456 1051 repudii,
1491 981 1549 1033 et
1599 973 1932 1076 dimittere?
1957 975 2067 1076 ,Igi

2175 965 2320 1027 ϐλίον
2396 969 2718 1027 ἀποστασίου
2804 969 3002 1049 δοῦναι,
3091 972 3180 1026 καὶ
3249 969 3559 1047 ἀπολύειν;
3620 965 3676 1029 Ὀ
3748 973 3839 1030 οὖν

449 1061 545 1115 tur
570 1055 855 1118 Dominus
879 1068 1115 1121 vertens
1141 1077 1378 1123 omnem
1411 1064 1843 1125 accusationem
1871 1065 1932 1126 in
1955 1066 2067 1126 illo‘

2179 1060 2364 1132 Κύριος
2426 1058 2750 1138 περιτρέπων
2805 1061 2866 1115 τὸ
2909 1065 3012 1116 πᾶν
3070 1065 3168 1125 τῆς
3225 1061 3545 1139 κατηγορίας
3602 1062 3675 1124 είς
3736 1061 3838 1128 τὴν

449 1162 579 1204 rum
634 1156 828 1224 caput.
882 1167 986 1226 pro
1045 1151 1206 1211 Mose
1256 1151 1579 1228 respondet
1632 1171 1700 1213 ac
1739 1152 1919 1216 dicit:
1958 1158 2067 1218 No:

2173 1145 2390 1202 ἐκείνων
2446 1147 2706 1227 κεφαλὴν,
2796 1148 2924 1226 ὑπὲρ
3010 1149 3244 1212 Μωσέως
3311 1148 3684 1228 ἀπολογεῖται,
3744 1171 3840 1232 καί

446 1234 739 1295 contraria
788 1235 908 1299 Deo
963 1241 1160 1300 Moses
1217 1239 1544 1312 constituit,
1581 1241 1683 1301 sed
1729 1243 1799 1302 ad
1832 1255 2067 1304 vestran

2171 1258 2333 1314 φησιν
2370 1255 2386 1271 ⁶
2433 1236 2539 1292 Οὔκ
2617 1236 2826 1293 ἐναντία
2875 1244 2952 1310 τῷ
3021 1242 3137 1310 Θεῷ
3192 1239 3220 1292 ὀ
3269 1242 3468 1307 Μωσῆς
3526 1241 3823 1314 νομοθετῶν

445 1320 728 1382 duritia't‘.
762 1325 873 1384 hoc
907 1327 1303 1403 pronuntiavit
1332 1347 1344 1391 :
1384 1347 1457 1390 ne
1494 1337 1742 1431 propter
1788 1330 2067 1431 intempe-

2170 1325 2324 1381 τοῦτό
2383 1347 2567 1403 φησιν,
2631 1325 2765 1381 ἀλλά
2822 1329 2952 1403 πρὸς
3033 1327 3130 1393 τὴν
3207 1326 3464 1405 ὑμετέραν
3533 1328 3830 1407 μοχθηρίαν

2236 1412 2385 1431 -.
2531 1415 2581 1431 ,ι
3053 1413 3668 1431 ......-..

441 1412 696 1472 rantiaza
747 1414 1009 1477 volentes
1056 1417 1185 1477 aliis
1239 1419 1542 1496 conjungi,
1578 1419 1934 1483 occideretis
1968 1422 2067 1500 pri

2169 1420 2324 1469 τοῦτο
2369 1412 2749 1488 ἐνομοθέτησεν
2783 1430 2796 1443 ·
2845 1415 2938 1470 ἵνα
3002 1415 3081 1489 μὴ
3135 1413 3212 1471 δι’
3253 1414 3542 1474 ἀκολασίαν
3590 1416 3831 1481 Θέλοντες

443 1519 567 1559 mas
603 1517 841 1563 uxores.
879 1506 1020 1565 Nam
1045 1524 1176 1566 cum
1210 1516 1411 1568 essent
1462 1507 1793 1586 inhumani,
1827 1510 2067 1572 occidis-

2172 1504 2372 1580 ἑτέραις
2429 1517 2691 1584 συνεῖναι,
2778 1503 3004 1570 ἀνέλητε
3082 1506 3176 1567 τὰς
3234 1504 3489 1583 προτέρας
3541 1520 3824 1582 γυναῖκας,

2171 1588 2214 1606 ν.
2536 1593 2546 1606 .
2657 1593 2680 1606 υ
2872 1592 2884 1606 .
2949 1593 2959 1606 .
3181 1591 3204 1606 ..
3333 1593 3343 1606 .
3584 1597 3608 1606 _
3816 1597 3824 1606 .

441 1592 840 1669 sentuxores,
875 1593 923 1652 si
956 1595 1143 1655 coacti
1175 1595 1420 1656 fuissent
1452 1615 1692 1657 servare
1725 1598 1886 1658 illas:
1927 1619 2067 1660 num

2171 1588 2432 1658 Ἀπηνεῖς
2493 1593 2592 1671 γὰρ
2647 1593 2817 1664 ὄντες,
2867 1592 3109 1672 ἐφόνευον
3175 1591 3236 1648 ἂν
3294 1593 3388 1654 τὰς
3447 1597 3733 1674 γυναῖκας,
3786 1597 3832 1650 εί

439 1682 631 1738 autem
661 1678 924 1741 libellum
954 1682 1186 1744 divortii
1230 1684 1407 1763 jussit
1437 1685 1564 1744 dari
1602 1686 1692 1745 his
1722 1705 1852 1765 quae
1882 1706 1915 1748 a
1945 1689 2067 1748 viri:

518 1760 571 1788 2,.
612 1766 636 1788 L
655 1786 671 1788 _
690 1766 714 1788 l,
767 1768 781 1788 ε
887 1780 897 1788 .
1035 1771 1077 1788 n
1276 1783 1286 1788 _
1463 1773 1495 1788 ,ο
1707 1773 1720 1788 ι
1751 1775 1762 1785 .
1871 1777 1880 1786 .
2021 1779 2031 1788 .

2170 1680 2531 1758 ἠναγκάζοντο
2607 1683 2858 1760 κατέχειν
2932 1678 3116 1746 αὖτάς,
3177 1687 3280 1738 Νῦν
3323 1678 3379 1737 δί
3433 1680 3636 1758 βιϐλίον
3685 1685 3832 1741 01:0-

2311 1772 2321 1788 .
2595 1771 2601 1783 ι
2679 1769 2698 1788 ρ
2807 1768 2907 1788 μα,
3144 1783 3167 1788 _
3485 1771 3494 1784 ι
3802 1774 3813 1788 .

440 1760 577 1828 υ.Ξο
608 1766 999 1878 habebantur.
1035 1771 1152 1849 Ego
1195 1760 1389 1833 autem
1437 1773 1574 1834 dico
1633 1760 1818 1853 vobis,
1867 1777 2067 1855 inquit

443 1854 588 1878 ____J
925 1869 937 1878 ,
1384 1863 1408 1878 ..
1518 1863 1529 1874 .
1613 1872 1622 1878 ,
1769 1873 1779 1878 ,
1873 1865 1908 1877 ..

2168 1772 2384 1825 στασίου
2443 1769 2729 1844 προσέταξε
2801 1768 2996 1826 διδόναι
3074 1783 3195 1832 ταῖς
3268 1771 3613 1846 μισουμέναις
3684 1774 3829 1847 παρὰ

2213 1864 2232 1872 ’-
2325 1859 2336 1876 ν
2387 1857 2408 1878 5
2458 1866 2472 1873 -
2573 1857 2628 1878 ,αἱ
2684 1860 2695 1878 \
2751 1856 2792 1878 ’λλ
2845 1857 2864 1878 \
2891 1859 2899 1872 '
3034 1859 3046 1877 ε
3106 1872 3130 1878 _
3339 1860 3352 1877 ἢ
3448 1858 3473 1878 η
3596 1862 3606 1876 ν

437 1854 589 1933 quod
611 1853 828 1918 bonum
855 1869 943 1920 est
967 1879 1209 1923 uxorem
1227 1881 1356 1942 quas
1381 1863 1664 1924 fornicata
1697 1873 1806 1936 est,
1835 1853 2067 1943 ejicere,

2165 1864 2270 1913 τῶν
2316 1857 2536 1937 ἀνδρῶν,
2573 1857 2716 1936 Ἐγὼ
2745 1856 2800 1914 δὲ
2844 1857 2987 1936 λέγω
3029 1859 3180 1933 ὑμῖν,
3229 1860 3410 1938 φησὶν,
3445 1858 3525 1916 ὅτι
3555 1862 3655 1928 τὴν
3684 1883 3826 1940 πορ-

436 1951 707 2022 tanquam
742 1947 1158 2013 adulteram.Si
1181 1951 1312 2031 quis
1335 1961 1529 2012 autem
1559 1953 1804 2032 ejecerit
1826 1955 2067 2034 aliquam

2165 1951 2435 2003 νευθεῖσαν
2494 1961 2722 2024 γυναῖκα
2778 1945 2943 2003 καλὸν
3013 1944 3289 2003 ἐκϐάλλειν
3347 1949 3422 2010 ὡς
3481 1947 3824 2029 μοιχαλίδαο

435 2049 564 2109 qum
597 2051 712 2094 non
739 2045 825 2096 est
856 2037 1161 2112 fornicata,
1193 2055 1400 2100 auc:or
1426 2041 1490 2090 52
1521 2041 1587 2103 tit
1641 2041 1725 2102 illi
1781 2033 2067 2106 adulterii.

437 2121 621 2142 Lb...
745 2141 752 2142 ,
811 2133 823 2142 ,
1100 2128 1111 2142 .
1231 2128 1242 2138 .
1355 2129 1391 2142 ..
1549 2136 1559 2142 .
1622 2129 1658 2142 ..
1777 2132 1787 2142 .

2166 2035 2262 2092 ἐὰν
2317 2033 2370 2090 δὲ
2430 2037 2527 2103 τὴν
2587 2037 2664 2110 μὴ
2722 2039 3097 2112 πορνευθεῖσαν
3154 2033 3356 2114 ἐκϐάλῃ
3400 2059 3504 2113 τις,
3551 2040 3828 2116 παραίτιος

436 2121 700 2220 Intellige
731 2133 925 2185 autem
957 2128 1111 2206 quod
1147 2128 1244 2207 qui
1298 2129 1567 2192 adhaaret
1620 2129 1894 2230 Domino,
1933 2153 2051 2194 unu

2181 2125 2313 2201 αὖτῇ
2369 2127 2566 2203 γίνεται
2620 2128 2868 2205 μοιχείας
2906 2144 2921 2158 ⁸
2976 2127 3084 2181 νόει
3116 2123 3169 2180 δὲ
3199 2127 3284 2182 καὶ
3313 2134 3492 2207 τοῦτο,
3526 2127 3607 2183 ὅτι
3634 2129 3662 2183 ὁ
3692 2127 3822 2186 κολ-

2178 2213 2195 2230 κ
2232 2215 2242 2230 .
2504 2223 2521 2230 -
2619 2226 2651 2230 __
2731 2216 2742 2230 .
2899 2215 2922 2230 η
3117 2222 3136 2230 -
3210 2213 3219 2230 ι
3283 2215 3296 2230 .
3540 2218 3552 2230 .
3678 2224 3704 2230 μ
3780 2219 3792 2230 ,

434 2209 642 2285 spiritu
713 2221 825 2279 est,
861 2222 918 2273 et
946 2216 1287 2294 conjugium
1325 2226 1411 2277 est
1444 2219 1602 2278 ﬁdeli
1651 2237 1782 2279 cum
1836 2219 2064 2283 Christo

2176 2213 2413 2288 λώμενος
2458 2223 2533 2288 τῷ
2619 2216 2810 2294 Κυρίῳ,
2898 2215 2953 2269 ἓν
3013 2213 3220 2290 πνεῦμά
3279 2215 3418 2290 ἐστι,
3473 2218 3558 2272 καὶ
3614 2219 3826 2293 συζυγία

436 2298 659 2357 Omnes
696 2301 853 2360 enim
889 2302 1047 2363 idem
1074 2324 1286 2382 corpus
1316 2305 1451 2366 lacti
1487 2325 1691 2368 sumus
1735 2327 1868 2369 cum
1904 2328 2000 2385 eo,
2034 2333 2062 2370 ι·

2173 2305 2375 2379 γίνεται
2435 2307 2512 2377 τῴ
2571 2311 2744 2377 πιστῴ
2801 2305 2929 2381 πρὸς
2987 2306 3231 2382 Χριστόν.
3314 2306 3512 2368 Πάντες
3550 2307 3650 2384 γὰρ
3689 2311 3820 2362 σύσ-

435 2405 504 2446 ex
545 2397 708 2466 parte
735 2390 1006 2450 membra
1028 2391 1244 2453 Christi
1276 2411 1500 2456 sumus.
1538 2397 1668 2457 Non
1717 2394 1895 2476 igitur
1923 2409 2067 2461 recti

2171 2413 2342 2466 σωμοι
2391 2391 2688 2469 γεγόναμεν
2759 2392 2922 2467 αὖτῴ,
2981 2395 3069 2447 καὶ
3123 2391 3262 2467 μέλτ.
3320 2394 3380 2448 ἐκ
3442 2395 3627 2473 μέρους
3686 2402 3818 2472 Χρι-

436 2479 568 2555 quis
602 2485 790 2555 potest
823 2497 982 2558 sepai
1002 2480 1089 2541 ari
1119 2499 1151 2540 a
1181 2483 1453 2560 conjugio
1500 2483 1618 2554 tali,
1645 2485 1813 2562 juxta
1841 2504 2067 2548 sermo-

2165 2490 2292 2539 0:o-3
2348 2501 2501 2555 σμεν.
2541 2481 2730 2544 Καλῶς
2783 2482 2874 2538 οὖν
2931 2483 2990 2537 οὖ
3047 2479 3256 2537 δύοαταί
3297 2503 3380 2545 τις
3438 2483 3665 2562 χωρίσαι
3719 2485 3816 2551 τὴν

435 2583 571 2623 nem
607 2565 772 2626 Pauli
803 2567 1080 2649 dicentis,
1119 2595 1144 2623 ιι
1181 2569 1323 2641 Quis
1355 2589 1464 2633 nos
1494 2574 1790 2652 separabit
1819 2593 1852 2635 a
1882 2576 2067 2638 dilec-

2160 2571 2412 2636 τοιαύτην
2495 2571 2761 2647 συζυγίαν,
2855 2571 2989 2628 κατὰ
3040 2572 3130 2626 τὸν
3201 2578 3292 2626 τοῦ
3351 2573 3560 2629 Παῦλου
3629 2570 3812 2650 λόγον,

433 2653 592 2715 tione
646 2655 863 2716 Christi
893 2657 1033 2720 35?:
1098 2657 1239 2729 Quae
1296 2659 1473 2737 igitur
1529 2661 1700 2723 Deus-
1741 2665 2067 2745 conjunxit,

2160 2655 2408 2734 λέγοντος
2445 2677 2458 2692 ⁸
2517 2677 2543 2716 ε
2569 2660 2664 2747 ,Τίς
2716 2661 2861 2732 ἡμᾶς
2911 2658 3132 2738 χωρίσει
3173 2659 3279 2715 ἀπὸ
3308 2664 3407 2725 τῆς
3449 2660 3663 2738 ἀγάπης
3718 2668 3816 2719 τοῦ

431 2759 624 2823 neque
652 2744 853 2824 homo,
891 2765 1082 2826 neque
1113 2747 1225 2807 alia
1270 2760 1563 2820 creatura,
1613 2771 1808 2832 neque
1855 2744 2071 2834 angeli,

431 2849 624 2911 neque
675 2833 1063 2914 principatus,
1130 2854 1320 2916 neque
1373 2847 1690 2917 potestates
1744 2841 1831 2919 (ut
1864 2833 2076 2905 Paulas

429 2920 585 2987 dicit;
622 2939 899 3001 separare
927 2932 1222 3002 poterunt.

514 3007 691 3072 Vens.
734 3013 1087 3074 10.«Dicunt
1117 3013 1172 3074 ei
1196 3013 1476 3093 discipuli
1505 3017 1673 3096 ejus:
1710 3019 1769 3082 Si
1801 3022 1871 3082 ad
1897 3023 2074 3085 istum

2162 2754 2388 2825 Χριστοῦ
2416 2769 2442 2820 ;
2483 2771 2506 2805 ε
2546 2739 2621 2804 ’λ
2656 2749 2743 2804 οὖν
2797 2751 2823 2804 ὁ
2858 2751 2986 2812 Θεὸς
3019 2747 3333 2823 συνέζευξεν,
3366 2748 3484 2805 οὕτε
3515 2749 3808 2829 ἅνθρωπος,

2160 2835 2275 2892 οὔτε
2334 2859 2412 2901 τις
2473 2836 2624 2916 ἑτέρα
2677 2839 2869 2910 κτίσις,
2945 2836 3062 2893 οὔτε
3130 2836 3367 2916 ἄγγελοι,
3443 2838 3561 2895 οὔτε
3619 2838 3805 2919 ἀρχαὶ,

2159 2923 2277 2982 οὔτε
2311 2924 2562 2999 ἐξουσίαι,
2595 2929 2665 2992 ὡς
2698 2929 2724 2983 0
2757 2924 2963 2990 Παῦλός
2997 2948 3152 3006 φησι,
3187 2927 3416 3006 χωρίσαι
3460 2926 3727 2990 δύνανται.

2245 3035 2269 3069 ε
2309 3015 2564 3093 Λέγουσιν
2626 3017 2766 3089 αὐτῷ
2842 3018 2888 3071 οἱ
2975 3017 3204 3090 μαθηταὶ
3265 3015 3421 3074 αὑτοῦ
3452 3032 3468 3049 ⁸
3535 3018 3592 3074 Εἰ
3643 3016 3807 3083 οὕτως

430 3098 668 3159 modum
703 3098 878 3160 habet
907 3119 1082 3163 causa
1104 3103 1363 3164 hominis
1385 3123 1517 3165 cum
1549 3127 1880 3181 uxore,non
1900 3130 1964 3172 ex
1977 3132 2046 3190 pe

2160 3101 2296 3159 ἐστὶν
2353 3104 2388 3171 ἡ
2445 3104 2580 3159 αἰτία
2632 3111 2726 3161 τοῦ
2785 3103 3057 3182 ἀνθρώπου
3109 3105 3246 3179 μετᾶ
3301 3109 3399 3172 τῆς
3431 3108 3704 3183 γυναικὸς,
3749 3107 3809 3164 οὗ

425 3185 511 3245 dit
539 3189 895 3248 contrahere
928 3189 1784 3259 matrimonium.rTurbantur
1813 3185 2066 3281 discipu-

425 3273 556 3346 li,et
589 3278 830 3337 dicunt:
871 3279 930 3340 Si
964 3290 1278 3359 propterea
1309 3283 1608 3362 conjuncti
1637 3295 1793 3359 sunt,
1813 3273 2070 3351 utunum

426 3364 568 3436 sint,
598 3379 651 3424 et
688 3365 961 3428 indivulsi
1007 3377 1287 3429 maneant
1333 3388 1439 3450 per
1483 3392 1724 3435 omnem
1778 3377 1977 3458 vitam,
2011 3387 2074 3442 ut

425 3452 600 3512 etiam
632 3453 681 3513 si
715 3455 986 3533 improba
1013 3457 1229 3536 alioqui
1253 3459 1328 3518 sit
1360 3461 1595 3541 mulier,
1631 3481 1759 3526 eam
1802 3466 1925 3528 ιοι
1951 3452 2066 3548 eji-

424 3559 562 3602 cere
594 3559 708 3603 non
742 3543 951 3605 liceat:
989 3564 1105 3606 non
1150 3548 1394 3627 expedit
1444 3551 1887 3615 matrimonium
1919 3543 2068 3619 con-

424 3631 686 3692 trahere:
724 3631 909 3695 levius
931 3634 1103 3695 tuerit
1133 3637 1573 3700 matrimonium
1602 3659 1722 3702 non
1745 3646 2070 3708 contrahe-

421 3737 510 3793 re,
547 3721 649 3780 sed
701 3741 960 3801 pugnare
995 3733 1050 3786 et
1080 3733 1311 3787 certare
1348 3745 1480 3788 cum
1515 3731 1885 3795 naturalibus
1917 3755 2065 3795 con-

420 3810 822 3888 cupiscentiis,
865 3833 1043 3888 quam
1102 3817 1398 3877 sustinere
1454 3818 1668 3880 malam
1725 3823 2066 3893 mulierem.

421 3897 668 3960 Causam
703 3902 861 3961 enim
905 3903 1159 3964 hominis
1212 3923 1346 3964 cum
1386 3907 1637 3970 muliere
1672 3909 1812 3972 dicit
1847 3932 2064 3994 perpe-

421 3994 577 4048 tuam
611 3999 668 4049 et
698 3989 1156 4068 inseparabilem
1202 3993 1507 4056 unionem.
1554 3989 2062 4064 Nonnulliiautem

418 4083 477 4138 et
505 4078 593 4138 sic
620 4079 956 4158 intelligunt
989 4099 1002 4143 :
1032 4080 1094 4144 Si
1135 4082 1222 4143 sic
1263 4089 1352 4143 est
1404 4103 1578 4144 causri
1625 4087 1906 4167 hominis,
1955 4092 2066 4154 hoc

419 4173 530 4237 est,
584 4167 632 4226 si
672 4169 1206 4249 reprehensionem
1259 4179 1318 4233 et
1357 4173 1594 4252 culpam
1646 4176 1954 4241 habiturus
1977 4190 2068 4244 est

419 4254 526 4348 vir,
564 4264 624 4316 ut
658 4257 963 4336 illegitime
995 4260 1191 4338 ejiciat
1220 4280 1482 4333 uxorem,
1519 4283 1635 4324 non
1676 4269 1914 4348 expedit
1943 4289 2065 4332 ma-

418 4343 763 4406 trimonium
797 4349 1174 4411 contrahere.

500 4430 680 4495 Vens.
706 4438 736 4530 _t
761 4443 809 4530 I.
849 4462 868 4491 ι
905 4444 977 4530 At
1006 4437 1107 4498 ille
1138 4439 1282 4530 dixit
1313 4441 1427 4530 illis
1456 4460 1470 4504 :
1505 4444 1634 4505 Non
1668 4463 1873 4507 omnes
1898 4468 2064 4530 capa-
2088 4477 2128 4528 υ

415 4538 517 4583 ces
547 4533 680 4583 sunt
705 4525 878 4604 hujus
901 4527 1066 4597 dicti,
1093 4529 1195 4590 sed
1230 4529 1444 4609 quibus
1475 4531 1676 4593 datum
1709 4543 1797 4596 est
1831 4561 1856 4590 »
1894 4525 2061 4600 Post-

417 4629 592 4691 quam
638 4613 912 4677 dixerunt
943 4619 1216 4695 aposwli.
1257 4619 1468 4680 melius
1520 4640 1652 4684 esse
1704 4643 1819 4684 non
1863 4631 2064 4692 venire

415 4701 486 4760 ad
523 4702 778 4780 nuptias.
814 4705 957 4766 dicit
985 4706 1272 4768 Dominus
1309 4726 1579 4787 magnam
1625 4729 1758 4774 esse
1809 4712 2061 4790 virgini-

418 4792 550 4852 tatis
584 4794 1043 4875 possessionem,
1077 4805 1133 4856 at
1161 4815 1292 4857 eam
1327 4816 1444 4857 non
1477 4797 1549 4858 ab
1581 4801 1860 4864 omnibus
1902 4810 2059 4862 recte

415 4881 660 4954 servari,
695 4884 800 4943 sed
833 4884 906 4943 ab
940 4884 1030 4945 his
1059 4884 1366 4960 duntaxat,
1409 4905 1662 4965 quorum
1712 4900 2063 4971 cooperator

415 4977 504 5030 est
531 4969 871 5034 Deus.Nam
915 4973 1025 5034 hoc
1060 4974 1188 5034 loco
1229 4974 1437 5036 datum
1469 4983 1575 5049 est,
1613 4979 1785 5053 valet,
1827 4969 2061 5061 quibus

412 5068 770 5148 cogperutur
813 5063 992 5123 Deus.
1044 5061 1164 5123 Illis
1217 5073 1418 5126 autem
1468 5063 1664 5147 datur,
1697 5067 1800 5147 qui
1831 5077 2057 5148 petunt.

419 5171 447 5202 α
483 5145 667 5209 Petite
695 5149 879 5224 enim,
917 5152 1126 5233 inquit,
1171 5162 1229 5214 et
1275 5151 1513 5214 dabitur
1543 5145 2059 5220 vobis—NXOmnis

415 5236 598 5313 enim,
627 5237 840 5318 inquit,
867 5241 963 5320 qui
990 5242 1159 5321 petit,
1184 5241 1500 5323 accipit35.
1540 5268 1565 5298 ι

496 5326 679 5390 Vens.
721 5328 815 5391 12.
857 5354 879 5384 ιι
917 5331 1063 5391 Sunt
1094 5329 1253 5392 enim
1284 5331 1569 5406 eunuchi,
1603 5335 1702 5414 qui
1736 5337 1810 5399 de
1860 5335 2062 5398 matris

417 5425 587 5476 utero
619 5416 704 5477 sic
737 5418 855 5478 nati
887 5427 1042 5481 sunt:
1073 5430 1130 5482 et
1157 5429 1296 5482 sunt
1327 5421 1586 5483 eunuchi
1621 5426 1719 5506 qui
1754 5427 1887 5488 tacti
1927 5433 2063 5488 sunt

492 5586 594 5650 εει
627 5587 760 5652 Cor.
797 5604 876 5667 vt,
917 5589 1008 5651 17.
1095 5591 1159 5642 33
1189 5593 1365 5656 Rom.
1392 5609 1513 5670 ml,
1546 5593 1641 5658 35.

2158 3193 2408 3271 συμφέρει
2465 3195 2731 3272 γαμῆσαι,
2783 3216 2810 3246 ι
2891 3191 3239 3271 Θορ-ιϐοὗνται
3299 3195 3346 3250 οἱ
3405 3197 3657 3272 μαθηταὶ,
3719 3197 3808 3254 καί

2156 3303 2336 3360 φασιν,
2368 3281 2448 3336 ὅτι
2509 3283 2564 3338 Εἰ
2622 3280 2705 3339 διὰ
2761 3288 2912 3338 τοῦτο
2963 3284 3298 3363 συνήφθησαν
3341 3282 3433 3338 ’ίνα
3465 3282 3520 3340 ἓν
3563 3285 3664 3342 ὦσι
3718 3285 3805 3343 καὶ

2155 3367 2506 3425 ἀδιάσπαστοι
2565 3371 2764 3444 μένωσι
2821 3369 2944 3449 παρ’
3004 3369 3126 3426 ὅλον
3179 3374 3269 3428 τὸν
3333 3373 3471 3453 βίον,
3529 3372 3666 3431 ὥστε
3707 3373 3806 3433 κᾶν

2155 3461 2404 3538 μοχθηρὰ
2467 3457 2641 3521 ἄλλως
2695 3461 2730 3534 ᾗ
2797 3463 2831 3530 ἡ
2905 3461 3058 3538 γυνὴ,
3139 3461 3216 3536 μὴ
3273 3459 3472 3537 τολμᾷν
3529 3459 3804 3520 ἐκϐάλλειν

2153 3548 2339 3623 αὐτὴν,
2427 3549 2488 3606 οὗ
2564 3549 2814 3628 συμφέρει
2874 3549 3113 3626 γαμῆσαι
3151 3569 3162 3583 ·
3210 3551 3524 3630 κουφότερον
3581 3553 3680 3632 γὰρ
3722 3553 3802 3630 μὴ

2151 3649 2372 3715 γαμεῖν,
2435 3634 2572 3692 ἄλλα
2610 3639 2876 3716 μάχεσθαι
2934 3639 3022 3694 καὶ
3079 3637 3321 3694 παλαίειν
3379 3653 3627 3717 φυσικαῖς
3679 3646 3804 3699 km-

2149 3725 2382 3804 ίὶυμίαις,
2427 3727 2462 3792 ἢ
2521 3731 2758 3804 πονηρᾶς
2817 3728 3064 3804 γυναικὸς
3119 3727 3425 3807 ἀνέχεσθαι.
3484 3729 3661 3786 Αἰτίαν
3703 3731 3802 3810 γὰρ

2151 3813 2426 3894 ἀνθρώπου
2506 3817 2642 3890 μετα
2711 3818 2807 3883 τῆς
2901 3819 3147 3893 γυναικὸς
3249 3818 3348 3884 τὴν
3447 3815 3804 3877 ἀδιάσπαστον

2149 3904 2335 3962 ἕνωσιν
2392 3901 2536 3982 λέγει
2565 3920 2584 3938 ⁸
2615 3904 2754 3970 τινὲς
2780 3903 2833 3960 δὲ
2862 3907 2950 3960 καὶ
2980 3905 3119 3962 οὕτω
3163 3914 3397 3985 νοοῦσιν,
3431 3904 3512 3963 ὅτι
3545 3908 3603 3965 Εἰ
3634 3907 3801 3973 οὕτως

2146 3992 2288 4053 ἐστὶν
2345 3996 2378 4061 ἡ
2440 3994 2577 4050 αἰτία
2635 4005 2725 4052 τοῦ
2804 3992 3096 4074 ὰνθρωπου,
3168 3996 3460 4074 τουτέστιν,
3521 3996 3565 4052 εί
3633 3996 3802 4054 αῐτίαν

2149 4084 2308 4162 ἤγουν
2352 4084 2572 4163 μομφὴν
2630 4085 2716 4139 καὶ
2782 4086 3110 4141 καταιτίασιν
3165 4084 3350 4160 μέλλει
3410 4083 3539 4150 ἕξειν
3595 4088 3623 4142 0
3667 4086 3798 4167 ἀνὴρ

2147 4175 2223 4239 ὥς
2281 4171 2552 4229 ἐκϐλλλων
2598 4174 2695 4240 τήν
2738 4187 2965 4250 γυναῖκα
3025 4177 3369 4251 παρανόμως,
3440 4177 3500 4232 οὗ
3552 4175 3798 4255 συμφέρει

2148 4264 2418 4340 γαμῆσαι.

2231 4460 2258 4498 ε
2311 4432 2368 4498 ’0
2398 4437 2452 4495 δὲ
2498 4441 2651 4496 εἶπεν
2686 4442 2888 4503 αὐτοῖς’
2925 4443 2997 4498 Οὐ
3032 4442 3222 4505 πάντες
3257 4449 3491 4522 χωροῦσι
3522 4445 3612 4499 τὸν
3641 4443 3798 4523 λόγον

2146 4537 2353 4602 τοῦτον,
2401 4527 2521 4584 ἀλλ’
2565 4533 2650 4592 οἷς
2705 4528 2931 4592 δέδοται.
2969 4553 2990 4586 ε
3055 4529 3274 4600 Ἐπειδὴ
3331 4533 3490 4591 εἶπον
3541 4536 3588 4590 οὶ
3619 4537 3796 4609 μαθηο

2145 4622 2249 4676 ταὶ.
2313 4617 2393 4674 ὅτι
2441 4620 2683 4697 κρεῖττόν
2713 4619 2822 4675 ἐστι
2858 4622 2918 4676 τὸ
2959 4621 3037 4696 μὴ
3091 4622 3163 4683 είς
3194 4623 3366 4698 γάμον
3409 4621 3608 4703 ἐλθεῖν,
3639 4625 3796 4702 φησὶν

2145 4710 2172 4763 ὀ
2222 4709 2432 4786 Κύριος,
2494 4707 2574 4764 ὅτι
2632 4708 2770 4787 μέγα
2813 4710 2910 4784 μὲν
2973 4713 3035 4766 τὸ
3090 4710 3188 4778 τῆς
3249 4714 3522 4790 παρθενίας
3579 4717 3789 4799 χρῆμα¹

2145 4796 2262 4853 ἀλλ’
2309 4799 2369 4853 οὺ
2410 4803 2539 4854 πᾶσι
2592 4802 2948 4878 κατορθωτὸν,
3016 4799 3134 4855 ἀλλ’
3185 4799 3401 4866 ἐκείνοις
3459 4801 3644 4875 μόνοις
3707 4796 3792 4862 οἷς

2145 4899 2387 4964 συνεργεῖ
2445 4889 2471 4942 0
2518 4889 2669 4951 Θεός.
2729 4890 2800 4946 Τὸ
2856 4890 2979 4968 γὰρ,
3033 4887 3260 4965 δέδοται,
3319 4889 3534 4948 ἐνταῦθα
3590 4901 3787 4968 κεῖται,

2145 4978 2254 5031 ἀντὶ
2298 4982 2410 5054 τοῦ,
2461 4977 2548 5040 οἷς
2605 4990 2845 5056 συνεργεῖ
2903 4980 2930 5032 0
2989 4981 3142 5040 Θεός.
3206 4979 3459 5042 Ἐκείνοις
3491 4975 3544 5034 δὲ
3570 4975 3787 5053 δίδοται,

2143 5079 2259 5129 τοῖς
2321 5066 2573 5145 αἰτοῦσιν,
2639 5088 2662 5120 ε
2716 5068 2923 5123 Αἰτεῖτε
2980 5069 3102 5146 γὰρ,
3163 5070 3313 5148 φησὶ,
3373 5069 3459 5126 καὶ
3518 5066 3791 5140 δοθήσεται

2141 5156 2294 5230 ὑμῖν.
2330 5160 2436 5217 Πᾶς
2467 5154 2565 5233 γὰρ
2595 5157 2622 5211 0
2659 5156 2840 5230 αἰτῶν,
2876 5155 3153 5232 λαμϐένει.
3193 5182 3219 5213 ι

2232 5355 2254 5388 ε
2295 5336 2402 5392 Εἰσὶ
2471 5336 2570 5413 γὰρ
2628 5334 2876 5414 εὐνοῦχοι
2953 5335 3149 5398 οἵτινες
3207 5335 3267 5391 ἐκ
3324 5334 3523 5398 κοιλίας
3583 5337 3786 5410 μητρὸς

2145 5423 2501 5500 ἐγεννήθησαν
2557 5423 2714 5499 οὕτω,
2769 5427 2855 5481 καὶ
2911 5427 3035 5481 εἰσὶν
3085 5426 3324 5502 εὐνοῦχοι
3374 5421 3570 5486 οἵτινες
3600 5422 3786 5478 εὔνου-

1729 5593 1783 5636 ³⁸
1808 5595 1947 5658 Luc.
1976 5612 2060 5666 x1,
2090 5596 2162 5664 9.
2238 5592 2292 5636 ³⁵
2320 5593 2488 5655 .loan.
2527 5609 2647 5668 xw,
2681 5591 2779 5654 24.
