4118 6220
250 329 355 394 353

870 327 1316 392 INARRATIO
1359 327 1440 389 IN
1489 320 1882 388 EVANGELI

1975 311 2438 379 ΙἩΑΤΤΗΑΕΙ.
2486 348 2564 361 -
2603 313 2771 378 CAP.
2821 302 2984 378 Xix.

3494 320 3610 380 35έὶ

249 463 499 544 χίσθησαν
555 464 658 520 ὑπὸ
709 466 816 518 τῶν
896 460 1210 539 ἀνθρώπων,
1294 459 1383 514 καὶ
1452 458 1581 513 είσὶν
1638 458 1881 534 εὐνοῦχοι

1975 448 2225 512 eunuchi
2247 448 2322 510 ab
2353 447 2734 510 hominibus:
2762 457 2821 511 et
2851 459 2989 512 sunt
3033 453 3287 514 eunuchi
3317 454 3414 532 qui
3445 453 3609 532 seip-

245 552 427 616 οἵτινες
485 553 800 633 εύνούχισαν
860 550 1073 614 ἑαυτοὺς
1145 546 1230 605 διὰ
1300 549 1401 614 τὴν
1447 545 1718 622 βασιλείαν
1774 551 1879 600 τῶν

247 644 490 721 οὐρανῶν,
554 634 616 701 Ὀ
669 639 956 716 δυνάμενος
987 651 1216 719 χωρεῖν,
1251 638 1520 717 χωρείτω,
1555 659 1582 692 ε
1631 634 1879 713 Ὀλίγων,

244 733 415 812 φησὶν,
473 731 586 788 ὶστὶ
667 733 729 788 1‘0
785 728 1102 808 κατόρθωμα
1186 735 1343 784 τοῦτο
1410 727 1509 792 τῆς
1579 725 1877 803 παρθενίας,

243 821 348 878 Εἰσὶ
403 821 504 899 γὰρ
558 820 800 899 εὐνοῦχοί
853 839 993 880 τινες
1053 816 1113 873 έκ
1168 813 1374 880 κοιλίας
1437 817 1640 892 μητρὸς
1685 815 1879 886 «ora»,

239 909 520 985 τουτέστιν,
585 910 679 965 εἰσί
731 928 872 972 τινες
938 905 998 963 έκ
1053 910 1279 986 φυσικῆς
1335 905 1571 983 κράσεως
1641 903 1882 970 ἀκίνητοι

239 997 476 1073 μένοντες
523 1000 653 1070 πρὸς
706 998 800 1060 τὰς
858 995 1050 1072 μίξεις,
1123 996 1180 1050 οἳ
1233 994 1322 1051 καὶ
1379 992 1611 1072 ἀκερδῶς
1668 1013 1881 1072 σωφρο-

239 1085 426 1148 νοῦσιν.
477 1087 592 1144 Εἰσὶ
657 1087 744 1142 καὶ
801 1087 850 1141 οι
907 1084 1336 1164 εὔνουχιζόμενοι
1393 1085 1496 1140 ὑπὸ
1551 1082 1836 1160 ἀνθρώπων
1864 1101 1875 1112 ·

239 1176 442 1240 έαυτοὺς
501 1174 559 1232 δέ
617 1174 975 1255 εὖνουχίζουσι
1026 1171 1112 1231 διὰ
1153 1173 1255 1240 τὴν
1314 1171 1586 1248 βασιλείαν
1639 1178 1744 1228 τῶν
1788 1172 1883 1227 οὖ-

236 1269 416 1343 ρανῶν,
481 1267 589 1344 οὔχ
648 1266 695 1320 οἱ
753 1262 1096 1338 έκτέμνοντες
1186 1261 1401 1324 ἑαυτοὺς
1479 1260 1884 1339 (έπικατάρατον

234 1353 325 1431 γὰρ
365 1353 576 1430 τοῦτο),
631 1350 752 1408 ἀλλ’
811 1353 858 1408 οί
917 1350 1381 1429 έγκρατευόμενοι.
1431 1352 1554 1409 Non
1585 1347 1638 1406 δι
1667 1351 1754 1406 καὶ
1784 1348 1878 1405 ού-

234 1463 334 1506 τως
367 1458 380 1472 ⁸
434 1431 638 1498 ’Ἔστιν
683 1441 936 1520 εὔνοῦχος
969 1441 1074 1496 ἀπὸ
1105 1441 1307 1520 φύσεως
1357 1442 1384 1496 6
1414 1436 1498 1495 διὰ
1526 1440 1625 1506 τὴν
1656 1439 1879 1514 φυσικὴν

233 1537 408 1610 κρᾶσιν
467 1533 548 1606 μὴ
615 1532 886 1597 εὐκίνητος
966 1530 1037 1593 είς
1107 1527 1378 1609 ἀφροδίσια
1411 1545 1426 1560 ⁸
1513 1529 1615 1584 ὑπὸ
1670 1526 1724 1583 δὲ
1782 1527 1877 1582 ἆν-

233 1621 444 1693 θρώπων
507 1621 867 1700 εὐνουχίζεται
920 1621 947 1676 6
1017 1619 1077 1675 ὲκ
1161 1615 1497 1676 διδασκαλίας
1551 1617 1879 1694 ἀνθρωπίνης

233 1712 458 1784 εκτεμὼν
539 1716 643 1777 την
727 1715 826 1776 τῆς
911 1707 1167 1784 σαρκικῆς
1253 1707 1528 1782 ὶπιθυμίας
1595 1707 1826 1783 πύρωσιν
1861 1720 1875 1735 ⁸

233 1799 408 1856 ὶαυτὺν
464 1797 522 1854 δέ
611 1798 908 1877 εὖνουχίζει
968 1798 996 1853 6
1065 1797 1144 1873 μὴ
1212 1795 1300 1852 ὑπ’
1359 1794 1544 1874 ἄλλου,
1605 1793 1725 1850 ἁλλ’
1794 1795 1878 1873 ὑφ’
1909 1827 1941 1874 ε

233 1887 411 1946 ἑαυτοῦ
474 1886 771 1967 διδαχθεὶς,
830 1888 916 1944 καὶ
971 1888 1284 1962 αύτομαθῶς
1338 1887 1469 1963 πρὸς
1542 1885 1882 1963 σωφροσύνην

235 1976 512 2040 ἀποκλίνας
551 1996 565 2009 ·
633 1976 786 2039 οὗτος
832 1975 916 2032 οὖν
968 1976 1054 2032 καὶ
1086 1973 1299 2054 ἄριστός
1331 1974 1496 2047 ἐστιν,
1529 1975 1557 2028 6
1589 1974 1668 2048 μὴ
1711 1971 1876 2045 ἄλλῳ,

237 2066 346 2123 ἀλλ’
405 2068 584 2143 ἑαυτῷ
627 2065 907 2146 ὁδηγηθεὶς
970 2068 1100 2145 πρὸς
1157 2067 1252 2133 τὴν
1283 2063 1553 2142 βασιλείαν
1591 2072 1691 2121 τῶν
1722 2067 1880 2144 οὖρα-

238 2163 355 2218 νῶν.
416 2161 813 2236 Προαιρετιιιῶς
872 2155 925 2212 δέ
995 2155 1162 2213 θέλων
1219 2159 1352 2230 ἡμῖν
1411 2154 1736 2234 ἐνεργεῖσθαι
1786 2154 1884 2220 τὴν

237 2245 448 2326 ἀρετὴν,
511 2247 677 2326 φησίν
713 2262 726 2276 ⁸
794 2267 824 2306 ε
860 2237 917 2304 Ὀ
973 2244 1258 2320 δυνάμενος
1289 2258 1515 2324 χωρεῖν,
1550 2245 1815 2323 χωρείτω,
1860 2273 1880 2294 ο

239 2336 304 2390 03
329 2336 428 2414 γὰρ
484 2335 778 2412 ἀναγκάζει
837 2337 1191 2413 παρθενεύειν,
1258 2332 1372 2392 οὑδὲ
1423 2335 1514 2389 τὸν
1557 2333 1729 2410 γάμον
1784 2355 1883 2388 κα-

237 2420 429 2498 ταλύει,
464 2422 609 2480 ἀλλὰ
638 2425 739 2487 τὴν
768 2425 1048 2502 παρθενίαν
1077 2425 1408 2501 προτίθησιν,

316 2533 342 2568 ε
381 2513 514 2570 Τότε
578 2513 924 2592 προσηνέχθη
983 2513 1127 2586 αύτῷ
1182 2510 1383 2589 παιδία,
1432 2511 1525 2569 ἳνα
1566 2514 1661 2576 τὰς
1694 2526 1887 2592 χεῖρας

242 2599 388 2678 έπιθῂ
446 2602 667 2677 αὐτοῖς,
712 2603 802 2659 καὶ
855 2601 1206 2680 προσεύξηται
1241 2618 1256 2632 ⁸
1317 2604 1363 2657 οἱ
1514 2603 1744 2676 μαθηταὶ
1783 2599 1884 2656 έπ-

242 2689 490 2765 ετίμησαν
524 2691 714 2754 αὐτοῖς
748 2710 762 2724 ·
795 2691 824 2747 6
867 2679 921 2746 δέ
951 2690 1156 2757 Ἰησοῦς
1198 2693 1350 2746 εἶπεν
1382 2706 1399 2722 ⁸
1431 2679 1636 2769 ’Ἄφετε
1665 2691 1729 2746 τὰ
1755 2713 1888 2746 παι-

239 2774 334 2857 δία,
364 2780 453 2834 καὶ
497 2779 586 2855 μὴ
645 2780 876 2836 κωλύετε
921 2780 1051 2836 αὐτὰ
1095 2778 1268 2836 ἐλθεῖν
1313 2779 1450 2842 παός
1503 2799 1570 2854 με
1603 2797 1618 2814 ⁸
1651 2784 1760 2835 τῶν
1788 2781 1888 2857 γὰρ

238 2867 481 2924 τοιούτων
513 2868 660 2924 ἐστὶν
687 2871 722 2936 ἡ
752 2868 994 2945 βασιλεία
1021 2868 1131 2925 τῶν
1186 2872 1441 2948 οὐρανῶν,
1481 2890 1505 2924 ε
1560 2868 1887 2947 Προσέφερον

243 2956 462 3035 μητέρες
521 2958 591 3013 τὰ
634 2957 815 3038 τέκνα,
865 2957 959 3014 ’ίνα
1011 2956 1338 3036 εὐλογηθιῖηι
1398 2955 1483 3012 διὰ
1523 2958 1621 3024 τῆς
1677 2957 1886 3035 έπαφῆς

241 3049 340 3100 τῶν
393 3052 625 3124 χειρῶν.
679 3044 962 3123 ’Λκόσμως
1021 3045 1073 3104 δέ
1132 3047 1221 3103 καὶ
1275 3044 1702 3126 τεθορυϐημένως
1727 3067 1888 3125 προσ-

241 3134 496 3214 ήρχοντο,
549 3136 637 3191 καὶ
695 3133 781 3190 διὰ
825 3135 982 3193 τοῦτο
1033 3133 1325 3192 κωλύουσιν
1384 3136 1432 3191 οί
1489 3134 1743 3214 μαθηταὶ,
1778 3132 1887 3208 ἅμα

1965 556 2064 600 sos
2081 546 2482 601 castravernnt
2513 545 2757 620 propter
2777 556 3022 616 regnum
3050 541 3474 612 cmlorumﬂui
3497 560 3606 621 po-

1967 636 2080 689 test
2101 645 2340 708 capere,
2373 629 2588 708 capiat.
2627 653 2654 681 υ
2695 630 3024 689 Paucorum
3085 643 3196 700 est,
3230 630 3439 710 inquit,
3488 631 3608 690 vir-

1967 717 2226 795 ginitatis
2255 718 2463 780 virtus.
2501 715 2653 779 Sunt
2681 719 2838 778 enim
2873 719 3128 779 eunUchi
3183 737 3252 780 ex
3285 728 3455 780 utero
3482 739 3609 781 ma-

1969 807 2098 880 tris,
2135 808 2246 868 hoc
2280 816 2396 879 est,
2452 815 2592 868 sunt
2641 806 2884 887 quidem
2944 807 3044 885 qui
3120 817 3362 888 prOpter
3391 818 3612 871 natura;

1965 899 2442 962 constitutionem
2475 899 2550 961 ad
2583 901 2799 960 coitum
2831 917 2952 960 non
2983 907 3123 962 sunt
3156 899 3374 976 idonei,
3411 901 3508 981 qui
3553 910 3614 963 et

1967 991 2097 1051 sine
2129 990 2376 1050 utilitate
2409 989 2556 1051 casti
2589 999 2750 1051 sunt.
2785 988 2936 1049 Sunt
2965 989 3062 1068 qui
3095 998 3153 1050 et
3183 992 3441 1051 eunuchi
3465 993 3612 1052 fiunt

1967 1080 2038 1140 ab
2067 1076 2550 1150 hominibusQui
2581 1087 2778 1138 autem
2811 1077 3044 1157 seipsos
3063 1079 3369 1139 eunuchos
3392 1081 3614 1140 faciunt

1970 1177 2212 1248 propter
2241 1185 2487 1246 regnum
2520 1167 2802 1228 caalurum
2833 1185 2948 1226 non
2990 1177 3130 1228 sunt
3156 1168 3193 1227 ii
3223 1167 3323 1247 qni
3357 1170 3614 1230 verenda

1968 1256 2080 1317 sibi
2116 1257 2263 1336 ipsis
2292 1265 2600 1336 amputant
2630 1255 3031 1334 (maledictum
3092 1257 3247 1318 enim
3304 1258 3453 1328 hoc).
3507 1259 3611 1319 sed

1964 1346 2065 1425 qui
2095 1345 2474 1408 continentes
2505 1353 2666 1406 sunt.
2702 1343 2970 1422 Intellige
3015 1354 3212 1406 autem
3243 1357 3305 1407 et
3331 1348 3419 1408 sic
3457 1369 3470 1407 :
3513 1349 3613 1408 Est

1964 1435 2274 1495 eunuchus
2302 1453 2335 1494 a
2367 1443 2572 1494 natura
2602 1435 2700 1513 qui
2727 1447 2970 1513 propter
3000 1435 3326 1496 naturalem
3355 1437 3612 1516 comple—

1964 1522 2200 1582 xionem
2255 1540 2372 1581 non
2421 1531 2690 1581 movetur
2719 1524 2788 1581 ad
2825 1539 3100 1583 venerea.
3135 1522 3222 1584 Ab
3272 1523 3612 1585 hominibus

1963 1621 2159 1672 autem
2186 1610 2497 1671 eunuchus
2529 1610 2612 1681 ﬁt,
2639 1610 2739 1689 qui
2771 1629 2838 1670 ex
2872 1611 3128 1670 humano
3163 1622 3456 1690 praecepto
3491 1632 3615 1674 car-

1967 1699 2115 1759 nalis
2132 1698 2630 1777 coucupiscentiae
2648 1698 2990 1759 incendium
3017 1699 3612 1781 exscindit.Seipsum

1965 1797 2162 1849 autem
2194 1796 2436 1860 castrat,
2474 1787 2572 1865 qui
2622 1805 2741 1846 non
2770 1787 2842 1847 ab
2874 1787 3012 1857 alio,
3046 1787 3150 1847 sed
3177 1806 3210 1846 a
3233 1787 3432 1867 seipso
3462 1790 3610 1851 doc-

1968 1888 2060 1938 tus
2091 1891 2203 1952 est,
2240 1886 2301 1938 et
2331 1894 2433 1936 sua
2466 1883 2679 1955 sponte
2710 1874 2783 1935 ad
2812 1874 3237 1937 continentiam
3270 1877 3612 1940 inclinatur.

1966 1965 2073 2028 Hic
2105 1967 2277 2045 igitur
2309 1975 2366 2026 et
2396 1969 2656 2044 optimus
2689 1973 2798 2038 est,
2831 1964 2932 2044 qui
2983 1983 3098 2026 non
3145 1965 3217 2025 ab
3267 1967 3412 2045 alio,
3442 1969 3548 2028 sed
3581 1986 3614 2028 a

1965 2056 2070 2116 sed
2094 2059 2169 2117 ad
2185 2057 2380 2136 seipso
2407 2053 2702 2116 deductus
2722 2062 2812 2114 est
2834 2055 2904 2112 ad
2921 2070 3169 2130 regnum
3194 2056 3498 2116 malorum.
3513 2054 3622 2117 Vc-

1970 2145 2099 2205 lens
2128 2154 2322 2206 autem
2355 2153 2568 2223 sponte
2620 2160 2728 2202 nos
2769 2144 3003 2221 operari
3033 2143 3331 2219 virtutem,
3371 2145 3562 2225 inquit
3593 2166 3610 2206 :

1976 2260 2001 2289 α
2037 2234 2144 2305 Qui
2179 2242 2370 2314 potest
2399 2248 2638 2312 capere,
2672 2231 2887 2311 capiat.
2920 2255 2948 2287 ι
2979 2227 3110 2291 Non
3141 2231 3300 2292 enim
3333 2233 3617 2312 cogitvir-

1971 2324 2166 2403 ginem
2201 2341 2356 2395 esse,
2388 2339 2586 2401 neque
2617 2323 2850 2400 nuptias
2880 2321 3158 2393 destruit,
3191 2324 3296 2383 sed
3311 2323 3618 2401 virginita-

1973 2426 2088 2475 tem
2131 2413 2390 2494 praefert.

2055 2503 2244 2565 Vsus.
2285 2501 2482 2574 13,14.
2515 2499 2714 2560 uTunc
2747 2497 2929 2560 oblati
2959 2500 3168 2561 suntei
3193 2501 3616 2577 puell|,utma-

1972 2611 2180 2654 manus
2201 2591 2316 2651 illis
2345 2591 3000 2669 imponeret,etoraret;
3022 2588 3296 2667 discipuli
3315 2600 3509 2654 autem
3533 2595 3620 2654 in-

1973 2682 2294 2762 crepabant
2324 2681 2625 2740 eos.Jesus
2656 2696 2791 2738 vero
2811 2677 2992 2756 inquit
3013 2679 3120 2738 eis:
3153 2677 3336 2740 Sinite
3362 2683 3611 2761 puellos,

1972 2781 2030 2832 et
2059 2788 2132 2830 ne
2155 2767 2519 2849 prohibeatis
2548 2784 2651 2828 eos
2674 2766 2875 2826 venire
2891 2767 2965 2825 ad
2995 2768 3321 2828 meztalium
3347 2779 3437 2829 est
3455 2771 3616 2831 enim

1972 2877 2218 2937 regnum
2245 2857 2554 2918 caelorum.
2587 2881 2613 2910 ι
2649 2855 2993 2916 Aﬂerebant
3026 2865 3242 2916 matres
3275 2875 3518 2936 pueros,
3554 2869 3617 2920 ut

1972 2951 2475 3014 benedicerentnr
2534 2965 2814 3008 manuum
2873 2957 3168 3010 contactu.
3222 2953 3616 3031 lncomposite

1972 3051 2168 3103 autem
2201 3049 2262 3101 et
2290 3039 2522 3101 turbate
2552 3035 2917 3098 accedebant
2957 3037 3031 3097 ad
3088 3057 3248 3119 eum,
3282 3049 3339 3100 et
3372 3050 3612 3120 propte-

1971 3148 2075 3192 rea
2106 3128 2423 3211 prohibent
2447 3127 2747 3207 discipuli,
2782 3125 2958 3187 simul
2991 3127 3166 3188 etiam
3201 3131 3355 3208 quod
3407 3131 3612 3191 existi-

242 3223 324 3278 καὶ
363 3223 629 3300 οίόμενοι,
676 3223 756 3279 ὅτι
811 3222 1120 3281 ἑλαττοῦται
1162 3226 1224 3281 τὸ
1252 3223 1454 3299 ἀξίωμα
1485 3232 1576 3281 τοῦ
1624 3222 1882 3280 διθασκά-

1975 3231 2208 3286 marent
2248 3225 2357 3283 hoc
2385 3223 2674 3300 derogare
2705 3220 2994 3281 doctrina:
3025 3221 3154 3300 ejus
3184 3223 3540 3302 auctoritati,
3565 3225 3614 3284 si

242 3308 328 3367 λου
383 3312 445 3369 έκ
503 3318 600 3370 τοῦ
657 3314 724 3369 τὰ
791 3311 971 3369 παιδία
1019 3312 1419 3393 προσφέρεσθαι.
1477 3303 1534 3371 Ὀ
1582 3315 1708 3392 γοῦν
1753 3319 1884 3392 Χρι-

243 3401 358 3464 στὸς
413 3401 698 3482 δεικνύων,
758 3400 841 3458 ὅτι
895 3404 956 3458 τὸ
1027 3402 1223 3484 ἄτυφον
1279 3400 1482 3478 μᾶλλον
1536 3401 1882 3482 ἀποδέχεται,

243 3491 412 3568 φησὶν,
477 3513 511 3546 α
550 3490 768 3572 ’Ἅφετε
809 3494 876 3549 τὰ
918 3490 1099 3549 παιδία
1133 3512 1150 3530 ο
1204 3498 1312 3548 τῶν
1341 3493 1441 3573 γὰρ
1468 3493 1721 3550 τοιούτων
1745 3491 1886 3548 έστὶν

243 3581 276 3644 ὴ
326 3579 578 3655 βασιλεία
620 3587 725 3636 τῶν
756 3583 1012 3658 οὐρανῶν,
1049 3604 1078 3637 ι
1122 3585 1230 3642 Οὖκ
1259 3581 1407 3652 εἷπε,
1457 3583 1681 3662 τούτων,
1727 3579 1882 3655 ἄλλα,

246 3672 343 3725 τῶν
381 3670 668 3750 τοιούτων,
723 3669 987 3746 τουτέστι,
1046 3676 1156 3728 τῶν
1183 3671 1284 3738 την
1312 3669 1588 3739 ἁπλότητα
1620 3671 1883 3751 ἐχόντων,

244 3763 343 3812 τῶν
369 3758 617 3828 ἀκάκων,
658 3765 766 3815 τῶν
805 3758 1109 3838 ἆπονήρων.
1154 3759 1260 3819 Κᾶν
1305 3758 1525 3830 διδάσκη
1567 3759 1622 3817 δέ
1650 3783 1754 3835 τις,
1801 3762 1887 3816 καὶ

245 3847 651 3928 προσέρχωνταί
703 3869 844 3913 τινες
903 3851 1046 3924 αὐτῷ
1101 3848 1316 3906 παιδικὰ
1373 3848 1692 3929 ἱρωτήματα
1748 3849 1885 3927 έρω-

242 3940 456 4012 τῶντες,
493 3935 872 4018 προσδεχέσθω
893 3938 1133 4014 τούτους,
1164 3941 1252 3995 καὶ
1282 3941 1361 4015 μὴ
1389 3937 1661 4002 κωλυέτω.

326 4047 354 4082 ε
390 4027 494 4084 Καὶ
552 4026 759 4091 έπιθεὺς
816 4027 1000 4093 αὗτοτς
1042 4029 1138 4091 τὰς
1185 4042 1404 4109 χεῖρας,
1447 4030 1704 4108 ἱπορεύθη
1732 4027 1887 4085 έκεῖο

245 4115 346 4173 θεν.
398 4115 506 4172 Καὶ
547 4113 657 4173 ἰδοὺ
700 4116 787 4182 εἷς
815 4115 1141 4194 προσελθὼν,
1173 4118 1330 4174 εἶπεν
1359 4118 1499 4190 αύτῷ
1533 4136 1550 4153 ⁶
1599 4116 1888 4174 Διδάσκαλε

247 4200 422 4280 ἀγαθὲ,
474 4203 528 4259 τί
568 4203 764 4282 ἀγαθὸν
805 4207 1018 4276 ποιήσω
1071 4204 1164 4262 ἵνα
1195 4205 1312 4286 ἔχω
1339 4206 1480 4277 ζωὴν
1513 4206 1765 4286 αἱώνιονς
1830 4198 1887 4264 Ὀ

247 4287 296 4346 δὲ
324 4292 486 4349 εἷπεν
516 4293 660 4366 αὐτῷ
692 4310 708 4326 ⁸
750 4296 809 4352 Τί
851 4316 919 4371 με
974 4293 1151 4374 λέγεις
1181 4293 1374 4374 ἂγαθόν
1411 4313 1428 4370 ;
1459 4292 1635 4360 Οὒδεὶς
1667 4295 1885 4376 ἀγαθὸς,

247 4380 288 4437 εἰ
328 4383 405 4458 μὴ
452 4381 542 4446 εἷς
575 4385 602 4439 6
633 4383 783 4450 Θεός,
832 4410 855 4440 ο
912 4385 1029 4464 Οὐχ
1070 4386 1144 4450 ὡς
1174 4385 1436 4464 πειράζων
1467 4382 1762 4463 προσῆλθεν
1793 4385 1885 4441 οὗ·

245 4489 351 4546 τος,
411 4467 538 4528 ἀλλ’
581 4473 654 4535 ὡς
696 4471 862 4529 θέλων
914 4478 1133 4550 μαθεῖν,
1190 4475 1280 4531 καὶ
1334 4471 1502 4550 διψῶν
1541 4479 1638 4542 τῆς
1679 4475 1890 4531 αἰωνίου

245 4563 434 4653 ζαιξῆςζ
503 4559 770 4653 προσῆλθε
831 4560 885 4619 δὲ
933 4563 1010 4653 τῷ
1057 4570 1266 4642 Χριστῷ
1317 4565 1390 4628 ὡς
1433 4563 1692 4653 ᾇνθρώπῳ
1720 4561 1882 4639 ψιλῷ.
1912 4605 1953 4653 D

244 4649 328 4702 καὶ
355 4646 443 4706 διὰ
475 4651 630 4706 τοῦτο
660 4671 822 4730 φησιν
866 4653 895 4707 ὁ
940 4652 1128 4731 Κύριος
1161 4670 1175 4684 ⁸
1226 4655 1286 4709 τί
1338 4674 1406 4728 με
1436 4651 1612 4731 λέγεις
1640 4652 1836 4730 ἀγαθόν
1869 4673 1884 4728 ς

245 4736 420 4801 Οὐδεὶς
482 4737 678 4816 ἀγαθὸς
729 4742 776 4797 εί
817 4742 895 4817 μὴ
938 4741 1023 4805 εἷς
1055 4744 1084 4797 6
1114 4740 1242 4804 Θεός
1272 4759 1288 4772 ⁸
1334 4742 1624 4822 τουτέστιν,
1659 4741 1784 4800 Ἐὰν
1813 4744 1886 4806 ὡς

245 4824 332 4881 ἕνα
385 4831 496 4883 τῶν
554 4824 885 4885 διδασκάλων
928 4850 995 4905 με
1051 4828 1226 4908 λέγεις
1287 4843 1425 4887 εἶναι
1457 4833 1676 4909 ἀγαθὸν,
1707 4830 1886 4893 κακῶς

244 4911 415 4994 λέγεις
451 4932 467 4948 ⁸
530 4915 696 4983 ούδεδς
740 4921 840 5000 γὰρ
901 4919 1185 4999 ἀνθρώπων
1241 4921 1428 5000 κυρίως
1485 4919 1681 4999 ἀγαθός
1715 4939 1732 4958 ο
1776 4919 1888 4994 ἅμα

247 5005 362 5080 μέν,
422 5004 504 5063 ὅτι
585 5010 674 5064 καὶ
729 5006 1070 5086 εὖμετάϐολοί
1124 5007 1282 5084 έσμεν
1340 5009 1446 5065 ἀπὸ
1529 5015 1622 5066 τοῦ
1691 5008 1890 5088 ἀγαθοῦ

247 5094 557 5172 τρεπόμενοι
591 5111 606 5126 ⁸
691 5096 804 5174 ἅμα
859 5096 938 5174 δὲ,
1017 5095 1099 5155 ὅτι
1155 5099 1243 5155 καὶ
1298 5097 1685 5177 συγκρινομένη
1755 5100 1887 5175 πρὸς

249 5182 343 5249 τὴν
395 5192 488 5242 τοῦ
541 5185 673 5243 Θεοῦ
727 5186 1032 5267 ἀγαθότητα
1081 5189 1117 5257 ἡ
1150 5188 1474 5269 ἀνθρωπίνη,
1521 5186 1747 5265 πονηρία
1805 5209 1890 5242 νο·

252 5274 472 5346 μίζεται.

334 5387 358 5418 ε
398 5365 456 5422 Εἰ
508 5361 563 5421 δὲ
619 5364 791 5432 θέλεις
849 5366 1106 5426 εἰσελθεῖν
1161 5370 1236 5434 είς
1293 5368 1394 5437 τὴν
1435 5369 1604 5443 ζωὴν,
1651 5368 1884 5448 τήρησον

253 5451 341 5542 τᾲς
380 5451 619 5518 έντολέις.
654 5454 809 5536 Λέγει
842 5461 984 5532 αὐτῷ
1015 5472 1030 5489 ⁸
1079 5460 1242 5524 Ποίας
1275 5478 1294 5542 ;
1331 5451 1388 5518 ’0
1435 5456 1491 5514 δὲ
1520 5457 1728 5525 Ἰησοῦς
1760 5457 1887 5514 εἶπε

255 5541 336 5630 Ἒδο
365 5546 436 5603 οὗ
457 5543 754 5625 φνιῦσιις,
787 5548 849 5605 οὐ
904 5549 1240 5630 μοιχεύσεις,
1280 5541 1359 5606 οὗ
1390 5546 1638 5624 κλέψεις,
1669 5550 1728 5608 οὗ
1757 5550 1886 5622 ψιυ-

258 5627 658 5711 δομαρτυρήσεις
695 5651 709 5664 ⁸

759 5636 881 5711 τίμα
924 5639 1015 5692 τὸν
1089 5639 1288 5715 πατέρα
1340 5661 1432 5693 σου
1489 5637 1575 5691 καὶ
1619 5637 1715 5702 τὴν
1775 5659 1886 5710 μη-

1971 3315 2328 3375 oﬂ'errentur
2356 3311 2411 3372 ei
2443 3309 2690 3390 parvuli.
2723 3309 2991 3370 Christus
3034 3323 3231 3370 autem
3293 3313 3615 3373 ostendens

1971 3404 2126 3484 quod
2158 3421 2192 3462 a
2221 3402 2369 3462 fastu
2399 3401 2628 3461 alienos
2680 3399 2868 3479 magis
2923 3408 3101 3475 amet,
3155 3400 3300 3461 dicit
3330 3419 3342 3460 :
3373 3425 3394 3455 ιι
3424 3402 3614 3463 Sinite

1973 3492 2268 3573 parvulos;
2315 3490 2515 3550 talium
2553 3496 2643 3549 est
2674 3488 2833 3548 enim
2857 3505 3102 3565 regnum
3136 3489 3613 3551 caeloruni.-Non

1969 3582 2138 3651 dixit,
2171 3582 2380 3641 horum
2413 3579 2541 3646 sed,
2580 3578 2951 3648 ιειιίιιιῐι,102
2971 3578 3082 3636 hoc
3115 3587 3204 3636 est
3232 3579 3612 3657 simplicitate

1970 3671 2400 3752 praeditorum,
2474 3667 2903 3744 innocentium,
2971 3665 3204 3726 malitia;
3258 3669 3609 3746 expertium.

1971 3760 2164 3822 Etiam
2223 3757 2398 3819 hodie
2453 3757 2502 3818 si
2549 3756 2832 3818 accedant
2886 3758 2959 3814 ad
3002 3753 3309 3814 domorem
3342 3759 3614 3819 nonnulli

1973 3850 2230 3929 pueriles
2251 3846 2606 3928 quaestiones
2635 3844 3092 3923 interrogantes,
3125 3860 3242 3905 non
3274 3845 3605 3924 prohibeat,

1973 3939 2076 4000 sed
2108 3937 2413 4017 suscipiat.

2059 4029 2238 4088 Vrsas.
2277 4026 2487 4088 15-17.
2525 4048 2547 4080 ι
2577 4023 2647 4085 Ει
2677 4043 2811 4086 cum
2838 4024 3217 4104 imposuisset
3237 4024 3354 4085 illis
3377 4043 3611 4106 manus,

1971 4115 2118 4179 abiit
2146 4116 2413 4177 illinc.Et
2440 4132 2579 4176 ecce
2595 4132 2749 4174 unus
2777 4116 3070 4175 accedens
3101 4113 3180 4174 ait
3211 4113 3614 4193 illizMagister

1970 4206 2148 4280 bone,
2208 4203 2350 4284 quid
2397 4204 2536 4265 boni
2583 4203 2790 4263 faciam
2849 4211 2914 4263 ut
2972 4202 3222 4262 habeam
3297 4205 3474 4264 vitam
3525 4224 3612 4266 ae-

1974 4300 2243 4355 ternam?
2301 4294 2411 4366 Qui
2467 4291 2615 4352 dixit
2663 4292 2719 4354 ei
2753 4308 2766 4352 :
2801 4294 2917 4354 Cur
2974 4309 3069 4351 me
3126 4309 3297 4352 vocas
3358 4291 3613 4358 bonum?

1972 4381 2182 4444 Nullus
2240 4392 2330 4444 est
2377 4381 2593 4461 bonus,
2654 4379 2768 4440 disi
2828 4399 3004 4452 unus,
3062 4397 3280 4460 nempe
3336 4382 3515 4446 Deus.
3581 4409 3606 4440 ι»

1975 4471 2104 4535 Non
2150 4482 2215 4533 ut
2267 4481 2502 4532 tentans
2554 4470 2714 4531 venit
2759 4469 2884 4544 ille,
2947 4469 3050 4531 sed
3103 4477 3167 4528 ut
3210 4470 3444 4531 discere
3500 4491 3611 4534 cu-

1975 4562 2167 4643 piens,
2204 4570 2262 4623 et
2309 4561 2521 4620 sitiens
2580 4560 2752 4619 vitam
2813 4569 3115 4619 aeternam.
3183 4561 3452 4620 Accessit
3501 4580 3612 4623 au-

1972 4660 2091 4714 tem
2131 4651 2204 4712 ad
2235 4649 2532 4710 Christum
2593 4649 2754 4727 quasi
2787 4650 2858 4708 ad
2895 4665 3108 4726 purum
3169 4648 3471 4710 hominem
3507 4669 3519 4713 :
3557 4659 3617 4713 et

1971 4740 2196 4801 idcirco
2227 4738 2370 4800 dicit
2413 4737 2700 4798 Dominus
2736 4759 2748 4798 :
2785 4737 2934 4808 Quid
2969 4754 3062 4796 me
3117 4754 3288 4796 vocas
3341 4737 3562 4800 bonum
3585 4746 3614 4802 ?

1971 4829 2178 4891 Nullus
2212 4827 2426 4901 bonus,
2459 4826 2572 4887 nisi
2604 4845 2755 4887 unus
2784 4826 2943 4888 Deus
2976 4843 2988 4886 :
3026 4827 3139 4887 hoc
3181 4835 3291 4897 est,
3349 4828 3398 4887 si
3447 4832 3615 4908 quasi

1977 4938 2155 4978 unum
2189 4935 2261 4978 ex
2291 4915 2755 4996 praeceptoribus
2785 4914 3005 4976 bonum
3042 4932 3138 4975 nte
3169 4914 3501 4987 dicis,male
3520 4919 3614 4980 di-

1973 5009 2080 5068 cis.
2115 5005 2325 5070 Nullus
2351 5004 2510 5065 enim
2543 5004 2850 5065 hominum
2885 5002 3121 5084 proprie
3152 5002 3374 5068 bonus:
3403 5007 3614 5087 partim

1973 5095 2128 5176 quod
2164 5093 2476 5156 mutabiles
2525 5111 2732 5154 sumus
2759 5112 2793 5154 a
2826 5093 2981 5154 bono
3012 5093 3071 5153 in
3107 5095 3322 5154 malum
3352 5113 3366 5157 :
3400 5097 3614 5176 partim

1973 5185 2134 5266 quod
2168 5193 2367 5244 nostra
2399 5181 2628 5243 bonitas
2658 5183 2731 5243 ad
2765 5182 3022 5244 divinam
3072 5181 3392 5245 bonitatem
3424 5186 3616 5248 colla-

1973 5282 2051 5351 ta,
2089 5273 2312 5336 malitia
2339 5278 2454 5334 est.

2059 5358 2676 5430 Vens.I7-19.«Quod
2708 5358 2761 5420 si
2781 5359 2866 5421 vis
2896 5359 2968 5421 ad
2988 5360 3168 5422 vitam
3189 5359 3619 5441 ingredi,serva

1972 5453 2275 5519 mandata.
2314 5451 2468 5514 Dicit
2497 5450 2580 5511 illi
2606 5470 2620 5510 :
2644 5449 2813 5523 Quae?
2837 5452 3010 5513 Jesus
3049 5461 3247 5513 autem
3281 5454 3448 5518 dixit:
3481 5457 3615 5518 Non

1975 5543 2159 5607 facies
2190 5540 2539 5616 humidium,
2577 5559 2694 5602 non
2725 5539 3036 5603 commites
3079 5540 3462 5620 adulterium,
3495 5562 3617 5607 non

1975 5633 2154 5695 facies
2189 5633 2430 5705 furtum,
2470 5647 2588 5690 non
2616 5628 2828 5691 falsum
2861 5630 3026 5692 dices
3055 5633 3480 5710 testimonium,
3516 5635 3618 5696 ho-
