4118 6220
1429 294 2011 375 THEOPHYLACTI
2064 310 2488 373 BULGARIE
2511 308 2864 374 ARCHIEP.
2957 318 2966 322 ·
3714 303 3834 376 356

442 312 558 378 355

458 458 605 511 nora
631 461 857 530 patrem
893 456 1054 509 tuum
1081 455 1140 509 et
1169 455 1507 521 matrem,et
1533 446 1740 525 diliges
1759 446 2080 525 proximum

2176 440 2323 520 τέρα,
2388 444 2476 499 καὶ
2534 443 2832 521 ἀγαπήσεις
2874 445 2963 500 τὸν
3004 443 3233 511 πλησίον
3275 466 3368 504 σου
3412 446 3486 508 ὡς
3518 446 3761 509 σεαυτόν,
3800 470 3827 501 ε

448 551 610 601 tuum
633 522 707 600 ἰιι
734 540 1007 618 teipsum.
1026 561 1046 594 θ
1084 535 1375 598 Dominus
1394 536 1465 597 ad
1499 522 1944 614 legisvma‘ndata
1961 533 2080 595 mit-

2181 522 2237 587 ιΟ
2304 532 2487 613 Κύριος
2536 533 2620 590 ἐπὶ
2664 535 2757 596 τὰς
2793 534 3015 607 νομικὰς
3060 530 3278 599 ἒντολάς
3338 534 3683 613 παραπέμπει
3741 536 3831 592 τὸν

447 634 511 690 tit
540 638 956 710 rogantem,ne
986 626 1171 689 Judzei
1202 626 1401 688 dicant
1422 627 1575 705 quod
1603 625 1793 705 legem
1817 632 2080 687 contem-

2174 618 2537 698 ἐρωτήσαντα,
2598 620 2696 679 ἵνα
2759 623 2835 689 μὴ
2894 621 3062 702 ἔχωσι
3136 621 3312 701 λέγειν
3362 626 3409 681 οἱ
3442 621 3713 705 Ἰουδαῖοι,
3744 623 3824 681 ὅτι

449 728 543 781 nat
562 721 670 798 ((1).
707 717 853 790 Quid
887 717 1061 796 igitur
1075 715 1105 774 ‘P

522 810 699 870 VERS.
730 808 829 869 90.
866 805 1052 868 «Dicit
1074 805 1158 865 illi
1188 804 1783 866 adolescensz0mnia
1804 804 1932 864 hac
1954 822 2085 866 ser-

442 898 567 958 vavi
617 917 648 958 a
692 898 1002 977 juventute
1035 912 1185 954 mea.
1222 892 1373 964 Quid
1405 892 1598 954 adhuc
1630 894 1777 955 mihi
1823 892 2024 955 deest?
2058 916 2085 948 ›

443 987 898 1049 Adolescentem
931 989 1127 1044 autem
1157 982 1393 1063 quidam
1431 991 1492 1043 ut
1525 982 1847 1060 superbum
1884 991 1939 1044 et
1985 1002 2083 1043 ar-

442 1087 741 1156 rogantem
777 1083 1043 1151 arguunt
1084 1072 1393 1143 Quomodo
1422 1072 1581 1131 enim
1634 1071 1939 1133 dilexisset
1972 1073 2082 1133 rite

442 1167 799 1247 proximum,
836 1163 933 1243 qui
971 1163 1132 1222 dives
1164 1160 1343 1222 erat?
1387 1159 1595 1221 Nullus
1622 1162 1781 1222 enim
1830 1161 2082 1240 diligens

442 1256 774 1336 proximum
804 1262 863 1311 ut
896 1254 1178 1331 seipsum,
1214 1249 1389 1312 ditior
1418 1260 1505 1310 est
1531 1252 1800 1330 proximo
1836 1268 1849 1312 :
1888 1250 2082 1310 omnis

436 1356 632 1406 autem
660 1345 836 1405 homo
872 1339 1451 1422 proximusQuidam
1486 1341 1571 1400 sic
1604 1339 2074 1419 intelligunt,Da,

435 1436 589 1516 quod
625 1435 747 1495 haec
769 1432 965 1493 omnia
992 1430 1295 1491 servarint:
1334 1429 1471 1508 quid
1493 1430 1685 1490 adhuc
1714 1430 1859 1491 mihi
1882 1429 2078 1493 deest?

513 1525 768 1585 V’Ensﬂl
789 1520 1155 1603 ,22.«Aitilli
1180 1521 1370 1581 .lesus:
1402 1520 1457 1578 Si
1484 1519 1569 1579 vis
1590 1519 1888 1597 perfectus
1920 1537 2073 1598 esse,

431 1614 795 1687 vude,vende
826 1630 956 1692 qua:
979 1609 1249 1687 liabes,el
1281 1608 1354 1669 da
1385 1608 1769 1688 pauperibus,
1801 1618 1858 1669 et
1889 1609 2072 1669 habe-

433 1705 521 1764 bis
554 1705 894 1763 thesaurum
919 1701 975 1760 in
1001 1699 1150 1760 caelo
1174 1716 1185 1760 :
1213 1707 1271 1759 et
1293 1699 1446 1772 veni,
1481 1716 1734 1777 sequere
1779 1717 1895 1759 me.
1931 1698 2075 1760 Cum
2104 1734 2140 1782 Β

429 1792 688 1855 audisset
745 1803 944 1850 autem
998 1789 1350 1848 adolescens
1400 1806 1531 1847 eum
1568 1788 2081 1859 sermonem,abiit

437 1882 641 1955 tristis,
677 1890 802 1941 erat
833 1880 990 1939 enim
1042 1876 1266 1937 habens
1321 1876 1727 1955 possessiones
1770 1877 2005 1939 multas.
2046 1902 2071 1932 ιδ

434 1971 833 2049 Qumcunque,
887 1966 1097 2046 inquit,
1156 1965 1341 2025 fecisti
1392 1983 1575 2043 opera
1620 1965 1794 2043 bona,
1828 1965 2075 2027 Judaico

435 2080 598 2120 more
630 2058 816 2119 fecisti
844 2078 855 2116 :
895 2057 942 2117 si
975 2070 1171 2116 autem
1208 2054 1293 2114 vis
1326 2055 1764 2133 perfectus,hoc
1790 2064 2079 2128 est,meus

434 2148 759 2227 discipulus
785 2164 914 2206 esse
938 2155 994 2205 et
1021 2143 1421 2205 Christianus:
1453 2143 1631 2222 vade,
1666 2145 1858 2204 vende
1878 2146 2079 2206 omnia

435 2257 564 2319 qua;
588 2237 793 2315 habes,
818 2244 876 2295 et
901 2234 974 2295 da
996 2234 1189 2293 statim
1219 2234 1392 2293 simul
1421 2233 1641 2303 omnia,
1679 2234 1843 2293 nulla
1874 2252 2076 2295 reser-

436 2336 666 2400 vans,ut
696 2325 1032 2386 continuam
1066 2320 1241 2382 facias
1273 2322 1731 2400 eleemosynam.
1755 2325 1883 2384 Non
1919 2324 2076 2384 enim

435 2414 895 2478 dixit.Paulatim
930 2413 1003 2471 da
1038 2410 1421 2491 pauperibus,
1455 2411 1556 2470 sed
1585 2410 1843 2484 dixit,Da
1866 2414 2075 2485 semel,

437 2515 493 2565 et
527 2505 718 2565 nudus
737 2512 883 2564 esto.
922 2501 1069 2563 Dein
1103 2499 1241 2580 quia
1270 2508 1405 2559 sunt
1430 2500 1595 2559 inulti
1632 2500 2074 2576 misericordes,

438 2596 608 2655 vitam
643 2602 837 2653 tamen
870 2591 1030 2651 omni
1064 2589 1281 2649 malitia
1315 2589 1545 2668 plenam
1573 2588 1884 2663 habentes,
1911 2591 2071 2652 dicit:

444 2712 467 2739 (ι
504 2683 574 2744 Et
602 2682 1017 2761 veni,sequere
1052 2678 1327 2753 me,»hoc
1354 2686 1708 2758 est,omnem
1741 2680 1915 2739 aliam
1939 2699 2081 2760 quo-

438 2792 553 2854 que
574 2772 847 2832 virtutem
878 2768 1053 2829 habe.
1090 2767 1454 2829 Adolescens
1487 2768 1661 2847 igitur
1690 2768 1963 2830 indoluit:
1986 2770 2071 2831 de-

441 2861 741 2923 siderabat
773 2858 1019 2931 etenim,
1067 2866 1124 2917 et
1156 2866 1312 2917 terra
1352 2856 1548 2917 cordis
1580 2857 1763 2938 ipsius
1794 2859 2083 2937 profunda

447 2962 570 3015 erat
601 2960 658 3013 et
699 2948 952 3030 pinguis,
978 2947 1078 3007 sed
1113 2947 1297 3027 Spinze
1326 2946 1654 3007 divitiarum
1698 2948 2083 3012 sutl'ocabant.

443 3039 573 3102 Erat
599 3041 781 3119 enim,
818 3035 1261 3117 inquit,habens
1278 3037 1679 3114 possessiones
1699 3036 2086 3101 multas.l\'am

2171 716 2263 767 τοῦ
2306 710 2471 783 νόμου
2501 724 2847 791 καταφρονεῖ.
2884 712 2942 768 Τί
2972 714 3061 769 οὖν
3092 732 3108 784 ;

2259 818 2282 852 α
2323 798 2478 876 Λέγει
2509 803 2651 874 αὖτῷ
2681 802 2709 855 6
2767 801 3036 867 νεανίσκος
3080 817 3094 831 ·
3157 803 3334 858 Πάντα
3374 810 3529 860 ταῦτα
3562 801 3825 882 ἐφυλαξά-

2171 909 2281 961 μην
2323 887 2383 944 lx
2426 889 2674 956 νεότητός
2744 912 2865 965 μου.
2929 891 2989 947 Τί
3054 890 3129 946 ἔτι
3189 892 3390 970 ὕστερῶ
3425 910 3442 967 ;
3478 915 3505 947 ι
3554 893 3705 956 Τινὲς
3748 895 3823 957 ὡς

2170 977 2491 1051 impulerim
2546 980 2634 1034 καὶ
2718 978 2950 1051 ἀλαζόνα
3022 978 3361 1040 διαϐάλλουσι
3432 990 3640 1041 τοῦτον.
3704 987 3826 1046 Πῶς

2168 1066 2266 1143 γὰρ
2324 1068 2641 1147 κατώρθωσε
2686 1070 2744 1124 τὸ
2804 1069 3017 1147 ἀγαπᾷν
3068 1072 3159 1127 τὸν
3219 1070 3468 1149 πλησίον,
3503 1071 3621 1151 εἴγε
3648 1071 3821 1129 πλού-

2166 1177 2276 1219 σιος
2335 1158 2400 1221 ἦν
2437 1178 2453 1233 ;
2491 1156 2657 1225 οὐδεὶς
2683 1159 2787 1239 γὰρ
2826 1160 3047 1238 ἀγαπῶν
3078 1163 3167 1218 τὸν
3223 1161 3447 1229 πλησίον
3489 1165 3562 1226 ὡς
3609 1162 3833 1242 ἑαυτὸν,

2163 1243 2552 1325 πλουσιώτερός
2600 1246 2712 1305 ἐστι
2756 1256 2850 1309 τοῦ
2906 1248 3133 1318 πλησίον
3171 1273 3185 1287 υ
3260 1259 3363 1316 πᾶς
3422 1250 3477 1308 δὲ
3520 1252 3817 1332 ἅνθρωπος,

2163 1331 2412 1400 πλησίον,
2463 1335 2614 1399 Τινὲς
2647 1335 2701 1393 δὲ
2734 1338 2875 1396 οὕτω
2916 1347 3093 1398 νοοῦσι
3136 1348 3311 1399 τοῦὀ.
3347 1332 3588 1416 Ὑπόθες,
3636 1343 3795 1421 φησὶν

2163 1421 2243 1478 ὅτι
2288 1425 2452 1479 ταῦτα
2486 1426 2660 1482 πάντα
2698 1426 3033 1506 φυλαξαίμην
3067 1451 3083 1466 ⁸
3113 1430 3163 1488 τί
3192 1453 3282 1506 μοι
3312 1429 3388 1486 ἔτι
3419 1430 3586 1487 λείπει
3622 1450 3639 1510 ς

2249 1535 2276 1567 α
2313 1511 2476 1593 ’Ἔφη
2524 1514 2666 1591 αὒτῷ
2722 1519 2750 1573 6
2798 1513 2999 1585 Ἰησοῦς
3033 1534 3048 1548 ⁶
3107 1522 3166 1577 Εἰ
3221 1518 3390 1584 θέλεις
3422 1519 3619 1583 τέλειος
3649 1525 3816 1601 εἶναι,

2161 1600 2354 1682 ὕπαγε,
2419 1602 2674 1671 πώλησον
2729 1627 2823 1663 σου
2878 1608 2945 1665 τά
2998 1608 3334 1689 ὑπάρχοντα,
3379 1612 3467 1669 καὶ
3521 1608 3608 1676 δὸς
3664 1600 3815 1666 πτωὲ

2163 1714 2311 1770 χοις,
2360 1693 2447 1748 καὶ
2509 1692 2639 1759 ἔξεις
2693 1698 2955 1766 θησαυρὸν
3002 1697 3055 1753 ἐν
3112 1699 3338 1777 οὒρανῷ,
3387 1701 3475 1757 καὶ
3503 1697 3651 1777 δεῦρο
3679 1699 3814 1755 ἀκο-

2163 1778 2336 1836 λούθει
2369 1803 2484 1855 μοι.
2521 1778 2782 1848 Ἀκούσας
2815 1782 2868 1840 δὲ
2900 1787 2927 1841 ὁ
2973 1788 3242 1852 νεανίσκος
3273 1790 3365 1845 τὸν
3394 1788 3583 1867 λόγον,
3613 1788 3817 1855 ἀπῆλθε

2162 1869 2489 1944 λυπούμενος
2528 1890 2540 1905 ⁸
2577 1872 2641 1939 ἧν
2686 1875 2787 1952 γὰρ
2836 1874 2980 1955 ἔχων
3030 1878 3281 1952 κτήματα
3337 1877 3534 1941 πολλά,
3576 1902 3600 1935 ι
3667 1868 3818 1937 ’Ὅσα

2164 1958 2286 2038 μὲν,
2386 1964 2568 2039 φησὶν,
2624 1963 2779 2027 εἶπες
2858 1970 3211 2045 κατορθῶσαι,
3291 1977 3453 2026 ταῦτα
3511 1966 3817 2032 Ἰουδαϊκῶς

2161 2049 2513 2127 κατώρθωσας
2554 2070 2566 2083 °
2625 2053 2670 2107 εί
2732 2050 2786 2107 δὲ
2838 2053 3007 2117 θέλεις
3078 2054 3304 2135 τέλειος,
3350 2055 3642 2131 τουτέστιν,
3691 2056 3815 2132 ἐμὸς

2164 2138 2305 2193 εἶναι
2366 2140 2610 2213 μαθητὴς
2694 2144 2779 2199 καὶ
2859 2147 3188 2225 Χριστιανὸς,
3274 2146 3469 2225 ὕπαγε,
3555 2146 3811 2213 πώλησόν

2164 2234 2255 2283 σοῦ
2311 2230 2373 2283 τα
2422 2230 2756 2309 ὑπάρχοντα,
2790 2234 2877 2289 καὶ
2932 2231 3019 2297 δὸς
3064 2237 3247 2293 αὐτίκα
3290 2237 3423 2311 ὁμοῦ
3492 2236 3687 2315 πάντα,
3735 2236 3811 2311 μὴ

2162 2324 2513 2395 παρακρατῶν
2568 2341 2708 2394 τινα,
2770 2320 2861 2377 ἵνα
2894 2320 3224 2380 ἀδίάλειπτον
3256 2331 3417 2402 ποιῇς
3450 2326 3546 2391 τὴν
3574 2324 3809 2397 ἐλεημο-

2163 2406 2345 2471 σύνην.
2410 2409 2482 2463 Ού
2524 2409 2623 2487 γὰρ
2668 2414 2815 2486 εἶπε,
2869 2409 3005 2468 δίδου
3058 2428 3332 2494 πτωχοῖς,
3368 2414 3523 2487 ἀλλά,
3554 2413 3640 2477 δὸς
3672 2412 3807 2478 ἅπαξ

2161 2495 2249 2549 καὶ
2282 2496 2609 2571 γυμνώθητι,
2665 2499 2801 2555 Εἶτα
2844 2500 2957 2556 ἐπεὶ
3010 2504 3107 2558 εἰσί
3162 2526 3300 2568 τινες
3360 2504 3625 2567 ἐλεοῦντες
3685 2504 3806 2583 μὲν,

2162 2582 2339 2648 πάσης
2395 2581 2449 2639 δὲ
2504 2585 2756 2665 ῥυπαρίας
2819 2588 3113 2665 ἀνάμεστον
3183 2594 3293 2669 βίον
3336 2592 3581 2673 ἔχοντες,
3630 2581 3809 2673 φησίλ

2171 2690 2195 2725 ε
2237 2674 2331 2728 Καὶ
2391 2670 2540 2753 δεῦρο
2625 2674 2896 2733 ἀκολούθει
2974 2703 3089 2756 μοι,
3162 2705 3185 2739 ι
3246 2670 3506 2759 τουτέστι,
3566 2670 3655 2738 καί
3715 2681 3813 2747 τὴν

2167 2757 2336 2826 ἄλλην
2380 2768 2554 2818 πᾶσαθ
2611 2764 2801 2842 ἀρετὴν
2847 2766 2965 2847 ἔχε.
3032 2760 3088 2827 Ὀ
3145 2770 3324 2846 μέντοι
3369 2757 3640 2835 νεανίσκος
3684 2768 3811 2827 ἒλυ-

2168 2850 2312 2918 πήθη
2350 2865 2365 2879 ”
2428 2850 2673 2929 ἓπεθύμει
2720 2856 2818 2929 μὲν
2861 2859 2983 2935 γὰρ,
3015 2860 3103 2914 καὶ
3133 2861 3320 2935 βαθεῖα
3368 2862 3455 2917 καὶ
3510 2862 3645 2917 πίων
3674 2862 3743 2926 ἦν
3775 2862 3809 2926 ἡ

2210 2942 2235 2953 υ
2337 2939 2363 2950 ~
2565 2940 2588 2959 vt
2754 2946 2767 2967 ν
2844 2951 2864 2961 ε-
2948 2947 2961 2962 ς
3009 2946 3020 2956 ·
3042 2945 3057 2967 ν
3199 2948 3224 2967 ν
3518 2952 3543 2963 ν
3704 2950 3715 2969 ι

2170 2960 2242 3014 γη
2304 2962 2399 3007 της
2458 2944 2668 3021 καρδίας
2714 2966 2891 3020 αυτου,
2939 2945 3037 3002 αλλ
3089 2950 3138 3005 αἱ
3194 2953 3409 3007 ακανθαι
3453 2972 3545 3007 του
3587 2948 3812 3006 πλουτου

2171 3028 2477 3118 συνέπνιγον
2512 3051 2525 3064 ·
2589 3032 2655 3100 ἧν
2709 3034 2832 3113 γὰρ,
2889 3038 3069 3115 φησὶν,
3117 3037 3263 3118 ἔχων
3320 3040 3570 3114 va-p.111
3614 3037 3809 3097 πολλά.

448 3130 545 3211 qui
573 3107 789 3210 paucas
814 3107 1135 3205 babet,non
1159 3126 1237 3185 ita
1258 3107 1327 3185 ab
1352 3124 1471 3185 illis
1490 3125 1822 3186 detinetur:
1851 3126 1908 3187 in
1934 3128 2080 3188 mul-

2176 3107 2232 3171 ’Θ
2290 3107 2406 3193 μὲν
2444 3120 2543 3197 γὰρ
2587 3107 2739 3200 ὀλίγα
2995 3107 3097 3206 οὐχ
3129 3107 3324 3201 vitaait»;
3364 3107 3652 3209 κατέχεται
3685 3127 3813 3184 τού-

447 3230 519 3283 tis
542 3223 698 3283 enim
722 3219 941 3279 divitiis
961 3216 1274 3277 violentius
1299 3225 1383 3276 est
1408 3217 1923 3280 vinculum.Porro
1948 3219 2085 3299 quia

444 3311 608 3372 diviti
630 3306 977 3389 loquebatur
991 3305 1872 3385 Christus,dicebat,Habiturus
1885 3311 2087 3371 esthe-

451 3418 686 3460 saturum
712 3396 954 3467 incmlo,
984 3396 1114 3454 105
1136 3394 1468 3455 divitiarum
1489 3397 1644 3456 enim
1688 3408 1919 3459 amator
1934 3408 2079 3460 erat.

526 3490 710 3548 Vens.
745 3485 847 3558 93,
879 3486 976 3546 24.
1037 3510 1061 3536 ει
1099 3485 1268 3545 Jesus
1329 3493 1525 3546 autem
1586 3486 1726 3546 dixit
1778 3487 2085 3568 discipulis

446 3580 565 3639 suis
600 3599 613 3635 τ
648 3577 835 3636 Amen
869 3574 1000 3635 dico
1031 3572 1222 3644 vobis,
1268 3572 1429 3633 dives
1475 3573 1711 3636 difficile
1746 3576 1987 3637 intrabit
2024 3579 2081 3639 in

448 3685 693 3746 regnum
725 3664 1035 3726 caelorum.
1074 3666 1293 3724 Iterum
1323 3672 1517 3724 autem
1546 3664 1679 3724 dico
1722 3664 1909 3740 vobis,
1936 3666 2084 3727 faci-

441 3757 554 3817 lius
587 3765 675 3817 est
705 3754 991 3815 camelum
1021 3772 1127 3833 per
1156 3753 1422 3814 foramen
1454 3771 1595 3813 acus
1626 3754 2082 3835 transire,quam

444 3845 685 3907 divitem
720 3844 779 3906 in
830 3862 1075 3921 regnum
1120 3842 1225 3904 Dei
1274 3842 1502 3919 ingredi
1568 3868 1592 3895 ι
1627 3841 1896 3914 Quandiu
1923 3845 2083 3907 dives

445 3945 501 3996 et
531 3937 659 4014 ipse
688 3933 927 4014 quidem
977 3931 1154 3992 habet
1204 3933 1525 4012 superﬂua,
1561 3942 1622 3993 et
1681 3932 1779 3993 alii
1832 3953 1947 3994 non
1995 3937 2082 3997 vel

445 4024 801 4096 necessaria,
838 4040 953 4081 non
989 4020 1318 4099 ingreditur
1353 4021 1409 4080 in
1461 4039 1708 4099 regnum
1771 4023 2077 4087 caelorum.

442 4121 748 4193 postquam
788 4120 982 4172 autem
1019 4110 1277 4171 excussit
1320 4110 1685 4181 omnia,tunc
1719 4130 1835 4172 non
1867 4122 1955 4174 est
1990 4114 2084 4175 di-

444 4220 564 4282 ves,
598 4209 657 4262 et
686 4208 886 4280 postea
908 4201 1172 4261 intrabit.
1203 4200 1575 4280 lmpossibile
1598 4207 1686 4261 est
1709 4204 1865 4264 enim
1904 4205 2084 4265 multa

440 4291 757 4351 habentem
809 4290 1082 4370 intrare,
1127 4290 1281 4350 sicut
1339 4298 1397 4349 et
1452 4290 1741 4351 camelum
1799 4292 2079 4371 impossi-

441 4380 558 4441 bile
616 4398 722 4460 per
784 4380 1049 4441 foramen
1124 4398 1264 4439 acus
1331 4380 1605 4442 transire.
1666 4380 1816 4442 Vide
1874 4390 2072 4443 autem

2168 3228 2277 3271 τοις
2312 3225 2328 3239 ⁸
2374 3208 2429 3264 ἐν
2479 3212 2578 3290 γὰρ
2621 3226 2737 3276 τοῖς
2772 3213 2999 3279 πολλοῖς
3030 3220 3471 3297 τυραννικώτερος
3507 3222 3534 3275 6
3564 3217 3757 3294 δεσμός
3791 3234 3806 3252 ⁸

2169 3296 2282 3389 ἐπεὶ
2339 3296 2392 3353 δὲ
2435 3302 2566 3378 πρὸς
2599 3300 2850 3360 πλούσιον
2906 3302 3174 3385 διελέγετο
3219 3310 3245 3364 ὁ
3279 3296 3485 3389 Κύριος,
3520 3311 3700 3389 φησὶν,
3729 3308 3809 3364 ὅτι

2172 3376 2356 3476 ’Ἐξεις
2388 3388 2441 3445 ἐν
2472 3376 2716 3469 οὐρανοῖς
2746 3396 3031 3475 θησαυρὸν,
3064 3376 3186 3453 ’ἐπεὶ
3216 3376 3625 3476 φιλοὶρήύατος
3650 3376 3728 3459 ei.

2256 3496 2285 3534 (
2320 3468 2375 3534 Ὀ
2419 3476 2473 3533 δὲ
2505 3468 2711 3545 Ἰησοὺς
2758 3482 2881 3538 εἷπε
2921 3468 3044 3548 ⁷τοῖς
3087 3468 3549 3561 μαθηταῖς-αὒτοῦ
3582 3502 3597 3516 ’
3636 3486 3811 3563 Ἀμὴν

2169 3563 2312 3642 λέγω
2366 3568 2496 3643 ὑμῖν
2560 3567 2639 3625 ὅτι
2692 3568 2940 3636 πλούσιος
2999 3572 3267 3640 δυσκόλως
3327 3575 3678 3633 εἰσελεύσεται
3737 3578 3811 3640 εἲς

2170 3655 2264 3721 τὴν
2324 3655 2592 3730 βασιλείαν
2649 3666 2754 3715 τῶν
2808 3666 3061 3741 οὐρανῶν,
3124 3665 3288 3723 Πάλιν
3345 3663 3397 3721 δὲ
3461 3665 3602 3744 λέγω
3655 3668 3806 3742 ὑμῖν,

2170 3744 2529 3823 εὐκοπώτερόν
2588 3748 2697 3805 ἐστι
2752 3752 2999 3826 κάμηλον
3057 3753 3141 3810 διὰ
3195 3758 3533 3834 τρυπήματος
3597 3755 3809 3836 ῥαφίδος

2167 3832 2421 3921 διελθεῖν,
2475 3837 2792 3921 ἤμπλούσιον
2834 3844 2904 3908 είς
2962 3845 3061 3911 τὴν
3100 3832 3368 3921 βασιλείαν
3399 3854 3489 3902 τοῦ
3522 3832 3655 3903 Θεοῦ
3681 3832 3809 3901 ἐἶσ-

2168 3920 2362 3982 ελθεῖν.
2404 3949 2426 3981 ο
2480 3917 2649 4017 ἱἘως
2708 3930 2769 3986 ἂν
2838 3936 2874 4009 ᾗ
2933 3917 3209 4016 πλούσιος,
3260 3938 3346 3993 καὶ
3390 3937 3546 4000 αὐτὸς
3576 3936 3674 4012 μὲν
3704 3934 3810 4017 ἔχῃ

2168 4015 2409 4090 περιττὰ,
2456 4012 2605 4073 ἄλλοι
2662 4017 2716 4075 δὲ
2776 4019 2891 4078 οὐδὲ
2946 4024 3013 4081 τὰ
3054 4012 3344 4102 ἀναγκαῖα,
3406 4028 3465 4083 οὔ
3496 4028 3573 4102 μὴ
3604 4012 3808 4105 εἰσέλθη

2167 4103 2239 4166 εἰς
2296 4105 2396 4170 τὴν
2478 4106 2749 4181 βασιλείαν
2820 4117 2925 4167 τῶν
3008 4112 3264 4192 ούρανῶν.
3330 4114 3576 4172 Ἐπειδὰν
3632 4103 3809 4192 μέντοι

2166 4192 2546 4262 ἀποτινάξηται
2600 4197 2796 4275 πάντα,
2856 4202 2975 4258 τότε
3034 4206 3093 4261 ού
3162 4203 3434 4282 πλούσιος,
3481 4207 3568 4262 καὶ
3624 4206 3811 4263 λοιπὸν

2167 4282 2536 4346 εἰσελεύσεται.
2599 4286 2877 4347 Ἀδύνατον
2953 4293 3052 4370 γὰρ
3130 4292 3302 4350 πολλὰ
3386 4293 3581 4374 ’έχοντα
3634 4295 3810 4353 εἰσελ-

2163 4374 2298 4445 θεῖν,
2360 4373 2537 4453 ὥσπερ
2593 4377 2681 4433 καὶ
2735 4380 2831 4445 τὴν
2892 4379 3138 4456 κάμηλον
3195 4373 3450 4441 ἀδύνατον
3476 4382 3701 4442 διελθεῖν
3730 4386 3812 4443 διά

436 4469 733 4549 quomodo
765 4470 919 4550 quod
967 4470 1239 4549 superius
1288 4468 1435 4529 dixit
1483 4469 1749 4545 difﬁcile,
1812 4469 1904 4531 hic
1936 4472 2080 4537 dicit

2172 4464 2513 4539 τρυπήματος
2584 4465 2830 4541 βελόνης·
2894 4466 3011 4526 ’Ἴδε
3092 4471 3183 4528 οὖν
3239 4480 3352 4538 πῶς
3410 4473 3659 4551 ἀνωτέρω
3714 4476 3813 4549 μὲν

435 4559 828 4638 impossibile.
901 4558 1176 4619 Nonnulli
1249 4567 1443 4620 autem
1522 4559 1730 4621 dicunt
1785 4564 2076 4625 camelum

437 4664 556 4708 non
602 4648 817 4709 animal
870 4648 1229 4728 significare,
1282 4649 1388 4709 sed
1438 4667 1701 4709 crassum
1760 4653 2074 4730 quemdam

436 4740 660 4811 funem,
696 4758 813 4819 quo
870 4747 1061 4799 nautae
1113 4746 1360 4799 utuntur
1408 4749 1471 4800 ut
1517 4738 1832 4818 projiciant
1893 4759 2077 4803 anco-

434 4846 548 4889 1'35.

514 4917 693 4979 Vsus.
717 4917 822 4989 25,
858 4917 956 4981 26.
972 4916 1241 4979 «Auditis
1258 4924 1453 4979 autem
1487 4917 1884 4997 his,discipuli
1902 4938 2071 5000 expa-

434 5015 641 5066 verunt
662 5006 1147 5079 valde,dicentes:
1173 5006 1315 5078 Quis
1334 5025 1471 5085 ergo
1494 5016 1687 5086 potest
1707 5008 1898 5068 salvus
1924 5009 2082 5069 ﬁeri?

433 5092 683 5155 Inluitus
713 5104 907 5156 autem
942 5096 1075 5157 illos
1106 5096 1277 5158 Jesus
1302 5096 1449 5159 dixit
1470 5095 1784 5177 illis,Apud
1808 5098 2081 5160 homines

434 5186 544 5245 hoc
574 5185 941 5264 impossibile
973 5186 1246 5264 est,apud
1286 5184 1463 5245 Deum
1498 5194 1691 5245 autem
1730 5187 1929 5247 omnia
1950 5206 2078 5267 pos-

433 5273 626 5334 sibilia
655 5274 1145 5355 sunt.nDiscipuli
1178 5283 1238 5335 ut
1272 5273 1714 5349 misericordes,
1752 5294 1867 5335 non
1895 5276 2080 5338 inter-

434 5372 640 5439 rogant
670 5381 774 5442 pro
796 5364 1009 5443 seEpsis
1037 5364 1354 5444 (pauperes
1385 5364 1541 5425 enim
1568 5364 1951 5444 fuerant),sed
1976 5385 2080 5446 pro

429 5451 705 5512 omnibus
756 5452 1123 5514 hominibus.
1179 5454 1465 5516 Dominus
1514 5454 1695 5532 igitur
1747 5453 1922 5516 docet
1959 5476 2077 5518 non

427 5541 687 5602 humana
710 5542 1055 5605 infirmitate
1080 5544 1439 5605 metiendam
1466 5545 1855 5618 salutem,sed
1882 5546 2078 5613 divina

2174 4552 2425 4612 δύσκολον
2482 4556 2605 4613 εἷπε
2688 4559 2749 4614 τὸ
2820 4559 3097 4643 εἰσελθεῖν,
3176 4563 3391 4622 ἐνταῦθα
3450 4564 3506 4623 δὲ
3564 4566 3815 4625 ἀδύνατον

2162 4642 2458 4738 παντελῶς.
2528 4647 2677 4711 Τινὲς
2737 4645 2791 4703 δὲ
2878 4642 3147 4733 κάμηλον,
3208 4653 3266 4710 οὗ
3323 4656 3384 4711 τὸ
3438 4657 3574 4726 ζῶόν
3630 4680 3811 4738 φασιν,

2163 4731 2298 4826 ἀλλά
2342 4736 2404 4791 τὸ
2452 4739 2603 4817 παχὺ
2648 4738 2908 4821 σχοινίον,
2960 4744 3005 4816 ᾧ
3034 4731 3272 4822 χρῶνται
3305 4747 3351 4801 οἱ
3380 4753 3561 4803 ναῦται
3591 4731 3722 4826 πρὸς
3751 4731 3813 4803 τδ

2159 4822 2356 4899 ῥίπτειν
2397 4826 2491 4890 τὰς
2536 4828 2765 4906 ἀγκύρας
2778 4872 2793 4889 .

2250 4935 2274 4968 ε
2326 4911 2678 4983 Ἀκούσαντες
2735 4918 2789 4975 δὲ
2834 4922 2881 4978 οἱ
2940 4924 3172 4998 μαθηταὶ
3228 4925 3385 4983 αὐτοῦ
3422 4924 3807 4995 ὶξεπλήσσοντο

2162 5001 2382 5091 σφόδρα,
2441 5004 2685 5085 λέγοντες
2718 5030 2731 5043 ·
2797 5011 2886 5075 Τίς
2944 5011 3045 5091 ἄρα
3088 5010 3297 5070 δύναται
3330 5016 3611 5089 σωθῆναις
3668 5019 3807 5091 Ἐμ-

2161 5088 2253 5147 ϐλέ
2270 5101 2363 5167 pa:
2408 5093 2463 5151 δὲ
2508 5099 2535 5153 6
2602 5097 2809 5166 Ἰησοὺς
2860 5088 3013 5158 εἶπεν
3064 5105 3271 5167 αὐτοῖς.
3336 5106 3482 5182 [Ιαρά
3524 5088 3811 5183 ἀνθρώποις

2160 5184 2314 5240 τοῦτο
2358 5184 2609 5245 ἀδύνατόν
2668 5190 2803 5264 ἐστι,
2864 5192 3007 5271 παρά
3059 5188 3113 5247 δὲ
3157 5198 3275 5266 Θεῷ
3315 5194 3487 5250 πάντα
3528 5191 3739 5256 δυνατά.
3779 5216 3805 5248 ι

2166 5278 2226 5331 Οἱ
2286 5280 2520 5351 μαθηταὶ
2566 5278 2923 5359 φιλάνθρωποι
2976 5279 3149 5356 ὄντες,
3202 5281 3467 5363 ἐρωτῶσιν
3523 5287 3627 5363 οὔχ
3683 5284 3843 5363 ὑπὶρπ

2165 5366 2365 5422 ἑαυτῶν
2429 5366 2677 5447 (πένητες
2736 5371 2836 5450 γὰρ
2876 5368 3063 5451 ἦσαν),
3125 5369 3245 5428 ἀλλ’
3296 5372 3427 5451 ὑπὲρ
3480 5374 3692 5430 πάντων
3724 5374 3813 5429 ἆν-

2164 5458 2413 5537 θρώπων,
2463 5451 2521 5518 Ὀ
2566 5465 2655 5518 οὖν
2712 5464 2899 5544 Κύριος
2954 5461 3182 5521 διδάσκει
3245 5464 3319 5541 μὲν
3388 5472 3457 5544 τῇ
3513 5466 3813 5545 ἀνθρωπίνῃ

2160 5550 2396 5625 ἀσθενείᾳ
2454 5553 2782 5633 συμμετρεῖν
2841 5554 2940 5621 τὴν
3022 5559 3310 5636 σωτηρίαν,
3386 5554 3522 5615 ἀλλὰ
3579 5557 3647 5627 τῆ
3721 5564 3814 5617 τοῦ

507 5674 600 5756 (a)
636 5672 788 5740 Edit.
819 5680 947 5740 Lut.
983 5678 1207 5754 omisit,
1243 5678 1408 5754 Quid
1433 5680 1622 5758 igitur
1649 5696 1840 5758 usque
1860 5680 1933 5741 ad
1956 5699 2027 5744 ea
2056 5682 2242 5746 verba
2274 5684 2745 5751 Adolacmtom.
