4118 6220
204 334 305 398 361

855 333 1293 401 ENARRATIO
1332 337 1415 402 IN
1460 336 1849 403 EVANGEL]

1938 336 1969 397 ιί
2015 335 2410 399 ΜΑΤΤΗᾹΏΙ.
2458 368 2530 379 -
2576 338 2739 399 CAP.
2790 337 2919 399 XX.

3454 324 3572 401 362

195 470 284 536 τὴν
341 468 624 536 ἑνδεκάτην
675 471 839 549 ὥραν,
896 468 1085 528 ἔλαϐον
1148 470 1246 526 ἀνὰ
1301 468 1567 549 δηνάριον,
1624 468 1844 527 Ἐλθόν-

1938 467 2221 530 decimam
2257 469 2461 530 horam
2478 470 3574 551 venerant,acceperuntsingulidena-

196 580 274 622 τες
321 558 374 613 δὲ
422 562 470 615 οἱ
529 565 724 624 πρῶτοι
803 560 1051 634 ἐνόμισαν
1138 558 1215 615 ὅτι
1274 558 1492 615 πλείονα
1547 559 1832 634 λήψονται.

201 650 287 705 Καὶ
342 646 533 703 ἔλαϐον
587 650 673 703 καὶ
734 650 877 704 αὐτοὶ
949 648 1047 703 ἀνὰ
1105 646 1351 720 δηνάριον
1380 665 1390 676 ’
1449 646 1699 710 λαϐόντες
1757 646 1835 726 δὲ,

193 739 466 813 ὶγόγγυζον
561 738 695 793 κατὰ
770 739 865 793 τοῦ
930 735 1323 816 οἰκοδεσπότου,
1403 736 1672 815 λέγοντες,
1758 738 1837 791 ὅτι

199 825 342 883 Οὗτοι
374 827 421 880 οἱ
470 826 690 904 ἔσχατοι
720 827 844 899 μίαν
888 825 1028 904 ὥραν
1071 826 1351 898 ἐποίησαν,
1397 827 1483 881 καὶ
1527 825 1675 889 ἴσους
1705 826 1839 900 ημῖν

197 914 367 978 αὖτοὺς
467 917 724 981 ἒποίησας
796 928 913 976 τοῖς
990 916 1283 990 βαστάσασι
1370 917 1429 970 τὸ
1512 916 1672 991 βάρος
1741 915 1839 981 τῆς

196 1004 390 1079 ἡμέρας
436 1008 528 1060 καὶ
568 1007 660 1059 τὸν
718 1005 1019 1077 καύσωνα,
1071 995 1128 1060 Ὀ
1185 1002 1239 1058 δὲ
1304 1004 1599 1080 ἀποκριθεὶς
1686 1004 1841 1060 εἶπεν

583 1085 817 1172 Ἐταῖρε,
851 1094 945 1149 οὒκ
973 1091 1137 1148 ἀδικῶ
1182 1115 1259 1155 σε,
1298 1094 1433 1171 Οὕχὶ
1454 1092 1699 1169 δηναρίου
1728 1116 1845 1148 συν-

1580 1181 1731 1237 Θὲλω
1788 1182 1842 1237 δὲ

1448 1271 1483 1338 ἢ
1530 1273 1622 1326 οὒκ
1680 1269 1844 1334 ἔξεστί

199 1384 282 1435 μοι
340 1363 567 1429 ποιῆσαι
629 1362 658 1418 '6
715 1361 853 1418 θέλω
896 1362 950 1417 ἐν
1002 1375 1121 1424 τοῖς
1182 1362 1388 1437 ἐμοϊςς
1436 1364 1477 1417 εἶ
1506 1362 1536 1417 ὅ
1577 1360 1843 1441 ὀφθαλμός

199 1473 281 1506 σου
335 1453 570 1530 πονηρός
638 1455 802 1521 εστιν,
878 1450 957 1505 ὅτι
1030 1451 1137 1527 ἐγὼ
1200 1450 1393 1529 ἀγαθός
1448 1451 1601 1525 sint;
1665 1449 1843 1511 υῧτως

196 1540 393 1596 ἔσονται
452 1544 499 1596 οἱ
555 1540 777 1619 ἔσχατοι
839 1544 1061 1616 πρῶτοι,
1116 1540 1201 1593 καὶ
1260 1540 1307 1593 οἱ
1351 1540 1550 1617 πρῶτοι
1596 1536 1840 1615 ἔσχατοι.

202 1628 382 1685 Πολλοὶ
441 1631 544 1709 γάρ
590 1632 686 1684 εἱσι
738 1627 953 1700 κλητοι,
1012 1627 1183 1705 ὀλίγοι
1225 1625 1279 1683 δὲ
1330 1627 1554 1689 ἐλεκτοί,
1609 1651 1635 1681 »
1686 1624 1845 1701 ’θψία

198 1722 228 1785 ἡ
273 1719 539 1775 συντέλεια
574 1735 587 1749 ⁸

198 1094 263 1149 ἑνὶ
306 1094 479 1150 «ﬁtch
516 1112 533 1130 ·

198 1183 465 1259 εσώνησάς
528 1206 615 1257 μοι
654 1201 669 1254 ;
743 1183 868 1259 ἆρον
912 1184 971 1237 τὸ
1016 1184 1130 1249 σὸν,
1179 1185 1266 1238 καὶ
1309 1182 1501 1259 ὕπαγε,

198 1273 355 1336 τούτῳ
406 1276 485 1345 τῷ
530 1272 749 1351 ἐσχάτῳ
792 1270 965 1327 δοῦναι
1010 1272 1082 1335 ὼς
1126 1273 1212 1326 καὶ
1260 1272 1340 1327 σοί
1375 1286 1387 1299 ⁸

646 1720 700 1775 ἐν
743 1726 868 1796 γοῦν
911 1724 979 1793 τῇ
1022 1716 1292 1773 συντελεία
1346 1715 1673 1791 λαμϐάνουσι
1704 1717 1845 1776 πάν-

1920 557 2428 619 rium.Venientes
2450 567 2645 619 autem
2665 567 2727 619 et
2746 559 3222 637 primi,arbitrati
3250 571 3390 625 sunt
3412 562 3570 643 quod

1924 648 2054 726 plus
2087 656 2289 709 essent
2339 650 2667 727 accepturi,
2711 656 2767 708 et
2794 659 3154 729 acceperunt
3190 650 3298 729 ipsi
3332 670 3569 733 quoque

1922 738 2134 814 singuli
2173 738 2505 798 denarium.
2546 741 2773 798 Etcum
2807 740 3199 818 accepissent.
3226 757 3566 801 murmura-

1924 825 2363 887 bantadversus
2394 826 2908 906 patremfamilias,
2940 826 3245 890 dicentes:
3275 829 3349 891 Hi
3373 831 3569 891 novis-

1924 914 2056 975 simi
2090 934 2262 975 unam
2297 916 2503 975 horam
2536 915 2771 976 fuerunt
2802 916 2861 976 in
2895 934 3102 995 opere,
3142 924 3201 977 et
3226 917 3362 979 illos
3395 937 3567 999 pares

1927 1004 2095 1063 nobis
2121 1004 2439 1085 fecisti,qui
2466 1005 2826 1082 portavimus
2852 1005 3081 1084 pondus
3112 1005 3228 1066 diei
3248 1014 3308 1067 et
3333 1008 3561 1071 aestum!

1929 1099 1998 1153 At
2046 1094 2147 1154 ille
2199 1094 2569 1172 respondens
2612 1094 2710 1153 uni
2753 1112 2983 1167 eorum,
3017 1093 3099 1154 ait
3132 1115 3145 1156 :
3182 1095 3411 1169 Amice,
3449 1115 3569 1158 non

1927 1184 2117 1243 al‘ﬁcio
2141 1191 2195 1242 te
2226 1182 2682 1261 injuria.Nonne
2708 1182 2954 1244 denario
2982 1192 3183 1262 pactus
3210 1202 3278 1245 es
3305 1186 3570 1246 mecum?

1933 1270 2091 1331 Tulle
2114 1272 2270 1350 quod
2306 1281 2463 1331 tuum
2499 1280 2608 1344 est,
2640 1282 2698 1332 et
2728 1271 2845 1332 abi.
2882 1271 3029 1332 Volo
3058 1280 3256 1333 autem
3291 1274 3427 1335 huic
3456 1293 3570 1336 no-

1928 1360 2166 1419 vissimo
2190 1360 2329 1420 dare
2384 1362 2533 1421 sicut
2564 1373 2623 1421 et
2648 1360 2776 1421 tibi.
2810 1362 3023 1423 Annon
3059 1361 3197 1422 licet
3235 1362 3381 1424 mihi
3413 1364 3572 1445 quod

1933 1450 2063 1509 \UIO
2094 1449 2285 1510 facere
2319 1451 2375 1509 iu
2407 1449 2589 1510 rebus
2622 1450 2803 1513 meis?
2832 1468 2907 1511 an
2950 1450 3159 1511 oculus
3215 1459 3351 1512 tuus
3382 1453 3573 1516 malus

1929 1547 2036 1609 est,
2074 1538 2225 1617 quod
2296 1556 2402 1615 ego
2454 1538 2644 1599 bonus
2692 1540 2839 1600 sim?
2894 1541 2992 1601 Sic
3051 1539 3354 1601 novissimi
3398 1551 3576 1604 erunt

1929 1628 2191 1706 primi.et
2223 1628 2392 1706 primi
2429 1629 2733 1689 novissimi
2765 1650 2777 1691 :
2813 1628 2983 1690 multi
3003 1629 3161 1690 enim
3194 1640 3333 1691 sunt
3359 1633 3571 1714 vocati,

1930 1716 2098 1794 pauci
2130 1726 2325 1776 autem
2361 1716 2560 1779 eli-eti.
2588 1740 2616 1777 ι
2650 1716 2977 1799 Vesperum
3004 1720 3570 1786 estconsummatio:

200 1833 280 1873 τες
324 1811 418 1867 ἀνα
476 1810 749 1889 δηνάριον,
796 1810 823 1865 ὅ
884 1810 1024 1865 ἐστιν
1083 1812 1116 1876 ἡ
1191 1816 1282 1866 τοῦ
1340 1811 1488 1886 ἀξίου
1544 1810 1842 1883 Πνεῦματος

1938 1807 1987 1865 in
2020 1807 2138 1865 ﬁne
2167 1816 2361 1867 autem
2414 1806 2530 1867 diei
2589 1816 2645 1869 et
2701 1806 3212 1869 consummatione
3268 1809 3578 1889 accipiunt

202 1901 373 1979 χάρις,
437 1900 814 1978 ἀναμορνροῦσα
866 1900 957 1954 τὸν
1028 1897 1294 1974 ἄνθρωπον
1347 1898 1419 1959 εἷς
1471 1900 1531 1953 τὸ
1587 1896 1705 1954 κατ’
1765 1898 1844 1951 εἰ-

204 1990 347 2062 κόνα,
390 1992 479 2045 καὶ
546 1992 769 2045 ποιοῦσα
811 1991 948 2050 θειας
994 1988 1197 2066 φύσεως
1240 1988 1517 2049 κοινωνόν,
1583 1985 1747 2042 Πλέον
1793 1984 1845 2040 δὲ

207 2077 478 2134 ἓκοπίασαν
528 2080 578 2135 οἱ
622 2080 723 2157 πρὸ
775 2079 871 2144 τῆς
952 2084 1042 2132 τοῦ
1103 2083 1326 2153 Χριστοῦ
1382 2075 1686 2150 ἐπιδημίας,
1730 2073 1844 2130 καθ’

206 2168 410 2224 ὃώπω
463 2169 533 2234 ἧν
578 2180 697 2223 τότε
733 2170 760 2222 6
803 2168 1027 2227 θάνατος
1083 2164 1275 2242 λυθεὶς,
1338 2163 1453 2221 οὖδέ
1512 2168 1539 2220 6
1596 2162 1843 2227 διάϐολος

208 2255 494 2335 συνετρίϐη,
544 2256 660 2312 ἁλλ’
702 2255 776 2310 ἔτι
809 2254 899 2325 ἔζη
944 2256 978 2321 ἡ
1026 2254 1253 2332 ἁμαρτία
1287 2271 1301 2287 ο
1348 2256 1511 2327 ἡμεῖς
1556 2250 1610 2308 δὲ
1669 2254 1849 2331 χάριτι

207 2352 419 2424 Χριστοῦ
462 2344 552 2401 διὰ
616 2348 709 2400 τοῦ
770 2346 1131 2419 βαπτίσματος
1190 2340 1574 2415 δικαιωθέντες,
1636 2340 1850 2415 δύναμιν

208 2431 542 2508 λαμϐάνομεν
620 2426 720 2495 εἰς⁸
778 2434 838 2487 τὸ
895 2437 1107 2497 νικῆσαι
1186 2432 1277 2485 τὸν
1334 2428 1614 2485 ἀντίπαλον
1668 2431 1846 2503 ἡμῶν,

207 2520 301 2588 ἤδη
342 2520 772 2587 καταϐληθέντα
835 2521 923 2575 καὶ
993 2518 1354 2576 θανατωθέντα
1413 2520 1514 2575 ὑπὸ
1570 2529 1661 2576 τοῦ
1718 2525 1851 2593 Χριο

210 2634 323 2667 στου
357 2629 370 2642 ⁸
425 2611 568 2667 ἀλλὰ
624 2612 711 2665 καὶ
771 2610 905 2665 κατὰ
961 2610 1059 2675 τὴν
1127 2608 1385 2687 προτέραν
1441 2608 1744 2686 ἑρμηνείαν,
1806 2609 1850 2663 οἱ

214 2702 441 2776 νεώτεροι
516 2700 920 2776 πιστεύσαντες,
1004 2697 1255 2761 πλείονα,
1302 2698 1539 2770 κάματον
1638 2696 1851 2775 ἔχουσιν

210 2792 327 2868 ὑπὲρ
368 2791 485 2853 τοὺς
523 2789 578 2845 ἐν
608 2790 749 2866 γήρα
791 2784 1172 2865 προσελθόντας
1209 2803 1221 2815 ·
1257 2789 1284 2841 6
1318 2786 1415 2860 μὲν
1464 2786 1563 2863 γὰρ
1612 2786 1747 2857 νέος,
1793 2787 1854 2839 τὸ

1931 1912 2141 1956 omnes
2164 1914 2337 1955 suum
2370 1895 2809 1977 denarium,qui
2842 1906 2930 1957 est
2960 1894 3217 1976 Spiritus
3233 1898 3421 1958 sancti
3442 1916 3575 1975 gra-

1933 1986 2029 2062 tia,
2068 1985 2490 2045 transformans
2523 1986 2825 2046 hominem
2859 1985 2931 2046 ad
2966 2003 3139 2045 suum
3172 1988 3498 2067 exemplar,
3516 1996 3575 2049 et

1929 2073 2152 2134 faciens
2175 2073 2386 2134 divinae
2430 2083 2653 2135 naturae
2681 2076 3049 2154 participem.
3085 2073 3222 2135 Plus
3251 2084 3448 2137 autem
3480 2077 3570 2138 la-

1935 2163 2288 2222 boraverunt
2319 2162 2415 2242 qui
2449 2173 2583 2223 ante
2609 2164 2825 2225 Christi
2859 2164 3182 2225 adventum
3213 2163 3478 2240 fuerunt,
3505 2184 3576 2227 eo

1934 2252 2088 2329 quod
2122 2260 2255 2311 tunc
2287 2254 2543 2312 nondum
2576 2266 2704 2312 erat
2730 2270 2888 2312 mors
2912 2252 3339 2332 soluta,neque
3361 2253 3575 2315 diabo-

1936 2340 2022 2399 lus
2054 2343 2359 2420 contritus,
2413 2342 2517 2401 sed
2567 2342 2763 2401 adhuc
2814 2341 3043 2403 vivebat
3094 2351 3424 2421 peccatum.
3459 2340 3579 2405 Nos

1932 2438 2125 2488 autem
2150 2431 2334 2506 gratia
2358 2431 2577 2491 Christi
2613 2449 2718 2510 per
2748 2430 3582 2510 baptismumjustilicati,vir-

1938 2528 2117 2577 tutem
2148 2519 2473 2599 accipimus
2521 2521 2592 2579 ad
2640 2520 2994 2580 vincendum
3025 2518 3429 2581 adversarium
3462 2540 3578 2583 no-

1935 2608 2267 2685 strum,jam
2293 2607 2591 2687 dejectum
2619 2616 2674 2668 et
2704 2608 2966 2669 occisum
2990 2626 3023 2667 a
3047 2608 3304 2669 Christo.
3329 2607 3581 2688 Etjuxta

1938 2694 2192 2773 priorem
2224 2696 2914 2776 interpretationem,qui
2938 2698 3195 2773 juvenes
3237 2696 3573 2779 credidere,

1939 2786 2222 2861 majorem
2258 2785 2522 2845 laborem
2558 2785 2981 2863 habent,quam
3002 2784 3060 2843 hi
3091 2784 3190 2863 qui
3222 2783 3283 2844 in
3314 2794 3580 2848 senectu-

214 2880 355 2956 βάρος
411 2889 507 2937 τοῦ
570 2881 733 2951 θυμοῦ
790 2878 877 2932 καὶ
946 2877 1036 2931 τὸν
1112 2883 1357 2931 καῦσωνα
1430 2880 1526 2940 τῆς
1582 2874 1849 2947 ἐπιθυμίας

1938 2881 1993 2932 te
2020 2874 2089 2932 ad
2110 2874 2287 2933 [idem
2311 2882 2710 2934 accesserunt.
2741 2872 3107 2934 Adolescens
3149 2872 3307 2932 enim
3344 2874 3579 2951 pondus

213 2969 474 3046 βαστάζει,
546 2964 795 3040 πολεμῶν
835 2976 955 3027 τοῖς
1004 2964 1220 3019 πάθεσιν
1256 2978 1268 2992 ⁸
1319 2966 1345 3019 6
1395 2962 1447 3018 δὲ
1489 2963 1655 3041 γέρων
1684 2963 1737 3017 ἐν
1763 2984 1849 3039 γα-

1938 2963 2039 3021 irae
2084 2970 2142 3021 et
2171 2971 2372 3021 aestum
2408 2960 2908 3040 consupiscentize
2950 2968 3401 3038 gestat,certans
3442 2980 3578 3023 cum

216 3055 341 3132 λήνῃ
385 3059 616 3135 γίνεται.
680 3052 831 3109 Ἀλλ’
887 3052 1032 3127 ὅμως
1091 3054 1305 3130 πάντες,
1370 3060 1493 3127 μιᾶς
1524 3051 1720 3130 δωρεᾶς
1765 3054 1849 3107 τοῦ

1940 3050 2565 3111 σίῐεειωιιὶὺυεδεηεχ
2584 3059 2776 3110 autem
2793 3048 2853 3108 in
2868 3048 3182 3127 tranquillo
3202 3057 3579 3112 estzattamen

218 3147 351 3222 ἁγίου
436 3146 746 3219 Πνεῦματος
836 3141 1119 3207 ἀξιοῦνται,
1196 3139 1441 3197 Διδάσκει
1528 3144 1613 3197 οὖν

217 3238 248 3301 ἠ
286 3232 594 3313 παραϐολὴ,
650 3232 730 3288 ὅτι
788 3232 885 3286 κάν
944 3238 1019 3304 τῷ
1066 3233 1207 3309 γήρᾳ
1253 3230 1361 3285 ἔστι
1394 3236 1727 3308 μεταγνῶναι
1771 3230 1857 3287 καὶ

222 3329 308 3389 τῆς
361 3323 637 3400 βασιλείας
696 3334 887 3400 τυχεῖν
922 3337 935 3349 '
994 3329 1147 3377 τοῦτο
1190 3321 1289 3398 γὰρ
1345 3321 1379 3387 ἡ
1442 3318 1691 3386 ἑνδεκάτη
1722 3320 1854 3398 ὥρα.

221 3413 283 3470 Οὔ
321 3416 642 3492 φθονήσουσι
699 3410 751 3465 δὲ
816 3413 861 3466 οἱ
918 3410 1057 3487 ἅγιοι
1114 3422 1232 3473 τοῖς
1290 3410 1355 3464 τὰ
1409 3407 1506 3464 ἵσα
1562 3407 1857 3488 λαϐοῦσιν,

222 3501 456 3582 "Ai-.272,
506 3501 647 3557 ἀλλὰ
690 3510 842 3558 τοῦτο
912 3498 1165 3554 δείκνυται
1208 3498 1462 3571 ἐντεῦθεν,
1510 3498 1587 3553 ὅτι
1634 3506 1862 3554 τοσαῦτα

220 3594 296 3647 καὶ
350 3590 651 3657 τηλικαῦτά
696 3591 793 3643 εἶσι
849 3589 914 3643 τὰ
961 3586 1206 3661 διδόμενα
1254 3601 1371 3650 τοῖς
1418 3584 1636 3651 δικαίοις
1666 3587 1856 3666 ἀγαθὰ,

222 3680 342 3737 ὥστε
372 3682 456 3736 καὶ
488 3680 683 3759 φθόνον
713 3682 929 3742 κινῆσαι
959 3674 1225 3737 δύνανται,

299 3789 326 3827 ι
369 3772 465 3827 Καὶ
508 3756 520 3759 ν
560 3763 854 3822 ἀναϐαίνων
938 3767 966 3820 6
1048 3763 1250 3831 Ἰησοῦς
1336 3766 1406 3826 εἷς
1495 3756 1855 3844 Ἱεροσόλυμα,

223 3855 468 3936 παρέλαϐε
547 3857 669 3918 τοὺς
729 3853 929 3910 δώδεκα
998 3854 1239 3927 μαθητὰς
1296 3852 1413 3909 κατ’
1475 3852 1616 3909 ἰδίαν
1684 3853 1739 3909 ἐν
1796 3859 1864 3929 τῇ

224 3934 335 4022 ὁδῷ,
390 3950 479 4003 καὶ
531 3945 687 4001 εἶπεν
731 3947 912 4008 αὐτοῖς
946 3962 957 3973 ·
1008 3940 1139 3998 Ἰδοὺ
1196 3939 1541 4016 ἀναϐαίνομε)
1586 3944 1656 4001 εἷς
1693 3934 1864 4020 Ἱερα-

225 4035 434 4111 σόλυμα,
490 4035 587 4090 καὶ
669 4035 697 4088 6
777 4034 893 4095 Υἱὸς
950 4038 1042 4087 τοῦ
1098 4031 1369 4109 ἀνθρώπου
1439 4030 1864 4108 παραδοθήσεται

223 4140 328 4188 τοῖς
414 4125 725 4202 ἀρχιερεῦσι
802 4123 891 4177 καὶ
975 4126 1368 4199 Γραμματεῦσι,
1444 4123 1531 4177 καὶ
1604 4143 1863 4199 κατακρι-

224 4224 386 4273 νοῦσιν
430 4215 592 4270 αὺτὸν
634 4212 866 4283 θανάτῳ,
926 4211 1016 4266 καὶ
1079 4207 1476 4288 παραδώσουσιν
1535 4212 1691 4266 αὺτὸν
1748 4224 1864 4273 τοῖς

225 4300 411 4359 ἔθνεσιν
472 4304 551 4363 εἷς
608 4303 669 4357 τὸ
724 4299 1005 4373 ἐμπαῖξαι,
1052 4301 1138 4355 καὶ
1183 4305 1537 4375 μαστιγῶσαι,
1570 4302 1656 4355 καὶ
1700 4322 1863 4355 σταυ-

1712 3143 1853 3215 ἡμᾶς
1883 3136 1911 3139 ⁷
1942 3158 2149 3198 omnes
2182 3157 2287 3197 nos
2320 3158 2497 3198 unum
2533 3143 2755 3200 donum
2788 3136 3041 3217 Spiritus
3088 3139 3270 3197 sancti
3307 3139 3579 3221 assequi-

1945 3232 2287 3289 mur.l)ocet
2316 3227 2493 3305 igitur
2511 3246 2617 3287 nos
2644 3228 2773 3285 106
2786 3225 3247 3306 parabola,quod
3272 3226 3331 3287 in
3363 3246 3581 3291 senec-

1944 3326 2065 3378 tute
2089 3317 2260 3376 etiam
2296 3318 2432 3377 licet
2461 3317 2906 3394 resipiscere,et
2924 3332 3170 3393 regnum
3189 3316 3475 3380 cmlorum
3493 3336 3585 3380 as-

1946 3406 2137 3484 sequi.
2170 3404 2306 3466 Haec
2339 3405 2497 3465 enim
2528 3406 2841 3466 undecima
2871 3405 3015 3465 hora
3046 3403 3314 3467 est.Num
3347 3407 3582 3469 invide-

1948 3496 2093 3555 bnnt
2116 3495 2305 3555 sancti
2337 3495 2428 3554 liis
2459 3496 2559 3574 qui
2592 3494 2755 3573 paria
2781 3493 3110 3573 accipiunt?
3142 3495 3452 3573 Absit,sed
3483 3515 3585 3559 os-

1949 3586 2134 3646 tendit
2166 3585 2261 3644 hic
2287 3584 2442 3662 quod
2478 3593 2633 3643 tanta
2662 3592 2719 3643 et
2752 3584 2887 3643 talia
2917 3590 3051 3642 sunt
3080 3582 3233 3643 bona
3262 3603 3393 3664 qua:
3435 3587 3585 3649 den-

1946 3675 2251 3753 turjustis,
2288 3683 2350 3732 ut
2373 3683 2430 3733 et
2455 3672 2736 3732 invidium
2770 3672 3027 3731 excitare
3058 3673 3314 3751 possint.

2028 3765 2206 3824 Vens.
2244 3766 2446 3825 its-2|.
2490 3785 2510 3816 ιι
2550 3763 2620 3822 Et
2666 3760 3000 3821 ascendens
3026 3762 3200 3821 Jesus
3250 3760 3589 3845 Hierosoly-

1949 3871 2061 3925 ma,
2114 3851 2431 3930 assumpsit
2460 3850 2769 3910 duodecim
2799 3848 3126 3929 discipulos
3164 3865 3307 3910 suos
3336 3850 3495 3913 solos
3525 3853 3589 3914 in

1947 3942 2059 4017 via,
2092 3950 2148 4000 et
2178 3940 2254 3999 ait
2287 3942 2402 3999 illis
2437 3960 2449 4000 :
2487 3939 2636 4001 Ecce
2667 3937 3125 3998 conscendimus
3153 3937 3585 4021 Hierosolyma,

1949 4041 2003 4092 et
2035 4030 2215 4091 Filius
2250 4028 2794 4089 lioministradetur
2820 4027 3188 4107 principibus
3212 4030 3588 4102 sacerdotum

1948 4139 2015 4179 ac
2052 4118 2288 4189 scribis,
2316 4127 2372 4177 et
2400 4116 2882 4178 condemnabunt
2935 4134 3070 4177 eum
3124 4126 3335 4198 morte,
3374 4126 3431 4179 et
3469 4128 3591 4181 tra-

1950 4210 2092 4268 dent
2123 4226 2255 4267 eum
2272 4208 2542 4284 gentibus
2572 4207 2641 4265 ad
2679 4207 3590 4286 Illudendum,etﬂagellandum,

1949 4308 2010 4358 et
2039 4298 2528 4375 cruciligenduzn,
2567 4304 2625 4355 et
2657 4294 2827 4353 tertio
2850 4294 2947 4355 die
2970 4304 3259 4372 resurget.
3292 4294 3456 4358 Tunc
3487 4315 3593 4358 ac-

224 4398 401 4469 ρῶσαι,
465 4393 559 4446 καὶ
604 4395 673 4465 τῇ
712 4390 861 4468 τρίτῃ
913 4388 1085 4465 ἡμέρᾳ
1130 4388 1503 4456 ἀναστήσεται.
1535 4388 1664 4445 Τότε
1697 4411 1849 4467 προσ-

1954 4386 2131 4447 cessit
2159 4387 2230 4445 ad
2268 4403 2401 4443 eum
2440 4394 2625 4443 mater
2676 4383 2929 4443 filiorum
2984 4383 3256 4445 Zebedaei
3290 4403 3425 4446 cum
3457 4386 3597 4447 ﬁliis

222 4480 370 4547 ἦλθεν
426 4483 574 4553 αὒτῷ
602 4482 636 4545 ἡ
683 4479 863 4556 μήτηρ
917 4483 1024 4533 τῶν
1079 4479 1205 4531 υἱῶν
1261 4474 1533 4533 Ζεϐεδαίου
1576 4479 1711 4551 μετὰ
1764 4484 1849 4533 te»

1954 4476 2098 4548 suis,
2134 4475 2387 4533 adorans
2418 4482 2476 4532 et
2509 4482 2716 4552 petens
2746 4471 2969 4552 aliquid
2999 4474 3072 4533 ab
3104 4492 3196 4535 eo.
3220 4472 3296 4535 At
3326 4474 3426 4536 ille
3450 4475 3599 4536 dixit

225 4572 341 4626 υἱῶν
384 4574 577 4648 αὒτῆς,
633 4572 996 4646 προσκυνοῦσα
1055 4567 1143 4621 καὶ
1219 4566 1432 4622 αἰτοῦσά
1477 4587 1525 4620 τι
1584 4565 1709 4644 παρ’
1768 4568 1849 4623 αὖ·

1954 4566 2048 4626 ei:
2086 4562 2233 4634 Quid
2286 4564 2395 4622 vis?
2444 4563 2542 4623 Ait
2570 4562 2651 4621 illi
2679 4583 2691 4623 :
2720 4561 2822 4621 Dic
2878 4571 2938 4622 ut
2967 4562 3215 4623 sedeant
3247 4564 3308 4623 hi
3336 4564 3456 4625 duo
3489 4563 3597 4626 ﬁlii

226 4666 334 4719 τοῦ.
384 4651 442 4717 Ὀ
499 4658 555 4714 δὲ
588 4657 742 4713 εἶπεν
773 4659 907 4723 αὒτῆ
944 4674 959 4691 ·
993 4655 1053 4711 Τί
1080 4654 1247 4717 θέλεις
1283 4673 1299 4724 ;
1333 4654 1487 4731 Λέγει
1516 4658 1657 4728 αὐτῷ
1690 4672 1704 4686 ·
1744 4656 1849 4712 Εἰπὲ

1955 4654 2253 4716 mei.unus
2275 4669 2307 4710 a
2328 4649 2550 4710 dextris
2583 4652 2719 4724 tuis,
2746 4658 2804 4710 et
2831 4651 2981 4711 alter
3009 4650 3080 4711 ad
3114 4651 3414 4713 sinistram
3436 4662 3596 4716 tuam

225 4747 313 4803 ’ἕνα
365 4749 650 4805 καθίσωσιν
693 4747 835 4801 οὗτοι
891 4747 937 4800 οἱ
979 4742 1068 4799 δύο
1110 4744 1209 4798 υἱοί
1265 4764 1388 4817 μου,
1440 4743 1525 4805 εἷς
1582 4744 1643 4799 ἐκ
1692 4742 1849 4809 δεξοῶε

1954 4743 2012 4802 in
2046 4760 2227 4819 regno
2280 4748 2403 4799 tuo.
2447 4764 2468 4791 ι)
2505 4737 2910 4818 Opinabantur
2969 4739 3071 4800 lilii
3127 4738 3396 4802 Zebedrei
3438 4740 3597 4822 quod

229 4858 314 4893 σου
354 4838 440 4893 καὶ
497 4840 582 4900 εἴς
639 4834 691 4899 ἐξ
742 4834 1023 4906 εὐωνύμων
1073 4854 1167 4891 σου
1208 4832 1261 4887 ἐν
1296 4838 1363 4909 τῇ
1392 4830 1629 4907 βασιλείᾳ
1684 4855 1800 4895 σου,
1840 4858 1849 4887 ι

1957 4834 2183 4892 vadens
2238 4827 2641 4907 Hierolosyma
2698 4827 2984 4889 Dominus
3034 4837 3386 4904 regnaturus
3443 4839 3601 4893 esset

228 4924 494 5001 Ἐνόμιζον
551 4928 599 4981 οἱ
642 4931 734 4980 τοῦ
790 4920 1083 4989 Ζεϐεδαίου,
1132 4920 1213 4977 ὅτι
1253 4920 1341 4976 ἐὰν
1400 4920 1602 4997 ἀπέλθῃ
1636 4924 1708 4985 εἰς
1769 4915 1849 4979 ’[ει

1960 4939 2141 4999 regno
2192 4916 2444 4996 quodam
2494 4917 2825 4996 temporali.
2883 4915 3213 4977 Audierant
3253 4918 3413 4979 enim
3460 4938 3600 4983 eum

234 5015 489 5089 ροσόλυμα
548 5018 576 5070 6
635 5014 848 5090 Κύριος,
894 5010 1193 5087 βασιλεύσει
1247 5011 1501 5077 αἰσθητὴν
1554 5010 1824 5084 βασιλείαν

1962 5028 2117 5089 saepe
2148 5008 2469 5078 dicentum,
2505 5006 2972 5067 Conscendimus
3000 5005 3603 5087 Hierosolyma.Passi

234 5101 412 5168 ἧκωον
466 5105 566 5182 γὰρ
624 5101 782 5158 αὐτοῦ
839 5100 1077 5179 συνεχῶς
1127 5098 1399 5175 λέγοντος,
1452 5098 1532 5153 ὅτι
1566 5097 1849 5157 Ἀναϐαίνοη

1961 5106 2159 5160 autem
2195 5098 2518 5157 humanum
2551 5096 2713 5173 quid,
2752 5103 2808 5155 et
2854 5106 2913 5156 ut
2954 5106 3140 5155 mater
3167 5096 3415 5159 accedat
3461 5116 3602 5179 per-

240 5212 326 5265 μιν
370 5195 441 5258 εἷς
506 5183 846 5269 Ἱεροσόλυμα
880 5209 893 5223 ⁸
943 5187 1134 5245 ἔπαθον
1192 5188 1281 5243 οῦν
1332 5188 1654 5266 ἀνθρώπινόν
1686 5213 1761 5269 τι,
1792 5214 1849 5247 κσ

1964 5188 2251 5259 suadent,
2309 5184 2423 5263 ipsi
2470 5184 2709 5246 reveriti
2780 5184 2840 5243 in
2892 5183 3202 5245 manifesto
3260 5188 3596 5255 accedere:

238 5281 534 5357 προσελθεῖν
592 5282 689 5347 τὴν
745 5278 952 5358 μητέρα
995 5279 1276 5357 πείθουσιν,
1344 5277 1485 5333 αὒτοὶ
1544 5277 1849 5355 εὗλαϐούμε-

1958 5275 2227 5339 clanculo
2269 5274 2427 5334 enim
2481 5282 2861 5334 accesserunt
2895 5283 2952 5334 et
2978 5274 3112 5352 ipsi,
3150 5284 3206 5337 ut
3239 5278 3471 5341 Marcus
3500 5277 3601 5340 di-

244 5391 315 5425 νοι
357 5372 408 5427 ὲν
451 5378 527 5445 τῷ
572 5377 780 5451 φανερῷ
809 5367 1123 5448 προσελθεῖν
1158 5383 1171 5397 ⁹
1218 5368 1388 5447 κρὺιρα
1435 5368 1535 5444 γὰρ
1579 5369 1849 5447 προσῆλθοπ

1961 5368 2059 5429 cit.
2096 5364 2400 5427 Accedunt
2430 5363 2611 5433 enim,
2666 5364 2879 5443 inquit,
2934 5364 3007 5424 ad
3048 5384 3183 5425 eum
3240 5367 3494 5430 Iacobus
3544 5376 3605 5431 et

245 5460 327 5515 καὶ
367 5463 532 5539 αὔτοὶ,
573 5462 645 5524 ὡς
704 5462 733 5516 6
793 5459 1003 5536 Μάρκος
1034 5456 1179 5534 λέγει
1212 5471 1227 5488 ⁹
1263 5458 1392 5537 φησί
1423 5458 1547 5537 γὰρ,
1580 5456 1659 5514 ὅτι
1706 5482 1849 5539 προσ·

1961 5458 2243 5533 Joannes,
2276 5453 2386 5514 hoc
2416 5460 2524 5526 cst,
2572 5451 2840 5531 privatim
2887 5460 2949 5516 et
3004 5472 3273 5517 seorsum
3305 5458 3608 5523 accedunt

248 5549 542 5626 πορεύονται
602 5550 746 5623 αὐτῷ
820 5543 1072 5609 Ἰάκωϐος
1127 5546 1216 5603 καὶ
1274 5543 1547 5619 Ἰωάννης,
1586 5560 1589 5561 ⁷
1627 5548 1739 5605 ἀντὶ
1790 5556 1883 5606 τοῦ
1963 5547 2036 5607 ad
2062 5565 2219 5607 eum.

248 5638 392 5715 λάθρα
422 5640 505 5694 καὶ
546 5637 648 5709 ἰδία
693 5638 1109 5716 προσέρχονται.

560 5800 817 5863 “nec.
852 5802 966 5862 Gn.
1002 5798 1280 5865 CXXIII.
3188 5796 3285 5859 tl.
