4118 6220
482 255 599 321 363

526 442 530 446 -
563 402 737 464 Vens.
759 400 1305 481 22.:Respondens
1332 412 1526 464 autem
1545 402 1899 485 Jesus,dixit
1925 422 1939 467 :
1975 403 2125 467 Nes-
2145 417 2186 464 Α

481 492 611 553 citis
633 490 775 573 quid
802 490 1285 569 petitis.Potestis
1322 491 1526 554 bibere
1546 494 1817 574 patulum
1838 495 1991 573 quod
2017 513 2125 573 ego

481 581 775 644 bibiturus
807 590 1072 660 sum,aut
1103 583 1395 661 baptismo
1429 601 1545 662 quo
1578 601 1685 662 ego
1718 581 2002 662 baptizor,
2030 582 2127 643 ba-

482 673 721 753 ptizari?
746 672 959 733 Dicunt
989 672 1040 732 ei
1077 692 1090 733 :
1137 671 1481 733 Possumus.
1519 697 1544 726 π
1578 670 1758 732 Matre
1807 672 2120 751 praeterita,

478 762 616 824 ﬁliis
646 761 942 841 loquitur:
972 768 1035 820 ut
1055 760 1493 839 ostendatquod
1534 779 1651 820 non
1674 760 2030 839 ignoraverit
2050 759 2123 821 ab

478 852 623 933 ipsis
655 849 1019 933 praemissam
1057 857 1394 921 matrem,et
1417 850 1556 910 dicit
1584 850 1654 910 ad
1684 851 1838 911 illos:
1871 848 2125 910 Nescitis

477 942 616 1022 quid
651 939 1148 1021 petitisdllagnum
1184 946 1359 1017 est,ct
1379 940 1679 1017 angelicas
1711 940 1953 999 virtutes
1975 958 2118 999 con-

477 1031 729 1092 cutiens.
762 1027 1304 1091 Deindeabducens
1334 1028 1466 1087 illos
1487 1026 1559 1087 ali
1586 1026 1930 1105 linjusmudi
1954 1027 2118 1106 cogi—

476 1118 827 1189 tationibus,
854 1117 926 1178 ad
954 1116 1217 1195 pericula
1245 1117 1426 1193 magis
1459 1117 1749 1178 hortatur.
1795 1116 2122 1194 Interrogat

477 1218 697 1281 autem,
754 1226 869 1267 non
912 1206 1213 1284 ignorans,
1259 1206 1360 1265 sed
1404 1213 1467 1264 nt
1516 1215 1685 1282 cogat
1745 1205 2122 1267 manifestare

478 1298 644 1359 ulcus
675 1313 780 1376 per
810 1313 1181 1375 responsum.
1210 1303 1268 1354 et
1297 1294 1569 1354 studeant
1592 1294 1839 1373 implere
1866 1293 2118 1373 promis-

476 1386 729 1449 sionem.
762 1384 885 1447 Hoc
917 1383 1074 1445 enim
1108 1382 1430 1455 dicit,Qnia
1452 1401 1566 1443 non
1601 1391 1792 1463 potest
1822 1384 1955 1464 quis
1990 1383 2117 1443 fieri

477 1476 771 1557 particeps
788 1474 954 1553 regni
976 1472 1234 1546 mei,nisi
1264 1481 1320 1532 et
1346 1490 1609 1532 mearum
1636 1474 1968 1551 passionum
1990 1490 2117 1552 par-

472 1566 660 1646 ticeps
698 1566 820 1639 fiat;
854 1562 1035 1624 dicite
1076 1561 1244 1635 mihi,
1266 1580 1401 1622 num
1438 1561 1672 1641 possitis
1702 1560 1919 1621 similia
1950 1561 2067 1641 pati
2091 1568 2119 1624 ‘l

469 1653 754 1715 Pocnlum
787 1652 945 1714 enim
982 1651 1124 1712 dicit
1155 1659 1520 1730 martyrium,
1551 1663 1608 1711 et
1630 1668 1794 1711 suam
1833 1666 2108 1713 mortem:

1464 261 2058 336 THEOPHYLAGTI
2103 259 2514 334 BULGAsz
2558 264 2893 334 ARGHIEP

3740 258 3863 331 364

2295 426 2322 456 ι
2360 401 2689 482 Ἀποκριθεὶς
2748 401 2802 459 δὲ
2856 403 2884 458 ὃ
2946 400 3152 469 Ἰησοῦς
3212 408 3365 459 εἶπεν
3401 421 3413 432 ⁸
3466 407 3572 461 Οὔκ
3602 400 3784 459 οἴδατε
3816 404 3866 457 τί

2208 493 2463 551 αἰτεῖσθε.
2528 492 2755 550 Δύνασθε
2818 505 2966 548 πιεῖν
3018 493 3078 547 τὸ
3135 493 3393 570 ποτήριον
3448 493 3476 548 ὃ
3524 491 3632 569 ἐγὼ
3678 489 3863 565 μέλ)ω

2206 581 2423 657 πίνειν;
2480 581 2516 649 ἢ
2572 581 2632 637 τὸ
2685 581 2962 657 βάπτισμα
3030 582 3058 636 ὃ
3118 580 3225 660 ἐγὼ
3290 581 3605 658 βαπτίζομαι
3655 581 3857 657 βαπτι-

2206 672 2443 749 «eam;
2504 669 2756 748 Λέγουσιν
2815 671 2957 744 αὐτῷ
2991 685 3005 699 ⁸
3076 672 3368 745 Δυνάμεθα.
3422 693 3447 728 ε
3497 671 3604 736 Τὴν
3650 670 3857 748 μητέρα

2208 755 2556 837 καταλείψας,
2614 772 2728 820 τοῖς
2758 760 2895 822 υἱοῖς
2925 757 3246 836 διαλέγεται,
3293 758 3384 815 ἵνα
3438 757 3577 835 δείξῃ
3634 760 3706 819 ὡς
3758 760 3852 814 οῦκ

2206 847 2468 924 ἠγνόησεν
2522 846 2602 903 ὅτι
2667 847 2811 904 αὐτοὶ
2885 845 3235 925 προεϐάλοντο
3292 849 3393 915 τὴν
3463 848 3686 927 μητέρα,
3761 848 3854 902 καὶ

2201 937 2330 1016 φησὶ
2385 938 2517 1015 πρὸς
2573 936 2758 1001 αύτούς
2792 952 2806 967 ⁸
2842 936 2949 994 Οὔκ
2979 935 3159 993 οἴδατε
3201 938 3251 994 τί
3280 938 3507 993 αἰτεῖσθε
3544 953 3557 966 ⁸
3595 942 3707 1001 πῶς
3739 935 3853 992 ἐστι

2203 1025 2341 1102 μέγα
2408 1027 2497 1081 καὶ
2552 1027 2648 1089 τὰς
2723 1026 2828 1081 τῶν
2903 1025 3143 1105 ἀγγέλων
3225 1025 3467 1102 δυνάμεις
3524 1023 3852 1093 ἐκπλῆττον,

2205 1118 2341 1173 Εἶτα
2383 1114 2605 1191 ἀπάγων
2675 1115 2861 1177 αὖτοὺς
2932 1118 3037 1172 τῶν
3092 1116 3345 1171 τοιούτων
3400 1115 3692 1193 λογισμῶν,
3769 1115 3856 1171 ἐπὶ

2204 1199 2472 1265 κινδύνους
2560 1202 2764 1278 μᾶλλον
2848 1204 3230 1282 προτρέπεται.
3334 1202 3539 1281 Ἐρωτᾷ
3611 1202 3689 1277 δὲ,
3765 1207 3863 1259 οἰκ

2203 1292 2433 1369 ἀγνοῶν,
2503 1290 2622 1347 ἀλλ’
2666 1292 2755 1348 ἵνα
2813 1292 3089 1369 ἀναγκάσῃ
3145 1292 3439 1371 φανερῶσαι
3498 1293 3559 1348 τὰ
3588 1291 3741 1355 ἕλκος
3772 1290 3860 1351 διὰ

2204 1383 2301 1447 τῆς
2381 1381 2730 1460 ἀποκρίσεως,
2822 1381 2910 1437 καὶ
2994 1380 3295 1440 σπυδάσωσι
3378 1381 3663 1459 πληρῶσαι
3754 1382 3855 1449 τὴν

2202 1470 2516 1548 ὑπόσχεσιν,
2554 1478 2719 1528 Τοῦτο
2747 1471 2847 1549 γὰρ
2893 1469 3062 1549 λέγει,
3115 1470 3193 1526 ὅτι
3240 1468 3388 1529 Ἐπεὶ
3417 1470 3476 1527 οὒ
3518 1469 3729 1527 δύναταί
3770 1493 3854 1533 τις

2203 1558 2440 1635 γενέσθαι
2496 1561 2751 1624 κοινωνὸς
2810 1560 2908 1627 τῆς
2966 1558 3235 1636 βασιλείας
3264 1582 3386 1634 μου,
3420 1561 3571 1634 εἰμὴ
3599 1561 3684 1616 καὶ
3742 1568 3851 1615 τῶν

2201 1648 2354 1717 ἡμῶν
2426 1649 2759 1723 παθημάτων
2813 1648 3033 1727 γένηται
3088 1651 3365 1728 κοινωνὸς,
3419 1649 3609 1706 εἴπατέ
3639 1670 3759 1726 μοι,
3803 1652 3848 1705 εἶ

470 1744 645 1804 simul
674 1742 1000 1804 ostendens
1017 1741 1172 1821 quod
1200 1740 1327 1800 leve
1350 1740 1513 1818 sit,et
1539 1739 1693 1818 quod
1720 1748 1988 1819 oporteat
2007 1756 2100 1801 nos

2193 1734 2407 1793 δύνασθε
2460 1740 2527 1793 τα
2578 1737 2740 1813 ὅμοια
2821 1741 3035 1797 παθεῖν.
3098 1740 3362 1817 Ποτήριον
3430 1739 3530 1818 γὰρ
3588 1737 3730 1817 λέγει
3783 1741 3851 1795 τὸ

472 1841 586 1894 tam
620 1832 792 1893 facile
823 1830 964 1891 illud
988 1829 1252 1909 aggredi,
1286 1848 1460 1909 quam
1495 1828 1545 1889 si
1576 1827 1909 1889 bibendum
1952 1837 2111 1889 esset

469 1922 744 2002 poculum
775 1942 788 1980 :
816 1927 876 1982 et
907 1920 1215 1981 declarans
1248 1918 1402 1997 quod
1428 1917 1558 1996 ipse
1578 1917 1835 1977 suaviter
1868 1917 2111 1977 accedat

466 2010 536 2072 ad
565 2007 1012 2071 mortem.Sicut
1033 2008 1190 2068 enim
1228 2005 1437 2067 bibens
1462 2006 1734 2084 poculum
1758 2006 1949 2065 statim
1975 2005 2110 2067 dor-

468 2099 570 2160 mit
592 2108 863 2176 gravatus
897 2119 910 2155 :
946 2096 1030 2156 sic
1054 2105 1108 2156 rt
1139 2094 1237 2174 qui
1273 2094 1526 2174 martyrii
1552 2095 1825 2174 poculum
1863 2093 2107 2174 bibit,in

469 2187 672 2247 mortis
703 2204 976 2246 somnum
999 2185 1155 2244 defer
1172 2183 1587 2262 tur.Baptisma
1606 2199 1841 2263 quoque
1859 2194 2105 2244 mortem

466 2294 628 2336 suam
658 2274 944 2345 nominat,
981 2273 1134 2352 quod
1173 2290 1280 2332 nos
1311 2290 1518 2331 omnes
1551 2272 1842 2350 puriticet.
1865 2272 1935 2332 Hi
1971 2291 2105 2332 vero

465 2366 801 2426 nescientes
823 2362 959 2442 quid
993 2359 1538 2439 promitterent,sed
1571 2358 2105 2439 solumspcctantes

466 2454 537 2514 ad
571 2454 628 2514 id
666 2452 819 2534 quod
851 2450 1001 2531 cupi.
1028 2450 1187 2516 bant.
1222 2448 1420 2509 omnia
1449 2447 1616 2510 facile
1648 2448 2096 2529 pollicebantur.

2193 1825 2473 1903 μαρτύριον
2522 1828 2610 1882 καὶ
2693 1827 2779 1883 τόν
2863 1828 3060 1883 οἰκεῖον
3129 1829 3376 1907 θάνατον,
3420 1826 3531 1904 ἃμα
3588 1827 3684 1903 μὲν
3732 1826 3847 1883 διι-

2191 1915 2381 1982 κνύων,
2430 1914 2511 1971 ὅτι
2544 1913 2759 1972 εὔκολόν
2806 1916 2973 1991 ἔστιν,
3033 1916 3211 1996 ὥσπερ
3256 1920 3318 1974 τὸ
3360 1931 3504 1974 πιεῖν
3565 1919 3844 1993 ποτήριον,

2195 2004 2282 2060 καὶ
2333 2001 2416 2060 δεῖ
2458 2003 2645 2061 λοιπὸν
2688 2007 2776 2062 καὶ
2818 2008 2959 2074 ἡμᾶς
3006 2009 3079 2070 ὡς
3112 2006 3315 2080 εὐκόλῳ
3369 2008 3538 2080 τούτῳ
3598 2007 3851 2085 προστρέ-

2194 2114 2315 2172 χειν
2350 2111 2362 2125 ⁸
2438 2094 2551 2168 ἅμα
2595 2092 2650 2150 δὲ
2693 2092 2896 2170 δηλῶν,
2960 2093 3039 2150 ὅτι
3095 2096 3183 2151 καὶ
3244 2098 3398 2159 αὐτὸς
3442 2094 3610 2163 ἡδέως
3638 2098 3855 2165 προσῖεο

2190 2204 2276 2239 ται
2333 2184 2423 2239 τὸν
2480 2183 2727 2242 θάνατον.
2790 2175 3016 2261 ’ᾭσπερ
3072 2181 3126 2239 δὲ
3157 2186 3185 2240 ὁ
3228 2185 3393 2241 πίνων
3451 2186 3726 2264 ποτήριον,
3761 2189 3848 2243 εύ-

2189 2272 2319 2330 θέως
2375 2274 2638 2329 ὑπνώττει
2693 2270 3174 2352 καταϐαρούμενος,
3212 2272 3349 2329 οὕτω
3404 2276 3493 2330 καὶ
3541 2275 3570 2329 '0
3630 2276 3692 2330 τὸ
3750 2275 3847 2330 τοῦ

2190 2362 2471 2440 μαρτυρίου
2552 2362 2807 2441 ποτήριον
2892 2363 3078 2431 πίνων,
3164 2364 3237 2426 εἰς
3318 2365 3409 2420 τὸν
3470 2370 3562 2420 τοῦ
3615 2364 3841 2419 Θανάτου

2187 2450 2536 2530 καταφέρεται
2593 2448 2781 2521 ὕπνον,
2844 2452 2943 2508 Καὶ
3015 2451 3289 2528 βάπτισμα
3345 2450 3400 2507 δὲ
3456 2452 3700 2526 ὀνομάζει
3746 2455 3840 2508 τὸν

461 2546 681 2601 θάνατον
741 2546 918 2616 αὒτοῦ,
980 2544 1051 2605 ὡς
1094 2542 1408 2618 καθαρτικὸν
1464 2540 1589 2595 ὄντα
1632 2543 1843 2594 πάντων
1882 2541 2037 2614 ἡμῶν
2076 2556 2088 2568 ⁸
2139 2542 2185 2595 οἱ
2247 2535 2301 2594 δὲ
2355 2540 2679 2618 ὑπέσχοντο,
2738 2541 2835 2597 οὔκ
2890 2537 3085 2604 εἰδότες
3140 2541 3168 2596 ὃ
3211 2541 3417 2620 ἔλεγον,
3477 2540 3616 2598 ἀλλά
3671 2547 3839 2617 μόνον

462 2635 590 2711 πρὸς
621 2636 681 2689 τὸ
710 2644 901 2712 τυχεῖν
930 2632 1003 2687 ὧν
1032 2628 1240 2708 ἤθελον,
1274 2630 1445 2684 πάντα
1476 2627 1706 2689 εὸκόλως
1738 2629 2178 2707 ὑπισχνούμενοι.

540 2719 725 2784 Vens.
753 2720 852 2782 93.
896 2745 922 2775 α
947 2712 1043 2779 Ait
1074 2716 1190 2777 illis
1228 2738 1241 2774 :
1297 2715 1577 2777 Poculnm
1628 2714 1868 2796 quidem
1907 2734 2100 2776 meum

2274 2735 2298 2769 ε
2338 2718 2436 2774 Καὶ
2466 2715 2612 2794 λέγει
2643 2718 2828 2781 αὺτοῖς
2861 2737 2876 2754 ⁶
2927 2720 2998 2775 Τὸ
3056 2719 3156 2794 μὲν
3208 2721 3460 2797 ποτήριόν
3491 2741 3593 2795 μου
3635 2719 3837 2799 πίεσθε,

458 2809 763 2884 bibetis,et
786 2807 1076 2889 baptismo
1107 2825 1223 2886 quo
1254 2824 1360 2884 ego
1381 2803 1668 2884 baptizor,
1698 2803 2100 2884 baptizabimi-

2188 2805 2272 2860 καὶ
2315 2806 2378 2860 τὸ
2433 2806 2710 2881 βάπτισμα
2767 2807 2795 2861 ὃ
2852 2806 2961 2885 ἐγὼ
2992 2808 3337 2888 βαπτίζομαι,
3370 2808 3787 2884 βαπτισθήσεσθε
3822 2826 3835 2839 ⁸

456 2900 553 2961 ni.
589 2899 800 2963 sedere
826 2908 1019 2959 autem
1052 2898 1123 2957 ad
1155 2895 1421 2956 dextram
1458 2913 1646 2954 meam
1683 2903 1739 2954 et
1768 2894 2097 2969 sinistram,

2188 2893 2245 2947 τὸ
2297 2890 2351 2948 δὲ
2411 2895 2622 2949 καθίσαι
2667 2893 2727 2949 ἐκ
2786 2891 2967 2959 δεξιῶν
3014 2917 3116 2970 μου
3165 2899 3253 2953 καὶ
3280 2898 3334 2962 ἒξ
3378 2897 3653 2972 εὐωνύμων
3712 2916 3841 2977 μου,

455 3008 571 3050 non
594 2998 685 3052 est
710 3006 903 3049 meum
924 2986 1090 3065 dare,
1124 2983 1458 3065 sedquibus
1482 2991 1743 3063 paratum
1768 2992 1857 3044 est
1876 3002 1910 3043 α
1936 2983 2100 3045 Patre

2188 2982 2279 3037 οὐκ
2328 2979 2470 3039 ἔστιν
2517 2981 2647 3059 ἐμὸν
2701 2980 2897 3063 δοῦναι,
2960 2983 3083 3040 ἀλλ’
3126 2985 3213 3049 οἷς
3270 2987 3588 3061 ἡτοῖμασται
3618 2987 3720 3042 ὑπὸ
3748 2993 3847 3043 τοῦ

455 3097 609 3139 meo.
633 3102 654 3133 ε
697 3076 830 3139 Scio
862 3044 1101 3156 quidem
1135 3092 1235 3134 vos
1250 3044 1696 3151 iestiﬁcaturos,
1724 3079 1779 3131 et
1815 3075 2096 3135 evenient

2544 3044 2556 3059 .
2882 3044 2897 3063 ι
3199 3044 3211 3049 -
3292 3044 3304 3055 -
3393 3044 3404 3061 ι

2188 3072 2389 3150 Πατρός
2436 3094 2560 3148 μου.
2621 3095 2650 3127 ι
2713 3075 3086 3152 Μαρτυρήσετε
3142 3074 3264 3154 μὲν,
3339 3073 3461 3131 οἶδα
3513 3081 3693 3145 τοῦτο,
3751 3077 3842 3131 καὶ

452 3168 579 3229 haec
600 3154 1027 3228 omnino—107
1053 3162 1332 3226 lat-otium
1358 3161 1516 3221 enim
1553 3159 1818 3222 Herodes
1848 3161 2087 3237 occidit,

2188 3156 2329 3227 εξέϐη
2374 3162 2612 3225 πάντως.
2676 3159 2929 3220 Ἰάκωϐον
2982 3163 3078 3239 μὲν
3129 3166 3229 3243 γὰρ
3288 3154 3529 3243 Ἡρώδης
3581 3163 3837 3221 ἀπέκτει-

449 3258 737 3319 Joannem
774 3265 971 3316 autem
997 3253 1286 3330 Trajanus
1316 3250 1729 3312 condemnavit
1758 3252 2089 3327 praedican-

2188 3271 2284 3321 νεν,
2345 3249 2599 3317 Ἰωάννην
2656 3248 2711 3307 δὲ
2782 3253 3044 3329 Τραϊανὸς
3102 3250 3413 3309 κατεδίκασε
3470 3261 3833 3331 μαρτυροῦντα

452 3354 569 3407 tem
594 3343 835 3408 verbum
870 3340 1153 3404 veritatis.
1181 3338 1362 3401 Porro
1379 3338 1591 3401 sedere
1624 3357 1741 3399 non
1769 3349 1859 3399 est
1890 3358 2086 3400 meum

405 3492 408 3496 λ
449 3434 723 3511 dare,sed
756 3432 971 3513 quibus
1004 3437 1392 3510 praeparatum
1426 3436 1514 3487 est
1550 3427 1670 3487 :sic
1697 3427 1960 3505 intellige
1986 3450 1998 3490 :
2026 3429 2085 3490 Si

453 3523 725 3585 inventus
772 3518 950 3581 fuerit
995 3517 1128 3599 quis
1175 3535 1308 3577 cum
1358 3516 1621 3577 veritatis
1652 3516 2089 3588 testificatione,

452 3612 614 3674 omni
639 3611 754 3672 alia
782 3612 994 3671 virtute
1020 3604 1429 3687 praeditusille
1452 3606 1720 3685 accepiet
1749 3604 2096 3669 donnmJlli

452 3702 611 3766 enim
672 3706 1060 3779 praeparatum
1112 3704 1219 3769 est,
1274 3694 1374 3774 qui
1421 3694 1795 3763 laboraverit.
1846 3694 1999 3755 sicut
2040 3702 2097 3756 et

452 3789 816 3853 certantibus
842 3804 1078 3848 corona:
1112 3793 1249 3847 sunt
1291 3792 1650 3863 praeparatas.
1691 3780 2093 3853 Quemadmo-

451 3878 590 3940 dum
624 3896 831 3939 rursus
861 3874 1184 3936 certamine
1219 3871 1540 3952 proposito.
1563 3890 1630 3931 ac
1664 3890 1805 3950 rege
1826 3872 2091 3933 certami-

452 3967 547 4028 nis
567 3966 839 4046 praaside,
867 3963 915 4024 si
938 3962 1231 4042 quispiam
1260 3962 1356 4040 qui
1378 3978 1492 4020 non
1516 3970 1799 4021 certasset
1820 3962 2091 4041 prodeat,

452 4071 511 4118 et
543 4057 730 4117 dicat°
766 4056 847 4117 Da
879 4052 1321 4112 mihicoronam
1345 4067 1461 4109 non
1483 4048 1746 4127 ingreSSU
1771 4051 2090 4122 stadium,o

451 4143 795 4207 certaminis
830 4140 1211 4222 praeses,huic
1236 4137 1599 4217 respondere
1629 4138 1828 4217 utique
1855 4138 1954 4200 ille
1979 4158 2086 4219 po—

450 4233 740 4298 teritzNon
777 4240 865 4292 est
886 4249 1083 4291 meum
1111 4228 1253 4288 dare
1283 4232 1352 4287 ad
1386 4227 1640 4305 gratiam
1672 4230 2086 4303 coronam,sed

2172 3344 2248 3411 τῷ
2300 3339 2457 3416 Λόγῳ
2513 3344 2613 3407 τῆς
2670 3338 2945 3407 ἀληθείας.
3007 3342 3078 3399 Τὸ
3138 3339 3192 3398 δὲ
3263 3342 3494 3419 καθίσαι,
3546 3341 3640 3400 οὒκ
3687 3341 3829 3399 ἔστιν

2177 3428 2305 3503 ἐμὸν
2362 3426 2562 3501 δοῦναι,
2624 3426 2745 3485 ἀλλ’
2802 3430 2890 3494 οἷς
2920 3430 3261 3512 ἡτοίμασται,
3294 3433 3585 3513 τουτέστιν,
3617 3432 3707 3489 ἐὰν
3738 3434 3821 3489 εύς

2177 3520 2301 3595 ρεθῇ
2354 3537 2434 3579 τις
2478 3518 2615 3592 μετά
2668 3525 2763 3574 τοῦ
2820 3525 3170 3598 μαρτυρῆσαι,
3223 3521 3311 3577 καὶ
3336 3521 3435 3589 τὴν
3463 3519 3633 3589 ἄλλην
3678 3520 3823 3579 ἄπα·-

2180 3628 2275 3662 σαν
2334 3605 2529 3686 ἀρετὴν
2622 3607 2789 3687 ἔχων,
2870 3608 3075 3670 ἐκεῖνος
3133 3608 3365 3685 λήψεται
3433 3610 3532 3677 τὴν
3601 3610 3823 3689 δωρεάν.

2180 3695 2400 3767 Ἐκείνῳ
2457 3697 2556 3774 γὰρ
2609 3698 2931 3771 ἡτοίμασται
2988 3702 3067 3770 τῷ
3121 3700 3461 3778 κοπιάσαντι,
3519 3699 3698 3778 ὥσπερ
3740 3703 3831 3756 καὶ

2180 3798 2296 3849 to“:
2343 3782 2588 3840 ἀθλοῦσιν
2643 3788 2691 3841 οἱ
2736 3785 2982 3866 στέφανοι
3040 3786 3408 3863 ἐτοιμάζονται
3444 3804 3457 3819 ⁸
3505 3789 3683 3865 ὥσπερ
3739 3789 3831 3847 οὖν

2178 3878 2383 3951 ἀγῶνος
2459 3871 2713 3951 δρομικοῦ
2783 3875 3154 3952 προκειμένου,
3212 3878 3293 3932 κεὶ
3375 3877 3827 3955 ἀγωνοθετοῦντος

2176 3969 2267 4018 τοῦ
2324 3961 2608 4037 βασιλέως,
2668 3964 2760 4019 εὰν
2814 3963 3077 4043 προσελθῃ
3135 3986 3216 4029 τις
3278 3963 3527 4037 ρηδόλως
3558 3966 3828 4045 ἀγωνισα-

2176 4071 2357 4125 μενος,
2404 4051 2492 4106 καὶ
2536 4049 2669 4128 εἴπῃ
2703 4066 2717 4081 ⁸
2784 4054 2884 4115 Δὸς
2930 4053 3045 4125 ἐμοὶ
3097 4054 3188 4109 τὸν
3235 4053 3513 4134 στέφανον,
3548 4057 3594 4110 ὤ
3621 4056 3823 4133 ἀγωνο⁴⁵

2171 4139 2317 4209 θέτα,
2377 4146 2454 4214 τῷ
2511 4141 2588 4215 μὴ
2646 4140 3055 4218 ἀγωνισαμένῳ,
3101 4140 3248 4199 ε’ἷποι
3306 4142 3369 4198 ἂν
3402 4147 3545 4216 αύτῷ
3582 4143 3815 4209 ἐκεῖνος·

2172 4230 2278 4284 Οὔκ
2336 4227 2477 4284 ἔστιν
2526 4229 2656 4304 ἐμὸν
2710 4227 2885 4288 δοῦναι
2967 4232 3102 4286 κατὰ
3174 4232 3332 4312 χάριν
3388 4234 3479 4289 τὸν
3536 4234 3814 4314 στέφανον,

449 4324 662 4405 quibus
711 4329 1097 4404 praeparatum
1130 4326 1239 4390 est,
1275 4317 1384 4377 hoc
1420 4325 1530 4397 est,
1561 4315 1653 4376 his
1681 4316 1782 4395 qui
1814 4335 2087 4405 cucurre-

2188 4316 2291 4373 ὶλλ’
2345 4324 2391 4391 ᾧ
2432 4320 2774 4397 ἡτοίμασται,
2806 4314 3065 4399 τουτέστι,
3100 4326 3176 4395 τῷ
3223 4319 3471 4401 δραμόντι
3513 4324 3601 4379 καὶ
3656 4326 3815 4395 νική-

446 4403 566 4474 rint
592 4423 649 4475 et
678 4403 949 4473 vicerint.
973 4406 1068 4469 Sic
1099 4414 1293 4466 autem
1319 4414 1377 4465 et
1408 4405 1518 4466 hoc
1550 4405 1681 4466 loco
1707 4404 1849 4465 dicit
1879 4403 2083 4466 Chris-

448 4510 538 4563 tus
569 4524 583 4563 :
618 4500 739 4580 Ego
773 4516 887 4559 non
924 4514 1157 4577 possum
1187 4494 1257 4555 ad
1302 4494 1547 4573 gratiam
1604 4493 1746 4554 dare
1790 4493 1957 4554 vobis
1985 4512 2085 4554 se-

445 4591 580 4654 dem
605 4612 638 4653 a
663 4588 893 4652 dextris
936 4588 1121 4647 meis:
1149 4584 1400 4645 aliorum
1450 4582 1610 4643 enim
1662 4591 1749 4643 est
1782 4582 1882 4663 qui
1915 4583 2084 4645 labo-

441 4682 722 4755 raverint,
749 4689 807 4741 et
836 4676 954 4738 illis
979 4684 1301 4754 praeparata
1316 4681 1427 4736 est.
1454 4670 1716 4749 Rogabis
1738 4670 1914 4749 igitur
1934 4691 2080 4733 con-

440 4780 778 4851 sequenter,
812 4785 885 4828 an
938 4764 1120 4844 aliqui
1169 4762 1392 4823 sessuri
1447 4761 1588 4822 sint.
1644 4760 2079 4851 l‘iiscas-autem

439 4847 594 4940 quod
630 4847 823 4920 nullos
852 4856 930 4916 ibi
962 4871 1235 4914 sessurus
1264 4862 1355 4913 est
1387 4869 1401 4914 ε
1440 4851 1550 4912 hoc
1580 4847 1739 4940 enim
1770 4848 1952 4940 solias
1981 4849 2078 4940 di-

436 4937 587 5010 vinae
610 4957 830 5009 natura:
853 4952 962 5006 est.
997 4940 1086 5003 Ad
1119 4960 1293 5021 quem
1328 4940 1485 5001 enim
1512 4937 1859 5017 angelorum
1892 4938 2072 5000 dixit:

446 5062 466 5094 ε
498 5036 652 5100 Sede
672 5058 705 5098 a
731 5034 954 5097 dextris
988 5032 1194 5093 meis?»
1232 5029 1450 5091 Verum
1477 5029 1589 5090 hoc
1618 5028 1907 5091 Dominus
1931 5030 2079 5091 dixit

428 5127 595 5206 juxta
642 5126 877 5188 illorum
918 5121 1260 5201 opinionem
1290 5137 1302 5181 :
1330 5118 1670 5201 quaerebant
1717 5117 1875 5177 enim
1926 5118 2078 5179 hanc

432 5215 662 5294 sedem,
691 5233 807 5276 non
839 5209 1240 5287 intelligentes
1268 5207 1425 5289 quod
1458 5206 1677 5294 sedere,
1703 5224 1883 5287 super
1922 5207 2075 5269 duo-

429 5304 625 5365 decim
652 5293 854 5375 rsedes,
892 5298 967 5360 sit
996 5297 1314 5375 gloriticari
1349 5305 1598 5377 propter
1628 5293 1932 5359 virtutem.

516 5395 687 5456 Vens.
725 5389 933 5455 24-28.
965 5410 986 5440 σι
1017 5384 1249 5447 Etcum
1305 5386 1610 5448 audissent
1637 5381 1869 5459 decem,
1913 5385 2075 5447 indi-

436 5482 596 5565 gnati
616 5493 752 5548 sunt
772 5483 847 5546 de
868 5473 1103 5565 duobus
1118 5474 1421 5565 fratribus.
1448 5472 1477 5537 J
1487 5491 1622 5565 esus
1636 5482 1830 5565 autem
1856 5477 2076 5565 vocavit

427 5561 533 5634 eos
551 5572 624 5633 ad
650 5571 923 5656 se,etait:
947 5561 1127 5627 Scitis
1150 5563 1307 5641 quod
1337 5562 1638 5643 principes
1671 5561 1935 5637 gentium
1965 5563 2076 5626 d0-

2171 4429 2318 4461 σαντι
2355 4425 2368 4441 ·
2430 4407 2567 4465 οὕτω
2623 4405 2688 4475 δὴ
2744 4407 3005 4465 κάνταῦθά
3034 4412 3247 4489 φησινὸ
3276 4414 3525 4493 Χριστὸς,
3569 4412 3650 4469 ὅτι
3710 4413 3817 4472 Οὔκ

2169 4494 2277 4573 ἐγὼ
2320 4499 2456 4554 κατά
2509 4497 2671 4577 χάριν
2726 4494 2949 4573 δύναμαι
3014 4496 3189 4555 δοῦναι
3246 4500 3376 4575 ὑμῖν
3421 4501 3523 4569 τὴν
3549 4501 3610 4558 ἐκ
3638 4498 3818 4568 δεξιῶν

2169 4607 2269 4660 μου
2322 4584 2573 4664 καθέδραν
2606 4602 2622 4618 ⁸
2684 4582 2861 4642 ἄλλων
2912 4588 3036 4666 γὰρ,
3094 4588 3203 4643 τῶν
3254 4592 3624 4647 κοπιασάντων
3678 4593 3812 4668 ὶστῖ,

2166 4677 2254 4731 καὶ
2313 4676 2532 4739 ἐκείνοις
2584 4674 2923 4751 ἡτοίμασται.
2988 4674 3308 4754 Ἐρωτήσεις
3358 4680 3471 4759 οὖν,
3534 4668 3661 4759 Ἀρα
3692 4680 3809 4738 λοι-

2164 4765 2264 4820 πόν
2319 4785 2459 4827 τινες
2526 4762 2784 4840 μέλλουσι
2856 4768 3172 4835 καθεσθῆναι
3203 4783 3222 4840 ς
3266 4770 3489 4844 Μαθήσῃ
3520 4765 3574 4823 δὲ
3603 4768 3682 4823 ὅτι
3714 4773 3810 4828 ού-

2162 4851 2263 4919 δεὶς
2331 4853 2448 4911 ἐκεῖ
2501 4855 2821 4923 καθήσεται.
2880 4856 3059 4923 Μόδης
3128 4858 3227 4935 γὰρ
3282 4865 3378 4929 τῆς
3432 4858 3571 4919 θείας
3632 4858 3807 4923 οὐσίας

2160 4944 2314 5001 τοῦτό
2368 4946 2504 5005 ἱστι.
2568 4946 2703 5022 Πρὸς
2784 4945 2899 5000 τίνα
2973 4947 3073 5024 γάρ
3145 4952 3251 5002 τῶν
3332 4944 3572 5024 ἀγγέλων
3625 4947 3751 5003 εἷπε
3787 4967 3799 4981 ⁸

2171 5054 2193 5087 α
2235 5033 2403 5090 Κάθου
2446 5031 2506 5088 ἐκ
2563 5028 2743 5096 δεξιων
2806 5054 2958 5108 μου,
3021 5031 3189 5089 Ἀλλά
3246 5040 3396 5089 τοῦτο
3444 5032 3598 5089 εἶπεν
3645 5036 3674 5089 ὁ
3707 5037 3809 5093 K6-

2162 5144 2271 5200 ριος
2316 5123 2445 5202 πρὸς
2491 5122 2588 5189 τὴν
2620 5120 2832 5177 ἐκείνων
2890 5122 3139 5180 ὑπόνοιαν
3176 5142 3189 5157 ο
3251 5123 3329 5197 μὴ
3386 5124 3676 5191 νοήσαντες
3708 5127 3809 5205 γὰρ

2160 5212 2240 5268 ὅτι
2305 5214 2366 5268 τὸ
2423 5210 2734 5278 καθεσθῆναι
2794 5213 2879 5266 επὶ
2926 5208 3127 5268 δώδεκα
3176 5213 3412 5291 θρόνους,
3444 5213 3503 5268 τὸ
3546 5210 3808 5283 δοξασθῆ-

2159 5302 2240 5356 ναί
2268 5300 2375 5355 ἐστι
2421 5298 2489 5356 δι’
2534 5300 2749 5379 ἀρετὴν,
2781 5300 2997 5370 ἐζήτουν
3027 5304 3279 5369 τοιαύτην
3322 5300 3594 5382 καθέδραν.

2245 5412 2272 5444 ι
2312 5392 2407 5447 Καὶ
2438 5390 2754 5451 ἀκούσαντες
2813 5391 2859 5444 οἱ
2918 5387 3064 5468 δέκα,
3114 5391 3494 5468 ἠγανάκτησαν
3544 5396 3658 5467 περὶ
3706 5402 3811 5451 τῶν

2158 5477 2246 5537 δύο
2300 5478 2558 5560 ἀδελφῶν,
2608 5468 2665 5536 Ὀ
2712 5475 2767 5534 δὲ
2812 5474 3020 5546 ἰησοοῖς
3051 5478 3550 5560 προσκαλεσάμενος
3598 5485 3806 5559 αὐτοὺς,

2157 5569 2313 5624 εἶπεν
2348 5586 2359 5597 ⁸
2416 5566 2608 5625 Οἴδατε
2658 5564 2742 5621 ὅτι
2803 5570 2849 5623 οἱ
2909 5564 3169 5644 ἄρχοντες
3225 5575 3331 5624 τῶν
3372 5571 3530 5626 ἐθνῶν
3574 5595 3810 5630 κατακυ..
