4118 6220
239 311 349 374 365
881 314 1329 378 ENARRATIO
1370 314 1453 378 IN
1497 312 2000 378 EVANGELIUM
2050 311 2445 375 MATTH/EI.
2480 344 2553 355 --
2585 311 2749 375 CAP.
2784 313 2913 375 XX.
3470 317 3593 381 366

236 450 469 528 ριεύουσιν
525 450 711 521 αὐτῶν,
787 452 875 504 καὶ
947 450 994 505 οἱ
1079 448 1303 527 μεγάλοι
1380 450 1852 521 κατεξουσιάζουσιν

1946 444 2249 506 minentur
2272 445 2387 507 illis
2416 466 2427 504 :
2465 454 2522 507 et
2551 445 2649 527 qui
2672 445 2867 525 magni
2889 457 3399 530 sunt,potestatem
3418 472 3588 517 exer-

232 541 401 597 αὐτῶν.
462 537 574 615 Οὒχ
604 536 767 601 οῧτως
812 536 955 593 ἔσται
999 538 1054 593 ἐν
1096 539 1249 617 ὑμῖν,
1286 537 1405 593 ἀλλ’
1437 541 1493 602 ὃς
1526 539 1613 595 ἐὰν
1641 539 1769 615 θέλῃ
1800 537 1852 594 ἐν

1939 543 2110 594 ceant
2134 534 2191 594 in
2219 532 2486 596 eas.Non
2524 536 2602 595 ita
2635 535 2748 595 erit
2777 535 2933 597 inter
2961 556 3082 612 vos,
3117 540 3221 600 sed
3246 542 3587 622 quicunque

228 629 340 700 ὑμῖν
391 625 554 703 μέγας
612 626 877 703 γενέσθαι,
924 627 1068 683 ἔσται
1128 629 1277 703 ὑμῶν
1335 626 1600 700 διάκονος,
1651 630 1738 685 καὶ
1795 629 1851 691 ὃς

230 716 306 771 ἐὰν
344 714 465 791 θέλῃ
512 718 564 771 ἓν
594 717 722 790 ὑμῖν
758 716 899 773 εἶναι
929 718 1161 797 πρῶτος,
1210 716 1354 773 ἔσται
1412 715 1559 792 ὑμῶν
1617 716 1797 780 δοῦλος
1833 736 1847 751 ⁸

228 804 387 880 ὥσπερ
436 807 463 860 ὁ
527 806 639 867 Υἱὸς
685 813 777 861 τοῦ
808 805 1082 884 ἀνθρώπου
1113 805 1208 862 οὒκ
1262 805 1389 872 ἦλθε
1449 806 1847 885 διακονηθῆναι,

229 891 349 947 ἀλλὰ
403 890 731 967 διακονῆσαι,
780 896 867 951 καὶ
936 894 1111 951 δοῦναι
1155 896 1253 961 τὴν
1309 897 1493 976 ψυχὴν
1544 897 1700 953 αὗτού
1756 895 1853 952 λύ-

230 1003 335 1059 τρον
389 982 504 1038 ἀντὶ
561 980 797 1040 πολλῶν.
838 1007 865 1038 ι
922 974 1067 1041 ’Ὂτε
1134 983 1274 1040 εἶδον
1332 974 1544 1042 οἱῃδέκα
1602 987 1721 1049 τοὺς
1768 984 1855 1041 δύο

231 1071 612 1144 ἰπιτιμηθέντας
684 1073 825 1143 παρὰ
876 1075 968 1129 τοῦ
1040 1081 1290 1151 Χριστοῦ,
1350 1074 1471 1130 τότε
1546 1076 1635 1131 καὶ
1713 1074 1856 1131 αὐτοὶ

236 1158 593 1239 ἀγανακτοῦσι,
636 1164 724 1216 καὶ
782 1160 975 1226 ἔδειξαν
1031 1161 1111 1218 ὅτι
1161 1165 1247 1219 καὶ
1279 1165 1611 1242 προήχθοντο
1653 1163 1738 1219 ἐπὶ
1792 1170 1861 1240 τῇ

230 1248 411 1304 τούτων
474 1256 607 1325 τιμῇ
666 1247 803 1307 ’Ἔτι
876 1252 975 1329 γὰρ
1037 1251 1169 1318 ἦσαν
1238 1250 1449 1314 ἀτελεῖς
1486 1271 1496 1283 ⁸
1533 1255 1581 1308 οἱ
1618 1252 1715 1327 μὲν
1758 1253 1858 1331 γὰρ

226 1335 642 1401 κατεξανίσταντο
684 1346 791 1394 τῶν
846 1337 969 1395 δέκα
998 1356 1012 1371 ⁸
1063 1343 1109 1395 οἱ
1171 1337 1224 1395 δὲ
1273 1341 1520 1419 ἔφθόνουν
1568 1352 1685 1403 τοῖς
1742 1338 1853 1402 δύο,

226 1424 357 1483 Ἐπεὶ
410 1427 498 1483 οὖν
555 1429 602 1483 οἱ
647 1426 770 1484 δέκα
829 1428 1147 1492 ἀκούσαντες
1206 1426 1618 1509 ἐθορυϐήθησαν,
1682 1451 1852 1506 προσ-

224 1513 449 1571 καλεῖται
515 1518 725 1590 αὐτοὺς,
773 1522 841 1591 τῇ
895 1515 1082 1586 κλήσει
1122 1519 1223 1595 πρὸ
1272 1523 1378 1572 τῶν
1436 1516 1609 1595 λόγων
1670 1520 1855 1581 αὐτοὺς

1935 622 2187 683 voluerit
2221 623 2375 683 inter
2404 642 2504 682 vos
2538 642 2785 698 magnus
2826 624 2977 689 fieri.
3007 631 3119 687 erit
3149 641 3342 691 vester
3372 633 3584 694 minis-

1939 722 2028 774 ter
2064 734 2076 774 :
2114 726 2170 772 et
2200 712 2299 792 qui
2329 714 2577 774 voluerit
2601 713 2755 775 inter
2786 734 2887 775 vos
2920 715 3146 795 primus
3176 722 3452 791 esse,erit
3481 742 3583 785 ve-

1936 814 2059 860 ster
2082 819 2289 861 servus
2324 823 2336 859 :
2365 801 2518 862 sicut
2550 801 2732 862 Filius
2757 804 3014 864 hominis
3049 825 3165 867 non
3195 810 3355 869 venit
3385 822 3445 871 ut
3470 812 3585 874 sibi

1937 888 2394 963 ministraretur,
2421 890 2525 951 sed
2552 900 2613 950 ut
2635 890 2763 969 ipse
2792 891 3177 968 ministraret,
3212 915 3386 974 atque
3418 900 3589 963 daret

1935 977 2193 1038 animam
2212 997 2375 1039 suam
2401 979 2874 1060 redemptionem
2906 999 3013 1062 pro
3035 983 3586 1051 multis.»Ubivide-

1936 1076 2072 1126 runt
2103 1067 2310 1128 decem
2334 1068 2483 1128 duos
2514 1069 2647 1129 illos
2676 1088 2710 1130 δ
2741 1071 2974 1132 Christo
3002 1072 3508 1154 increpatos,tunc
3532 1089 3589 1141 et

1942 1155 2053 1234 ipsi
2086 1156 2372 1236 indignati
2397 1167 2621 1219 suut.et
2650 1161 3037 1222 ostenderunt
3060 1181 3124 1223 se
3154 1176 3481 1229 commotos
3511 1169 3586 1230 ob

1942 1243 2186 1334 istorum
2219 1247 2530 1334 honorem.
2558 1247 2768 1309 Adhuc
2801 1250 2958 1310 enim
2994 1259 3162 1311 erant
3202 1252 3535 1334 imperfecti
3570 1278 3582 1316 :

1938 1349 2073 1391 nam
2106 1331 2190 1392 illi
2212 1333 2494 1394 adversus
2522 1336 2729 1396 decem
2764 1336 3245 1415 insurgebant,hi
3276 1331 3412 1405 vero
3432 1344 3586 1407 duo-

1940 1419 2049 1481 bus
2082 1421 2443 1484 invidebant.
2478 1424 2791 1504 Postquam
2838 1425 3017 1504 igitur
3045 1427 3253 1491 decem
3285 1431 3380 1494 his
3412 1434 3587 1496 audi-

1940 1510 2015 1570 tis
2040 1510 2252 1571 turbati
2276 1512 2795 1586 fuerunt,accessit
2818 1515 3291 1590 illos,vocatione
3315 1531 3451 1584 ante
3467 1542 3587 1585 ser-

224 1608 611 1683 καταπραύνων,
666 1607 764 1663 Καὶ
834 1606 932 1683 γὰρ
997 1608 1043 1661 οἱ
1102 1615 1193 1665 τοῦ
1281 1603 1550 1663 Ζεϐεδαίου
1620 1605 1852 1685 ἀπορρα-

1945 1618 2179 1660 monem
2212 1618 2316 1662 eos
2349 1603 2963 1666 demulcens.Etenitn
2986 1605 3089 1667 filii
3112 1607 3587 1674 Zebedaaiavulsi

224 1694 385 1769 γέντες
441 1695 549 1750 τῶν
595 1694 793 1765 ἄλλων,
829 1694 1059 1769 ὡμίλουν
1092 1695 1233 1769 αὒτῷ
1268 1716 1281 1729 ⁸
1341 1703 1487 1752 οᾶσιν
1532 1697 1620 1751 οὖα
1673 1703 1852 1769 κοινῶς

1942 1687 2015 1748 ab
2047 1689 2175 1749 aliis
2201 1691 2700 1752 ronversabantur
2727 1713 2861 1753 cum
2886 1694 3040 1773 ipso.
3071 1699 3359 1760 Omnibus
3389 1700 3587 1781 itaque

225 1782 408 1858 ὁμιλεῖ.
477 1783 642 1849 Εἰδὼς
701 1787 800 1863 γὰρ
853 1788 1160 1865 τυραννικὸν
1227 1787 1287 1842 τὸ
1344 1784 1702 1865 φιλόπρωτον,
1772 1786 1852 1842 καῖ

1944 1777 2118 1837 simul
2154 1778 2657 1857 loquitur.Sciens
2686 1784 2845 1842 enim
2876 1801 3049 1861 quam
3073 1785 3150 1846 sit
3178 1777 3506 1866 tyrannica,
3530 1798 3587 1852 et

228 1871 556 1952 σφοδροτέρας
643 1873 890 1951 δεόμενον
975 1874 1193 1952 πληγῆς
1229 1922 1245 1949 ,
1331 1876 1607 1951 βαθύτερον
1692 1879 1852 1948 αὐτῷι

1945 1884 2100 1944 grav:
2122 1867 2381 1945 indigeat
2399 1870 2885 1948 reprehensionis
2920 1872 3587 1958 plaga,ambitio,acrius

225 1965 531 2019 καθικνεῖται
596 1966 668 2029 εἰς
740 1965 838 2031 τὴν
882 1971 989 2019 τῶν
1016 1963 1230 2020 ἐθνικῶν
1258 1966 1345 2020 καὶ
1376 1964 1609 2021 ἀπίστων
1666 1979 1852 2042 μοῖραν

1943 1973 2046 2046 eos
2080 1957 2441 2035 perstringit,
2467 1968 2525 2019 et
2555 1959 2750 2037 sbjicit
2781 1977 2884 2019 eos
2914 1961 2969 2021 in
3005 1962 3332 2026 infidelium
3367 1957 3599 2046 etgen-

261 2052 273 2073 ,
342 2053 353 2067 ς
429 2054 441 2068 ς
546 2052 615 2084 ,η
872 2055 885 2096 τ
999 2052 1026 2108 λ
1070 2052 1092 2071 λ
1126 2054 1146 2075 ν
1334 2053 1343 2067 ο
1630 2055 1644 2073 ς
1724 2055 1748 2072 ρ.

227 2072 393 2116 ανπους
423 2074 788 2132 απορριπτων,
846 2075 888 2109 ε.
939 2077 992 2131 φι
1033 2066 1232 2118 οοοςεϊν
1291 2052 1513 2127 θελοιεν,
1552 2064 1647 2112 Και
1693 2076 1852 2117 ουτως

1946 2044 2134 2104 tilium
2162 2046 2751 2124 portionem,siiuani
2774 2048 2978 2127 gloriae
2999 2054 3241 2114 studere
3272 2044 3583 2119 voluerint:

224 2142 394 2205 αὐτοὺς
450 2142 717 2221 ἐντρέπει,
778 2144 994 2223 φάσκων
1022 2161 1039 2178 ⁸
1087 2147 1145 2199 Οἱ
1190 2143 1286 2219 μὲν
1358 2142 1510 2200 ἄλλοι
1569 2143 1855 2223 ἅνθρωποι,

222 2228 337 2285 διότι
421 2232 678 2313 ἄρχουσι,
766 2232 1154 2310 λαμπρύνονται
1190 2252 1201 2264 ⁸
1264 2235 1353 2289 καὶ
1429 2235 1490 2289 τὸ
1553 2236 1674 2311 ὲρᾷν
1750 2239 1856 2287 τῶν

220 2321 497 2397 πρωτείων,
562 2329 669 2377 τῶν
724 2323 941 2377 ὲθνικὼν
984 2321 1095 2377 ἐστι
1162 2320 1323 2383 πάθος
1360 2337 1373 2351 ⁸
1408 2324 1454 2377 οἱ
1496 2320 1551 2377 δὲ
1582 2322 1699 2397 ἐμοὶ
1742 2343 1851 2397 μα-

219 2412 378 2482 θηταὶ,
437 2411 547 2466 ἀπὸ
604 2411 977 2473 ταπεινώσεως
1034 2412 1289 2486 τιμῶνται
1327 2428 1340 2443 ⁸
1390 2412 1527 2468 ὥστε
1558 2414 1702 2468 καὶὸ
1730 2412 1852 2487 μεί-

221 2505 314 2567 ζων
351 2499 516 2556 θέλων
581 2501 749 2579 εἶναι,
793 2499 989 2578 ὀφείλει
1045 2498 1308 2557 διακονεῖν
1365 2516 1482 2565 τοϊς
1539 2500 1853 2557 ὑποδεεστέ-

224 2608 340 2664 ροις,
375 2589 502 2669 ὅπερ
552 2594 651 2657 τῆς
710 2588 871 2668 ἄκρας
930 2589 1039 2645 ἐστὶ
1080 2590 1477 2654 ταπεινώσεως.
1512 2590 1601 2649 Ἐν
1646 2591 1858 2666 ἐμαυτῷ

223 2674 271 2733 δὲ
317 2686 466 2736 τοῦτο
508 2677 772 2754 δείκνυμι,
818 2680 876 2743 ὃς
905 2678 1089 2759 ἄρχων
1117 2682 1191 2736 ὢν
1234 2682 1320 2736 καὶ
1360 2681 1603 2757 βασιλεὺς
1652 2684 1760 2737 τῶν
1802 2680 1857 2735 ἐν

224 2771 473 2843 οὖρανοϊς,
543 2769 869 2825 ξταπείνωσα
928 2773 985 2842 ερ-
1002 2771 1179 2842 αυτὸν,
1228 2767 1557 2841 διακονήσων
1613 2772 1742 2845 ὑμῖν
1784 2772 1855 2834 εἷς

228 2856 311 2923 τὴν
364 2858 636 2937 σωτηρίαν
673 2874 686 2887 ⁸
748 2860 837 2915 καὶ
891 2867 1139 2917 τοσοῦτον
1183 2857 1473 2916 δουλεύσων
1514 2862 1666 2940 ὑμῖν,
1719 2860 1855 2921 ὥστε

221 2947 298 3001 καὶ
325 2949 417 3014 τὴν
460 2947 654 3027 ψυχὴν
692 2947 867 3004 δοῦναι
920 2946 1104 3026 λύτρον
1142 2948 1256 3004 ἀντὶ
1305 2949 1542 3025 πολλῶν,
1590 2948 1847 3021 τουτέστι,

220 3035 411 3092 πάντων
446 3053 460 3067 ⁸
496 3038 553 3093 οἱ
595 3039 694 3116 γὰρ
724 3037 944 3117 πάντες,
976 3036 1187 3097 πολλοί.

291 3239 314 3270 ι
348 3218 443 3273 Καὶ
511 3215 945 3294 ἐκπορευομένων
1002 3220 1176 3274 αὐτῶν
1250 3216 1355 3273 ὰπὸ
1433 3206 1665 3296 ἰεριχὼ,
1711 3218 1850 3284 ἠκο-

1943 2140 2002 2193 et
2030 2134 2115 2193 sic
2142 2153 2243 2194 eos
2275 2135 2639 2209 adhortatur,
2676 2137 2881 2199 dicens
2909 2154 2923 2199 :
2956 2139 3077 2201 Alii
3107 2142 3345 2221 quidem
3388 2147 3585 2208 homi-

1940 2240 2068 2292 nes,
2095 2222 2232 2300 quia
2259 2233 2489 2303 regunt,
2525 2224 2668 2284 clari
2700 2235 2877 2286 sunt:
2923 2236 2980 2287 et
3010 2248 3209 2291 amare
3245 2233 3584 2311 primatum,

1938 2313 2242 2402 gentilium
2278 2324 2364 2374 est
2394 2314 2649 2387 affectio;
2684 2333 2846 2375 meos
2886 2325 3081 2378 autem
3114 2320 3438 2402 discipulos
3470 2326 3589 2387 hu-

1941 2400 2163 2462 militas
2214 2404 2612 2477 commendat,
2661 2413 2717 2465 et
2770 2405 3149 2470 honorabiles
3178 2400 3361 2473 facit:
3408 2428 3591 2496 atque

1939 2491 2087 2585 adeo
2121 2492 2215 2568 qui
2243 2494 2432 2585 major
2469 2496 2906 2585 essevoluerit,
2942 2496 3140 2573 debet,
3177 2500 3271 2561 his
3302 2507 3403 2582 qui
3439 2491 3591 2585 opus

1939 2579 2180 2657 habent,
2221 2584 2577 2655 ministrare,
2613 2583 2673 2643 id
2704 2585 2861 2664 quod
2897 2588 3209 2668 prmcipuaz
3240 2579 3588 2657 humilitatis

1940 2678 2054 2740 est,
2090 2678 2146 2731 et
2180 2671 2291 2733 hoc
2334 2673 2393 2732 in
2453 2674 2679 2753 tneipso
2726 2676 3022 2738 ostendo:
3059 2696 3195 2739 cum
3257 2682 3415 2742 enim
3474 2684 3585 2745 sim

1940 2760 2216 2841 princeps
2248 2770 2304 2821 et
2336 2779 2437 2822 rex
2492 2763 2849 2853 caelestium,
2910 2766 3214 2828 humiliavi
3265 2774 3587 2853 memetip-

1938 2866 2093 2922 sum,
2127 2849 2203 2909 ita
2226 2858 2286 2909 ut
2314 2850 2484 2911 vobis
2519 2851 2847 2912 niinistrem
2873 2854 2945 2914 ad
2978 2859 3250 2932 salutem;
3284 2860 3415 2919 108
3443 2849 3584 2925 etin

1939 2944 2159 2997 tantum
2196 2938 2525 2999 ministrem
2556 2940 2741 3014 vobis,
2772 2949 2833 3001 ut
2862 2951 2919 3003 et
2946 2943 3205 3005 animam
3243 2965 3434 3011 meam
3471 2970 3583 3031 po-

1872 3080 1913 3131 c
1938 3044 2074 3086 nam
2104 3028 2576 3131 redemptionem
2614 3048 2717 3109 pro
2752 3031 2975 3107 multis,
3009 3032 3123 3095 hoc
3154 3043 3245 3096 est
3278 3028 3581 3103 omnibus:

1936 3133 2145 3177 omnes
2170 3116 2327 3177 enim
2355 3117 2542 3178 multi.

2017 3202 2544 3270 Vens.29-34.¢Et
2576 3207 3017 3285 egredientibus
3045 3210 3162 3273 illis
3192 3232 3225 3274 a
3274 3212 3578 3293 Hiericho,

220 3304 454 3372 λούθησεν
500 3308 653 3378 αὖσῷ
701 3303 869 3383 ὄχλος
938 3303 1120 3371 πολύς.
1196 3306 1294 3364 Καὶ
1352 3303 1460 3361 ἰδοὺ
1515 3303 1603 3361 δύο
1674 3304 1852 3385 τυφλοῖ

1939 3303 2139 3354 secuta
2162 3302 2251 3355 est
2281 3314 2415 3356 eum
2442 3298 2611 3357 turba
2644 3299 2847 3360 multa.
2875 3298 2943 3359 Et
2974 3319 3116 3363 ecce
3147 3300 3265 3364 duo
3317 3306 3455 3367 caeci
3486 3326 3582 3369 se-

220 3396 491 3468 καθήμενοι
559 3395 701 3471 παρὰ
753 3395 851 3460 τὴν
907 3393 1050 3474 ὁδὸν,
1108 3394 1425 3457 ἀκούσαντες
1495 3393 1574 3449 ὅτι
1647 3392 1852 3461 Ἰησοῦς

1939 3380 2348 3456 dentes_secus
2380 3382 2528 3444 viam
2548 3404 2680 3446 cum
2699 3387 3006 3450 audissent
3027 3390 3184 3469 quod
3200 3389 3233 3452 J
3241 3411 3376 3454 esus
3397 3403 3581 3458 trans-

222 3486 451 3561 παράγει,
515 3469 737 3562 ἔκραξαν
780 3469 1073 3561 λέγοντες-⁸
1122 3481 1377 3549 Ἐλέησον
1446 3484 1613 3557 ημᾶς,
1674 3485 1851 3564 Κύριε,

1939 3469 2069 3537 iret,
2107 3472 2509 3533 clamaverunt
2536 3474 2802 3536 dicentes
2840 3496 2852 3537 :
2893 3476 3177 3540 Miserere
3208 3487 3423 3559 nOStri,
3458 3482 3581 3545 Do—

224 3575 318 3638 υέὸς
364 3571 554 3635 Arat-‘0‘.
620 3564 676 3628 Ὀ
708 3571 762 3627 δὲ
792 3571 957 3651 ὄχλος
1004 3573 1322 3649 ἐπετίμησεν
1367 3574 1547 3638 αὐτοῖς
1599 3575 1690 3628 ’ἱνα
1721 3595 1852 3629 σιω-

1941 3560 2124 3638 mine,
2178 3561 2260 3620 fili
2300 3560 2503 3624 David.
2538 3562 2735 3624 Turba
2764 3573 2960 3626 autem
3010 3566 3356 3648 increpabat
3383 3589 3487 3633 eos
3518 3582 3579 3635 ut

225 3664 472 3731 πήσωσιν.
537 3664 600 3719 0i.
656 3660 709 3716 δὲ
754 3670 940 3737 μεῖζον
972 3662 1206 3742 ἔκραζον,
1251 3661 1495 3740 λέγοντες
1530 3678 1544 3694 ⁸
1598 3660 1852 3728 Ἐλέησον

1940 3656 2221 3710 tacerent.
2257 3652 2333 3715 At
2356 3652 2437 3713 illi
2466 3652 2651 3732 magis
2683 3655 3034 3730 clamabant,
3068 3657 3357 3722 dicentes:
3393 3662 3578 3724 Mise-

219 3752 371 3825 ήμᾶς,
427 3752 611 3831 Κύριε,
656 3754 763 3813 υἱὸς
801 3750 982 3813 Δαυ³ιδ.
1034 3740 1136 3811 Καὶ
1185 3740 1311 3816 στὰς
1344 3749 1607 3819 ὁ.’ίησοῦ;
1639 3751 1852 3832 ἐφώνη-

1939 3756 2072 3799 rere
2098 3740 2304 3832 nostri,
2338 3740 2608 3818 Domine,
2641 3744 2725 3805 fili
2756 3744 2960 3807 David.
2993 3748 3063 3807 Et
3092 3748 3253 3807 stetit
3281 3750 3475 3826 .Iesus,
3508 3768 3577 3812 ac

224 3861 300 3895 σεν
352 3843 561 3920 αὖτοὺς,
595 3844 681 3897 καὶ
724 3842 848 3897 εἶπε
883 3858 899 3909 ⁸
960 3844 1019 3900 Τί
1073 3842 1250 3899 θέλετε
1306 3844 1520 3911 ποιήσω
1548 3844 1677 3917 ὑμῖν
1712 3841 1855 3915 ςΛέ-

217 3951 379 4005 γουσιν
424 3930 570 4005 αὒτῷ
607 3948 622 3964 ⁸
660 3931 836 4010 Κύριε,
874 3930 966 3987 ’ἵνα
1013 3932 1334 4011 ἀνοιχθῶσιν
1363 3933 1532 4007 ἡμῶμ
1560 3934 1606 3988 οἱ
1651 3930 1853 4010 ὀφθαλ-

216 4019 316 4090 μοί.
348 4019 776 4099 Σπλαγχνισθεὶς
819 4018 874 4074 δὲ
917 4021 945 4075 ὁ
989 4016 1217 4094 Ἰησοῦς,
1264 4018 1443 4095 ἥψατο
1471 4026 1599 4100 μτῶν
1648 4020 1852 4100 ὀφθαλ-

217 4112 319 4179 μῶν
378 4097 583 4183 αὐτῶν,
621 4110 708 4164 καὶ
750 4108 936 4173 εὒθέως
986 4105 1282 4183 ἀνέϐλεψαν
1329 4108 1501 4164 αὐτῶν
1548 4113 1595 4165 οἱ
1652 4108 1851 4187 ὁγθαλ-

218 4197 319 4275 μοὶ,
374 4200 461 4254 καὶ
532 4196 899 4265 ἠκολούθησαν
942 4199 1106 4272 αὐτῷ.
1139 4217 1169 4257 ι
1235 4198 1369 4254 Ἀπὸ
1411 4197 1508 4265 τῆς
1565 4198 1751 4276 φήμης
1806 4200 1852 4253 οἱ

219 4285 385 4364 τυνρλοὶ
442 4287 658 4355 γνόντες
715 4288 805 4343 τὸν
892 4288 1101 4362 Κύριον,

220 4372 523 4439 ἀκούσαντες
583 4376 681 4451 μὲν
736 4374 817 4431 ὅτι
873 4375 1197 4455 παρέρχεται
1250 4378 1350 4442 τὴν
1405 4373 1524 4432 ὀδόν
1556 4391 1571 4407 ⁸

222 4483 390 4526 σαντες
434 4462 516 4545 δὲ,
562 4463 648 4520 ὅτι
680 4463 884 4531 Ἰησοῦς
916 4466 945 4520 ὁ
997 4464 1057 4520 ἐκ
1104 4464 1404 4543 σπέρματος
1438 4462 1607 4521 Δαυ⁵ιδ
1633 4466 1694 4520 τὸ
1718 4465 1856 4521 κατὰ

222 4552 397 4631 σάρκα,
442 4552 664 4617 δυνατὸς
722 4554 788 4621 ἦν
842 4556 1163 4627 θεραπεῦσαι
1220 4553 1426 4624 αὖτοὺς,
1488 4556 1561 4616 ὡς
1610 4551 1666 4609 δὲ
1723 4551 1855 4632 ἄγαν

219 4641 385 4718 θερμοί
440 4644 561 4721 περὶ
616 4642 715 4709 τὴν
771 4644 968 4716 πίστιν,
1022 4639 1138 4699 οὐδὲ
1181 4641 1641 4718 ἐπιστομιζόμενοι
1685 4642 1853 4698 ἐσιώ-

222 4748 346 4800 πων,
406 4729 545 4789 ἀλλὰ
596 4731 684 4787 καὶ
739 4729 908 4787 πλείω
964 4730 1205 4810 ἔκραζον.
1282 4722 1455 4789 ’Ὅθεν
1513 4729 1629 4789 οὐδὲ
1686 4730 1855 4811 ἐρωτᾷ

221 4821 393 4884 αὒτους
437 4821 483 4876 εί
528 4819 702 4876 πίστιν
747 4820 984 4899 ἔχουσιν,
1046 4819 1183 4876 ἀλλὰ
1234 4820 1284 4877 τί
1324 4818 1585 4895 θέλουσιν,
1623 4821 1716 4877 ἵνα
1774 4820 1852 4896 μὴ

219 4925 290 4969 τις
341 4909 535 4985 νομίσῃ
566 4908 647 4965 δτι
702 4908 838 4970 ἄλλα
895 4907 1232 4985 βουλομένοις
1291 4908 1426 4966 ἄλλα
1478 4908 1673 4970 δίδωσι.
1740 4911 1852 4966 Δεί-

220 5016 383 5052 κνυσιν
440 4998 530 5054 οὗν
575 4999 655 5054 ὃτι
688 4997 793 5078 οὔχ
823 4997 997 5054 ἕνεκεν
1028 5005 1119 5055 τοῦ
1160 4996 1346 5055 λαϐεῖν
1386 4999 1631 5078 ἀργύριον
1662 4997 1850 5073 ἐϐόων,

221 5081 344 5140 ἀλλὰ
396 5096 489 5145 τοῦ
528 5086 762 5154 ἰαθῆναι.
809 5084 1110 5163 Ἀψάμενος
1159 5085 1214 5143 δὲ
1269 5089 1563 5167 θεραπεύει,
1606 5087 1701 5144 ’ίνα
1742 5089 1853 5163 μά-

221 5174 404 5250 θωμεν,
460 5175 542 5232 ὅτι
586 5183 691 5233 πᾶν
734 5174 893 5251 μέλος
922 5176 1020 5243 τῆς
1046 5177 1200 5254 ἁγίας
1241 5180 1398 5236 αὐτοῦ
1441 5179 1659 5255 σαρκὸς,
1710 5184 1851 5247 ζωο-

222 5265 363 5319 ποιὸν
416 5268 505 5323 καὶ
561 5272 693 5323 Θεοῦ
746 5264 905 5340 μέλος
983 5264 1070 5331 ἧν,
1132 5266 1188 5323 Ei
1244 5263 1299 5321 δὲ
1343 5268 1371 5322 ὁ
1442 5272 1644 5330 Λουκᾶς
1689 5267 1775 5321 καὶ
1824 5267 1852 5320 ὁ

1189 4284 1466 4366 ἐδράξαντο
1522 4296 1615 4345 τοῦ
1670 4293 1854 4365 καιροῦ

223 5354 420 5431 Μάρκος
478 5356 569 5412 ἕνα
598 5355 807 5433 λέγουσι
836 5356 927 5411 τὸν
982 5352 1202 5434 τυφλὸν,
1261 5354 1408 5414 οὐδὲν
1448 5359 1604 5413 τοῦτο
1646 5352 1849 5435 διαφω-

222 5455 298 5499 νεῖ
327 5459 340 5474 ⁸
401 5446 597 5503 ἐκεῖνοι
674 5446 773 5524 γὰρ
829 5451 921 5501 τοῦ
998 5443 1405 5525 ἔπιφανεστέρου
1487 5444 1842 5521 ἐμνήσθησαν.

291 5612 493 5676 “Luc.
540 5631 701 5696 xvm,
739 5611 938 5675 Matth.
978 5633 1030 5674 ι.

1938 3831 2161 3889 vocavit
2188 3848 2311 3905 eos,
2348 3840 2405 3891 et
2432 3831 2514 3891 ait
2546 3848 2559 3893 :
2595 3832 2745 3903 Quid
2795 3833 2967 3894 vultis
3014 3842 3075 3895 ut
3115 3835 3333 3898 faciam
3362 3838 3579 3901 vobis?

1934 3915 2150 3978 Dicunt
2178 3918 2263 3978 illi
2298 3938 2311 3979 :
2351 3920 2622 3994 Domine,
2660 3931 2720 3982 ut
2751 3923 3094 4003 aperiantur
3149 3926 3304 3987 oculi
3363 3928 3573 3993 nostri.

1933 4003 2209 4067 Misertus
2238 4017 2434 4068 autem
2468 4028 2673 4069 eorum
2701 4011 3089 4091 Jesus,tetigit
3110 4014 3313 4074 oculos
3343 4032 3571 4089 eorum,

1938 4102 1997 4154 et
2024 4096 2332 4156 confestim
2381 4097 2568 4157 visum
2619 4110 2974 4179 receperunt
3026 4102 3181 4162 oculi
3223 4102 3483 4175 illorum,
3519 4114 3578 4166 et

1937 4184 2120 4243 secuti
2145 4195 2281 4245 sunt
2311 4205 2469 4246 eum.
2507 4211 2529 4245 ν
2578 4187 2761 4249 Fama
2790 4200 3149 4268 agnoverant
3196 4194 3335 4253 caeci
3366 4192 3571 4254 Domi-

1936 4291 2103 4347 num,
2147 4283 2205 4334 et
2236 4274 2629 4337 observabant
2660 4287 2891 4358 tempus
2922 4298 3052 4338 cum
3085 4280 3389 4342 audissent
3417 4285 3573 4362 quod

1634 4376 1851 4432 πισεεύ.
1876 4397 1919 4447 ι)
1940 4366 2288 4443 praeteriret.
2323 4366 2715 4427 Crediderunt
2744 4380 2941 4429 autem
2964 4370 3120 4448 quod
3142 4366 3315 4430 Jesus
3349 4372 3472 4450 (qui
3505 4390 3575 4434 ex

1938 4452 2168 4514 semine
2185 4452 2369 4516 David
2392 4454 2719 4515 secundum
2747 4465 3009 4527 carnem)
3034 4466 3231 4537 posset
3254 4478 3462 4521 curare
3498 4463 3572 4522 il-

1938 4541 2124 4604 los.Et
2154 4545 2327 4623 plane
2362 4545 2607 4605 multum
2629 4545 2934 4606 fervebant
2963 4548 3302 4627 fide,neque
3332 4550 3473 4609 dum
3495 4558 3575 4611 ta-

1938 4649 2075 4693 cere
2084 4634 2858 4710 juberentur,silebant,sed
2880 4636 3054 4714 longe
3073 4641 3329 4717 amplius
3350 4638 3574 4701 clama-

1936 4720 2098 4783 bant.
2130 4720 2293 4785 Unde
2318 4742 2432 4783 non
2453 4725 2829 4802 interrogavit
2849 4724 2984 4785 illos
2999 4744 3072 4784 an
3092 4725 3268 4787 [idem
3293 4727 3570 4805 habeant,

1936 4815 2039 4874 sed
2070 4812 2212 4891 qnid
2244 4812 2461 4873 vellent
2488 4829 2501 4874 :
2536 4831 2612 4873 ne
2643 4814 2776 4893 quis
2806 4814 3101 4875 existimet
3130 4815 3288 4896 quod
3336 4816 3451 4879 alia
3475 4818 3576 4879 det

1933 4901 2049 4962 alia
2075 4902 2768 4965 volentibusMonstrans
2800 4902 2979 4982 igitur
2994 4912 3148 4984 quod
3164 4924 3282 4966 non
3304 4908 3575 4986 pecunia:

1936 4991 2121 5069 gratia
2151 4992 2222 5052 ad
2252 5010 2316 5052 se
2341 4992 2672 5066 clamarint,
2691 4994 2795 5054 sed
2824 5003 2885 5054 ut
2914 5004 3221 5069 curentur,
3252 5004 3436 5057 tactos
3461 5016 3571 5058 cu-

1935 5081 2431 5153 rat,utdiscamus
2450 5083 2650 5142 omnia
2674 5100 2796 5142 sua;
2824 5092 3041 5142 sanctas
3061 5084 3257 5143 carnis
3279 5086 3569 5162 membra,

1935 5170 2164 5231 viviﬁca
2193 5180 2250 5231 et
2278 5169 2387 5232 Dei
2420 5172 2688 5233 membra
2726 5189 2877 5233 esse.
2915 5169 3081 5243 Quod
3132 5183 3329 5234 autem
3386 5173 3575 5237 Lucas

1934 5270 1992 5324 et
2026 5264 2252 5341 Marcus
2285 5280 2462 5320 unum
2488 5261 2693 5322 dicunt
2718 5279 2940 5321 caecum
2974 5260 3181 5341 fuisse,
3207 5282 3326 5324 non
3376 5265 3451 5325 ab
3481 5264 3575 5326 his

1933 5352 2199 5413 dissonat
2226 5350 2312 5413 56.
2346 5348 2435 5408 llli
2465 5352 2624 5409 enim
2657 5349 2997 5429 insignioris
3026 5353 3388 5415 mentionem
3421 5354 3576 5416 fece—

1931 5436 2203 5506 runt.Vel
2226 5439 2610 5517 aliter,Lucas
2631 5438 2774 5501 dicit
2804 5440 2961 5519 quod
2993 5450 3310 5523 antequam
3335 5444 3577 5506 veniret
