4118 6220
298 358 403 424 269

899 367 1348 431 ENARRATIO
1387 369 1472 431 IN
1516 367 1909 432 EVANGELI

2004 369 2024 429 Ι
2065 366 2467 432 ΜΑΤΤΗῶΙ.
2517 401 2592 415 -
2633 371 2801 435 CAP.
2836 368 2995 434 XXI.

3515 366 3637 434 970

292 498 410 554 ιάτ
549 501 570 538 ρ
620 501 646 521 φ
807 504 821 524 ι
907 504 973 536 .-
1277 528 1290 541 .
1431 504 1444 525 τ
1497 510 1523 522 -·
1701 496 1714 517 '
1861 499 1880 542 ξ

311 522 348 574 μ.
411 521 462 556 ια
513 523 700 573 αλτων,
737 525 824 560 και
878 506 1117 560 ἐκάθισεν
1173 504 1352 561 ἐπάδω
1396 526 1582 561 αυτων.
1622 527 1649 559 ι
1719 513 1759 561 0
1817 522 1914 576 μιν

2004 503 2056 556 et
2083 495 2450 558 collocarunt
2480 515 2614 559 eum
2669 515 2849 578 super
2877 498 3001 563 illa.
3035 524 3061 556 ι
3097 501 3286 563 Lucas
3307 499 3548 581 quidem
3581 507 3641 561 et

294 594 484 652 Λουκᾶς
519 593 606 647 καὶ
645 593 673 646 6
715 594 927 661 Μάρκος
975 595 1250 672 ὑποζύγιον
1308 596 1468 669 μόνον
1519 598 1699 652 εἷπον.
1763 599 1914 649 Ματ-

289 678 430 739 θατος
459 675 511 732 δὲ
541 676 656 736 ὄνον
697 682 784 737 καὶ
813 680 991 738 τ’ὧλον
1061 686 1157 740 οὒκ
1204 681 1410 740 ἐναντία
1453 683 1512 740 λέ
1678 705 1698 717 ί
1733 699 1748 713 ⁹
1783 682 1815 738 ἀ
1889 715 1916 726 -

492 722 513 732 -
837 723 851 737 .
1002 730 1017 761 ,
1471 724 1482 740 .
1517 705 1696 761 γοντε,
1818 703 1881 760 γο

291 764 423 838 μένῳ
451 769 550 844 γὰρ
577 774 652 842 τῷ
680 769 846 846 πώλῳ
904 771 1272 840 συνηκολούθει
1303 775 1389 830 καὶ
1421 774 1453 842 ἡ
1487 775 1687 851 μήτηρ.
1723 772 1917 830 Ἐκάθ-

289 875 359 911 ισι
414 854 467 912 δὲ
510 856 687 916 ἐπάνω
732 861 926 940 αὐτῶν³
983 864 1106 940 οὐχὶ
1157 868 1262 918 ττῦν
1291 860 1379 919 δύο
1406 864 1723 941 ὑποζυγίων,
1783 861 1918 918 ἀλλὰ

286 949 381 998 τῶν
433 947 654 1019 ἱματίων
689 966 703 981 ·
763 949 798 1016 ἢ
844 957 1051 1029 πρῶτον
1125 951 1222 1025 μὲν
1265 951 1500 1008 ἐκάθισεν
1531 951 1615 1008 ἐπὶ
1643 957 1742 1018 τῆς
1773 950 1914 1025 ὄνου,

286 1033 398 1088 εἶτα
453 1037 541 1090 καὶ
599 1036 681 1093 ἐπὶ
735 1039 826 1094 τοὺ
881 1037 1082 1102 πώλου.
1159 1039 1307 1097 Ἐπεὶ
1349 1043 1436 1096 καὶ
1488 1042 1694 1119 πρῶτον
1749 1040 1916 1098 ἐπαν-

285 1123 538 1181 επαύσατο
595 1131 661 1202 τῇ
717 1134 824 1183 τῶν
886 1125 1145 1186 Ἰουδαίων
1201 1137 1509 1208 συναγωγῇ,
1576 1131 1701 1187 εἶτα
1742 1136 1818 1203 τῷ
1868 1130 1918 1196 ἐξ

283 1209 431 1267 ἐθνῶν
461 1211 596 1288 λαῷ,

362 1325 386 1354 ι
425 1293 481 1360 Ὀ
525 1302 581 1360 δὲ
626 1305 878 1373 πλεῖστος
917 1307 1083 1386 ὄχλος
1116 1308 1385 1386 ἔστρωσαν
1430 1310 1598 1366 αὖτῶν
1642 1310 1705 1365 τὰ
1732 1309 1916 1382 ἱμάτια

282 1389 329 1445 ἓν
360 1397 425 1467 τῇ
456 1390 562 1466 ὀδῷ
595 1411 608 1424 ⁶
645 1395 808 1453 ἄλλοι·
830 1395 884 1452 δὲ
915 1397 1137 1454 ἔκοπτον
1167 1396 1388 1462 κλάδους
1418 1398 1524 1454 ἀπὸ
1545 1405 1648 1455 τ’ὒν
1669 1397 1913 1477 δένδρων,

281 1481 361 1534 καὶ
400 1483 719 1560 ἐστρώννυον
772 1485 824 1541 ἐν
868 1493 936 1562 τῇ
965 1485 1068 1560 ὀδῷ
1099 1507 1111 1520 ·
1149 1491 1193 1544 ος
1226 1485 1279 1542 δὲ
1309 1486 1464 1566 ὄχλοι
1497 1490 1547 1544 οὶ
1589 1489 1914 1566 προάγοντες

281 1571 359 1625 καὶ
421 1570 849 1654 ἇκολουθοῦντες,
907 1575 1121 1654 ἔκραζον
1195 1575 1438 1654 λέγοντες
1475 1593 1488 1606 ⁸
1556 1567 1783 1636 Ὠσαννὰ
1841 1583 1916 1650 τῷ

277 1660 364 1731 υἱῷ
410 1659 577 1717 Δαυίδ
612 1679 625 1692 '
687 1663 1041 1743 εὖλογημένος
1101 1669 1128 1724 6
1156 1669 1450 1745 ἐρχομενος
1482 1666 1534 1721 ἐν
1565 1667 1783 1740 ὀνόματι
1820 1676 1916 1723 Κυ-

280 1750 376 1822 ρίου
410 1769 424 1782 ·
483 1753 693 1809 ὡσαννὰ
735 1757 790 1810 ἐν
827 1769 944 1818 τοῖς
975 1758 1235 1831 ὑψίστοις.
1281 1779 1301 1811 ι
1343 1757 1487 1813 Κατᾶ
1518 1755 1616 1829 μὲν
1641 1757 1736 1822 τὴν
1765 1757 1914 1812 ἱστο-

1999 584 2228 647 Marcus
2257 585 2627 666 subjugalem
2653 587 2846 649 solum
2879 588 3174 650 dixerunt.
3211 589 3512 652 Matthams
3538 608 3642 652 au-

2003 682 2118 734 tem
2146 673 2369 735 asinam
2403 690 2463 736 et
2495 676 2744 754 pullum.
2786 674 2913 737 Non
2946 676 3220 738 dixerunt
3249 678 3636 756 contrarium,

1999 761 2287 824 ducentes
2317 763 2477 826 enim
2504 765 2753 845 pullum,
2787 775 2990 826 secuta
3032 775 3122 828 est
3152 768 3640 834 mater.Collnca-¥

1999 860 2137 912 runt
2165 860 2359 915 autem
2393 872 2526 915 eum
2553 872 2735 936 super
2763 856 2862 918 illa
2896 874 2910 919 :
2948 875 3062 916 non
3082 874 3259 937 super
3280 858 3640 938 duojumen-

2003 952 2082 1012 ta,
2116 940 2218 1001 sed
2252 960 2436 1020 super
2465 955 2680 1004 vestes.
2718 944 2834 1005 Aut
2883 945 3136 1024 primum
3193 947 3434 1025 quidem
3488 947 3645 1008 sedit

2001 1047 2183 1110 super
2201 1030 2453 1105 asinam,
2489 1043 2692 1111 postea
2718 1051 2900 1113 super
2923 1034 3146 1114 pullum
3178 1035 3352 1115 :quia
3397 1047 3454 1095 et
3513 1035 3639 1116 pri-

2002 1137 2163 1180 mum
2196 1119 2778 1200 quievitJudaeorum
2804 1120 3129 1204 Synagoga,
3163 1123 3380 1185 deinde
3403 1123 3464 1186 in
3494 1143 3643 1204 gen-

2001 1207 2087 1267 tili
2125 1209 2362 1289 populo.

2082 1295 2262 1358 Vens.
2301 1302 2360 1372 8,
2394 1299 2453 1362 9.
2491 1322 2513 1356 ι
2552 1299 2810 1363 Plurima
2841 1309 3040 1363 autem
3092 1302 3265 1364 turba
3311 1309 3644 1364 straverunt

2003 1387 2350 1450 vestimenta
2380 1407 2485 1449 sua
2518 1389 2577 1449 in
2611 1391 2822 1450 viazalii
2842 1411 2980 1452 vero
3011 1392 3318 1454 credebant
3349 1409 3546 1452 ramos
3568 1391 3644 1452 de

1999 1476 2335 1550 arboribus,
2369 1486 2426 1540 et
2485 1480 2832 1540 sternebant
2865 1481 2922 1541 in
2957 1481 3262 1542 via.Porro
3292 1481 3480 1541 turbae
3510 1497 3643 1561 qua;

2002 1565 2482 1642 praeredcbantet
2503 1585 2632 1646 qua:
2653 1569 3645 1648 sequebantur,clamabant,dicen-

2001 1663 2088 1714 tes
2117 1676 2128 1710 :
2158 1653 2433 1716 "osanna
2466 1657 2586 1717 tilio
2620 1659 2800 1720 David
2831 1681 2844 1716 :
2880 1659 3226 1720 benedictus
3257 1661 3357 1738 qui
3389 1660 3546 1721 venit
3580 1659 3641 1720 in

1998 1743 2239 1805 nomine
2268 1745 2876 1821 Domini,hosannain
2899 1747 3441 1810 altissimis.».luxta
3464 1749 3642 1809 histo-

279 1841 403 1912 ρίαν,
452 1840 662 1909 πολλὴν
692 1845 854 1918 τιμὴν
882 1845 1119 1926 ἐμφαίνει
1150 1847 1184 1913 ἡ
1241 1852 1346 1902 τῶν
1390 1845 1611 1900 ἱυατίων
1640 1843 1914 1922 ὕπόστρω-

2004 1832 2146 1892 riam
2183 1835 2428 1895 multum
2461 1837 2518 1895 in
2549 1855 2614 1897 se
2644 1837 2821 1898 habet
2852 1838 3094 1899 honoris
3108 1849 3304 1900 vestes
3337 1837 3634 1926 stravisse,

280 1949 375 2005 σιξ,
434 1931 522 1984 καὶ
583 1937 691 1986 τῶν
747 1931 954 1989 κλάδων
1008 1937 1042 2000 ἡ
1090 1936 1256 2012 τομὴ,
1297 1935 1642 2012 πανηγύρεως
1685 1931 1916 1998 ἔνδειξις.

275 2018 399 2072 κατα
455 2015 510 2074 δὲ
574 2021 886 2100 ἀναγωγὴν,
934 2024 1161 2097 μάνθανέ
1217 2024 1295 2081 ὅτι
1356 2026 1489 2098 μετὰ
1547 2025 1608 2078 τὸ
1664 2023 1919 2078 ἐπιθεῖναι

276 2107 384 2168 τοὺς
443 2108 774 2174 ἂποστόλους
833 2115 897 2169 τα
939 2114 1123 2187 ἱμάτια
1169 2117 1360 2193 αὒτὼν,
1409 2113 1527 2180 ἤτοι
1578 2113 1672 2176 τὰς
1711 2111 1916 2188 ¹ἀρετὰς

276 2197 455 2277 αἰτῶν³
500 2199 626 2256 τότε
670 2200 984 2268 ἐπικάθηται
1043 2205 1072 2258 6
1113 2204 1318 2280 Κύριος,
1369 2205 1421 2259 Εἰ
1453 2203 1552 2279 γὰρ
1585 2201 1660 2276 μὴ
1691 2199 1911 2256 καλλω-

273 2289 422 2363 πισθῇ
466 2290 494 2344 6
541 2290 699 2368 ψυχὴ
759 2304 880 2353 ταῖς
938 2291 1318 2356 ἂποστολικατς
1376 2291 1614 2370 ἀρεταῖς,
1671 2293 1764 2348 οὒκ
1807 2289 1910 2345 ἐπ-

273 2390 478 2454 οχεῖται
509 2377 599 2434 ἐπὶ
629 2380 820 2446 ταύτης
865 2383 893 2436 6
939 2382 1090 2444 Θεός.
1139 2384 1197 2438 Οἱ
1237 2379 1290 2436 δὲ
1334 2381 1678 2457 προάγοντεδ,
1714 2381 1842 2436 εἰσὶν
1870 2379 1918 2435 οἱ

273 2467 365 2541 πρὸ
406 2469 503 2534 τῆς
559 2474 652 2524 τοῦ
711 2475 934 2541 Χριστοῦ
1013 2471 1328 2548 σαρκώσεωε.
1392 2471 1660 2548 προφῆται
1695 2486 1707 2499 ⁸
1772 2473 1818 2527 οἱ
1862 2468 1917 2524 δὲ

275 2553 699 2630 ἀκολουθοῦντες,
759 2561 806 2615 οἱ
852 2561 984 2631 μετὰ
1039 2566 1202 2616 ταῦτα
1245 2560 1500 2638 μάρτυρες
1547 2561 1635 2617 καὶ
1665 2558 1917 2618 διδάσκα-

273 2641 370 2715 λοι,
423 2646 476 2700 οἳ
537 2647 609 2701 τὰ
663 2648 846 2721 ἱμάτια
925 2649 1095 2707 erit:th
1143 2649 1488 2725 στρωννύουσι
1543 2657 1620 2726 τῷ
1681 2653 1915 2733 Χριστῷ,

275 2733 527 2804 τουτέστι,
602 2737 701 2802 τὴν
783 2736 951 2814 σάρκα
1031 2738 1383 2794 δποτάσσουσι
1442 2745 1518 2812 τῷ
1600 2740 1859 2816 πνεύματι
1897 2761 1911 2776 ⁶

272 2823 472 2894 ἱμάτιον
532 2825 634 2903 γὰρ
691 2827 776 2881 καὶ
865 2825 1116 2901 κάλυμμα
1173 2829 1272 2892 τῆς
1347 2832 1556 2907 ψυχῆς,
1617 2830 1678 2885 τὸ
1733 2836 1914 2904 σῶμα,

271 2911 600 2988 ’Ἒστρωσαν
642 2914 730 2970 οὖν
775 2915 828 2970 ἐν
871 2921 939 2992 τῇ
963 2913 1088 2988 ὁδῷ,
1135 2916 1396 2986 τουτέστι,
1455 2919 1512 2972 ἐν
1542 2921 1618 2990 τῷ
1663 2926 1900 2996 Χριστῷ,

278 3026 300 3053 ε
345 3002 486 3077 Ἐγὼ
549 3004 651 3080 γάρ
701 3005 806 3077 εἶμι
851 3006 884 3072 ἡ
938 3003 1078 3084 ὁδὸς,
1116 3028 1143 3059 ι
1193 3007 1374 3085 φησίν,
1430 3005 1557 3063 Ἐάν
1587 3008 1686 3086 γὰρ
1724 3011 1800 3083 μή
1832 3033 1912 3076 τις

271 3091 359 3155 τὴν
405 3093 578 3169 σάρκα
647 3096 802 3151 αύτοῦ
859 3093 1094 3170 στρώσῃ,
1155 3093 1418 3166 τουτέστι,
1470 3098 1797 3177 ταπεινώσῃ,
1858 3100 1912 3156 ἐν

271 3186 332 3251 τῇ
391 3179 515 3253 ὁδῷ,
559 3181 849 3254 τουτέστιν,
882 3181 935 3236 ἐν
964 3187 1040 3255 τῷ
1076 3190 1284 3262 Χριστῷ
1333 3183 1530 3258 μένων,
1577 3186 1665 3241 καὶ
1701 3187 1776 3260 μὴ
1821 3190 1909 3243 αἱ-

274 3272 466 3344 ρετικὸς
525 3271 626 3341 ὢν,
688 3270 780 3326 οὒκ
835 3271 1118 3350 ἐποχεῖται
1166 3272 1249 3328 ἐπὶ
1302 3275 1488 3329 τούτου
1518 3277 1545 3330 6
1581 3276 1790 3353 Κύριος.
1837 3279 1908 3334 Τὸ

2006 1930 2063 1982 et
2093 1940 2290 1984 ramos
2321 1924 2822 2004 objectasse,nam
2853 1926 3175 1988 ostendunt
3205 1943 3473 2005 magnam
3504 1924 3638 2003 glo-

2003 2011 2262 2075 riam.At
2284 2013 2450 2092 juxta
2480 2033 2783 2094 anagogen
2806 2017 2967 2078 disce
2997 2016 3152 2096 quod
3176 2025 3480 2096 postquam
3501 2033 3639 2094 apo-

2000 2102 2135 2160 stoli
2163 2115 2676 2183 superpcsuerunt
2717 2105 3062 2166 vestimenta
3091 2124 3217 2178 sua,
3252 2115 3496 2166 virtutes
3537 2104 3634 2164 in-

1997 2209 2170 2269 quam
2203 2210 2362 2256 suas.
2394 2203 2531 2255 tunc
2563 2212 2743 2274 super
2789 2195 2918 2256 illas
2948 2196 3104 2258 sedit
3146 2194 3456 2257 Dominus.
3493 2191 3636 2254 Nam

1994 2278 2107 2337 nisi
2137 2279 2335 2340 anima
2368 2289 2567 2342 nostra
2611 2292 2817 2344 ornata
2849 2283 3377 2363 luet-itapostolicis
3403 2280 3638 2342 virtuti-

2005 2364 2138 2440 bus,
2179 2387 2293 2430 non
2327 2370 2611 2450 equitabit
2653 2389 2782 2432 eam
2842 2373 3148 2434 Dominus.
3204 2371 3636 2444 Praecedentes,

2003 2466 2138 2516 sunt
2197 2460 2521 2539 prophetae,
2573 2460 2674 2542 qui
2722 2471 2859 2522 ante
2914 2461 3283 2524 incarnatum
3341 2458 3638 2523 Christum

2001 2543 2218 2609 fuere:
2253 2559 2572 2630 sequentes
2615 2559 2836 2625 autem,
2889 2562 3174 2630 martyres
3233 2559 3292 2611 et
3337 2549 3637 2624 doctores,

2002 2635 2102 2714 qui
2123 2638 2473 2701 vestimenta
2497 2657 2599 2700 sua
2633 2648 2903 2701 sternunt
2927 2641 3179 2714 Christo,
3214 2639 3328 2700 hoc
3358 2646 3467 2717 est,
3501 2654 3637 2698 car-

2004 2741 2135 2784 nem
2170 2726 2492 2807 subjiciunt
2515 2728 2772 2805 spiritui.
2808 2731 3175 2792 Vestimenta
3202 2727 3361 2788 enim
3397 2738 3454 2788 et
3486 2735 3638 2804 tegu-

2000 2825 2197 2876 menta
2228 2818 2463 2889 anima),
2499 2820 3089 2894 corpus.Straverunt
3112 2819 3288 2896 igitur
3311 2817 3371 2877 in
3405 2815 3639 2886 via,boc

1997 2911 2108 2982 est,
2142 2904 2198 2963 in
2228 2905 2480 2969 Christo.
2523 2931 2542 2960 α
2577 2907 2700 2985 Ego
2755 2907 2912 2968 enim
2953 2924 3082 2967 sum
3127 2907 3222 2967 via
3250 2907 3332 2976 57,
3365 2926 3389 2957 ι
3422 2905 3635 2985 inquit.

1996 2990 2057 3054 Si
2102 2994 2261 3054 enim
2317 2995 2450 3075 quis
2481 3015 2718 3057 carnem
2766 3015 2930 3058 suam
2986 3015 3104 3058 non
3167 2994 3462 3064 straverit,
3509 2993 3639 3054 It0

1996 3080 2106 3141 hoc
2138 3091 2251 3156 est,
2297 3083 2691 3146 humiliaverit
2736 3085 2794 3145 in
2827 3085 2938 3157 via,
2993 3086 3104 3146 hoc
3153 3096 3266 3158 est,
3302 3084 3361 3144 in
3403 3081 3638 3145 Christo

1996 3188 2265 3251 manens,
2301 3183 2360 3234 et
2391 3192 2508 3234 non
2556 3174 2870 3235 hznreticus
2901 3178 3216 3246 exsistens,
3253 3192 3371 3234 non
3403 3173 3633 3234 inside-

1994 3259 2156 3319 bitin
2191 3279 2262 3322 eo
2297 3263 2592 3324 dominus.
2629 3263 2904 3324 Hosmua
2936 3273 3130 3325 autem
3165 3262 3402 3344 quidam
3434 3262 3640 3325 dicunt

278 3355 319 3389 ’δι
377 3350 389 3370 ε
584 3360 594 3373 ·
786 3360 805 3392 ι
918 3347 974 3391 ,Γ
1265 3361 1290 3380 τ’
1625 3347 1666 3374 ’⁷
1703 3367 1716 3382 κ

274 3375 321 3412 οε
395 3369 632 3432 Ωσαννα,
667 3363 712 3416 οἱ
743 3384 838 3434 μιν
882 3359 1123 3437 λέγουσιν
1153 3360 1233 3417 ὅτι
1264 3385 1428 3435 υμνον
1459 3362 1494 3430 ἢ
1544 3368 1759 3439 ψαλμον
1802 3388 1909 3432 ση-

2004 3348 2148 3428 quod
2172 3347 2476 3429 Hymnum
2503 3354 2589 3414 Vel
2616 3354 2914 3414 Psalmum
2948 3353 3378 3433 signiticet,alii
3409 3363 3635 3425 autem,

274 3449 458 3526 μαίνει,
495 3451 546 3506 οἱ
572 3447 649 3526 δὲ,
711 3449 739 3504 ὃ
781 3452 868 3505 καὶ
912 3447 1277 3528 ἀκριϐέστερον
1309 3470 1322 3484 ⁶
1373 3451 1554 3507 Σῶσον
1585 3438 1672 3522 δή,
1708 3452 1913 3533 Ἐρχό-

2004 3439 2051 3498 id
2088 3439 2242 3518 quod
2279 3441 2644 3504 evidentius:
2680 3439 2868 3514 Salva,
2896 3443 3168 3506 obsecro.
3203 3442 3504 3508 Venturus
3535 3461 3638 3505 au-

273 3558 421 3610 μενος
469 3536 527 3593 δὲ
587 3537 797 3615 λέγεται
841 3541 869 3595 6
925 3541 1129 3618 Κύριος,
1162 3541 1233 3604 ὡς
1272 3539 1724 3617 ’προσδοκώμενος
1775 3545 1914 3622 παρᾶ

2004 3533 2116 3622 tem
2149 3527 2366 3589 dicitur
2417 3530 2701 3592 Dominus
2752 3533 2890 3622 quia
2921 3535 3380 3612 exspectabatur
3409 3533 3482 3594 ab
3512 3534 3637 3622 He-

275 3642 380 3687 τοῖς
437 3624 707 3705 Ἐ”ῗραίοις
751 3627 926 3683 ἐλθεῖν
963 3648 976 3663 ο
1026 3628 1163 3685 οῧτω
1207 3630 1305 3708 γὰρ
1348 3631 1436 3685 καὶ
1480 3631 1507 3685 6
1539 3631 1789 3698 Ἰωάννης
1820 3631 1914 3689 λέ-

2005 3615 2191 3708 ιπωίε
2211 3628 2510 3680 venturus.
2549 3620 2647 3683 Sic
2679 3621 2836 3682 enim
2889 3630 2946 3683 et
2991 3624 3248 3686 Joannes
3273 3623 3454 3686 dicit:
3485 3646 3508 3680 ι
3550 3621 3639 3685 Tu

288 3738 345 3790 (ει
383 3735 397 3749 ·
453 3745 475 3770 ιι
517 3719 592 3774 Σὺ
624 3719 678 3773 εἶ
706 3719 734 3774 6
767 3716 1084 3796 ἐρχόμενος,
1134 3739 1161 3776 ι
1199 3719 1310 3774 ἀντὶ
1353 3721 1468 3791 τοῦ,
1492 3722 1519 3773 6
1550 3720 1914 3798 προσδοκώμε.

2004 3723 2068 3766 es
2098 3707 2199 3787 qui
2241 3719 2520 3772 venturus
2549 3709 2644 3772 es?
2683 3739 2703 3768 ιι
2743 3711 2855 3772 hoc
2907 3720 3014 3783 est,
3051 3712 3150 3794 qui
3185 3713 3550 3792 exspectaris
3577 3721 3644 3776 ut

273 3831 350 3869 νος
381 3809 704 3868 ἐλεύσεσθαι.
763 3810 859 3865 Καὶ
910 3807 1082 3872 ἄλλως
1116 3806 1169 3864 δέ
1196 3808 1405 3886 λέγεται
1451 3811 1478 3864 6
1509 3809 1801 3888 ἐρχόμενος
1846 3815 1914 3876 ὡς

2004 3799 2225 3860 venias.
2254 3799 2480 3862 Dicitur
2507 3809 2566 3860 et
2594 3801 2768 3861 aliter
2795 3810 3099 3881 venturus,
3133 3821 3201 3864 eo
3225 3803 3380 3884 quod
3410 3805 3637 3866 adven-

271 3897 377 3955 καθ’
449 3897 657 3976 ἡμέραν
747 3897 1191 3976 προσδοκωμένης
1277 3898 1376 3965 τῆς
1446 3898 1687 3978 δευτέρας
1759 3903 1913 3961 αὖτοῦ

2004 3894 2098 3978 tus
2129 3889 2258 3966 ejus
2287 3893 2581 3953 secundus
2615 3890 2879 3970 quotidie
2910 3878 3304 3972 exspectetur.
3339 3892 3641 3957 Debemus

273 3992 550 4068 παρουσίας
586 4005 599 4018 ’
637 3985 718 4044 δεῖ
775 3988 863 4044 οὖν
918 3987 1138 4044 ἕκαστον
1181 3989 1260 4046 ἀεὶ
1305 3989 1531 4060 ἐλπίζειν
1581 3991 1678 4058 τὴν
1724 3993 1910 4048 συντέ-

2004 3974 2172 4054 igitur
2231 3985 2290 4038 et
2335 3997 2442 4040 nos
2489 3997 2697 4040 omnes
2737 3982 3310 4044 consummationem
3343 3983 3549 4047 mundi
3581 3993 3641 4046 et

276 4076 433 4149 λειαν,
483 4079 571 4133 καὶ
613 4077 691 4133 ἀεὶ
741 4077 1034 4156 ἐρχόμενον
1091 4081 1178 4134 τὸν
1227 4081 1437 4158 Κύριον,
1482 4081 1570 4136 καὶ
1630 4081 1908 4156 ἑτοιμάζε-

2004 4064 2312 4127 adventum
2345 4068 2557 4131 Christi
2591 4076 2936 4148 exspeclare
2964 4090 3032 4133 ac
3064 4074 3407 4154 praeparari.

276 4170 404 4225 σθαι.

353 4280 376 4309 ιι
413 4259 512 4314 Καὶ
571 4254 890 4322 εἰσελθόντος
946 4259 1101 4314 αὑτοῦ
1145 4260 1217 4321 εἷς
1272 4250 1632 4336 Ἰεροσόλυμα.
1708 4260 1914 4328 ἐσείσθη

2080 4249 2258 4310 Vens.
2289 4245 2383 4317 10.
2419 4248 2573 4344 lt._~
2608 4247 2683 4309 Et
2730 4266 2862 4344 cum
2913 4248 3190 4344 intrasset
3245 4250 3635 4344 Dirosolyima,

275 4351 406 4403 πᾶσι
464 4350 500 4412 ἡ
535 4344 712 4422 πόλις,
746 4344 971 4424 λέγουσα
1009 4365 1022 4378 ·
1072 4347 1157 4412 Τίς
1188 4347 1328 4404 ἐστιν
1350 4351 1501 4412 οὗτος
1537 4367 1552 4422 ;
1586 4352 1644 4407 Οἳ
1673 4347 1726 4404 δὲ
1757 4349 1914 4430 ὄχλοι

2004 4346 2292 4397 commota
2323 4344 2412 4396 est
2440 4337 2716 4396 universa
2748 4337 2977 4418 civitas,
3011 4339 3387 4414 dtceuszQuis
3403 4340 3638 4403 esthic?

274 4433 446 4510 ἔλεγον
485 4453 497 4464 ·
541 4434 702 4496 Οὗτός
735 4435 874 4491 ἐστιν
920 4433 1122 4501 Ἰησοῦς
1167 4439 1194 4491 6
1238 4439 1538 4513 προφήτης,
1577 4440 1604 4494 6
1654 4438 1759 4494 ἀπὸ
1800 4449 1912 4497 Να-

2004 4426 2211 4487 Turha}
2228 4434 2424 4486 autem
2449 4424 2866 4487 dicebantzﬁic
2889 4426 3166 4490 estJesus
3183 4428 3282 4490 ille
3304 4431 3586 4510 propheta
3605 4449 3638 4492 a

274 4523 418 4598 ζαρὲτ
461 4527 561 4588 τῆς
623 4521 930 4587 Γαλιλαίας.
984 4548 1010 4577 ι
1076 4527 1133 4581 Οἱ
1193 4523 1350 4605 ὄχλοι
1405 4523 1580 4582 ἄδολοι
1625 4527 1772 4590 ὄντες
1830 4529 1914 4584 καὶ

2004 4515 2286 4578 Nazareth
2321 4515 2572 4577 Calilzeaa
2606 4539 2632 4569 »
2663 4515 2877 4576 Turbae
2905 4517 3202 4597 simplices
3237 4499 3317 4580 et.
3347 4499 3638 4600 cahdidaa,

276 4610 552 4680 ἄπλαστοι,
614 4611 729 4669 οὕτε
759 4614 1006 4691 ἐφθόνουν
1037 4616 1112 4687 τῷ
1157 4621 1386 4688 Χριστῷ,
1443 4613 1558 4672 οὔτε
1620 4615 1779 4672 πάλιν
1818 4617 1914 4684 τὴν

2004 4623 2196 4684 neque
2228 4602 3041 4691 invidebantChristo,neque
3063 4625 3266 4668 rursus
3295 4608 3638 4688 opinionem

274 4704 640 4776 προσήκουσαν
694 4703 810 4780 περὶ
846 4701 1002 4758 αὖτοῦ
1040 4702 1308 4778 ὑπόληψιν
1341 4704 1525 4783 εἶχον.
1579 4707 1671 4762 Διὸ
1700 4707 1787 4762 καὶ
1829 4713 1918 4762 νῦν

279 4791 549 4868 προφήτην
606 4789 762 4846 αυτὸν
821 4789 1058 4867 λέγουσι.
1092 4793 1178 4860 Μή
1211 4813 1338 4846 ποτε
1391 4790 1444 4847 δὲ
1503 4793 1616 4848 ἐπεὶ
1660 4793 1795 4867 μετὰ
1827 4799 1918 4848 τοῦ

276 4876 452 4956 ἄρθρου
483 4880 660 4957 φασὶν,
695 4881 722 4934 6
781 4880 1084 4959 προφήτης,
1142 4878 1346 4935 δύνοται
1393 4884 1643 4947 νοηθῆναι
1699 4881 1778 4936 ὅτι
1823 4880 1917 4937 οὗ·

279 4967 361 5029 τός
404 4967 547 5024 ἐστιν
581 4970 608 5024 6
652 4967 1088 5045 προσδοκώμενος
1146 4971 1422 5048 προφήτης
1461 4986 1472 5000 ·
1521 4971 1578 5025 ὃν
1628 4969 1752 5025 εἶπε
1785 4976 1913 5024 Μω-

277 5061 394 5135 σῆς,
453 5055 532 5112 ὅτι
591 5076 619 5113 ι
665 5058 952 5136 Προφήτην
1010 5058 1140 5133 ὑμῖν
1199 5059 1226 5113 ὃ
1261 5059 1391 5120 Θεὸς
1439 5057 1745 5127 ἀναστήσει.
1783 5081 1810 5112 ι
1846 5059 1919 5114 Ού

281 5143 372 5218 γὰρ
415 5144 596 5216 εἶπον,
632 5145 794 5209 Οὗτός
826 5144 935 5199 ἐστι
985 5147 1290 5224 προφήτης,
1344 5143 1486 5206 ἀλλ’.
1523 5138 1580 5202 Ὀ
1620 5145 1911 5222 προφήτης,

275 5232 556 5304 τουτέστιν,
593 5233 798 5298 ἐκεῖνος
842 5235 870 5289 ὁ
898 5231 1260 5308 ἐλπιζόμενος.

356 5344 381 5372 ε
418 5324 513 5378 Καὶ
557 5320 795 5388 εἰσῆλθεν
837 5325 866 5378 6
908 5322 1114 5388 Ἰησοῦς
1147 5323 1218 5380 είς
1249 5322 1308 5376 τὸ
1357 5322 1494 5399 ἱερὸν
1524 5328 1616 5377 τοῦ
1646 5327 1797 5394 Θεοῦ,
1829 5330 1914 5386 καὶ

276 5404 475 5471 ἐξέϐαλε
519 5410 718 5474 πάντας
781 5412 901 5476 τοὺς
958 5409 1264 5474 πωλοῦντας
1324 5411 1412 5467 καὶ
1461 5409 1812 5489 ἀγοράζοντας
1863 5412 1917 5465 ἓν

278 5502 346 5568 τῷ
383 5499 504 5574 ἱερῷ
538 5515 552 5529 ’
601 5501 690 5554 καὶ
746 5502 841 5564 τὰς
896 5500 1153 5580 τραπέζας
1212 5505 1317 5555 τῶν
1375 5496 1736 5556 κολλυϐιστῶν
1781 5520 1914 5555 κατ’

346 5655 404 5704 ⁸⁷
430 5657 598 5720 toan.
629 5676 745 5736 xxv,
779 5661 840 5724 6.
868 5654 924 5703 ³⁸
953 5657 1125 5724 Deut.
1158 5674 1320 5738 xvm,
1361 5659 1452 5723 18.

2000 4693 2237 4770 dignam
2267 4691 2342 4754 de
2371 4690 2602 4752 Chrisw
2629 4691 3087 4756 habebantzideo
3111 4704 3168 4756 et
3196 4713 3352 4761 nunc
3383 4699 3640 4778 prophe-

1999 4791 2116 4842 tam
2150 4782 2313 4841 illum
2346 4778 2704 4842 dicunt.Nisi
2760 4781 2930 4854 forte,
2985 4785 3466 4864 quandoquidem
3500 4804 3637 4848 eum

2000 4871 2246 4932 articulo
2277 4869 2502 4942 dicunt,
2525 4873 2552 4926 ὁ
2573 4874 3174 4954 προφήτηςφτοριιειει
3203 4876 3302 4937 ille
3325 4875 3510 4955 possit
3537 4876 3636 4938 in-

2003 4960 2185 5039 telligi
2216 4960 2372 5040 quod
2406 4961 2517 5021 iste
2541 4958 2616 5020 sit
2645 4968 2742 5041 qui
2775 4965 3224 5042 exspectabatur
3247 4966 3640 5047 propheta,de

2000 5070 2115 5132 quo
2139 5050 2288 5112 dixit
2318 5053 2534 5119 Moses.
2573 5073 2595 5105 α
2638 5052 2990 5132 Prophetam
3025 5053 3185 5114 vobis
3215 5054 3368 5117 Deus
3413 5057 3634 5118 excita-

2000 5141 2087 5201 bit
2111 5141 2194 5201 38.
2232 5163 2259 5193 ι
2287 5137 2416 5199 Non
2449 5138 2606 5199 enim
2640 5140 2940 5213 dixerunt,
2999 5141 3106 5204 Hic
3150 5151 3240 5206 est
3295 5146 3581 5226 propheta
3620 5167 3633 5202 :

1999 5229 2128 5300 sed,
2166 5226 2451 5306 propheta
2480 5226 2603 5300 ille,
2630 5227 2740 5288 hoc
2771 5237 2882 5309 est,
2916 5229 3016 5290 ille
3044 5230 3144 5310 qui
3175 5245 3572 5313 exspectatur.

2080 5315 2474 5395 Vens.t2,l3.
2491 5317 2593 5378 cEt
2617 5314 3040 5380 intravitJesus
3062 5320 3121 5379 in
3139 5323 3420 5400 templum
3443 5323 3639 5396 Dei-,et

2001 5407 2278 5488 ejiciebat
2309 5422 2516 5494 omnes
2537 5405 2866 5494 vendentes
2888 5415 2950 5470 et
3001 5419 3269 5472 ementes
3300 5411 3358 5472 in
3393 5412 3634 5494 templo,

2002 5511 2359 5574 mensasque
2379 5492 2816 5572 collybistarum
2834 5504 2893 5558 et
2915 5498 3228 5564 cathedras
3257 5492 3634 5565 vendentium
