4118 6220
474 336 559 413 ’37
573 350 593 415 1

1446 352 2041 415 THEOPHYLACTI
2087 350 2489 415 BULGARLE
2532 353 2891 416 ARCHIEP.

3740 355 3858 420 372

485 484 790 547 columbas
820 487 1119 566 evertit,et
1148 484 1294 547 dixit
1321 482 1767 565 illis:Scriptum
1797 483 2119 563 est,Domu:

2220 482 2460 562 έστρεψε,
2494 486 2581 541 καὶ
2629 487 2723 551 τὰς
2772 484 3023 567 καθέδρας
3068 489 3173 544 τῶν
3223 488 3536 545 πωλούντων
3568 490 3662 552 τὰς
3705 510 3863 569 περι-

486 590 619 635 mea
650 573 862 635 domus
889 573 1327 657 deprecationis
1342 573 1644 641 vocabitur
1674 595 1687 636 :
1710 581 1768 634 at
1788 591 1892 634 vos
1914 570 2119 634 fecisti:

2220 572 2424 647 στερᾶς.
2476 576 2571 631 Καὶ
2616 574 2757 654 λέγει
2788 578 2973 641 αὐτοῖς
3016 595 3031 612 ⁸
3065 576 3360 657 Γέγραπται
3400 597 3411 611 ⁸

3451 569 3509 636 Ὀ
3567 579 3719 643 οἶκός
3764 601 3867 655 μου

484 661 674 724 illam'
704 664 1048 744 speluncam
1103 663 1421 725 latronum.
1461 688 1487 719 ι
1516 662 1820 744 Tanquam
1860 659 2119 723 dominus

2219 661 2373 724 οἶκος
2416 666 2725 744 προσευχῆς
2768 664 3095 735 κληθήσεται
3131 682 3145 697 ⁸
3193 669 3349 741 ὑμεῖς
3396 665 3452 724 δὲ
3495 670 3651 725 αὐτὸν
3681 666 3869 738 ἐποιή-

484 750 718 827 domus,
757 753 865 814 hoc
884 762 995 835 est,
1030 753 1258 834 templi,
1293 752 1471 834 ejecit
1501 753 1825 815 vendentes
1862 773 1875 815 :
1930 758 2119 813 osten-

2218 771 2343 806 σατε
2387 754 2649 822 σπήΑαιον
2692 753 2925 831 λῃστῶν.
2967 777 2990 812 ο
3033 746 3123 819 Ὠς
3167 754 3427 824 δεσπότης
3476 779 3567 814 του
3616 757 3792 838 οἴκου,

486 841 635 904 dens
665 862 735 905 ea
759 862 888 924 quas
914 845 1099 907 Patris
1124 852 1350 917 sunt,et
1379 861 1485 905 sua
1502 862 1655 923 esse,
1689 841 1926 904 interim
1952 840 2131 903 etiam

484 932 777 994 honestati
812 933 1021 1012 templi
1048 951 1247 995 curam
1281 931 1533 1013 habens,
1566 932 1668 993 sed
1703 941 1756 992 et
1791 928 2131 991 translatio—

483 1040 619 1083 nem
653 1021 1079 1084 sacriﬁciorum
1113 1021 1477 1101 significans,
1511 1040 1581 1082 eo
1632 1020 1787 1102 quod
1836 1018 2131 1099 ejiciendo

486 1109 668 1171 boves
700 1118 759 1170 et
782 1110 1109 1179 columbas,
1144 1111 1510 1191 praesignavit
1541 1129 1659 1171 non
1690 1109 1843 1170 ultra
1865 1125 2012 1187 opus
2042 1125 2131 1168 es-

484 1217 547 1260 se
570 1199 913 1261 animalium
946 1200 1237 1260 sacrificio
1270 1208 1371 1260 aut
1400 1201 1829 1280 immolatione,
1860 1197 1964 1257 sed
1997 1215 2127 1258 ora-

484 1289 667 1349 tione.
704 1290 924 1350 Domus
967 1292 1123 1350 enim
1159 1307 1312 1363 mea,
1342 1289 1557 1366 inquit,
1594 1289 1805 1350 domus
1834 1288 2124 1367 depreca-

483 1377 661 1438 tionis
691 1386 804 1451 est;
837 1397 939 1439 vos
961 1387 1154 1439 autem
1190 1378 1411 1439 fecistis
1440 1378 1599 1440 illam
1646 1378 1987 1457 speluncam
2033 1376 2125 1437 la-

480 1472 742 1528 tronum.
781 1456 849 1529 In
870 1467 1171 1547 speluncis
1204 1467 1357 1527 enim
1397 1456 1692 1527 latronum
1728 1467 1872 1527 ﬁunt
1905 1473 2123 1526 macta-

482 1553 696 1634 tiones,
731 1556 1111 1634 etsanguinis
1158 1556 1499 1618 effusiones.
1536 1554 1640 1618 Vel
1675 1555 1848 1617 etiam
1883 1563 2129 1634 propter

481 1642 881 1721 negotiatores
905 1653 1172 1705 ementes
1203 1654 1261 1706 et
1284 1644 1633 1718 vendentes,
1669 1644 2011 1724 speluncam
2046 1643 2127 1704 la-

480 1739 714 1793 tronum
748 1733 966 1795 vocavit
997 1734 1307 1813 templum.
1363 1733 1621 1795 Avaritia
1664 1734 1819 1794 enim
1863 1740 1919 1792 et
1978 1731 2126 1793 lucri

478 1820 794 1900 cupiditas,
825 1821 1121 1883 latronum
1157 1821 1399 1882 morbus
1428 1832 1538 1885 est.
1574 1821 1904 1902 Collybistze
1928 1829 2122 1883 autem

476 1918 618 1970 sunt
670 1911 768 1991 qui
819 1912 972 1991 apud
1021 1928 1127 1973 nos
1175 1911 1455 1974 dicuntur
1497 1911 1796 1973 mensarii.
1850 1905 2318 1990 CollybosBéc-ct
2350 1928 2367 1947 -

479 1996 638 2059 enim
669 2000 902 2079 species
924 2010 1013 2062 est
1044 1999 1172 2061 vilis
1189 2001 1742 2081 numismatis,sicut
1760 1998 2047 2061 habemus
2069 2007 2128 2061 et

478 2104 588 2147 nos
621 2086 925 2167 obolos(a)
942 2100 1040 2151 aut
1072 2108 1345 2150 nummos
1378 2087 1999 2168 argenteos.Vendunt
2026 2107 2101 2149 an

476 2181 599 2238 tem
631 2176 937 2238 columbas
960 2187 1016 2239 et
1040 2178 1098 2240 hi
1125 2179 1225 2258 qui
1241 2179 1300 2239 in
1329 2178 1615 2240 Ecclesiis
1631 2178 1847 2257 gradus
1867 2177 2127 2238 vendunt

477 2260 728 2341 Spiritus
771 2264 931 2325 enim
984 2266 1269 2343 gratiam,
1321 2267 1421 2347 qui
1465 2272 1556 2328 est
1614 2266 1910 2341 columba,
1972 2282 2119 2326 ven-

475 2350 623 2412 dunt
664 2352 782 2432 ipsi
820 2374 832 2415 :
871 2354 1026 2415 unde
1056 2354 1377 2433 ejiciuntur
1405 2373 1475 2417 ex
1506 2372 1766 2432 superno
1800 2364 1856 2416 et
1891 2354 2121 2415 inferno

476 2441 717 2521 templo.
746 2442 979 2521 Indigni
1007 2443 1165 2504 enim
1203 2452 1339 2505 sunt
1370 2444 1703 2506 sacerdotio
1752 2443 1935 2521 fungi.
1970 2441 2122 2503 Vide

475 2537 668 2591 autem
702 2540 761 2593 et
791 2540 852 2593 tu
882 2550 956 2593 ne
988 2531 1142 2594 forte
1175 2533 1461 2611 templum
1520 2531 1648 2605 Dei,
1704 2532 2117 2610 cogitationem

473 2626 630 2680 tuam
677 2619 860 2682 facias
905 2622 1250 2701 speluncam
1304 2622 1621 2694 latronum,
1660 2622 1713 2682 id
1749 2630 1857 2695 est,
1892 2620 2117 2681 daemo-

473 2706 728 2769 niorum.
763 2709 890 2771 Fiet
921 2719 1118 2771 autem
1172 2710 1478 2791 spelunca,
1514 2710 1565 2771 si
1596 2709 1979 2772 habuerimus
2014 2728 2114 2771 co-

472 2796 782 2874 gitationes
811 2798 1151 2861 carnalibus
1196 2800 1375 2861 rebus
1409 2800 1655 2880 amicas,
1701 2799 2025 2861 vendentes
2057 2812 2118 2859 et

472 2894 759 2957 ementes,
793 2896 851 2948 et
882 2890 961 2949 ita
989 2888 1140 2951 lucri
1169 2888 1436 2968 cupidas,
1472 2898 1535 2951 ut
1568 2897 1625 2949 et
1654 2888 1916 2968 collybos
1939 2895 1994 2948 et
2022 2886 2113 2947 vi-

472 2974 551 3036 lia
580 2975 936 3038 numismata
966 2988 1367 3057 congregant;
1404 2981 1529 3038 ιιι
1568 2984 1627 3039 et
1675 2979 1724 3038 si
1774 2975 2116 3038 vendideri-

474 3082 605 3123 mua
637 3072 694 3125 et
726 3063 1048 3127 emerimus
1105 3064 1435 3146 columbas,
1468 3066 1579 3126 hoc
1622 3074 1732 3137 est,
1775 3064 1825 3125 si
1872 3065 2026 3145 quod
2058 3064 2120 3127 in

3842 758 3868 776 σε

3840 780 3869 813 ο

2217 838 2328 895 ἐστι
2390 848 2484 899 τοῦ
2523 843 2684 919 ἱεροῦ,
2753 841 2961 910 ἐξέϐαλε
3020 845 3140 907 τοὺς
3194 843 3525 909 πωλοῦντας”
3559 843 3758 911 δεικνὺς
3786 846 3867 901 ὅτι

2214 930 2280 984 τά
2322 930 2414 986 τοῦ
2457 934 2684 1009 Πατρὺς,
2743 934 2831 989 καὶ
2876 936 3030 990 αὐτοῦ
3062 935 3183 991 εἰσι.
3232 940 3396 992 Τοῦτο
3423 933 3477 990 δὲ
3508 936 3695 1005 ἐποίει,
3753 934 3866 1009 ἃμα

2216 1018 2313 1090 μὲν
2370 1021 2457 1076 καὶ
2506 1026 2603 1087 τῆς
2635 1025 2916 1096 εὐκοσμίας
2975 1024 3068 1078 τοῦ
3122 1025 3260 1099 ἱεροῦ
3307 1025 3608 1102 φροντίζων,
3646 1024 3756 1097 ἅμα
3805 1022 3861 1079 δὲ

2215 1109 2299 1163 καὶ
2354 1108 2452 1175 τὴν
2500 1110 2777 1185 μετάθεσιν
2805 1116 2911 1167 τῶν
2953 1115 3142 1167 θυσιῶν
3192 1114 3465 1187 σημαίνων
3499 1130 3513 1143 ’
3547 1111 3613 1167 δι’
3644 1114 3718 1169 ῶν
3761 1114 3861 1190 γὰρ

2214 1195 2455 1261 ἐξέϐαλλε
2511 1200 2629 1264 τοῦς
2675 1201 2801 1275 βόας
2860 1202 2947 1256 καὶ
2989 1201 3083 1262 τὰς
3135 1203 3466 1280 περιστερὰς,
3501 1203 3855 1279 προεμήνυεν,

2209 1286 2289 1341 δτι
2350 1288 2442 1343 οῦκ
2490 1287 2563 1370 ἐτι
2614 1289 2770 1369 χρεία
2812 1292 3111 1360 ζωοθυσιὼν
3214 1294 3471 1370 σφαγίων,
3518 1289 3656 1347 ἀλλά
3686 1313 3854 1369 προσ-

2210 1380 2380 1455 ευχῆς
2413 1391 2426 1406 ⁸
2492 1368 2548 1435 ιΟ
2580 1368 2679 1456 γὰρ
2710 1379 2863 1441 οἶκός
2894 1401 3016 1453 μου,
3079 1368 3289 1458 contrin
3322 1381 3480 1444 οἶκος
3524 1368 3860 1460 προσευχῆς,

2208 1465 2363 1539 ὑμεῖς
2417 1462 2470 1520 δὲ
2525 1466 2809 1537 ἐποιήσατε
2864 1471 3021 1526 αὐτὸν
3076 1468 3342 1538 σπήλαιον
3387 1467 3615 1545 λῃστῶν
3680 1469 3733 1526 ἐν
3761 1472 3860 1547 γὰρ

2208 1566 2323 1617 τοῖς
2389 1554 2671 1622 σπηλαίοις
2730 1564 2837 1614 τῶν
2920 1557 3133 1632 λῃστῶν
3191 1560 3423 1637 γίνονται
3509 1560 3703 1639 σφαγαὶ
3773 1572 3859 1625 καὶ

2208 1645 2613 1723 αἱματεκχυσίαι
2646 1663 2659 1677 '
2706 1647 2741 1715 ἢ
2801 1648 2887 1703 καὶ
2939 1646 3023 1704 διὰ
3094 1648 3213 1711 τοῦς
3272 1646 3695 1721 καπηλεύοντας,
3770 1658 3857 1710 καὶ

2208 1731 2555 1810 ἀγοράζοντας
2600 1737 2686 1792 καὶ
2742 1736 3074 1816 πωλοῦντας,
3138 1735 3403 1805 σπήλαιον
3460 1735 3672 1812 λῃστῶν
3720 1736 3851 1792 ἐκά-

2207 1818 2327 1876 λεσε
2358 1824 2417 1878 τὸ
2459 1824 2595 1901 ἱερόν
2632 1844 2645 1856 ”
2704 1828 2767 1882 τὸ
2817 1827 2917 1905 γάρ
2969 1824 3296 1905 φιλοκερδὲς,
3345 1825 3628 1904 λῃστρικὸν
3688 1826 3852 1889 πάθος

2428 1911 2762 1972 κολλυϐισταὶ
2812 1913 2867 1970 δέ
2923 1917 3053 1972 εἰσιν
3111 1916 3157 1971 οἱ
3211 1912 3333 1994 παρ’
3378 1917 3513 1990 ἡμῖν
3568 1906 3847 1991 λεγόμενοι

2208 2006 2527 2076 τραπηζῖται
2564 2020 2579 2035 ⁸
2638 2000 2890 2066 κόλλυϐος
2921 2004 3041 2081 γὰρ,
3077 2001 3221 2067 εἶδός
3264 2003 3374 2059 ἐστι
3406 2004 3724 2078 νομίσματος
3756 2003 3846 2058 εὔ-

2208 2086 2413 2170 τελοῦς,
2459 2092 2635 2171 ὥσπερ
2683 2093 2882 2172 ἔχομεν
2912 2094 3078 2172 τυχὸν
3120 2094 3282 2166 ἡμεῖς
3323 2093 3443 2155 τοὺς
3475 2089 3690 2156 ὀϐολοὺς
3720 2092 3755 2160 ἢ
3786 2094 3851 2147 τά

2208 2176 2455 2257 ἀργύρια,
2516 2184 2755 2237 Πωλοῦσι
2803 2178 2855 2236 δὲ
2901 2182 3208 2259 περιστερὰς
3268 2182 3356 2237 καὶ
3414 2184 3462 2238 οἱ
3492 2183 3611 2244 τοὺς
3644 2182 3697 2237 ἐν
3726 2196 3850 2243 ταῖς

2208 2263 2547 2334 Ἐκκλησίαις
2605 2271 2833 2345 βαθμοὺς
2878 2268 3201 2333 πωλοῦντες.
3251 2271 3359 2337 Τὴν
3410 2272 3510 2349 γὰρ
3559 2276 3651 2327 τοῦ
3684 2272 3852 2325 Ilva-5-

2205 2376 2370 2427 ματος
2428 2359 2611 2437 χάριν,
2671 2358 2698 2414 ὅ
2779 2359 2889 2415 ἐστι
2971 2361 3268 2437 περιστερὰ,
3356 2366 3620 2415 πωλοῦσιν
3681 2362 3845 2420 αὐτοί,

2208 2438 2372 2502 ιὈθεν
2429 2445 2772 2503 ἐκϐάλλονται
2817 2448 2877 2504 ἐκ
2932 2450 3024 2505 τοῦ
3076 2446 3182 2503 ἅνω
3243 2455 3390 2521 ναοῦ,
3440 2451 3528 2505 καὶ
3557 2456 3648 2506 τοῦ
3678 2448 3846 2504 κάτω

2202 2533 2398 2600 ἀνάξιοι
2457 2536 2555 2614 γάρ
2585 2538 2714 2591 εἰσιν
2743 2537 3047 2615 ἱερατεύειν.
3113 2534 3280 2593 Βλέπε
3330 2534 3497 2592 δὲκαὶ
3529 2539 3589 2593 σὺ
3635 2540 3845 2611 μήποτε

2198 2623 2258 2679 τὸ
2314 2624 2451 2702 ἱερὸν
2492 2631 2583 2681 τοῦ
2614 2631 2765 2698 Θεοῦ,
2798 2626 3053 2698 τουτέστι,
3088 2626 3186 2692 τὴν
3226 2626 3326 2692 σὴν
3373 2624 3627 2697 διάνοιαν,
3675 2630 3845 2697 ποιή-

2198 2732 2297 2786 σῃς
2329 2711 2593 2782 σπήλαιον
2622 2711 2855 2789 λῇστῶν,
2886 2713 3146 2789 τουτέστι,
3192 2719 3298 2769 τῶν
3351 2711 3635 2788 δαιμόνων.
3669 2719 3840 2786 Γενή-

2197 2820 2343 2854 σεται
2378 2798 2431 2855 δὲ
2476 2800 2762 2874 σπήλαιον,
2797 2802 2885 2857 ἐὰν
2914 2800 3130 2881 ἔχωμεν
3187 2801 3472 2880 λογισμοὺς
3533 2803 3834 2885 φιλοῦλους,

2199 2886 2503 2951 πωλοῦντας
2579 2892 2665 2946 καὶ
2758 2891 3107 2970 ἀγοράζοντας
3203 2893 3289 2948 καὶ
3376 2891 3838 2973 φιλοχρημάτους,

2202 2974 2329 3055 ἄχρι
2386 2979 2470 3033 καὶ
2514 2982 2682 3037 αὐτῶν
2740 2986 2845 3035 τῶν
2895 2977 3166 3036 κολλύϐων
3197 2979 3313 3047 ἤτοι
3358 2988 3463 3036 τῶν
3493 2981 3720 3038 εὖτελῶν
3749 3008 3843 3040 νο-

2203 3066 2484 3141 μισμάτων
2540 3090 2858 3147 συναγοντας
2889 3086 2901 3100 ’
2994 3071 3080 3125 καὶ
3158 3068 3247 3125 ἐὰν
3332 3068 3595 3145 πωλῶμεν
3652 3070 3702 3127 δὲ
3760 3074 3846 3127 καὶ

472 3154 649 3216 nobis
678 3154 857 3217 fuerit
883 3156 1191 3237 spirituale
1232 3158 1467 3238 dogma,
1520 3165 1575 3218 et
1624 3157 1966 3238 hujusmodi
2006 3159 2119 3219 ho-

2209 3153 2537 3232 ἐκπριώμεθα
2579 3159 2672 3219 τας
2716 3158 3051 3235 περιστερὰς,
3106 3158 3396 3233 τουτέστιν,
3458 3158 3510 3214 εἴ
3539 3182 3587 3215 τι
3620 3158 3673 3214 ἐν
3709 3162 3844 3235 ἡμῖν

474 3252 641 3305 nesta
672 3244 969 3323 cogitatio,
1001 3247 1346 3327 speluncam
1378 3250 1675 3311 latronum
1729 3246 1977 3309 fecimus
2014 3265 2121 3308 nos

469 3348 651 3412 ipsos.

549 3418 736 3484 Vsus.
788 3421 881 3485 14.
941 3444 964 3480 ι
1000 3420 1071 3484 Et
1120 3432 1504 3488 accesserunt
1556 3422 1627 3486 ad
1678 3441 1812 3485 eum
1866 3423 2004 3483 caeci
2056 3429 2118 3484 et

469 3509 667 3571 claudi
695 3509 757 3571 in
789 3510 1055 3592 templo:
1091 3522 1151 3573 et
1186 3513 1409 3574 sanavit
1447 3532 1569 3575 eos.
1621 3536 1644 3569 ι
1682 3515 1798 3575 Per
1845 3511 2113 3573 infirmos

469 3616 618 3679 quos
648 3599 896 3680 curavit,
930 3600 1187 3663 ostendit
1221 3620 1285 3664 se
1318 3604 1505 3665 Deum
1537 3620 1694 3676 esse,
1749 3609 1807 3662 et
1839 3599 1991 3661 bene
2022 3600 2111 3661 fa-

468 3706 627 3764 cere,
676 3688 920 3770 eiiciens
963 3710 1098 3753 cum
1132 3693 1479 3755 auctoritate
1528 3712 1561 3755 e
1607 3692 1786 3753 domo
1817 3709 1921 3752 sua
1949 3690 2111 3751 indi-

465 3796 632 3857 gnos.
664 3779 1010 3842 Declaratur
1037 3780 1214 3843 etiam
1249 3782 1388 3861 hoc,
1417 3783 1574 3861 quod
1608 3782 1820 3861 ejectis
1863 3779 2108 3856 Judazis,

465 3868 566 3947 qui
595 3867 712 3947 legi
767 3876 825 3930 et
873 3871 1216 3932 animalium
1268 3871 1609 3933 mactationi
1661 3869 1881 3931 addicti
1917 3877 2104 3941 erant,

466 3955 607 4018 caici
634 3964 692 4019 et
714 3956 907 4021 claudi
937 3975 1009 4021 ex
1038 3960 1317 4038 gentibus
1346 3960 1635 4041 assumpti
1664 3959 1885 4022 fuerint
1915 3957 2107 4020 sanati

464 4043 725 4197 ὼῑῗὲιιε.
762 4140 858 4209 15,
890 4138 984 4197 16.
1025 4162 1050 4191 α
1080 4137 1225 4199 Cum
1259 4145 1451 4199 autem
1496 4136 1778 4199 vidissent
1811 4136 2110 4217 principes

2203 3242 2293 3310 εἴη
2352 3248 2704 3320 πνευματικὸν
2754 3244 2926 3324 δόγμα
2978 3248 3062 3301 καὶ
3120 3245 3378 3324 λογισμὸς
3407 3258 3664 3324 τοιοῦτος,
3696 3252 3844 3319 σπή-

2201 3330 2347 3389 λαιον
2377 3331 2587 3410 λῃστῶν
2621 3335 2948 3409 ἐποιήσαμεν
2980 3336 3211 3401 ἐαυτους.

2285 3443 2313 3475 α
2350 3424 2447 3479 Καὶ
2504 3422 2800 3500 προσῆλθον
2859 3422 2999 3496 αὒτῷ
3057 3422 3230 3503 χωλοὶ
3289 3427 3375 3481 καὶ
3430 3424 3614 3504 τυφλοὶ
3660 3427 3712 3481 ἐν
3768 3433 3845 3501 τῷ

2197 3512 2341 3588 ἱερῷ,
2416 3514 2502 3567 καὶ
2561 3512 2900 3590 ἐθεράπευσεν
2973 3512 3183 3575 αὺτούς.
3237 3536 3264 3567 ι
3316 3511 3400 3579 Ἐξ
3442 3518 3514 3570 ὧν
3568 3518 3839 3595 θεραπεύει

2197 3600 2316 3662 τοὺς
2360 3600 2598 3666 ἀσθενεῖς
2629 3600 2878 3657 δείκνυσιν
2910 3600 2989 3657 ὅτι
3022 3602 3149 3664 Θεός
3180 3602 3289 3659 ἐστι
3333 3605 3420 3659 καὶ
3455 3602 3631 3666 καλῶς
3664 3619 3831 3681 ποιεῖ,

2198 3685 2466 3745 ἐκϐάλλων
2524 3689 2641 3764 μετ’
2672 3690 2901 3755 ἐξουσίας
2934 3690 2993 3746 ἐκ
3022 3697 3113 3746 τοῦ
3162 3691 3315 3748 οἴκου
3366 3691 3519 3749 αὐτοῦ
3562 3694 3679 3758 τοὺς
3736 3695 3833 3749 ἀν-

2198 3775 2364 3841 αξίους
2400 3794 2413 3808 ⁸
2464 3776 2710 3845 δηλοῦται
2742 3777 2794 3833 δὲ
2826 3778 2913 3834 καί
2943 3789 3118 3853 τοῦτο,
3151 3778 3231 3835 ὅτι
3277 3779 3391 3855 μετ’
3423 3780 3452 3835 ’ὁ
3481 3778 3834 3851 ἐξεϐλήθησαν

2197 3868 2243 3920 οἱ
2301 3863 2570 3939 Ἰουδαῖοι,
2618 3890 2667 3923 οι
2711 3875 2788 3942 τῷ
2820 3868 2965 3943 νόμῳ
3006 3870 3092 3924 καὶ
3125 3882 3247 3932 ταῖς
3274 3872 3623 3950 ζωοσφαγίαις
3669 3894 3835 3949 προσ-

2197 3953 2435 4035 ἔχοντες,
2495 3960 2541 4013 οἱ
2596 3956 2798 4037 τυφλοὶ,
2846 3960 2931 4013 καὶ
2967 3956 3139 4038 χωλοὶ
3192 3959 3238 4014 οἱ
3280 3958 3333 4023 ἐξ
3387 3958 3545 4015 ἐθνῶν
3577 3960 3835 4038 προσελήο

2191 4047 2415 4123 φθησαν,
2451 4046 2849 4123 θεραπετθέντες
2878 4046 2965 4102 ὑπ’
3012 4048 3191 4108 αὑτοῦ.

2341 4130 2355 4152 ν
2389 4130 2439 4153 ι..
2539 4156 2559 4167 ,
2650 4136 2663 4151 ι
2842 4135 2854 4154 ,
3233 4136 3245 4153 .
3685 4140 3710 4153 ..
3812 4143 3820 4155 .

2273 4152 2303 4192 ι
2362 4144 2556 4195 ιοοντες
2617 4132 2671 4189 δε
2730 4138 2776 4189 οἱ
2832 4149 3103 4215 ἀρχιερεῖς
3162 4158 3249 4192 και
3302 4139 3347 4192 οἱ
3398 4143 3738 4215 Γραμματεις
3774 4164 3836 4197 τα

464 4223 836 4286 sacerdotum
887 4232 944 4287 et
1001 4224 1225 4288 Scribis
1269 4225 1561 4288 mirabilia
1602 4245 1731 4306 quae
1760 4225 2001 4297 fecerat,
2053 4232 2110 4285 et

2209 4222 2454 4297 θαυμάσια
2498 4221 2529 4277 ἃ
2570 4223 2814 4295 ἐποίησε,
2876 4226 2965 4306 καί
3014 4225 3133 4288 τοὺς
3190 4223 3388 4289 παῖδας
3452 4228 3735 4304 κράζοντας
3781 4231 3836 4286 ἐν

465 4327 682 4389 pueros
712 4313 1035 4375 clamantes
1057 4314 1116 4375 in
1152 4314 1370 4395 templo
1402 4324 1458 4377 et
1488 4304 1756 4376 dicentes
1792 4336 1803 4377 :
1834 4315 2111 4376 Hosanna

2209 4316 2269 4383 ῖῷ
2325 4313 2470 4391 ἱερῷ,
2502 4315 2590 4369 καὶ
2620 4312 2867 4391 λέγοντας
2905 4333 2917 4346 ·
2954 4304 3183 4370 Ὠσαννά
3212 4322 3287 4389 τῷ
3315 4317 3411 4389 υίῴ
3440 4315 3627 4395 Δαυίδ,
3657 4318 3831 4397 ὗγαν-

464 4398 614 4489 Filio
645 4400 851 4479 David,
880 4401 1168 4483 indignati
1220 4412 1378 4479 sunt,
1415 4404 1772 4465 etdixcrunt
1799 4403 1893 4464 ei:
1927 4402 2111 4463 Audis

2209 4400 2450 4481 ἱκτησαν,
2486 4405 2570 4459 καὶ
2602 4404 2758 4459 εἷπον
2787 4405 2928 4478 αὒτῷ
2962 4423 2976 4437 ·
3011 4404 3251 4469 Ἀκούεις
3282 4409 3330 4463 τί
3360 4408 3501 4463 οὗτοι
3532 4406 3773 4486 λέγουσιν
3808 4430 3823 4489 ς

465 4488 603 4570 quid
638 4490 728 4552 isni
760 4490 996 4553 dicunt?
1021 4491 1193 4556 Jesus
1218 4502 1414 4555 autem
1467 4493 1614 4555 dicit
1660 4494 1776 4554 illis
1809 4513 1821 4554 :
1859 4491 2100 4571 Utique.

2209 4492 2259 4549 Ὀ
2318 4489 2372 4547 δὲ
2411 4489 2613 4559 ἰησοῦς
2656 4490 2801 4569 λὶγει
2833 4495 3012 4558 αὐτοῖς
3050 4510 3062 4524 ⁸
3100 4497 3219 4553 Ναί.
3252 4494 3510 4553 Οὒδέποτε
3542 4482 3827 4575 ἀνέγνωτε,

462 4578 772 4661 Nunquam
797 4580 1022 4660 legistis
1056 4603 1068 4644 :
1096 4583 1179 4645 Ex
1213 4600 1317 4644 ore
1347 4582 1655 4644 infantium
1674 4589 1733 4643 et
1761 4581 2102 4643 lactentium

2209 4582 2266 4639 ἱτι
2302 4580 2397 4641 Ἐκ
2439 4583 2701 4659 στόματος
2762 4585 2964 4650 νηπίων
3003 4585 3089 4640 καὶ
3146 4584 3482 4657 θηλαζόντων
3531 4590 3832 4665 κατηρτίσω

464 4668 771 4751 perfecisti
804 4669 1401 4734 laudem?»Pbarisa3i
1430 4691 1565 4734 cum
1598 4670 1867 4732 viderent
1894 4689 2105 4752 pueros

2209 4673 2341 4729 ιίνον
2376 4693 2392 4753 ς
2431 4697 2459 4729 ι
2523 4675 2581 4730 O't
2624 4680 2908 4752 Φαρισαῖοι
2962 4672 3154 4737 ἰδόντες
3192 4678 3309 4738 τοὺς
3364 4673 3560 4740 παῖδας
3592 4678 3826 4757 προσερέ-

464 4759 745 4840 hymnum
780 4759 965 4822 David
993 4761 1210 4823 offerre
1229 4760 1485 4833 Christo,
1521 4780 1695 4837 quem
1720 4760 1949 4822 videtur
1970 4762 2106 4822 Pro-

2209 4784 2373 4827 νοντας
2430 4769 2506 4838 τῷ
2561 4770 2770 4843 Χριστῷ
2812 4764 2901 4819 τὸν
2939 4762 3098 4838 ὕμνον
3126 4772 3216 4821 τοῦ
3264 4764 3447 4838 Δαυίδ,
3497 4767 3555 4820 ὃν
3598 4764 3745 4823 δοκεῖ
3803 4772 3830 4824 ὁ

462 4848 639 4930 pheta
656 4846 776 4911 Deo
800 4849 1802 4929 obtulisse.dissecanturinvidia,et
1827 4848 2106 4929 interpel-

2209 4854 2468 4931 προφήτης
2510 4861 2588 4927 τῷ
2632 4859 2747 4925 Θεῷ
2808 4850 3099 4928 ἀναθεῖναι,
3154 4853 3475 4933 διαπρίονται
3529 4856 3604 4929 τῷ
3632 4857 3828 4935 φθόνῳ,

464 4940 585 4999 lant
612 4935 805 5008 illum,
840 4938 996 5019 quod
1030 4939 1329 5019 permittat
1355 4938 1430 5001 de
1461 4958 1524 5000 se
1549 4938 1664 5000 dici
1688 4956 1819 5019 quae
1844 4938 1949 5001 soli
1982 4938 2101 5001 Deo

2209 4943 2270 4997 Lai
2329 4943 2625 5013 κακίζουσιν
2673 4944 2829 4999 αὐτὸν
2884 4946 2954 5008 ὡς
3012 4945 3337 5024 ἀνεχόμενον
3365 4946 3429 5000 τὰ
3458 4952 3548 5001 τοῦ
3580 4946 3711 5001 εεοῦ
3744 4947 3829 5003 ἐπ’

461 5024 892 5090 debentur.1lle
914 5037 1109 5089 autem
1136 5029 1321 5107 magis
1342 5027 1679 5109 approbans
1698 5027 1857 5090 dicit:
1879 5028 2096 5090 Etiam.

2209 5032 2325 5104 ιύτῷ
2379 5029 2621 5110 λέγεσθαι
2657 5047 2670 5062 ⁸
2720 5034 2748 5087 ὁ
2790 5030 2867 5103 δὲ,
2902 5031 3215 5090 ἐπιϐεϐαιῶν
3261 5033 3486 5109 μᾶλλον,
3520 5035 3667 5114 φησί’
3702 5037 3819 5096 Ναί,

458 5115 709 5178 Tantum
732 5114 900 5179 abest
922 5126 986 5180 ut
1006 5116 1273 5179 obturem
1306 5136 1408 5178 ora
1441 5116 1575 5178 talia
1605 5116 2021 5198 dicentium,ut
2044 5123 2102 5179 et

2209 5128 2439 5177 Τοσοῦτον
2496 5122 2616 5201 γὰρ,
2664 5122 2842 5201 φησὶν,
2878 5122 3067 5203 ἀπέχω
3092 5123 3183 5180 τοῦ
3212 5123 3544 5199 ἐπιστομίσαι
3575 5126 3693 5187 τοὺς
3726 5124 3820 5182 λέ-

458 5203 776 5294 Ριζοριιειω
800 5205 1202 5268 testimonium
1233 5205 1548 5282 adducam,
1573 5213 1632 5267 et
1662 5224 1761 5268 vos
1791 5206 2095 5267 ostendam

2209 5210 2373 5273 ὀντάς
2416 5232 2506 5286 μοι
2560 5218 2744 5285 ταῦτα,
2805 5212 2941 5268 ὥστε
2984 5214 3071 5269 καὶ
3135 5214 3224 5269 τὸν
3283 5216 3561 5294 προφήτην
3592 5216 3816 5294 παράγω

457 5291 547 5384 :el
568 5291 996 5384 imperitos,vel
1015 5294 1272 5384 invidos.
1305 5295 1515 5356 Annon
1531 5294 2094 5384 eninilegistisquod

2209 5300 2436 5379 ιάρτυρα,
2495 5298 2588 5354 καί
2644 5301 2779 5375 ὑμᾶς
2835 5299 3171 5377 ἀποδείκνυμι
3220 5303 3256 5369 ἢ
3311 5291 3533 5379 ἀμαθεῖς
3564 5306 3598 5371 ἢ
3626 5291 3813 5384 φθονε-

456 5380 660 5446 Exore
680 5381 992 5445 infantium
1026 5392 1085 5445 et
1115 5383 1453 5445 lactentium
1493 5382 1789 5463 pet-fecisti
1828 5384 2098 5448 laudem?

2211 5389 2322 5451 ούς.
2372 5392 2491 5446 κούκ
2546 5386 2807 5466 ἀνέγνωτε
2851 5390 2971 5469 γὰρ,
3017 5390 3096 5446 ὅτι
3150 5388 3246 5447 Ἐκ
3293 5392 3554 5467 στόματος
3615 5380 3817 5459 νηπίων

458 5470 771 5550 Perfecistt'
782 5481 977 5536 autem
995 5473 1284 5554 significat
1309 5493 1323 5536 :
1349 5472 1679 5534 Perfectam
1697 5471 2093 5536 etabsolutam

2209 5481 2264 5535 αὶ
2320 5476 2657 5547 θηλαζόντων
2735 5480 3035 5555 κατηρτίσω
3113 5479 3319 5552 αῖνονς
3382 5482 3694 5559 Κατηρτίσω
3762 5480 3817 5536 ὂὶ

3068 5570 3095 5587 ρ

529 5632 625 5714 (ο)
657 5631 814 5698 Edit.
852 5631 983 5698 Lut.
1020 5631 1323 5698 ctoboloa.
