4144 6212
391 260 504 324 387
1355 258 1943 325 THEOPHYIJACTI
1986 261 2032 322 Β

2123 263 2396 325 eum
2439 233 2792 327 mentae.
3644 265 3764 330 388

395 404 553 464 trasti
588 420 705 462 non
738 401 962 462 habens
993 408 1210 462 vestem
1241 401 1594 481 nuptialem?
1636 403 1712 464 At
1742 401 1839 464 ille
1869 397 2021 460 obti-

2123 420 2188 464 u,
2249 396 2393 476 ἔχων
2440 395 2633 474 ἔνδυμα
2677 400 2850 476 γάμου
2885 421 2901 476 ;
2951 392 3006 457 Ὀ
3039 398 3093 456 δὲ
3124 401 3386 481 ἒφιμώθη³
3430 403 3560 460 τότε
3604 404 3760 458 εἶπεν

392 491 530 552 cuit.
560 490 724 552 Tunc
761 489 902 550 dixit
933 508 1037 549 rex
1073 489 1361 550 ministris
1394 511 1408 550 :
1449 491 1658 563 Ligatis
1695 491 1946 571 pedibus
1979 496 2032 548 et

2123 488 2143 540 δ
2199 486 2450 562 βασιλεὺς
2508 500 2626 549 τοῖς
2684 487 2969 553 διακόνοις’
3031 491 3299 558 Δήσαντες
3355 493 3512 548 αὐτοῦ
3566 504 3760 570 χεῖρας

396 581 665 642 manibus
685 579 1030 659 ejus,tollite
1054 597 1187 639 eum
1211 588 1267 640 et
1289 579 1485 657 ejicite
1510 580 1568 638 in
1587 579 1860 640 tenebras
1879 586 2032 638 exte-

2123 576 2202 630 καὶ
2285 573 2472 648 πόδας,
2548 574 2704 656 ἂρατε
2759 580 2913 635 αὐτὸν
2945 582 3028 634 καὶ
3076 576 3325 635 ἐκϐάλετε
3357 581 3430 643 είς
3480 581 3541 635 τὸ
3573 581 3762 642 σκότος

393 672 578 732 riores
610 691 622 729 :
657 671 732 729 ibi
774 670 885 729 erit
933 669 1126 742 ﬂetus,
1162 679 1216 727 et
1248 668 1469 728 stridor
1518 669 1808 730 dentium.
1868 667 2032 729 Multi

391 761 548 821 enim
581 769 713 820 sunt
745 757 952 828 vocati,
991 756 1162 834 pauci
1196 775 1336 815 Vero
1362 758 1598 819 electi.»
1632 757 1936 835 Ingressus
1958 757 2029 816 ad

393 850 626 931 nuptias
676 849 804 908 sine
856 847 1225 926 judicatione
1287 848 1371 909 lit.
1434 847 1634 908 Gratia
1693 851 1850 907 enim
1907 846 2030 905 sola

391 959 598 1003 omnes
629 938 812 1000 vocati
846 955 1050 997 sumus
1085 946 1196 996 tam
1234 936 1369 997 boni
1403 956 1577 1016 quam
1616 937 1751 996 mali
1786 946 1889 998 rat
1920 936 2031 995 vita

392 1049 596 1091 eorum
623 1028 720 1108 qui
747 1029 992 1104 ingressi
1019 1026 1235 1086 fuerint
1255 1027 1494 1106 posthac
1521 1046 1634 1087 non
1661 1025 2030 1106 indisquisila

395 1120 529 1188 erit,
557 1119 659 1178 sed
690 1134 932 1178 examen
961 1115 1125 1176 valde
1159 1134 1433 1193 maguum
1487 1115 1666 1176 faciet
1697 1134 1798 1174 rex
1829 1133 2031 1174 eorum

395 1209 491 1288 qui
526 1216 652 1286 post.
678 1207 1006 1281 ingressum
1039 1203 1108 1262 ad
1145 1204 1320 1264 {idem
1360 1207 1414 1264 in
1448 1205 1690 1264 sordido
1719 1203 1921 1263 habitu
1955 1204 2036 1262 in-

394 1297 727 1357 venientur.
764 1293 1119 1354 Horreauius
1156 1292 1335 1369 igitur
1367 1292 1888 1373 cogitantes,quia,
1923 1291 2036 1352 nisi

2115 665 2174 720 τὸ
2252 662 2528 737 ἐξώτερον⁹
2601 666 2718 723 ἐκεῖ
2783 666 2928 723 ἔσται
2960 670 2987 724 ὁ
3018 667 3282 743 κλαυθμὸς
3327 661 3472 725 καίὸ
3527 669 3762 748 βρυγμὸς

2115 759 2220 809 τῶν
2273 752 2520 810 ὀδόντων·
2580 756 2765 813 πολλοὶ
2823 759 2922 835 γαρ
2993 760 3090 814 εἰσι
3120 757 3333 830 κλητοὶ,
3382 759 3550 836 ὀλίγοι
3581 759 3635 816 δὲ
3665 762 3763 818 ἐκ·

2113 841 2311 901 λεκτοί.
2347 867 2376 898 )
2414 835 2476 902 ιΕἰ
2549 846 2644 920 μὲν
2690 848 2762 910 εἰς
2819 849 2907 902 τὸν
2938 849 3112 924 γέμον
3143 847 3427 912 εἰσὲλευσις
3474 848 3594 906 ἄνευ
3640 849 3762 908 δια-

2112 933 2332 1009 κρίσεως
2389 955 2612 1011 γινεται·
2687 936 2868 1015 χάριτι
2919 937 3019 1015 γὰρ
3089 938 3227 1012 μόνῃ
3288 937 3482 1014 μάντες
3525 937 3763 1008 ἐκλήθη-

2114 1043 2234 1107 μεν,
2296 1022 2480 1100 ἀγαθοί
2549 1046 2606 1080 τε
2678 1026 2767 1081 καί
2823 1028 3065 1104 πονηροὶ,
3118 1028 3154 1093 ἡ
3185 1024 3239 1081 δὲ
3268 1028 3380 1096 ζωὴ
3412 1028 3545 1102 μετά
3598 1036 3764 1086 ταῦτα

2118 1116 2223 1166 τῶν
2291 1111 2649 1192 εἰσελθόντων,
2711 1114 2806 1171 οὒκ
2865 1114 3206 1180 ἀνεξέταστος
3276 1115 3446 1188 ἔσται,
3481 1115 3619 1172 ἀλλά
3675 1121 3766 1174 καὶ

2117 1200 2252 1257 πάνυ
2309 1199 2512 1270 πολλὴν
2569 1202 2801 1267 ἐξέτασιν
2867 1218 3101 1262 ποιεῖται
3133 1207 3159 1261 ὁ
3203 1203 3450 1280 βασιλεὺς
3479 1212 3586 1262 τῶν
3633 1209 3768 1282 μετὰ

2118 1291 2177 1345 τὸ
2235 1290 2487 1347 εἰσελθεῖν
2559 1293 2630 1355 εἷς
2703 1295 2803 1360 τὴν
2833 1293 3008 1349 πίστιν
3052 1295 3294 1373 ῥυπαρῶν
3353 1297 3761 1374 εὑρισκομένων,

2117 1377 2388 1456 Φρίξωμεν
2439 1381 2526 1437 οὖν
2584 1380 2950 1453 ἐννοήσαννες,
2995 1382 3100 1462 ὅτι,
3175 1384 3321 1459 εἰμὴ
3355 1384 3475 1464 ἔχοι
3526 1406 3605 1448 τις
3652 1385 3768 1461 βίον

2118 1471 2366 1548 καθαρὸν,
2427 1469 2570 1526 οὐδὲν
2631 1474 2786 1528 αὗτὸν
2815 1472 3017 1552 ὠφελεῖ
3045 1476 3078 1541 ἡ
3108 1474 3282 1537 πίστις
3344 1477 3506 1549 μόνη·
3555 1476 3615 1531 οὗ
3659 1473 3765 1548 μό-

394 1387 519 1466 quis
545 1386 722 1445 viiam
761 1381 971 1444 habeat
1023 1403 1247 1460 puram,
1281 1383 1423 1443 nihil
1470 1383 1522 1442 ei
1585 1383 1847 1460 proderit
1880 1383 2035 1442 nuda

395 1477 542 1537 lides
577 1495 589 1536 :
621 1493 732 1534 non
761 1471 950 1531 solum
983 1471 1139 1532 enim
1171 1489 1201 1530 e
1228 1468 1445 1550 nuptiis
1480 1471 1851 1548 ejicitur,sed
1887 1479 1943 1530 et
1976 1469 2033 1529 in

291 1583 302 1590 ‘
393 1566 587 1642 ignem
641 1561 913 1622 mittitur.
964 1559 1106 1630 Quis
1137 1573 1227 1619 est.
1261 1560 1356 1620 ille
1389 1559 1631 1620 sordida
1688 1561 2032 1620 vestimenta

2123 1578 2207 1612 vov
2277 1558 2377 1634 γὰρ
2434 1557 2744 1617 ἐκϐάλλεται
2802 1563 2864 1616 εκ
2932 1565 3024 1618 τοῦ
3076 1563 3273 1641 γάμου,
3307 1561 3443 1619 ἀλλά
3471 1564 3558 1620 καὶ
3594 1564 3666 1627 εἰς
3705 1565 3767 1618 τὸ

392 1641 634 1730 gerens?
678 1649 731 1710 Is
769 1649 866 1728 qui
901 1668 1014 1708 non
1051 1649 1248 1708 idutus
1294 1657 1383 1709 est
1438 1650 1657 1708 viscera
1702 1649 2032 1710 miseratio-

2123 1652 2220 1723 πῦρ
2276 1647 2675 1723 ἀποπέμπεται,
2755 1653 2842 1714 Τίς
2927 1650 2981 1706 δέ
3038 1651 3180 1708 ἐστιν
3237 1655 3264 1708 ὁ
3323 1653 3527 1730 ῥυπαρά
3581 1653 3766 1727 ἱμάτια

390 1729 552 1813 num,
589 1738 1038 1809 fraternitatem,
1066 1737 1514 1815 benignitatem.
1553 1735 1711 1798 Multi
1740 1737 1914 1814 igitur
1934 1757 2032 1796 se-

2123 1741 2291 1814 ιρορῶν
2337 1758 2354 1808 ;
2435 1729 2490 1795 Ὀ
2562 1740 2639 1814 μὴ
2711 1738 3054 1816 ἐνδυσάμενος
3113 1740 3400 1822 σπλάγχνα
3456 1729 3763 1820 οἰκτιρμῶν,

391 1833 548 1910 ipsos
583 1846 723 1889 vana
771 1846 874 1906 spe
924 1825 1314 1905 decipientes,
1357 1835 1564 1905 putant
1596 1827 1749 1906 quod
1784 1845 2030 1904 regnum

2123 1827 2492 1902 χρηστότητα,
2565 1826 2926 1908 φιλαδελφίαν
2998 1829 3186 1886 πολλοὶ
3243 1831 3331 1886 οὖν
3407 1831 3620 1895 ἑαυτοὺς
3676 1829 3765 1895 ἐξ·

388 1923 670 1983 οωιοι-υιιι
702 1927 1110 1998 assequentur,
1147 1928 1204 1980 et
1235 1919 1464 1995 seipsos
1493 1919 1666 1978 simul
1696 1918 2032 1980 immiscent

2123 1920 2422 1979 απατῶντες
2480 1931 2664 1982 κεναῖς
2727 1917 2924 1989 ἐλπίσι,
2989 1921 3286 1995 νομίζουσιν
3329 1919 3410 1975 ὅτι
3453 1926 3551 1986 τῆς
3601 1921 3766 1994 βασι-

391 2008 891 2071 discumbentimn
915 2007 1453 2086 clioro,sentientes
1474 2009 1546 2067 de
1573 2008 1781 2084 seipsis
1797 2025 2027 2084 magna.

2123 2001 2256 2066 λείας
2325 2011 2432 2060 τῶν
2485 2005 2717 2084 οὖρανῶν
2786 2008 3156 2079 ἑπιτεύξονται,
3206 2011 3294 2065 καὶ
3351 2005 3761 2085 παρεμϐάλλου-

395 2101 704 2162 lta=ionem
740 2097 919 2172 igitur
947 2114 1191 2156 sumens
1227 2096 1512 2156 Dominus
1536 2096 1607 2156 ab
1644 2095 2030 2172 indignnillo,

2123 2115 2204 2148 σιν
2262 2094 2474 2160 ἑαυτοὺς
2541 2103 2618 2170 τῷ
2679 2103 2784 2153 τῶν
2842 2098 3199 2172 ἀνακειμένων
3276 2106 3450 2178 χορῷ,
3536 2099 3765 2172 οἰόμενοι

396 2195 674 2247 monstrat
709 2185 876 2243 nobis
908 2184 1021 2242 duo
1046 2184 1167 2242 hazc
1202 2205 1213 2244 :
1251 2203 1456 2262 unum,
1491 2184 1644 2262 quod
1699 2185 2032 2246 misericors

2123 2184 2238 2239 πεοὶ
2294 2184 2490 2241 ἑαυτῶν
2565 2186 2794 2264 μεγάλα,
2861 2187 3368 2265 Δικαιολογοὺμενος
3398 2186 3452 2243 δὲ
3496 2190 3524 2243 ὁ
3581 2187 3767 2265 Κύριος

394 2280 489 2349 sit;
521 2272 959 2350 alterumquod
987 2282 1042 2332 et
1074 2291 1182 2332 nos
1209 2273 1400 2331 nullos
1426 2272 1829 2332 condemnare
1861 2273 2032 2333 debe-

2123 2273 2251 2343 πρὸς
2309 2272 2398 2328 τὸν
2448 2273 2655 2340 ἀνάξιον
2710 2276 2937 2350 ἐκεῖνον,
2999 2275 3250 2334 δείκνυσιν
3280 2279 3414 2352 ἡμῖν
3445 2275 3534 2333 δὺο
3577 2285 3759 2335 ταῦτα’

400 2361 793 2435 mus,etiamsi
829 2361 1135 2420 manifeste
1169 2371 1434 2437 peccent,
1471 2361 1579 2420 nisi
1607 2361 2032 2440 redarguantut

2123 2359 2177 2415 ἕν
2239 2361 2358 2435 μὲν,
2419 2363 2498 2419 ὃτι
2569 2363 2935 2444 φιλάνθρωπός
2989 2365 3152 2442 ἐστιν,
3214 2365 3390 2444 ἕτερον
3421 2364 3497 2442 δὲ,
3551 2365 3632 2421 ὅτι
3673 2365 3759 2420 καὶ

397 2460 738 2533 peccantes.
772 2449 927 2510 Dicit
958 2450 1133 2527 igitur
1166 2449 1452 2510 Dominus
1480 2449 1791 2529 ministris,
1816 2451 2032 2529 angelis

2124 2451 2266 2524 ἡμᾶς
2337 2449 2421 2506 δεῖ
2491 2454 2569 2526 μὴ
2628 2461 3047 2531 καταγινώσκειν
3103 2464 3282 2529 τινῶν,
3355 2454 3454 2512 κᾶν
3528 2459 3760 2534 ’ρανερὼς

393 2541 764 2603 tortoribus:
801 2565 825 2592 ιι
861 2538 1076 2613 Ligatis
1104 2538 1374 2599 manibus
1408 2548 1466 2600 et
1493 2538 1808 2617 pedibus,»
1845 2539 1900 2598 id
1926 2547 2032 2624 est,

2125 2539 2449 2617 ἁμάρτωσιν,
2513 2543 2556 2597 εἰ
2640 2546 2717 2617 μὴ
2769 2543 3092 2623 ἐλεγχθῶσιν
3151 2547 3196 2602 oi
3227 2545 3572 2624 ἁμαρτόντες.
3609 2545 3764 2622 Λέγει

396 2630 712 2711 operativis
745 2629 874 2708 ejus
896 2626 1308 2688 virtutibusln
1333 2629 1552 2689 saeculo
1573 2629 1732 2688 enim
1765 2621 2032 2707 praesenti

2125 2628 2214 2682 οὖν
2273 2631 2301 2684 ὸ
2359 2628 2548 2705 Κύριος
2591 2645 2710 2696 τοῖς
2740 2621 3025 2714 διακονοις,
3057 2632 3305 2712 ἀγγέλοις
3343 2621 3761 2712 *τιμωρητικοῖς

392 2721 624 2800 operari
655 2716 1061 2798 possumus,in
1095 2717 1286 2777 futuro
1317 2732 1512 2778 autem
1538 2718 1752 2778 saeculo
1785 2718 2032 2795 ligantur

2131 2739 2158 2769 ε
2226 2717 2496 2786 Δήσαντες
2541 2723 2697 2778 αὐτοῦ
2727 2726 2920 2802 χεῖρας
2951 2725 3038 2780 καὶ
3067 2721 3253 2804 πόδας,
3319 2753 3338 2777 ιε
3377 2723 3637 2802 τουτέστι,
3672 2723 3765 2787 τὰς

394 2829 601 2872 omnes
656 2809 906 2868 virtutes
952 2806 1162 2866 animae
1217 2807 1552 2884 operativae.
1593 2817 1648 2868 et
1697 2826 1811 2867 non
1849 2815 2032 2886 potest

2123 2808 2410 2882 πρακτικὰς
2467 2812 2564 2876 τῆς
2617 2815 2798 2890 ψδχῆς
2829 2816 2985 2872 αὐτοῦ
3039 2811 3302 2888 δυνάμεις.
3362 2813 3453 2871 Ἐν
3483 2817 3560 2888 τῷ
3618 2815 3765 2870 αἰῶνι

395 2900 522 2960 ﬁeri
539 2899 757 2978 aliquid
780 2895 919 2956 boni
939 2895 994 2954 in
1019 2880 1380 2955 ablutionem
1398 2880 2032 2974 peccatorum.Slridor

2123 2880 2218 2969 μέν
2273 2897 2372 2974 γὰρ
2425 2903 2502 2971 τῷ
2559 2880 2826 2981 Even-diu,
2909 2902 3018 2960 ἔστι
3089 2880 3277 2982 πράξαι
3331 2905 3417 2960 καὶ
3484 2880 3766 2982 ἐνεργῆσαί

391 2995 588 3052 autem
623 2984 1277 3063 dentium,p(enilentia
1306 2991 1420 3058 est,
1444 3003 1576 3063 qua:
1603 2992 1740 3044 tunc
1770 2985 1948 3046 stulte
1983 2998 2032 3046 el

2123 3008 2192 3067 τι,
2235 2988 2290 3042 lzv
2346 2984 2401 3042 δὲ
2461 2995 2537 3062 τῷ
2594 2988 2865 3066 μέλλοντι,
2898 2989 3206 3068 δεσμοῦνται
3240 2998 3403 3048 πᾶσαι
3436 2995 3487 3048 αἱ
3535 3012 3766 3058 πρακτι-

395 3077 686 3140 inutiliter
714 3075 800 3137 lit.
822 3074 986 3137 Multi
1011 3083 1206 3134 autem
1239 3082 1379 3134 sunt
1409 3073 1620 3154 vocati,
1664 3077 1686 3132 Ι
1714 3077 1793 3135 I9
1826 3076 2032 3137 multos

2123 3078 2211 3133 καὶ
2281 3074 2524 3152 δυνάμεις
2582 3078 2680 3146 τῆς
2737 3082 2946 3160 ψυχῆς.
3006 3082 3105 3140 Καί
3171 3083 3264 3139 οὒκ
3294 3081 3402 3138 ἔστι
3463 3081 3684 3148 ποιῆσαί
3713 3101 3762 3136 τι

396 3168 552 3228 enim
578 3167 664 3227 vel
689 3165 882 3244 potius
899 3180 1106 3222 omnes
1129 3176 1294 3223 vocat
1316 3163 1821 3242 Deuszpaucivero
1839 3165 2032 3228 electi.

2123 3166 2316 3244 ἀγαθὸν
2387 3168 2460 3230 εἰς
2527 3168 2880 3238 ἀντισήκωσιν
2935 3177 3040 3226 τῶν
3084 3171 3376 3249 ἁμαρτιῶν
3429 3171 3666 3251 βρυγμὸς
3710 3168 3764 3226 δὲ

397 3257 570 3319 Pauci
601 3255 758 3315 enim
791 3251 894 3332 qui
924 3252 1241 3326 salvantur,
1269 3261 1325 3312 et
1355 3253 1454 3332 qui
1483 3253 1642 3329 digni
1674 3263 1889 3314 suntut
1923 3256 2032 3316 eli-

2123 3253 2370 3335 ὀδόντων,
2430 3257 2465 3323 ἡ
2517 3257 2638 3312 τότε
2695 3259 3029 3334 γενησομένη
3080 3260 3348 3330 ἀνονήτως
3415 3258 3760 3336 μεταμέλεια·

394 3353 611 3423 gantur
639 3361 673 3402 a
701 3340 844 3401 Deo:
871 3341 946 3399 ita
975 3348 1040 3400 ut
1070 3339 1174 3400 Dei
1205 3339 1449 3420 quidem
1472 3339 1546 3400 sit
1572 3343 2032 3422 vocare,electos

2123 3343 2314 3402 πολλοί
2396 3341 2451 3400 δέ
2496 3346 2597 3402 εἶσι
2655 3345 2866 3423 κλητοὶ,
2928 3349 3158 3413 πολλοὺς
3209 3351 3308 3428 γὰρ
3351 3348 3509 3406 καλεῖ
3549 3351 3578 3406 ὃ
3609 3352 3763 3421 Θεὸς,

395 3429 2035 3519 aulemﬁerimelnon,noslrumesl.Ostenditigiturquod
2123 3432 2327 3509 μᾶλλον
2381 3432 2436 3490 δὲ
2484 3434 2710 3498 πάντας·
2756 3436 2925 3515 ὀλίγοι
2955 3436 3010 3494 δὲ
3059 3437 3321 3502 ἐκλεκτοί,
3356 3438 3557 3519 ὀλίγοι
3609 3440 3695 3495 καὶ
3721 3441 3768 3494 οἱ

398 3530 642 3602 pmpter
659 3519 890 3582 Judaeos
905 3518 1060 3578 dicta
1079 3519 1152 3579 sit
1166 3517 1572 3600 parabola,qui
1595 3521 1779 3582 vocati
1801 3523 2032 3601 quidem

2123 3523 2414 3598 σωζόμενοι
2460 3525 2548 3580 καὶ
2598 3523 2728 3590 ἄξιοι
2777 3534 2869 3582 τοῦ
2923 3525 3206 3606 ἐκλεγῆναι
3252 3528 3393 3604 παρά
3437 3517 3591 3585 Θεοῦ·
3627 3528 3766 3585 ὥστε

393 3614 584 3684 fuere,
613 3629 729 3670 non
763 3617 962 3670 autem
1000 3607 1197 3682 electi,
1235 3627 1304 3669 eo
1331 3611 1484 3689 quod
1519 3609 1855 3674 audierunt.

395 3705 422 3769 Ρ·
486 3703 586 3776 μὴν
625 3700 884 3778 ἡμετερόν
930 3698 1038 3754 ἐστι
1077 3719 1086 3729 ·
1143 3698 1366 3755 δείκνυσι

392 3797 482 3851 ὡκ
513 3790 832 3867 ἐξελέγησαν
863 3789 942 3858 δὲ,
982 3793 1052 3853 ὡς
1085 3791 1161 3862 μὴ
1193 3791 1531 3852 ἀκοῦσαντες,

473 3882 654 3942 Vsus.
693 3881 784 3953 ιὸ,
826 3880 916 3942 16.
961 3903 986 3932 α
1021 3878 1185 3940 'l‘unc
1216 3878 1505 3940 abeuntes
1539 3880 1816 3942 Pharisaei
1848 3885 2038 3946 consi-

396 3971 558 4030 lium
587 3977 874 4048 ceperunt
921 3977 979 4028 at
1026 3967 1417 4047 illaquearent
1447 3987 1581 4029 eum
1616 3971 1674 4030 in
1706 3989 1984 4036 sermone
2020 3996 2033 4038 :

2121 3617 2213 3672 τοῦ
2267 3614 2366 3688 μὲν
2418 3621 2570 3682 Θεοῦ,
2633 3616 2693 3671 τὸ
2751 3615 2960 3691 καλεῖν,
3012 3619 3073 3672 τὸ
3120 3616 3174 3672 δὲ
3202 3617 3482 3677 ἐκλεκτοὺς
3523 3617 3762 3696 γενέσθαι

1455 3701 1641 3772 τοίνυν,
1705 3700 1782 3756 ὅτι
1847 3701 1931 3759 διὰ
1993 3709 2113 3773 τοῦς
2151 3701 2440 3769 Ἰουδαίους
2501 3703 2699 3784 ἐλέχθη
2757 3707 2792 3773 ἡ
2835 3704 3136 3787 παραϐολὴ,
3182 3709 3229 3765 οἱ
3287 3705 3586 3778 ἐκλήθησαν
3645 3707 3763 3783 μὲν,

2209 3905 2238 3944 ε
2270 3885 2400 3944 Τότε
2430 3884 2768 3963 πορευθέντες
2802 3887 2847 3943 οἱ
2895 3893 3178 3966 Φαρισαῖοι
3207 3884 3522 3963 συμϐούλιον
3579 3883 3766 3943 ἔλαϐον

2123 3977 2267 4038 ὃπως
2327 3974 2482 4030 αὺτὸν
2541 3973 2930 4052 παγιδεύσωσιν
3002 3976 3054 4032 ἕν
3085 3975 3231 4056 λόγῳ
3287 3978 3376 4033 καὶ
3408 3975 3765 4035 ἀποστέλλου·-

396 4069 452 4120 et
482 4059 552 4119 ad
587 4058 752 4118 illum
787 4055 1067 4146 emittunt
1124 4056 1447 4136 discipulos
1505 4077 1641 4119 suos
1681 4080 1812 4121 cum
1844 4061 2032 4124 Hero-

2125 4089 2206 4124 σιν
2273 4063 2416 4138 αὒτῷ
2477 4064 2598 4127 τοὺς
2665 4065 2902 4139 μαθητὰς
2972 4067 3142 4123 αὐτῶν
3175 4067 3308 4142 μετά
3349 4073 3454 4123 τῶν
3501 4064 3765 4146 Ἡρωδια-

395 4148 610 4210 diauis.
650 4171 672 4202 υ
712 4149 826 4208 Per
868 4143 1112 4205 insidias
1165 4145 1286 4206 haec
1322 4146 1582 4210 fiebant:
1620 4160 1933 4230 propterea
1983 4163 2032 4214 et

2123 4162 2248 4219 νῶν,
2326 4178 2353 4210 ι
2421 4151 2709 4222 Ἐπιϐουλή
2737 4155 2803 4221 ἦν
2859 4157 2920 4211 τὸ
2964 4157 3266 4234 γινόμενον,
3299 4153 3383 4212 διὰ
3426 4162 3582 4213 τοῦτο
3624 4157 3712 4212 καὶ
3739 4157 3767 4212 6

395 4241 583 4300 Lucas
613 4235 992 4298 insidiatores
1015 4234 1145 4294 illos
1177 4245 1365 4313 vocat,
1402 4245 1675 4317 tanquam
1729 4243 1941 4302 missos
1975 4241 2032 4304 in

2123 4252 2324 4310 Λουκᾶς
2381 4243 2691 4322 ἐγκαθέτους
2721 4245 2842 4308 τοὺς
2899 4247 3164 4309 τοιοῦτους
3198 4247 3467 4322 ὀνομάζει,
3499 4247 3572 4308 ὡς
3629 4247 3767 4302 ὕπο-

395 4333 505 4392 hoc
536 4327 977 4390 utinsidientnr
1006 4325 1260 4390 Christo.
1295 4326 1613 4391 Herodiani
1646 4340 1840 4392 autem
1871 4346 2032 4395 erant

2123 4333 2451 4415 πεμφθέντας
2510 4333 2596 4389 ἐπὶ
2665 4335 2725 4389 τὸ
2775 4331 3138 4415 ἐπιϐουλεῦσαι
3195 4341 3422 4415 Χριστῷ’
3464 4327 3770 4413 Ἠρωδιανοὶ

393 4421 480 4481 vel
532 4416 786 4480 Herodis
815 4417 1056 4492 milites,
1113 4418 1200 4477 vel
1259 4417 1362 4497 qui
1417 4418 1696 4498 putabant
1737 4419 2032 4484 Herodem

2127 4423 2182 4480 δὲ
2247 4414 2410 4504 ἦσαν,
2471 4422 2506 4490 ἤ
2552 4425 2599 4480 οἱ
2627 4425 2719 4480 τοῦ
2781 4414 3013 4501 Ἡρώδου
3044 4414 3384 4504 στρατιῶται,
3428 4424 3464 4492 ἢ
3521 4426 3569 4481 οἱ
3613 4425 3768 4498 νομί-

393 4506 1016 4579 (ΣΙιΓὶειυιηΩιιοηὶειηι
1047 4506 1204 4566 enim
1232 4506 1654 4569 deﬁcientibus
1672 4509 2032 4591 principibus

2123 4521 2298 4584 ζοντες
2349 4503 2590 4582 Ἠρώδην
2649 4513 2796 4568 εἶναι
2857 4516 2946 4569 τὸν
3020 4503 3264 4593 Χριστόν·
3302 4514 3416 4572 ἐπεὶ
3445 4515 3545 4593 γὰρ
3617 4512 3767 4570 ἐκλι-

393 4600 540 4660 .luda
575 4597 835 4676 regnavit
865 4594 1155 4662 Herodes.
1192 4596 1631 4658 arbitrabantur
1677 4598 1873 4680 ipsum
1908 4620 2032 4663 esse

2123 4602 2328 4658 πόντων
2385 4600 2494 4657 τῶν
2549 4600 2826 4679 ἀρχόντων
2897 4599 3089 4682 Ἰούδα,
3123 4600 3469 4682 ἐϐασίλευσεν,
3505 4602 3534 4658 6
3588 4601 3766 4677 Ἠρώ-

395 4690 695 4752 Christum
723 4706 737 4751 :
775 4685 1018 4748 veniunt
1051 4686 1226 4764 igitur
1258 4687 1537 4748 Pharisaei
1569 4707 1702 4748 cum
1755 4689 1872 4751 illis
1903 4689 2032 4750 illa-

2123 4689 2242 4769 δης,
2315 4689 2588 4764 ἐνόμισαν,
2621 4689 2702 4745 ὃτι
2734 4689 2889 4753 αὐτός
2921 4681 3082 4747 ἰστινί
3105 4692 3133 4747 ὀ
3177 4691 3424 4771 λριστός.
3459 4681 3768 4771 ’Ἔρχονται

393 4778 662 4860 queaturi
693 4795 854 4840 eum.
892 4774 1045 4838 Audi
1076 4774 1236 4836 enim
1271 4777 1565 4856 quomodo
1597 4777 1912 4857 loquantur
1943 4778 2032 4841 di-

2123 4779 2290 4836 τοίνυν
2349 4781 2396 4836 οἱ
2457 4785 2741 4854 Φαρισαῖοι
2798 4780 2932 4856 μετά
2988 4781 3186 4837 τούτων
3221 4779 3624 4861 παγιδεύσοντες
3683 4779 3773 4835 αὖ·

397 4857 598 4930 centes
631 4888 644 4930 :

2123 4868 2232 4925 τόν.
2284 4857 2492 4925 "Aucte
2535 4865 2590 4924 δὲ
2623 4867 2739 4932 πῶς
2769 4866 3045 4933 ὁμιλοῦσιν
3075 4871 3238 4950 αυτῷ,
3262 4869 3528 4948 λέγοντες·

479 4959 659 5019 Vens.
696 4955 909 5016 16-92.
936 4952 1503 5032 «Magister,scimus
1534 4955 1690 5036 quod
1727 4974 1891 5019 verax
1927 4958 2030 5034 sis,

2205 4978 2230 5014 ε
2310 4953 2624 5030 Διδέσὸαλε,
2659 4955 2900 5033 σ’ῗδαμεν,
2936 4956 3016 5014 ὅτι
3063 4958 3266 5028 ἀληθὴς
3296 4960 3375 5038 εἴ,
3409 4961 3496 5016 καὶ
3522 4959 3622 5026 τὴν
3651 4955 3768 5015 ὁδόν

396 5055 454 5106 οι
487 5046 632 5106 viam
671 5044 774 5108 Dei
806 5043 863 5104 in
895 5044 1139 5104 veritate
1169 5043 1375 5122 doces,
1402 5062 1597 5122 neque
1627 5063 1798 5107 cures
1821 5065 2032 5126 quem-

2123 5052 2212 5103 τοῦ
2271 5052 2402 5104 Θεοῦ
2455 5045 2509 5101 ἐν
2558 5044 2778 5120 ἀληθείᾳ
2831 5045 3113 5122 διδάσκεις,
3195 5050 3282 5105 καὶ
3340 5048 3399 5107 οῦ
3441 5047 3626 5124 μέλλει
3686 5068 3768 5103 σοι

397 5153 594 5214 quam:
633 5153 749 5195 non
781 5132 939 5196 enim
971 5133 1218 5212 respicis
1250 5150 1567 5210 personam
1595 5134 2032 5198 hominum.Dic

2123 5135 2238 5214 περὶ
2295 5131 2528 5210 οὐδενὸς,
2587 5139 2646 5195 οῦ
2701 5136 2800 5216 γὰρ
2853 5135 3067 5213 βλέπεις
3118 5139 3188 5203 εἰς
3235 5137 3519 5216 πρόσωπον
3563 5135 3768 5214 ἀνθρώ·

403 5209 542 5302 ergo
569 5224 762 5297 nobis,
806 5222 945 5302 quid
995 5209 1098 5282 tibi
1132 5209 1396 5282 videtur?
1441 5223 1599 5285 Licet
1641 5242 1884 5286 censum
1917 5225 2032 5286 dari

2125 5242 2263 5282 πων·
2341 5225 2468 5282 Εἰπὲ
2524 5225 2612 5282 οὖν
2659 5228 2818 5298 ἡμῖν,
2851 5229 2900 5283 τί
2922 5249 3005 5284 σοι
3048 5225 3198 5284 δοκεῖ
3244 5209 3543 5301 ;’“Εξεστιν
3593 5222 3768 5282 δοῦναι

402 5314 872 5392 (Σαλςπίβιιηοιιῖ
891 5311 1134 5388 Cognita
1161 5320 1356 5372 autem
1376 5310 1549 5374 Jesus
1573 5312 1788 5375 malitia
1809 5333 2032 5394 eorum,

2125 5313 2319 5380 κῆνσον
2385 5314 2627 5394 Καίσαρι,
2677 5313 2712 5382 ἧ
2746 5314 2804 5372 οὔ
2839 5333 2855 5390 ;
2914 5317 3074 5382 Γνοὺς
3105 5313 3158 5372 δὲ
3187 5317 3216 5373 ὀ
3246 5315 3454 5382 Ἰησοῦς
3475 5321 3770 5383 τήρπονη-

401 5407 484 5466 ait
515 5427 526 5464 :
554 5402 702 5476 Quid
731 5422 822 5464 me
860 5401 1117 5472 tentatis,
1149 5401 1516 5480 hypocritm‘.’
1547 5399 1854 5465 Ostendite
1898 5404 2032 5466 milii

2125 5403 2238 5482 ρίαν
2297 5404 2488 5478 αὐτῶν,
2589 5405 2737 5462 εἴπεο
2799 5406 2860 5464 Τί
2927 5407 2994 5481 μὲ
3075 5405 3369 5485 πειράζετε,
3443 5403 3770 5483 ὑποκριταί;

402 5495 692 5556 nomisma
727 5489 1152 5554 ccnsus.Ati|li
1185 5492 1526 5554 obtulerunt
1558 5491 2032 5556 eideuariumJﬁl

2124 5489 2446 5559 Ἐπιδείξατὲ
2496 5517 2589 5572 μοι
2645 5494 2706 5553 τὸ
2763 5495 2998 5573 νόμισμα
3026 5503 3120 5554 τοῦ
3148 5497 3368 5567 κήνσου.
3402 5495 3462 5553 Ol
3503 5491 3560 5552 δὲ
3604 5513 3770 5572 προσ·

405 5585 484 5646 ait
506 5584 623 5647 illis
647 5601 660 5645 :
687 5581 870 5662 Cujus
889 5589 977 5642 est
996 5579 1189 5657 imago
1220 5579 1344 5641 hac
1377 5589 1434 5642 et
1462 5581 1800 5665 inscriptio?
1827 5581 2032 5643 Dicunt

2123 5583 2353 5659 ἤνεγκαν
2406 5582 2549 5662 αὒτῷ
2603 5581 2872 5663 δηνάριον,
2945 5584 3043 5642 Καὶ
3093 5583 3237 5663 λόγοι
3292 5584 3500 5646 αὐτοῖς’
3553 5583 3704 5644 Τίνος
3735 5581 3771 5648 ἡ
