4144 6212
446 249 552 312 391

1406 245 2000 312 THEOPHYLACTI
2043 247 2453 310 BULGARIzE
2487 251 2846 312 ARCHIEP.

3710 249 3825 313 39’

439 366 579 454 illis,
621 381 849 462 dicunt,
899 382 1009 445 erit
1056 381 1298 442 mulier?
1329 381 1562 444 Diceret
1609 380 1762 462 quis.
1796 378 1842 443 Ο
1873 387 2075 442 conta-

2167 381 2256 437 καὶ
2312 384 2452 446 τίνος
2507 384 2701 458 αὐτῶν,
2762 386 2935 463 φασὶν,
2985 383 3131 442 ἔσται
3189 386 3223 452 ἡ
3290 387 3472 462 γυνή,
3526 383 3686 442 Εἴποι
3739 382 3825 441 οὖν

436 471 638 532 minati
673 471 1007 541 Sadducaei,
1049 470 1265 547 prioris
1314 470 1416 550 qui
1468 471 1719 532 duxerat
1770 489 1916 530 uxor
1948 470 2080 547 erit,

431 558 719 642 siquidem
773 561 1245 622 concederemus
1300 560 1360 621 in
1421 561 1864 622 resurrectione
1926 579 2085 639 nupo

432 651 540 711 tias
569 652 742 714 fore:
782 652 878 713 alii
913 652 1068 713 enim
1121 671 1235 713 non
1287 652 1438 728 veri,
1470 653 1571 712 sed
1617 651 1723 712 viri
1768 660 1932 712 erant
1975 669 2078 712 ac-

431 744 701 802 cessorii.

511 830 695 895 VERS.
747 830 939 894 29-33
1003 859 1024 886 ιι
1064 831 1456 910 Respondens
1487 839 1684 891 autem
1716 830 1915 904 Jesus,
1943 828 2089 894 dixit

427 919 545 981 illis
576 943 588 978 :
614 921 854 1000 Erratis,
883 921 1219 981 nescientes
1253 919 1614 998 Scripturas,
1655 939 1848 999 neque
1889 920 2083 980 virtu-

427 1019 541 1070 tem
567 1008 764 1071 Dei.In
785 1011 1226 1070 resurrectione
1242 1009 1402 1070 enim
1426 1027 1618 1088 neque
1636 1009 2078 1070 matrimonium

424 1100 804 1173 contrahunt,
828 1117 1022 1179 neque
1057 1099 1388 1172 elocantur,
1414 1099 1513 1159 sed
1542 1106 1680 1158 sunt
1709 1099 1864 1158 sicut
1893 1098 2089 1177 angeli

429 1189 533 1249 Dei
567 1188 622 1246 in
657 1187 926 1248 cmlo.De
945 1187 1389 1248 resurrectione
1409 1203 1552 1246 vero
1580 1197 1946 1248 mortuorum
1970 1207 2088 1248 non

424 1276 653 1354 legistis
671 1277 824 1356 quod
850 1277 1015 1337 vobis
1042 1277 1263 1336 dictum
1289 1285 1377 1336 est
1406 1297 1439 1336 ει
1470 1275 1750 1354 Deo,Ego
1782 1295 1910 1336 sum
1934 1276 2090 1338 Deus

433 1364 921 1441 Abraham,Deus
951 1365 1196 1437 Isaac,i:t
1232 1370 1386 1427 Deus
1408 1364 1614 1426 .Iacob?
1639 1369 1768 1427 Non
1793 1376 1881 1426 est
1902 1367 2079 1439 Deus,

416 1462 774 1516 mortuorum
807 1454 986 1525 Deus,
1025 1455 1128 1515 sed
1153 1453 1580 1514 viventiumEt
1613 1473 1748 1514 cum
1773 1455 2084 1515 audissent

420 1543 623 1624 turba},
667 1553 1022 1623 stupuerunt
1071 1544 1144 1604 de
1196 1544 1469 1603 doctrina
1521 1544 1673 1621 ejus.
1715 1569 1740 1597 η
1800 1541 2085 1604 Ostendi‘

420 1630 685 1696 Salvator
717 1643 774 1694 et
802 1632 1301 1694 resurrectionem
1338 1632 1618 1704 futuram,
1653 1643 1712 1694 et
1741 1651 1857 1692 non
1885 1632 2059 1694 talem

2170 469 2231 525 ἅν
2287 495 2367 537 τις
2403 489 2417 502 ’
2464 461 2528 528 Ὠ
2587 461 3169 553 μιαροὶ-Σαδδουκαῖοι,
3203 461 3545 552 τοῦῗπρώτως
3580 496 3828 552 γεγαμη-

2166 559 2322 625 κότος
2369 559 2514 618 ἔσται
2571 564 2606 630 ἡ
2664 562 2817 640 γυνὴ,
2867 562 2982 638 εἴγε
3014 563 3477 643 συγχωρήσωμεν,
3516 563 3594 618 ὃτι
3627 565 3715 618 καὶ
3774 561 3829 617 ἓν

2164 655 2232 724 τῇ
2284 650 2566 708 ἀναστάσει
2620 653 2792 729 γάμος
2836 653 3016 708 ἐστίν·
3064 654 3111 707 οἱ
3168 653 3267 730 γὰρ
3328 650 3503 726 ἄλλοι,
3566 647 3825 708 ὑποϐολι-

2173 753 2352 813 μαῖοι,
2381 740 2504 821 οὖχὶ
2534 739 2751 816 νόμιμοι
2786 739 2988 820 ἄνδρες,

2257 853 2285 883 α
2321 827 2647 908 Ἀποκριθεὶς
2705 828 2757 885 δὲ
2818 833 2845 886 6
2911 830 3113 898 Ἰησοῦς
3163 831 3319 886 εἶπεν
3362 831 3568 892 αὐτοῖς’
3617 828 3830 886 Πλανᾶ-

2169 921 2276 992 σθε,
2341 919 2418 994 μὴ
2479 917 2671 982 εἰδότες
2733 920 2825 984 τὰς
2872 921 3102 999 Γραφὰς,
3153 916 3288 995 μηδὲ
3337 919 3437 986 τὴν
3488 918 3700 993 δύναμιν
3730 925 3828 974 τοῦ

2167 1013 2320 1070 Θεοῦ,
2385 1005 2474 1064 Ἐν
2532 1009 2631 1088 γὰρ
2687 1014 2755 1085 τῇ
2827 1008 3135 1081 ἀναστάσει,
3191 1006 3309 1064 οὔτε
3371 1011 3658 1087 γαμοῦσιν,
3706 1005 3827 1063 οὔτε

2170 1093 2560 1173 ἒκγαμίζονται,
2620 1096 2740 1153 ἀλλ’
2783 1100 2856 1161 ὡς
2913 1096 3128 1176 ἄγγελοι
3173 1104 3302 1153 Θεοῦ
3362 1095 3414 1152 ὲν
3444 1099 3644 1175 ούρανῴ
3696 1097 3831 1153 εἰσι.

2173 1187 2294 1264 Περὶ
2351 1185 2404 1242 δὲ
2458 1192 2557 1254 τῆς
2599 1184 2937 1251 ἀναστάσεως
2979 1193 3085 1244 τῶν
3131 1193 3354 1266 νεκρῶν,
3413 1187 3507 1242 οὒκ
3562 1185 3827 1262 ἀνέγνωτε

2171 1276 2230 1330 τὸ
2286 1276 2442 1352 ῥηθὲν
2491 1278 2633 1352 ὑμῖν·
2672 1278 2773 1332 ὑπὸ
2829 1283 2920 1332 τοῦ
2977 1284 3110 1332 Θεοῦ
3137 1275 3385 1354 λέγοντος
3422 1295 3436 1310 ⁶
3470 1277 3615 1354 Ἐγὼ
3658 1277 3763 1348 εἶμι
3797 1277 3828 1330 6

2174 1366 2302 1429 Θεὸς
2360 1363 2628 1445 Ἀϐραὰμ,
2660 1366 2742 1445 κρὶ
2772 1367 2799 1421 6
2845 1367 2973 1428 Θεὸς
3005 1353 3219 1438 Ἰσαὰκ,
3243 1365 3330 1420 καὶ
3359 1367 3386 1421 6
3413 1364 3542 1428 Θεὸς
3578 1353 3769 1421 Ἰακὼϐ
3803 1386 3823 1435 ;

2167 1456 2262 1512 οὒκ
2318 1451 2458 1509 ἔστιν
2502 1456 2529 1510 6
2587 1456 2742 1522 Θεὸς,
2778 1459 2906 1518 Θεὸς
2965 1459 3186 1532 νεκρῶν,
3239 1452 3374 1511 ἀλλὰ
3438 1454 3672 1524 ζώντων,
3725 1453 3827 1510 Καὶ

2168 1541 2485 1608 ἀκούσαντες
2557 1545 2602 1600 οἱ
2668 1543 2848 1622 ὄχλοι,
2913 1541 3299 1613 ἐξεπλήσσοντο
3356 1541 3440 1598 ἐπὶ
3502 1549 3570 1619 τῇ
3626 1539 3826 1620 διδαχῇ

2167 1637 2346 1696 αὐτοῦ.
2397 1657 2425 1688 ι
2465 1634 2733 1690 Δείκνυσιν
2768 1636 2794 1689 6
2848 1633 3061 1709 Σωτὴρ,
3105 1630 3184 1688 ὅτι
3215 1635 3301 1688 καὶ
3330 1632 3615 1695 ἀνάστασις
3645 1630 3822 1702 ἔσται,

419 1728 812 1796 carna'em,ut
841 1721 1175 1798 errant,sed
1225 1721 1576 1782 diviniorem
1616 1731 1674 1782 et
1718 1720 2075 1801 spiritualio-

2169 1724 2256 1778 καὶ
2311 1727 2374 1781 οὗ
2403 1724 2626 1790 τοιαύτη
2687 1723 2914 1802 σαρκικὴ
2957 1733 3029 1784 ὼς
3060 1719 3391 1794 πλανῶνται,
3423 1721 3560 1777 ἀλλὰ
3588 1719 3825 1798 θειοτέρα

421 1829 570 1871 rem.
607 1808 756 1883 Quid
784 1812 967 1891 enim,
1004 1811 1217 1891 inquit,
1253 1811 1483 1884 erratis,
1525 1810 1864 1872 nescientes
1905 1810 2076 1874 Scri-

424 1909 644 1978 pturas,
689 1909 746 1962 et
794 1901 907 1960 vim
961 1899 1098 1962 Dei?
1144 1899 1286 1961 Nam
1338 1901 1383 1960 si
1429 1897 1762 1980 Scripturas
1817 1900 2074 1975 sciretis,

423 1992 747 2053 crederetis
763 1993 966 2065 utique
985 1993 1166 2053 Deum
1192 2012 1308 2052 non
1327 2011 1453 2052 essr
1469 1992 1653 2053 Deum
1681 2001 2072 2068 mortuorum,

423 2081 528 2141 sed
563 2081 902 2141 viventium.
943 2079 1108 2152 Quod
1142 2081 1190 2141 si
1224 2080 1496 2142 virtutem
1529 2079 1634 2140 Dei
1677 2081 1931 2150 sciretis,
1969 2100 2076 2141 co-

423 2169 788 2244 gnoswretis
819 2171 1021 2248 utique
1072 2169 1190 2229 Deo
1229 2169 1429 2230 omnia
1467 2188 1599 2230 esse
1647 2169 1981 2250 possibilia,
2019 2177 2076 2231 et

428 2274 598 2335 posse
631 2255 813 2316 Deum
850 2256 1045 2317 facere
1077 2267 1135 2316 ut
1161 2257 1430 2316 homines
1462 2256 2069 2332 vivantsicotangeli.

427 2345 576 2404 Vide
633 2354 832 2407 autem
883 2344 1233 2423 sapientiam
1268 2343 1526 2406 Domini.
1572 2343 1659 2404 Illi
1721 2363 1824 2424 per
1875 2349 2075 2406 Mosen

425 2433 792 2494 conabantur
823 2435 1036 2511 dogma
1061 2434 1135 2494 de
1166 2433 1607 2494 resurrectione
1638 2433 2076 2495 subvertere.et

425 2523 714 2583 Dominus
751 2540 856 2602 per
901 2523 1102 2584 Mosen
1160 2521 1280 2581 illis
1323 2521 1537 2582 iterum
1581 2521 1917 2602 persuadet.
1951 2523 2072 2600 Ego

425 2612 582 2672 enim
608 2630 765 2683 sum,
800 2611 1011 2692 inquit,
1047 2613 1204 2674 Deus
1235 2610 1555 2690 Abraham,
1592 2619 1649 2670 et
1678 2612 1862 2691 Isaac,
1891 2610 2071 2673 etJa-

429 2699 562 2763 cob.
597 2697 718 2760 Hoc
749 2708 946 2761 autem
970 2699 1174 2760 dicere
1197 2699 1316 2759 vnlt
1350 2717 1362 2760 :
1402 2701 1561 2761 Deus
1602 2718 1718 2759 non
1751 2707 1838 2759 est
1865 2717 2070 2759 eorum

427 2789 583 2851 Deus
605 2791 703 2869 qui
735 2808 851 2850 non
883 2798 1036 2860 sunt,
1059 2788 1161 2848 sed
1196 2787 1295 2869 qui
1325 2787 1660 2848 subsistunt
1689 2797 1746 2846 et
1777 2797 1929 2849 sunt.
1952 2787 2073 2852 Ne-

2166 1813 2254 1868 καὶ
2297 1812 2786 1891 πνευματικωτέρα.
2846 1813 2905 1870 Τί
2962 1813 3084 1890 γὰρ,
3159 1813 3307 1891 φησὶ,
3383 1812 3671 1883 πλανᾶσθε,
3743 1810 3824 1884 μὴ

2161 1900 2352 1968 εἰδότες
2396 1905 2490 1967 τὰς
2536 1904 2745 1982 Γραφὰς
2780 1900 2917 1977 μηδὲ
2963 1904 3062 1968 τὴν
3123 1897 3337 1975 δύναμιν
3389 1908 3480 1958 τοῦ
3531 1907 3709 1980 Θεοῦς
3765 1907 3824 1962 Εἰ

2160 1992 2281 2067 μὲν
2339 1993 2432 2057 τὰς
2518 1993 2728 2071 Γραφὰς
2800 1989 3146 2069 ἐγινώσκετε,
3241 1990 3526 2056 ἠπίστασθε
3597 1988 3682 2067 ἂν,
3738 1987 3822 2043 ὅτι

2159 2084 2188 2137 6
2246 2083 2376 2146 Θεὸς
2437 2084 2532 2139 οὐκ
2590 2078 2701 2135 ἔστι
2756 2085 2955 2157 νεκρῶν
3015 2080 3168 2157 Θεὸς,
3230 2076 3366 2134 ἀλλὰ
3393 2084 3626 2150 ζώντων·
3677 2079 3720 2133 εἰ
3763 2075 3819 2132 δὲ

2158 2171 2261 2237 τὴν
2326 2168 2548 2247 δύναμιν
2593 2178 2686 2226 τοῦ
2747 2177 2878 2226 Θεοῦ
2923 2166 3121 2244 ᾔδειτε,
3151 2169 3466 2245 ἐγινώσκετε
3498 2167 3584 2247 ἂν,
3616 2167 3696 2223 ὅτι
3742 2168 3821 2241 τῷ

2160 2267 2275 2333 Θεῷ
2333 2260 2505 2320 πάντα
2557 2257 2771 2332 δυνατὰ,
2856 2258 2994 2314 ὥστε
3063 2258 3151 2314 καὶ
3209 2258 3328 2322 τοὺς
3385 2256 3684 2336 ἀνθρώπους
3743 2258 3817 2319 ὡς

2159 2347 2416 2426 ἀγγέλους
2476 2352 2705 2417 ποιῆσαι
2758 2345 3148 2409 πολιτεύεσθαι,
3205 2339 3352 2426 υΟρσι
3382 2344 3564 2413 δὲτὴν
3632 2345 3815 2424 σοφίαν

2158 2444 2249 2493 τοῦ
2308 2439 2493 2510 Κυρίου
2527 2457 2542 2472 ⁸
2605 2436 2800 2492 ἐκεῖνοι
2874 2437 2977 2492 ἀπὸ
3061 2445 3152 2494 τοῦ
3209 2438 3442 2492 Μωσέως
3499 2432 3818 2504 ἐσπούδαζον

2156 2525 2471 2602 περιτρέψαι
2514 2527 2575 2582 τὸ
2606 2529 2702 2592 της
2745 2524 3081 2588 ἀναστάσεως
3141 2523 3338 2603 δόγμα,
3389 2524 3478 2580 καὶ
3509 2523 3658 2596 οὗτος
3703 2522 3811 2578 ἀπὸ

2155 2622 2247 2672 τοῦ
2300 2613 2533 2678 Μωσέως
2590 2613 2750 2670 πάλιν
2809 2615 2974 2670 πείθει
3032 2615 3241 2678 αύτούς.
3314 2613 3462 2691 Ἐγὼ
3521 2615 3622 2690 γὰρ
3677 2613 3809 2687 εἰμὶ,

2153 2703 2335 2782 φησὶν,
2383 2705 2410 2760 ὁ
2470 2705 2597 2768 Θεὸς
2654 2701 2919 2781 Ἀϐραὰμ,
2980 2704 3068 2758 καὶ
3123 2703 3325 2782 Ἰσαὰκ,
3359 2725 3446 2758 και
3494 2699 3684 2759 Ἰακώὸ
3718 2717 3730 2730 ·
3785 2701 3814 2755 ὅ

2157 2789 2212 2848 δέ
2268 2792 2413 2870 λέγει
2467 2794 2700 2850 τοιοῦτόν
2744 2792 2884 2849 ἐστιν
2919 2809 2932 2822 ⁸
3003 2783 3060 2849 εΟ
3105 2795 3235 2857 Θεὸς
3305 2792 3398 2848 οὐκ
3447 2791 3556 2848 ’ἐστι
3586 2797 3692 2848 τῶν
3735 2791 3815 2866 μὴ

432 2897 544 2959 que
586 2879 742 2939 enim
777 2878 949 2957 dixit,
1013 2879 1130 2937 121
1187 2877 1306 2956 Ego
1340 2895 1524 2956 eram,
1561 2876 1690 2955 sed,
1725 2874 1895 2938 Sum.
1930 2875 2075 2939 Nam

2163 2879 2323 2938 ὄντων
2381 2883 2535 2962 Θεὸς,
2600 2880 2734 2938 ἄλλὰ
2777 2889 2883 2938 τῶν
2939 2882 3304 2960 ὑφισταμένων
3357 2883 3444 2938 καὶ
3476 2880 3664 2937 ὄντων·
3700 2878 3815 2939 οὐδὲ

431 2967 696 3048 quamvis
748 2967 965 3029 mortui
1007 2968 1144 3046 sint,
1191 2985 1294 3046 spe
1348 2974 1546 3027 tamen
1616 2966 2075 3027 resurrectionis

2163 2971 2259 3048 γὰρ
2317 2974 2468 3027 εἶπεν
2506 2988 2520 3002 ’
2572 2971 2713 3048 Ἐγὼ
2756 2969 2928 3046 ἤμην,
2989 2969 3106 3026 ἀλλ’
3152 2971 3294 3046 Εἰμί,
3330 2973 3388 3028 Εἰ
3435 2971 3651 3049 γὰρκαὶ
3693 2968 3814 3024 ἐτε-

430 3057 1000 3135 vivunt.lnterrogas
1032 3065 1250 3118 autem.
1277 3055 1583 3128 Quomodo
1609 3053 1790 3134 igitur
1808 3054 1923 3115 alio
1947 3055 2075 3116 loco

2163 3058 2445 3134 λεύτησαν,
2521 3058 2657 3116 ἀλλὰ
2713 3066 2780 3136 τῇ
2834 3056 3002 3115 ἐλπίδι
3079 3065 3178 3126 τῆς
3238 3059 3575 3122 ἀναστάσεως
3629 3057 3812 3128 ζῶσιν,

432 3146 575 3206 dicit
603 3169 613 3204 :
640 3119 995 3206 Mortuoriim
1030 3157 1086 3206 et
1107 3147 1420 3206 viventium
1448 3119 1734 3206 Domitius
1765 3151 1881 3206 est?
1901 3143 2075 3207 Disce

2163 3119 2333 3205 'AM'I.
2370 3119 2593 3230 ἐρωτᾷς,
2656 3119 2780 3214 Πῶς.
2869 3151 2957 3206 οὖν
3040 3119 3284 3227 ἄλλαχοῦ
3336 3170 3521 3228 φησιν,
3560 3119 3677 3202 *ὅτι
3727 3147 3815 3202 καὶ

430 3234 607 3313 igitur
627 3233 779 3314 quod
817 3243 1081 3295 mortuos
1111 3235 1242 3295 illos
1274 3235 1394 3295 illic
1426 3234 1573 3295 dicit
1604 3233 1916 3302 defunctos
1945 3234 2075 3314 qui-

429 3322 589 3394 dem,
621 3325 874 3383 vii-turos
906 3333 1102 3383 autem
1143 3344 1155 3382 :
1193 3323 1288 3386 hic
1329 3341 1466 3383 vero
1502 3319 1785 3383 Dominus
1815 3341 2070 3401 respon-

431 3411 530 3473 det
553 3412 766 3472 haeresi
788 3411 1619 3483 Sadducazorum,docentium
1654 3431 1768 3472 non
1797 3430 1928 3472 esse
1946 3412 2070 3473 ani-

431 3519 584 3562 mam
616 3500 1032 3572 immortalem,
1069 3500 1172 3560 sed
1219 3505 1462 3561 omnino
1505 3500 1826 3580 corrumpi,
1862 3501 2071 3562 dicens

427 3590 611 3651 Deum
641 3609 754 3650 non
783 3608 914 3652 esse
941 3591 1122 3651 Deum
1150 3591 1660 3663 mortuorum,h’oc
1684 3593 2072 3668 est,sicutvos

430 3680 666 3761 putatis,
716 3679 959 3740 omnino
1005 3680 1401 3759 pereuntium,
1437 3679 1542 3740 sed
1573 3680 1918 3752 viventium,
1954 3679 2069 3742 hoc

428 3779 538 3846 est,
576 3768 968 3830 immortalem
995 3767 1338 3831 habentium
1364 3768 1713 3849 animam,et
1740 3786 2062 3847 resurgen-

427 3859 594 3935 tium,
626 3858 858 3921 etiamsi
884 3858 1097 3919 mortui
1127 3857 1366 3921 iuerint.

503 4034 686 4099 Vens.
717 4035 924 4099 34-40.
963 4057 990 4094 ι
1017 4035 1300 4098 Pharisaei
1331 4043 1528 4096 autem
1580 4053 1717 4095 cum
1764 4033 2070 4097 audissent

2157 3243 2354 3317 νεκρῶν
2409 3241 2494 3296 καὶ
2564 3239 2775 3310 ζώντων
2829 3239 3094 3316 κυριεύει,
3157 3240 3297 3294 Μάθε
3351 3238 3519 3296 τοίνυν
3581 3237 3660 3292 ὅτι
3721 3256 3812 3291 νε-

2156 3330 2308 3406 κροὺς
2352 3329 2469 3386 ἐκεῖ
2536 3326 2680 3406 λέγει
2737 3329 2859 3392 τοὺς
2938 3328 3293 3392 ἀποθανόντας
3338 3327 3460 3406 μὲν,
3517 3324 3812 3402 μέλλοντας

2152 3414 2208 3472 δὲ
2264 3419 2535 3489 ζήσεσθαι.
2584 3417 2836 3475 Ἐνταῦθα
2880 3415 2933 3472 δὲ
2965 3420 2992 3474 6
3053 3417 3236 3496 Κύριος
3286 3418 3415 3495 πρὸς
3466 3417 3564 3483 τὴν
3607 3413 3814 3491 αἵρεσιν

2155 3509 2260 3563 τῶν
2349 3505 2712 3564 Σαδδουκαίων
2799 3505 3158 3586 ἐνιστάμενος,
3252 3504 3678 3584 δογματιζόντων
3733 3503 3811 3577 μὴ

2153 3595 2439 3663 εἶναιτὴν
2497 3597 2684 3675 ψυχὴν
2753 3596 3030 3677 ἀθάνατον,
3080 3595 3217 3652 ἀλλὰ
3275 3596 3449 3662 πάντη
3527 3592 3820 3672 διαφθείρε-

2150 3688 2295 3759 σθαι,
2343 3687 2501 3766 ιρησὶν
2557 3683 2634 3742 ὅτι
2686 3687 2780 3742 οὒκ
2838 3683 2978 3742 ἔστιν
3027 3688 3054 3741 ὸ
3124 3688 3253 3749 Θεὸς
3288 3691 3511 3764 νεκρῶν,
3543 3687 3810 3760 τουτέστι,

2149 3779 2255 3829 τῶν
2311 3775 2384 3837 ὡς
2439 3776 2570 3851 ὑμῖν
2620 3771 2768 3832 δοκεῖ
2817 3773 3266 3854 διαφθειρομένων
3309 3772 3612 3848 παντελῶς,
3667 3775 3810 3833 ἀλλὰ

2148 3867 2255 3916 τῶν
2307 3863 2542 3938 ζώντων,
2598 3864 2832 3920 τουτέστι
2898 3871 3003 3920 τῶν
3075 3864 3332 3920 ἀθάνατον
3389 3863 3628 3943 ἐχόντων
3698 3867 3800 3934 τὴν

2151 3952 2356 4031 ψυχὴν,
2422 3953 2509 4008 καὶ
2563 3952 3036 4028 ἆναστησομένων,
3069 3954 3113 4009 εί
3144 3953 3233 4008 καὶ
3301 3962 3390 4011 νῦν
3420 3953 3592 4032 νεκροί
3654 3955 3808 4019 εἰσιν,

2241 4064 2268 4096 α
2331 4042 2392 4098 Oi
2449 4039 2504 4097 δὲ

2558 4048 2842 4122 Φαρισαῖοι
2903 4043 3221 4106 ἀκούσαντες
3252 4043 3331 4097 ὃτι
3392 4041 3624 4121 ἐφίμωσε
3681 4044 3807 4108 τοὺς

2645 4132 2989 4210 συνήχθησαν
3044 4131 3130 4187 ἐπὶ
3185 4133 3245 4186 τὸ
3277 4131 3425 4202 αὒτὸ,
3459 4132 3547 4186 καὶ
3579 4130 3804 4209 ἐπηρώ-

2651 4223 2819 4279 αὒτῶν
2881 4222 3125 4294 νομικὸς,
3186 4221 3449 4298 πειράζων
3483 4218 3660 4293 αὐτὸν,
3719 4223 3808 4277 καὶ

420 4126 575 4206 quod
601 4125 902 4187 silentium
930 4124 1311 4204 imposuisset
1354 4123 1715 4193 Sadducaeis,
1749 4143 2056 4185 convene-

2163 4127 2557 4204 Σαδδουκαίους,

421 4225 557 4276 runt
589 4219 644 4277 in
671 4234 875 4287 unum,
913 4223 969 4274 et
997 4213 1381 4294 interrogavit
1416 4233 1548 4275 eum
1577 4233 1729 4275 unus
1760 4232 1828 4275 ex
1852 4216 1938 4275 eis
1974 4214 2067 4276 le-

2163 4241 2314 4286 τησεν
2385 4220 2467 4285 εἷς
2535 4217 2590 4285 ἒξ

419 4304 660 4383 gislator
683 4304 1244 4386 quispiam.tentans
1276 4311 1502 4376 eum,et
1532 4303 2066 4381 dicenszslagister,

2163 4307 2345 4390 λέγων’
2441 4307 2763 4384 Διδάσκαλε,
2795 4310 2921 4366 ποία
2950 4308 3138 4377 ἐντολὴ
3169 4308 3380 4386 μεγάλη
3413 4308 3467 4364 ἐν
3499 4312 3577 4383 τῷ
3606 4310 3754 4384 νόμῳ
3790 4330 3807 4390 ς

417 4393 572 4473 quod
593 4402 681 4454 est
706 4391 1043 4453 mandatum
1069 4410 1341 4468 magnum
1363 4391 1425 4452 in
1449 4391 1718 4471 lege?Ait
1737 4393 1820 4453 illi
1842 4391 2020 4454 Jesus
2048 4412 2063 4453 :

2163 4387 2212 4454 t0
2271 4395 2327 4453 δὲ
2359 4397 2566 4465 Ἰησοῦς
2598 4397 2703 4479 ’ἔφη
2749 4403 2914 4472 αὐτῷ’
2950 4397 3277 4477 Ἀγαπήσεις
3314 4398 3497 4474 Κύριον
3553 4400 3644 4454 τὸν
3677 4387 3804 4455 Θεὸν

420 4483 639 4562 Diliges
671 4481 986 4544 Dominum
1027 4479 1214 4541 Deum
1252 4490 1412 4542 tuum
1463 4501 1530 4543 ex
1576 4489 1693 4542 toto
1721 4482 1902 4544 corde
1934 4492 2056 4555 tuo,

2163 4508 2238 4543 ron
2297 4486 2351 4542 ἐν
2418 4486 2520 4564 ὅλη
2575 4493 2643 4564 τῇ
2697 4485 2880 4566 καρδίᾳ
2907 4509 3024 4562 σου,
3056 4489 3141 4544 καὶ
3173 4487 3224 4543 ἐν
3257 4487 3357 4563 ὅλῃ
3383 4492 3452 4563 τῇ
3500 4491 3657 4567 ψυχῇ
3687 4509 3802 4564 σου,

413 4581 471 4634 et
499 4572 559 4634 in
582 4582 700 4633 tota
727 4571 922 4632 animo
951 4579 1069 4646 tua,
1095 4577 1152 4631 et
1185 4571 1242 4632 in
1271 4580 1387 4632 tota
1419 4580 1618 4633 mente
1659 4581 1777 4633 tua.
1815 4571 1936 4634 Hoc
1971 4581 2061 4634 est

2163 4577 2232 4632 ιαὶ
2287 4574 2342 4630 ἐν
2399 4574 2502 4652 ὅλῃ
2562 4582 2632 4652 τῇ
2684 4574 2884 4649 διανοίᾳ
2939 4592 3054 4633 σου·
3132 4577 3264 4643 αὕτη
3324 4575 3434 4633 ἐστὶ
3479 4580 3668 4656 πρώτη
3717 4578 3805 4634 καὶ

413 4663 669 4742 primum
702 4672 760 4723 et
792 4679 1065 4740 maguum
1091 4659 1454 4722 mandatum.
1479 4661 1821 4723 Secundum
1848 4669 2059 4722 estau-

2163 4665 2358 4747 ιεγάλη
2414 4665 2634 4738 ἐντολήο
2695 4665 2909 4746 δευτέρα
2977 4666 3056 4738 δὲ,
3091 4668 3249 4742 ὁμοία
3280 4668 3438 4745 αὐτῇ·
3476 4669 3802 4746 ’Λγαπήσεις

413 4761 527 4813 tem
573 4751 766 4813 simile
817 4751 954 4812 huic
986 4770 1006 4809 :
1040 4749 1262 4828 Diliges
1314 4751 1642 4830 proximum
1692 4759 1853 4811 tuum
1905 4751 2063 4813 sicut

2163 4757 2235 4813 τὸν
2292 4754 2520 4823 πλησίον
2582 4778 2676 4814 σου
2733 4759 2807 4819 ὡς
2839 4759 3081 4819 σεαυτόν.
3125 4755 3216 4814 Ἐν
3247 4758 3463 4822 ταύταις
3495 4770 3618 4821 ταῖς
3662 4755 3803 4815 δυσὶν

415 4839 762 4922 teipsum.ln
796 4841 886 4902 his
908 4840 1063 4901 enim
1094 4839 1325 4902 duobus
1351 4839 1643 4901 mandatis
1663 4842 1935 4901 universa
1970 4840 2064 4902 lex

2163 4843 2418 4920 ὶντολατς,
2469 4843 2590 4911 ὅλος
2644 4847 2672 4902 6
2703 4849 2866 4923 νόμος
2909 4847 2997 4902 καὶ
3025 4849 3074 4902 οἱ
3105 4852 3374 4926 προφῆται
3407 4847 3718 4926 κρέμανται,
3757 4867 3789 4906 ι

411 4941 469 4992 et
492 4934 796 5014 prophetae
821 4932 1235 5012 pendent.»Ex
1266 4931 1586 4993 immodica
1634 4931 1853 4992 invidia
1901 4948 2068 4991 acce-

2163 4932 2240 5000 Ἐξ
2298 4934 2523 5014 ἀμέτρου
2608 4935 2797 5016 φθόνου
2889 4936 3158 5013 πρόσεισιν
3209 4939 3271 4992 ’ὁ
3328 4937 3612 5013 πειράζων·
3685 4936 3800 4993 ἐπεὶ

411 5021 492 5084 dit
511 5021 921 5095 tentans.Quia
935 5021 1094 5083 enim
1116 5020 1380 5083 viderant
1395 5019 1754 5083 Sadducaaos
1769 5019 2066 5097 confusos,

2163 5023 2250 5102 γὰρ
2303 5021 2446 5080 ετδον
2528 5025 3008 5106 καταισχυνθέντας
3064 5027 3183 5091 τοὺς
3242 5023 3644 5105 Σαδδουκαίους,
3708 5027 3798 5082 καὶ

408 5118 465 5171 et
496 5111 792 5172 laudatum
835 5111 1151 5172 Dominum
1205 5109 1282 5172 ob
1339 5111 1716 5190 sapientiam,
1769 5109 2065 5172 accedunt

2163 5117 2517 5190 ιπαινούμενον
2577 5116 2668 5170 τὸν
2727 5115 2911 5194 Κύριον
2983 5113 3070 5171 ἐπὶ
3127 5121 3194 5191 τῇ
3284 5117 3462 5195 σοφίᾳ,
3553 5115 3796 5194 προσίασι

410 5209 703 5262 tentantes
725 5201 772 5261 si
796 5199 1294 5282 apponataliquid
1331 5199 1612 5262 mandato
1649 5199 1862 5280 primo,
1888 5199 2059 5280 quasi

2163 5203 2495 5279 πειράζοντες,
2558 5205 2602 5260 εἷ
2659 5204 2967 5280 προστίθησί
3037 5226 3087 5260 τι
3137 5203 3329 5280 ἐντολῇ
3359 5211 3426 5282 τῇ
3484 5205 3693 5284 πρώτῃ,
3722 5205 3798 5269 ὡς

405 5289 594 5367 legem
617 5289 1017 5369 cor’rigens,ut
1042 5287 1569 5352 inveniantcontra
1603 5289 1799 5368 ipsum
1817 5305 2048 5350 ansam.

2163 5293 2500 5370 ιορθοὺμενος
2557 5294 2648 5350 τὸν
2703 5292 2889 5368 νόμον,
2949 5291 3042 5350 ἵνα
3075 5293 3261 5372 εὕρωσι
3315 5291 3486 5360 λαϐὴν
3528 5291 3648 5351 κατ’
3694 5295 3792 5350 αὖ·

403 5377 689 5441 Dominus
712 5389 908 5441 autem
943 5378 1257 5458 invulgaus
1289 5397 1494 5440 eorum
1547 5377 1850 5457 malitiam,
1889 5376 2046 5458 quod

2164 5380 2244 5440 οὗ.
2308 5381 2367 5440 Ὀ
2424 5380 2479 5438 δὲ
2539 5383 2732 5462 Κύριος
2791 5379 3122 5458 δημοσιεύων
3179 5383 3349 5440 αὐτῶν
3435 5383 3534 5452 τὴν
3577 5384 3790 5464 κακίαν,

405 5487 519 5531 non
552 5469 624 5530 ad
657 5468 1010 5531 discendum
1052 5469 1375 5543 venissent,
1401 5468 1504 5531 sed
1553 5469 1714 5531 vacui
1757 5468 2046 5530 charitate

2163 5491 2209 5526 τι
2267 5471 2328 5528 οὗ
2383 5469 2467 5529 διὰ
2537 5474 2598 5530 τὸ
2629 5475 2822 5550 μαθεῖν
2851 5470 3039 5548 ἦλθον,
3076 5471 3195 5530 ἀλλ’
3229 5472 3357 5530 ἀπὸ·
3394 5479 3486 5532 τοῦ
3527 5473 3605 5550 μὴ
3634 5471 3784 5554 ἔχειν

401 5556 705 5620 invideant
728 5557 924 5640 potius
947 5565 1007 5619 et
1021 5557 1668 5638 amulentur,ostendit
1684 5556 2039 5619 charitatem

2163 5559 2366 5639 γάπην,
2422 5559 2506 5618 διὰ
2573 5563 2636 5618 τὸ
2692 5564 2904 5642 φθονεῖν
2978 5559 3033 5617 δὶ
3065 5560 3272 5638 μᾶλλον
3304 5564 3392 5619 καὶ
3433 5560 3788 5637 ζηλοτυπεῖν,
