4144 6212
431 255 537 318 391

1390 252 1984 317 THEOPHYLACTI
2027 254 2437 317 BULGARIzE
2472 257 2830 318 ARCHIEP.

3696 256 3809 318 39?

424 372 563 459 illis,
605 387 833 469 dicunt,
884 388 993 451 erit
1040 386 1282 448 mulier?
1313 387 1546 449 Diceret
1594 386 1746 468 quis.
1780 384 1826 449 Ο
1858 394 2060 447 conta-

2152 388 2240 444 καὶ
2296 391 2437 453 τίνος
2493 391 2685 465 αὐτῶν,
2746 392 2920 470 φασὶν,
2970 390 3114 447 ἔσται
3173 393 3208 459 ἡ
3275 392 3456 469 γυνή,
3511 390 3670 448 Εἴποι
3724 389 3809 447 οὗν

2159 475 2185 491 91
2449 468 2477 491 τ
2733 482 2743 491 ι
2784 487 2816 491 _
2867 479 2917 491 εισι
3253 486 3274 491 ..
3402 481 3412 491 ι

421 477 622 537 minati
657 478 991 547 Sadducaei,
1034 476 1249 553 prioris
1299 477 1399 556 qui
1452 477 1703 537 duxerat
1754 495 1901 536 uxor
1933 476 2065 552 erit,

415 567 704 647 siquidem
757 567 1229 628 concederemus
1284 566 1343 627 in
1405 567 1849 628 resurrectione
1910 585 2069 645 nup.

416 658 524 717 tias
554 658 726 719 fore:
766 658 862 719 alii
897 659 1053 719 enim
1106 677 1219 719 non
1272 658 1422 733 veri,
1455 659 1555 718 sed
1602 658 1707 718 viri
1752 667 1916 718 erant
1959 676 2062 718 ac-

416 750 685 808 cessorii.

495 837 679 901 Vens.
731 837 922 900 29-33
988 865 1009 892 ιι
1048 837 1440 916 Respondcns
1471 846 1667 897 autem
1700 836 1899 911 Jesus,
1927 835 2073 900 diin

412 925 529 987 illis
560 949 571 985 :
599 928 838 1007 Erratis,
867 927 1203 987 nescientes
1237 925 1598 1004 Scripturas,
1639 945 1831 1005 neque
1873 926 2067 987 virtu-

412 1025 525 1076 tem
551 1015 748 1077 Deiln
770 1016 1210 1077 resurrectione
1227 1016 1386 1076 enim
1411 1033 1602 1095 neque
1621 1016 2062 1076 matrimonium

408 1106 788 1179 contrahunt,
813 1124 1006 1185 neque
1041 1105 1373 1178 elocantur,
1398 1105 1497 1164 sed
1526 1112 1663 1163 sunt
1693 1105 1848 1164 sicut
1878 1104 2073 1183 angeli

414 1195 517 1255 Dei
552 1194 606 1252 in
642 1193 911 1255 ccelo.De
929 1194 1374 1254 resurrectione
1393 1210 1536 1252 vero
1564 1203 1930 1253 mortuorum
1954 1214 2072 1255 non

409 1283 637 1360 legistis
656 1284 808 1363 quod
835 1284 999 1343 vobis
1027 1284 1246 1342 dictum
1274 1292 1361 1341 est
1390 1304 1423 1342 ει
1454 1282 1733 1359 De0,Ego
1767 1302 1894 1342 sum
1919 1283 2074 1344 Deus

417 1371 905 1447 Abraham,Deus
936 1372 1180 1439 Isaac,i:t
1216 1376 1369 1433 Deus
1393 1371 1598 1432 Jacob?
1624 1375 1752 1433 Non
1776 1382 1865 1433 est
1887 1374 2063 1445 Deus,

2155 475 2215 531 ἄν
2272 501 2351 543 τις
2387 496 2401 509 ’
2449 475 2513 535 Ὦ
2571 482 2748 557 μιαροὶ
2781 479 3153 559 Σαδδουκαῖοι,
3187 486 3278 536 τοῦ
3309 481 3530 558 πρώτως
3565 502 3811 558 γεγαμηο

2150 566 2305 631 κότος
2354 566 2499 625 ἔσται
2556 570 2590 637 ἡ
2648 570 2800 646 γυνὴ,
2851 569 2966 645 εἶ’γε
2998 570 3461 649 συγχωρήσωμεν,
3500 570 3578 624 ὃτι
3612 571 3699 624 καὶ
3757 567 3811 623 ἒν

2150 660 2216 730 τῇ
2269 656 2550 714 ἀναστάσει
2604 660 2775 736 γάμος
2820 660 3000 714 εστίν·
3048 660 3095 713 οἱ
3153 660 3252 735 γὰρ
3312 656 3487 731 ἄλλοι,
3552 654 3807 714 ὑποϐολι-

2157 760 2336 819 μαῖοι,
2365 747 2489 827 οῦχὶ
2519 746 2734 823 νόμιμοι
2770 746 2973 826 ἄνδρες.

2242 859 2269 889 α
2306 834 2631 915 Ἀποκριθεὶς
2688 835 2741 891 δὲ
2802 840 2828 892 6
2896 837 3098 904 Ἰησοῦς
3147 838 3303 892 εἶπεν
3347 838 3551 899 αὒτοῒς·
3602 835 3810 891 [Ῑλανᾶ-

2154 928 2261 999 σθε,
2326 926 2403 1000 μὴ
2464 924 2655 988 εἰδότες
2718 926 2809 991 τὰς
2857 928 3087 1005 Γραφάς,
3137 923 3272 1001 μηδὲ
3322 926 3420 993 τὴν
3473 925 3684 999 δύναμιν
3714 931 3809 980 τοῦ

2151 1019 2305 1077 Θεοῦ,
2370 1012 2458 1071 Ἐν
2517 1016 2615 1094 γάρ
2672 1021 2740 1091 τῇ
2812 1014 3119 1087 ἀναστάσει,
3176 1012 3293 1070 οὔτε
3356 1017 3642 1093 γαμοῦσιν,

2155 1100 2544 1180 ἐκγαμίζονται,
2605 1103 2725 1159 ἀλλ’
2768 1106 2841 1167 ὡς
2897 1103 3112 1182 ἄγγελοι
3158 1111 3287 1159 Θεοῦ
3346 1102 3398 1159 ἐν
3428 1106 3627 1181 οῦρανῴ
3680 1103 3810 1160 εἶσι.

2158 1194 2278 1270 Περὶ
2336 1191 2388 1248 δὲ
2443 1198 2541 1260 τῆς
2584 1191 2922 1257 ἀναστάσεως
2964 1200 3069 1249 τῶν
3116 1199 3339 1271 νεκρῶν,
3397 1193 3491 1249 οὒκ
3547 1192 3808 1268 ἀνέγνωτε

2156 1283 2215 1337 τὸ
2270 1282 2426 1357 ῥηθὲν
2476 1285 2617 1358 ὑμῖν
2657 1284 2757 1338 υπὸ
2814 1290 2905 1338 τοῦ
2962 1290 3093 1339 Θεοῦ
3121 1282 3369 1360 λέγοντος
3406 1302 3420 1316 °
3454 1283 3599 1360 Ἐγὼ
3642 1283 3746 1355 εἰμι
3782 1284 3809 1336 6

2158 1372 2286 1435 Θεὸς
2345 1369 2613 1451 Ἀϐραὰμ,
2645 1373 2727 1451 κρὶ
2756 1374 2783 1427 6
2829 1374 2957 1435 Θεὸς
2989 1371 3193 1444 Ἰσαὰκ,
3228 1373 3314 1426 καὶ
3343 1373 3370 1427 6
3398 1370 3526 1434 Bari:
3562 1360 3753 1427 Ἰακὼϐ
3788 1393 3804 1441 ;

3721 1011 3744 1033 Ἰ

3691 1024 3807 1069 οὒτε

401 1469 757 1521 mortuorum
792 1461 970 1530 Deus.
1010 1461 1112 1521 sed
1138 1459 1564 1520 viventiumEt
1598 1480 1731 1520 cum
1758 1462 2060 1521 audissent

2152 1463 2245 1518 οῦκ
2303 1458 2442 1516 ἔστιν
2486 1463 2513 1516 ὸ
2572 1463 2725 1527 Θεὸς,
2763 1467 2890 1524 Θεὸς
2949 1466 3170 1539 νεκρῶν,
3223 1458 3359 1516 ἀλλά
3422 1461 3657 1530 ζώντων,
3709 1459 3807 1517 Καὶ

404 1549 607 1629 turbae,
652 1558 1006 1629 stupuerunt
1056 1550 1128 1610 de
1181 1550 1452 1609 doctrina
1506 1550 1657 1627 ejus.
1700 1576 1724 1603 ι)
1784 1548 2060 1611 Ostendi‘

2152 1548 2469 1613 ἀκούσαντες
2541 1552 2587 1606 οἱ
2652 1548 2832 1628 ὄχλοι,
2897 1548 3283 1618 ἐξεπλήσσοντο
3340 1548 3425 1604 ἐπὶ
3486 1556 3553 1625 τῇ
3610 1546 3806 1626 διδαχῇ

404 1636 669 1701 Salvator
702 1650 758 1700 et
787 1638 1285 1701 resurrectionem
1322 1638 1603 1709 futuram,
1638 1650 1696 1700 et
1725 1658 1840 1699 non
1870 1639 2043 1700 talem

2152 1643 2330 1702 αὐτοῦ.
2382 1663 2409 1694 ι
2449 1640 2717 1696 Δείκνυσιν
2752 1643 2779 1695 6
2833 1640 3046 1715 Σωτὴρ,
3090 1637 3168 1694 ὅτι
3199 1642 3285 1694 καὶ
3314 1638 3598 1701 ἀνάστασις
3629 1637 3804 1709 ἔσται,

403 1734 796 1802 carna’cm,nt
826 1727 1159 1804 errant,sed
1209 1727 1559 1789 diviniorem
1600 1737 1659 1788 et
1702 1727 2060 1807 spiritualiu-

2154 1731 2240 1784 καὶ
2296 1734 2358 1787 οῦ
2388 1730 2610 1796 τοιαύτη
2672 1729 2898 1807 σαρκικὴ
2941 1740 3013 1790 ως
3045 1726 3375 1801 πλανῶνται,
3408 1727 3545 1783 ἀλλά
3572 1726 3805 1804 θειοτέρα

404 1836 553 1877 rem.
591 1814 740 1889 Quid
768 1818 951 1897 enim,
990 1816 1201 1896 inquit,
1238 1818 1467 1889 erratis,
1510 1816 1848 1878 nescientes
1889 1817 2061 1880 Scri-

409 1915 628 1984 pturas,
673 1916 730 1968 et
779 1907 891 1966 vim
945 1905 1082 1968 Dei?
1129 1905 1270 1966 Nam
1322 1907 1368 1966 si
1413 1904 1746 1985 Scripturas
1801 1906 2057 1982 sciretis,

408 1998 731 2059 crederetis
747 2000 950 2070 utique
970 1998 1150 2059 Deum
1177 2018 1291 2059 non
1311 2017 1437 2058 esse
1454 1998 1637 2059 Deum
1666 2008 2057 2073 mortuorum,

408 2087 512 2147 sed
547 2088 886 2147 viventium.
928 2086 1093 2157 Quod
1127 2087 1174 2146 si
1208 2086 1481 2147 virtutem
1514 2086 1617 2146 Dei
1661 2087 1916 2157 sciretis,
1954 2106 2061 2147 co-

408 2176 772 2250 gnosceretis
803 2176 1005 2254 utique
1058 2176 1175 2235 Deo
1213 2176 1412 2235 omnia
1452 2194 1583 2235 esse
1632 2175 1965 2255 possibilia,
2004 2183 2060 2237 et

412 2281 583 2341 posse
615 2262 797 2322 Deum
834 2263 1029 2323 facere
1062 2273 1119 2321 ut
1146 2263 1415 2322 homines
1447 2262 2053 2338 vivantsicutangeli.

413 2352 560 2410 Vide
617 2360 815 2412 autem
867 2350 1217 2429 sapientiam
1252 2349 1509 2412 Domini.
1556 2349 1641 2409 Illi
1705 2369 1808 2429 per
1860 2356 2059 2411 Mosen

2151 1820 2237 1875 καὶ
2281 1819 2770 1897 πνευματικωτέρα.
2831 1820 2890 1875 Τί
2946 1820 3068 1896 γὰρ,
3143 1819 3291 1897 φησὶ,
3368 1818 3655 1889 πλανᾶσθε,
3728 1816 3806 1890 μὴ

2145 1906 2335 1974 εἰδότες
2380 1911 2474 1973 τὰς
2522 1910 2729 1988 Γραφας
2764 1906 2901 1983 μηδὲ
2948 1910 3046 1974 τὴν
3108 1904 3321 1981 δύναμιν
3374 1915 3464 1964 τοῦ
3515 1914 3693 1986 Θεοῦ,
3749 1913 3806 1967 Ei

2144 1999 2265 2073 μέν’
2324 1999 2416 2063 τὰς
2504 2000 2712 2077 Γραφάς
2785 1996 3130 2075 ἐγινώσκετε,
3226 1997 3509 2063 ἠπίστασθε
3582 1994 3666 2074 ἂν,
3722 1994 3804 2049 ὅτι

2144 2090 2172 2143 ὸ
2230 2089 2360 2151 Θεὸς
2421 2090 2516 2145 οῦκ
2576 2085 2685 2141 ἔστι
2740 2092 2939 2163 νεκρῶν
2999 2087 3152 2163 Θεὸς,
3214 2083 3349 2141 ἀλλά
3378 2091 3609 2155 ζώντων·
3660 2085 3703 2139 εἰ
3747 2082 3803 2139 δὲ

2142 2178 2245 2243 τὴν
2310 2174 2533 2252 δύναμιν
2577 2184 2670 2232 τοῦ
2731 2183 2862 2231 Θεοῦ
2907 2172 3105 2250 ᾔδειτε,
3135 2175 3449 2251 ἒγινώσκετε
3482 2173 3567 2253 ἂν,
3600 2173 3680 2229 ὅτι
3726 2175 3803 2247 τῷ

2144 2272 2259 2339 Θεῷ
2318 2266 2489 2325 πάντα
2541 2264 2756 2338 δυνατὰ,
2841 2265 2978 2320 ὥστε
3048 2264 3135 2319 καὶ
3193 2265 3311 2328 τοὺς
3370 2263 3668 2341 ἀνθρώπους
3726 2264 3799 2325 ὡς

2144 2353 2401 2433 ἀγγέλους
2461 2359 2690 2423 ποιῆσαι
2744 2353 3132 2415 πολιτεύεσθαι,
3190 2345 3336 2431 UOps:
3367 2350 3421 2406 δὲ
3453 2353 3549 2419 τὴν
3617 2352 3794 2429 σοφίαν

409 2440 777 2500 conabantur
807 2441 1020 2517 dogma
1045 2441 1119 2499 de
1150 2439 1591 2499 resurrectione
1622 2440 2060 2501 subvertere.et

2152 2450 2233 2499 τοῦ
2294 2446 2477 2516 Κυρίου
2512 2463 2527 2478 '
2590 2443 2784 2499 ἐκεῖνοι
2858 2444 2961 2499 ἀπὸ
3045 2451 3136 2500 τοῦ
3193 2444 3426 2498 Μωσέως
3484 2438 3797 2510 ἐσπούδαζον

410 2528 698 2589 Dominus
736 2547 841 2608 per
886 2530 1085 2589 Mosen
1145 2527 1263 2587 illis
1307 2526 1520 2587 iterum
1564 2528 1901 2608 persuadet.
1936 2529 2057 2606 Ego

2143 2450 2233 2499 τοῦ
2294 2446 2477 2516 Κυρίου
2512 2463 2527 2478 '

2140 2532 2454 2608 περιτρέψαι
2498 2534 2559 2587 τὸ
2590 2553 2687 2598 της
2730 2531 3065 2594 ἀναστάσεως
3126 2529 3321 2609 δόγμα,
3374 2530 3462 2585 καὶ
3493 2530 3643 2591 οὗτος
3688 2528 3794 2585 ἀπὸ

409 2618 566 2678 enim
592 2637 749 2689 sum,
784 2618 995 2698 inquit,
1031 2620 1188 2679 Deus
1220 2616 1539 2695 Abraham,
1576 2626 1633 2676 et
1664 2618 1846 2696 Isaac,
1876 2616 2055 2679 etJa-

2152 2629 2231 2677 τοῦ
2284 2619 2517 2684 Μωσέως
2575 2619 2734 2676 πάλιν
2793 2621 2958 2675 πείθει
3017 2621 3225 2684 αύτούς.
3299 2619 3446 2697 Ἐγὼ
3505 2621 3605 2696 γαρ
3661 2619 3793 2693 εἰμὶ,

413 2706 545 2769 cob.
582 2704 702 2766 Hoc
734 2715 930 2767 autem
954 2706 1157 2766 dicere
1182 2705 1300 2765 vult
1334 2723 1346 2766 :
1386 2707 1544 2767 Deus
1587 2724 1702 2765 non
1735 2714 1822 2765 est
1849 2723 2054 2765 eorum

2248 2710 2261 2728 ι
2529 2711 2541 2727 ι
2639 2706 2652 2729 ν
2814 2710 2825 2725 \
3035 2711 3047 2727 ι
3107 2709 3121 2731 9
3227 2710 3238 2726 \
3478 2707 3491 2730 ν
3612 2705 3668 2728 ἰο
3702 2724 3715 2735 .

2152 2732 2319 2789 ρησιν,
2367 2712 2394 2766 ὁ
2454 2718 2581 2774 Θεὸς
2660 2707 2902 2786 Αϐρααμ,
2965 2730 3053 2764 και
3131 2720 3309 2789 ισαακ,
3345 2732 3431 2764 και
3498 2718 3667 2765 Ιακωο
3770 2707 3798 2761 ὅ

411 2795 567 2857 Deus
589 2797 687 2875 qui
719 2814 835 2856 non
867 2805 1020 2866 sunt,
1043 2795 1145 2855 sed
1180 2794 1279 2875 qui
1309 2794 1643 2854 subsistunt
1674 2804 1731 2853 et
1761 2804 1914 2855 sunt.
1936 2793 2057 2857 Ne-

2152 2796 2197 2854 δέ
2253 2799 2397 2877 λέγει
2452 2800 2684 2856 τοιοῦτόν
2729 2798 2869 2855 ἐστιν
2904 2815 2916 2828 ⁰
2988 2790 3044 2855 ’0
3090 2800 3218 2863 Θεὸς
3290 2798 3383 2854 οῦκ
3432 2798 3540 2854 ἔστι
3570 2803 3675 2853 τῶν
3719 2798 3799 2872 μὴ

417 2904 528 2965 que
570 2885 726 2945 enim
762 2885 933 2963 dixit,
997 2886 1114 2943 121
1170 2883 1290 2962 Ego
1324 2902 1507 2962 eram,
1545 2882 1673 2962 sed,
1710 2880 1879 2945 Sum.
1915 2882 2060 2945 Nam

2152 2886 2307 2943 ἴντων
2366 2890 2519 2969 Θεὸς,
2584 2887 2719 2943 ἀλλά
2762 2895 2867 2944 τῶν
2924 2888 3289 2966 ὑφισταμένων
3341 2889 3429 2945 καὶ
3460 2886 3647 2943 ὄντων·
3684 2884 3798 2945 οῦδὲ

414 2974 679 3054 quamvis
731 2973 950 3035 mortui
991 2974 1128 3053 sint,
1175 2991 1278 3052 spe
1332 2980 1530 3033 tamen
1600 2972 2060 3033 resurrectionis

2152 2977 2243 3055 γὰρ
2302 2981 2452 3033 εἶπεν
2491 2994 2503 3008 ⁸
2556 2978 2698 3054 Ἐγὼ
2740 2976 2911 3051 ἥμην,
2972 2976 3090 3032 ἀλλ’
3137 2977 3278 3052 Εἰμί,
3315 2978 3372 3034 Εἰ
3419 2976 3634 3055 γὰρκαὶ
3677 2974 3797 3029 ἐτε-

414 3063 983 3141 vivuntJnterrogas
1016 3071 1235 3124 autem.
1261 3061 1567 3135 Quomodo
1594 3060 1773 3140 igitur
1792 3061 1907 3122 alio
1932 3062 2060 3122 loco

2152 3066 2429 3140 λεύτησαν,
2505 3065 2641 3123 ἀλλά
2698 3072 2764 3143 τῇ
2819 3063 2987 3121 ἐλπίδι
3064 3071 3162 3133 τῆς
3222 3065 3558 3129 ἀναστάσεως
3613 3063 3796 3134 ζῶσιν,

417 3153 559 3212 dicit
587 3175 596 3210 τ
623 3126 979 3212 Mortuoriim
1014 3163 1070 3213 et
1092 3153 1404 3212 viventium
1433 3126 1717 3212 Domitius
1750 3157 1865 3213 est?
1886 3150 2059 3213 Disce

2152 3126 2317 3211 Ἀλλ’.-
2355 3126 2577 3236 ἐρωτᾷς,
2641 3126 2764 3221 Πῦξ
2854 3158 2941 3212 οῦν
3024 3126 3268 3234 ἀλλαχοῦ
3320 3177 3504 3234 φησιν,
3545 3126 3661 3208 γὸτι
3712 3153 3799 3207 καὶ

414 3240 591 3319 igitur
611 3240 762 3321 quod
801 3250 1065 3301 mortuos
1095 3241 1226 3301 illos
1258 3241 1377 3301 illic
1410 3241 1557 3301 dicit
1588 3240 1900 3308 defunctos
1928 3240 2059 3321 qui-

2152 3250 2337 3324 νεκρῶν
2393 3248 2478 3302 καὶ
2548 3246 2760 3317 ζώντων
2813 3246 3077 3322 κυριεύεις
3141 3247 3280 3300 Μάθε
3335 3243 3503 3302 τοίνυν
3565 3243 3644 3298 ὅτι
3706 3262 3796 3297 νι-

413 3328 573 3401 dem,
605 3331 858 3389 vii-turos
890 3339 1086 3389 autem
1126 3350 1139 3388 :
1177 3330 1272 3392 hic
1313 3347 1451 3389 vero
1486 3326 1769 3390 Dominus
1800 3348 2054 3407 respon-

2152 3336 2291 3413 ιροὺς
2336 3335 2453 3392 ἐκεῖ
2521 3333 2664 3413 λέγει
2722 3335 2843 3398 τοὺς
2922 3334 3277 3398 ἀποθανόντας
3323 3334 3444 3413 μὲν,
3502 3330 3795 3408 μέλλοντας

415 3418 1602 3488 dcthaeresiSadducaeorumﬁocentium
1638 3438 1751 3479 non
1780 3437 1911 3478 esse
1930 3419 2054 3479 ani-
2136 3422 2191 3479 δὲ
2249 3426 2518 3494 ζήσεσθαι.
2568 3422 2821 3481 Ἐνταῦθα
2864 3421 2916 3478 δὲ
2949 3426 2976 3479 ὁ
3037 3424 3220 3502 Κύριος
3270 3424 3399 3501 πρὸς
3450 3423 3548 3489 τὴν
3592 3420 3799 3497 αἵρεσιν

416 3526 568 3568 mam
601 3506 1016 3578 immortalem,
1053 3507 1155 3567 sed
1203 3512 1446 3567 omnino
1490 3507 1809 3586 corrumpi,
1847 3507 2055 3568 dicens

2152 3516 2243 3569 τῶν
2334 3511 2696 3570 Σαδδουκαίων
2783 3512 3142 3592 ἐνιστάμενος,
3236 3510 3662 3590 δογματιζόντων
3717 3509 3795 3583 μὴ

411 3596 595 3657 Deum
625 3616 737 3656 non
767 3615 898 3658 esse
925 3598 1105 3657 Deum
1133 3597 1644 3669 mortuorum,h‘oc
1668 3599 2056 3675 est,sicutvos

2152 3602 2280 3658 εἶναι
2323 3604 2423 3669 τὴν
2481 3604 2668 3681 ψυχὴν
2738 3603 3014 3683 ἀθάνατον,
3065 3602 3201 3658 ἀλλά
3259 3603 3433 3668 πάντη
3512 3598 3803 3678 διαφθείρε·

414 3686 649 3766 putatis,
700 3685 942 3746 omnino
989 3686 1385 3765 pereuntium,
1421 3686 1526 3746 sed
1558 3686 1902 3758 viventium,
1938 3685 2052 3748 hoc

412 3786 522 3851 est,
560 3775 951 3837 immortalem
979 3773 1322 3837 habentium
1348 3774 1697 3855 animam,et
1724 3792 2046 3853 resurgen-

411 3865 578 3941 tium,
610 3864 841 3927 etiamsi
868 3864 1081 3925 mortui
1111 3863 1349 3926 fuerint.

488 4040 669 4104 Vens.
700 4041 908 4105 34-40.
947 4064 973 4100 c
1002 4042 1283 4104 Pharisaei
1316 4050 1512 4102 autem
1564 4059 1701 4101 cum
1748 4040 2054 4103 audissent

403 4132 558 4212 quod
584 4131 886 4193 silentium
915 4131 1294 4211 imposuisset
1338 4130 1699 4199 Sadduczeis,
1734 4150 2040 4192 convene-

405 4230 541 4282 runt
573 4224 628 4283 in
655 4240 859 4293 unum,
896 4230 952 4280 et
981 4219 1365 4300 interrogavit
1400 4239 1532 4281 eum
1562 4239 1713 4281 unus
1744 4238 1813 4281 ex
1836 4223 1921 4281 eis
1958 4221 2050 4283 le-

2134 3694 2279 3765 σθαι,
2327 3694 2485 3771 φησὶν
2540 3690 2617 3747 ὄτι
2670 3693 2765 3749 οῦκ
2822 3690 2962 3748 ἔστιν
3012 3694 3039 3747 6
3109 3694 3237 3755 Θεὸς
3272 3697 3495 3770 νεκρῶν,
3527 3693 3793 3766 τουτέστι,

2133 3786 2239 3834 τῶν
2294 3782 2367 3843 ὡς
2424 3783 2554 3857 ὑμῖν
2604 3779 2751 3837 δοκεῖ
2802 3779 3249 3860 διαφθειρομένων
3294 3779 3595 3853 παντελῶς,
3651 3781 3792 3839 ἀλλά

2133 3873 2239 3922 τῶν
2292 3869 2525 3943 ζώντων,
2582 3870 2815 3926 τουτέστι
2882 3877 2987 3926 τῶν
3060 3870 3316 3926 ἀθανατον
3373 3868 3612 3949 ἑχόντων
3682 3873 3783 3939 την

2135 3958 2340 4037 ψυχὴν,
2407 3960 2493 4014 καὶ
2547 3958 3020 4034 ἀναστησομένων,
3053 3960 3217 4015 εἶκαὶ
3286 3969 3374 4017 νῦν
3405 3959 3576 4037 νεκροί
3638 3961 3791 4025 εἰσιν,

2224 4070 2251 4102 α
2315 4048 2376 4105 Οἱ
2433 4045 2488 4103 δὲ
2542 4054 2825 4128 Φαρισαῖοι
2887 4048 3205 4111 ἀκοόσαντες
3236 4050 3315 4103 ὃτι
3376 4048 3607 4127 ἐφίμωσε
3664 4051 3789 4114 τοὺς

2136 4134 2540 4211 Σαδδουκαίους,
2629 4139 2973 4217 συνήχθησαν
3029 4137 3114 4193 ἐπὶ
3170 4139 3229 4192 τὸ
3261 4138 3409 4208 αῦτὸ,
3444 4138 3531 4192 καὶ
3563 4136 3787 4216 ἐπηρώ-

2136 4247 2298 4292 τησεν
2368 4226 2451 4291 εἷς
2519 4225 2575 4292 ἓξ
2635 4230 2802 4285 αὐτῶν
2865 4229 3110 4301 νομικὸς,
3170 4227 3433 4304 πειράζων
3466 4224 3644 4299 αὒτὸν,
3705 4230 3791 4283 καὶ

403 4310 643 4389 gislator
667 4310 1227 4392 quispiam.tentans
1260 4317 1486 4382 eum,ct
1516 4309 2049 4397 dicens:.\|agister,

2152 4314 2329 4392 ίέγων·
2426 4314 2747 4389 Διδάσκαλε,
2780 4317 2904 4372 ποία
2934 4315 3122 4384 ἐντολὴ
3153 4314 3363 4393 μεγάλη
3398 4315 3451 4371 ἐν
3484 4318 3561 4389 τῷ
3590 4316 3737 4390 νόμῳ
3774 4336 3790 4397 ς

400 4400 555 4478 quod
577 4408 664 4460 est
690 4398 1027 4459 mandatum
1052 4416 1324 4475 magnum
1348 4397 1409 4458 in
1434 4397 1595 4477 lege?
1610 4396 1703 4458 Ait
1721 4398 1804 4458 illi
1827 4397 2047 4460 Jesus:

2157 4418 2196 4460 Ο
2256 4402 2311 4459 δὲ
2342 4403 2550 4471 Ἰησοῦς
2583 4404 2687 4485 ’ἔφη
2733 4410 2899 4478 αὐτῷ’
2934 4403 3261 4483 Ἀγαπήσεις
3298 4405 3481 4481 Κύριον
3537 4407 3627 4461 τὸν
3660 4394 3789 4461 Θεὸν

404 4489 622 4568 Diliges
655 4488 969 4549 Dominum
1010 4485 1197 4547 Deum
1236 4496 1396 4547 tuum
1447 4507 1515 4548 ex
1560 4495 1677 4547 toto
1706 4488 1886 4549 corde
1918 4498 2039 4561 tuo,

2152 4514 2223 4549 που
2281 4492 2335 4548 ἐν
2402 4493 2503 4570 ὅλῃ
2559 4500 2627 4571 τῇ
2681 4492 2864 4572 καρδίᾳ
2891 4516 3007 4569 σου,
3040 4496 3125 4551 καὶ
3157 4494 3208 4549 ὲν
3242 4494 3342 4570 ὅλῃ
3367 4499 3436 4569 τῇ
3484 4498 3640 4573 ψυχῇ
3670 4516 3785 4570 σου,

397 4587 454 4639 et
483 4578 542 4639 in
566 4588 683 4639 tota
711 4578 905 4638 anima
935 4586 1052 4652 tua,
1079 4585 1135 4638 et
1169 4577 1227 4639 in
1254 4586 1370 4639 tota
1403 4586 1601 4639 mente
1643 4588 1761 4639 tua.
1799 4577 1920 4640 Hoc
1956 4587 2045 4640 est

2152 4583 2216 4638 ιαὶ
2272 4580 2326 4637 ἒν
2384 4581 2486 4658 ὅλῃ
2546 4589 2616 4659 τῇ
2668 4581 2868 4655 διανοίᾳ
2924 4599 3038 4639 σου·
3117 4583 3249 4650 αὕτη
3308 4582 3418 4639 ἐστὶ
3464 4586 3651 4661 πρώτη
3701 4584 3788 4639 καὶ

397 4669 652 4748 primum
685 4679 743 4730 et
776 4686 1049 4746 maguum
1074 4666 1437 4728 mandatum.
1463 4668 1805 4729 Secundum
1832 4676 1921 4728 est
1940 4686 2043 4729 au-

2152 4673 2341 4753 ιεγάλη
2399 4672 2618 4745 ἐντολή·
2679 4672 2892 4753 δευτέρα
2962 4673 3041 4744 δὲ,
3076 4674 3233 4747 ὁμοία
3264 4675 3422 4751 αὐτῇ
3460 4675 3785 4752 ’Λγαπήσεις

397 4767 510 4819 tein
556 4758 750 4819 simile
800 4757 937 4817 huic
970 4776 989 4815 :
1023 4755 1245 4834 Diliges
1298 4757 1627 4836 proximum
1676 4764 1837 4817 tuum
1889 4758 2048 4819 sicut

2152 4764 2219 4818 :6v
2277 4761 2505 4829 πλησίον
2567 4785 2660 4820 σου
2716 4766 2790 4826 ὡς
2822 4764 3065 4824 σεαυτόν,
3110 4762 3200 4819 Ἐν
3232 4764 3446 4828 ταύταις
3478 4776 3601 4827 ταῖς
3645 4762 3785 4821 δυσὶν

399 4846 745 4928 teipsum.ln
779 4847 869 4907 his
892 4846 1047 4907 enim
1078 4845 1309 4907 duobus
1335 4846 1627 4908 mandatis
1648 4849 1919 4907 universa
1954 4848 2048 4909 lex

2152 4849 2402 4927 ιντολατς,
2454 4850 2575 4917 ὅλος
2628 4854 2655 4908 6
2688 4856 2849 4928 νόμος
2893 4853 2981 4909 καὶ
3010 4856 3058 4907 οἱ
3090 4858 3357 4932 προφῆται
3392 4852 3701 4932 κρέμανται,
3740 4873 3771 4912 ι

394 4940 779 5020 etprophetae
804 4938 1218 5018 pendent.»Ex
1250 4937 1570 4999 immodica
1619 4937 1837 4998 invidia
1885 4956 2053 4998 acce-

2152 4939 2224 5005 Ἐξ
2282 4941 2507 5020 ἀμέτρου
2592 4942 2781 5022 φθόνου
2873 4943 3141 5019 πρόσεισιν
3228 4944 3255 4998 6
3313 4943 3595 5018 πειράζων’
3668 4942 3782 4999 ἐπεὶ

394 5027 475 5090 dit
495 5028 904 5101 tentans.Quia
918 5027 1078 5089 enim
1100 5026 1363 5089 viderant
1379 5025 1738 5090 Sadducaaos
1754 5026 2050 5103 confusos,

2152 5030 2234 5107 (ἀρ
2288 5027 2430 5086 εἶδον
2513 5031 2993 5111 καταισχυνθέντας
3048 5032 3167 5096 τοὺς
3227 5029 3627 5111 Σαδδουκαίους,
3692 5032 3781 5087 καὶ

392 5125 449 5177 et
480 5117 775 5178 laudatum
818 5117 1134 5178 Dominum
1189 5116 1265 5178 ob
1324 5117 1700 5197 Sapientiam,
1754 5115 2049 5177 accedunt

2152 5122 2501 5195 ηπαινούμενον
2561 5121 2652 5176 τὸν
2712 5122 2894 5200 Κύριον
2967 5120 3053 5177 ἐπὶ
3110 5127 3178 5196 τῇ
3268 5123 3445 5201 σοφίᾳ,
3536 5120 3779 5200 προσίασι

393 5214 686 5267 tentantes
709 5208 756 5267 si
780 5205 1278 5288 apponataliquid
1315 5205 1596 5268 mandato
1632 5206 1846 5286 primo,
1872 5205 2043 5286 quasi

2152 5209 2480 5285 πειράζοντες,
2543 5210 2586 5265 εἰ
2644 5210 2950 5285 προστίθησί
3021 5232 3071 5266 τι
3122 5210 3313 5286 ἐντολῇ
3342 5217 3410 5287 τῇ
3468 5211 3676 5290 πρώτῃ,
3707 5212 3781 5275 ὡς

389 5295 577 5373 legem
601 5295 1000 5375 corrigens,ut
1026 5294 1553 5358 inveniantcontra
1587 5295 1783 5374 ipsum
1801 5312 2033 5356 ausam.

2152 5299 2484 5376 ιορθοὺμενος
2541 5300 2632 5355 τὸν
2688 5299 2873 5375 νόμον,
2933 5297 3026 5355 ’ίνα
3059 5299 3245 5379 εὕρωσι
3299 5298 3469 5367 λαϐὴν
3512 5297 3632 5357 κατ’
3678 5302 3776 5357 αῦ-

386 5384 672 5447 Dominus
696 5396 892 5447 autem
926 5385 1241 5464 invulgans
1273 5403 1477 5446 eorum
1531 5384 1834 5463 malitiam,
1873 5383 2030 5465 quod

2152 5386 2229 5446 οὗ.
2293 5388 2352 5446 Ὀ
2409 5386 2463 5443 δὲ
2524 5389 2717 5468 Κύριος
2775 5386 3106 5463 δημοσιεύων
3163 5389 3333 5447 αὐτῶν
3419 5390 3517 5458 τὴν
3561 5391 3773 5469 κακίαν,

389 5494 502 5536 non
535 5476 607 5537 ad
641 5474 993 5537 discendum
1036 5475 1359 5549 venissent,
1385 5475 1488 5537 sed
1537 5476 1697 5537 vacui
1741 5474 2029 5536 charitate

2152 5498 2193 5533 τι
2252 5478 2312 5535 06
2368 5475 2451 5534 διὰ
2522 5480 2583 5535 τὸ
2615 5481 2805 5555 μαθεῖν
2835 5476 3024 5553 ἦλθον,
3062 5477 3179 5536 ἀλλ’
3214 5479 3341 5536 ἀπὸ·
3378 5487 3469 5538 τοῦ
3511 5480 3589 5556 μὴ
3618 5478 3767 5560 ἔχειν

385 5563 689 5626 invideant
712 5564 907 5647 potius
931 5564 1652 5644 etamulentur,ostendit
1668 5562 2023 5625 claritatem

2152 5565 2350 5646 γάπην,
2407 5565 2491 5623 διὰ
2558 5569 2621 5623 τὸ
2676 5570 2888 5647 φθονεῖν
2963 5565 3017 5623 δὸ
3050 5567 3257 5643 μᾶλλον
3288 5572 3376 5626 καὶ
3417 5567 3770 5640 ζηλοτυπεῖν,
