4144 6212
320 296 431 360 397
948 308 1391 374 SNARRATIO
1434 312 1517 375 IN
1561 313 1955 379 EVANGELI

2047 317 2069 376 I
2117 314 2517 381 ΜΑΤΤΗιΕῙ.
2563 326 2641 365 -έ
2699 323 2865 386 CAP.
2917 325 3138 389 XXIII.
3587 328 3705 395 389

312 433 419 487 τῦν
489 435 719 507 ἱματίων
789 438 982 501 αὐτῶν.
1040 447 1205 498 Τοῦτο
1264 441 1320 499 δὲ
1379 452 1624 503 τοιοῦτον
1677 447 1764 514 ἧν·
1812 448 1869 503 ἐν
1894 457 1956 523 τᾷ

2052 458 2187 510 ante
2213 451 2417 514 oculos
2457 462 2706 519 vestros.
2740 454 3093 519 Scribebant
3142 460 3324 539 igitur
3380 464 3440 525 in
3470 464 3706 528 duabus

309 522 461 627 :o'p'p
520 522 713 581 ἔκειτο·
790 524 1061 607 Ἐφίψατε
1121 531 1206 586 ἐπὶ
1265 537 1364 599 τῆς
1414 535 1598 613 χειρός
1655 537 1827 611 ὑμῶν,
1880 522 1956 593 καῖ

2050 539 2337 601 chartulis
2369 541 2719 619 decalogum
2756 545 2927 623 legis,
2958 556 3016 606 et
3042 522 3344 627 ponebant
3372 571 3551 615 unam
3592 573 3697 616 su-

312 609 481 721 ξατοις
516 613 780 674 ἀσάλευτα
851 621 953 696 πρὸ
1023 618 1306 699 ὀφθαλμῶν
1338 609 1518 697 ὁμέν..
1545 609 1825 705 ’Ὲγραφον
1878 630 1956 683 οὖν

2050 645 2154 721 per
2183 628 2454 721 frontem.
2493 639 2550 690 et
2598 609 2848 693 alterani
2863 609 3332 713 supefdextram
3359 648 3696 721 suspende-

312 700 398 757 ἐπὶ
453 700 543 760 δύο
610 702 877 785 διφερίων,
962 709 1199 766 τουτέστι
1254 714 1513 791 χαρτίων,
1570 700 1673 779 τάξ
1707 700 1831 772 δέκα
1874 726 1956 775 τοῦ

2048 700 2206 777 bant.
2243 717 2533 779 Fimbrias
2581 730 2774 782 autem
2820 700 3115 788 faciebant
3147 728 3205 787 in
3236 700 3489 791 summis
3515 731 3696 793 vestio

310 791 475 864 νόμου
547 791 788 874 ὶντοΑὰς,
861 800 950 853 καὶ
976 797 1205 855 ἆτίθεσαν
1263 802 1323 857 τὸ
1368 823 1466 873 μεν
1495 802 1549 858 ἓν
1576 805 1663 860 ὶπὶ
1693 807 1786 862 τοῦ
1828 826 1956 877 μετ-

2047 803 2176 876 bus,
2216 802 2495 867 violaceis
2526 816 2584 868 et
2607 810 2903 872 coccineis
2935 812 3133 873 clavis.
3188 815 3258 877 Et
3299 818 3411 879 hoc
3443 819 3691 882 invene-

308 879 461 935 ώπου
511 883 703 946 αὒτῶν,
784 889 843 940 τὸ
876 883 931 941 δὲ
961 885 1137 964 ἕτερον
1188 887 1425 968 ἐκρέμων
1482 890 1566 947 ἐπὶ
1617 897 1715 959 τῆς
1768 891 1955 959 δεξιᾶς·

308 967 377 1023 τὰ
445 968 500 1024 δε
529 971 799 1048 κράσπεδα
828 974 1036 1032 ἐποίουν
1068 975 1153 1033 ἐπὶ
1192 984 1297 1033 τῶν
1344 976 1518 1055 ἄκρων
1562 988 1667 1037 τῶν
1712 984 1959 1059 ἱματίων,

310 1057 578 1115 ὑακίνθινά
648 1082 764 1117 τινα
823 1062 859 1131 ἦ
914 1067 1132 1121 κόκκινα
1191 1065 1480 1141 κλώσματα
1511 1069 1630 1125 οἷον
1682 1057 1957 1147 κροσσούςλ

312 1148 413 1202 Καὶ
474 1159 629 1207 τοῦτο
685 1147 739 1206 δὲ
797 1150 851 1206 ἒν
892 1158 971 1226 τῷ
1001 1154 1148 1227 νόμῳ
1177 1158 1325 1225 εὗρον
1354 1156 1620 1237 κείμενον,
1656 1155 1748 1215 ’ίνα
1788 1161 1958 1237 ὁρῶν-

309 1254 399 1297 τες
471 1237 625 1310 αὖτὰ,
658 1240 737 1314 μὴ
777 1239 1222 1300 ὶπιλανθανωνται
1267 1250 1371 1301 τῶν
1411 1244 1639 1302 ἐντολῶν
1681 1254 1773 1303 τοῦ
1803 1255 1953 1306 Θεοὺ.

312 1314 371 1380 Ὀ
420 1322 473 1379 δὲ
531 1328 658 1393 Θεὸς
690 1331 749 1385 οὗ
789 1337 944 1386 τοῦτο
982 1328 1249 1405 ἐϐούλετο,
1282 1332 1419 1389 ἀλλὰ
1447 1336 1508 1390 τὸ
1552 1336 1651 1409 μὲν
1696 1335 1845 1416 ἔχειν
1876 1336 1959 1393 ἐπὶ

306 1416 408 1478 τῆς
469 1417 651 1493 χειρὸς
707 1418 769 1472 τὸ
825 1417 1205 1498 φυλακτήριον,
1267 1421 1522 1496 ἐσήμαινε
1552 1426 1612 1480 τὸ
1654 1422 1765 1480 δεῖν
1796 1425 1957 1503 ἐργά-

304 1503 483 1571 ζεσθαι
540 1505 633 1566 τὰς
686 1504 924 1571 ἐντολάς·
1000 1510 1060 1564 τὸ
1110 1507 1165 1565 δὲ
1198 1510 1418 1566 κόκκινα
1450 1511 1591 1567 εἶναι
1616 1514 1681 1568 τὰ
1708 1513 1955 1591 κρασπε-

2043 903 2174 953 rant
2202 895 2259 955 in
2292 895 2447 974 lege,
2477 907 2544 959 ut
2585 898 2855 960 videntes
2886 900 3008 973 illa,
3047 920 3162 964 non
3201 904 3695 970 obliviscerentur

2050 983 2451 1075 mandatorum
2476 984 2605 1049 Dei.
2632 988 2706 1047 At
2726 986 2881 1049 Deus
2908 989 3019 1050 hoc
3046 991 3305 1073 nolebat,
3338 997 3443 1056 sed
3463 996 3692 1075 juben-

2045 1069 2131 1163 do‘
2171 1071 2330 1163 ferre
2372 1092 2553 1153 super
2597 1094 2833 1136 manum
2867 1069 3317 1157 phylacterium',
3357 1069 3694 1163 signiﬁcare

2047 1158 2275 1248 volebat
2307 1164 2579 1223 mandata
2613 1166 2845 1243 operari
2900 1183 3001 1227 eos
3045 1178 3346 1248 oportere.
3390 1158 3502 1233 Per
3549 1194 3696 1236 coc-

2044 1245 2243 1308 cineas
2292 1257 2488 1343 autem
2515 1252 2806 1343 ﬁmbrias
2857 1245 3196 1319 declarabat
3237 1261 3393 1339 quod
3426 1271 3696 1343 oporteat

2044 1354 2151 1396 nos
2173 1338 2463 1411 sanguine
2513 1339 2749 1401 Domini
2780 1342 3027 1419 signari.
3088 1344 3178 1407 Illi
3220 1338 3357 1409 vero
3400 1338 3697 1414 faciebant

2044 1424 2403 1503 phylacteria
2441 1447 2650 1506 magna
2694 1438 2749 1490 et
2796 1431 3081 1513 ﬁmbrias,
3132 1443 3194 1495 ut
3222 1435 3560 1502 videntibus
3591 1441 3694 1503 illa

2042 1524 2366 1593 appareant
2411 1515 2821 1579 observatores
2853 1537 2986 1582 esse
3013 1521 3181 1601 legis.

313 1588 403 1662 δα,
435 1589 624 1662 ἒδήλου
679 1594 759 1650 ὅτι
831 1594 915 1653 δεῖ
981 1600 1126 1674 ἡμᾶς
1196 1607 1275 1674 τῷ
1333 1600 1525 1674 α’ἷματι
1586 1609 1677 1658 τοῦ
1736 1609 1964 1678 Χριστοῦ
2036 1608 2403 1676 σημειοῦσθαι³
2480 1608 2674 1663 ἐκεῖνοι
2700 1607 2753 1663 δὲ
2786 1610 2995 1669 ἐποίουν
3028 1615 3092 1667 τὰ
3121 1634 3178 1668 τε
3221 1614 3556 1696 φυλακτήρια
3588 1644 3691 1695 με·

365 1679 404 1696 η
551 1685 563 1696 .
639 1683 651 1696 .
778 1685 789 1696 ,
905 1684 927 1696 -
1019 1688 1043 1696 _
1161 1686 1239 1696 -.-
1565 1690 1595 1696 --
2103 1694 2110 1696 Α

311 1679 452 1756 γάλα
481 1685 567 1737 καὶ
599 1683 665 1738 τὰ
693 1684 987 1763 κράσπεδα,
1019 1688 1111 1743 ἵνα
1155 1686 1342 1755 δόξωσι
1374 1690 1740 1769 νομοιρύλακες
1772 1696 1912 1748 εἶναι
1945 1705 2061 1753 τοῖς
2094 1694 2253 1771 ὀρῷσι
2300 1702 2489 1755 ταῦτα,

396 1791 420 1823 ε
486 1770 711 1827 Φιλοῦσι
765 1772 820 1829 δὲ
893 1776 991 1842 τὴν
1022 1776 1409 1857 πρωτοκλισίαν
1440 1778 1493 1834 ἐν
1538 1794 1654 1845 τοῖς
1712 1779 1963 1855 δείπνοις,
1992 1790 2027 1838 Β

305 1858 395 1913 καὶ
452 1860 546 1922 τὰς
634 1862 1082 1943 πρωτοκαθεδρίας
1143 1866 1198 1921 έν
1264 1880 1387 1931 ταῖς
1442 1882 1804 1946 συναγωγαῖς,
1868 1872 1956 1925 καὶ

304 1948 429 2012 τοὺς
503 1950 817 2024 ἀσπασμοὺς
847 1952 902 2009 έν
957 1956 1084 2019 ταῖς
1128 1956 1374 2035 ἀγοραῖς,
1422 1957 1509 2012 καὶ
1555 1957 1829 2014 καλεῖσθαι
1858 1961 1959 2014 ὑπὸ

302 2044 411 2092 τῶν
465 2038 747 2118 ἀνθρώπων
794 2040 1003 2111 Ῥαὸϐὶ,
1047 2035 1250 2117 Ῥαόὅὶ.
1292 2070 1316 2098 n
1354 2042 1517 2101 Βαϐαί
1551 2045 1565 2105 !
1602 2050 1719 2103 οἷον
1761 2046 1902 2125 λέγει
1936 2068 1951 2127 ς

308 2128 457 2183 Διότι
515 2130 613 2205 γὰρ
674 2130 906 2208 φιλοῦσι,
958 2130 1041 2187 διὰ
1110 2140 1266 2190 τοῦτο
1298 2135 1720 2212 κατακρίνονται.
1758 2136 1817 2191 Εἰ
1846 2134 1898 2190 δὲ
1929 2139 1956 2191 6

307 2217 476 2290 μόνον
504 2217 671 2295 φιλῶν
720 2221 815 2288 τὴν
861 2221 1250 2299 πρωτοκλισίαν
1293 2222 1537 2301 ψέγεται,
1583 2225 1613 2279 6
1644 2224 1733 2279 καὶ
1784 2225 1956 2280 πάντα

304 2308 554 2385 πράττων
604 2308 733 2385 ὑπὲρ
788 2311 1008 2388 ταύτης,
1041 2311 1180 2374 τίνος
1224 2310 1366 2375 ἄξιος
1414 2330 1430 2389 ;
1470 2335 1493 2367 ε
1537 2315 1633 2370 Καὶ
1660 2314 1755 2375 τὰς
1802 2336 1954 2393 πρω-

301 2396 639 2475 τοκαθεδρίας
688 2398 743 2454 ἐν
773 2413 895 2461 ταῖς
927 2414 1287 2477 συναγωγαῖς⁶
1328 2421 1353 2457 ι
1388 2400 1508 2457 ἔνθα
1540 2400 1744 2475 μᾶλλον
1785 2405 1955 2482 ὤφει-

301 2484 396 2542 λον
468 2488 556 2542 καὶ
614 2488 732 2551 νοὸς
791 2486 979 2552 ἄλλους
1020 2487 1280 2545 διδάσκειν
1322 2504 1790 2571 παπεινοιρρονεῖν,
1838 2491 1953 2548 ἐκεῖ

301 2575 452 2631 αὐτοὶ
540 2576 735 2631 ἐκεῖνοι
813 2574 1180 2656 διεφθείροντο,
1275 2580 1453 2635 Πάντα
1508 2581 1608 2658 γὰρ
1700 2579 1952 2658 ἔπραττον

305 2665 442 2743 ὑπὲρ
509 2662 687 2730 δόξης⁵
734 2668 822 2721 καὶ
877 2676 1038 2726 ταῦτα
1070 2668 1387 2745 πράττοντες
1419 2672 1513 2727 οὒκ
1556 2668 1947 2748 ἐπῃσχύνοντο,

302 2752 446 2809 ἀλλὰ
502 2752 705 2829 μᾶλλον
765 2754 956 2823 ἤθελον
999 2754 1275 2812 καλεῖσθαι
1334 2748 1532 2831 Ῥαϐὅὶ,
1570 2749 1766 2832 Ῥαὸὄὶ,
1794 2780 1951 2815 τουτ-

309 2843 452 2917 έστι,
487 2840 812 2901 διδάσκαλοι.

396 2954 421 2986 ε
492 2924 676 3006 ’Υμεῖς
747 2931 801 2989 δὲ
860 2935 938 3008 μὴ
990 2933 1225 3002 κληθῆτε
1272 2925 1473 3005 Ῥαόϐὶ,
1520 2938 1603 2999 εἷς
1654 2937 1754 3014 γαρ
1816 2936 1958 2992 ἔστιν

2132 1782 2310 1843 Vens.
2346 1783 2405 1855 6,
2437 1784 2498 1846 7.
2543 1808 2562 1837 ο
2600 1784 2933 1867 Amantque
2993 1790 3214 1869 primos
3272 1793 3579 1855 accubitus
3631 1797 3693 1858 in

2043 1870 2322 1944 caanis,et
2351 1872 2572 1949 primas
2604 1875 2913 1936 cathedras
2946 1877 3007 1937 in
3041 1879 3372 1958 synagogis,
3399 1891 3457 1943 et
3480 1882 3694 1947 saluta-

2045 1958 2234 2055 tiones
2292 1959 2365 2055 in_
2404 1960 2553 2037 foro,
2599 1964 2895 2055 e-t‘vocari
2935 1965 3011 2055 ab
3070 1967 3413 2031 hominibus
3470 1972 3689 2055 Rabbi,

2041 2045 2251 2138 Itabbi.
2290 2073 2316 2103 κ
2346 2051 2519 2138 Papae
2543 2051 2681 2130 quid
2714 2052 2903 2113 dicit?
2932 2053 3159 2117 Idcirco
3190 2045 3690 2138 condemnamur,

2041 2136 2176 2215 quia
2201 2146 2419 2200 amant.
2456 2137 2625 2210 Quod
2656 2140 2704 2199 si
2737 2141 2926 2201 solum
2960 2161 3166 2205 amans
3198 2147 3423 2225 primos
3450 2136 3693 2212 accubi4

2040 2234 2133 2284 tus
2165 2226 2624 2320 condemnatur,
2656 2230 2757 2307 qui
2778 2229 2925 2320 nihil
2960 2250 3076 2292 non
3101 2234 3236 2295 facit
3267 2252 3370 2314 pro
3402 2236 3544 2312 illis,
3578 2259 3694 2320 qua

2041 2314 2545 2377 condemnatione
2582 2318 2823 2394 dignus?
2858 2349 2882 2379 α
2908 2319 2979 2381 Et
3008 2323 3232 2400 primas
3287 2314 3614 2390 cathedras
3632 2329 3694 2390 in

2040 2404 2373 2482 synagogis;
2411 2429 2433 2462 ιι
2466 2405 2564 2465 ubi
2599 2407 2783 2485 magis
2806 2409 3106 2471 debebant
3133 2410 3352 2473 docere
3382 2414 3531 2477 alios
3578 2418 3695 2478 hu-

2045 2491 2380 2586 militatem,
2408 2512 2478 2555 eo
2509 2494 2639 2555 loco
2663 2496 2747 2555 illi
2772 2496 2885 2575 ipsi
2921 2499 3127 2577 majori
3156 2500 3305 2560 fastu
3339 2521 3693 2586 corrumpe-

2042 2579 2277 2644 bantur.
2348 2582 2561 2644 Omnia
2626 2586 2782 2645 enim
2846 2605 2950 2665 pro
3011 2590 3199 2663 gloria
3257 2579 3598 2669 faciebant;
3635 2604 3694 2655 et

2041 2670 2165 2730 haec
2216 2672 2500 2733 tacientes
2559 2691 2676 2742 non
2733 2675 3280 2750 confundebantur,
3314 2678 3417 2739 sed
3451 2680 3689 2743 interim

2046 2760 2245 2818 vocari
2276 2760 2550 2820 volebant
2584 2760 2718 2820 124
2765 2760 2976 2835 Rabbi,
3006 2762 3218 2837 Rabbi,
3252 2765 3363 2826 hoc
3393 2776 3503 2842 est,
3538 2770 3687 2831 doc-

2041 2856 2221 2907 tores.

2123 2938 2295 2998 Vens.
2332 2938 2509 3001 8-12.
2555 2964 2575 2994 ι
2612 2941 2727 3000 Vos
2755 2948 2953 3001 autem
2987 2941 3167 3003 nolite
3216 2943 3409 3014 vocari
3442 2943 3633 3006 Babbi
3668 2962 3682 3007 :

306 3021 455 3095 ὑμῶν
486 3023 513 3077 6
542 3020 881 3103 διδασκαλος,
928 3025 956 3080 6
1004 3024 1248 3100 Χριστός
1285 3023 1477 3086 πάντες
1509 3022 1565 3079 δὲ
1608 3026 1763 3096 ὑμεῖς
1795 3023 1954 3081 ἀδελ·-

2047 3043 2197 3086 unus
2225 3038 2316 3089 est
2346 3028 2503 3087 enim
2553 3028 2836 3107 magister
2867 3037 3081 3102 vester,
3134 3049 3352 3112 nempe
3398 3033 3686 3114 Christus,

303 3111 391 3191 φοί
447 3112 585 3176 έστε,
652 3116 749 3172 Καὶ
808 3114 1007 3192 πατέρα
1058 3116 1136 3189 μὴ
1192 3113 1454 3181 καλέσητε
1510 3116 1657 3190 ὑμῶν
1709 3114 1794 3172 ἐπὶ
1861 3122 1956 3182 της

2047 3132 2254 3176 omnes
2280 3124 2473 3177 autem
2509 3135 2610 3177 vos
2658 3118 2868 3178 fratres
2912 3118 3073 3178 estis.
3127 3119 3197 3180 Et
3245 3111 3472 3200 patrem
3505 3111 3688 3184 nolite

302 3205 431 3280 γῆς,
468 3206 550 3265 εἷς
580 3204 681 3280 γὰρ
709 3204 852 3259 ἔστιν
894 3206 923 3259 6
969 3204 1148 3282 Πατὴρ
1189 3204 1335 3278 ὓμῶν
1379 3206 1407 3259 6
1435 3206 1491 3260 ἓν
1521 3216 1640 3268 τοῖς
1684 3208 1953 3283 ούρανοῖς,

2047 3219 2252 3264 vocare
2283 3204 2451 3265 vobis
2479 3224 2664 3286 super
2689 3215 2903 3267 terram
2940 3220 2953 3266 :
2991 3227 3143 3269 unus
3184 3223 3275 3269 εει
3324 3210 3483 3271 enim
3520 3214 3690 3272 Pater

310 3288 458 3357 ὶίηδὶ
513 3290 745 3360 κληθῆτε
802 3292 1138 3378 καθηγηταίξ
1189 3292 1275 3357 εἷς
1350 3293 1450 3371 γὰρ
1504 3292 1645 3349 ἔστιν
1713 3295 1860 3369 ὑμῶν
1929 3296 1956 3349 6

2047 3301 2253 3364 vester,
2304 3294 2403 3373 qui
2437 3293 2497 3354 in
2529 3296 2697 3356 ccelis
2723 3304 2829 3357 est.
2868 3293 2990 3357 Nec
3029 3297 3326 3359 vocemini
3377 3299 3685 3378 magistri:

305 3382 642 3461 καθηγητὴς,
714 3384 742 3437 6
812 3382 1057 3466 _Xptc‘:6c.
1123 3371 1182 3439 ’0
1230 3378 1285 3437 6‘s
1353 3383 1547 3457 μείζων
1607 3384 1753 3459 ὑμῶν
1810 3382 1953 3440 ἔσται

2047 3400 2193 3442 unus
2215 3371 2374 3443 enim
2407 3392 2496 3443 est
2518 3388 2799 3463 magister
2815 3395 3258 3466 vester,nempe
3281 3371 3686 3460 ChristusQui

304 3471 453 3544 ὑμῶν
511 3469 774 3533 διάκονος.
823 3462 1025 3533 ’Ὅστις
1055 3468 1108 3525 δὲ
1137 3470 1339 3545 ὒψώσει
1372 3471 1582 3546 ἑαυτὸν,
1619 3473 1957 3541 ταπεινωθή-

305 3580 479 3633 σεται,
550 3561 637 3615 καὶ
693 3560 836 3623 ὅστις
892 3560 1208 3616 ταπεινώσει
1259 3560 1467 3633 ἑαυτὸν,
1518 3562 1879 3635 ὑψωθήσεται.
1916 3583 1937 3618 ε

308 3651 380 3707 0'3
433 3648 625 3705 κωλύει
682 3652 709 3704 6
766 3652 987 3728 Χριστὸς
1052 3652 1114 3705 τὸ
1157 3646 1434 3705 καλεῖσθαί
1460 3671 1578 3706 τινα
1609 3648 1945 3721 δικάσκαλον,

310 3736 444 3793 ἀλλὰ
494 3740 553 3793 τὸ
612 3738 863 3812 ἐμπαθῶς
918 3737 1087 3795 θέλειν
1143 3737 1444 3807 καλεῖσθαι,
1478 3740 1565 3796 καὶ
1622 3740 1792 3795 πάντα
1822 3740 1950 3817 τρό-

307 3850 410 3884 πον
464 3826 770 3898 σπουδάζειν
830 3830 901 3891 εἰς
945 3830 1006 3883 τὸ
1075 3826 1360 3895 κληθῆναι.
1395 3829 1465 3885 T6
1511 3830 1611 3906 γὰρ
1638 3827 1951 3885 διδασκαλι-
1986 3884 1989 3885 ,

306 3918 402 3973 κὸν
459 3914 663 3991 ἀξίωμα
720 3918 869 3991 μόνῳ
927 3918 1177 3994 πρόσεστι
1234 3918 1425 3995 κυρίως
1466 3922 1604 3990 Θεῷ.
1668 3918 1872 3995 Πατέρα
1902 3917 1955 3974 δὲ

307 4006 385 4081 μὴ
456 4005 745 4079 καλέσητε,
778 4005 973 4084 λέγων,
1033 4009 1091 4064 οὗ
1123 4004 1315 4062 κωλὺει
1344 4007 1443 4073 τὴν
1464 4009 1594 4085 πρὸς
1623 4009 1744 4070 τοὺς
1775 4019 1953 4087 γονεῖς

306 4097 492 4175 τιμὴν,
550 4094 664 4152 έπεὶ
721 4094 859 4152 θέλει
907 4097 1054 4170 ἡμᾶς
1121 4100 1279 4170 τιμᾷν
1306 4096 1426 4157 τοὺς
1458 4110 1660 4175 γονεῖς,
1713 4100 1799 4153 καὶ
1844 4099 1953 4173 μά-

308 4185 463 4243 λιστα
532 4185 653 4248 τοὺς
711 4185 1100 4259 πνευματικοὺς
1160 4184 1415 4262 πατέρας,
1449 4182 1585 4240 ἀλλὰ
1615 4186 1745 4264 πρὸς
1772 4187 1833 4241 τὸ
1862 4189 1951 4242 τὸν

308 4273 481 4341 ἀληθῆ
543 4273 750 4351 Πατέρα
820 4274 1230 4352 ὶπιγινώσκειν,
1302 4271 1542 4328 τουτέστι
1640 4273 1729 4328 τὸν
1799 4277 1948 4344 Θεὸν,

308 4362 508 4440 ἐνάγει·
567 4363 755 4429 κυρίως
812 4363 919 4441 γὰρ
972 4362 1149 4440 πατὴρ
1199 4362 1228 4416 6
1258 4360 1412 4423 Θεός.
1446 4362 1505 4418 Οἱ
1536 4358 1589 4438 δε
1637 4365 1946 4437 σωματικοὶ,

2043 3472 2228 3549 major
2259 3481 2347 3531 est
2381 3473 2791 3547 vestrum,erit
2823 3483 3015 3536 vester
3046 3475 3459 3548 minister.Qui
3489 3484 3686 3537 autem

2030 3577 2097 3625 se.
2121 3561 2480 3640 exaltaverit,
2506 3561 3003 3624 humiliabitur:et
3033 3565 3130 3643 qui
3160 3581 3226 3625 se
3259 3564 3681 3638 humiliaverit,

2032 3649 2407 3711 exaltabitur.
2438 3673 2465 3705 ι
2500 3647 2630 3711 Non
2663 3651 2943 3729 prohibet
2965 3651 3230 3713 Christus
3257 3652 3450 3713 vocari
3482 3672 3690 3733 quem-

2037 3737 2194 3817 piam
2255 3738 2618 3819 magistrum,
2644 3740 2746 3799 sed
2775 3750 2930 3799 tanta
2971 3741 3289 3800 affectione
3322 3743 3434 3801 velt
3469 3744 3684 3818 vocari,

2039 3836 2097 3890 et
2124 3828 2398 3889 omnibus
2432 3829 2623 3888 modis
2664 3846 2873 3888 curare
2905 3836 2966 3888 ut
2998 3832 3073 3888 ita
3104 3838 3366 3890 vocetur.
3423 3828 3689 3891 Docendi

2040 3916 2197 3977 enim
2232 3917 2483 3994 dignitas
2507 3917 2743 3997 proprie
2774 3917 2957 3978 solius
2975 3926 3063 3976 est
3084 3915 3453 3978 Dei.Patrem
3487 3929 3686 3978 autem

2040 4023 2113 4067 ne
2147 4005 2628 4079 vocetisdicens,
2650 4025 2765 4066 non
2800 4007 3072 4087 prohibet
3095 4006 3381 4067 honorem
3420 4007 3686 4086 parenti-

2042 4094 2150 4155 bus
2175 4093 2464 4173 debitum,
2514 4097 2651 4175 quia
2682 4096 2805 4156 vult
2839 4115 2945 4156 nos
2994 4095 3262 4156 venerari
3324 4102 3602 4175 parentes
3628 4112 3691 4163 et,

2040 4183 2294 4245 maxime
2327 4184 2662 4263 Spirituales
2695 4196 2912 4264 patres,
2947 4185 3051 4245 sed
3086 4184 3315 4244 inducit
3367 4193 3431 4245 ut
3478 4202 3679 4246 verum

2041 4276 2274 4337 Patrem
2307 4291 2714 4352 agnoscamus,
2760 4275 2872 4334 hoc
2922 4284 3035 4347 est,
3087 4272 3299 4335 Deum.
3336 4274 3491 4335 Deus
3525 4274 3686 4335 enim

2043 4364 2281 4442 proprie
2315 4373 2479 4441 pater
2507 4371 2615 4423 est.
2654 4363 2934 4424 Carnales
2963 4360 3124 4423 enim
3164 4380 3279 4421 non
3311 4370 3448 4422 sunt
3476 4373 3687 4425 aucto-

308 4452 401 4508 οὗκ
455 4450 621 4507 αἴτιοι
650 4456 750 4519 τῆς
780 4452 1104 4529 γεννήσεως,
1132 4446 1251 4506 ἀλλ’
1279 4450 1527 4529 ὑπουργοὶ
1558 4454 1644 4507 καὶ
1676 4453 1949 4513 συναίτιοι,

2047 4470 2137 4511 res
2194 4451 2531 4523 nativitatis,
2578 4449 2683 4510 sed
2741 4451 3070 4529 cooperarii
3105 4458 3164 4510 et
3193 4450 3472 4511 ministri.
3500 4454 3684 4513 Porro

314 4541 571 4620 Δεικνύων
640 4538 695 4595 δὲ
752 4542 813 4595 τὸ
884 4538 1062 4617 κέρδος
1114 4539 1208 4606 τῆς
1255 4541 1759 4617 ταπεινοφροσύνης,
1802 4542 1957 4620 φησὶν

310 4630 417 4711 ὅτι,
466 4617 496 4681 ⁷
488 4639 529 4687 0
572 4630 764 4705 μείζων
806 4630 955 4705 ὑμῶν
985 4627 1181 4708 ὀφείλει
1212 4628 1356 4684 εἶναι
1399 4629 1547 4703 ὑμῶν
1603 4626 1841 4694 διάκονος
1872 4631 1957 4686 καὶ

310 4720 567 4801 ἔσχατος.
616 4710 730 4782 "Oc
761 4740 861 4798 γαρ
886 4717 1085 4793 ὑψώσει
1119 4718 1306 4774 ἑαυτὸν
1336 4718 1528 4784 οἰηθεὶς
1580 4718 1723 4775 εἷναί
1749 4740 1822 4793 τι,
1855 4741 1955 4776 ται

308 4810 717 4881 πεινωθήσεται,
767 4806 1196 4887 ἐγκαταλειφθεὶς
1228 4807 1328 4862 ὑπὸ
1357 4815 1447 4864 τοῦ
1480 4815 1633 4867 Θεοῦ.

400 4920 423 4954 ε
461 4897 587 4956 Οὖαὶ
644 4896 697 4954 δὲ
740 4900 892 4974 ὑμῖν,
927 4903 1269 4975 Γραμματεϊς
1300 4898 1388 4954 καὶ
1416 4904 1708 4977 Φαρισαῖοι
1734 4900 1954 4979 ὑποκρι-

312 4990 419 5060 ταὶ,
495 4987 576 5043 ὅτι
633 4988 929 5044 κατεσθίετε
970 4988 1065 5050 τὰς
1108 4987 1274 5048 οἶκιας
1303 4987 1408 5043 τῶν
1451 4994 1663 5067 χηρῶν,
1693 4990 1779 5045 καὶ
1815 5012 1952 5067 προ-

314 5078 469 5157 φάσει
542 5077 716 5157 μακρᾶ
768 5076 1217 5155 προσευχόμενοι,
1252 5072 1337 5130 διὰ
1366 5082 1519 5132 τοῦτο
1561 5075 1794 5152 λήψεσθε
1851 5099 1950 5134 πε-

314 5165 616 5247 ρισσότερον
662 5180 854 5246 κρῖμα.
907 5188 935 5219 ι
1000 5158 1316 5241 ’Υποκριτᾶς
1368 5166 1580 5228 τούτους
1647 5165 1827 5242 καλεῖ,
1883 5170 1956 5230 ὡς

313 5254 803 5335 ἐπαγγελλομένους
891 5250 1164 5313 εὐλάϐειαν
1247 5256 1337 5311 καὶ
1417 5253 1584 5331 μηδὲν
1681 5264 1956 5319 ποιοῦντας

315 5344 457 5411 ἄξιον
510 5347 607 5412 τῆς
678 5342 1027 5422 έπαγγελίας,
1071 5342 1211 5400 ἀλλὰ
1265 5346 1521 5424 προφάσει
1581 5347 1675 5402 τοῦ
1727 5348 1955 5425 προσεύ-

312 5436 501 5514 χεσθαι
561 5434 760 5509 μακρὰ,
820 5432 1088 5489 τουτέστιν
1157 5432 1243 5489 έπὶ
1298 5432 1461 5490 πολύν
1502 5436 1711 5514 καιρόν,
1762 5457 1955 5493 κατεσ-

313 5524 519 5583 θίοντας
579 5523 638 5577 τὸ
683 5529 787 5578 τ·ἷ›ν
831 5522 1022 5601 χηρῶν
1066 5523 1345 5600 χρήματα.
1381 5530 1467 5596 Τῷ
1495 5522 1604 5579 ὅντι
1632 5526 1731 5601 γὰρ
1764 5525 1957 5600 ὲμπα”·

312 5634 433 5667 nm
518 5611 681 5683 ἦσαν,
767 5616 1162 5688 καταγελῶντες
1262 5615 1366 5667 τῶν
1438 5610 1801 5693 ὰπλουστερων
1871 5619 1959 5672 καὶ

2043 4542 2269 4601 lucrum
2304 4539 2654 4600 humilitatis
2684 4538 2957 4600 indicans
2989 4538 3136 4600 dicit
3169 4558 3183 4601 :
3217 4539 3328 4609 Qui
3375 4540 3565 4618 major
3595 4532 3686 4600 est

2041 4638 2326 4699 vestrum,
2362 4627 2544 4689 debet
2584 4646 2718 4690 esse
2773 4635 2972 4689 vester
3026 4628 3296 4688 minister
3324 4640 3384 4689 et
3417 4628 3682 4699 ultimus.

2040 4716 2147 4789 Qui
2180 4716 2340 4778 enim
2376 4716 2715 4778 exaltaverit
2742 4717 3156 4796 semetipsum,
3190 4716 3412 4796 aliquid
3457 4736 3522 4778 se
3552 4735 3688 4780 esse

2042 4816 2229 4875 ratus,
2266 4805 2682 4867 humiliabitur
2708 4806 3029 4867 derelictus
3058 4824 3092 4866 a
3116 4806 3260 4867 Deo.

2120 4893 2304 4957 Vens.
2348 4894 2437 4957 l4.
2484 4916 2508 4949 ι
2541 4893 2643 4956 Vae
2673 4904 2869 4956 autem
2902 4894 3097 4970 vobis,
3127 4894 3351 4957 Scribze
3385 4903 3442 4955 et
3472 4893 3684 4956 Phari-

2041 4984 2141 5044 saei
2172 4984 2515 5063 hypocrita,
2553 4984 2688 5063 quia
2731 4984 3043 5046 comeditis
3092 4985 3303 5045 domos
3356 4983 3680 5059 viduarum,

2042 5073 2180 5133 dum
2214 5074 2324 5133 sub
2359 5081 2644 5153 praetextu
2709 5074 2988 5153 precibus
3031 5072 3273 5154 prolixis
3303 5074 3631 5154 precamini
3664 5093 3679 5134 :

2043 5170 2285 5241 propter
2316 5162 2428 5221 hoc
2461 5161 2593 5242 plus
2622 5161 2937 5241 accipietis
2966 5162 3387 5223 damnationis.
3430 5186 3452 5221 ε
3492 5164 3686 5243 Hypo-

2042 5250 2219 5311 critas
2248 5250 2356 5311 hos
2387 5260 2578 5324 vocat,
2609 5259 2670 5311 ut
2701 5251 3110 5330 promittentes
3160 5251 3465 5333 pietatem,
3496 5262 3557 5314 et
3585 5251 3684 5312 ni-

2043 5339 2124 5399 hil
2157 5339 2551 5419 promissione
2581 5339 2823 5416 dignum
2854 5339 3139 5401 facientes
3171 5356 3184 5400 :
3222 5340 3327 5401 sed
3363 5350 3687 5420 praetexen—

2042 5438 2128 5489 tes
2156 5447 2219 5489 se
2252 5429 2485 5507 precari
2538 5432 2798 5506 longum,
2834 5430 2947 5490 hoc
2979 5438 3087 5503 est,
3153 5430 3336 5491 multo
3389 5440 3681 5508 tempore,

2041 5519 2325 5580 devorant
2351 5518 2656 5579 viduarum
2692 5519 3018 5580 facultates.
3052 5516 3135 5578 Re
3162 5526 3356 5578 autem
3387 5519 3513 5598 ipsa
3539 5518 3682 5579 illu-

2043 5627 2209 5675 sores
2254 5616 2412 5676 sunt,
2449 5625 2515 5669 ac
2545 5608 2823 5668 derident
2855 5607 3273 5687 simpliciores,
3304 5616 3359 5669 et
3389 5615 3683 5687 exsugunt
