4144 6212
272 368 371 433 401

860 375 1304 439 ENARRATIO
1331 377 1412 439 IN
1457 370 1912 439 EVANGBLIU

2016 372 2416 435 MATTHEI.
2462 406 2541 418 —
2582 371 2747 434 CAP.
2820 371 3040 435 XXIII.

3510 372 3633 450 402

272 520 375 568 τος,
438 499 565 555 εἶτα
622 501 941 579 ὶπιώρκησε,
988 501 1352 575 κατεδικάζετο
1396 506 1461 563 τὰ
1496 505 1590 563 ἴσα
1636 508 1904 570 ὰποτίσαι,

1997 506 2382 583 praeferebant
2411 514 2652 589 propter
2672 505 2998 568 hostiarum
3021 506 3206 569 lucra.
3231 506 3397 581 Quod
3423 507 3472 569 si
3495 509 3634 590 quis

272 588 339 644 Τὸ
393 588 492 666 γὰρ
569 587 729 668 δῶρον
783 601 874 651 τοῦ
925 594 1289 670 θυσιαστηρίου
1346 598 1643 672 προετίμων
1702 599 1787 657 διὰ
1845 599 1911 655 τὰ

270 674 325 731 ἐκ
392 682 499 731 τῶν
585 683 770 736 θυσιῶν
796 751 806 757 _
828 679 1007 757 κέρδη.
1097 684 1153 739 Εἰ
1184 681 1238 738 δὲ
1269 685 1403 740 κατὰ
1435 696 1526 745 τοῦ
1556 700 1680 748 ναοῦ
1708 690 1909 765 ὀμόσας

270 764 622 844 ἐπιώρκησεν,
677 769 792 824 ἐπεὶ
862 775 954 829 οὐκ
1008 770 1233 837 ἠδυνατο
1288 774 1473 846 ὅμοιον
1500 784 1576 849 τῷ
1632 786 1742 853 ναῷ
1791 780 1909 834 κτί-

269 876 372 925 σαι,
447 854 535 911 διὰ
604 864 753 914 τοῦτο
785 858 1063 916 ἀπελύετο*
1109 862 1196 916 καὶ
1242 859 1407 918 ἐδόκει
1466 865 1652 922 λοιπὸν
1682 867 1911 947 ἐλαφρό-

266 964 409 1019 τερος
483 946 629 1001 εἶναι
660 950 686 1003 6
731 945 886 1025 ὅρκος
918 952 945 1004 6
991 952 1064 1013 είς
1094 951 1185 1005 τὸν
1208 952 1353 1025 ναὸν,
1401 950 1483 1008 διὰ
1516 955 1575 1010 τδ
1608 945 1911 1037 φιλοκερδὲς

267 1038 365 1087 τῶν
421 1036 752 1110 Φαρισαίων·
813 1037 897 1093 ἐπὶ
928 1038 1025 1113 μὲν
1058 1041 1146 1096 οὖν
1198 1045 1296 1107 τῆς
1362 1041 1619 1115 παλαιᾶς,
1679 1048 1741 1103 οὒ
1791 1068 1914 1123 συγ-

270 1136 441 1200 χωρεῖ
496 1126 525 1179 6
591 1128 815 1203 Χριστὸς
887 1134 1071 1198 μεῖζον
1113 1129 1255 1186 εἶναι
1300 1132 1361 1187 τὸ
1400 1129 1565 1208 δῶρον
1607 1142 1698 1192 τοῦ
1725 1138 1914 1191 θυσια-

267 1211 503 1285 στηρίου,
571 1212 655 1294 ἐφ’
738 1215 891 1290 ἡμῶν
990 1216 1044 1273 δὲ
1096 1220 1158 1275 τὸ
1231 1223 1596 1302 θυσιαστήριον
1653 1226 1755 1281 ὑπὸ
1806 1226 1913 1280 τῶν

271 1298 325 1318 η
511 1302 524 1319 η
614 1306 626 1323 Ι
898 1312 921 1323 ν
1321 1311 1332 1326 η
1489 1298 1497 1302 -

266 1319 440 1377 οωρων
500 1312 775 1382 αγιαζεται
851 1305 1076 1380 μαλλον·
1149 1311 1222 1371 εἷς
1280 1333 1378 1389 γαρ
1456 1314 1516 1369 τὸ
1591 1315 1914 1371 Δεσποτικὸν

266 1395 414 1462 σῶμα

265 1482 503 1556 στξριον.

346 1591 369 1625 σ
434 1575 566 1662 Οὔαὶ
622 1576 772 1655 ὑμῖν,
838 1582 1180 1654 Γραμματετς
1254 1581 1341 1636 καὶ
1370 1587 1654 1660 τιξαρισατοι
1687 1585 1911 1662 ὑποκρι-

265 1663 361 1727 ταὶ,
428 1660 510 1718 ὅτι
586 1662 971 1722 ἀποδεκατοῦτε
1026 1669 1087 1723 τὸ
1139 1667 1400 1744 ἡδύοσμον
1458 1674 1544 1727 καὶ
1602 1674 1663 1729 τὸ
1721 1670 1912 1739 ἄνηθον

267 1752 346 1805 καὶ
428 1754 490 1808 τὸ
548 1754 791 1827 κύμινον,
850 1757 936 1812 καὶ
1006 1756 1244 1837 ἀφήκατε
1302 1760 1367 1815 τὰ
1394 1761 1650 1839 βαρύτερα
1697 1773 1789 1821 τοῦ
1817 1764 1911 1819 νό-

267 1862 386 1919 μου,
458 1843 560 1910 τὴν
591 1845 758 1910 κρίσιν
786 1847 875 1900 καὶ
903 1846 992 1902 τὸν
1024 1845 1171 1904 ’έλεον
1200 1849 1288 1903 καὶ
1352 1850 1449 1916 τὴν
1507 1850 1706 1916 πίστιν,
1739 1859 1913 1908 Ταῦτα

266 1926 359 1985 ἔδει
409 1937 665 2002 ποιῆσαι,
721 1933 945 1989 κάκεῖνα
1018 1936 1096 2009 μὴ
1156 1936 1386 2016 ἀφιέναι·
1447 1936 1633 2016 ὁδηγοὶ
1703 1940 1911 2022 τυφλοὶ,

265 2022 305 2073 οἱ
374 2017 695 2091 διυλίζοντες
763 2025 857 2079 τὸν
924 2024 1179 2098 κώνωπα,
1238 2048 1336 2093 την
1380 2025 1435 2082 δὲ
1463 2028 1709 2103 κάμηλον
1738 2051 1912 2085 κατα*

263 2109 521 2175 πίνοντες,
594 2136 619 2167 ε
687 2111 851 2169 Πάλιν
906 2112 1140 2185 ὀνειδίζει
1202 2115 1392 2180 αὒτούς
1451 2119 1525 2179 ὡς
1626 2117 1908 2194 ἀνοήτους,

262 2197 388 2256 διότι
445 2207 553 2257 τῶν
617 2203 872 2275 μειζόνων
930 2203 1164 2261 εντολῶν
1196 2214 1673 2287 καταφρονοῦντες,
1708 2208 1760 2263 ἐν
1791 2222 1910 2272 τοῖς

262 2303 473 2367 μικροῖς
534 2290 755 2361 ἐζήτουν
813 2294 910 2361 τὴν
967 2291 1254 2371 ἀκρίϐειαν·
1310 2294 1423 2351 ουδὲ
1469 2297 1565 2364 τὴν
1626 2304 1721 2354 τοῦ
1749 2298 1911 2372 κυμί-

264 2402 347 2434 νου
406 2378 704 2436 δεκάτωσιν
753 2383 1111 2460 παρορῶντες,
1170 2382 1305 2439 ἄλλα
1371 2384 1588 2442 κάκεῖνο
1640 2384 1910 2443 ἀποδεκα-

268 2470 497 2532 τοῦντες·
557 2472 643 2525 καὶ
694 2470 747 2525 εἴ
831 2492 911 2533 τις
982 2473 1167 2535 αὖτοὺς
1202 2474 1585 2549 κατεμέμψατο
1614 2477 1685 2539 ὡς
1716 2498 1910 2554 μικρο-

266 2556 472 2634 λόγους,
554 2560 847 2639 προέφερον
882 2562 963 2617 ὃτι
1008 2564 1035 2617 6
1066 2562 1226 2637 νόμος
1258 2563 1411 2621 τοῦτο
1442 2564 1609 2642 λέγει,
1659 2575 1911 2644 Κρεῒττον

264 2643 315 2700 δὲ
372 2647 436 2714 ἦν
494 2653 587 2706 καὶ
642 2650 1063 2728 θεαρεστότερον,
1128 2652 1288 2720 είτὴν
1321 2653 1487 2729 κρίσιν
1516 2656 1603 2710 καὶ
1646 2643 1736 2710 τὸν
1768 2653 1913 2711 ἔλεον

266 2737 343 2791 καὶ
396 2738 495 2804 τὴν
556 2738 731 2793 πίστιν
775 2738 1026 2815 ἀπῄτουν
1058 2741 1199 2820 παρὰ
1256 2744 1350 2797 τοῦ
1378 2741 1531 2805 λαοῦ.
1567 2745 1653 2807 Τίς
1686 2741 1740 2800 δέ
1771 2744 1913 2801 ἐστιν

265 2826 295 2889 ἡ
351 2829 517 2902 κρίσις
551 2846 568 2905 ς
660 2830 731 2885 Τὸ
779 2826 947 2902 μηδὲν
975 2826 1150 2887 ἂδικον
1203 2832 1291 2887 καὶ
1320 2830 1513 2910 ἄλογον
1543 2846 1744 2912 ποιεῖν,
1776 2832 1912 2890 ἀλλᾶ

270 2914 431 2970 πάντα
485 2913 817 2992 κεκριμένως
874 2919 962 2973 καί
1037 2919 1179 3000 μετη
1234 2917 1417 2997 λόγου,
1473 2920 1668 2979 Αὐτίκα
1716 2922 1815 3000 γὰρ
1845 2927 1913 2999 τῇ

266 3004 421 3078 κρίσει
480 3002 672 3059 ἕπεται
726 3006 814 3061 καὶ
884 3008 911 3061 6
961 3005 1134 3071 ἔλεος.
1170 2999 1227 3065 Ὀ
1258 3010 1357 3087 γὰρ
1387 3008 1710 3087 κεκριμένως
1742 2999 1910 3067 ποιῶν

1994 614 2101 675 ρει·
2132 598 2414 677 templum
2438 598 2649 675 jurans
2674 596 3144 677 pejerasset,non
3164 597 3629 677 potuissetsimi-

1994 685 2050 746 le
2075 686 2293 766 templo
2324 686 2641 765 aediﬁcare,
2677 694 2735 746 et
2756 693 3066 765 propterea
3096 685 3629 762 absolvebatur,vi-

1995 774 2361 857 debaturque
2408 785 2609 855 postea
2657 775 2843 835 levius
2888 792 3022 835 esse
3075 777 3479 853 juramentum
3526 797 3633 857 per

1997 864 2306 945 templum,
2341 872 2583 945 propter
2611 863 3038 925 Pharisaeorum
3069 864 3396 925 avaritiam.
3430 865 3633 949 Itaque

1996 955 2055 1013 in
2084 954 2266 1015 veteri
2299 972 2413 1015 non
2446 952 2758 1033 permitttit
2790 951 3057 1015 Christus
3085 953 3303 1014 donum
3339 957 3527 1035 majus
3543 975 3633 1019 es-

1998 1059 2062 1102 se
2093 1041 2323 1103 altario.
2352 1042 2521 1121 Apud
2558 1060 2665 1102 nos
2690 1051 2887 1102 autem
2932 1040 3207 1102 altarium
3240 1062 3274 1104 a
3303 1043 3476 1105 donis
3503 1065 3632 1108 ma-

1996 1130 2085 1210 gis
2114 1138 2429 1193 sacratur:
2466 1149 2648 1211 panes
2691 1134 2850 1192 enim
2905 1130 2965 1191 in
3020 1132 3381 1193 dominicum
3422 1152 3637 1215 corpus

1995 1221 2192 1283 divina
2214 1221 2399 1301 gratia
2430 1228 2806 1285 convertetur
2836 1240 2852 1281 :
2886 1220 3021 1283 ideo
3056 1229 3115 1282 et
3144 1222 3541 1287 sanctiﬁcatur
3563 1224 3636 1288 ab

1995 1312 2082 1371 eis
2112 1310 2316 1372 altare.

517 1396 646 1450 αὗτὸ
738 1395 913 1452 έκεῖνο
989 1395 1406 1471 μεταϐάλλονται
1494 1402 1604 1474 θείᾳ
1703 1404 1886 1482 χάριτι
1959 1403 2003 1459 οἱ
2058 1398 2226 1479 ἄρτοι·
2290 1398 2370 1457 διὸ
2444 1402 2531 1457 καὶ
2585 1400 2856 1480 ἁγιάζεται
2935 1400 3036 1456 ὑπό
3091 1401 3290 1458 τούτων
3338 1403 3399 1459 τὺ
3451 1407 3636 1463 θυσια-

2077 1578 2391 1658 “3113.93,
2422 1578 2520 1642 24.
2564 1602 2590 1633 α
2616 1576 2720 1639 ναι
2769 1577 2958 1652 vobis,
2993 1577 3217 1642 Scribaa
3267 1588 3326 1642 et
3355 1582 3637 1648 Pharisei

1996 1668 2489 1749 hypocritm,quia
2518 1668 2829 1730 decimatis
2860 1669 3249 1739 mentham,et
3268 1673 3641 1743 anethum.et

1997 1760 2319 1839 cyminum,
2360 1766 2417 1818 et
2448 1756 2771 1837 reliquistis
2803 1776 2936 1836 quae
2965 1758 3234 1834 graviora
3283 1769 3419 1821 sunt
3462 1761 3633 1841 legis,

1938 1828 1973 1877 Β
1989 1828 2382 1928 Ῑιῖιῑὶεἰυηιέο
2414 1828 2883 1908 misericordiam
2916 1828 2979 1907 et
2996 1846 3199 1907 tidem.
3236 1846 3375 1910 ch
3402 1828 3638 1929 oporte;

1996 1938 2092 1998 bat
2124 1937 2341 2015 facere,
2375 1946 2433 1996 et
2464 1936 2563 1995 illa
2615 1954 2732 1996 non
2782 1935 3076 1996 omittere.
3111 1934 3305 1997 Duces
3333 1940 3497 2013 caci,
3533 1958 3638 2002 ex-

1995 2029 2259 2087 co'antes
2280 2024 2548 2099 calicem,
2581 2024 2871 2086 camelum
2896 2032 3092 2086 autem
3118 2026 3493 2104 glutientes.»
3516 2027 3638 2092 Ite-

1994 2132 2127 2175 rum
2157 2112 2428 2193 objurgat
2456 2132 2559 2175 eos
2590 2122 2652 2173 ut
2682 2113 3139 2192 insipientes,eo
3172 2114 3331 2193 quod
3363 2126 3636 2180 contem-

1996 2210 2211 2265 nentes
2241 2202 2517 2265 mandata
2539 2202 2855 2282 majora,in
2880 2202 3073 2282 parvis
3102 2203 3415 2283 diligentes
3446 2215 3633 2283 erant,

1997 2300 2057 2352 et
2086 2292 2315 2370 cymini
2346 2291 2802 2353 decimationem
2832 2310 2948 2352 non
2978 2293 3381 2374 negligebant,
3420 2296 3524 2357 sed
3561 2298 3640 2357 il-

1997 2379 2092 2440 lud
2127 2399 2365 2460 quoque
2395 2380 2891 2443 decimabant.Et
2928 2382 2976 2441 si
3000 2382 3131 2462 quis
3156 2383 3643 2461 reprehendisset

1994 2481 2061 2528 ut
2091 2488 2319 2549 parcos,
2360 2469 2759 2549 praetexebant
2790 2470 2977 2549 legem
3009 2473 3119 2533 hoc
3146 2472 3385 2535 docere.
3438 2474 3644 2537 Melius

1995 2567 2190 2619 autem
2225 2557 2431 2619 fuisset
2460 2576 2527 2618 ac
2560 2558 2695 2618 I26
2739 2559 2857 2620 Deo
2889 2560 3133 2638 gratius,
3165 2561 3213 2621 si
3238 2562 3531 2640 judicium
3584 2574 3645 2625 et

1999 2646 2467 2709 misericordiam
2488 2657 2545 2707 et
2576 2649 2752 2708 (idem
2788 2649 3150 2725 expetisseut
3178 2669 3210 2710 a
3242 2652 3641 2730 populo.Quid

1994 2745 2192 2798 autem
2224 2735 2667 2816 estjudicium‘l
2708 2735 2866 2798 Nihil
2911 2738 3196 2817 injustum
3237 2747 3295 2799 et
3319 2740 3643 2804 absurdum

1994 2825 2210 2898 facere,
2246 2828 2348 2887 sed
2380 2824 2581 2886 omnia
2610 2844 2742 2886 cum
2770 2825 2997 2903 judicio
3048 2835 3107 2887 et
3149 2827 3403 2889 ratione.
3434 2828 3642 2891 Statim

1995 2913 2152 2974 enim
2178 2913 2469 2993 judicium
2503 2913 2770 2993 sequitur
2788 2920 2847 2974 et
2877 2914 3310 2976 misericordia.
3334 2916 3447 2989 Qui
3478 2917 3638 2979 enim

1994 3002 2253 3065 discrete
2284 3002 2423 3063 facit
2450 3002 2671 3083 omnia,
2705 3002 2817 3063 scit
2847 3012 2905 3063 et
2941 3005 3096 3082 quod
3128 3003 3341 3066 debeat
3388 3006 3642 3070 misere-

266 3092 453 3170 πλίιιτα,
535 3091 655 3150 οἶδε
707 3096 793 3150 καὶ
862 3094 1003 3158 τίνας
1062 3099 1146 3152 ὁεϊ
1177 3095 1369 3154 ἐλεεῖν
1404 3106 1480 3173 τῷ
1503 3097 1556 3154 δὲ
1600 3097 1733 3171 ἐλέῳ
1777 3098 1908 3155 ἔπε-

1997 3093 2041 3152 ri
2069 3111 2081 3154 :
2118 3090 2588 3153 misericordiam
2622 3100 2818 3153 autem
2852 3092 3120 3173 sequitur
3142 3094 3309 3156 ﬁdes.
3337 3094 3447 3168 Qui
3480 3097 3643 3160 enim

269 3203 346 3236 ται
414 3186 448 3250 ἡ
520 3184 722 3245 πίστις,
792 3175 847 3242 Ὀ
902 3186 1001 3262 γὰρ
1073 3184 1236 3241 ἐλεῶν
1298 3194 1531 3244 πιστεύει
1566 3188 1777 3252 πάντως
1837 3188 1917 3244 ὅτι

270 3269 408 3326 σῈὲν
450 3271 729 3345 ἀπολέσει,
804 3272 939 3329 ἀλλὰ
968 3275 1140 3331 πάντα
1190 3275 1443 3351 λήψεται’
1481 3276 1657 3341 ἄλλως
1702 3298 1783 3355 τε,
1836 3275 1919 3335 δεῖ

265 3358 453 3438 ἐλεεῖν,
531 3360 670 3417 ἀλλὰ
740 3364 828 3418 καὶ
897 3362 1159 3419 πιστεύειν
1217 3372 1332 3439 Θεῴ
1404 3364 1660 3439 ἀληθινῷ.
1728 3362 1918 3423 Πολλοὶ

270 3450 360 3525 γὰρ
428 3457 537 3506 τῶν
598 3442 868 3520 Ἐλλήνων
899 3451 1045 3510 ἔλεον
1108 3454 1206 3529 μὲν
1237 3454 1420 3535 εἶχον,
1456 3456 1533 3529 μὴ
1577 3456 1915 3514 πιστεὺοντες

268 3536 317 3592 δὲ
374 3542 446 3602 εἰς
488 3542 585 3595 τὸν
614 3545 785 3611 ζῶντα
858 3544 1011 3614 Θεὸν,
1046 3546 1139 3601 οὒκ
1168 3543 1330 3623 εἶχον
1360 3551 1436 3617 τῷ
1481 3542 1610 3618 ἐλέιιο
1646 3545 1914 3619 ἑπομένην

267 3632 358 3695 τὴν
416 3631 619 3691 πίστιν,
710 3630 809 3687 Δεῖ
882 3633 970 3688 οὖν
1020 3632 1241 3689 ἕκαστον
1269 3639 1375 3689 τῶν
1408 3631 1737 3690 διδασκάλων
1770 3632 1913 3691 ἄπο-

270 3717 509 3776 δεκιτοῦν
572 3720 678 3775 ἀπὸ
734 3728 827 3777 τοῦ
882 3720 1011 3779 λαοῦ
1070 3723 1251 3797 ανῦτοῦ,
1310 3724 1602 3796 τουτέστιν,
1663 3724 1913 3781 ἀπαιτεῖν

272 3807 370 3863 άπὸ
451 3815 563 3865 τῶν
594 3806 719 3867 δέκα
774 3812 1089 3877 αίσθησεων.
1135 3815 1239 3868 τῶν
1270 3813 1424 3869 πέντε
1478 3820 1798 3888 σωματικῶν
1827 3828 1916 3882 καὶ

271 3903 367 3953 τῶν
426 3901 585 3956 πέντε
655 3906 924 3981 ψυχικῶν,
980 3904 1079 3967 τὴν
1149 3904 1317 3981 κρίσιν
1360 3905 1447 3960 καὶ
1475 3906 1565 3959 τὸν
1618 3902 1767 3960 ἔλεον
1830 3911 1919 3966 καὶ

270 3990 361 4055 τὴν
393 3991 593 4046 πίστιν·
620 3992 681 4045 τὸ
726 3988 802 4063 δὲ,
839 3998 1013 4049 Ταῦτα
1047 3990 1148 4048 ἔδει
1180 3997 1429 4065 ποιῆσαι,
1461 3996 1614 4048 εἶπεν
1644 3996 1672 4048 ὁ
1706 3994 1913 4070 Κύριος,

270 4080 324 4132 0-3
390 4079 819 4155 προτοεπόμενος
878 4079 963 4136 ἐπὶ
1018 4082 1080 4137 τὸ
1133 4079 1492 4138 ἀποδεκατοῦν
1560 4082 1626 4137 τὰ
1676 4080 1912 4161 λάχανα,

270 4165 383 4224 ἀλλ’
435 4169 531 4224 ’ίνα
588 4168 665 4242 μὴ
723 4167 847 4244 δόξῃ
904 4170 1329 4247 ἀντινομοθετεϊν
1384 4170 1515 4235 τέως
1573 4177 1650 4245 τῷ
1703 4178 1914 4233 Μωσεϊ.

2004 3182 2336 3254 miseretur,
2375 3180 2567 3243 credit
2598 3180 2842 3241 omnino
2873 3181 3031 3262 quod
3075 3183 3226 3244 nihil
3279 3184 3507 3267 perdat,
3536 3187 3646 3249 sed

2001 3270 2201 3331 omnia
2255 3271 2528 3351 accipiat.
2556 3271 2661 3331 Vel
2710 3272 2902 3350 aliter,
2956 3280 3189 3352 oportet
3234 3274 3532 3350 misereri,
3588 3285 3648 3340 et

2001 3361 2247 3421 credere
2282 3361 2403 3422 Deo
2436 3375 2599 3421 vero.
2626 3360 2790 3421 Multi
2814 3360 2971 3421 enim
3009 3380 3371 3441 paganorum
3406 3365 3647 3427 miseri-

2001 3449 2214 3510 cordes
2256 3448 2497 3529 quidem
2548 3449 2808 3523 fuerunt,
2846 3469 2963 3511 non
3009 3452 3323 3514 credentes
3354 3462 3551 3516 autem
3584 3456 3646 3519 in

1998 3538 2186 3600 Deum
2219 3538 2436 3609 vivum,
2466 3557 2582 3599 non
2622 3538 2957 3600 habuerunt
2999 3541 3426 3606 miserit-ordia;
3456 3546 3648 3607 comi-

1998 3636 2115 3690 tem
2148 3627 2351 3688 ﬁdem.
2381 3628 2635 3707 Oportet
2663 3636 2860 3689 autem
2890 3648 3379 3712 unumquemque
3424 3633 3641 3697 docto-

1995 3735 2126 3778 rum
2184 3717 2486 3778 decimare
2534 3735 2567 3777 a
2620 3716 2835 3797 populo
2887 3736 3018 3797 Suo,
3070 3719 3183 3780 hoc
3236 3730 3344 3795 est,
3383 3728 3584 3801 petere
3616 3743 3653 3787 τι

2004 3806 2211 3868 decem
2235 3804 2657 3884 sensibus,hoc
2686 3815 2839 3879 est,a
2861 3807 3123 3888 quinque
3148 3810 3648 3888 corporalibus,et

2002 3895 2264 3978 quinque
2294 3893 2673 3974 animalibus,
2721 3894 3018 3974 judicium
3074 3895 3546 3960 misericordiam
3592 3908 3651 3962 et

2003 3985 2200 4046 tidem.
2236 3982 2372 4044 Haec
2402 3983 2642 4062 quidem
2673 3984 2982 4063 oportebat
3011 3985 3230 4067 facere,
3258 3986 3403 4049 dicit
3439 3987 3651 4051 Chris-

2002 4082 2096 4134 tus
2128 4090 2245 4132 non
2275 4071 2597 4133 adhortans
2627 4072 2699 4132 ad
2728 4073 3148 4136 decimandum
3181 4076 3416 4153 herbas,
3441 4079 3547 4141 sed
3572 4097 3651 4142 ne

2003 4160 2300 4223 videretur
2322 4168 2461 4223 tunc
2490 4161 2820 4224 contrarius
2854 4163 3060 4244 Moysi.
3086 4164 3278 4226 Duces
3303 4175 3500 4229 autem
3532 4186 3645 4230 caa-

274 4248 524 4335 Ὀδηγους
581 4256 633 4313 δὲ
703 4258 927 4338 τυφλοὺς
971 4260 1158 4323 αὐτοὺς
1202 4260 1479 4338 ὀνομάζει,
1510 4257 1642 4317 διότι
1676 4264 1911 4338 αὐχοῦν-

1997 4269 2097 4315 εοε
2127 4268 2230 4313 eos
2280 4250 2565 4325 nominat,
2598 4269 2667 4312 eo
2698 4251 2853 4331 quod
2900 4252 3302 4331 gloriabantur
3352 4274 3417 4317 se
3449 4258 3650 4320 omnia

269 4367 347 4407 τες
407 4344 669 4403 διδάσκειν
738 4348 827 4404 καὶ
881 4349 1053 4405 πάντα
1135 4347 1345 4419 εἰδέναι,
1403 4347 1583 4405 οὐδένα
1651 4348 1910 4431 ὠφέλουν,

1998 4342 2153 4402 scire
2183 4347 2240 4402 et
2270 4340 2508 4413 docere,
2559 4340 2828 4431 nullique
2874 4344 3215 4422 proderant,
3270 4345 3375 4407 sed
3435 4365 3647 4412 omnes

272 4406 400 4491 ἀλλὰ
457 4438 550 4494 καὶ
618 4434 819 4510 μᾶλλον
892 4436 1091 4501 πάντας
1185 4406 1488 4517 διέφθειρον,
1552 4440 1623 4499 εἰς
1712 4406 1910 4516 ιβόθρος

1998 4430 2189 4509 potius
2245 4406 2830 4508 corrumpebant'in
2874 4406 3215 4495 barathrum
3265 4406 3634 4500 inﬁdelitatis

270 4525 531 4599 ῥίπτοντες
596 4525 867 4588 ἀπιστίας,
914 4529 1014 4585 Τὸν
1044 4527 1275 4582 κώνωπα
1318 4524 1373 4581 δὲ
1432 4524 1748 4597 διυλίζοντας
1778 4528 1907 4583 τού-

1997 4518 2395 4599 projicientes.
2443 4518 2709 4580 Culicem
2763 4529 2962 4582 autem
3009 4524 3346 4586 excolantes
3380 4544 3481 4587 eos
3516 4545 3630 4588 no-

271 4636 383 4677 τους
434 4616 704 4690 ὀνομάζει,
766 4618 839 4679 ὡς
896 4617 964 4671 τὰ
1029 4616 1126 4690 μὲν
1188 4617 1349 4694 μικρὰ
1408 4617 1765 4695 ἀμαρτὴματα
1794 4639 1905 4673 πα·-

1997 4616 2195 4688 minat,
2244 4616 2309 4669 ut
2356 4625 2529 4687 parva
2577 4617 2817 4688 peccata
2868 4610 3271 4688 observantes,
3333 4614 3625 4678 camelum

273 4703 777 4782 ραφυλαττομένους,
836 4706 933 4772 τὴν
989 4702 1043 4759 δὲ
1098 4704 1366 4780 κάμηλον,
1395 4704 1511 4771 ἤτοι
1582 4708 1648 4763 τὰ
1673 4704 1903 4783 μεγάλα,

1997 4707 2213 4775 autem,
2263 4697 2376 4759 hoc
2431 4704 2544 4777 est,
2598 4715 2813 4777 magna
2858 4699 3257 4779 deglutientes
3305 4710 3364 4764 et
3422 4703 3630 4785 despi-

276 4794 652 4857 καταπίνοντας
681 4795 768 4849 καὶ
812 4798 1172 4872 παρορῶντας.

1997 4786 2241 4849 cientes.

356 4905 382 4935 ¢
437 4885 565 4941 Οὐαὶ
595 4885 745 4958 ὑμῖν,
794 4888 1137 4960 Γραμματεϊς
1168 4884 1256 4939 καὶ
1300 4890 1582 4961 Φαρισαῖοι
1613 4884 1911 4963 ὑποκριταὶ,

2076 4875 2263 4939 Vrsas.
2296 4876 2397 4948 25,
2426 4874 2523 4939 26.
2558 4900 2586 4931 ct
2619 4874 2721 4937 Va;
2745 4876 2933 4953 vobis,
2980 4876 3205 4942 Scriba;
3256 4888 3313 4942 et
3363 4882 3628 4946 Pharisaa

274 4970 347 5026 ὅτι
409 4972 706 5049 καθαρίζετε
761 4974 823 5028 τὸ
870 4971 1054 5037 ἔξωθεν
1096 4979 1189 5029 τοῦ
1220 4973 1477 5051 ποτηρίου
1512 4974 1725 5039 καὶτῆς
1784 4996 1912 5053 παρ-

2001 4964 2489 5046 hypocritm,quia
2522 4965 2781 5045 purgatis
2811 4968 3163 5030 exteriorem
3199 4970 3391 5050 poculi
3416 4973 3650 5051 patinae
3744 4982 3747 4989 ‘

277 5059 473 5134 οψίδος,
560 5060 748 5118 ἔσωθεν
827 5060 881 5117 δὲ
952 5060 1200 5138 γέμουσιν
1261 5060 1311 5127 ἐξ
1368 5061 1615 5139 ἁρπαγης
1678 5064 1763 5118 καὶ
1812 5062 1912 5118 ἀδι-

2006 5074 2122 5137 que
2154 5063 2403 5136 partem,
2437 5062 2716 5115 caeterum
2763 5055 2919 5116 intus
2965 5057 3141 5137 plena
3185 5067 3321 5120 sunt
3356 5061 3565 5141 rapina
3594 5068 3654 5123 et

278 5151 401 5217 κίας.
459 5158 719 5230 Φαρισαῖε
774 5149 964 5230 mn,
1050 5150 1333 5229 καθάρισον
1393 5149 1601 5229 πρῶτον
1656 5152 1716 5206 τὸ
1773 5151 1912 5214 ἐντὸς

2002 5141 2779 5224 intemperantia.Phariszee
2799 5162 2978 5220 caece,
2989 5165 3172 5226 purga
3195 5148 3354 5227 prius
3379 5148 3535 5230 quod
3560 5156 3651 5211 est

278 5246 363 5293 τοῦ
408 5240 659 5318 ποτηρίου
724 5241 811 5295 καὶ
864 5244 963 5306 τῆς
1014 5237 1327 5319 παροψίδος,
1372 5238 1465 5295 ’ίνα
1495 5238 1715 5316 γένηται
1748 5241 1912 5296 καὶτέ

2002 5234 2157 5294 intra
2188 5232 2464 5314 poculum
2497 5240 2554 5293 et
2584 5232 2868 5312 patinam,
2900 5244 2961 5296 ut
2992 5243 3052 5297 et
3082 5236 3405 5299 exteriores
3437 5239 3651 5300 horum

284 5325 423 5392 ἐκτὸς
482 5328 651 5385 αὐτῶν
707 5328 957 5406 καθαρόν.
1020 5351 1047 5383 π
1120 5329 1224 5390 Τὰς
1284 5328 1599 5406 παραδόσεις
1633 5334 1739 5383 τῶν
1802 5350 1912 5407 πρε·

2009 5331 2206 5402 partes
2238 5340 2398 5402 pura:
2426 5321 2940 5401 reddanturaﬂui
2974 5325 3323 5389 traditiones
3345 5328 3652 5389 seniorum

286 5413 532 5495 σϐυτέρων
615 5424 953 5497 κρατοῦντες,
1027 5415 1250 5473 ἔπλυνον
1310 5418 1375 5472 τὰ
1424 5417 1654 5495 ποτήρια
1702 5419 1789 5474 καὶ
1831 5419 1912 5476 seu

2009 5410 2425 5491 observabant,
2470 5410 2741 5471 lavabant
2788 5414 3005 5477 calices
3048 5423 3106 5476 et
3136 5416 3504 5496 paropsides,
3542 5417 3655 5479 hoc

288 5506 580 5581 ποροψίδας,
643 5506 899 5580 τουτέστι,
974 5508 1097 5571 τοὺς
1154 5507 1378 5571 πίνακας
1423 5505 1477 5562 ἐν
1548 5510 1633 5569 οἷς
1692 5507 1756 5561 τὰ
1820 5509 1912 5582 ὀψε

2010 5509 2099 5562 εει
2129 5499 2448 5581 ρειίιιειε,ἱη
2480 5498 2694 5580 quibus
2718 5504 2966 5582 opsonia
2997 5515 3320 5585 ponuntur:
3349 5524 3419 5568 ex
3446 5505 3654 5568 raoina

284 5595 513 5654 τίθενται’
576 5596 629 5663 ἕξ
688 5598 936 5675 ἁρπαγῆς
1007 5594 1063 5651 δὲ
1121 5594 1300 5653 ἔπινον
1332 5596 1507 5669 οἶνον,
1539 5596 1628 5651 καὶ
1662 5593 1912 5672 ἐδέσματα

2010 5599 2210 5652 autem
2232 5588 2514 5654 bibebant
2530 5588 3656 5675 vinum,etcomedebautcibosquima-

284 5682 467 5746 ἤσθιον,
500 5686 534 5740 ἆ
561 5684 815 5758 ἱμό).υνον
845 5684 1047 5758 μᾶλλον
1083 5687 1240 5742 αὐτὰ.
1273 5685 1360 5750 Μὴ
1390 5686 1566 5760 κτήσῃ
1589 5686 1703 5759 οὖν,
1736 5687 1912 5764 φησὶν,

2006 5676 2095 5755 gis
2117 5677 2603 5763 coinquinabant.
2654 5678 2811 5745 Dicit
2840 5681 3057 5763 igitur:
3099 5685 3190 5750 Ne
3220 5683 3533 5767 possideas
3558 5682 3652 5747 vi-
