4144 6212
438 259 552 320 4%

1031 387 1272 449 CAPUT
1321 386 1491 448 XXV.

439 479 521 538 De
550 479 755 538 decem
790 475 1464 554 virginibus.Parabola
1496 494 1698 537 eorum
1723 480 1828 554 qui
1850 484 2090 539 talenta

710 563 1090 636 acceperunt.
1129 558 1510 619 Dea/dventu
1542 557 1800 620 Christi.

524 661 709 720 Vens.
752 660 874 720 1-5.
916 682 938 712 «
968 658 1134 719 Tunc
1164 658 1584 719 assimilabitur
1613 676 1860 735 regnum
1895 660 2084 720 ecelo-

438 768 569 810 rum
599 749 802 808 decem
838 747 1179 826 virginibus,
1233 766 1362 826 quae
1410 746 1658 824 sumptis
1713 747 2083 824 lampadibus

441 840 578 899 156
607 838 727 899 suis
755 838 1023 898 exierunt
1076 838 1133 896 in
1191 854 1498 896 occursum
1535 854 1768 914 sponso.
1811 835 2080 912 Quinque

436 939 631 989 autem
667 947 734 988 ex
771 927 886 986 illis
913 936 1077 986 erant
1109 926 1451 1006 prudentes,
1482 935 1537 984 et
1567 925 1831 1002 quinque
1882 925 2072 984 fatuae.

436 1017 576 1089 Quae
607 1025 777 1078 erant
821 1017 1014 1087 fatuae,
1048 1016 1308 1094 acceptis
1366 1014 1734 1094 lampadibus
1775 1018 1917 1083 suis,
1957 1033 2073 1074 non

436 1103 1009 1184 acceperantoleum
1041 1123 1277 1166 secum:
1317 1105 1638 1183 prudentes
1685 1121 1818 1161 vero
1864 1121 2072 1179 sump~

436 1203 637 1253 serant
661 1192 857 1252 oleum
895 1196 951 1252 in
986 1193 1136 1252 vasis
1163 1194 1305 1261 suis,
1344 1213 1456 1252 una
1509 1210 1640 1251 cum
1677 1190 2068 1269 lampadibus.

437 1280 734 1342 Tardante
791 1299 930 1340 vero
984 1300 1199 1360 sponsu
1252 1282 1719 1340 dormitaverunt
1762 1299 1968 1338 omnes
2008 1297 2075 1340 ar,

436 1370 898 1432 dormierunt.»
949 1372 1070 1430 Sub
1133 1390 1384 1450 persona
1445 1369 1738 1446 \irginum
1798 1368 2073 1447 proponit

436 1459 710 1539 parabola
756 1460 830 1519 de
888 1460 1300 1539 eleemosyua:
1341 1469 1401 1519 ut
1456 1461 1732 1537 quoniam
1798 1476 2072 1533 magnum

434 1567 583 1625 opus
628 1553 716 1608 est
773 1547 1100 1624 virginitas,
1139 1548 1368 1626 nequis
1401 1547 1540 1606 illud
1601 1565 1782 1606 unum
1838 1564 2075 1617 curans,

433 1637 544 1696 alia
581 1636 862 1712 negligat,
899 1637 1001 1697 sed
1031 1637 1214 1697 discat
1246 1638 1399 1716 quod
1432 1636 1658 1714 absque
1709 1637 2083 1714 eleemusyna

439 1727 608 1785 etiam
645 1727 898 1802 virgines
928 1745 1058 1784 cum
1091 1728 1300 1786 swrlis
1361 1725 1693 1802 ejiciontur.
1735 1727 1939 1785 Merito
1973 1745 2082 1782 au-

1331 211 1340 218 i
1385 246 1974 321 'I‘HEOPHYLACTI
2026 257 2462 319 BULGARIAE
2508 259 2861 322 xucump.

2789 386 3226 458 κεφΑΛ.κεζ.

2171 487 2294 562 Περὶ
2362 488 2467 539 τῶν
2521 485 2645 540 δέκα
2714 487 3005 564 παρθένιον.
3093 491 3216 567 Περὶ
3272 495 3377 544 τῶν
3447 490 3510 544 τὰ
3596 485 3829 543 τάλαντα

2329 562 2624 627 λαϐόντων,
2673 562 2803 645 Περὶ.
2839 566 2933 635 τῆς
2979 562 3233 632 ἐλεύσεως
3277 575 3368 625 τοῦ
3413 575 3660 646 Χριστοῦ.

2256 679 2278 711 α
2330 658 2460 714 Τότε
2491 661 2878 734 ὁμοιωθήσεται
2931 662 2964 728 ἡ
3025 660 3263 738 βασιλεία
3295 668 3399 718 τῶν
3444 666 3674 740 οὒρανῶν
3705 659 3832 718 δέκα

2164 746 2463 826 παρθένοις,
2524 749 2721 813 α’ἶτινες
2808 745 3058 805 λαϐοῦσαι
3129 751 3221 813 τὰς
3287 749 3567 826 λαμπάδας
3625 753 3825 823 αὐτῶν,

2164 835 2378 903 ἐξῆλθον
2436 839 2508 901 εὶς
2558 837 2860 904 ἀπάντησιν
2920 839 3013 896 106
3069 842 3312 919 νυμφίου.
3373 840 3531 896 Πέντε
3585 837 3640 895 δὲ
3692 841 3830 907 ἦσαν

2163 923 2212 988 ἐξ
2286 929 2454 983 αὐτῶν
2527 927 2793 1006 φρόνιμοι,
2854 929 2941 983 καὶ
3000 931 3050 984 αἱ
3111 930 3265 985 πέντε
3341 930 3516 1008 μωραί
3549 945 3562 960 ⁸
3626 927 3831 991 αἳτινες

2161 1016 2354 1092 μωραὶ,
2416 1012 2666 1072 λαϐοῦσαι
2718 1017 2811 1079 τὰς
2882 1015 3162 1091 λαμπάδας
3223 1017 3417 1093 αιῖιτῶν,
3480 1018 3574 1076 061
3635 1015 3829 1075 ἔλαϐον

2158 1103 2275 1178 μεθ’
2318 1104 2513 1160 ἑαυτῶν
2560 1104 2734 1161 ἔλαιον
2767 1122 2781 1136 ⁸
2830 1109 2882 1162 αἱ
2924 1105 2979 1162 δέ
3021 1106 3265 1186 φρόνιμοι
3309 1105 3497 1164 ἔλαϐον
3543 1107 3717 1164 ἔλαιον
3763 1107 3822 1162 ἐν

2156 1206 2274 1253 τοῖς
2345 1192 2575 1269 ἀγγείοις
2647 1193 2819 1249 αὐτῶν
2873 1197 3007 1268 μετὰ
3085 1217 3191 1251 των
3263 1194 3556 1270 Ααμπάδων
3610 1196 3830 1257 αὐτῶνθ

2158 1281 2498 1358 Χρονίζοντος
2582 1279 2638 1337 δὲ
2717 1293 2810 1342 τοῦ
2863 1286 3105 1364 νυμφίου,
3163 1285 3446 1350 ἐνύσταξαν
3505 1291 3670 1341 πᾶσαι
3729 1306 3799 1340 κα

2157 1369 2448 1429 ἐκάθευδον.
2519 1396 2544 1425 ι
2611 1368 2732 1428 Ἐπὶ
2773 1383 2864 1431 τοῦ
2920 1375 3204 1452 προσώπου
3233 1375 3340 1430 τῶν
3371 1374 3641 1453 παρθένων
3673 1397 3821 1454 σχη-

2161 1459 2368 1533 ματίζει
2415 1460 2514 1526 τὴν
2543 1463 2659 1536 περὶ
2703 1460 3066 1536 ἐλεημοσύνης
3097 1460 3432 1543 παραϐολὴν,
3485 1463 3577 1520 ’ίνα
3627 1463 3822 1529 ἐπειδὴ

2163 1547 2302 1624 μέγα
2344 1547 2565 1626 πρᾶγμά
2622 1549 2756 1622 ἐστι,
2819 1553 2896 1626 μὴ
2966 1559 3119 1608 τοῦτο
3175 1553 3339 1626 μόνον
3410 1555 3678 1631 κατορθῶν
3717 1573 3822 1623 τις,

2166 1635 2339 1712 ἁυιελῇ
2370 1644 2474 1692 τῶν
2502 1635 2678 1693 ἄλλων
2713 1658 2724 1670 ·
2781 1638 2917 1694 ἀλλὰ
2969 1640 3196 1714 μάνθανε
3228 1642 3301 1705 ὡς
3331 1639 3428 1707 τῆς
3459 1639 3825 1714 ἐλεημοσύνης

2167 1728 2362 1804 χωρὶς,
2395 1723 2493 1780 κᾶν
2525 1728 2804 1802 παρθενίαν
2861 1727 3023 1806 ἔχῃς,
3086 1731 3222 1801 μετα
3252 1735 3461 1807 πιρνὼν
3490 1726 3823 1804 ἐκϐληθήσῃ.

440 1824 553 1873 tem
588 1815 686 1893 qui
719 1817 1127 1894 compassione
1169 1826 1325 1875 caret
1359 1826 1415 1874 et
1449 1814 1869 1876 misericordia.
1908 1813 2077 1892 ejici-

2171 1815 2398 1876 Εἰκότως
2456 1811 2510 1868 δὲ
2569 1817 2596 1870 6
2656 1815 2972 1890 ἀσυμπαθὴς
3021 1819 3107 1872 καὶ
3137 1815 3450 1891 ἀνελεῆμων
3481 1816 3822 1892 ἐκϐάλλεται,

439 1914 557 1979 tur,
595 1903 775 1965 etiam
805 1906 851 1964 si
887 1904 1045 1982 virgo
1078 1905 1174 1968 sit.
1208 1903 1483 1966 Scortum
1511 1903 1669 1963 enim
1703 1904 1772 1962 ab
1813 1901 2044 1963 alleclio

439 2010 512 2051 ne
546 1992 843 2069 tyrannica
866 2004 1229 2071 expugnatur
1255 2003 1311 2052 et
1346 1993 1615 2064 naturali,
1653 1991 2082 2051 immisericors

443 2091 640 2140 autem
674 2101 707 2140 a
736 2081 982 2142 divitiis.
1015 2081 1242 2152 Quanto
1272 2082 1444 2157 igitur
1475 2081 1766 2140 inﬁrmius
1798 2079 1891 2140 cui
1916 2079 2081 2138 oblu-

441 2169 740 2240 ctandum,
781 2175 938 2229 tanto
965 2170 1178 2229 minori
1202 2171 1368 2229 venia
1399 2170 1611 2246 dignus
1644 2179 1733 2229 est
1763 2169 1858 2246 qui
1889 2187 2078 2248 expu-

439 2267 652 2331 gnatur
681 2256 755 2316 ab
780 2256 1030 2316 avaritia:
1065 2258 1289 2321 inorbo.
1327 2258 1393 2317 Et
1426 2259 1636 2318 stultus
1688 2259 1927 2337 quidem
1967 2266 2076 2330 est,

437 2343 540 2423 qui
573 2345 748 2405 vincit
777 2347 1041 2405 naturale
1070 2346 1436 2422 incendmm,
1476 2356 1532 2407 et
1562 2347 1812 2407 vincitur
1841 2366 1874 2407 a
1906 2364 2083 2425 parva

437 2433 824 2513 pecuniarum
862 2433 1182 2512 cupiditate
1211 2453 1278 2494 ac.
1312 2435 1542 2498 morbo.
1601 2435 1948 2496 lJormitatio
1995 2444 2082 2494 est

441 2541 626 2582 mon.
661 2521 812 2582 Mors
842 2535 1035 2582 autem
1059 2525 1262 2600 sponsi
1297 2523 1534 2597 dicitur,
1574 2524 1710 2604 quia
1736 2543 1849 2584 non
1884 2524 2080 2584 statim

437 2610 734 2672 secundus
763 2611 1044 2672 adventus
1078 2612 1158 2673 ﬁt.

519 2711 695 2774 Vens.
727 2713 903 2774 6-15.
941 2713 1158 2774 «Porro
1192 2714 1386 2774 medio
1420 2714 1608 2775 noctis
1641 2715 1864 2774 clamor
1895 2713 2080 2774 factas

439 2812 525 2865 est
561 2822 575 2861 :
613 2803 768 2864 Ecce
799 2819 1051 2881 sponsus
1079 2802 1257 2872 venit,
1313 2803 1466 2864 exite
1517 2803 1750 2864 obviam
1803 2803 1877 2863 ei.
1917 2801 2083 2862 Tunc

437 2900 822 2953 surrexerunt
852 2909 1062 2950 omnes
1097 2892 1351 2968 virgines
1398 2893 1534 2971 illae,
1571 2900 2085 2972 etapparaverunt

440 2981 740 3061 lampades
757 2978 1125 3040 suas.Fatuzo
1155 2991 1351 3042 autem
1381 2981 2077 3061 prudentibusdixerunt:

2165 1903 2262 1956 κᾶν
2317 1902 2573 1979 παρθένος
2628 1904 2719 1969 εἴη
2755 1921 2768 1935 ⁸
2821 1906 2849 1958 ὁ
2904 1904 3000 1979 μὲν
3053 1905 3152 1982 γὰρ
3209 1906 3403 1982 πόρνος
3472 1906 3662 1970 πάθους
3719 1907 3823 1972 ἠτ-

2163 1992 2301 2059 τήθη
2358 1999 2662 2067 τυραννικοῦ
2717 2013 2774 2048 τε
2831 1995 2922 2048 καὶ
2972 2000 3192 2072 φυσικοῦ
3227 2011 3242 2029 ⁸
3312 1997 3340 2049 6
3398 1993 3453 2050 δὲ
3511 1993 3823 2069 ἁνελεήμων

2164 2079 2488 2158 χρημάτων,
2553 2073 2720 2155 ’Ὅσῳ
2763 2085 2853 2138 οὖν
2910 2085 2938 2138 6
2997 2084 3399 2161 ἀνταγωνιστὴς
3457 2084 3824 2161 ἀσθενέστερος

2164 2169 2399 2241 τοσούτρ
2448 2169 2840 2250 ἀσυγχώρητος
2885 2173 2913 2226 6
2957 2174 3199 2239 νικηθεὶς
3250 2174 3352 2228 ὑπὸ
3401 2180 3493 2229 τοῦ
3522 2177 3620 2240 τῆς
3666 2173 3824 2253 φιλο-

2165 2262 2474 2335 χρηματίας
2520 2263 2716 2324 πάθους
2751 2277 2764 2290 ⁸
2799 2261 2888 2316 καὶ
2933 2264 3110 2340 μωρὸς
3143 2261 3197 2317 δὲ
3228 2264 3255 2318 6
3304 2269 3539 2326 τοιοῦτος
3583 2259 3653 2316 δι’
3701 2263 3826 2318 αὐτὸ

2163 2347 2342 2420 τοῦτο,
2405 2350 2466 2403 τὸ
2522 2353 2744 2416 νικῆσαι
2789 2351 2889 2424 μὲν
2947 2373 3175 2429 φυσικην
3218 2352 3475 2426 πύρωσιν,
3531 2354 3823 2419 ἡττηθῆναι

2164 2432 2218 2490 δὲ
2268 2443 2360 2492 τοῦ
2418 2441 2606 2516 μικροῦ
2664 2442 2859 2501 πάθους
2916 2441 3022 2495 τῶν
3104 2441 3405 2519 χρημάτων
3441 2456 3456 2470 ⁸
3518 2443 3825 2518 νοσταγμὸς

2165 2521 2242 2598 δὲ,
2300 2527 2327 2581 6
2381 2528 2628 2590 θάνατος,
2713 2531 3011 2605 Χρονισμὸς
3069 2527 3123 2584 δέ
3195 2538 3286 2585 τοῦ
3345 2530 3587 2610 νυμφίου,
3631 2531 3692 2587 τὸ
3749 2531 3826 2604 μὴ

2164 2613 2440 2688 συντόμως
2471 2617 2699 2692 γίνεσθαι
2727 2620 2826 2684 τὴν
2855 2616 3098 2696 δευτέραν
3127 2620 3438 2698 παρουσίαν.

2253 2728 2280 2758 α
2312 2704 2492 2770 Μέσης
2523 2703 2577 2760 δὲ
2609 2709 2794 2771 νυκτὸς
2841 2709 3048 2786 κραυγὴ
3087 2708 3327 2786 γέγονεν⁸
3391 2705 3521 2766 Ἰδοὺ
3551 2710 3578 2764 6
3603 2709 3824 2786 νυμφίος

2169 2792 2711 2872 ἔρχεται,ἐξέρχεπθε
2765 2797 2838 2859 εἰς
2883 2797 3180 2863 ἀπάντησιν
3234 2800 3416 2856 16:06.
3472 2798 3601 2854 Τότε
3657 2797 3824 2874 ἠγέρ-

2165 2884 2334 2947 θησαν
2387 2889 2554 2938 πᾶσαι
2611 2886 2661 2938 αἱ
2703 2884 2949 2961 παρθένοι
2981 2884 3208 2958 ἐκεῖναι,
3243 2889 3330 2942 καὶ
3364 2885 3674 2960 ἐκόσμησαν
3729 2887 3823 2950 τὰς

2169 2967 2448 3044 λαμπάδας
2504 2975 2697 3046 αὐτῶν,
2761 2976 2812 3028 αἱ
2872 2971 2926 3028 δὲ
2963 2976 3138 3052 μωραὶ
3180 2988 3302 3038 ταῖς
3334 2977 3606 3054 φρονίμοις
3638 2975 3822 3031 εἶπον·

437 3053 581 3132 Date
609 3069 780 3130 nobis
812 3068 884 3128 de
915 3072 1045 3129 oleo
1076 3079 1294 3143 vestro,
1328 3053 1466 3147 quia
1512 3070 1813 3150 lampades
1868 3079 2077 3130 nostra:

2171 3061 2301 3150 Δότε
2331 3060 2467 3134 ἡμῖν
2497 3059 2678 3150 ἐκᾷτοῦ
2707 3060 2884 3117 ἐλαίου
2913 3063 3084 3142 ὑμῶν,
3117 3061 3196 3118 ὅτι
3228 3068 3280 3120 αἱ
3341 3053 3612 3140 λαμπάδες
3667 3066 3822 3139 ἡμῶν

442 3159 914 3235 esxtinguuntur.
956 3159 1023 3218 Et
1062 3160 1850 3240 responderuntprudentes
1872 3159 2080 3219 dicen-

441 3250 964 3326 teszNequaquam,
981 3265 1052 3306 ue
1074 3266 1191 3308 non
1219 3249 1468 3310 sufﬁciat
1499 3249 1669 3310 nobis
1691 3259 1749 3310 et
1770 3246 2080 3308 vobis.Sed

438 3337 518 3398 ite
550 3337 744 3416 potius
775 3336 844 3394 ad
878 3354 979 3395 eos
1001 3338 1100 3416 qui
1125 3339 1406 3417 vendunt,
1435 3349 1491 3399 et
1523 3340 1701 3400 emite
1736 3337 2075 3418 vobisipsis.

439 3429 624 3489 Porro
648 3424 786 3484 dum
827 3423 980 3484 irent
1019 3436 1304 3504 emptum,
1337 3430 1499 3488 venit
1547 3446 1822 3508 spansus,
1858 3436 1914 3487 et
1953 3445 2084 3506 qua:

441 3523 655 3597 paratae
685 3521 872 3585 erant,
907 3513 1269 3576 intraverunt
1302 3537 1433 3578 cum
1461 3536 1529 3577 eo
1554 3516 1622 3577 ad
1648 3517 1882 3597 nuptias
1915 3516 2082 3576 clau-

441 3623 621 3684 saque
651 3611 734 3664 est
761 3604 974 3682 jauua.
1027 3603 1234 3667 Postea
1264 3625 1399 3668 vero
1432 3607 1671 3667 veniunt
1724 3615 1782 3667 et
1839 3605 2084 3684 reliquae

442 3695 722 3771 virgines,
753 3693 1020 3753 dicentes
1057 3713 1069 3755 :
1108 3695 1376 3767 Domine,
1414 3694 1860 3774 Domine,aperi
1888 3695 2080 3754 nobis.

443 3787 516 3848 At
539 3785 638 3844 ille
662 3783 1364 3863 respondens.ait,Amen
1395 3785 1528 3846 diro
1562 3785 1746 3857 vobis,
1781 3803 1896 3844 nou
1947 3781 2082 3842 novi

445 3894 566 3936 vos.
597 3873 842 3952 Vigilate
872 3873 1091 3952 itaque,
1125 3875 1258 3954 quia
1283 3877 1519 3936 nescitis
1549 3875 1705 3934 diem
1742 3892 1934 3952 neque
1967 3873 2077 3932 bo-

2168 3147 2492 3208 σϐέννυνται.
2563 3148 2949 3228 Ἀπεκρίθησαν
3007 3150 3061 3208 δέ
3111 3154 3162 3208 αἶ
3219 3154 3487 3234 φρόνιμοι,
3551 3151 3819 3231 λέγουσαι·

2166 3240 2386 3307 Μήποτε
2431 3238 2526 3295 061
2580 3239 2780 3318 ἀρκέσῃ
2835 3242 2966 3315 ὑμῖν
3039 3242 3129 3297 καὶ
3198 3243 3358 3317 ἡμῖν.
3422 3244 3708 3321 Πορεύεσθε
3767 3240 3822 3297 δὲ

2165 3326 2369 3402 μᾶλλον
2442 3330 2574 3406 πρὸς
2637 3329 2758 3392 τοὺς
2815 3328 3148 3404 πωλοῦντας,
3210 3333 3297 3386 καὶ
3345 3331 3639 3410 ἀγοράσατε
3697 3332 3824 3388 ἑαυ-

2164 3429 2309 3480 ταῖς,
2389 3415 2806 3496 Ἀπερχομένων
2883 3416 2939 3474 δε
3011 3419 3181 3476 αὐτῶν
3236 3421 3512 3499 ἀγοράσαὶ,
3571 3421 3730 3489 ἦλθεν
3795 3423 3824 3476 6

2165 3505 2404 3584 νυμφίος,
2476 3508 2565 3561 καὶ
2609 3509 2659 3562 αἱ
2704 3505 2906 3582 ἕτοιμοι
2967 3507 3207 3575 εἰσῆλθον
3264 3509 3379 3583 μετ’
3412 3511 3569 3566 16106
3600 3512 3673 3574 εἷς
3703 3514 3824 3574 τους

2165 3595 2392 3670 γάμους,
2453 3596 2540 3651 καὶ
2583 3594 2824 3662 ἐκλεὶσθη
2884 3597 2918 3664 ἡ
2978 3599 3125 3675 θύρα·
3186 3597 3401 3676 ὕστερον
3462 3597 3516 3653 δὲ
3575 3598 3822 3678 ἔρχονται

2169 3686 2254 3739 καὶ
2308 3686 2360 3739 αἱ
2417 3682 2596 3740 λοιπαὶ
2678 3685 2949 3765 παρθένοι,
3030 3687 3279 3764 λέγουσαι
3317 3704 3330 3718 ⁸
3403 3690 3577 3766 Κύριε,
3642 3690 3821 3767 Κύριε,

2169 3770 2374 3837 ἄνοιξον
2430 3775 2592 3848 ἡμῖν.
2657 3765 2714 3831 Ὀ
2773 3774 2828 3830 δὲ
2887 3776 3184 3855 ἀποκριθεὶς
3229 3777 3386 3832 εἶπεν
3420 3793 3433 3806 ⁸
3471 3765 3640 3853 Ἀμην
3677 3765 3821 3854 λέγω

2163 3862 2314 3935 ὑμῖν,
2380 3864 2474 3918 061
2521 3861 2645 3919 οῖδα
2701 3864 2860 3939 ὑμᾶς,
2913 3871 3233 3944 Γρηγορεῖτε
3266 3866 3379 3946 οὖν,
3411 3865 3490 3922 ὅτι
3523 3867 3616 3922 061
3638 3863 3818 3923 οἴδατε

437 3984 561 4026 ram
591 3950 706 4044 qua
737 3961 921 4022 Filius
954 3950 1211 4025 hominis
1240 3962 1714 4026 venietmaledia
1745 3950 1914 4024 noete
1937 3961 2077 4022 dicit

2167 3951 2260 4018 τὴν
2288 3950 2492 4030 ἡμέραν
2548 3951 2662 4014 οὐδὲ
2709 3953 2808 4019 τὴν
2879 3954 3017 4032 ὥραν
3067 3955 3120 4010 ἐν
3177 3957 3204 4010 ὁ
3248 3957 3362 4018 ι’ίὸς
3409 3967 3504 4016 τοῦ
3545 3957 3819 4034 ἀνθρώπου

433 4039 752 4112 clamorem
789 4051 1006 4123 ﬁeri,ut
1036 4054 1310 4113 ostendat
1340 4054 1494 4132 quod
1527 4053 1612 4112 sic
1644 4053 2076 4131 inexspectatus

2167 4039 2406 4119 ἔρχεται.
2446 4066 2470 4098 υ
2509 4043 2790 4108 Μεσούσης
2845 4044 2943 4109 της
2984 4045 3169 4107 νυκτὸς
3229 4043 3370 4122 λέγει
3399 4049 3631 4124 κραυγὴν
3661 4045 3815 4124 γενέ-

429 4141 625 4202 veniat
657 4139 1134 4218 Dominus,quasi
1166 4129 1373 4202 meJia'
1396 4152 1565 4202 nocte
1593 4160 1799 4203 omnes
1817 4129 2075 4202 dormia-

2167 4133 2302 4208 σθ..ι,
2355 4131 2446 4186 ἳνα
2517 4129 2656 4207 δείξῃ
2702 4132 2781 4186 ὃτι
2844 4130 3155 4196 ἀνέλπιστος
3215 4132 3430 4212 ἔρχεται
3489 4138 3517 4192 ὁ
3603 4137 3812 4214 Κύριος,

435 4249 564 4292 mus
601 4229 891 4311 profunde
924 4217 1128 4290 somno
1162 4236 1233 4294 At
1264 4251 1396 4292 cum
1428 4232 1685 4292 clamore
1714 4231 1892 4303 venit,
1935 4228 2076 4291 tuba

2167 4217 2336 4298 ὥσπερ
2424 4223 2766 4284 μεσονυκτίου
2847 4223 3039 4286 πάντες
3119 4221 3223 4290 ἤδη
3294 4222 3608 4300 καθεύδομεν
3663 4226 3816 4301 βαθεῖ

431 4307 858 4383 εηὶιηέοηεὼὶι
888 4319 947 4379 in
987 4321 1249 4382 secundo
1282 4321 1561 4384 adventu.
1610 4320 1938 4399 Lampades
1968 4337 2072 4378 au-

2167 4309 2324 4399 imqi.
2385 4307 2553 4365 Ἀλλὰ
2603 4312 2738 4386 μετὰ
2810 4319 3045 4392 κραυγῆς
3115 4313 3328 4394 ἔρχεται
3365 4329 3378 4344 ⁸
3433 4313 3659 4393 σάλπιγξ
3715 4317 3816 4392 γὰρ

429 4420 546 4471 tem
581 4410 789 4469 animae
822 4416 1121 4487 nostrae,el
1149 4411 1614 4489 uniuscujusque
1651 4428 1818 4468 meus
1851 4407 2078 4486 lampas

434 4508 682 4578 est,qute
714 4508 850 4558 tunc
875 4499 1484 4577 accruditur,uuando
1508 4499 1888 4560 babetoleum
1907 4498 2080 4556 virtu-

430 4596 627 4648 tumet
652 4585 1146 4647 misericordiam.
1182 4587 1380 4647 Fatuae
1423 4596 1618 4648 autem
1657 4585 1913 4664 virgines
1944 4586 2077 4646 ideo

429 4678 586 4758 quod
620 4687 756 4737 tunc
785 4675 1090 4756 requirant
1113 4675 1475 4748 oleum,cum
1503 4696 1618 4737 non
1636 4677 1709 4735 sit
1731 4674 2075 4751 negotiandi

431 4769 874 4846 tempus.l"orro
897 4765 1216 4843 prudentes
1242 4765 1466 4843 dicunt,
1499 4764 1583 4826 Ne
1608 4765 1754 4826 lorte
1781 4782 1896 4824 non
1919 4763 2077 4822 sulti-

428 4855 543 4917 ciat
568 4853 739 4916 nobis
769 4861 828 4914 et
857 4852 1043 4914 vobis.
1079 4851 1281 4915 Virtus
1312 4853 1470 4914 enim
1524 4851 1774 4932 proximi
1820 4853 1934 4911 mei
1984 4851 2075 4911 vix

429 4943 861 5006 sufficivtilliad
883 4943 1549 5015 defensionem,tantum
1565 4942 1733 5003 abest
1755 4953 1815 5001 ut
1834 4950 1891 5002 et
1906 4940 2073 5002 mihi.

428 5035 511 5096 Ex
545 5033 666 5094 suis
688 5033 846 5095 enim
879 5031 1098 5112 quique
1130 5033 1408 5112 operibus
1433 5030 2074 5110 justiﬁcabuntur,non

427 5123 853 5204 proximorum.
882 5123 995 5182 Sed
1030 5122 1199 5182 fatua)
1228 5123 1297 5183 ad
1331 5122 1658 5183 venti-entes
1687 5119 1930 5190 abeunt,
1965 5119 2077 5180 hoc

2163 4398 2364 4478 ἠχήσει
2423 4399 2477 4455 ἐν
2533 4421 2602 4475 τῃ
2667 4398 2880 4480 δευτέρα
2938 4405 3196 4480 παρουσίᾳ
3232 4423 3247 4438 ⁸
3289 4402 3561 4480 λαμπάδες
3616 4403 3697 4484 δὲ,
3728 4412 3816 4464 καὶ

2164 4491 2212 4542 αἱ
2267 4489 2436 4568 ψυχαὶ
2481 4491 2659 4568 ἡμῶν,
2712 4493 2799 4547 καὶ
2852 4492 2884 4546 ό
2937 4500 3055 4556 νοῦς
3112 4494 3336 4550 ἑκάστου
3377 4495 3600 4569 λαμπάς
3649 4493 3814 4550 ἐστιν·

2162 4575 2278 4642 ἥτις
2336 4577 2456 4632 τότε
2515 4577 2825 4656 ἁνάπτεςαι,
2861 4578 2948 4636 ὅτε
2997 4580 3114 4661 ἔχει
3159 4585 3219 4639 τὸ
3248 4589 3355 4639 τῶν
3393 4583 3591 4662 ἀρετὼδ
3640 4582 3816 4640 ἔλαιον

2162 4667 2248 4721 καὶ
2306 4667 2407 4732 τὴν
2455 4665 2822 4742 ἐλεημοσύνην
2933 4673 3107 4749 μωραὶ
3160 4670 3214 4727 δὲ
3267 4672 3417 4738 ὄντος
3449 4674 3575 4730 εἰσὶν
3606 4675 3657 4729 αὶ
3687 4694 3820 4751 παρ-

2160 4755 2296 4811 θένοι
2353 4757 2440 4812 καὶ
2482 4759 2619 4812 κατὰ
2661 4767 2840 4831 τοῦτο,
2900 4763 3032 4816 καθὸ
3089 4761 3210 4818 τότε
3261 4761 3476 4833 ἐζήτουν
3521 4765 3583 4818 τὸ
3611 4761 3810 4837 ἔλαιον,

2160 4844 2248 4901 ὅτε
2304 4847 2398 4904 061
2449 4843 2523 4901 ἔτι
2608 4849 2794 4925 καιρὸς
2852 4852 3240 4927 πραγματείας,
3323 4854 3385 4908 Ai
3463 4850 3518 4908 δὲ
3573 4851 3816 4932 φρόνιμοί

2160 4957 2287 5016 φασι
2324 4952 2338 4969 ·
2404 4936 2626 5004 Μήποτε
2681 4939 2777 4993 061
2831 4938 3029 5017 ἀρκέσῃ
3084 4942 3219 5017 ημῖν
3279 4943 3366 4999 καὶ
3417 4942 3572 5017 ὑμῖν.
3621 4933 3682 4999 Ἠ
3715 4943 3814 5020 γὰρ

2161 5025 2323 5102 ἁρετὴ
2382 5031 2476 5080 τοῦ
2531 5023 2756 5092 πλησίον
2830 5049 2932 5102 μου
2989 5029 3142 5104 μόλις
3177 5030 3386 5110 ἀρκέσει
3444 5033 3628 5106 ὲκείνῳ
3680 5034 3813 5108 πρὸς

2156 5114 2468 5194 ἀπολογίαν,
2531 5117 2663 5190 μήτι
2715 5139 2775 5194 γε
2823 5120 2912 5174 καὶ
2967 5121 3086 5194 ἓμοί
3119 5139 3135 5155 ⁸
3195 5119 3416 5186 ἕκαστος
3463 5122 3563 5200 γὰρ
3593 5120 3652 5177 ἐκ
3707 5121 3813 5178 τῶν

428 5203 540 5284 est,
563 5213 634 5273 ad
664 5211 1268 5292 paup:-res.Czeterum
1297 5211 1451 5292 quod
1485 5211 1616 5271 dico
1643 5211 1801 5271 hunc
1833 5227 2070 5270 sensum

2167 5203 2322 5284 ἔργων
2379 5205 2536 5261 αὐτου
2592 5203 3025 5289 δικαιθωήσεται,
3077 5212 3200 5290 οὐχὶ
3251 5217 3356 5268 τῶν
3413 5221 3508 5270 τοῦ
3558 5210 3808 5277 πλησίον,

426 5301 637 5362 habet:
664 5299 1033 5360 Pcenitudine
1051 5300 1350 5360 ducuntur
1387 5300 1581 5379 fatuae,
1609 5317 1679 5360 eo
1711 5297 1866 5379 quod
1903 5297 2069 5359 elee-

2167 5292 2304 5351 Ἀλλ’
2364 5298 2412 5351 αἱ
2469 5297 2642 5373 μωραὶ
2702 5298 2833 5376 πρὸς
2891 5300 3012 5362 τοὺς
3082 5300 3392 5382 πωλοῦντας
3449 5300 3806 5382 ἀπέρχονται,

427 5408 731 5468 mosynam
785 5406 902 5448 non
951 5389 1243 5450 fecerint:
1279 5397 1334 5448 et
1377 5406 1534 5449 nunc
1581 5387 1840 5467 primum
1874 5387 2072 5449 sciunt

2167 5382 2411 5463 τουτέστι,
2473 5387 2605 5463 πρὸς
2659 5386 2780 5449 106;
2844 5386 3095 5456 πένητας.
3175 5379 3253 5448 ”Ο
3309 5387 3364 5447 δὲ
3393 5388 3538 5469 λέγει
3557 5379 3810 5448 τοιοῦτόν

428 5478 583 5562 quod
600 5475 1005 5560 apauperibus
1036 5486 1306 5557 oporteat
1327 5495 1434 5539 nos
1466 5476 1662 5538 oleum
1695 5473 2068 5536 emisse.Hoc

2167 5477 2262 5531 ἐστι
2303 5487 2317 5503 ⁸
2377 5473 2780 5548 Μεταμέλονται
2861 5479 2914 5534 αὶ
2972 5482 3144 5559 μωραὶ
3226 5478 3356 5537 διότι
3417 5482 3495 5554 μὴ
3547 5478 3809 5548 ἔποίησαν
