4144 6212
491 344 610 436 ίῃ
1457 346 2048 414 THEOPHYLACTI
2092 348 2504 413 BULGARIIE
2546 352 2901 414 ARCHIEP.
3757 351 3875 416 428

487 480 588 562 qui
618 482 858 562 ingenio
888 500 993 543 suo
1025 480 1098 543 ad
1121 483 1576 562 negotiationes,
1613 483 1784 544 dolos
1815 493 1871 545 et
1905 494 2118 546 terrena

2222 505 2288 540 τα
2323 500 2335 514 ⁸
2366 485 2500 556 μετὰ
2535 481 2589 538 δὲ
2635 489 2831 562 χρόνον
2861 481 3024 539 πολὺν
3068 483 3289 564 ἔρχεται
3322 487 3350 541 ὁ
3371 483 3488 550 δοῦς
3520 489 3581 542 τὸ
3611 485 3878 564 ἀργύριον,

488 589 670 651 opera
697 570 1065 645 abutitur,de
1111 571 1211 632 illo
1243 573 1407 633 dicas
1438 572 1595 652 quod
1627 573 1920 634 defoderit
1952 573 2118 634 talen«

2221 574 2257 642 ἢ
2311 574 2376 628 τὰ
2432 571 2587 649 λόγια
2645 571 2802 630 αὖτοῦ
2837 592 2851 606 ·
2912 572 3158 652 ἀργύριον
3221 577 3321 653 γὰρ
3378 576 3781 652 πεπυρωμένον,
3816 577 3881 631 τὰ

487 668 610 720 tum
653 679 826 722 suum
880 660 990 722 sub
1043 671 1223 731 terra,
1260 661 1370 722 hoc
1404 671 1515 735 est,
1549 662 1608 722 in
1643 671 1880 722 terrena
1929 681 2107 742 opera

2221 665 2313 719 τοῦ
2365 667 2496 718 Θεοῦ
2537 659 2716 741 λόγια,
2768 662 2804 726 ἦ
2862 659 3044 723 ἁπλῶς
3075 668 3180 717 πᾶν
3217 665 3388 720 ὁτιοῦν
3433 666 3697 744 χάρισμα,
3729 663 3876 739 λαμ-

486 750 630 812 Post
660 753 909 812 multum
943 758 1139 810 autem
1197 751 1482 830 temporis
1537 752 1694 812 venit
1725 751 2006 813 dominus
2036 771 2112 831 qu

2223 753 2353 829 πρὸν
2382 751 2470 806 xxi
2500 747 2702 814 ἔνδοξον
2743 749 2928 806 ποιοῦν
2980 752 3071 806 τὸν
3102 750 3320 830 ἔχοντα,
3357 753 3597 832 ἀργύριον
3627 753 3876 833 λεχθείη.

486 837 733 900 dederat
757 848 1066 919 argentum
1097 840 1183 901 vel
1217 839 1455 919 eloquia
1487 843 1944 918 sua.Argentum
1979 841 2118 900 enin

2227 841 2322 897 Καὶ
2392 837 2617 916 συναίρει
2675 836 2835 915 λόγον
2913 838 3154 895 ἀπαιτῶν
3196 841 3282 896 καὶ
3338 841 3684 921 λογοπραγῶν
3756 843 3876 906 τοὺς

489 928 630 1009 igne
680 929 1018 1009 probatum,
1075 928 1311 1008 eloquia
1362 928 1560 990 Dei-55
1593 948 1605 992 :
1639 930 1730 990 vel
1785 929 2140 1008 simpliciter
2223 926 2505 989 λαϐόντας.

506 1036 685 1080 omne
706 1017 929 1078 donum
963 1017 1118 1098 quod
1150 1018 1375 1078 clarum
1409 1027 1470 1081 et
1501 1018 1793 1097 insignem
1827 1018 1967 1079 facit
2014 1018 2340 1091 hominem,
2391 1023 2702 1095 argentum
2756 1015 2981 1078 dictum
3013 1027 3123 1084 est.
3159 1018 3230 1081 Et
3277 1028 3559 1081 convocat
3613 1021 3768 1098 illos,
3806 1035 3876 1086 ut

499 1107 792 1168 rationem
826 1107 898 1167 ab
930 1106 1022 1167 his
1050 1105 1150 1185 qui
1178 1106 1398 1166 talenta
1427 1116 1802 1187 acceperant,
1835 1107 2054 1168 audiat.

566 1197 753 1260 VERS.
796 1194 1010 1258 15-30.
1050 1193 1155 1254 «Et
1184 1196 1474 1255 accedens
1496 1196 1588 1255 his
1610 1196 1710 1276 qui
1743 1197 2004 1276 quinque
2034 1204 2126 1255 ta-

490 1284 648 1345 lenta
669 1282 1200 1364 acceperat,attulit
1227 1281 1344 1344 alia
1362 1285 1624 1364 quinque
1648 1285 2126 1358 talenta,dicens:

487 1376 1266 1457 Domine,quinquetalenta
1290 1377 1576 1439 tradidisti
1609 1378 1929 1439 mihiecce
1945 1378 2132 1439 altera

485 1465 748 1546 quinque
765 1467 985 1526 talenta
1015 1466 1275 1526 lucratus
1306 1484 1431 1526 sum
1462 1484 1566 1545 per
1598 1468 1794 1528 ea.Ait
1820 1467 1902 1527 illi
1935 1465 2130 1527 Domi-

489 1573 603 1615 nus
633 1556 804 1633 ejus:
833 1554 1191 1632 Euge,serve
1222 1554 1378 1614 bone
1405 1564 1460 1615 et
1491 1555 1707 1628 ﬁdelis,
1734 1573 1914 1635 super
1947 1573 2133 1634 pauca

486 1643 648 1704 fuisti
672 1643 887 1716 ﬁdelis,
924 1661 1104 1723 supra
1146 1642 1332 1703 multa
1387 1651 1442 1703 te
1475 1643 1851 1722 constituam,
1886 1643 2040 1703 intra
2073 1647 2130 1704 in

483 1732 762 1810 gaudium
793 1731 1030 1794 Domini
1061 1731 1165 1792 tui.
1193 1730 1504 1792 Accedens
1535 1740 1731 1792 autem
1765 1733 1862 1812 qui
1895 1732 2011 1792 duo
2038 1742 2129 1793 ta-

484 1820 644 1882 lenta
673 1829 1009 1900 acceperat,
1042 1819 1122 1881 ait
1154 1841 1166 1879 :
1202 1819 1474 1895 Domine,
1511 1821 1629 1882 duo
1663 1821 1882 1882 talenta
1941 1822 2128 1882 tradi-
2155 1815 2346 1897 Βϐὼν,
2405 1819 2528 1874 εἶπε
2564 1835 2577 1848 ·

487 1909 624 1972 disti
655 1910 824 1990 mihi,
861 1927 1002 1971 ecce
1031 1909 1145 1970 alia
1173 1909 1289 1969 duo
1321 1908 1583 1970 lucratus
1614 1928 1744 1971 sum
1773 1928 1881 1988 per
1913 1927 2002 1972 ea.
2038 1911 2133 1971 Ait

485 1997 573 2059 illi
599 1998 885 2060 Dominus
915 1997 1255 2077 ejuszEuge,
1280 2015 1449 2058 serve
1475 1997 1630 2060 bone
1649 2007 1707 2059 et
1728 1998 2130 2080 ﬁdelis,super

490 2103 678 2166 pauca
700 2087 858 2148 fuisti
887 2088 1286 2166 ﬁdelis,supra
1310 2088 1489 2147 multa
1507 2098 1562 2148 te
1583 2087 2128 2160 constituam,intra

485 2175 543 2234 in
562 2177 838 2254 gaudium
855 2174 1091 2236 Domini
1106 2175 1522 2238 tui.Accedens
1541 2185 1736 2237 autem
1753 2186 1810 2239 et
1826 2176 1926 2257 qui
1944 2196 2122 2238 unum

486 2263 773 2324 talentum
798 2263 1224 2342 acceperat,ait
1248 2284 1261 2325 :
1288 2262 1560 2340 Domine,
1582 2283 1856 2326 noveram
1886 2276 1944 2327 te
1971 2266 2128 2345 quod

486 2351 666 2413 homo
699 2352 886 2414 durus
922 2353 1264 2427 sis,metens
1282 2352 1382 2412 ubi
1415 2371 1530 2413 non
1562 2354 1963 2415 seminasti.et
1993 2355 2130 2415 inde

484 2458 852 2520 congregans
873 2441 974 2502 ubi
1007 2459 1124 2502 non
1157 2439 1518 2520 sparsisti,ac
1554 2441 1796 2503 territus
1821 2442 1961 2517 abii,
1985 2442 2126 2503 abs-

487 2531 784 2610 condique
811 2531 1094 2592 talentum
1117 2539 1281 2590 tuum
1314 2530 1373 2589 in
1407 2541 1738 2591 terrazecce
1769 2529 1950 2591 habes
1967 2533 2122 2610 quod

482 2624 648 2679 tuum
675 2629 785 2680 est.
815 2617 1204 2698 Respondens
1232 2627 1429 2678 autem
1477 2618 1761 2680 Dominus
1790 2617 1942 2696 ejus,
1980 2619 2128 2679 dixit

482 2705 538 2767 ei
573 2725 586 2768 :
621 2706 806 2769 Serve
833 2708 984 2767 male
1015 2715 1072 2767 et
1106 2706 1289 2786 piger,
1321 2705 1555 2767 sciebas
1583 2707 1736 2785 quod
1774 2716 1992 2768 metam
2025 2707 2124 2767 ubi

481 2813 602 2857 non
640 2796 1014 2870 seminavi,et
1030 2813 1382 2875 congregem
1405 2794 1566 2856 illinc
1603 2793 1702 2855 ubi
1735 2813 1851 2855 non
1879 2796 2070 2875 sparsi
2105 2814 2117 2858 :

483 2884 745 2965 oportuit
761 2903 902 2964 ergo
921 2893 979 2946 te
1000 2885 1372 2946 committere
1395 2883 1705 2963 pecuniam
1730 2902 1920 2944 meam
1947 2903 2118 2946 men-

483 2973 1002 3049 sariis,etveniens
1020 2992 1127 3052 ego
1145 2974 1504 3052 recepissem
1531 2973 1899 3052 utiquequod
1925 2991 2121 3034 meum

480 3071 569 3122 est
599 3082 732 3124 cum
765 3062 1402 3141 usura.Tolliteitaque
1425 3061 1499 3121 ab
1526 3080 1596 3122 eo
1619 3066 1992 3134 talentum,et
2012 3063 2121 3124 da-

483 3158 540 3211 te
573 3153 630 3212 ei
658 3153 759 3232 qui
779 3152 952 3213 habet
983 3153 1189 3212 decem
1222 3151 1461 3213 talenta.
1495 3149 1671 3212 Omni
1700 3157 1858 3212 enim
1884 3150 2124 3213 habenti

480 3239 739 3312 dabitur,
776 3249 833 3301 et
859 3240 1221 3301 abundabit:
1248 3240 1346 3321 qui
1380 3257 1520 3300 vero
1554 3257 1667 3303 non
1719 3239 1920 3314 habet,
1947 3241 2120 3302 etiam

483 3331 639 3412 quod
673 3330 851 3392 habet
880 3333 1180 3392 auferetur
1207 3331 1281 3392 ab
1312 3349 1407 3394 eo.
1447 3330 1518 3391 Et
1567 3331 1837 3392 inutilem
1888 3349 2122 3393 servum

476 3420 674 3500 ejicite
706 3419 768 3479 in
802 3419 1076 3480 tenebras
1120 3418 1470 3491 exteriores;
1520 3419 1644 3481 illic
1702 3420 1814 3480 erit
1871 3421 2043 3480 ﬂetus
2065 3429 2124 3480 et

477 3508 698 3570 stridor
729 3507 1258 3571 dentium.»Amho
1287 3508 1344 3570 hi
1375 3509 1474 3589 qui
1504 3508 1565 3568 in
1601 3509 1962 3570 concreditis
1982 3527 2122 3589 ope-

471 3610 704 3670 rantur,
737 3595 1050 3658 laudantur
1077 3615 1111 3658 a
1141 3597 1383 3658 domino
1414 3597 1623 3658 eodem
1677 3597 1853 3657 modo
1887 3618 1900 3654 :
1930 3595 2116 3674 Euge,

2299 1212 2329 1254 (
2375 1197 2473 1254 Καὶ
2516 1195 2819 1273 προσελθὼν
2875 1200 2904 1252 ὁ
2955 1199 3021 1253 τὰ
3050 1201 3205 1255 πέντε
3235 1198 3468 1256 τάλαντα
3497 1199 3673 1258 λαϐὼν
3701 1224 3872 1282 προσ-

2212 1285 2435 1361 ⁴ἤνεγκεν
2492 1283 2628 1341 ἄλλα
2684 1287 2840 1342 πέντε
2890 1284 3147 1361 τάλαντα,
3204 1287 3376 1365 λέγων
3411 1311 3424 1325 ·
3491 1291 3670 1370 Κύριε,
3715 1292 3875 1348 πέντε

2212 1371 2444 1432 τάλαντα
2499 1395 2591 1449 μοι
2652 1372 2962 1453 παρέδωκας
2999 1395 3009 1406 ⁸
3061 1375 3142 1432 ’ίδε
3219 1376 3354 1434 ἄλλα
3409 1379 3565 1435 πέντε
3637 1381 3874 1437 τάλαντα

2214 1453 2469 1541 ἰκέρδησα
2534 1461 2618 1519 ἐπ’
2684 1464 2868 1530 αὐτοῖς
2906 1485 2920 1499 ·
2985 1463 3148 1546 ’Ἔφη
3208 1466 3349 1540 αῦτῷ
3402 1470 3430 1522 ὁ
3471 1469 3654 1546 Κύριος
3684 1470 3868 1530 αῦτοῦ⁸

2215 1555 2307 1619 Εὖ,
2371 1549 2520 1609 δοῦλε
2571 1553 2731 1631 ἀγαθὲ
2781 1557 2868 1610 καὶ
2898 1555 3077 1630 πιστὲ,
3109 1555 3193 1612 ἰπὶ
3237 1554 3387 1633 ὀλίγα
3430 1556 3496 1624 ἧς
3541 1562 3753 1639 πιστὸς,
3786 1562 3873 1618 ἰπὶ

2213 1639 2424 1697 πολλῶν
2480 1662 2539 1698 σε
2609 1644 2930 1712 καταστήσω
2969 1659 2982 1672 ⁸
3031 1643 3237 1702 εἴσελθε
3291 1645 3364 1708 είς
3420 1646 3517 1712 τὴν
3569 1648 3744 1725 χαρὰν
3778 1656 3872 1706 τεῦ

2217 1730 2401 1808 Κυρίου
2456 1751 2570 1789 σου.
2629 1732 2939 1809 Προσελθὼν
2981 1730 3033 1788 δὲ
3078 1737 3165 1789 καὶ
3207 1737 3235 1789 ὸ
3277 1735 3343 1790 τὰ
3390 1731 3479 1790 δύο
3508 1734 3739 1791 τάλαντα
3767 1736 3872 1793 λα·

2644 1821 2818 1898 Κύριε,
2865 1817 2956 1876 δύο
2990 1819 3224 1877 τάλαντᾶ
3254 1843 3346 1896 μοι
3390 1821 3726 1901 παρέδωκας,
3787 1825 3870 1884 ἴδε

2215 1905 2350 1963 ἄλλα
2383 1905 2470 1963 δύο
2514 1907 2747 1964 τάλαντα
2799 1906 3056 1986 ἱκέρδησα
3106 1910 3192 1966 ἃττ’
3222 1913 3429 1976 αὐτοῖς.
3463 1909 3625 1992 ’Ἔφη
3657 1916 3800 1989 αὖτῷ
3844 1919 3872 1971 ὁ

2215 1997 2398 2074 Κύριος
2458 1999 2615 2054 αὐτοῦ
2650 2016 2665 2031 ⁶
2703 1997 2795 2076 Εὖ,
2830 1996 2978 2053 δοῦλε
3022 1998 3182 2077 ἂγαθὶ
3232 2001 3319 2056 καὶ
3375 2001 3555 2076 πιστὶ,
3587 2002 3672 2059 ἐπὶ
3718 2003 3872 2082 ὀλίγα

2209 2083 2275 2151 ἧς
2331 2087 2542 2157 πιστὸς,
2614 2086 2700 2141 ini
2754 2084 2970 2142 πολλῶν
3016 2108 3074 2143 σε
3125 2091 3446 2159 καταστήσω
3481 2109 3494 2123 ·
3556 2090 3762 2150 εἴσελθε
3795 2096 3868 2161 εἰς

2211 2173 2310 2240 τὴν
2360 2175 2532 2253 χαρὰν
2589 2181 2682 2230 τοῦ
2741 2177 2923 2252 Κυρίου
2981 2199 3094 2235 σου.
3155 2177 3462 2256 Προσελθῶν
3522 2178 3576 2235 δί
3631 2187 3718 2237 καί
3747 2184 3776 2239 ό
3807 2183 3868 2238 τὸ

2213 2261 2268 2318 ἓν
2324 2262 2581 2320 τάλαντον
2635 2263 2892 2342 εἰληφὼς,
2959 2267 3080 2322 εἷπε
3117 2283 3132 2298 ⁸
3215 2269 3390 2347 Κύριε,
3454 2267 3620 2346 ἔγνων
3668 2293 3727 2327 σε
3784 2271 3866 2328 ὅτι

2212 2350 2442 2429 σκληρὸς
2502 2352 2557 2407 εἷ
2627 2351 2922 2440 ἄνθρωπος,
2983 2355 3195 2433 θερίζων
3255 2355 3383 2416 ὅπου
3445 2360 3538 2414 οῦκ
3593 2357 3863 2440 ἔσπειρας,

2211 2441 2298 2498 καὶ
2341 2440 2581 2516 συνάγων
2639 2439 2754 2496 ὅθεν
2830 2441 2888 2496 οὗ
2979 2439 3372 2521 διεσκόρπισας,
3445 2449 3531 2502 καὶ
3590 2447 3865 2529 φοϐηθεὶς,

2210 2527 2681 2616 ἆπελθὼνῗῖκρυψα
2730 2531 2792 2585 τὸ
2847 2529 3105 2587 τάλαντόν
3151 2554 3243 2588 σου
3273 2531 3326 2589 iv
3357 2539 3424 2610 τῇ
3451 2541 3524 2611 γῇ
3554 2552 3567 2565 ⁸
3603 2536 3682 2592 ἴδε
3715 2527 3866 2616 ἔγεις

2206 2618 2267 2671 τὸ
2309 2617 2427 2678 σόν.
2463 2615 2790 2695 Ἀποκριθεὶς
2835 2616 2889 2675 δὶ
2936 2621 2965 2676 ὀ
3011 2621 3196 2699 Κύριος
3241 2621 3420 2702 αὐτοῦ,
3470 2624 3624 2680 εἶπεν
3667 2615 3810 2702 αῦτῷ
3845 2652 3860 2664 ο

2205 2705 2411 2781 Πονηρὲ
2481 2703 2631 2762 δοῦλε
2714 2709 2800 2762 καὶ
2857 2708 3074 2786 ὀκνηρέ,
3146 2707 3290 2784 ᾔδεις
3347 2710 3427 2767 ὅτι
3491 2715 3672 2785 θερίζω
3729 2715 3863 2775 ὅπου

2206 2792 2301 2849 οῦκ
2357 2792 2593 2872 ἔσπειρα,
2643 2796 2732 2850 καὶ
2774 2796 2988 2873 συνάγω
3043 2795 3160 2854 ὅθεν
3203 2801 3261 2855 εὖ
3317 2798 3656 2878 διεσκόρπισα
3692 2819 3706 2833 ⁸
3757 2803 3858 2868 ἴδει

2205 2881 2293 2937 οὖν
2349 2902 2408 2937 σε
2466 2880 2655 2957 βαλεῖν
2682 2884 2745 2938 τὸ
2774 2884 3017 2962 ἀργύριόν
3062 2907 3164 2961 μου
3217 2900 3338 2950 τοῖς
3379 2892 3740 2967 τραπεζίταις,
3773 2896 3860 2949 καὶ

2205 2968 2367 3027 ὶλθὼν
2425 2969 2533 3059 εγὼ
2573 2971 2908 3047 ἐκομισάμην
2957 2972 3020 3029 ἂν
3062 2977 3124 3030 τὸ
3171 2975 3298 3050 ἐμὸν
3328 2979 3419 3033 σὺν
3447 2981 3591 3052 τόκῳ
3623 2997 3634 3008 ·
3699 2981 3857 3059 ἄρατε

2207 3059 2295 3116 οὗν
2351 3056 2445 3115 ἀπ’
2503 3060 2660 3116 αὑτοῦ
2713 3062 2776 3116 τὸ
2827 3059 3109 3142 τάλαντον,
3168 3081 3256 3120 και
3300 3063 3417 3122 δότε
3472 3073 3547 3140 τῷ
3577 3056 3758 3148 ἔχοντί
3791 3074 3856 3128 τὰ

2207 3146 2332 3204 δέκα
2388 3146 2643 3207 τάλαντα.
2703 3155 2790 3223 Τῷ
2847 3151 2946 3228 γὰρ
2996 3150 3174 3231 ἔχοντι
3232 3156 3388 3211 παντὶ
3435 3146 3734 3234 δοθήσεται,
3767 3162 3856 3216 xxi

2204 3239 2668 3315 περισσευθήσεται
2705 3253 2718 3268 ⁸
2779 3238 2884 3295 ἀπὸ
2941 3237 2995 3295 δὲ
3051 3242 3144 3297 τοῦ
3219 3244 3296 3318 μὴ
3355 3243 3602 3324 ἔχοντος,
3669 3250 3756 3304 καὶ
3826 3249 3854 3304 ὃ

2205 3325 2347 3405 ἔχει,
2394 3326 2676 3402 ἀρθήσεται
2728 3326 2820 3382 ἀπ’
2870 3327 3032 3386 αὐτοῦ
3057 3345 3070 3359 ⁸
3116 3332 3203 3386 καὶ
3253 3335 3343 3388 τὸν
3395 3332 3630 3412 ἀρχεῖον,
3669 3333 3855 3394 δοῦλον

2205 3413 2488 3470 ἐκϐάλλετε
2547 3416 2619 3478 είς
2675 3416 2738 3470 τὸ
2797 3415 2988 3479 σκότος
3029 3421 3092 3474 τὸ
3118 3417 3394 3501 ἰξώτερον,
3454 3422 3570 3480 ὶκεϊ
3629 3423 3774 3482 ἔσται
3831 3429 3857 3482 ὁ

2205 3503 2471 3578 κλαυθμὸς
2529 3505 2616 3560 καὶ
2687 3506 2715 3560 ὁ
2793 3505 3029 3584 βρυγμὸς
3109 3514 3215 3564 τῶν
3273 3507 3520 3570 ὀδόντων.
3563 3531 3592 3570 ι
3641 3517 3701 3572 Oi
3759 3517 3856 3590 μὲν

2204 3593 2620 3671 ἇπεργασᾶμενοι
2681 3606 2800 3657 τοῖς
2879 3591 3131 3676 δοθεῖσιν,
3189 3597 3522 3658 ἰπαινοῦνται
3589 3604 3692 3658 ὑπὸ
3762 3611 3854 3661 τοῦ

473 3704 643 3747 serve
686 3685 845 3747 bone
893 3693 952 3746 et
1003 3686 1218 3765 ﬁdelis,
1248 3695 1500 3766 uterque
1530 3685 1716 3746 audit.
1753 3687 1866 3747 Per
1896 3685 2114 3746 bonum

2206 3679 2456 3739 δεσπότου
2506 3683 2703 3756 ὁμοίως
2787 3682 3097 3763 ἀμφότεροι,
3164 3685 3255 3760 Εὖ,
3313 3685 3467 3744 δοῦλε
3543 3689 3708 3768 ἀγαθί
3765 3694 3853 3748 καὶ

469 3784 666 3836 autem
719 3775 812 3836 hic
843 3775 1086 3836 omnino
1131 3774 1519 3854 intelligimus
1578 3774 2022 3834 misericordem
2057 3783 2115 3835 et

2206 3771 2374 3842 πιστὶ,
2436 3771 2681 3850 ἑκάτερος
2727 3771 2896 3828 αὐτῶν
2953 3774 3156 3830 ἀκούων
3188 3793 3203 3809 ο
3266 3775 3458 3853 ἀγαθὸν
3519 3776 3574 3833 δὲ
3633 3779 3849 3846 ἱνταῦθι

467 3863 910 3944 liheralem,qui
933 3882 1094 3924 suam
1113 3863 1432 3925 bonitatem
1457 3861 1811 3942 etproximis
1831 3861 2117 3941 impartit.

2206 3860 2414 3922 πάντως
2445 3861 2536 3916 τὸν
2577 3859 2967 3940 φιλάνθρωπον,
3002 3864 3094 3918 τὸν
3145 3861 3369 3943 ἄφθονον
3399 3873 3640 3940 νοοῦμεν,
3673 3869 3730 3932 ὃς
3755 3873 3852 3938 τὴν

467 3952 580 4026 Qui
610 3962 808 4014 autem
852 3971 1037 4030 super
1088 3971 1272 4032 pauca
1331 3952 1538 4013 ﬁdeles
1601 3961 1906 4031 apparent,
1943 3969 2118 4030 super

2206 3949 2397 4004 οἰκείαν
2453 3948 2755 4026 ἀγαθότητα
2839 3950 2928 4005 καὶ
2980 3964 3099 4014 τοῖς
3170 3951 3396 4018 πλησίον
3449 3953 3707 4034 εφαπλοτ·
3767 3958 3850 4016 ἐπὶ

468 4043 653 4103 multa
672 4041 1134 4103 constituuntur:
1161 4060 1296 4102 nam
1322 4041 1462 4102 licet
1487 4041 1582 4100 hic
1606 4040 1764 4100 dona
1785 4057 2118 4121 consequa-

2206 4034 2355 4114 ὀλίγα
2397 4034 2453 4091 δὲ
2495 4039 2671 4093 πιστοὶ
2726 4037 3002 4114 φανέντες,
3061 4039 3148 4095 ἐπὶ
3213 4039 3424 4096 πολλῶν
3483 4044 3846 4110 καθίστανται,

468 4150 626 4207 mur,
664 4149 734 4193 ea
767 4139 964 4191 tamen
997 4131 1209 4192 futuris
1233 4149 1348 4191 non
1380 4138 1517 4191 sunt
1548 4129 1933 4192 conferenda.
1957 4129 2115 4192 Gau-

2206 4127 2302 4213 Καὶ
2355 4128 2456 4205 γὰρ
2527 4128 2570 4182 εἰ
2655 4128 2740 4182 καὶ
2823 4125 3046 4184 ἕνταῦθα
3117 4131 3468 4209 χαρισμάτων
3543 4131 3846 4213 ἀξιούμεθα,

467 4219 632 4282 dium
670 4229 868 4282 autem
898 4218 1538 4293 Domini,incessabilis
1569 4217 1978 4298 laetitia,quam
2013 4219 2118 4279 ha-

2206 4212 2347 4290 ὅμως
2390 4214 2535 4302 οὐδέν
2593 4217 2690 4271 εἰσι
2759 4223 2922 4272 ταῦτα
2994 4218 3125 4293 πρὸς
3183 4220 3248 4275 τὰ
3323 4218 3584 4294 μέλλοντα
3653 4212 3844 4302 ἀγαθά,

467 4309 567 4371 bet
596 4308 753 4372 Deus
783 4309 1053 4384 gaudens
1101 4309 1163 4370 in
1221 4308 1503 4389 operibus
1536 4306 1681 4380 suis,
1736 4307 1889 4368 sicut
1933 4307 2115 4370 David

2206 4305 2347 4382 Χαρὰ
2388 4301 2443 4358 δὲ
2475 4311 2566 4360 τοῦ
2596 4303 2804 4379 Κυοίου,
2858 4306 2897 4392 ἡ,
2953 4303 3186 4372 ἄληκτος
3216 4306 3531 4388 εὐφροσύνη,
3577 4311 3643 4379 ἢν
3672 4301 3790 4392 ἔχει
3821 4314 3850 4370 δ

465 4398 826 4488 dicit53.Tali
857 4397 1034 4476 igitur
1051 4399 1262 4474 gaudio
1293 4398 1556 4478 gaudent
1587 4396 1773 4457 sancti
1807 4395 1865 4456 in
1899 4397 2104 4488 operi-

2206 4394 2353 4472 Θεὸς,
2427 4394 2829 4472 εὐφραινόμενος
2886 4391 2972 4448 ἐπὶ
3044 4406 3160 4457 τοῖς
3222 4394 3396 4474 ἔργοις
3454 4400 3637 4474 αὐτοῦ,
3692 4391 3764 4467 ὥς
3822 4405 3851 4458 ὁ

464 4488 578 4549 hus
599 4488 725 4549 suis
748 4486 1031 4549 lzetantes:
1058 4488 1212 4550 sicut
1235 4497 1290 4548 et
1311 4495 1510 4548 contra
1532 4495 1876 4565 peccatores
1904 4485 2106 4546 dolent

2206 4480 2360 4537 λαυ³ιδ
2400 4480 2566 4559 λέγει.
2639 4483 2900 4549 Τοιαύτην
2966 4481 3055 4539 οὗν
3097 4486 3421 4564 εὐφροσύνην
3489 4490 3848 4566 εῦφραίνονται

463 4577 524 4638 in
547 4576 832 4659 operibus
849 4575 1190 4656 propriiszet
1212 4575 1395 4638 sancti
1422 4574 1851 4654 gaudentquud
1881 4581 1996 4635 tam
2019 4575 2103 4636 di-

2206 4573 2276 4627 txi
2333 4573 2380 4626 oi
2432 4571 2576 4648 ἅγιοι
2631 4569 2716 4626 ἐπὶ
2771 4584 2891 4636 τοῖς
2950 4570 3122 4650 ἔργοις
3181 4573 3354 4630 αὐτῶν
3389 4593 3401 4608 ⁸
3458 4575 3636 4656 ὥσπερ
3666 4579 3754 4636 οὗν
3801 4585 3847 4639 οἱ

459 4657 638 4728 vitem
672 4664 926 4728 habeant
984 4667 1321 4727 Dominum.
1351 4662 1502 4726 Vide
1535 4671 1730 4724 autem
1781 4662 1937 4742 quod
1969 4673 2026 4724 et
2056 4664 2104 4724 is

2206 4658 2494 4737 ἱμαρτωλοὶ
2550 4657 2833 4715 λυποῦνται
2893 4660 2980 4716 ὶπί
3051 4675 3170 4726 τοῖς
3246 4663 3460 4729 οἰκείοις
3514 4665 3711 4745 ἔργοις,
3757 4683 3843 4735 καὶ

461 4756 559 4836 qui
590 4753 1007 4836 quinque,elis
1026 4755 1126 4834 qui
1159 4755 1275 4815 duo
1307 4755 1519 4814 talenta
1552 4753 2100 4830 acceperat,eadem

459 4844 615 4906 bona
639 4841 1357 4922 consequantur.Quando
1385 4842 1543 4903 enim
1573 4840 1707 4919 quis
1734 4840 1912 4901 etiam
1928 4860 2110 4921 pauca

457 4933 780 5014 acceperit,
811 4933 944 4992 I59
967 4939 1026 4992 ct
1053 4931 1252 4993 datum
1286 4930 1401 4991 sibi
1431 4931 1679 5008 donum,
1711 4929 2107 5008 licetparvum

457 5021 717 5097 sit,liene
739 5021 1125 5098 dispensarit,
1149 5021 1434 5100 aequalem
1469 5019 1754 5081 honorem
1786 5018 2108 5098 adepturus

457 5120 549 5172 est
577 5129 710 5171 cum
743 5128 814 5170 eo
841 5109 940 5190 qui
970 5127 1182 5187 magna
1205 5107 1408 5170 habuit
1437 5116 1498 5169 et
1526 5105 1664 5168 fecit
1693 5103 2107 5187 Unusquisque

455 5198 616 5260 enim
646 5198 1046 5277 utacceperit,
1094 5198 1174 5259 ita
1189 5197 1538 5259 etexclusus
1561 5193 2104 5269 videbitur,sibene

459 5285 860 5366 egerit.Porro
888 5287 1206 5366 servigrati
1231 5287 1310 5348 ita
1339 5305 1403 5348 se
1425 5284 1679 5348 habent:
1707 5292 1764 5344 at
1795 5301 2105 5362 per-versus

453 5385 512 5438 et
562 5381 729 5456 piger
771 5375 944 5437 aliter
1001 5377 1346 5456 respondet,
1380 5386 1437 5436 et
1484 5381 1546 5435 ut
1595 5391 1661 5434 se
1712 5371 1954 5449 dignum
1988 5383 2098 5436 est.

453 5463 677 5526 Durum
729 5467 889 5527 enim
934 5463 1241 5525 dominum
1299 5463 1590 5542 nominat,
1635 5461 1791 5524 sicut
1839 5470 1900 5521 et
1942 5479 2101 5523 nunc

518 5643 589 5692 ³⁵
623 5643 779 5705 Psal.
816 5657 896 5715 xx,
929 5642 989 5704 7.
1027 5642 1092 5694 ³⁸
1119 5640 1416 5715 Psal.c1v,
1455 5649 1507 5700 ὃ.

2188 4746 2578 4824 μεταμέλονται
2607 4762 2622 4777 ⁸
2659 4747 2746 4803 καὶ
2788 4750 2877 4805 τὸν
2939 4750 3127 4835 Κύριον
3184 4748 3238 4806 δὲ
3271 4750 3499 4810 πλοῦτον
3533 4754 3752 4835 ἔχοντες
3798 4763 3845 4816 οἱ

2191 4838 2357 4916 ἅγιοι,
2417 4838 2693 4917 χαίρουσιν
2734 4835 2821 4892 ἐπ’
2847 4840 3011 4911 αὐτῷ,
3046 4829 3198 4916 ’Ὅρα
3229 4837 3282 4895 δὲ
3313 4840 3394 4898 ὅτι
3417 4845 3504 4899 καὶ
3534 4829 3655 4903 δ’τᾶ
3685 4848 3842 4905 πέντε

2190 4928 2424 4983 τάλαντα
2475 4922 2675 4998 λαϐὼν,
2736 4928 2822 4982 καὶ
2880 4927 2909 4981 ὁ
2961 4928 3026 4986 τὰ
3082 4924 3194 5007 δύο,
3238 4935 3345 4985 τῶν
3402 4931 3574 4990 αὐτῶν
3629 4935 3843 5014 ἀγαθῶν

2189 5015 2480 5103 ἀξιοῦνται.
2541 5005 2723 5071 ”Οταν
2765 5015 2865 5094 γάρ
2920 5037 3026 5095 τις,
3085 5005 3187 5073 καὶ⁷
3229 5016 3382 5098 ὀλίγα
3437 5019 3637 5103 λαϐὼν,
3679 5005 3838 5101 ’ὅμως

2188 5105 2284 5171 τὴν
2340 5101 2582 5158 δοθεῖσαν
2636 5102 2778 5176 αῦτῷ
2816 5103 2997 5182 χάριν,
3043 5103 3139 5162 κᾶν
3171 5108 3332 5185 μικρὰ
3363 5107 3480 5189 εἴη,
3513 5101 3694 5176 καλῶς
3751 5115 3837 5172 oi-

2185 5193 2489 5268 κονομήσῃ,
2549 5238 2566 5270 ,
2625 5190 2756 5257 ’ίσην
2813 5193 2976 5268 τιμὴν
3039 5191 3382 5280 ἀπολῄψεται
3452 5205 3530 5272 τῷ
3587 5201 3838 5280 μεγάλων

2184 5282 2448 5348 ἀξιωθέντι
2505 5280 2594 5336 καὶ
2677 5283 3088 5361 γατορθώσαντι.
3183 5273 3448 5353 ’Ἐκαςτος
3507 5273 3606 5368 γὰρ
3648 5273 3765 5347 καθ’
3807 5292 3837 5346 ὃ

2184 5369 2361 5445 ἔλαϐε,
2419 5371 2555 5426 κατα
2595 5375 2749 5426 τοῦτο
2790 5372 2879 5426 xxi
2931 5371 3089 5451 ἄκρος
3124 5369 3297 5448 δοκεῖ,
3351 5374 3441 5431 ἐὰν
3496 5379 3830 5457 κατορθώσῃ.

2187 5457 2334 5517 Ἀλλ’
2393 5460 2440 5514 οἱ
2489 5459 2588 5533 μὲν
2639 5474 2972 5535 ευγνωμονες
3024 5459 3223 5537 δοῦλοι,
3268 5463 3516 5523 τοιοῦτον
3580 5469 3610 5523 ὁ
3637 5465 3692 5524 δὲ
3723 5489 3832 5526 πο-
