4144 6212
331 302 440 366 429

318 441 470 512 νδρος
536 442 624 494 καὶ
682 441 906 517 ὀκνηρὸς
963 437 1134 502 ἄλλως
1202 438 1572 516 ἁπολογεῖται,
1620 441 1706 494 καὶ

313 524 492 590 ἀξίως,
556 526 804 604 Σκληρὸν
858 528 958 606 γὰρ
1008 528 1253 599 ὀνομάζει
1311 530 1403 583 τὸν
1461 525 1753 598 δεσπότην,
1800 527 1977 604 ὥσπερ

315 618 402 670 καὶ
461 615 550 670 νῦν
609 615 798 672 πολλοὶ
857 622 961 671 τῶν
1017 613 1368 672 διδασκόντων
1429 615 1691 693 λέγουσι’
1739 614 1980 693 Σκληρόν

314 703 422 761 ἐστι
484 707 547 762 τὸ
610 713 795 776 ζητεῖν
875 705 1017 782 παρὰ
1087 704 1373 782 ἀνθρώπων
1451 707 1691 772 ὑπακοὴν
1746 705 1834 767 οἷς
1890 708 1980 763 οῦκ

313 792 632 858 ὶνεποίησεν
696 796 724 849 ὀ
755 795 897 856 -Θεδς
957 795 1018 848 τὸ
1078 794 1336 872 ὑπήκοον,
1383 791 1496 849 οῦδὲ
1541 792 1839 870 ἐνέσπειρεν
1882 793 1980 848 αῦ-

309 895 429 943 τοῖς
476 884 537 938 τὸ
596 882 831 944 εὒπειθές
868 898 882 911 ⁸
948 889 1102 938 τοῦτο
1154 883 1255 960 γὰρ
1311 883 1596 939 αἰνίττεται
1655 882 1740 937 διὰ
1769 884 1861 938 τοῦ
1905 883 1979 936 εἰ·

311 983 441 1026 πεῖν
479 988 493 1000 ·
543 978 774 1048 Θερίζεις
847 975 980 1027 ὅπου
1010 974 1104 1029 οὐκ
1158 970 1430 1050 ἔσπειρας,
1485 970 1776 1046 τουτέστιν,
1834 974 1980 1044 ᾧτινι

312 1060 410 1113 οῦκ
467 1059 774 1137 ὶνὲσπειρας
804 1061 866 1114 τὸ
925 1057 1184 1128 εὐπειθὲς,
1240 1059 1491 1122 ἀπαιτεῖς
1529 1059 1653 1136 παρ’
1685 1059 1880 1115 ἐκείνου
1923 1060 1982 1114 τὸ

310 1147 552 1211 εὗπειθὲς
639 1147 822 1225 Δέγων
868 1145 923 1202 δὲ.
969 1146 1200 1225 σκληρὸν
1255 1151 1346 1204 τὸν
1391 1146 1656 1214 δεσπότην
1684 1151 1712 1204 ὁ
1769 1145 1977 1218 δοῦλος,

311 1238 508 1294 ἑαυτὸν
563 1238 887 1315 κατακρίνει.
971 1234 1118 1294 Ἐπεὶ
1190 1239 1290 1315 γὰρ
1348 1236 1581 1316 σκληρὸς
1636 1239 1725 1312 ἦν,
1784 1237 1979 1315 ὤφειλε

310 1325 522 1399 μᾶλλον
578 1326 972 1402 ἐπιμελεῖσθαι,
1035 1329 1108 1386 ὡς
1170 1326 1405 1406 σκληρὸν
1462 1329 1550 1384 καὶ
1593 1327 1778 1394 ἁπηνῆ
1834 1326 1982 1405 ἔχων

307 1413 607 1482 δεσπότην.
674 1419 730 1474 Εἰ
793 1419 894 1494 γὰρ
973 1418 1039 1472 τὰ
1078 1415 1306 1494 ’ἑτέρων
1365 1416 1607 1495 ἀπαιτεῖ,
1655 1415 1862 1491 μᾶλλον
1916 1417 1981 1470 τὰ

309 1504 510 1561 ἑαυτοῦ
567 1505 853 1565 ἀπαιτησει
890 1525 904 1538 ·
966 1505 1102 1561 ὥστε
1183 1503 1284 1560 ἴδει
1342 1506 1428 1562 καὶ
1483 1507 1540 1561 σὲ
1594 1504 1879 1561 πλεονάσαι
1951 1501 1978 1554 ὃ

304 1592 530 1662 ἔλαῗες,
591 1596 687 1650 καί
740 1599 962 1661 ποιῆσαι
1006 1595 1270 1673 μαθητὰς,
1330 1594 1420 1674 ἀφ’
1449 1595 1523 1651 ὧν
1581 1594 1859 1670 ἀπῄτησεν
1916 1593 1978 1649 ἂρ

944 310 1033 368 ΕΝ
1047 308 1384 370 ARRATIO
1433 309 1508 369 IN
1560 310 1824 370 EVANG
1839 303 1985 368 ELII

2123 306 2516 369 ΜΑΤἸἭΕΙ.
2567 342 2640 354 --
2683 307 2845 370 CAP.
2913 307 3097 370 XXV.

1796 439 1978 494 ἑαυτοῦ
1998 447 2032 492 Α
2062 436 2231 498 multi
2263 436 2572 497 doctorum
2603 436 2827 498 dicunt.
2878 436 3100 498 Durum
3129 437 3370 518 quidem
3399 441 3710 518 requirere

3590 288 3710 372 430

2061 525 2133 585 ab
2155 525 2497 586 hominibus
2509 525 3159 607 obedientiam,quibus
3173 526 3327 588 Deus
3351 547 3468 588 non
3492 529 3708 589 indidit

2065 614 2465 677 obedientiam
2481 623 2537 675 et
2558 615 3247 696 persuasibilitatem.hoc
3263 618 3424 679 enim
3446 618 3707 680 insinuat

2063 705 2270 765 dicens
2299 705 2501 766 :Metis
2546 705 2644 766 ubi
2684 724 2799 766 non
2824 706 3150 778 seminasti,
3188 706 3298 768 hoc
3322 716 3429 786 est,
3467 708 3702 780 cuinon

2064 793 2283 855 dedisti
2309 801 2372 854 ut
2404 794 2694 869 obediret,
2732 795 2917 873 exigis
2943 795 3015 854 ab
3054 794 3156 856 illo
3190 805 3253 856 ut
3301 796 3562 860 obediat.
3598 797 3699 859 Di-

2064 899 2205 943 cens
2233 891 2426 944 autem
2454 883 2665 944 durum
2699 884 3008 945 dominum
3040 902 3244 945 servus
3268 885 3530 964 seipsum
3561 907 3704 948 con-

2063 970 2322 1033 demnat.
2358 973 2506 1033 Nam
2545 973 2824 1051 quoniam
2857 979 3041 1034 durus
3085 981 3231 1047 erat,
3286 973 3540 1036 debebat
3569 994 3700 1035 ma-

2062 1059 2150 1137 gis
2180 1061 2435 1139 diligens
2466 1079 2620 1135 esse,
2655 1071 2854 1142 utpote
2903 1062 3116 1123 durum
3167 1074 3224 1124 et
3257 1064 3558 1125 crudelem
3593 1064 3704 1125 do-

2065 1149 2288 1209 minum
2340 1151 2600 1211 sortitus.
2639 1149 2788 1211 Num
2821 1151 2871 1212 si
2902 1152 3095 1213 aliena
3136 1152 3336 1230 exigit,
3376 1154 3557 1214 multo
3582 1171 3703 1215 ma-

2063 1237 2150 1316 gis
2184 1257 2288 1299 sua
2313 1240 2507 1317 exiget
2535 1257 2546 1301 :
2573 1250 2747 1320 atque
2779 1241 2854 1300 ita
2885 1242 3192 1321 oportebat
3223 1251 3279 1302 et
3317 1250 3370 1302 te
3417 1241 3705 1322 multipli-

2064 1344 2199 1388 care
2229 1346 2359 1407 quae
2388 1346 2729 1406 acceperas,
2765 1338 2822 1390 et
2851 1329 3046 1391 facere
3073 1330 3398 1410 discipulos
3427 1350 3461 1391 a
3491 1331 3708 1411 quibus

2064 1415 2669 1497 debitunirepeteret.
2708 1418 3148 1479 Nummularios
3196 1428 3390 1481 autem
3437 1420 3706 1501 discipu-

2062 1504 2151 1565 los
2175 1505 2461 1580 nominat,
2500 1515 2773 1586 tanquam
2796 1525 2898 1567 eos
2934 1507 3034 1586 qui
3065 1508 3319 1587 probent
3366 1518 3467 1571 aut
3495 1528 3705 1590 reproe

2063 1593 2556 1658 bentsermones.
2592 1597 2815 1658 Verum
2847 1615 3086 1657 usuram
3131 1597 3309 1674 exigit
3357 1615 3392 1658 a
3441 1598 3706 1678 discipu-

305 1685 376 1737 τὸ
437 1682 782 1762 ὀφειλόμενον
832 1682 979 1762 (33).
1045 1685 1368 1760 τραπεζίτας
1429 1686 1529 1763 γὰρ
1566 1685 1686 1747 τοὺς
1734 1684 1976 1759 μαθητὰς

2070 1683 2154 1762 lis,
2188 1702 2434 1761 operum
2466 1684 2698 1745 scilicet
2727 1685 3530 1766 exhibitionem.Discipulus
3547 1689 3706 1749 enim

323 1773 335 1790 Ἰ
470 1773 516 1808 ly
662 1776 678 1796 (
786 1771 809 1791 ι
958 1775 968 1794 Ι
1239 1774 1262 1795 ,ι
1922 1775 1935 1793 \

307 1794 593 1851 ονομαζει,
650 1795 723 1835 ως
781 1781 1162 1849 οοκιμαζοντας
1233 1798 1267 1840 η
1339 1772 1827 1845 ἀποδοκιμάζοντας
1886 1795 1974 1829 τον

2070 1790 2091 1832 a
2121 1771 2364 1832 doetore
2392 1790 2730 1834 sermonem
2759 1772 3087 1854 accipiens,
3119 1773 3298 1836 habet
3333 1774 3574 1854 quidem
3629 1777 3704 1838 il-

308 1860 479 1939 λόγον
517 1883 527 1893 ·
589 1864 748 1919 τόκον
817 1863 871 1918 δὲ
931 1863 1150 1919 ἀπαιτεῖ
1207 1863 1350 1941 παρὰ
1404 1868 1511 1918 τῶν
1584 1864 1836 1938 μαθητῶν
1880 1863 1978 1928 την

2070 1859 2184 1921 lum
2216 1869 2276 1920 et
2307 1861 2502 1923 reddit
2542 1861 2861 1940 integrum,
2898 1861 3063 1923 addit
3113 1872 3310 1925 autem
3343 1873 3399 1926 et
3439 1883 3704 1937 usuram,

308 1952 426 2007 τῶν
473 1951 638 2029 ἔργων
707 1951 972 2017 ἐπίδειξιν.
1066 1944 1122 2009 Ὀ
1195 1953 1291 2031 γὰρ
1368 1955 1637 2027 μαθητης,
1693 1949 1979 2027 λαμϐάνων

2070 1949 2204 2010 boni
2235 1951 2667 2028 operationem.
2697 1949 2952 2012 Tollitur
2982 1951 3178 2031 itaque
3211 1970 3244 2012 a
3275 1953 3428 2014 malo
3455 1963 3512 2014 et
3540 1954 3708 2032 segni

310 2043 465 2119 παρα
521 2051 615 2100 τοῦ
667 2040 983 2099 διδασκάλω
1010 2043 1101 2097 τὸν
1144 2040 1326 2118 λόγον,
1385 2040 1505 2120 ἔχει
1538 2041 1634 2115 μὶν
1678 2042 1766 2096 καὶ
1796 2040 1978 2114 αὐτὸν,

2070 2057 2234 2098 servo
2263 2038 2624 2110 donum.Qui
2650 2040 2808 2100 enim
2834 2040 3058 2100 donum
3090 2039 3330 2122 aliquod
3363 2042 3424 2102 in
3454 2043 3709 2104 aliorum

309 2131 407 2186 καὶ
452 2128 768 2186 ἀποδίδωσιν
797 2132 957 2186 αῦτὸν
998 2128 1294 2207 ὀλόκληρον
1328 2149 1343 2163 ⁶
1394 2127 1708 2207 προσδίδωσι
1762 2128 1816 2185 δὲ
1885 2134 1974 2187 καὶ

2070 2125 2365 2188 utilitatem
2390 2128 2760 2206 accepit,nec
2782 2146 2854 2189 eo
2885 2129 3436 2209 utitur,illudetiam
3472 2132 3664 2211 perdit
3693 2153 3704 2192 :

309 2220 480 2275 τόκον
526 2223 630 2287 τὴν
693 2220 939 2298 ἐργασίαν
1012 2227 1104 2276 τοῦ
1161 2220 1381 2296 ἁγαθοῦ.
1451 2217 1669 2297 Α’ίρεται
1725 2220 1812 2275 οὖν
1869 2219 1976 2275 ἀπὸ

2070 2215 2163 2295 qui
2195 2232 2329 2276 vero
2358 2218 2761 2297 multiplicare
2793 2217 3013 2296 studet,
3041 2219 3331 2298 majorem
3363 2218 3476 2280 sibi
3501 2222 3710 2282 conci-

311 2315 414 2363 τοῦ
472 2316 706 2384 πονηροῦ
747 2309 834 2364 καὶ
878 2309 1106 2386 ὀκνηροῦ
1147 2305 1333 2364 δούλου
1360 2309 1422 2363 τὸ
1480 2309 1738 2387 χάρισμα.
1793 2299 1849 2364 ’0
1880 2309 1979 2384 γὰρ

313 2393 501 2453 λαϐὼν
545 2398 787 2476 χάρισμὰ
829 2419 880 2476 τι
950 2399 1022 2461 εἷς
1073 2398 1135 2452 τὸ
1188 2396 1461 2476 ὠφελῆσαι
1513 2395 1730 2475 ἄλλους,
1774 2399 1862 2452 καὶ
1905 2398 1983 2471 μὴ

311 2475 659 2564 κεχρημένος
693 2475 884 2564 τούτῳ,
936 2486 1024 2540 καὶ
1073 2485 1200 2540 αὐτὸ
1243 2475 1530 2541 ἁπόλλυσιν
1565 2504 1580 2517 ·
1626 2487 1653 2540 ὁ
1684 2482 1739 2540 δὲ
1769 2483 1985 2542 πλειονα

315 2572 554 2642 σπουδὴν
629 2574 1017 2651 ποιησάμενος,
1103 2572 1316 2631 πλείονα
1401 2573 1687 2630 ἰπισπᾶται
1746 2576 1833 2630 καὶ
1889 2575 1984 2642 τὴν

325 2661 551 2740 δωρεάν,
616 2665 702 2737 Τῷ
759 2665 858 2741 γὰρ
918 2662 1096 2740 ἔχοντι
1165 2660 1399 2731 σπουδὴν
1452 2661 1728 2732 δοθήσεται
1787 2662 1986 2719 πλείων

319 2755 360 2819 ἡ
409 2753 589 2832 χάρις,
653 2754 741 2808 καὶ
786 2753 1249 2830 περισσευθήσεται
1282 2768 1296 2781 °
1350 2752 1456 2808 ἁπὸ
1485 2749 1539 2806 δὲ
1583 2759 1676 2807 τοῦ
1705 2753 1784 2827 μὴ
1817 2750 1983 2832 ἔχον-

2065 2304 2226 2364 liabit
2267 2306 2928 2384 gratiain.Diligentiam
2957 2307 3116 2368 enim
3142 2307 3446 2370 adhibenti
3479 2309 3716 2372 dabitur

2070 2398 2260 2471 major
2286 2396 2491 2472 gratia,
2527 2395 2607 2456 ita
2639 2405 2700 2455 ut
2732 2395 3015 2456 abundet.
3049 2397 3324 2457 Studium
3364 2407 3562 2460 autem
3596 2418 3712 2460 non

2069 2484 2452 2564 adhiliens,et
2480 2485 2636 2546 dono
2660 2485 2815 2565 quod
2850 2485 3082 2546 videtur
3106 2487 3329 2548 habere
3364 2489 3705 2567 privabitur.

2070 2573 2387 2649 Negligens
2416 2574 2600 2646 enim,
2634 2585 2691 2634 et
2740 2574 2842 2654 qui
2873 2593 2991 2634 non
3023 2588 3302 2654 operatur
3345 2595 3451 2656 per
3481 2595 3548 2639 ea
3579 2596 3714 2656 quae

2067 2664 2317 2740 accepit,
2352 2681 2469 2723 non
2503 2663 2678 2724 habet
2727 2662 2974 2735 donum,
3025 2663 3129 2722 sed
3176 2665 3410 2725 videtur
3443 2665 3704 2728 habere:

2067 2769 2202 2810 nam
2235 2750 2492 2830 perdidit
2521 2769 2628 2811 sua
2658 2751 3034 2829 negligentia.

330 2862 425 2904 τος
471 2840 702 2906 σπουδὴν
759 2843 846 2896 καὶ
894 2842 954 2895 τὸ
1013 2841 1254 2919 χάρισμα
1313 2842 1342 2896 ὃ
1398 2839 1546 2896 δοκεῖ
1603 2839 1774 2919 ἔχειν,
1844 2841 2122 2917 ἀρθήσεται
2162 2856 2173 2868 ⁸
2224 2842 2250 2894 ὁ
2308 2841 2406 2917 γὰρ
2458 2863 2536 2913 μη
2595 2837 2825 2906 σπουδὴν
2885 2840 3051 2919 ἔχων,
3099 2839 3234 2914 μηδὲ
3279 2841 3706 2920 ἐπεργασάμενος

333 2934 420 2993 οἷς
454 2927 662 3009 ἔλαϐεν,
710 2931 802 2985 οῦκ
832 2927 947 3009 ἔχει
990 2932 1052 2985 τὸ
1094 2929 1358 3009 χάρισμα,
1391 2928 1526 2985 ἀλλὰ
1554 2927 1702 2986 δοκεῖ
1735 2929 1884 3009 ἔχειν
1916 2944 1930 2958 ⁶
1964 2929 2244 3004 ἠμαύρωσε
2279 2933 2377 3006 γαρ
2408 2937 2560 2985 τοῦτο
2589 2926 2672 2982 διὰ
2704 2935 2799 2994 τῆς
2831 2928 3104 3000 ἀμελείας.

415 3043 441 3073 ε
480 3001 660 3076 υΟταν
702 3015 754 3074 δὲ
982 3020 1010 3074 ὁ
1068 3001 1186 3083 ﬁt;
1241 3001 1636 3098 τοῦὰνθρώπου
1680 3018 1734 3074 ἓν
1858 3017 1982 3095 δόξῃ

2113 3001 2328 3079 Ὺεειέ.
2364 3016 2569 3081 31-33.
2610 3039 2635 3075 ι
2669 3015 2814 3077 Cum
2865 3027 3060 3079 autem
3122 3019 3349 3081 venerit
3381 3020 3564 3082 Filius
3597 3023 3709 3082 ho-

325 3109 511 3182 αδτοῦ,
559 3109 648 3164 καὶ
677 3106 870 3169 πάντες
927 3110 974 3164 οἶ
1019 3109 1158 3186 ἅγιοι
1200 3105 1417 3184 ἄγγελοι
1477 3107 1593 3182 μετ’
1626 3108 1806 3182 αὑτοῦ,
1864 3108 1985 3164 τότε

324 3199 530 3254 καθίσει
586 3195 673 3252 ἐπὶ
725 3199 909 3275 θρόνου
965 3195 1119 3264 δόξης
1179 3201 1359 3276 αὐτοῦ,
1421 3198 1510 3253 καὶ
1564 3198 1984 3276 συναχθήσονται

325 3287 621 3366 ἴμπροσθεν
693 3286 852 3344 αὐτοῦ
904 3287 1078 3343 πάντα
1121 3288 1186 3342 τὰ
1215 3287 1361 3361 ἔθνη,
1417 3285 1508 3343 καί
1547 3286 1758 3365 ἆσροριεῖ
1801 3285 1986 3348 αὐτοὺς

331 3375 425 3432 ἀπ’
483 3373 755 3448 ἀλλήλων,
817 3376 995 3452 ὥσπερ
1046 3376 1074 3431 ό
1129 3377 1334 3451 ποιμὴν
1363 3375 1596 3455 ἀφορίζει
1627 3376 1691 3431 τὰ
1751 3373 1986 3451 πρόϐατα

328 3466 438 3522 ἀπὸ
481 3465 587 3522 τῶν
651 3463 863 3544 ἱρίφων,
925 3467 1011 3521 καὶ
1055 3467 1242 3534 στήσει
1302 3465 1367 3520 τὰ
1409 3465 1508 3541 μὲν
1539 3461 1777 3543 πρόϐατα
1807 3463 1866 3519 ἑκ
1895 3461 1984 3518 δε-

328 3554 457 3620 ξιῶν
516 3555 697 3626 αὐτοῦ,
757 3555 820 3608 τὰ
864 3551 917 3608 δὲ
962 3553 1133 3632 ἐρίφια
1185 3552 1236 3618 ἐξ
1286 3553 1590 3629 εῦωνύμων.
1628 3575 1653 3610 ε
1691 3550 1910 3619 Ἐπειδή
1950 3553 1985 3619 ἡ

327 3643 515 3720 πρώτη
578 3642 834 3719 παρουσία
896 3651 987 3700 τοῦ
1069 3643 1254 3721 Κυρίου
1309 3642 1363 3697 ὲν
1419 3641 1600 3718 ἀτιμίᾳ
1655 3640 1844 3719 γέγονε
1899 3640 1986 3696 καὶ

323 3730 492 3810 ὕϐρει,
527 3732 654 3810 φησὶ
685 3733 768 3809 τὸ,
826 3721 1002 3788 υΟταν
1034 3729 1159 3806 ἔλθῃ
1193 3732 1249 3787 ἐν
1306 3737 1373 3808 τῇ
1399 3729 1523 3807 δόξῃ
1552 3730 1735 3789 αὐτοῦ.
1766 3729 1857 3787 Ἐν
1884 3730 1984 3807 γὰρ

325 3826 394 3897 τῇ
451 3818 667 3898 δευτέρα
723 3821 858 3894 μετὰ
915 3817 1072 3886 δόξης
1126 3819 1422 3892 ἐλεύσεται,
1466 3818 1708 3897 ἀγγέλων
1755 3817 1980 3898 δορυφο-

328 3910 563 3989 ρούντων
606 3909 788 3970 αὐτόν.
849 3914 1064 3977 Πρῶτον
1124 3906 1179 3963 δὲ
1238 3908 1466 3988 ἀφορίζει
1495 3910 1614 3972 τοὺς
1646 3908 1822 3985 ἁγίους
1877 3908 1984 3963 ἀπὸ

324 3999 432 4054 τών
490 3995 845 4075 ἁμαρτωλῶν,
899 3995 1258 4053 ἀπαλλάσσων
1340 3999 1523 4060 αὐτοὺς
1581 3997 1834 4075 ἀγωνίας,
1900 4004 1985 4057 καὶ

327 4088 541 4155 ἵστησι,
599 4087 689 4142 καὶ
746 4088 866 4142 τότε
917 4099 1087 4164 φωνεῖ
1143 4088 1274 4164 πρὸς
1335 4088 1542 4152 αὐτούς,
1604 4085 1844 4163 Πρόεατα
1889 4086 1986 4162 μὲν

328 4176 420 4233 οὖν
454 4175 612 4232 καλεῖ
642 4176 762 4239 τοὺς
797 4176 1000 4253 ἁγίους,
1034 4173 1118 4231 διὰ
1150 4178 1212 4231 τὸ
1242 4174 1464 4256 ἥμερον,
1517 4178 1605 4232 καὶ
1651 4176 1732 4231 δτι
1789 4177 1991 4254 καρπὸν

2069 3107 2244 3166 minis
2275 3107 2334 3165 in
2366 3107 2553 3184 gloria
2583 3125 2711 3186 sua,
2741 3117 2797 3165 et
2843 3124 3051 3167 omnes
3100 3107 3292 3168 sancti
3347 3109 3543 3186 angeli
3574 3127 3711 3170 cum

2069 3213 2164 3274 eo,
2188 3205 2324 3255 tunc
2355 3193 2590 3256 sedebit
2621 3212 2801 3274 super
2824 3195 3028 3256 sedem
3051 3195 3254 3275 glorize
3299 3215 3441 3270 suae,
3471 3207 3530 3258 et
3561 3216 3707 3260 cou-

2069 3284 2470 3362 gregabuntur
2493 3293 2630 3345 ante
2661 3303 2796 3345 eum
2824 3303 3030 3345 omnes
3059 3293 3286 3363 gentes,
3327 3297 3387 3348 et
3415 3288 3714 3369 separabit

2033 3369 2172 3433 'eos
2201 3373 2274 3433 ab
2325 3374 2597 3444 invicem,
2653 3373 3154 3451 quemadmodum
3200 3385 3398 3455 pastor
3447 3388 3716 3458 segregat

2069 3479 2206 3522 oves
2234 3462 2308 3523 ab
2341 3461 2552 3536 haedis,
2589 3470 2646 3522 et
2678 3472 2898 3524 statuet
2927 3463 3170 3543 quidem
3225 3483 3365 3526 oves
3406 3483 3440 3527 a
3492 3467 3716 3530 dextris

2069 3551 2211 3624 suis,
2249 3551 2455 3612 hmdos
2478 3560 2672 3612 autem
2707 3569 2741 3611 a
2770 3551 3050 3614 sinistris.
3086 3575 3112 3607 ε
3143 3550 3435 3623 Quoniam
3487 3557 3713 3634 primus

2068 3639 2351 3701 adventus
2384 3639 2618 3700 Domini
2656 3644 2712 3700 in
2753 3638 3078 3719 ignominia
3105 3639 3214 3727 fuit
3250 3651 3308 3701 et
3336 3644 3674 3722 approbriis
3697 3693 3710 3720 ,

2067 3729 2238 3804 dicit,
2271 3732 2416 3792 Cum
2452 3728 2679 3790 venerit
2706 3730 2765 3788 in
2800 3728 2987 3807 gloria
3008 3747 3137 3790 sua.
3169 3727 3232 3789 In
3265 3731 3528 3792 secundo
3553 3735 3714 3794 enim

2064 3837 2200 3877 cum
2233 3818 2419 3896 gloria
2442 3818 2654 3891 aderit,
2682 3818 2907 3896 angelis
2938 3817 3130 3897 ipsum
3159 3817 3546 3898 stipantibus.
3573 3822 3714 3883 Pri-

2067 3926 2226 3968 mum
2259 3916 2454 3968 autem
2487 3917 2721 3985 separat
2751 3914 2984 3967 sanctos
3014 3923 3048 3965 a
3079 3908 3515 3986 peccatoribus,
3557 3909 3714 3972 libe-

2069 4015 2206 4058 rans
2233 4014 2336 4057 eos
2356 4014 2390 4056 a
2417 3995 2642 4075 labore,
2665 4003 2724 4055 et
2753 3995 2974 4075 statuit,
3010 4005 3069 4056 et
3124 4004 3263 4057 tunc
3295 3997 3561 4077 loquitur
3603 3999 3714 4060 eis.

2070 4085 2273 4165 Itaque
2302 4102 2441 4145 oves
2464 4094 2630 4144 vocat
2656 4093 2919 4158 sanctos,
2973 4084 3110 4165 quia
3141 4087 3434 4147 mansueti
3465 4097 3624 4164 sunt,
3657 4100 3718 4152 et

2074 4176 2327 4236 fructum
2351 4173 2522 4234 nobis
2542 4192 2611 4234 ac
2644 4173 2954 4235 utilitatem
2979 4174 3120 4233 dant
3137 4182 3345 4236 utoves
3365 4175 3560 4238 lanam
3584 4197 3718 4258 sup-

325 4269 467 4341 ἠμῖν
498 4263 700 4321 διδόασι
758 4267 845 4321 καὶ
891 4263 1151 4344 ὠφέλειαν
1190 4265 1264 4329 ὠς
1321 4267 1387 4322 τὰ
1415 4263 1681 4344 πρόϐατα,
1712 4265 1800 4321 καὶ
1855 4264 1985 4342 ἔριον

2078 4264 2434 4342 peditantes,
2461 4261 2738 4324 videlicet
2764 4261 3024 4323 divinum
3076 4270 3133 4323 et
3163 4264 3532 4341 spiritualem
3562 4269 3717 4328 ami-

330 4364 699 4434 χορηγοῦντες
756 4353 874 4420 ἤτοι
934 4354 1139 4421 σκέπην
1183 4355 1323 4410 θείαν
1353 4361 1441 4410 καί
1469 4355 1856 4433 πνευματικὴν,
1907 4349 1992 4410 καὶ

329 4443 498 4522 γάλα,
587 4443 824 4500 τουτέστι
881 4444 1082 4522 τροφὴν
1160 4444 1530 4521 προσήκουσαν
1563 4459 1578 4472 ⁸
1638 4444 1841 4521 ὶρίφους
1911 4441 1989 4529 δὲ,

326 4535 450 4595 τοὺς
512 4531 856 4612 ἁμαρτωλούς
892 4551 905 4564 ·
967 4533 1106 4589 κατὰ
1156 4537 1412 4611 κρημνῶν
1441 4533 1542 4612 γὰρ
1571 4529 1860 4609 βαδίζουσι,
1907 4537 1994 4591 καὶ

323 4621 544 4680 ἄτακτοί
575 4622 673 4677 εἰσι
716 4621 805 4677 καὶ
835 4619 1063 4701 ἄκαρποι
1092 4622 1166 4683 ὡς
1212 4624 1258 4677 οἱ
1303 4621 1496 4702 ἔριφοι,

413 4733 439 4767 ε
489 4712 620 4768 Τότε
681 4710 794 4785 ἰρεῖ
851 4712 880 4766 ὁ
949 4708 1197 4786 βασιλεὺς
1255 4722 1373 4774 τοῖς
1431 4709 1490 4768 ἐκ
1548 4708 1728 4776 δεξιῶν
1798 4710 1982 4768 αὐτοῦ·

326 4807 515 4874 Δεῦτε,
571 4802 616 4856 οἱ
676 4797 1030 4877 εὐλογημένοι
1076 4807 1169 4856 τοῦ
1219 4800 1424 4878 Πατρός
1480 4822 1605 4876 μου,
1639 4798 1986 4908 κληρονομήσ-

2076 4365 2230 4416 ctum
2271 4374 2284 4416 :
2321 4361 2378 4415 et
2430 4353 2538 4427 lac,
2577 4351 2689 4414 hoc
2721 4360 2830 4425 est,
2866 4349 3063 4412 cibum
3096 4370 3423 4431 congruum
3462 4378 3475 4412 :
3512 4355 3718 4417 haedos

2075 4452 2272 4505 autem
2339 4449 2685 4522 peccatores
2717 4459 2730 4499 :
2767 4439 2828 4500 in
2862 4457 3129 4520 praeceps
3178 4441 3338 4502 enim
3387 4444 3626 4524 vadunt,
3661 4456 3719 4509 et

2077 4530 2452 4613 incompositi
2487 4546 2645 4600 sunt,
2676 4538 2734 4591 et
2755 4529 2991 4590 steriles
3021 4538 3082 4589 ut
3112 4530 3290 4592 haedi.

2157 4712 2329 4772 Vens.
2365 4710 2581 4772 34-40.
2616 4731 2643 4761 ε
2677 4705 2842 4768 Tunc
2873 4704 3033 4766 dicet
3081 4706 3216 4766 MO
3269 4725 3379 4769 rex
3434 4707 3527 4769 bis
3558 4709 3659 4790 qui
3688 4729 3723 4771 a

2070 4799 2294 4861 dextris
2323 4797 2437 4860 sibi
2469 4805 2644 4860 erunt
2671 4817 2683 4854 :
2727 4795 2962 4866 Venite,
3019 4793 3318 4857 benedicti
3354 4798 3544 4860 Patris
3575 4799 3719 4874 mei,

1415 4932 1504 4997 Ex
1538 4931 1857 4995 collatione
1883 4936 2057 5000 codd.
2099 4937 2311 4997 Venet.
2347 4931 2410 4995 S.
2448 4930 2657 4994 Marci.

409 5066 528 5145 (32)
563 5066 709 5130 Cod.
746 5065 824 5130 32
857 5065 1062 5127 addit:
1127 5072 1244 5125 Τῶν
1273 5065 1479 5123 δοῦλωδ
1512 5068 1612 5144 γὰρ
1641 5066 1751 5123 ἐστι
1783 5070 1845 5123 τὸ
1887 5090 1990 5143 με-

330 5148 601 5223 ταδοῦναι,
658 5155 750 5204 τοῦ
795 5146 850 5202 δὲ
911 5145 1166 5226 δεσπότου
1235 5147 1300 5204 τὰ
1343 5147 1660 5226 ἁπαιτῆσαν
1704 5146 1848 5226 λέγει
1904 5150 1993 5226 οὖν

336 5231 368 5286 ὀ
424 5227 605 5292 δοῦλος
635 5229 766 5306 πρὸς
799 5227 891 5283 τὸν
921 5224 1186 5293 δεσπότην
1219 5242 1235 5258 ⁸
1271 5225 1539 5305 Σκληρὸν,
1573 5228 1726 5306 φησὶ,
1759 5224 1994 5284 συνεῖδον

335 5312 396 5364 τὸ
448 5306 718 5385 ὶπίταγμά
775 5328 893 5387 σου,
966 5307 1028 5387 τὸ
1099 5315 1284 5387 ζητεῖν
1326 5309 1468 5387 παρὰ
1511 5307 1797 5381 ἀνθρώπων
1857 5309 1993 5364 fma-

334 5389 490 5462 κοῆν,
525 5387 613 5453 οἷς
669 5388 764 5443 οῦκ
811 5386 1128 5454 ἑνεποίησας
1171 5385 1256 5442 διὰ
1309 5385 1592 5465 τοῦλόγου
1620 5388 1680 5443 τὸ
1709 5391 1766 5446 εῦ
1794 5388 1992 5460 πειθὲς,

336 5467 417 5524 διὰ
472 5466 720 5546 φοϐηθεὶς
779 5467 858 5542 μὴ
909 5466 1179 5546 ἄπρακτος
1228 5465 1489 5545 γένωμαι,
1538 5468 1598 5522 τὸ
1627 5466 1745 5522 κατ’
1772 5467 1998 5546 ἐμαυτὸν

335 5545 497 5622 μόνον
551 5546 809 5628 ἂφύλαεα,
869 5549 930 5628 το
973 5545 1028 5601 δὲ
1067 5547 1210 5628 -περὶ
1263 5545 1501 5628 ἑτέρους,
1525 5549 1622 5604 οῦκ
1675 5545 1999 5628 ἱσποόδασα,

335 5625 684 5708 τραπεζίτας,
719 5625 863 5688 κίε.
899 5625 955 5689 λ.
995 5643 1026 5687 ε
1056 5625 1378 5690 Serrorum
1409 5627 1569 5688 enim
1609 5633 1701 5688 εει
1718 5625 2000 5702 reddere,

2075 5064 2303 5127 domini
2333 5082 2470 5125 vero
2499 5070 2797 5141 repetere.
2832 5060 3062 5141 All‘atur
3081 5060 3277 5141 itaque
3308 5081 3514 5127 servus
3533 5066 3720 5128 donli.

2077 5164 2215 5206 num
2272 5164 2284 5203 :
2342 5139 2690 5221 Austerum,
2743 5141 2952 5221 inquit,
3013 5139 3322 5221 vidifesse
3382 5145 3720 5208 mandatum

2079 5236 2241 5307 tuum
2274 5225 2372 5304 qui
2396 5220 2796 5307 obedientiam
2819 5219 2892 5307 ab
2922 5219 3268 5307 hominibus
3286 5223 3723 5307 _exigis,quibus

2079 5300 2334 5390 sci_lic_et_
2364 5322 2473 5390 per
2495 5302 2809 5390 rationem
2857 5300 3196 5390 facilitatem
3245 5300 3566 5390 obediendi
3590 5324 3723 5390 non

2079 5382 2381 5458 tribuisti,“
2395 5383 2614 5444 idcirco
2673 5385 2912 5456 timens,
2941 5397 3017 5440 ne
3040 5397 3070 5440 a
3119 5382 3446 5445 ministerio
3476 5385 3722 5446 excide-

2084 5483 2234 5538 rem,
2265 5463 2323 5524 id
2358 5472 2602 5535 tantum,
2637 5462 2792 5542 quod
2822 5479 2856 5522 a
2885 5477 2980 5520 me
3010 5462 3368 5542 pertinebat,
3402 5466 3721 5529 custodivi:

2084 5547 2239 5624 quod
2269 5552 2463 5605 autem
2494 5541 2742 5604 aliorum
2776 5550 2926 5612 erat.
2959 5541 3220 5616 neglexi.
3267 5543 3725 5607 Nummularios

2086 5632 2310 5695 autem,
2346 5647 2372 5678 ι
2407 5631 2520 5688 etc.
2693 5639 2696 5644 '
