  <div class='ocr_page' id='page_1' title='image "/cluster/home/n/w/nwhite01/storage/ocr_20150623/123/hvd.32044073502445/235.png"; bbox 0 0 4144 6212; ppageno 0'>
   <div class='ocr_carea' id='block_1_1' title="bbox 442 303 558 370">
    <p class='ocr_par' dir='ltr' id='par_1_1' title="bbox 442 303 558 370">
     <span class='ocr_line' id='line_1_1' title="bbox 442 303 558 370; baseline 0 -3"><span class='ocrx_word' id='word_1_1' title='bbox 442 303 558 370; x_wconf 81' lang='grc'><strong>435</strong></span> 
     </span>
    </p>
   </div>
   <div class='ocr_carea' id='block_1_2' title="bbox 1024 438 1514 504">
    <p class='ocr_par' dir='ltr' id='par_1_2' title="bbox 1024 438 1514 504">
     <span class='ocr_line' id='line_1_2' title="bbox 1024 438 1514 504; baseline -0.006 -1"><span class='ocrx_word' id='word_1_2' title='bbox 1024 438 1267 504; x_wconf 75' lang='lat' dir='ltr'><strong>CAPUT</strong></span> <span class='ocrx_word' id='word_1_3' title='bbox 1312 439 1514 503; x_wconf 81' lang='lat' dir='ltr'><strong>XXVI.</strong></span> 
     </span>
    </p>
   </div>
   <div class='ocr_carea' id='block_1_3' title="bbox 448 533 2086 615">
    <p class='ocr_par' dir='ltr' id='par_1_3' title="bbox 448 533 2086 615">
     <span class='ocr_line' id='line_1_3' title="bbox 448 533 2086 615; baseline 0.003 -22"><span class='ocrx_word' id='word_1_4' title='bbox 448 533 932 615; x_wconf 25' lang='lat' dir='ltr'><strong>DeAMagdulena</strong></span> <span class='ocrx_word' id='word_1_5' title='bbox 963 535 1288 596; x_wconf 75' lang='lat' dir='ltr'><strong>Dominum</strong></span> <span class='ocrx_word' id='word_1_6' title='bbox 1317 543 1603 615; x_wconf 81' lang='lat' dir='ltr'><strong>ungente.</strong></span> <span class='ocrx_word' id='word_1_7' title='bbox 1647 539 1732 597; x_wconf 84' lang='lat' dir='ltr'><strong>De</strong></span> <span class='ocrx_word' id='word_1_8' title='bbox 1765 534 2086 598; x_wconf 80' lang='lat' dir='ltr'><strong>Paschate.</strong></span> 
     </span>
    </p>
   </div>
   <div class='ocr_carea' id='block_1_4' title="bbox 525 613 2090 693">
    <p class='ocr_par' dir='ltr' id='par_1_4' title="bbox 525 613 2090 693">
     <span class='ocr_line' id='line_1_4' title="bbox 525 613 2090 693; baseline 0.001 -17"><span class='ocrx_word' id='word_1_9' title='bbox 525 613 614 676; x_wconf 84' lang='lat' dir='ltr'><strong>Dc</strong></span> <span class='ocrx_word' id='word_1_10' title='bbox 651 613 907 693; x_wconf 73' lang='lat' dir='ltr'><strong>mystica</strong></span> <span class='ocrx_word' id='word_1_11' title='bbox 939 631 1134 676; x_wconf 64' lang='lat' dir='ltr'><strong>cana.</strong></span> <span class='ocrx_word' id='word_1_12' title='bbox 1182 615 1270 677; x_wconf 81' lang='lat' dir='ltr'><strong>De</strong></span> <span class='ocrx_word' id='word_1_13' title='bbox 1318 613 1650 679; x_wconf 71' lang='lat' dir='ltr'><strong>tradilione</strong></span> <span class='ocrx_word' id='word_1_14' title='bbox 1695 616 1948 678; x_wconf 74' lang='lat' dir='ltr'><strong>Christi.</strong></span> <span class='ocrx_word' id='word_1_15' title='bbox 2003 615 2090 677; x_wconf 80' lang='lat' dir='ltr'><strong>De</strong></span> 
     </span>
    </p>
   </div>
   <div class='ocr_carea' id='block_1_5' title="bbox 522 696 1069 771">
    <p class='ocr_par' dir='ltr' id='par_1_5' title="bbox 522 696 1069 771">
     <span class='ocr_line' id='line_1_5' title="bbox 522 696 1069 771; baseline -0.002 -16"><span class='ocrx_word' id='word_1_16' title='bbox 522 697 842 771; x_wconf 77' lang='lat' dir='ltr'><strong>negatione</strong></span> <span class='ocrx_word' id='word_1_17' title='bbox 875 696 1069 756; x_wconf 75' lang='lat' dir='ltr'><strong>Petri.</strong></span> 
     </span>
    </p>
   </div>
   <div class='ocr_carea' id='block_1_6' title="bbox 527 868 2094 948">
    <p class='ocr_par' dir='ltr' id='par_1_6' title="bbox 527 868 2094 948">
     <span class='ocr_line' id='line_1_6' title="bbox 527 868 2094 948; baseline 0.002 -17"><span class='ocrx_word' id='word_1_18' title='bbox 527 868 715 935; x_wconf 75' lang='lat' dir='ltr'><strong>Vans.</strong></span> <span class='ocrx_word' id='word_1_19' title='bbox 750 873 806 934; x_wconf 83' lang='lat' dir='ltr'><strong>l.</strong></span> <span class='ocrx_word' id='word_1_20' title='bbox 865 896 890 925; x_wconf 68' lang='grc' dir='ltr'><strong>α</strong></span> <span class='ocrx_word' id='word_1_21' title='bbox 923 875 994 935; x_wconf 88' lang='lat' dir='ltr'><strong>Et</strong></span> <span class='ocrx_word' id='word_1_22' title='bbox 1022 871 1238 934; x_wconf 83' lang='lat' dir='ltr'><strong>factum</strong></span> <span class='ocrx_word' id='word_1_23' title='bbox 1272 883 1380 948; x_wconf 89' lang='lat' dir='ltr'><strong>est,</strong></span> <span class='ocrx_word' id='word_1_24' title='bbox 1431 892 1566 936; x_wconf 91' lang='lat' dir='ltr'><strong>cum</strong></span> <span class='ocrx_word' id='word_1_25' title='bbox 1620 880 2094 937; x_wconf 68' lang='lat' dir='ltr'><strong>consummasset</strong></span> 
     </span>
    </p>
   </div>
   <div class='ocr_carea' id='block_1_7' title="bbox 444 960 2085 1044">
    <p class='ocr_par' dir='ltr' id='par_1_7' title="bbox 444 960 2085 1044">
     <span class='ocr_line' id='line_1_7' title="bbox 444 960 2085 1044; baseline 0.001 -22"><span class='ocrx_word' id='word_1_26' title='bbox 444 961 621 1022; x_wconf 82' lang='lat' dir='ltr'><strong>Jesus</strong></span> <span class='ocrx_word' id='word_1_27' title='bbox 659 978 972 1022; x_wconf 85' lang='lat' dir='ltr'><strong>sermones</strong></span> <span class='ocrx_word' id='word_1_28' title='bbox 1003 960 1113 1021; x_wconf 92' lang='lat' dir='ltr'><strong>hos</strong></span> <span class='ocrx_word' id='word_1_29' title='bbox 1134 980 1367 1041; x_wconf 92' lang='lat' dir='ltr'><strong>omnes,</strong></span> <span class='ocrx_word' id='word_1_30' title='bbox 1397 962 1546 1024; x_wconf 88' lang='lat' dir='ltr'><strong>dixit</strong></span> <span class='ocrx_word' id='word_1_31' title='bbox 1574 963 1886 1044; x_wconf 82' lang='lat' dir='ltr'><strong>discipulis</strong></span> <span class='ocrx_word' id='word_1_32' title='bbox 1915 962 2036 1022; x_wconf 84' lang='lat' dir='ltr'><strong>suis</strong></span> <span class='ocrx_word' id='word_1_33' title='bbox 2071 979 2085 1024; x_wconf 90' lang='lat'><strong>:</strong></span> 
     </span>
    </p>
   </div>
   <div class='ocr_carea' id='block_1_8' title="bbox 445 1048 2090 1130">
    <p class='ocr_par' dir='ltr' id='par_1_8' title="bbox 445 1048 2090 1130">
     <span class='ocr_line' id='line_1_8' title="bbox 445 1048 2090 1130; baseline 0 -20"><span class='ocrx_word' id='word_1_34' title='bbox 445 1049 623 1110; x_wconf 89' lang='lat' dir='ltr'><strong>Scitis</strong></span> <span class='ocrx_word' id='word_1_35' title='bbox 678 1048 816 1128; x_wconf 85' lang='lat' dir='ltr'><strong>quia</strong></span> <span class='ocrx_word' id='word_1_36' title='bbox 869 1057 1001 1128; x_wconf 92' lang='lat' dir='ltr'><strong>post</strong></span> <span class='ocrx_word' id='word_1_37' title='bbox 1058 1048 1302 1111; x_wconf 87' lang='lat' dir='ltr'><strong>biduum</strong></span> <span class='ocrx_word' id='word_1_38' title='bbox 1363 1049 1586 1114; x_wconf 86' lang='lat' dir='ltr'><strong>Pascha</strong></span> <span class='ocrx_word' id='word_1_39' title='bbox 1627 1052 1749 1130; x_wconf 86' lang='lat' dir='ltr'><strong>ﬁet,</strong></span> <span class='ocrx_word' id='word_1_40' title='bbox 1803 1059 1862 1112; x_wconf 89' lang='lat' dir='ltr'><strong>et</strong></span> <span class='ocrx_word' id='word_1_41' title='bbox 1907 1050 2090 1112; x_wconf 83' lang='lat' dir='ltr'><strong>Filius</strong></span> 
     </span>
    </p>
   </div>
   <div class='ocr_carea' id='block_1_9' title="bbox 448 1136 2091 1217">
    <p class='ocr_par' dir='ltr' id='par_1_9' title="bbox 448 1136 2091 1217">
     <span class='ocr_line' id='line_1_9' title="bbox 448 1136 2091 1217; baseline 0.002 -21"><span class='ocrx_word' id='word_1_42' title='bbox 448 1136 705 1199; x_wconf 85' lang='lat' dir='ltr'><strong>hominis</strong></span> <span class='ocrx_word' id='word_1_43' title='bbox 764 1137 1028 1198; x_wconf 76' lang='lat' dir='ltr'><strong>tradetur</strong></span> <span class='ocrx_word' id='word_1_44' title='bbox 1085 1146 1147 1198; x_wconf 94' lang='lat' dir='ltr'><strong>ut</strong></span> <span class='ocrx_word' id='word_1_45' title='bbox 1201 1139 1598 1217; x_wconf 85' lang='lat' dir='ltr'><strong>cruciﬁgatur.</strong></span> <span class='ocrx_word' id='word_1_46' title='bbox 1647 1166 1671 1195; x_wconf 71' lang='grc' dir='ltr'><strong><em>ι</em></strong></span> <span class='ocrx_word' id='word_1_47' title='bbox 1728 1139 1876 1212; x_wconf 84' lang='lat' dir='ltr'><strong>Quia</strong></span> <span class='ocrx_word' id='word_1_48' title='bbox 1923 1137 2091 1217; x_wconf 90' lang='lat' dir='ltr'><strong>regni</strong></span> 
     </span>
    </p>
   </div>
   <div class='ocr_carea' id='block_1_10' title="bbox 450 1225 2096 1308">
    <p class='ocr_par' dir='ltr' id='par_1_10' title="bbox 450 1225 2096 1308">
     <span class='ocr_line' id='line_1_10' title="bbox 450 1225 2096 1308; baseline 0.002 -24"><span class='ocrx_word' id='word_1_49' title='bbox 450 1225 716 1286; x_wconf 89' lang='lat' dir='ltr'><strong>meminit</strong></span> <span class='ocrx_word' id='word_1_50' title='bbox 745 1235 803 1285; x_wconf 90' lang='lat' dir='ltr'><strong>et</strong></span> <span class='ocrx_word' id='word_1_51' title='bbox 821 1226 1256 1306; x_wconf 90' lang='lat' dir='ltr'><strong>retributionis,</strong></span> <span class='ocrx_word' id='word_1_52' title='bbox 1285 1229 1634 1308; x_wconf 75' lang='lat' dir='ltr'><strong>tempestive</strong></span> <span class='ocrx_word' id='word_1_53' title='bbox 1661 1237 2096 1308; x_wconf 88' lang='lat' dir='ltr'><strong>consequenter</strong></span> 
     </span>
    </p>
   </div>
   <div class='ocr_carea' id='block_1_11' title="bbox 447 1311 2092 1397">
    <p class='ocr_par' dir='ltr' id='par_1_11' title="bbox 447 1311 2092 1397">
     <span class='ocr_line' id='line_1_11' title="bbox 447 1311 2092 1397; baseline 0.001 -23"><span class='ocrx_word' id='word_1_54' title='bbox 447 1322 505 1374; x_wconf 88' lang='lat' dir='ltr'><strong>et</strong></span> <span class='ocrx_word' id='word_1_55' title='bbox 536 1311 611 1374; x_wconf 92' lang='lat' dir='ltr'><strong>de</strong></span> <span class='ocrx_word' id='word_1_56' title='bbox 641 1314 918 1393; x_wconf 86' lang='lat' dir='ltr'><strong>passione</strong></span> <span class='ocrx_word' id='word_1_57' title='bbox 963 1332 1068 1375; x_wconf 90' lang='lat' dir='ltr'><strong>sua</strong></span> <span class='ocrx_word' id='word_1_58' title='bbox 1098 1315 1362 1387; x_wconf 81' lang='lat' dir='ltr'><strong>disserit,</strong></span> <span class='ocrx_word' id='word_1_59' title='bbox 1399 1318 1567 1397; x_wconf 90' lang='lat' dir='ltr'><strong>quasi</strong></span> <span class='ocrx_word' id='word_1_60' title='bbox 1607 1317 1812 1379; x_wconf 87' lang='lat' dir='ltr'><strong>dicens</strong></span> <span class='ocrx_word' id='word_1_61' title='bbox 1845 1336 1858 1376; x_wconf 87' lang='lat'><strong>:</strong></span> <span class='ocrx_word' id='word_1_62' title='bbox 1905 1315 2092 1376; x_wconf 82' lang='lat' dir='ltr'><strong>Etiam</strong></span> 
     </span>
    </p>
   </div>
   <div class='ocr_carea' id='block_1_12' title="bbox 446 1402 1771 1486">
    <p class='ocr_par' dir='ltr' id='par_1_12' title="bbox 446 1402 1771 1486">
     <span class='ocr_line' id='line_1_12' title="bbox 446 1402 1771 1486; baseline 0.002 -23"><span class='ocrx_word' id='word_1_63' title='bbox 446 1402 506 1463; x_wconf 89' lang='lat' dir='ltr'><strong>hi</strong></span> <span class='ocrx_word' id='word_1_64' title='bbox 534 1403 635 1483; x_wconf 89' lang='lat' dir='ltr'><strong>qui</strong></span> <span class='ocrx_word' id='word_1_65' title='bbox 670 1421 763 1464; x_wconf 90' lang='lat' dir='ltr'><strong>me</strong></span> <span class='ocrx_word' id='word_1_66' title='bbox 792 1403 1221 1478; x_wconf 84' lang='lat' dir='ltr'><strong>cruciﬁxerint,</strong></span> <span class='ocrx_word' id='word_1_67' title='bbox 1255 1405 1391 1484; x_wconf 83' lang='lat' dir='ltr'><strong>igne</strong></span> <span class='ocrx_word' id='word_1_68' title='bbox 1427 1407 1771 1486; x_wconf 85' lang='lat' dir='ltr'><strong>punientur.</strong></span> 
     </span>
    </p>
   </div>
   <div class='ocr_carea' id='block_1_13' title="bbox 530 1491 2094 1576">
    <p class='ocr_par' dir='ltr' id='par_1_13' title="bbox 530 1491 2094 1576">
     <span class='ocr_line' id='line_1_13' title="bbox 530 1491 2094 1576; baseline 0.001 -24"><span class='ocrx_word' id='word_1_69' title='bbox 530 1492 709 1554; x_wconf 67' lang='lat' dir='ltr'><strong>Vens.</strong></span> <span class='ocrx_word' id='word_1_70' title='bbox 746 1492 882 1552; x_wconf 76' lang='lat'><strong>2-5.</strong></span> <span class='ocrx_word' id='word_1_71' title='bbox 925 1515 948 1547; x_wconf 77' lang='grc' dir='ltr'>σι</span> <span class='ocrx_word' id='word_1_72' title='bbox 1006 1491 1170 1554; x_wconf 87' lang='lat' dir='ltr'><strong>Tunc</strong></span> <span class='ocrx_word' id='word_1_73' title='bbox 1223 1495 1560 1573; x_wconf 73' lang='lat' dir='ltr'><strong>congregati</strong></span> <span class='ocrx_word' id='word_1_74' title='bbox 1604 1505 1750 1557; x_wconf 90' lang='lat' dir='ltr'><strong>sunt</strong></span> <span class='ocrx_word' id='word_1_75' title='bbox 1797 1494 2094 1576; x_wconf 82' lang='lat' dir='ltr'><strong>principes</strong></span> 
     </span>
    </p>
   </div>
   <div class='ocr_carea' id='block_1_14' title="bbox 445 1579 2093 1664">
    <p class='ocr_par' dir='ltr' id='par_1_14' title="bbox 445 1579 2093 1664">
     <span class='ocr_line' id='line_1_14' title="bbox 445 1579 2093 1664; baseline 0 -22"><span class='ocrx_word' id='word_1_76' title='bbox 445 1579 845 1655; x_wconf 88' lang='lat' dir='ltr'><strong>sacerdotum,</strong></span> <span class='ocrx_word' id='word_1_77' title='bbox 906 1589 960 1642; x_wconf 86' lang='lat' dir='ltr'><strong>et</strong></span> <span class='ocrx_word' id='word_1_78' title='bbox 1023 1582 1256 1656; x_wconf 60' lang='lat' dir='ltr'><strong>scribae,</strong></span> <span class='ocrx_word' id='word_1_79' title='bbox 1311 1591 1369 1644; x_wconf 93' lang='lat' dir='ltr'><strong>et</strong></span> <span class='ocrx_word' id='word_1_80' title='bbox 1417 1583 1686 1645; x_wconf 83' lang='lat' dir='ltr'><strong>seniores</strong></span> <span class='ocrx_word' id='word_1_81' title='bbox 1745 1583 1972 1664; x_wconf 85' lang='lat' dir='ltr'><strong>populi,</strong></span> <span class='ocrx_word' id='word_1_82' title='bbox 2031 1583 2093 1642; x_wconf 90' lang='lat' dir='ltr'><strong>in</strong></span> 
     </span>
    </p>
   </div>
   <div class='ocr_carea' id='block_1_15' title="bbox 446 1670 2092 1755">
    <p class='ocr_par' dir='ltr' id='par_1_15' title="bbox 446 1670 2092 1755">
     <span class='ocr_line' id='line_1_15' title="bbox 446 1670 2092 1755; baseline 0.001 -25"><span class='ocrx_word' id='word_1_83' title='bbox 446 1670 662 1730; x_wconf 90' lang='lat' dir='ltr'><strong>atrium</strong></span> <span class='ocrx_word' id='word_1_84' title='bbox 686 1670 1381 1750; x_wconf 85' lang='lat' dir='ltr'><strong>principissacerdotum,</strong></span> <span class='ocrx_word' id='word_1_85' title='bbox 1398 1676 1498 1755; x_wconf 89' lang='lat' dir='ltr'><strong>qui</strong></span> <span class='ocrx_word' id='word_1_86' title='bbox 1519 1674 1827 1736; x_wconf 83' lang='lat' dir='ltr'><strong>dicebatur</strong></span> <span class='ocrx_word' id='word_1_87' title='bbox 1845 1673 2092 1749; x_wconf 86' lang='lat' dir='ltr'><strong>Caipha,</strong></span> 
     </span>
    </p>
   </div>
   <div class='ocr_carea' id='block_1_16' title="bbox 447 1758 2096 1825">
    <p class='ocr_par' dir='ltr' id='par_1_16' title="bbox 447 1758 2096 1825">
     <span class='ocr_line' id='line_1_16' title="bbox 447 1758 2096 1825; baseline 0.002 -7"><span class='ocrx_word' id='word_1_88' title='bbox 447 1767 505 1818; x_wconf 88' lang='lat' dir='ltr'><strong>et</strong></span> <span class='ocrx_word' id='word_1_89' title='bbox 534 1758 851 1820; x_wconf 86' lang='lat' dir='ltr'><strong>consilium</strong></span> <span class='ocrx_word' id='word_1_90' title='bbox 903 1759 1163 1822; x_wconf 91' lang='lat' dir='ltr'><strong>inierunt</strong></span> <span class='ocrx_word' id='word_1_91' title='bbox 1197 1770 1258 1821; x_wconf 91' lang='lat' dir='ltr'><strong>ut</strong></span> <span class='ocrx_word' id='word_1_92' title='bbox 1307 1761 1508 1825; x_wconf 83' lang='lat' dir='ltr'><strong>Jesum</strong></span> <span class='ocrx_word' id='word_1_93' title='bbox 1540 1763 1678 1823; x_wconf 87' lang='lat' dir='ltr'><strong>dolo</strong></span> <span class='ocrx_word' id='word_1_94' title='bbox 1725 1769 1998 1824; x_wconf 83' lang='lat' dir='ltr'><strong>tenerent</strong></span> <span class='ocrx_word' id='word_1_95' title='bbox 2038 1769 2096 1821; x_wconf 90' lang='lat' dir='ltr'><strong>et</strong></span> 
     </span>
    </p>
   </div>
   <div class='ocr_carea' id='block_1_17' title="bbox 446 1847 2094 1922">
    <p class='ocr_par' dir='ltr' id='par_1_17' title="bbox 446 1847 2094 1922">
     <span class='ocr_line' id='line_1_17' title="bbox 446 1847 2094 1922; baseline 0.002 -14"><span class='ocrx_word' id='word_1_96' title='bbox 446 1847 814 1910; x_wconf 88' lang='lat' dir='ltr'><strong>occiderent.</strong></span> <span class='ocrx_word' id='word_1_97' title='bbox 853 1847 1137 1910; x_wconf 84' lang='lat' dir='ltr'><strong>Dicebant</strong></span> <span class='ocrx_word' id='word_1_98' title='bbox 1161 1857 1358 1911; x_wconf 89' lang='lat' dir='ltr'><strong>autem</strong></span> <span class='ocrx_word' id='word_1_99' title='bbox 1396 1872 1408 1913; x_wconf 90' lang='lat'>:</span> <span class='ocrx_word' id='word_1_100' title='bbox 1439 1850 1563 1913; x_wconf 84' lang='lat' dir='ltr'><strong>Non</strong></span> <span class='ocrx_word' id='word_1_101' title='bbox 1599 1851 1658 1911; x_wconf 91' lang='lat' dir='ltr'><strong>in</strong></span> <span class='ocrx_word' id='word_1_102' title='bbox 1688 1851 1784 1913; x_wconf 89' lang='lat' dir='ltr'><strong>die</strong></span> <span class='ocrx_word' id='word_1_103' title='bbox 1813 1852 1981 1922; x_wconf 81' lang='lat' dir='ltr'><strong>festo,</strong></span> <span class='ocrx_word' id='word_1_104' title='bbox 2020 1867 2094 1912; x_wconf 91' lang='lat' dir='ltr'><strong>ne</strong></span> 
     </span>
    </p>
   </div>
   <div class='ocr_carea' id='block_1_18' title="bbox 447 1935 2099 2021">
    <p class='ocr_par' dir='ltr' id='par_1_18' title="bbox 447 1935 2099 2021">
     <span class='ocr_line' id='line_1_18' title="bbox 447 1935 2099 2021; baseline 0.001 -25"><span class='ocrx_word' id='word_1_105' title='bbox 447 1935 733 1998; x_wconf 90' lang='lat' dir='ltr'><strong>tumultus</strong></span> <span class='ocrx_word' id='word_1_106' title='bbox 761 1937 862 1997; x_wconf 92' lang='lat' dir='ltr'><strong>ﬁat</strong></span> <span class='ocrx_word' id='word_1_107' title='bbox 891 1938 948 1998; x_wconf 93' lang='lat' dir='ltr'><strong>in</strong></span> <span class='ocrx_word' id='word_1_108' title='bbox 982 1938 1224 2018; x_wconf 89' lang='lat' dir='ltr'><strong>populo.</strong></span> <span class='ocrx_word' id='word_1_109' title='bbox 1263 1964 1285 1997; x_wconf 77' lang='grc' dir='ltr'><strong>ε</strong></span> <span class='ocrx_word' id='word_1_110' title='bbox 1338 1938 1482 2001; x_wconf 87' lang='lat' dir='ltr'><strong>Cum</strong></span> <span class='ocrx_word' id='word_1_111' title='bbox 1532 1941 1624 2002; x_wconf 92' lang='lat' dir='ltr'><strong>lex</strong></span> <span class='ocrx_word' id='word_1_112' title='bbox 1656 1940 2001 2021; x_wconf 64' lang='lat' dir='ltr'><strong>praeciperet</strong></span> <span class='ocrx_word' id='word_1_113' title='bbox 2034 1947 2099 1999; x_wconf 92' lang='lat' dir='ltr'><strong>ut</strong></span> 
     </span>
    </p>
   </div>
   <div class='ocr_carea' id='block_1_19' title="bbox 451 2027 2100 2109">
    <p class='ocr_par' dir='ltr' id='par_1_19' title="bbox 451 2027 2100 2109">
     <span class='ocr_line' id='line_1_19' title="bbox 451 2027 2100 2109; baseline 0.001 -23"><span class='ocrx_word' id='word_1_114' title='bbox 451 2043 632 2086; x_wconf 91' lang='lat' dir='ltr'><strong>unum</strong></span> <span class='ocrx_word' id='word_1_115' title='bbox 672 2034 895 2087; x_wconf 87' lang='lat' dir='ltr'><strong>tantum</strong></span> <span class='ocrx_word' id='word_1_116' title='bbox 929 2027 1219 2090; x_wconf 91' lang='lat' dir='ltr'><strong>haberent</strong></span> <span class='ocrx_word' id='word_1_117' title='bbox 1245 2028 1581 2108; x_wconf 87' lang='lat' dir='ltr'><strong>pontiﬁcem</strong></span> <span class='ocrx_word' id='word_1_118' title='bbox 1613 2048 1719 2109; x_wconf 90' lang='lat' dir='ltr'><strong>per</strong></span> <span class='ocrx_word' id='word_1_119' title='bbox 1747 2029 2100 2090; x_wconf 90' lang='lat' dir='ltr'><strong>omneillius</strong></span> 
     </span>
    </p>
   </div>
   <div class='ocr_carea' id='block_1_20' title="bbox 451 2115 2097 2197">
    <p class='ocr_par' dir='ltr' id='par_1_20' title="bbox 451 2115 2097 2197">
     <span class='ocr_line' id='line_1_20' title="bbox 451 2115 2097 2197; baseline 0.002 -23"><span class='ocrx_word' id='word_1_120' title='bbox 451 2115 582 2175; x_wconf 66' lang='lat' dir='ltr'><strong>vitae</strong></span> <span class='ocrx_word' id='word_1_121' title='bbox 614 2121 877 2194; x_wconf 84' lang='lat' dir='ltr'><strong>tempus,</strong></span> <span class='ocrx_word' id='word_1_122' title='bbox 911 2115 996 2176; x_wconf 90' lang='lat' dir='ltr'><strong>illi</strong></span> <span class='ocrx_word' id='word_1_123' title='bbox 1047 2124 1253 2178; x_wconf 88' lang='lat' dir='ltr'><strong>contra</strong></span> <span class='ocrx_word' id='word_1_124' title='bbox 1282 2117 1472 2197; x_wconf 84' lang='lat' dir='ltr'><strong>legem</strong></span> <span class='ocrx_word' id='word_1_125' title='bbox 1516 2119 1730 2179; x_wconf 92' lang='lat' dir='ltr'><strong>multos</strong></span> <span class='ocrx_word' id='word_1_126' title='bbox 1781 2117 2097 2192; x_wconf 79' lang='lat' dir='ltr'><strong>faciebant,</strong></span> 
     </span>
    </p>
   </div>
   <div class='ocr_carea' id='block_1_21' title="bbox 448 2204 2096 2286">
    <p class='ocr_par' dir='ltr' id='par_1_21' title="bbox 448 2204 2096 2286">
     <span class='ocr_line' id='line_1_21' title="bbox 448 2204 2096 2286; baseline 0.001 -22"><span class='ocrx_word' id='word_1_127' title='bbox 448 2221 600 2279; x_wconf 85' lang='lat' dir='ltr'><strong>quos</strong></span> <span class='ocrx_word' id='word_1_128' title='bbox 629 2204 944 2284; x_wconf 88' lang='lat' dir='ltr'><strong>quotannis</strong></span> <span class='ocrx_word' id='word_1_129' title='bbox 978 2205 1284 2266; x_wconf 73' lang='lat' dir='ltr'><strong>mutabant</strong></span> <span class='ocrx_word' id='word_1_130' title='bbox 1318 2223 1334 2266; x_wconf 91' lang='lat'><strong>:</strong></span> <span class='ocrx_word' id='word_1_131' title='bbox 1381 2205 1606 2268; x_wconf 87' lang='lat' dir='ltr'><strong>idcirco</strong></span> <span class='ocrx_word' id='word_1_132' title='bbox 1636 2207 1712 2268; x_wconf 87' lang='lat' dir='ltr'><strong>ad</strong></span> <span class='ocrx_word' id='word_1_133' title='bbox 1758 2205 2096 2286; x_wconf 90' lang='lat' dir='ltr'><strong>pontiﬁcem</strong></span> 
     </span>
    </p>
   </div>
   <div class='ocr_carea' id='block_1_22' title="bbox 451 2292 2097 2369">
    <p class='ocr_par' dir='ltr' id='par_1_22' title="bbox 451 2292 2097 2369">
     <span class='ocr_line' id='line_1_22' title="bbox 451 2292 2097 2369; baseline 0.002 -17"><span class='ocrx_word' id='word_1_134' title='bbox 451 2292 614 2353; x_wconf 90' lang='lat' dir='ltr'><strong>illius</strong></span> <span class='ocrx_word' id='word_1_135' title='bbox 640 2293 786 2353; x_wconf 90' lang='lat' dir='ltr'><strong>anni</strong></span> <span class='ocrx_word' id='word_1_136' title='bbox 818 2293 1063 2355; x_wconf 79' lang='lat' dir='ltr'><strong>veniunt</strong></span> <span class='ocrx_word' id='word_1_137' title='bbox 1089 2293 1164 2354; x_wconf 91' lang='lat' dir='ltr'><strong>de</strong></span> <span class='ocrx_word' id='word_1_138' title='bbox 1185 2295 1508 2357; x_wconf 89' lang='lat' dir='ltr'><strong>homicidio</strong></span> <span class='ocrx_word' id='word_1_139' title='bbox 1525 2295 1836 2358; x_wconf 87' lang='lat' dir='ltr'><strong>consilium</strong></span> <span class='ocrx_word' id='word_1_140' title='bbox 1868 2295 2097 2369; x_wconf 90' lang='lat' dir='ltr'><strong>inituri,</strong></span> 
     </span>
    </p>
   </div>
   <div class='ocr_carea' id='block_1_23' title="bbox 454 2380 2102 2464">
    <p class='ocr_par' dir='ltr' id='par_1_23' title="bbox 454 2380 2102 2464">
     <span class='ocr_line' id='line_1_23' title="bbox 454 2380 2102 2464; baseline 0.003 -23"><span class='ocrx_word' id='word_1_141' title='bbox 454 2380 555 2442; x_wconf 92' lang='lat' dir='ltr'><strong>ubi</strong></span> <span class='ocrx_word' id='word_1_142' title='bbox 585 2380 897 2461; x_wconf 81' lang='lat' dir='ltr'><strong>oportebat</strong></span> <span class='ocrx_word' id='word_1_143' title='bbox 927 2382 1114 2461; x_wconf 88' lang='lat' dir='ltr'><strong>magis</strong></span> <span class='ocrx_word' id='word_1_144' title='bbox 1165 2383 1496 2446; x_wconf 81' lang='lat' dir='ltr'><strong>homicidas</strong></span> <span class='ocrx_word' id='word_1_145' title='bbox 1542 2384 1758 2464; x_wconf 88' lang='lat' dir='ltr'><strong>puniri.</strong></span> <span class='ocrx_word' id='word_1_146' title='bbox 1798 2384 2102 2464; x_wconf 86' lang='lat' dir='ltr'><strong>Principes</strong></span> 
     </span>
    </p>
   </div>
   <div class='ocr_carea' id='block_1_24' title="bbox 451 2471 2103 2552">
    <p class='ocr_par' dir='ltr' id='par_1_24' title="bbox 451 2471 2103 2552">
     <span class='ocr_line' id='line_1_24' title="bbox 451 2471 2103 2552; baseline 0.002 -21"><span class='ocrx_word' id='word_1_147' title='bbox 451 2477 650 2531; x_wconf 86' lang='lat' dir='ltr'><strong>autem</strong></span> <span class='ocrx_word' id='word_1_148' title='bbox 667 2471 1040 2533; x_wconf 85' lang='lat' dir='ltr'><strong>sacerdotum</strong></span> <span class='ocrx_word' id='word_1_149' title='bbox 1063 2471 1210 2533; x_wconf 90' lang='lat' dir='ltr'><strong>dicit</strong></span> <span class='ocrx_word' id='word_1_150' title='bbox 1237 2490 1341 2533; x_wconf 91' lang='lat' dir='ltr'><strong>eos</strong></span> <span class='ocrx_word' id='word_1_151' title='bbox 1365 2473 1461 2552; x_wconf 90' lang='lat' dir='ltr'><strong>qui</strong></span> <span class='ocrx_word' id='word_1_152' title='bbox 1485 2474 1607 2552; x_wconf 83' lang='lat' dir='ltr'><strong>jam</strong></span> <span class='ocrx_word' id='word_1_153' title='bbox 1631 2492 1827 2534; x_wconf 91' lang='lat' dir='ltr'><strong>annuo</strong></span> <span class='ocrx_word' id='word_1_154' title='bbox 1855 2489 2103 2534; x_wconf 90' lang='lat' dir='ltr'><strong>munere</strong></span> 
     </span>
    </p>
   </div>
   <div class='ocr_carea' id='block_1_25' title="bbox 453 2559 2101 2641">
    <p class='ocr_par' dir='ltr' id='par_1_25' title="bbox 453 2559 2101 2641">
     <span class='ocr_line' id='line_1_25' title="bbox 453 2559 2101 2641; baseline 0.002 -23"><span class='ocrx_word' id='word_1_155' title='bbox 453 2559 636 2622; x_wconf 79' lang='lat' dir='ltr'><strong>{uncti</strong></span> <span class='ocrx_word' id='word_1_156' title='bbox 669 2559 923 2622; x_wconf 81' lang='lat' dir='ltr'><strong>fuerant.</strong></span> <span class='ocrx_word' id='word_1_157' title='bbox 970 2561 1258 2622; x_wconf 72' lang='lat' dir='ltr'><strong>Caeterum</strong></span> <span class='ocrx_word' id='word_1_158' title='bbox 1301 2561 1649 2623; x_wconf 85' lang='lat' dir='ltr'><strong>sceleratum</strong></span> <span class='ocrx_word' id='word_1_159' title='bbox 1696 2561 1914 2623; x_wconf 66' lang='lat' dir='ltr'><strong>aedem</strong></span> <span class='ocrx_word' id='word_1_160' title='bbox 1961 2578 2101 2641; x_wconf 91' lang='lat' dir='ltr'><strong>per-</strong></span> 
     </span>
    </p>
   </div>
   <div class='ocr_carea' id='block_1_26' title="bbox 456 2647 2098 2728">
    <p class='ocr_par' dir='ltr' id='par_1_26' title="bbox 456 2647 2098 2728">
     <span class='ocr_line' id='line_1_26' title="bbox 456 2647 2098 2728; baseline 0.001 -20"><span class='ocrx_word' id='word_1_161' title='bbox 456 2649 765 2728; x_wconf 87' lang='lat' dir='ltr'><strong>petraturi,</strong></span> <span class='ocrx_word' id='word_1_162' title='bbox 827 2667 946 2709; x_wconf 88' lang='lat' dir='ltr'><strong>non</strong></span> <span class='ocrx_word' id='word_1_163' title='bbox 1023 2647 1236 2720; x_wconf 82' lang='lat' dir='ltr'><strong>Deum,</strong></span> <span class='ocrx_word' id='word_1_164' title='bbox 1315 2651 1420 2712; x_wconf 91' lang='lat' dir='ltr'><strong>sed</strong></span> <span class='ocrx_word' id='word_1_165' title='bbox 1500 2650 1731 2713; x_wconf 83' lang='lat' dir='ltr'><strong>turbam</strong></span> <span class='ocrx_word' id='word_1_166' title='bbox 1792 2649 2098 2711; x_wconf 89' lang='lat' dir='ltr'><strong>timebant.</strong></span> 
     </span>
    </p>
   </div>
   <div class='ocr_carea' id='block_1_27' title="bbox 455 2735 2100 2820">
    <p class='ocr_par' dir='ltr' id='par_1_27' title="bbox 455 2735 2100 2820">
     <span class='ocr_line' id='line_1_27' title="bbox 455 2735 2100 2820; baseline 0.001 -22"><span class='ocrx_word' id='word_1_167' title='bbox 455 2735 805 2799; x_wconf 85' lang='lat' dir='ltr'><strong>Timuerunt</strong></span> <span class='ocrx_word' id='word_1_168' title='bbox 857 2738 1018 2800; x_wconf 91' lang='lat' dir='ltr'><strong>enim</strong></span> <span class='ocrx_word' id='word_1_169' title='bbox 1068 2757 1142 2798; x_wconf 86' lang='lat' dir='ltr'><strong>ne</strong></span> <span class='ocrx_word' id='word_1_170' title='bbox 1188 2758 1306 2819; x_wconf 81' lang='lat' dir='ltr'><strong>quo</strong></span> <span class='ocrx_word' id='word_1_171' title='bbox 1363 2748 1552 2820; x_wconf 89' lang='lat' dir='ltr'><strong>pacto,</strong></span> <span class='ocrx_word' id='word_1_172' title='bbox 1607 2739 1656 2800; x_wconf 87' lang='lat' dir='ltr'><strong>si</strong></span> <span class='ocrx_word' id='word_1_173' title='bbox 1705 2738 1764 2800; x_wconf 90' lang='lat' dir='ltr'><strong>in</strong></span> <span class='ocrx_word' id='word_1_174' title='bbox 1807 2738 1906 2801; x_wconf 89' lang='lat' dir='ltr'><strong>die</strong></span> <span class='ocrx_word' id='word_1_175' title='bbox 1951 2738 2100 2800; x_wconf 82' lang='lat' dir='ltr'><strong>festo</strong></span> 
     </span>
    </p>
   </div>
   <div class='ocr_carea' id='block_1_28' title="bbox 454 2828 2098 2903">
    <p class='ocr_par' dir='ltr' id='par_1_28' title="bbox 454 2828 2098 2903">
     <span class='ocr_line' id='line_1_28' title="bbox 454 2828 2098 2903; baseline 0.002 -15"><span class='ocrx_word' id='word_1_176' title='bbox 454 2828 621 2890; x_wconf 87' lang='lat' dir='ltr'><strong>illum</strong></span> <span class='ocrx_word' id='word_1_177' title='bbox 655 2830 1028 2903; x_wconf 82' lang='lat' dir='ltr'><strong>occiderent,</strong></span> <span class='ocrx_word' id='word_1_178' title='bbox 1081 2830 1251 2893; x_wconf 88' lang='lat' dir='ltr'><strong>turba</strong></span> <span class='ocrx_word' id='word_1_179' title='bbox 1310 2835 1366 2894; x_wconf 91' lang='lat' dir='ltr'><strong>in</strong></span> <span class='ocrx_word' id='word_1_180' title='bbox 1401 2832 1690 2894; x_wconf 88' lang='lat' dir='ltr'><strong>ultionem</strong></span> <span class='ocrx_word' id='word_1_181' title='bbox 1723 2831 2098 2892; x_wconf 81' lang='lat' dir='ltr'><strong>excitaretur.</strong></span> 
     </span>
    </p>
   </div>
   <div class='ocr_carea' id='block_1_29' title="bbox 456 2916 2102 2998">
    <p class='ocr_par' dir='ltr' id='par_1_29' title="bbox 456 2916 2102 2998">
     <span class='ocr_line' id='line_1_29' title="bbox 456 2916 2102 2998; baseline -0.001 -18"><span class='ocrx_word' id='word_1_182' title='bbox 456 2916 562 2980; x_wconf 79' lang='lat' dir='ltr'><strong>Vel</strong></span> <span class='ocrx_word' id='word_1_183' title='bbox 596 2921 772 2980; x_wconf 90' lang='lat' dir='ltr'><strong>etiam</strong></span> <span class='ocrx_word' id='word_1_184' title='bbox 805 2923 942 2998; x_wconf 90' lang='lat' dir='ltr'><strong>quia</strong></span> <span class='ocrx_word' id='word_1_185' title='bbox 971 2929 1110 2982; x_wconf 94' lang='lat' dir='ltr'><strong>tunc</strong></span> <span class='ocrx_word' id='word_1_186' title='bbox 1141 2920 1448 2984; x_wconf 81' lang='lat' dir='ltr'><strong>offerenda</strong></span> <span class='ocrx_word' id='word_1_187' title='bbox 1478 2929 1646 2983; x_wconf 88' lang='lat' dir='ltr'><strong>erant</strong></span> <span class='ocrx_word' id='word_1_188' title='bbox 1689 2920 1886 2980; x_wconf 89' lang='lat' dir='ltr'><strong>omnia</strong></span> <span class='ocrx_word' id='word_1_189' title='bbox 1912 2918 2102 2980; x_wconf 86' lang='lat' dir='ltr'><strong>sacri-</strong></span> 
     </span>
    </p>
   </div>
   <div class='ocr_carea' id='block_1_30' title="bbox 457 3005 2101 3090">
    <p class='ocr_par' dir='ltr' id='par_1_30' title="bbox 457 3005 2101 3090">
     <span class='ocr_line' id='line_1_30' title="bbox 457 3005 2101 3090; baseline -0.001 -22"><span class='ocrx_word' id='word_1_190' title='bbox 457 3005 593 3068; x_wconf 79' lang='lat' dir='ltr'><strong>ﬁcia</strong></span> <span class='ocrx_word' id='word_1_191' title='bbox 620 3006 682 3068; x_wconf 90' lang='lat' dir='ltr'><strong>in</strong></span> <span class='ocrx_word' id='word_1_192' title='bbox 713 3008 842 3088; x_wconf 83' lang='lat' dir='ltr'><strong>lege</strong></span> <span class='ocrx_word' id='word_1_193' title='bbox 874 3008 1135 3090; x_wconf 89' lang='lat' dir='ltr'><strong>decreta,</strong></span> <span class='ocrx_word' id='word_1_194' title='bbox 1169 3027 1244 3070; x_wconf 89' lang='lat' dir='ltr'><strong>ne</strong></span> <span class='ocrx_word' id='word_1_195' title='bbox 1275 3009 1528 3090; x_wconf 87' lang='lat' dir='ltr'><strong>populus</strong></span> <span class='ocrx_word' id='word_1_196' title='bbox 1559 3018 1799 3089; x_wconf 83' lang='lat' dir='ltr'><strong>prepter</strong></span> <span class='ocrx_word' id='word_1_197' title='bbox 1845 3007 2101 3070; x_wconf 87' lang='lat' dir='ltr'><strong>homici-</strong></span> 
     </span>
    </p>
   </div>
   <div class='ocr_carea' id='block_1_31' title="bbox 458 3089 2162 3178">
    <p class='ocr_par' dir='ltr' id='par_1_31' title="bbox 458 3089 2162 3178">
     <span class='ocr_line' id='line_1_31' title="bbox 458 3089 2162 3178; baseline 0 -21"><span class='ocrx_word' id='word_1_198' title='bbox 458 3096 618 3158; x_wconf 88' lang='lat' dir='ltr'><strong>dium</strong></span> <span class='ocrx_word' id='word_1_199' title='bbox 671 3115 704 3156; x_wconf 90' lang='lat' dir='ltr'><strong>a</strong></span> <span class='ocrx_word' id='word_1_200' title='bbox 753 3097 1064 3159; x_wconf 83' lang='lat' dir='ltr'><strong>sacriﬁciis</strong></span> <span class='ocrx_word' id='word_1_201' title='bbox 1112 3089 1450 3170; x_wconf 83' lang='lat' dir='ltr'><strong>absisteret,</strong></span> <span class='ocrx_word' id='word_1_202' title='bbox 1502 3097 1942 3178; x_wconf 82' lang='lat' dir='ltr'><strong>perderentque</strong></span> <span class='ocrx_word' id='word_1_203' title='bbox 1991 3089 2162 3177; x_wconf 83' lang='lat' dir='ltr'><strong>ipsic</strong></span> 
     </span>
    </p>
   </div>
   <div class='ocr_carea' id='block_1_32' title="bbox 459 3188 2106 3268">
    <p class='ocr_par' dir='ltr' id='par_1_32' title="bbox 459 3188 2106 3268">
     <span class='ocr_line' id='line_1_32' title="bbox 459 3188 2106 3268; baseline 0.001 -21"><span class='ocrx_word' id='word_1_204' title='bbox 459 3188 688 3249; x_wconf 91' lang='lat' dir='ltr'><strong>lucrum</strong></span> <span class='ocrx_word' id='word_1_205' title='bbox 750 3189 907 3268; x_wconf 92' lang='lat' dir='ltr'><strong>quod</strong></span> <span class='ocrx_word' id='word_1_206' title='bbox 965 3208 1035 3251; x_wconf 89' lang='lat' dir='ltr'><strong>ex</strong></span> <span class='ocrx_word' id='word_1_207' title='bbox 1084 3189 1394 3252; x_wconf 89' lang='lat' dir='ltr'><strong>sacriﬁciis</strong></span> <span class='ocrx_word' id='word_1_208' title='bbox 1437 3189 1759 3252; x_wconf 87' lang='lat' dir='ltr'><strong>habebant.</strong></span> <span class='ocrx_word' id='word_1_209' title='bbox 1813 3189 2106 3252; x_wconf 80' lang='lat' dir='ltr'><strong>Fortassis</strong></span> 
     </span>
    </p>
   </div>
   <div class='ocr_carea' id='block_1_33' title="bbox 457 3278 2103 3350">
    <p class='ocr_par' dir='ltr' id='par_1_33' title="bbox 457 3278 2103 3350">
     <span class='ocr_line' id='line_1_33' title="bbox 457 3278 2103 3350; baseline 0.003 -15"><span class='ocrx_word' id='word_1_210' title='bbox 457 3285 656 3336; x_wconf 88' lang='lat' dir='ltr'><strong>autem</strong></span> <span class='ocrx_word' id='word_1_211' title='bbox 689 3278 888 3339; x_wconf 90' lang='lat' dir='ltr'><strong>ethoc</strong></span> <span class='ocrx_word' id='word_1_212' title='bbox 939 3278 1287 3350; x_wconf 85' lang='lat' dir='ltr'><strong>timuerunt,</strong></span> <span class='ocrx_word' id='word_1_213' title='bbox 1351 3298 1426 3341; x_wconf 91' lang='lat' dir='ltr'><strong>ne</strong></span> <span class='ocrx_word' id='word_1_214' title='bbox 1479 3279 1631 3340; x_wconf 76' lang='lat' dir='ltr'><strong>forte</strong></span> <span class='ocrx_word' id='word_1_215' title='bbox 1688 3280 1747 3339; x_wconf 92' lang='lat' dir='ltr'><strong>in</strong></span> <span class='ocrx_word' id='word_1_216' title='bbox 1806 3279 1905 3340; x_wconf 89' lang='lat' dir='ltr'><strong>die</strong></span> <span class='ocrx_word' id='word_1_217' title='bbox 1954 3278 2103 3340; x_wconf 82' lang='lat' dir='ltr'><strong>{esto</strong></span> 
     </span>
    </p>
   </div>
   <div class='ocr_carea' id='block_1_34' title="bbox 461 3363 2106 3444">
    <p class='ocr_par' dir='ltr' id='par_1_34' title="bbox 461 3363 2106 3444">
     <span class='ocr_line' id='line_1_34' title="bbox 461 3363 2106 3444; baseline 0 -20"><span class='ocrx_word' id='word_1_218' title='bbox 461 3363 682 3436; x_wconf 87' lang='lat' dir='ltr'><strong>occiso,</strong></span> <span class='ocrx_word' id='word_1_219' title='bbox 717 3364 879 3427; x_wconf 91' lang='lat' dir='ltr'><strong>illius</strong></span> <span class='ocrx_word' id='word_1_220' title='bbox 911 3384 1070 3427; x_wconf 91' lang='lat' dir='ltr'><strong>mors</strong></span> <span class='ocrx_word' id='word_1_221' title='bbox 1091 3365 1348 3429; x_wconf 89' lang='lat' dir='ltr'><strong>nobilior</strong></span> <span class='ocrx_word' id='word_1_222' title='bbox 1367 3377 1425 3429; x_wconf 91' lang='lat' dir='ltr'><strong>et</strong></span> <span class='ocrx_word' id='word_1_223' title='bbox 1451 3367 1671 3429; x_wconf 76' lang='lat' dir='ltr'><strong>clarior</strong></span> <span class='ocrx_word' id='word_1_224' title='bbox 1700 3368 1907 3429; x_wconf 90' lang='lat' dir='ltr'><strong>ﬁeret:</strong></span> <span class='ocrx_word' id='word_1_225' title='bbox 1944 3375 2106 3444; x_wconf 84' lang='lat' dir='ltr'><strong>opta-</strong></span> 
     </span>
    </p>
   </div>
   <div class='ocr_carea' id='block_1_35' title="bbox 463 3451 2107 3533">
    <p class='ocr_par' dir='ltr' id='par_1_35' title="bbox 463 3451 2107 3533">
     <span class='ocr_line' id='line_1_35' title="bbox 463 3451 2107 3533; baseline 0.001 -21"><span class='ocrx_word' id='word_1_226' title='bbox 463 3451 604 3513; x_wconf 92' lang='lat' dir='ltr'><strong>bant</strong></span> <span class='ocrx_word' id='word_1_227' title='bbox 629 3454 788 3514; x_wconf 92' lang='lat' dir='ltr'><strong>enim</strong></span> <span class='ocrx_word' id='word_1_228' title='bbox 810 3454 1158 3515; x_wconf 91' lang='lat' dir='ltr'><strong>memoriam</strong></span> <span class='ocrx_word' id='word_1_229' title='bbox 1191 3455 1319 3533; x_wconf 90' lang='lat' dir='ltr'><strong>ejus</strong></span> <span class='ocrx_word' id='word_1_230' title='bbox 1348 3454 1618 3518; x_wconf 87' lang='lat' dir='ltr'><strong>abolere.</strong></span> <span class='ocrx_word' id='word_1_231' title='bbox 1653 3455 1740 3517; x_wconf 91' lang='lat' dir='ltr'><strong>llli</strong></span> <span class='ocrx_word' id='word_1_232' title='bbox 1772 3454 1948 3533; x_wconf 86' lang='lat' dir='ltr'><strong>igitur</strong></span> <span class='ocrx_word' id='word_1_233' title='bbox 1973 3462 2107 3514; x_wconf 91' lang='lat' dir='ltr'><strong>ante</strong></span> 
     </span>
    </p>
   </div>
   <div class='ocr_carea' id='block_1_36' title="bbox 463 3541 2106 3624">
    <p class='ocr_par' dir='ltr' id='par_1_36' title="bbox 463 3541 2106 3624">
     <span class='ocr_line' id='line_1_36' title="bbox 463 3541 2106 3624; baseline 0.001 -24"><span class='ocrx_word' id='word_1_234' title='bbox 463 3541 679 3602; x_wconf 77' lang='lat' dir='ltr'><strong>festum</strong></span> <span class='ocrx_word' id='word_1_235' title='bbox 706 3542 1015 3604; x_wconf 90' lang='lat' dir='ltr'><strong>consilium</strong></span> <span class='ocrx_word' id='word_1_236' title='bbox 1051 3542 1333 3617; x_wconf 89' lang='lat' dir='ltr'><strong>inierunt,</strong></span> <span class='ocrx_word' id='word_1_237' title='bbox 1367 3553 1430 3605; x_wconf 94' lang='lat' dir='ltr'><strong>ut</strong></span> <span class='ocrx_word' id='word_1_238' title='bbox 1461 3545 1551 3606; x_wconf 79' lang='lat' dir='ltr'><strong>vel</strong></span> <span class='ocrx_word' id='word_1_239' title='bbox 1599 3543 1751 3605; x_wconf 78' lang='lat' dir='ltr'><strong>forte</strong></span> <span class='ocrx_word' id='word_1_240' title='bbox 1781 3553 1914 3624; x_wconf 88' lang='lat' dir='ltr'><strong>post</strong></span> <span class='ocrx_word' id='word_1_241' title='bbox 1948 3543 2106 3603; x_wconf 90' lang='lat' dir='ltr'><strong>diem</strong></span> 
     </span>
    </p>
   </div>
   <div class='ocr_carea' id='block_1_37' title="bbox 463 3629 2107 3711">
    <p class='ocr_par' dir='ltr' id='par_1_37' title="bbox 463 3629 2107 3711">
     <span class='ocr_line' id='line_1_37' title="bbox 463 3629 2107 3711; baseline 0.002 -22"><span class='ocrx_word' id='word_1_242' title='bbox 463 3629 676 3691; x_wconf 80' lang='lat' dir='ltr'><strong>festum</strong></span> <span class='ocrx_word' id='word_1_243' title='bbox 706 3631 1074 3696; x_wconf 90' lang='lat' dir='ltr'><strong>occiderent.</strong></span> <span class='ocrx_word' id='word_1_244' title='bbox 1106 3632 1182 3695; x_wconf 81' lang='lat' dir='ltr'><strong>At</strong></span> <span class='ocrx_word' id='word_1_245' title='bbox 1212 3651 1330 3695; x_wconf 93' lang='lat' dir='ltr'><strong>non</strong></span> <span class='ocrx_word' id='word_1_246' title='bbox 1365 3633 1604 3711; x_wconf 91' lang='lat' dir='ltr'><strong>quando</strong></span> <span class='ocrx_word' id='word_1_247' title='bbox 1637 3632 1722 3694; x_wconf 91' lang='lat' dir='ltr'><strong>illi</strong></span> <span class='ocrx_word' id='word_1_248' title='bbox 1770 3633 2107 3704; x_wconf 85' lang='lat' dir='ltr'><strong>voluerunt,</strong></span> 
     </span>
    </p>
   </div>
   <div class='ocr_carea' id='block_1_38' title="bbox 463 3717 2113 3801">
    <p class='ocr_par' dir='ltr' id='par_1_38' title="bbox 463 3717 2113 3801">
     <span class='ocr_line' id='line_1_38' title="bbox 463 3717 2113 3801; baseline 0.001 -24"><span class='ocrx_word' id='word_1_249' title='bbox 463 3717 568 3779; x_wconf 91' lang='lat' dir='ltr'><strong>sed</strong></span> <span class='ocrx_word' id='word_1_250' title='bbox 618 3718 851 3798; x_wconf 85' lang='lat' dir='ltr'><strong>quando</strong></span> <span class='ocrx_word' id='word_1_251' title='bbox 901 3719 1029 3801; x_wconf 90' lang='lat' dir='ltr'><strong>ipse</strong></span> <span class='ocrx_word' id='word_1_252' title='bbox 1086 3721 1268 3781; x_wconf 82' lang='lat' dir='ltr'><strong>voluit</strong></span> <span class='ocrx_word' id='word_1_253' title='bbox 1316 3723 1459 3801; x_wconf 85' lang='lat' dir='ltr'><strong>pati,</strong></span> <span class='ocrx_word' id='word_1_254' title='bbox 1512 3739 1576 3780; x_wconf 88' lang='lat' dir='ltr'><strong>se</strong></span> <span class='ocrx_word' id='word_1_255' title='bbox 1625 3720 1976 3800; x_wconf 80' lang='lat' dir='ltr'><strong>capiendum</strong></span> <span class='ocrx_word' id='word_1_256' title='bbox 2025 3719 2113 3781; x_wconf 90' lang='lat' dir='ltr'><strong>eis</strong></span> 
     </span>
    </p>
   </div>
   <div class='ocr_carea' id='block_1_39' title="bbox 465 3805 2112 3887">
    <p class='ocr_par' dir='ltr' id='par_1_39' title="bbox 465 3805 2112 3887">
     <span class='ocr_line' id='line_1_39' title="bbox 465 3805 2112 3887; baseline 0.002 -22"><span class='ocrx_word' id='word_1_257' title='bbox 465 3805 756 3885; x_wconf 89' lang='lat' dir='ltr'><strong>permisit,</strong></span> <span class='ocrx_word' id='word_1_258' title='bbox 794 3824 899 3886; x_wconf 91' lang='lat' dir='ltr'><strong>per</strong></span> <span class='ocrx_word' id='word_1_259' title='bbox 947 3817 1180 3886; x_wconf 81' lang='lat' dir='ltr'><strong>tempus</strong></span> <span class='ocrx_word' id='word_1_260' title='bbox 1208 3809 1441 3872; x_wconf 89' lang='lat' dir='ltr'><strong>scilicet</strong></span> <span class='ocrx_word' id='word_1_261' title='bbox 1481 3809 1742 3883; x_wconf 65' lang='lat' dir='ltr'><strong>Pascha,</strong></span> <span class='ocrx_word' id='word_1_262' title='bbox 1777 3817 1837 3868; x_wconf 88' lang='lat' dir='ltr'><strong>ut</strong></span> <span class='ocrx_word' id='word_1_263' title='bbox 1877 3806 2112 3887; x_wconf 89' lang='lat' dir='ltr'><strong>quando</strong></span> 
     </span>
    </p>
   </div>
   <div class='ocr_carea' id='block_1_40' title="bbox 465 3895 2108 3975">
    <p class='ocr_par' dir='ltr' id='par_1_40' title="bbox 465 3895 2108 3975">
     <span class='ocr_line' id='line_1_40' title="bbox 465 3895 2108 3975; baseline 0.001 -22"><span class='ocrx_word' id='word_1_264' title='bbox 465 3895 717 3975; x_wconf 72' lang='lat' dir='ltr'><strong>typicum</strong></span> <span class='ocrx_word' id='word_1_265' title='bbox 779 3897 1027 3972; x_wconf 87' lang='lat' dir='ltr'><strong>Pascha,</strong></span> <span class='ocrx_word' id='word_1_266' title='bbox 1092 3906 1229 3958; x_wconf 92' lang='lat' dir='ltr'><strong>tunc</strong></span> <span class='ocrx_word' id='word_1_267' title='bbox 1282 3908 1340 3960; x_wconf 89' lang='lat' dir='ltr'><strong>et</strong></span> <span class='ocrx_word' id='word_1_268' title='bbox 1386 3915 1589 3959; x_wconf 79' lang='lat' dir='ltr'><strong>verum</strong></span> <span class='ocrx_word' id='word_1_269' title='bbox 1641 3897 1869 3960; x_wconf 88' lang='lat' dir='ltr'><strong>Pascha</strong></span> <span class='ocrx_word' id='word_1_270' title='bbox 1916 3897 2108 3957; x_wconf 87' lang='lat' dir='ltr'><strong>ﬁeret.</strong></span> 
     </span>
    </p>
   </div>
   <div class='ocr_carea' id='block_1_41' title="bbox 466 3981 2112 4065">
    <p class='ocr_par' dir='ltr' id='par_1_41' title="bbox 466 3981 2112 4065">
     <span class='ocr_line' id='line_1_41' title="bbox 466 3981 2112 4065; baseline -0.001 -19"><span class='ocrx_word' id='word_1_271' title='bbox 466 3981 712 4046; x_wconf 84' lang='lat' dir='ltr'><strong>Discere</strong></span> <span class='ocrx_word' id='word_1_272' title='bbox 740 3994 938 4046; x_wconf 89' lang='lat' dir='ltr'><strong>autem</strong></span> <span class='ocrx_word' id='word_1_273' title='bbox 981 3993 1037 4046; x_wconf 92' lang='lat' dir='ltr'><strong>et</strong></span> <span class='ocrx_word' id='word_1_274' title='bbox 1067 3984 1202 4047; x_wconf 90' lang='lat' dir='ltr'><strong>illos</strong></span> <span class='ocrx_word' id='word_1_275' title='bbox 1248 3986 1429 4048; x_wconf 82' lang='lat' dir='ltr'><strong>caedis</strong></span> <span class='ocrx_word' id='word_1_276' title='bbox 1459 3986 1659 4047; x_wconf 77' lang='lat' dir='ltr'><strong>avidos</strong></span> <span class='ocrx_word' id='word_1_277' title='bbox 1688 3984 1870 4047; x_wconf 77' lang='lat' dir='ltr'><strong>fuisse</strong></span> <span class='ocrx_word' id='word_1_278' title='bbox 1901 4003 2112 4065; x_wconf 85' lang='lat' dir='ltr'><strong>possu-</strong></span> 
     </span>
    </p>
   </div>
   <div class='ocr_carea' id='block_1_42' title="bbox 469 4071 2110 4153">
    <p class='ocr_par' dir='ltr' id='par_1_42' title="bbox 469 4071 2110 4153">
     <span class='ocr_line' id='line_1_42' title="bbox 469 4071 2110 4153; baseline 0 -20"><span class='ocrx_word' id='word_1_279' title='bbox 469 4090 623 4136; x_wconf 87' lang='lat' dir='ltr'><strong>mus.</strong></span> <span class='ocrx_word' id='word_1_280' title='bbox 648 4071 796 4134; x_wconf 83' lang='lat' dir='ltr'><strong>Nam</strong></span> <span class='ocrx_word' id='word_1_281' title='bbox 821 4073 924 4153; x_wconf 90' lang='lat' dir='ltr'><strong>qui</strong></span> <span class='ocrx_word' id='word_1_282' title='bbox 947 4073 1227 4136; x_wconf 91' lang='lat' dir='ltr'><strong>nolebant</strong></span> <span class='ocrx_word' id='word_1_283' title='bbox 1257 4075 1424 4136; x_wconf 90' lang='lat' dir='ltr'><strong>illum</strong></span> <span class='ocrx_word' id='word_1_284' title='bbox 1455 4075 1732 4137; x_wconf 90' lang='lat' dir='ltr'><strong>occidere</strong></span> <span class='ocrx_word' id='word_1_285' title='bbox 1759 4073 1922 4135; x_wconf 90' lang='lat' dir='ltr'><strong>indie</strong></span> <span class='ocrx_word' id='word_1_286' title='bbox 1939 4073 2110 4147; x_wconf 85' lang='lat' dir='ltr'><strong>festo,</strong></span> 
     </span>
    </p>
   </div>
   <div class='ocr_carea' id='block_1_43' title="bbox 468 4162 2115 4242">
    <p class='ocr_par' dir='ltr' id='par_1_43' title="bbox 468 4162 2115 4242">
     <span class='ocr_line' id='line_1_43' title="bbox 468 4162 2115 4242; baseline -0.002 -17"><span class='ocrx_word' id='word_1_287' title='bbox 468 4181 602 4225; x_wconf 89' lang='lat' dir='ltr'><strong>cum</strong></span> <span class='ocrx_word' id='word_1_288' title='bbox 636 4162 992 4225; x_wconf 83' lang='lat' dir='ltr'><strong>invenerunt</strong></span> <span class='ocrx_word' id='word_1_289' title='bbox 1023 4163 1410 4242; x_wconf 78' lang='lat' dir='ltr'><strong>proditorem,</strong></span> <span class='ocrx_word' id='word_1_290' title='bbox 1445 4173 1582 4224; x_wconf 90' lang='lat' dir='ltr'><strong>tunc</strong></span> <span class='ocrx_word' id='word_1_291' title='bbox 1611 4162 1956 4225; x_wconf 90' lang='lat' dir='ltr'><strong>occiderunt</strong></span> <span class='ocrx_word' id='word_1_292' title='bbox 1977 4180 2115 4223; x_wconf 84' lang='lat' dir='ltr'><strong>con-</strong></span> 
     </span>
    </p>
   </div>
   <div class='ocr_carea' id='block_1_44' title="bbox 472 4250 2109 4332">
    <p class='ocr_par' dir='ltr' id='par_1_44' title="bbox 472 4250 2109 4332">
     <span class='ocr_line' id='line_1_44' title="bbox 472 4250 2109 4332; baseline 0.001 -22"><span class='ocrx_word' id='word_1_293' title='bbox 472 4259 695 4332; x_wconf 82' lang='lat' dir='ltr'><strong>tempta</strong></span> <span class='ocrx_word' id='word_1_294' title='bbox 727 4252 903 4314; x_wconf 88' lang='lat' dir='ltr'><strong>etiam</strong></span> <span class='ocrx_word' id='word_1_295' title='bbox 948 4250 1138 4328; x_wconf 91' lang='lat' dir='ltr'><strong>turba,</strong></span> <span class='ocrx_word' id='word_1_296' title='bbox 1175 4251 1350 4313; x_wconf 90' lang='lat' dir='ltr'><strong>modo</strong></span> <span class='ocrx_word' id='word_1_297' title='bbox 1384 4251 1650 4313; x_wconf 88' lang='lat' dir='ltr'><strong>voluntas</strong></span> <span class='ocrx_word' id='word_1_298' title='bbox 1679 4268 1884 4313; x_wconf 89' lang='lat' dir='ltr'><strong>eorum</strong></span> <span class='ocrx_word' id='word_1_299' title='bbox 1916 4251 2109 4313; x_wconf 86' lang='lat' dir='ltr'><strong>ﬁeret.</strong></span> 
     </span>
    </p>
   </div>
   <div class='ocr_carea' id='block_1_45' title="bbox 551 4338 2116 4416">
    <p class='ocr_par' dir='ltr' id='par_1_45' title="bbox 551 4338 2116 4416">
     <span class='ocr_line' id='line_1_45' title="bbox 551 4338 2116 4416; baseline -0.001 -15"><span class='ocrx_word' id='word_1_300' title='bbox 551 4341 736 4403; x_wconf 71' lang='lat' dir='ltr'><strong>Vens.</strong></span> <span class='ocrx_word' id='word_1_301' title='bbox 771 4341 831 4416; x_wconf 87' lang='lat'><strong>6,</strong></span> <span class='ocrx_word' id='word_1_302' title='bbox 851 4341 952 4403; x_wconf 72' lang='grc'><strong>7.·</strong></span> <span class='ocrx_word' id='word_1_303' title='bbox 987 4343 1131 4404; x_wconf 88' lang='lat' dir='ltr'><strong>Cum</strong></span> <span class='ocrx_word' id='word_1_304' title='bbox 1161 4348 1356 4402; x_wconf 89' lang='lat' dir='ltr'><strong>autem</strong></span> <span class='ocrx_word' id='word_1_305' title='bbox 1379 4338 1722 4403; x_wconf 87' lang='lat' dir='ltr'><strong>essetJesus</strong></span> <span class='ocrx_word' id='word_1_306' title='bbox 1743 4340 1804 4400; x_wconf 92' lang='lat' dir='ltr'><strong>in</strong></span> <span class='ocrx_word' id='word_1_307' title='bbox 1827 4339 2116 4402; x_wconf 86' lang='lat' dir='ltr'><strong>Bethania</strong></span> 
     </span>
    </p>
   </div>
   <div class='ocr_carea' id='block_1_46' title="bbox 472 4427 2118 4510">
    <p class='ocr_par' dir='ltr' id='par_1_46' title="bbox 472 4427 2118 4510">
     <span class='ocr_line' id='line_1_46' title="bbox 472 4427 2118 4510; baseline -0.001 -20"><span class='ocrx_word' id='word_1_308' title='bbox 472 4428 534 4491; x_wconf 89' lang='lat' dir='ltr'><strong>in</strong></span> <span class='ocrx_word' id='word_1_309' title='bbox 568 4428 746 4490; x_wconf 92' lang='lat' dir='ltr'><strong>domo</strong></span> <span class='ocrx_word' id='word_1_310' title='bbox 778 4427 1040 4492; x_wconf 90' lang='lat' dir='ltr'><strong>Simonis</strong></span> <span class='ocrx_word' id='word_1_311' title='bbox 1069 4429 1313 4510; x_wconf 89' lang='lat' dir='ltr'><strong>leprosi,</strong></span> <span class='ocrx_word' id='word_1_312' title='bbox 1355 4430 1604 4492; x_wconf 82' lang='lat' dir='ltr'><strong>accessit</strong></span> <span class='ocrx_word' id='word_1_313' title='bbox 1632 4428 1704 4490; x_wconf 89' lang='lat' dir='ltr'><strong>ad</strong></span> <span class='ocrx_word' id='word_1_314' title='bbox 1735 4447 1868 4490; x_wconf 91' lang='lat' dir='ltr'><strong>eum</strong></span> <span class='ocrx_word' id='word_1_315' title='bbox 1906 4427 2118 4489; x_wconf 89' lang='lat' dir='ltr'><strong>mulier</strong></span> 
     </span>
    </p>
   </div>
   <div class='ocr_carea' id='block_1_47' title="bbox 476 4516 2122 4598">
    <p class='ocr_par' dir='ltr' id='par_1_47' title="bbox 476 4516 2122 4598">
     <span class='ocr_line' id='line_1_47' title="bbox 476 4516 2122 4598; baseline -0.004 -15"><span class='ocrx_word' id='word_1_316' title='bbox 476 4519 700 4583; x_wconf 79' lang='lat' dir='ltr'><strong>habens</strong></span> <span class='ocrx_word' id='word_1_317' title='bbox 732 4516 1087 4579; x_wconf 86' lang='lat' dir='ltr'><strong>alabastrum</strong></span> <span class='ocrx_word' id='word_1_318' title='bbox 1139 4518 1424 4596; x_wconf 89' lang='lat' dir='ltr'><strong>unguenti</strong></span> <span class='ocrx_word' id='word_1_319' title='bbox 1481 4516 1746 4598; x_wconf 90' lang='lat' dir='ltr'><strong>pretiosi,</strong></span> <span class='ocrx_word' id='word_1_320' title='bbox 1804 4524 1863 4577; x_wconf 90' lang='lat' dir='ltr'><strong>et</strong></span> <span class='ocrx_word' id='word_1_321' title='bbox 1917 4516 2122 4578; x_wconf 75' lang='lat' dir='ltr'><strong>effudit</strong></span> 
     </span>
    </p>
   </div>
   <div class='ocr_carea' id='block_1_48' title="bbox 476 4603 2117 4688">
    <p class='ocr_par' dir='ltr' id='par_1_48' title="bbox 476 4603 2117 4688">
     <span class='ocr_line' id='line_1_48' title="bbox 476 4603 2117 4688; baseline -0.002 -19"><span class='ocrx_word' id='word_1_322' title='bbox 476 4624 659 4688; x_wconf 89' lang='lat' dir='ltr'><strong>super</strong></span> <span class='ocrx_word' id='word_1_323' title='bbox 687 4615 862 4688; x_wconf 88' lang='lat' dir='ltr'><strong>caput</strong></span> <span class='ocrx_word' id='word_1_324' title='bbox 911 4605 1105 4686; x_wconf 90' lang='lat' dir='ltr'><strong>ipsius</strong></span> <span class='ocrx_word' id='word_1_325' title='bbox 1149 4607 1571 4671; x_wconf 87' lang='lat' dir='ltr'><strong>recumbentis.</strong></span> <span class='ocrx_word' id='word_1_326' title='bbox 1613 4629 1637 4661; x_wconf 72' lang='grc' dir='ltr'><strong><em>η</em></strong></span> <span class='ocrx_word' id='word_1_327' title='bbox 1696 4606 1836 4665; x_wconf 71' lang='grc'><strong>145</strong></span> <span class='ocrx_word' id='word_1_328' title='bbox 1865 4603 2117 4677; x_wconf 84' lang='lat' dir='ltr'><strong>Quidam</strong></span> 
     </span>
    </p>
   </div>
   <div class='ocr_carea' id='block_1_49' title="bbox 479 4693 2119 4776">
    <p class='ocr_par' dir='ltr' id='par_1_49' title="bbox 479 4693 2119 4776">
     <span class='ocr_line' id='line_1_49' title="bbox 479 4693 2119 4776; baseline -0.003 -18"><span class='ocrx_word' id='word_1_329' title='bbox 479 4696 689 4758; x_wconf 86' lang='lat' dir='ltr'><strong>dicunt</strong></span> <span class='ocrx_word' id='word_1_330' title='bbox 713 4703 832 4758; x_wconf 90' lang='lat' dir='ltr'><strong>tres</strong></span> <span class='ocrx_word' id='word_1_331' title='bbox 855 4712 988 4758; x_wconf 87' lang='lat' dir='ltr'><strong>esse</strong></span> <span class='ocrx_word' id='word_1_332' title='bbox 1011 4695 1296 4758; x_wconf 85' lang='lat' dir='ltr'><strong>mulieres</strong></span> <span class='ocrx_word' id='word_1_333' title='bbox 1326 4714 1458 4776; x_wconf 73' lang='lat' dir='ltr'><strong>quae</strong></span> <span class='ocrx_word' id='word_1_334' title='bbox 1485 4693 1766 4758; x_wconf 82' lang='lat' dir='ltr'><strong>unxerint</strong></span> <span class='ocrx_word' id='word_1_335' title='bbox 1802 4693 2119 4756; x_wconf 91' lang='lat' dir='ltr'><strong>Dominum</strong></span> 
     </span>
    </p>
   </div>
   <div class='ocr_carea' id='block_1_50' title="bbox 478 4782 2123 4865">
    <p class='ocr_par' dir='ltr' id='par_1_50' title="bbox 478 4782 2123 4865">
     <span class='ocr_line' id='line_1_50' title="bbox 478 4782 2123 4865; baseline -0.002 -18"><span class='ocrx_word' id='word_1_336' title='bbox 478 4792 807 4865; x_wconf 90' lang='lat' dir='ltr'><strong>unguento,</strong></span> <span class='ocrx_word' id='word_1_337' title='bbox 833 4802 1081 4864; x_wconf 89' lang='lat' dir='ltr'><strong>quarum</strong></span> <span class='ocrx_word' id='word_1_338' title='bbox 1115 4784 1292 4846; x_wconf 80' lang='lat' dir='ltr'><strong>etiam</strong></span> <span class='ocrx_word' id='word_1_339' title='bbox 1323 4793 1576 4865; x_wconf 89' lang='lat' dir='ltr'><strong>quatuor</strong></span> <span class='ocrx_word' id='word_1_340' title='bbox 1603 4782 1975 4860; x_wconf 84' lang='lat' dir='ltr'><strong>evangelistae</strong></span> <span class='ocrx_word' id='word_1_341' title='bbox 2002 4799 2123 4843; x_wconf 87' lang='lat' dir='ltr'><strong>me-</strong></span> 
     </span>
    </p>
   </div>
   <div class='ocr_carea' id='block_1_51' title="bbox 481 4873 2117 4954">
    <p class='ocr_par' dir='ltr' id='par_1_51' title="bbox 481 4873 2117 4954">
     <span class='ocr_line' id='line_1_51' title="bbox 481 4873 2117 4954; baseline -0.002 -19"><span class='ocrx_word' id='word_1_342' title='bbox 481 4875 824 4954; x_wconf 85' lang='lat' dir='ltr'><strong>minerunt;</strong></span> <span class='ocrx_word' id='word_1_343' title='bbox 858 4873 961 4935; x_wconf 91' lang='lat' dir='ltr'><strong>alii</strong></span> <span class='ocrx_word' id='word_1_344' title='bbox 1014 4882 1210 4935; x_wconf 88' lang='lat' dir='ltr'><strong>autem</strong></span> <span class='ocrx_word' id='word_1_345' title='bbox 1262 4873 1408 4934; x_wconf 91' lang='lat' dir='ltr'><strong>duas</strong></span> <span class='ocrx_word' id='word_1_346' title='bbox 1452 4873 1702 4934; x_wconf 91' lang='lat' dir='ltr'><strong>dicunt:</strong></span> <span class='ocrx_word' id='word_1_347' title='bbox 1756 4889 1930 4932; x_wconf 82' lang='lat' dir='ltr'><strong>unam</strong></span> <span class='ocrx_word' id='word_1_348' title='bbox 1960 4875 2117 4950; x_wconf 87' lang='lat' dir='ltr'><strong>apud</strong></span> 
     </span>
    </p>
   </div>
   <div class='ocr_carea' id='block_1_52' title="bbox 474 4958 2116 5042">
    <p class='ocr_par' dir='ltr' id='par_1_52' title="bbox 474 4958 2116 5042">
     <span class='ocr_line' id='line_1_52' title="bbox 474 4958 2116 5042; baseline -0.004 -16"><span class='ocrx_word' id='word_1_349' title='bbox 474 4962 794 5034; x_wconf 86' lang='lat' dir='ltr'><strong>Joannem,</strong></span> <span class='ocrx_word' id='word_1_350' title='bbox 848 4981 980 5042; x_wconf 83' lang='lat' dir='ltr'><strong>quae</strong></span> <span class='ocrx_word' id='word_1_351' title='bbox 1029 4971 1117 5024; x_wconf 88' lang='lat' dir='ltr'><strong>est</strong></span> <span class='ocrx_word' id='word_1_352' title='bbox 1169 4962 1355 5026; x_wconf 87' lang='lat' dir='ltr'><strong>Maria</strong></span> <span class='ocrx_word' id='word_1_353' title='bbox 1406 4978 1577 5022; x_wconf 88' lang='lat' dir='ltr'><strong>soror</strong></span> <span class='ocrx_word' id='word_1_354' title='bbox 1623 4958 1869 5023; x_wconf 86' lang='lat' dir='ltr'><strong>Lazari:</strong></span> <span class='ocrx_word' id='word_1_355' title='bbox 1915 4960 2116 5040; x_wconf 86' lang='lat' dir='ltr'><strong>aliam,</strong></span> 
     </span>
    </p>
   </div>
   <div class='ocr_carea' id='block_1_53' title="bbox 478 5049 2118 5130">
    <p class='ocr_par' dir='ltr' id='par_1_53' title="bbox 478 5049 2118 5130">
     <span class='ocr_line' id='line_1_53' title="bbox 478 5049 2118 5130; baseline -0.003 -16"><span class='ocrx_word' id='word_1_356' title='bbox 478 5056 648 5130; x_wconf 85' lang='lat' dir='ltr'><strong>cujus</strong></span> <span class='ocrx_word' id='word_1_357' title='bbox 679 5052 990 5114; x_wconf 65' lang='lat' dir='ltr'><strong>Mattheus</strong></span> <span class='ocrx_word' id='word_1_358' title='bbox 1020 5069 1178 5113; x_wconf 92' lang='lat' dir='ltr'><strong>nunc</strong></span> <span class='ocrx_word' id='word_1_359' title='bbox 1210 5050 1499 5121; x_wconf 83' lang='lat' dir='ltr'><strong>meminit,</strong></span> <span class='ocrx_word' id='word_1_360' title='bbox 1554 5068 1684 5130; x_wconf 71' lang='lat' dir='ltr'><strong>quae</strong></span> <span class='ocrx_word' id='word_1_361' title='bbox 1729 5049 1939 5110; x_wconf 88' lang='lat' dir='ltr'><strong>eadem</strong></span> <span class='ocrx_word' id='word_1_362' title='bbox 1983 5067 2118 5112; x_wconf 90' lang='lat' dir='ltr'><strong>cum</strong></span> 
     </span>
    </p>
   </div>
   <div class='ocr_carea' id='block_1_54' title="bbox 480 5135 2120 5221">
    <p class='ocr_par' dir='ltr' id='par_1_54' title="bbox 480 5135 2120 5221">
     <span class='ocr_line' id='line_1_54' title="bbox 480 5135 2120 5221; baseline -0.001 -20"><span class='ocrx_word' id='word_1_363' title='bbox 480 5139 584 5203; x_wconf 89' lang='lat' dir='ltr'><strong>illa</strong></span> <span class='ocrx_word' id='word_1_364' title='bbox 612 5158 746 5221; x_wconf 63' lang='lat' dir='ltr'><strong>quae</strong></span> <span class='ocrx_word' id='word_1_365' title='bbox 773 5141 928 5220; x_wconf 89' lang='lat' dir='ltr'><strong>apud</strong></span> <span class='ocrx_word' id='word_1_366' title='bbox 956 5141 1216 5202; x_wconf 78' lang='lat' dir='ltr'><strong>Marcum</strong></span> <span class='ocrx_word' id='word_1_367' title='bbox 1241 5149 1300 5201; x_wconf 93' lang='lat' dir='ltr'><strong>et</strong></span> <span class='ocrx_word' id='word_1_368' title='bbox 1327 5137 1570 5200; x_wconf 91' lang='lat' dir='ltr'><strong>Lucam.</strong></span> <span class='ocrx_word' id='word_1_369' title='bbox 1591 5135 1893 5199; x_wconf 89' lang='lat' dir='ltr'><strong>Simonem</strong></span> <span class='ocrx_word' id='word_1_370' title='bbox 1925 5147 2120 5200; x_wconf 90' lang='lat' dir='ltr'><strong>autem</strong></span> 
     </span>
    </p>
   </div>
   <div class='ocr_carea' id='block_1_55' title="bbox 481 5226 2124 5310">
    <p class='ocr_par' dir='ltr' id='par_1_55' title="bbox 481 5226 2124 5310">
     <span class='ocr_line' id='line_1_55' title="bbox 481 5226 2124 5310; baseline -0.004 -18"><span class='ocrx_word' id='word_1_371' title='bbox 481 5231 640 5292; x_wconf 89' lang='lat' dir='ltr'><strong>hunc</strong></span> <span class='ocrx_word' id='word_1_372' title='bbox 671 5228 968 5310; x_wconf 86' lang='lat' dir='ltr'><strong>leprosum</strong></span> <span class='ocrx_word' id='word_1_373' title='bbox 1012 5227 1248 5309; x_wconf 88' lang='lat' dir='ltr'><strong>quidam</strong></span> <span class='ocrx_word' id='word_1_374' title='bbox 1280 5227 1486 5290; x_wconf 92' lang='lat' dir='ltr'><strong>dicunt</strong></span> <span class='ocrx_word' id='word_1_375' title='bbox 1534 5226 1718 5288; x_wconf 86' lang='lat' dir='ltr'><strong>fuisse</strong></span> <span class='ocrx_word' id='word_1_376' title='bbox 1754 5235 1979 5306; x_wconf 87' lang='lat' dir='ltr'><strong>patrem</strong></span> <span class='ocrx_word' id='word_1_377' title='bbox 2011 5229 2124 5290; x_wconf 82' lang='lat' dir='ltr'><strong>La-</strong></span> 
     </span>
    </p>
   </div>
   <div class='ocr_carea' id='block_1_56' title="bbox 483 5314 2126 5399">
    <p class='ocr_par' dir='ltr' id='par_1_56' title="bbox 483 5314 2126 5399">
     <span class='ocr_line' id='line_1_56' title="bbox 483 5314 2126 5399; baseline -0.002 -19"><span class='ocrx_word' id='word_1_378' title='bbox 483 5318 629 5392; x_wconf 84' lang='lat' dir='ltr'><strong>zari,</strong></span> <span class='ocrx_word' id='word_1_379' title='bbox 662 5334 841 5399; x_wconf 89' lang='lat' dir='ltr'><strong>quem</strong></span> <span class='ocrx_word' id='word_1_380' title='bbox 882 5317 1155 5380; x_wconf 86' lang='lat' dir='ltr'><strong>Christus</strong></span> <span class='ocrx_word' id='word_1_381' title='bbox 1204 5335 1239 5378; x_wconf 88' lang='lat' dir='ltr'><strong>a</strong></span> <span class='ocrx_word' id='word_1_382' title='bbox 1290 5316 1454 5397; x_wconf 88' lang='lat' dir='ltr'><strong>lepra</strong></span> <span class='ocrx_word' id='word_1_383' title='bbox 1503 5314 1848 5395; x_wconf 80' lang='lat' dir='ltr'><strong>puriﬁcavit,</strong></span> <span class='ocrx_word' id='word_1_384' title='bbox 1884 5325 1939 5377; x_wconf 89' lang='lat' dir='ltr'><strong>et</strong></span> <span class='ocrx_word' id='word_1_385' title='bbox 1969 5314 2126 5397; x_wconf 90' lang='lat' dir='ltr'><strong>apud</strong></span> 
     </span>
    </p>
   </div>
   <div class='ocr_carea' id='block_1_57' title="bbox 483 5403 2130 5486">
    <p class='ocr_par' dir='ltr' id='par_1_57' title="bbox 483 5403 2130 5486">
     <span class='ocr_line' id='line_1_57' title="bbox 483 5403 2130 5486; baseline -0.002 -17"><span class='ocrx_word' id='word_1_386' title='bbox 483 5424 618 5469; x_wconf 90' lang='lat' dir='ltr'><strong>cum</strong></span> <span class='ocrx_word' id='word_1_387' title='bbox 649 5405 919 5468; x_wconf 69' lang='lat' dir='ltr'><strong>cmuarit.</strong></span> <span class='ocrx_word' id='word_1_388' title='bbox 977 5403 1204 5467; x_wconf 86' lang='lat' dir='ltr'><strong>Dicitur</strong></span> <span class='ocrx_word' id='word_1_389' title='bbox 1243 5413 1440 5467; x_wconf 90' lang='lat' dir='ltr'><strong>autem</strong></span> <span class='ocrx_word' id='word_1_390' title='bbox 1497 5403 1656 5485; x_wconf 92' lang='lat' dir='ltr'><strong>quod</strong></span> <span class='ocrx_word' id='word_1_391' title='bbox 1705 5412 1764 5465; x_wconf 91' lang='lat' dir='ltr'><strong>et</strong></span> <span class='ocrx_word' id='word_1_392' title='bbox 1804 5407 1975 5466; x_wconf 85' lang='lat' dir='ltr'><strong>Jesus</strong></span> <span class='ocrx_word' id='word_1_393' title='bbox 2027 5404 2130 5486; x_wconf 89' lang='lat' dir='ltr'><strong>qui</strong></span> 
     </span>
    </p>
   </div>
   <div class='ocr_carea' id='block_1_58' title="bbox 483 5490 2131 5574">
    <p class='ocr_par' dir='ltr' id='par_1_58' title="bbox 483 5490 2131 5574">
     <span class='ocr_line' id='line_1_58' title="bbox 483 5490 2131 5574; baseline 0 -17"><span class='ocrx_word' id='word_1_394' title='bbox 483 5494 716 5557; x_wconf 80' lang='lat' dir='ltr'><strong>dixerat</strong></span> <span class='ocrx_word' id='word_1_395' title='bbox 764 5491 1069 5574; x_wconf 86' lang='lat' dir='ltr'><strong>discipulis</strong></span> <span class='ocrx_word' id='word_1_396' title='bbox 1097 5492 1267 5557; x_wconf 89' lang='lat' dir='ltr'><strong>suis:</strong></span> <span class='ocrx_word' id='word_1_397' title='bbox 1324 5491 1499 5558; x_wconf 81' lang='lat' dir='ltr'><strong>Abite</strong></span> <span class='ocrx_word' id='word_1_398' title='bbox 1551 5490 1625 5553; x_wconf 91' lang='lat' dir='ltr'><strong>ad</strong></span> <span class='ocrx_word' id='word_1_399' title='bbox 1677 5493 2018 5572; x_wconf 91' lang='lat' dir='ltr'><strong>quemdam,</strong></span> <span class='ocrx_word' id='word_1_400' title='bbox 2069 5500 2131 5557; x_wconf 87' lang='lat' dir='ltr'><strong>et</strong></span> 
     </span>
    </p>
   </div>
   <div class='ocr_carea' id='block_1_59' title="bbox 484 5581 2126 5655">
    <p class='ocr_par' dir='ltr' id='par_1_59' title="bbox 484 5581 2126 5655">
     <span class='ocr_line' id='line_1_59' title="bbox 484 5581 2126 5655; baseline -0.001 -9"><span class='ocrx_word' id='word_1_401' title='bbox 484 5582 761 5646; x_wconf 84' lang='lat' dir='ltr'><strong>ostendet</strong></span> <span class='ocrx_word' id='word_1_402' title='bbox 817 5581 982 5644; x_wconf 76' lang='lat' dir='ltr'><strong>vobis</strong></span> <span class='ocrx_word' id='word_1_403' title='bbox 1054 5582 1425 5644; x_wconf 62' lang='lat' dir='ltr'><strong>cenaculum</strong></span> <span class='ocrx_word' id='word_1_404' title='bbox 1487 5588 1757 5655; x_wconf 88' lang='lat' dir='ltr'><strong>stratum,</strong></span> <span class='ocrx_word' id='word_1_405' title='bbox 1826 5581 1897 5642; x_wconf 87' lang='lat' dir='ltr'><strong>ad</strong></span> <span class='ocrx_word' id='word_1_406' title='bbox 1959 5582 2126 5644; x_wconf 89' lang='lat' dir='ltr'><strong>illum</strong></span> 
     </span>
    </p>
   </div>
   <div class='ocr_carea' id='block_1_60' title="bbox 1404 306 2844 379">
    <p class='ocr_par' dir='ltr' id='par_1_60' title="bbox 1404 306 2844 379">
     <span class='ocr_line' id='line_1_60' title="bbox 1404 306 2844 379; baseline 0.003 -7"><span class='ocrx_word' id='word_1_407' title='bbox 1404 310 1994 373; x_wconf 78' lang='lat' dir='ltr'><strong>THEOPHYLACTI</strong></span> <span class='ocrx_word' id='word_1_408' title='bbox 2037 306 2446 375; x_wconf 68' lang='lat' dir='ltr'><strong>BULGARLE</strong></span> <span class='ocrx_word' id='word_1_409' title='bbox 2489 315 2844 379; x_wconf 76' lang='lat' dir='ltr'><strong>ARCHIEP.</strong></span> 
     </span>
    </p>
   </div>
   <div class='ocr_carea' id='block_1_61' title="bbox 3694 307 3813 373">
    <p class='ocr_par' dir='ltr' id='par_1_61' title="bbox 3694 307 3813 373">
     <span class='ocr_line' id='line_1_61' title="bbox 3694 307 3813 373; baseline -0.05 1"><span class='ocrx_word' id='word_1_410' title='bbox 3694 307 3813 373; x_wconf 70' lang='grc'><strong>436</strong></span> 
     </span>
    </p>
   </div>
   <div class='ocr_carea' id='block_1_62' title="bbox 2761 433 3208 521">
    <p class='ocr_par' dir='ltr' id='par_1_62' title="bbox 2761 433 3208 521">
     <span class='ocr_line' id='line_1_62' title="bbox 2761 433 3208 521; baseline -0.007 -14"><span class='ocrx_word' id='word_1_411' title='bbox 2761 451 3012 510; x_wconf 54' lang='lat' dir='ltr'><strong>res“.</strong></span> <span class='ocrx_word' id='word_1_412' title='bbox 3061 433 3208 521; x_wconf 67' lang='grc' dir='ltr'><strong>ις’.</strong></span> 
     </span>
    </p>
   </div>
   <div class='ocr_carea' id='block_1_63' title="bbox 2174 537 3820 618">
    <p class='ocr_par' dir='ltr' id='par_1_63' title="bbox 2174 537 3820 618">
     <span class='ocr_line' id='line_1_63' title="bbox 2174 537 3820 618; baseline -0.018 -1"><span class='ocrx_word' id='word_1_413' title='bbox 2174 537 2297 615; x_wconf 57' lang='grc' dir='ltr'><strong>Περὶ</strong></span> <span class='ocrx_word' id='word_1_414' title='bbox 2351 544 2448 605; x_wconf 66' lang='grc' dir='ltr'><strong>τῆς</strong></span> <span class='ocrx_word' id='word_1_415' title='bbox 2501 539 2802 616; x_wconf 73' lang='grc' dir='ltr'>ἀλειψάσης</span> <span class='ocrx_word' id='word_1_416' title='bbox 2883 545 2976 600; x_wconf 82' lang='grc' dir='ltr'><strong>τὸν</strong></span> <span class='ocrx_word' id='word_1_417' title='bbox 3062 543 3249 618; x_wconf 71' lang='grc' dir='ltr'>Κύριοι</span> <span class='ocrx_word' id='word_1_418' title='bbox 3300 541 3469 617; x_wconf 83' lang='grc' dir='ltr'>μύρῳ.</span> <span class='ocrx_word' id='word_1_419' title='bbox 3543 538 3668 610; x_wconf 82' lang='grc' dir='ltr'>Περὶ</span> <span class='ocrx_word' id='word_1_420' title='bbox 3726 539 3820 590; x_wconf 86' lang='grc' dir='ltr'><strong>τοῦ</strong></span> 
     </span>
    </p>
   </div>
   <div class='ocr_carea' id='block_1_64' title="bbox 2253 618 3824 699">
    <p class='ocr_par' dir='ltr' id='par_1_64' title="bbox 2253 618 3824 699">
     <span class='ocr_line' id='line_1_64' title="bbox 2253 618 3824 699; baseline 0.004 -28"><span class='ocrx_word' id='word_1_421' title='bbox 2253 618 2463 699; x_wconf 74' lang='grc' dir='ltr'>πάσχα.</span> <span class='ocrx_word' id='word_1_422' title='bbox 2547 623 2672 699; x_wconf 83' lang='grc' dir='ltr'>Περὶ</span> <span class='ocrx_word' id='word_1_423' title='bbox 2739 632 2832 682; x_wconf 81' lang='grc' dir='ltr'><strong>τοῦ</strong></span> <span class='ocrx_word' id='word_1_424' title='bbox 2914 629 3170 698; x_wconf 86' lang='grc' dir='ltr'>μυστικοῦ</span> <span class='ocrx_word' id='word_1_425' title='bbox 3239 619 3468 678; x_wconf 83' lang='grc' dir='ltr'>δείπνου.</span> <span class='ocrx_word' id='word_1_426' title='bbox 3531 618 3678 699; x_wconf 24' lang='grc' dir='ltr'>Περὶ-</span> <span class='ocrx_word' id='word_1_427' title='bbox 3726 618 3824 678; x_wconf 73' lang='grc' dir='ltr'><strong>τῆς</strong></span> 
     </span>
    </p>
   </div>
   <div class='ocr_carea' id='block_1_65' title="bbox 2252 643 3820 779">
    <p class='ocr_par' dir='ltr' id='par_1_65' title="bbox 2252 643 3820 779">
     <span class='ocr_line' id='line_1_65' title="bbox 2253 643 3820 699; baseline -0.001 -27"><span class='ocrx_word' id='word_1_428' title='bbox 2253 643 2362 673; x_wconf 86' lang='grc' dir='ltr'><strong>πασ</strong></span> <span class='ocrx_word' id='word_1_429' title='bbox 2409 643 2463 681; x_wconf 88' lang='grc' dir='ltr'>α.</span> <span class='ocrx_word' id='word_1_430' title='bbox 2547 643 2672 699; x_wconf 81' lang='grc' dir='ltr'>υερι</span> <span class='ocrx_word' id='word_1_431' title='bbox 2739 645 2832 682; x_wconf 83' lang='grc' dir='ltr'><strong>του</strong></span> <span class='ocrx_word' id='word_1_432' title='bbox 2914 644 3170 698; x_wconf 70' lang='grc' dir='ltr'>μυστικοῦ</span> <span class='ocrx_word' id='word_1_433' title='bbox 3239 643 3468 678; x_wconf 87' lang='grc' dir='ltr'>οειπνου.</span> <span class='ocrx_word' id='word_1_434' title='bbox 3531 643 3653 686; x_wconf 81' lang='grc' dir='ltr'>ιηρι</span> <span class='ocrx_word' id='word_1_435' title='bbox 3726 643 3820 678; x_wconf 73' lang='grc' dir='ltr'><strong>της</strong></span> 
     </span>
     <span class='ocr_line' id='line_1_66' title="bbox 2252 643 3820 779; baseline 0.007 -26"><span class='ocrx_word' id='word_1_436' title='bbox 2252 643 2591 777; x_wconf 64' lang='grc' dir='ltr'>παρέδόσεως</span> <span class='ocrx_word' id='word_1_437' title='bbox 2675 709 2767 758; x_wconf 92' lang='grc' dir='ltr'><strong>τοῦ</strong></span> <span class='ocrx_word' id='word_1_438' title='bbox 2855 709 3103 779; x_wconf 78' lang='grc' dir='ltr'><strong>Χριστοῦ.</strong></span> <span class='ocrx_word' id='word_1_439' title='bbox 3190 701 3314 778; x_wconf 80' lang='grc' dir='ltr'>Περὶ</span> <span class='ocrx_word' id='word_1_440' title='bbox 3376 703 3476 766; x_wconf 75' lang='grc' dir='ltr'>τῆς</span> <span class='ocrx_word' id='word_1_441' title='bbox 3549 696 3820 774; x_wconf 70' lang='grc' dir='ltr'>ἀρνήσεως</span> 
     </span>
    </p>
   </div>
   <div class='ocr_carea' id='block_1_66' title="bbox 2249 779 2604 857">
    <p class='ocr_par' dir='ltr' id='par_1_66' title="bbox 2249 779 2604 857">
     <span class='ocr_line' id='line_1_67' title="bbox 2249 779 2604 857; baseline 0.011 -23"><span class='ocrx_word' id='word_1_442' title='bbox 2249 784 2344 835; x_wconf 89' lang='grc' dir='ltr'><strong>τοῦ</strong></span> <span class='ocrx_word' id='word_1_443' title='bbox 2385 779 2604 857; x_wconf 85' lang='grc' dir='ltr'>Πέτρου.</span> 
     </span>
    </p>
   </div>
   <div class='ocr_carea' id='block_1_67' title="bbox 2259 865 3820 950">
    <p class='ocr_par' dir='ltr' id='par_1_67' title="bbox 2259 865 3820 950">
     <span class='ocr_line' id='line_1_68' title="bbox 2259 865 3820 950; baseline -0.003 -25"><span class='ocrx_word' id='word_1_444' title='bbox 2259 889 2284 925; x_wconf 85' lang='grc' dir='ltr'><strong>ε</strong></span> <span class='ocrx_word' id='word_1_445' title='bbox 2335 873 2432 929; x_wconf 82' lang='grc' dir='ltr'><strong>Καὶ</strong></span> <span class='ocrx_word' id='word_1_446' title='bbox 2487 872 2697 950; x_wconf 74' lang='grc' dir='ltr'>ὶγένετο</span> <span class='ocrx_word' id='word_1_447' title='bbox 2726 873 2812 930; x_wconf 83' lang='grc' dir='ltr'>ὅτε</span> <span class='ocrx_word' id='word_1_448' title='bbox 2859 875 3093 932; x_wconf 68' lang='grc' dir='ltr'>έτέλεσεν</span> <span class='ocrx_word' id='word_1_449' title='bbox 3151 876 3179 930; x_wconf 81' lang='grc' dir='ltr'><strong>ὁ</strong></span> <span class='ocrx_word' id='word_1_450' title='bbox 3232 873 3435 940; x_wconf 80' lang='grc' dir='ltr'>Ἰησοῦς</span> <span class='ocrx_word' id='word_1_451' title='bbox 3466 871 3667 931; x_wconf 98' lang='grc' dir='ltr'>πάντας</span> <span class='ocrx_word' id='word_1_452' title='bbox 3697 865 3820 928; x_wconf 79' lang='grc' dir='ltr'>τοὺς</span> 
     </span>
    </p>
   </div>
   <div class='ocr_carea' id='block_1_68' title="bbox 2172 953 3821 1041">
    <p class='ocr_par' dir='ltr' id='par_1_68' title="bbox 2172 953 3821 1041">
     <span class='ocr_line' id='line_1_69' title="bbox 2172 953 3821 1041; baseline -0.009 -18"><span class='ocrx_word' id='word_1_453' title='bbox 2172 956 2362 1036; x_wconf 77' lang='grc' dir='ltr'>λόγους</span> <span class='ocrx_word' id='word_1_454' title='bbox 2411 961 2654 1041; x_wconf 87' lang='grc' dir='ltr'>τούτους,</span> <span class='ocrx_word' id='word_1_455' title='bbox 2715 963 2839 1020; x_wconf 77' lang='grc' dir='ltr'>εἷπε</span> <span class='ocrx_word' id='word_1_456' title='bbox 2888 978 3005 1028; x_wconf 79' lang='grc' dir='ltr'>τοῖς</span> <span class='ocrx_word' id='word_1_457' title='bbox 3049 967 3320 1038; x_wconf 74' lang='grc' dir='ltr'><strong>μαθηταῖς</strong></span> <span class='ocrx_word' id='word_1_458' title='bbox 3364 965 3520 1019; x_wconf 66' lang='grc' dir='ltr'>αὑτοῦ</span> <span class='ocrx_word' id='word_1_459' title='bbox 3554 974 3566 988; x_wconf 90' lang='grc'><strong>·</strong></span> <span class='ocrx_word' id='word_1_460' title='bbox 3603 953 3821 1024; x_wconf 78' lang='grc' dir='ltr'>Οἵδατε;</span> 
     </span>
    </p>
   </div>
   <div class='ocr_carea' id='block_1_69' title="bbox 2172 1044 3822 1131">
    <p class='ocr_par' dir='ltr' id='par_1_69' title="bbox 2172 1044 3822 1131">
     <span class='ocr_line' id='line_1_70' title="bbox 2172 1044 3822 1131; baseline 0.007 -30"><span class='ocrx_word' id='word_1_461' title='bbox 2172 1045 2251 1102; x_wconf 78' lang='grc' dir='ltr'><strong>ὅτι</strong></span> <span class='ocrx_word' id='word_1_462' title='bbox 2309 1049 2443 1108; x_wconf 81' lang='grc' dir='ltr'>μετά</span> <span class='ocrx_word' id='word_1_463' title='bbox 2485 1048 2573 1107; x_wconf 86' lang='grc' dir='ltr'><strong>δύο</strong></span> <span class='ocrx_word' id='word_1_464' title='bbox 2623 1051 2824 1130; x_wconf 72' lang='grc' dir='ltr'>ἡμέρας</span> <span class='ocrx_word' id='word_1_465' title='bbox 2880 1054 2941 1109; x_wconf 81' lang='grc' dir='ltr'>τὸ</span> <span class='ocrx_word' id='word_1_466' title='bbox 2991 1053 3186 1131; x_wconf 77' lang='grc' dir='ltr'>Πάσχα</span> <span class='ocrx_word' id='word_1_467' title='bbox 3227 1053 3447 1128; x_wconf 75' lang='grc' dir='ltr'>γίνεται.</span> <span class='ocrx_word' id='word_1_468' title='bbox 3502 1047 3598 1105; x_wconf 72' lang='grc' dir='ltr'><strong>Καὶ</strong></span> <span class='ocrx_word' id='word_1_469' title='bbox 3627 1048 3655 1101; x_wconf 70' lang='grc' dir='ltr'>δ</span> <span class='ocrx_word' id='word_1_470' title='bbox 3701 1044 3822 1112; x_wconf 71' lang='grc' dir='ltr'>Υἶδς</span> 
     </span>
    </p>
   </div>
   <div class='ocr_carea' id='block_1_70' title="bbox 2174 1137 3819 1218">
    <p class='ocr_par' dir='ltr' id='par_1_70' title="bbox 2174 1137 3819 1218">
     <span class='ocr_line' id='line_1_71' title="bbox 2174 1137 3819 1218; baseline 0.001 -26"><span class='ocrx_word' id='word_1_471' title='bbox 2174 1144 2265 1193; x_wconf 90' lang='grc' dir='ltr'><strong>τοῦ</strong></span> <span class='ocrx_word' id='word_1_472' title='bbox 2343 1137 2613 1216; x_wconf 77' lang='grc' dir='ltr'>ἀνθρώπου</span> <span class='ocrx_word' id='word_1_473' title='bbox 2693 1139 3030 1218; x_wconf 74' lang='grc' dir='ltr'><strong>παραδίδοται</strong></span> <span class='ocrx_word' id='word_1_474' title='bbox 3108 1142 3179 1206; x_wconf 81' lang='grc' dir='ltr'>εἷς</span> <span class='ocrx_word' id='word_1_475' title='bbox 3238 1141 3298 1196; x_wconf 78' lang='grc' dir='ltr'><strong>τὸ</strong></span> <span class='ocrx_word' id='word_1_476' title='bbox 3355 1139 3740 1214; x_wconf 77' lang='grc' dir='ltr'><strong>σταυρωθῆναι.</strong></span> <span class='ocrx_word' id='word_1_477' title='bbox 3793 1155 3819 1183; x_wconf 68' lang='grc' dir='ltr'>ι</span> 
     </span>
    </p>
   </div>
   <div class='ocr_carea' id='block_1_71' title="bbox 2176 1220 3822 1305">
    <p class='ocr_par' dir='ltr' id='par_1_71' title="bbox 2176 1220 3822 1305">
     <span class='ocr_line' id='line_1_72' title="bbox 2176 1220 3822 1305; baseline -0.003 -24"><span class='ocrx_word' id='word_1_478' title='bbox 2176 1222 2395 1293; x_wconf 77' lang='grc' dir='ltr'>Ἐπειδὴ</span> <span class='ocrx_word' id='word_1_479' title='bbox 2457 1228 2730 1304; x_wconf 71' lang='grc' dir='ltr'><strong>βασιλείας</strong></span> <span class='ocrx_word' id='word_1_480' title='bbox 2785 1230 3025 1305; x_wconf 70' lang='grc' dir='ltr'>ἐμνήσθη</span> <span class='ocrx_word' id='word_1_481' title='bbox 3100 1231 3188 1287; x_wconf 87' lang='grc' dir='ltr'><strong>καὶ</strong></span> <span class='ocrx_word' id='word_1_482' title='bbox 3251 1224 3671 1292; x_wconf 79' lang='grc' dir='ltr'>ἀνταποδόσεως,</span> <span class='ocrx_word' id='word_1_483' title='bbox 3729 1220 3822 1277; x_wconf 77' lang='grc' dir='ltr'>εῦ-</span> 
     </span>
    </p>
   </div>
   <div class='ocr_carea' id='block_1_72' title="bbox 2175 1309 3823 1394">
    <p class='ocr_par' dir='ltr' id='par_1_72' title="bbox 2175 1309 3823 1394">
     <span class='ocr_line' id='line_1_73' title="bbox 2175 1309 3823 1394; baseline -0.004 -19"><span class='ocrx_word' id='word_1_484' title='bbox 2175 1317 2367 1394; x_wconf 68' lang='grc' dir='ltr'>καίρως</span> <span class='ocrx_word' id='word_1_485' title='bbox 2451 1315 2635 1374; x_wconf 80' lang='grc' dir='ltr'>λοιπὸν</span> <span class='ocrx_word' id='word_1_486' title='bbox 2691 1320 2778 1374; x_wconf 85' lang='grc' dir='ltr'><strong>καὶ</strong></span> <span class='ocrx_word' id='word_1_487' title='bbox 2847 1322 2940 1376; x_wconf 81' lang='grc' dir='ltr'><strong>τοῦ</strong></span> <span class='ocrx_word' id='word_1_488' title='bbox 3009 1320 3201 1384; x_wconf 78' lang='grc' dir='ltr'><strong>πάθους</strong></span> <span class='ocrx_word' id='word_1_489' title='bbox 3283 1323 3369 1372; x_wconf 81' lang='grc' dir='ltr'><strong>τοῦ</strong></span> <span class='ocrx_word' id='word_1_490' title='bbox 3435 1315 3627 1370; x_wconf 64' lang='grc' dir='ltr'>οἰκείου</span> <span class='ocrx_word' id='word_1_491' title='bbox 3701 1309 3823 1368; x_wconf 76' lang='grc' dir='ltr'>διαο</span> 
     </span>
    </p>
   </div>
   <div class='ocr_carea' id='block_1_73' title="bbox 2176 1399 3824 1488">
    <p class='ocr_par' dir='ltr' id='par_1_73' title="bbox 2176 1399 3824 1488">
     <span class='ocr_line' id='line_1_74' title="bbox 2176 1399 3824 1488; baseline -0.001 -30"><span class='ocrx_word' id='word_1_492' title='bbox 2176 1402 2412 1482; x_wconf 84' lang='grc' dir='ltr'>λέγεται,</span> <span class='ocrx_word' id='word_1_493' title='bbox 2458 1410 2747 1488; x_wconf 83' lang='grc' dir='ltr'><strong>μονονουχὶ</strong></span> <span class='ocrx_word' id='word_1_494' title='bbox 2788 1416 2941 1466; x_wconf 89' lang='grc' dir='ltr'>τοῦτο</span> <span class='ocrx_word' id='word_1_495' title='bbox 2994 1407 3188 1486; x_wconf 78' lang='grc' dir='ltr'>λέγων,</span> <span class='ocrx_word' id='word_1_496' title='bbox 3241 1406 3322 1462; x_wconf 82' lang='grc' dir='ltr'>ὅτι</span> <span class='ocrx_word' id='word_1_497' title='bbox 3374 1406 3471 1463; x_wconf 77' lang='grc' dir='ltr'><strong>Καὶ</strong></span> <span class='ocrx_word' id='word_1_498' title='bbox 3501 1405 3547 1460; x_wconf 76' lang='grc' dir='ltr'>οἱ</span> <span class='ocrx_word' id='word_1_499' title='bbox 3580 1399 3824 1479; x_wconf 79' lang='grc' dir='ltr'>σταυρώ-</span> 
     </span>
    </p>
   </div>
   <div class='ocr_carea' id='block_1_74' title="bbox 2176 1493 3198 1574">
    <p class='ocr_par' dir='ltr' id='par_1_74' title="bbox 2176 1493 3198 1574">
     <span class='ocr_line' id='line_1_75' title="bbox 2176 1493 3198 1574; baseline 0.006 -27"><span class='ocrx_word' id='word_1_500' title='bbox 2176 1493 2360 1557; x_wconf 88' lang='grc' dir='ltr'>σαντές</span> <span class='ocrx_word' id='word_1_501' title='bbox 2393 1516 2459 1569; x_wconf 86' lang='grc' dir='ltr'><strong>με</strong></span> <span class='ocrx_word' id='word_1_502' title='bbox 2485 1502 2578 1552; x_wconf 86' lang='grc' dir='ltr'><strong>τοῦ</strong></span> <span class='ocrx_word' id='word_1_503' title='bbox 2611 1499 2767 1574; x_wconf 81' lang='grc' dir='ltr'>πυρὸς</span> <span class='ocrx_word' id='word_1_504' title='bbox 2798 1496 3198 1566; x_wconf 70' lang='grc' dir='ltr'>ἆξιωθήσονται.</span> 
     </span>
    </p>
   </div>
   <div class='ocr_carea' id='block_1_75' title="bbox 2261 1583 3822 1666">
    <p class='ocr_par' dir='ltr' id='par_1_75' title="bbox 2261 1583 3822 1666">
     <span class='ocr_line' id='line_1_76' title="bbox 2261 1583 3822 1666; baseline -0.006 -24"><span class='ocrx_word' id='word_1_505' title='bbox 2261 1605 2288 1635; x_wconf 72' lang='grc' dir='ltr'>ι</span> <span class='ocrx_word' id='word_1_506' title='bbox 2332 1583 2462 1641; x_wconf 86' lang='grc' dir='ltr'>Τότε</span> <span class='ocrx_word' id='word_1_507' title='bbox 2521 1587 2862 1664; x_wconf 78' lang='grc' dir='ltr'>συνήχθησαν</span> <span class='ocrx_word' id='word_1_508' title='bbox 2915 1589 2963 1642; x_wconf 83' lang='grc' dir='ltr'>οἱ</span> <span class='ocrx_word' id='word_1_509' title='bbox 3005 1586 3278 1666; x_wconf 73' lang='grc' dir='ltr'>ἀρχιερεῖς</span> <span class='ocrx_word' id='word_1_510' title='bbox 3333 1585 3420 1640; x_wconf 89' lang='grc' dir='ltr'><strong>καὶ</strong></span> <span class='ocrx_word' id='word_1_511' title='bbox 3469 1583 3515 1638; x_wconf 80' lang='grc' dir='ltr'>οἱ</span> <span class='ocrx_word' id='word_1_512' title='bbox 3563 1586 3822 1658; x_wconf 77' lang='grc' dir='ltr'>Γραμμα-</span> 
     </span>
    </p>
   </div>
   <div class='ocr_carea' id='block_1_76' title="bbox 2176 1669 3826 1752">
    <p class='ocr_par' dir='ltr' id='par_1_76' title="bbox 2176 1669 3826 1752">
     <span class='ocr_line' id='line_1_77' title="bbox 2176 1669 3826 1752; baseline 0.008 -27"><span class='ocrx_word' id='word_1_513' title='bbox 2176 1683 2291 1734; x_wconf 79' lang='grc' dir='ltr'>τεϊς</span> <span class='ocrx_word' id='word_1_514' title='bbox 2349 1673 2436 1728; x_wconf 87' lang='grc' dir='ltr'><strong>καὶ</strong></span> <span class='ocrx_word' id='word_1_515' title='bbox 2485 1674 2531 1729; x_wconf 78' lang='grc' dir='ltr'>οι</span> <span class='ocrx_word' id='word_1_516' title='bbox 2587 1671 2926 1752; x_wconf 80' lang='grc' dir='ltr'>πρεσϐύτεροι</span> <span class='ocrx_word' id='word_1_517' title='bbox 2971 1682 3064 1732; x_wconf 86' lang='grc' dir='ltr'><strong>τοῦ</strong></span> <span class='ocrx_word' id='word_1_518' title='bbox 3106 1683 3234 1734; x_wconf 80' lang='grc' dir='ltr'>λαοῦ</span> <span class='ocrx_word' id='word_1_519' title='bbox 3264 1675 3334 1739; x_wconf 73' lang='grc' dir='ltr'><strong>εἰς</strong></span> <span class='ocrx_word' id='word_1_520' title='bbox 3362 1674 3459 1740; x_wconf 75' lang='grc' dir='ltr'><strong>τὴν</strong></span> <span class='ocrx_word' id='word_1_521' title='bbox 3509 1669 3676 1736; x_wconf 66' lang='grc' dir='ltr'>αὐλὴν</span> <span class='ocrx_word' id='word_1_522' title='bbox 3733 1689 3826 1722; x_wconf 72' lang='grc' dir='ltr'><strong>του</strong></span> 
     </span>
    </p>
   </div>
   <div class='ocr_carea' id='block_1_77' title="bbox 2177 1755 3824 1842">
    <p class='ocr_par' dir='ltr' id='par_1_77' title="bbox 2177 1755 3824 1842">
     <span class='ocr_line' id='line_1_78' title="bbox 2177 1755 3824 1842; baseline -0.011 -14"><span class='ocrx_word' id='word_1_523' title='bbox 2177 1759 2467 1840; x_wconf 71' lang='grc' dir='ltr'>ἀρχιερέως</span> <span class='ocrx_word' id='word_1_524' title='bbox 2530 1768 2621 1817; x_wconf 79' lang='grc' dir='ltr'><strong>τοῦ</strong></span> <span class='ocrx_word' id='word_1_525' title='bbox 2674 1761 2964 1840; x_wconf 77' lang='grc' dir='ltr'>λεγομένου</span> <span class='ocrx_word' id='word_1_526' title='bbox 3019 1763 3258 1842; x_wconf 73' lang='grc' dir='ltr'>Καϊάφα,</span> <span class='ocrx_word' id='word_1_527' title='bbox 3321 1763 3410 1817; x_wconf 83' lang='grc' dir='ltr'>καὶ</span> <span class='ocrx_word' id='word_1_528' title='bbox 3478 1755 3824 1817; x_wconf 77' lang='grc' dir='ltr'>συνεϐουλεύ-</span> 
     </span>
    </p>
   </div>
   <div class='ocr_carea' id='block_1_78' title="bbox 2177 1845 3820 1928">
    <p class='ocr_par' dir='ltr' id='par_1_78' title="bbox 2177 1845 3820 1928">
     <span class='ocr_line' id='line_1_79' title="bbox 2177 1845 3820 1928; baseline -0.001 -27"><span class='ocrx_word' id='word_1_529' title='bbox 2177 1868 2336 1904; x_wconf 84' lang='grc' dir='ltr'>σαντο</span> <span class='ocrx_word' id='word_1_530' title='bbox 2390 1847 2482 1904; x_wconf 75' lang='grc' dir='ltr'>’ἵνα</span> <span class='ocrx_word' id='word_1_531' title='bbox 2537 1851 2629 1906; x_wconf 84' lang='grc' dir='ltr'>τὸν</span> <span class='ocrx_word' id='word_1_532' title='bbox 2686 1849 2889 1916; x_wconf 82' lang='grc' dir='ltr'>Ἰησοῦν</span> <span class='ocrx_word' id='word_1_533' title='bbox 2951 1849 3091 1925; x_wconf 82' lang='grc' dir='ltr'>δόλῳ</span> <span class='ocrx_word' id='word_1_534' title='bbox 3163 1851 3468 1928; x_wconf 77' lang='grc' dir='ltr'>κρατήσωσι</span> <span class='ocrx_word' id='word_1_535' title='bbox 3538 1849 3625 1904; x_wconf 87' lang='grc' dir='ltr'><strong>καὶ</strong></span> <span class='ocrx_word' id='word_1_536' title='bbox 3694 1845 3820 1900; x_wconf 76' lang='grc' dir='ltr'>ἀπο·</span> 
     </span>
    </p>
   </div>
   <div class='ocr_carea' id='block_1_79' title="bbox 2177 1936 3826 2018">
    <p class='ocr_par' dir='ltr' id='par_1_79' title="bbox 2177 1936 3826 2018">
     <span class='ocr_line' id='line_1_80' title="bbox 2177 1936 3826 2018; baseline -0.001 -27"><span class='ocrx_word' id='word_1_537' title='bbox 2177 1937 2451 1992; x_wconf 77' lang='grc' dir='ltr'>κτείνωσιν</span> <span class='ocrx_word' id='word_1_538' title='bbox 2484 1952 2496 1967; x_wconf 90' lang='grc'>⁶</span> <span class='ocrx_word' id='word_1_539' title='bbox 2557 1936 2738 2017; x_wconf 82' lang='grc' dir='ltr'>ἔλεγον</span> <span class='ocrx_word' id='word_1_540' title='bbox 2779 1938 2834 1996; x_wconf 82' lang='grc' dir='ltr'><strong>δέ</strong></span> <span class='ocrx_word' id='word_1_541' title='bbox 2869 1956 2882 1970; x_wconf 89' lang='lat'><strong>’</strong></span> <span class='ocrx_word' id='word_1_542' title='bbox 2937 1941 3026 2008; x_wconf 71' lang='grc' dir='ltr'><strong>Μὴ</strong></span> <span class='ocrx_word' id='word_1_543' title='bbox 3069 1941 3123 1996; x_wconf 73' lang='grc' dir='ltr'>ἐν</span> <span class='ocrx_word' id='word_1_544' title='bbox 3167 1946 3235 2016; x_wconf 77' lang='grc' dir='ltr'><strong>τῇ</strong></span> <span class='ocrx_word' id='word_1_545' title='bbox 3277 1941 3457 2018; x_wconf 75' lang='grc' dir='ltr'>ἑορτῇ,</span> <span class='ocrx_word' id='word_1_546' title='bbox 3501 1938 3593 1992; x_wconf 75' lang='grc' dir='ltr'>’ίνα</span> <span class='ocrx_word' id='word_1_547' title='bbox 3625 1937 3701 2011; x_wconf 77' lang='grc' dir='ltr'>μὴ</span> <span class='ocrx_word' id='word_1_548' title='bbox 3730 1936 3826 1990; x_wconf 81' lang='grc' dir='ltr'>θό-</span> 
     </span>
    </p>
   </div>
   <div class='ocr_carea' id='block_1_80' title="bbox 2181 2024 3825 2104">
    <p class='ocr_par' dir='ltr' id='par_1_80' title="bbox 2181 2024 3825 2104">
     <span class='ocr_line' id='line_1_81' title="bbox 2181 2024 3825 2104; baseline -0.001 -23"><span class='ocrx_word' id='word_1_549' title='bbox 2181 2024 2334 2104; x_wconf 79' lang='grc' dir='ltr'>ρυϐος</span> <span class='ocrx_word' id='word_1_550' title='bbox 2392 2025 2611 2104; x_wconf 85' lang='grc' dir='ltr'>γένηται</span> <span class='ocrx_word' id='word_1_551' title='bbox 2655 2027 2710 2082; x_wconf 80' lang='grc' dir='ltr'><strong>έν</strong></span> <span class='ocrx_word' id='word_1_552' title='bbox 2754 2034 2830 2102; x_wconf 81' lang='grc' dir='ltr'>τῷ</span> <span class='ocrx_word' id='word_1_553' title='bbox 2862 2031 2999 2104; x_wconf 83' lang='grc' dir='ltr'>λαῷ,</span> <span class='ocrx_word' id='word_1_554' title='bbox 3062 2052 3090 2084; x_wconf 74' lang='grc' dir='ltr'><strong>ε</strong></span> <span class='ocrx_word' id='word_1_555' title='bbox 3155 2037 3258 2086; x_wconf 85' lang='grc' dir='ltr'>Τοῦ</span> <span class='ocrx_word' id='word_1_556' title='bbox 3298 2028 3461 2103; x_wconf 87' lang='grc' dir='ltr'>νόμου</span> <span class='ocrx_word' id='word_1_557' title='bbox 3517 2025 3825 2086; x_wconf 87' lang='grc' dir='ltr'>κελεύοντος</span> 
     </span>
    </p>
   </div>
   <div class='ocr_carea' id='block_1_81' title="bbox 2184 2113 3828 2195">
    <p class='ocr_par' dir='ltr' id='par_1_81' title="bbox 2184 2113 3828 2195">
     <span class='ocr_line' id='line_1_82' title="bbox 2184 2113 3828 2195; baseline -0.002 -24"><span class='ocrx_word' id='word_1_558' title='bbox 2184 2113 2276 2171; x_wconf 74' lang='grc' dir='ltr'>ἕνα</span> <span class='ocrx_word' id='word_1_559' title='bbox 2326 2115 2467 2172; x_wconf 68' lang='grc' dir='ltr'>εἶναι</span> <span class='ocrx_word' id='word_1_560' title='bbox 2527 2115 2780 2195; x_wconf 76' lang='grc' dir='ltr'>ἀρχιερέα</span> <span class='ocrx_word' id='word_1_561' title='bbox 2834 2115 2918 2174; x_wconf 74' lang='grc' dir='ltr'><strong>διὰ</strong></span> <span class='ocrx_word' id='word_1_562' title='bbox 2970 2119 3109 2194; x_wconf 83' lang='grc' dir='ltr'>βίου,</span> <span class='ocrx_word' id='word_1_563' title='bbox 3169 2116 3397 2181; x_wconf 83' lang='grc' dir='ltr'>πολλοὺς</span> <span class='ocrx_word' id='word_1_564' title='bbox 3442 2115 3649 2172; x_wconf 77' lang='grc' dir='ltr'>ἐποίουν</span> <span class='ocrx_word' id='word_1_565' title='bbox 3683 2114 3828 2170; x_wconf 71' lang='grc' dir='ltr'>αὐτοὶ</span> 
     </span>
    </p>
   </div>
   <div class='ocr_carea' id='block_1_82' title="bbox 2179 2199 3830 2285">
    <p class='ocr_par' dir='ltr' id='par_1_82' title="bbox 2179 2199 3830 2285">
     <span class='ocr_line' id='line_1_83' title="bbox 2179 2199 3830 2285; baseline -0.002 -25"><span class='ocrx_word' id='word_1_566' title='bbox 2179 2205 2526 2285; x_wconf 70' lang='grc' dir='ltr'>παρανόμως,</span> <span class='ocrx_word' id='word_1_567' title='bbox 2587 2203 2892 2281; x_wconf 78' lang='grc' dir='ltr'>ἀμείϐοντες</span> <span class='ocrx_word' id='word_1_568' title='bbox 2968 2209 3151 2269; x_wconf 73' lang='grc' dir='ltr'>αὐτοὺς</span> <span class='ocrx_word' id='word_1_569' title='bbox 3221 2205 3341 2263; x_wconf 86' lang='grc' dir='ltr'>κατ’</span> <span class='ocrx_word' id='word_1_570' title='bbox 3401 2205 3635 2262; x_wconf 67' lang='grc' dir='ltr'>ἐνιαυτόν</span> <span class='ocrx_word' id='word_1_571' title='bbox 3672 2220 3686 2233; x_wconf 82' lang='grc'><strong>⁸</strong></span> <span class='ocrx_word' id='word_1_572' title='bbox 3747 2199 3830 2258; x_wconf 76' lang='grc' dir='ltr'>διὸ</span> 
     </span>
    </p>
   </div>
   <div class='ocr_carea' id='block_1_83' title="bbox 2183 2294 3830 2375">
    <p class='ocr_par' dir='ltr' id='par_1_83' title="bbox 2183 2294 3830 2375">
     <span class='ocr_line' id='line_1_84' title="bbox 2183 2294 3830 2375; baseline -0.001 -26"><span class='ocrx_word' id='word_1_573' title='bbox 2183 2296 2268 2350; x_wconf 76' lang='grc' dir='ltr'>καὶ</span> <span class='ocrx_word' id='word_1_574' title='bbox 2325 2296 2454 2372; x_wconf 83' lang='grc' dir='ltr'>πρὸς</span> <span class='ocrx_word' id='word_1_575' title='bbox 2505 2297 2596 2351; x_wconf 83' lang='grc' dir='ltr'>τὸν</span> <span class='ocrx_word' id='word_1_576' title='bbox 2637 2302 2728 2352; x_wconf 83' lang='grc' dir='ltr'><strong>τοῦ</strong></span> <span class='ocrx_word' id='word_1_577' title='bbox 2778 2298 3015 2353; x_wconf 69' lang='grc' dir='ltr'>ὶνιαυτοῦ</span> <span class='ocrx_word' id='word_1_578' title='bbox 3057 2297 3255 2352; x_wconf 68' lang='grc' dir='ltr'>ἐκείνου</span> <span class='ocrx_word' id='word_1_579' title='bbox 3296 2295 3548 2375; x_wconf 76' lang='grc' dir='ltr'>ἀρχιερέα</span> <span class='ocrx_word' id='word_1_580' title='bbox 3581 2294 3830 2373; x_wconf 70' lang='grc' dir='ltr'>ἔρχονται</span> 
     </span>
    </p>
   </div>
   <div class='ocr_carea' id='block_1_84' title="bbox 2183 2381 3828 2464">
    <p class='ocr_par' dir='ltr' id='par_1_84' title="bbox 2183 2381 3828 2464">
     <span class='ocr_line' id='line_1_85' title="bbox 2183 2381 3828 2464; baseline -0.001 -25"><span class='ocrx_word' id='word_1_581' title='bbox 2183 2381 2584 2459; x_wconf 85' lang='grc' dir='ltr'>βουλευσόμενοι</span> <span class='ocrx_word' id='word_1_582' title='bbox 2639 2386 2758 2464; x_wconf 78' lang='grc' dir='ltr'>περὶ</span> <span class='ocrx_word' id='word_1_583' title='bbox 2807 2385 2988 2464; x_wconf 72' lang='grc' dir='ltr'>φόνου,</span> <span class='ocrx_word' id='word_1_584' title='bbox 3049 2384 3164 2441; x_wconf 83' lang='grc' dir='ltr'>ὅθεν</span> <span class='ocrx_word' id='word_1_585' title='bbox 3197 2384 3297 2441; x_wconf 80' lang='grc' dir='ltr'>ἔδει</span> <span class='ocrx_word' id='word_1_586' title='bbox 3329 2384 3533 2459; x_wconf 83' lang='grc' dir='ltr'>μᾶλλον</span> <span class='ocrx_word' id='word_1_587' title='bbox 3563 2384 3679 2448; x_wconf 81' lang='grc' dir='ltr'>τοῦς</span> <span class='ocrx_word' id='word_1_588' title='bbox 3723 2404 3828 2461; x_wconf 73' lang='grc' dir='ltr'>φο-</span> 
     </span>
    </p>
   </div>
   <div class='ocr_carea' id='block_1_85' title="bbox 2186 2469 3829 2554">
    <p class='ocr_par' dir='ltr' id='par_1_85' title="bbox 2186 2469 3829 2554">
     <span class='ocr_line' id='line_1_86' title="bbox 2186 2469 3829 2554; baseline 0 -27"><span class='ocrx_word' id='word_1_589' title='bbox 2186 2472 2370 2535; x_wconf 74' lang='grc' dir='ltr'>νευτὰς</span> <span class='ocrx_word' id='word_1_590' title='bbox 2427 2472 2734 2544; x_wconf 79' lang='grc' dir='ltr'>κολάζεσθαι</span> <span class='ocrx_word' id='word_1_591' title='bbox 2772 2495 2787 2509; x_wconf 89' lang='grc'><strong>·</strong></span> <span class='ocrx_word' id='word_1_592' title='bbox 2845 2474 3120 2554; x_wconf 72' lang='grc' dir='ltr'>ἀρχιερεῖς</span> <span class='ocrx_word' id='word_1_593' title='bbox 3166 2472 3222 2529; x_wconf 76' lang='grc' dir='ltr'>δὲ</span> <span class='ocrx_word' id='word_1_594' title='bbox 3271 2473 3415 2552; x_wconf 79' lang='grc' dir='ltr'>λέγει</span> <span class='ocrx_word' id='word_1_595' title='bbox 3458 2474 3576 2531; x_wconf 74' lang='grc' dir='ltr'>τοῦ(</span> <span class='ocrx_word' id='word_1_596' title='bbox 3610 2469 3829 2535; x_wconf 87' lang='grc' dir='ltr'>πεπλη-</span> 
     </span>
    </p>
   </div>
   <div class='ocr_carea' id='block_1_86' title="bbox 2185 2559 3831 2641">
    <p class='ocr_par' dir='ltr' id='par_1_86' title="bbox 2185 2559 3831 2641">
     <span class='ocr_line' id='line_1_87' title="bbox 2185 2559 3831 2641; baseline 0 -24"><span class='ocrx_word' id='word_1_597' title='bbox 2185 2561 2423 2638; x_wconf 84' lang='grc' dir='ltr'>ρωκότας</span> <span class='ocrx_word' id='word_1_598' title='bbox 2499 2559 2602 2629; x_wconf 73' lang='grc' dir='ltr'>ἤδη</span> <span class='ocrx_word' id='word_1_599' title='bbox 2661 2564 2760 2631; x_wconf 78' lang='grc' dir='ltr'><strong>τὴν</strong></span> <span class='ocrx_word' id='word_1_600' title='bbox 2828 2565 3090 2621; x_wconf 70' lang='grc' dir='ltr'>ὶνιαύσιον</span> <span class='ocrx_word' id='word_1_601' title='bbox 3172 2562 3516 2641; x_wconf 77' lang='grc' dir='ltr'>λειτουργίαν,</span> <span class='ocrx_word' id='word_1_602' title='bbox 3596 2564 3696 2621; x_wconf 79' lang='grc' dir='ltr'><strong>Τὸν</strong></span> <span class='ocrx_word' id='word_1_603' title='bbox 3776 2559 3831 2617; x_wconf 69' lang='grc' dir='ltr'><strong>ὁὶ</strong></span> 
     </span>
    </p>
   </div>
   <div class='ocr_carea' id='block_1_87' title="bbox 2185 2648 3830 2731">
    <p class='ocr_par' dir='ltr' id='par_1_87' title="bbox 2185 2648 3830 2731">
     <span class='ocr_line' id='line_1_88' title="bbox 2185 2648 3830 2731; baseline -0.002 -26"><span class='ocrx_word' id='word_1_604' title='bbox 2185 2648 2393 2706; x_wconf 82' lang='grc' dir='ltr'>ἀνόσιον</span> <span class='ocrx_word' id='word_1_605' title='bbox 2449 2652 2607 2727; x_wconf 76' lang='grc' dir='ltr'>φόνον</span> <span class='ocrx_word' id='word_1_606' title='bbox 2676 2650 2959 2726; x_wconf 79' lang='grc' dir='ltr'>μέλλοντες</span> <span class='ocrx_word' id='word_1_607' title='bbox 3038 2651 3274 2731; x_wconf 71' lang='grc' dir='ltr'>πράξειν,</span> <span class='ocrx_word' id='word_1_608' title='bbox 3349 2651 3471 2731; x_wconf 68' lang='grc' dir='ltr'>οὐχὶ</span> <span class='ocrx_word' id='word_1_609' title='bbox 3525 2653 3616 2708; x_wconf 84' lang='grc' dir='ltr'>τὸν</span> <span class='ocrx_word' id='word_1_610' title='bbox 3675 2652 3830 2728; x_wconf 73' lang='grc' dir='ltr'><strong>Θεὸν⁹</strong></span> 
     </span>
    </p>
   </div>
   <div class='ocr_carea' id='block_1_88' title="bbox 2184 2737 3828 2820">
    <p class='ocr_par' dir='ltr' id='par_1_88' title="bbox 2184 2737 3828 2820">
     <span class='ocr_line' id='line_1_89' title="bbox 2184 2737 3828 2820; baseline 0.001 -26"><span class='ocrx_word' id='word_1_611' title='bbox 2184 2737 2321 2794; x_wconf 76' lang='grc' dir='ltr'>ἀλλὰ</span> <span class='ocrx_word' id='word_1_612' title='bbox 2379 2741 2469 2795; x_wconf 84' lang='grc' dir='ltr'>τὺν</span> <span class='ocrx_word' id='word_1_613' title='bbox 2525 2738 2692 2818; x_wconf 75' lang='grc' dir='ltr'>ὄχλον</span> <span class='ocrx_word' id='word_1_614' title='bbox 2735 2738 3036 2819; x_wconf 74' lang='grc' dir='ltr'>φοϐοῦνται.</span> <span class='ocrx_word' id='word_1_615' title='bbox 3101 2739 3396 2798; x_wconf 83' lang='grc' dir='ltr'>Ἐδεδιεσαν</span> <span class='ocrx_word' id='word_1_616' title='bbox 3436 2742 3536 2819; x_wconf 77' lang='grc' dir='ltr'><strong>γὰρ</strong></span> <span class='ocrx_word' id='word_1_617' title='bbox 3579 2742 3656 2814; x_wconf 75' lang='grc' dir='ltr'><strong>μή</strong></span> <span class='ocrx_word' id='word_1_618' title='bbox 3687 2761 3828 2820; x_wconf 59' lang='grc' dir='ltr'>πως,</span> 
     </span>
    </p>
   </div>
   <div class='ocr_carea' id='block_1_89' title="bbox 2186 2827 3828 2908">
    <p class='ocr_par' dir='ltr' id='par_1_89' title="bbox 2186 2827 3828 2908">
     <span class='ocr_line' id='line_1_90' title="bbox 2186 2827 3828 2908; baseline 0.004 -27"><span class='ocrx_word' id='word_1_619' title='bbox 2186 2827 2239 2882; x_wconf 74' lang='grc' dir='ltr'><strong>έν</strong></span> <span class='ocrx_word' id='word_1_620' title='bbox 2299 2833 2366 2903; x_wconf 74' lang='grc' dir='ltr'><strong>τῇ</strong></span> <span class='ocrx_word' id='word_1_621' title='bbox 2415 2830 2576 2904; x_wconf 77' lang='grc' dir='ltr'>ὶορτῇ</span> <span class='ocrx_word' id='word_1_622' title='bbox 2632 2831 2994 2906; x_wconf 79' lang='grc' dir='ltr'>φονευσάντων</span> <span class='ocrx_word' id='word_1_623' title='bbox 3052 2831 3232 2904; x_wconf 76' lang='grc' dir='ltr'>αὐτὸν,</span> <span class='ocrx_word' id='word_1_624' title='bbox 3290 2827 3528 2907; x_wconf 75' lang='grc' dir='ltr'>διεγερθῇ</span> <span class='ocrx_word' id='word_1_625' title='bbox 3590 2832 3619 2885; x_wconf 83' lang='grc' dir='ltr'>ὁ</span> <span class='ocrx_word' id='word_1_626' title='bbox 3661 2827 3828 2908; x_wconf 75' lang='grc' dir='ltr'>ὄχλος</span> 
     </span>
    </p>
   </div>
   <div class='ocr_carea' id='block_1_90' title="bbox 2187 2915 3830 2998">
    <p class='ocr_par' dir='ltr' id='par_1_90' title="bbox 2187 2915 3830 2998">
     <span class='ocr_line' id='line_1_91' title="bbox 2187 2915 3830 2998; baseline 0 -26"><span class='ocrx_word' id='word_1_627' title='bbox 2187 2918 2259 2980; x_wconf 85' lang='grc' dir='ltr'>εἰς</span> <span class='ocrx_word' id='word_1_628' title='bbox 2316 2915 2542 2996; x_wconf 76' lang='grc' dir='ltr'>ἄμυναν,</span> <span class='ocrx_word' id='word_1_629' title='bbox 2595 2917 2630 2985; x_wconf 74' lang='grc' dir='ltr'>ἢ</span> <span class='ocrx_word' id='word_1_630' title='bbox 2669 2920 2757 2973; x_wconf 85' lang='grc' dir='ltr'>καὶ</span> <span class='ocrx_word' id='word_1_631' title='bbox 2807 2927 2898 2976; x_wconf 90' lang='grc' dir='ltr'><strong>τοῦ</strong></span> <span class='ocrx_word' id='word_1_632' title='bbox 2954 2921 3241 2998; x_wconf 85' lang='grc' dir='ltr'>προσάγειν</span> <span class='ocrx_word' id='word_1_633' title='bbox 3296 2920 3392 2982; x_wconf 79' lang='grc' dir='ltr'><strong>τὰς</strong></span> <span class='ocrx_word' id='word_1_634' title='bbox 3449 2918 3830 2993; x_wconf 78' lang='grc' dir='ltr'>νονομισμὲνας</span> 
     </span>
    </p>
   </div>
   <div class='ocr_carea' id='block_1_91' title="bbox 2185 3005 3834 3087">
    <p class='ocr_par' dir='ltr' id='par_1_91' title="bbox 2185 3005 3834 3087">
     <span class='ocr_line' id='line_1_92' title="bbox 2185 3005 3834 3087; baseline -0.001 -26"><span class='ocrx_word' id='word_1_635' title='bbox 2185 3006 2360 3069; x_wconf 82' lang='grc' dir='ltr'>θυσίας</span> <span class='ocrx_word' id='word_1_636' title='bbox 2421 3005 2732 3085; x_wconf 76' lang='grc' dir='ltr'>ἀπόσχηται</span> <span class='ocrx_word' id='word_1_637' title='bbox 2789 3005 2872 3064; x_wconf 77' lang='grc' dir='ltr'>διὰ</span> <span class='ocrx_word' id='word_1_638' title='bbox 2957 3008 3054 3074; x_wconf 74' lang='grc' dir='ltr'>τὴν</span> <span class='ocrx_word' id='word_1_639' title='bbox 3136 3008 3435 3087; x_wconf 75' lang='grc' dir='ltr'>μιαιφονίαν</span> <span class='ocrx_word' id='word_1_640' title='bbox 3494 3008 3686 3080; x_wconf 75' lang='grc' dir='ltr'>αὐτῶν,</span> <span class='ocrx_word' id='word_1_641' title='bbox 3747 3008 3834 3061; x_wconf 82' lang='grc' dir='ltr'><strong>καὶ</strong></span> 
     </span>
    </p>
   </div>
   <div class='ocr_carea' id='block_1_92' title="bbox 2187 3093 3829 3164">
    <p class='ocr_par' dir='ltr' id='par_1_92' title="bbox 2187 3093 3829 3164">
     <span class='ocr_line' id='line_1_93' title="bbox 2187 3093 3829 3164; baseline 0.004 -14"><span class='ocrx_word' id='word_1_642' title='bbox 2187 3093 2516 3151; x_wconf 73' lang='grc' dir='ltr'>ἀπολέσωσιν</span> <span class='ocrx_word' id='word_1_643' title='bbox 2549 3097 2694 3153; x_wconf 81' lang='grc' dir='ltr'>αὐτοὶ</span> <span class='ocrx_word' id='word_1_644' title='bbox 2749 3097 2813 3151; x_wconf 76' lang='grc' dir='ltr'>τὰ</span> <span class='ocrx_word' id='word_1_645' title='bbox 2861 3099 2920 3152; x_wconf 64' lang='grc' dir='ltr'><strong>εκ</strong></span> <span class='ocrx_word' id='word_1_646' title='bbox 2975 3103 3079 3153; x_wconf 84' lang='grc' dir='ltr'><strong>τῶν</strong></span> <span class='ocrx_word' id='word_1_647' title='bbox 3129 3100 3319 3153; x_wconf 81' lang='grc' dir='ltr'>θυσιῶν</span> <span class='ocrx_word' id='word_1_648' title='bbox 3346 3095 3503 3164; x_wconf 83' lang='grc' dir='ltr'>κέρδη</span> <span class='ocrx_word' id='word_1_649' title='bbox 3538 3114 3553 3130; x_wconf 82' lang='lat'><strong><em>°</em></strong></span> <span class='ocrx_word' id='word_1_650' title='bbox 3584 3094 3721 3157; x_wconf 71' lang='grc' dir='ltr'>ἴσως</span> <span class='ocrx_word' id='word_1_651' title='bbox 3777 3093 3829 3149; x_wconf 69' lang='grc' dir='ltr'>δὲ</span> 
     </span>
    </p>
   </div>
   <div class='ocr_carea' id='block_1_93' title="bbox 2188 3183 3830 3266">
    <p class='ocr_par' dir='ltr' id='par_1_93' title="bbox 2188 3183 3830 3266">
     <span class='ocr_line' id='line_1_94' title="bbox 2188 3183 3830 3266; baseline 0.001 -28"><span class='ocrx_word' id='word_1_652' title='bbox 2188 3185 2273 3240; x_wconf 71' lang='grc' dir='ltr'><strong>καὶ</strong></span> <span class='ocrx_word' id='word_1_653' title='bbox 2314 3192 2466 3242; x_wconf 88' lang='grc' dir='ltr'>τοῦτο</span> <span class='ocrx_word' id='word_1_654' title='bbox 2523 3183 2829 3263; x_wconf 71' lang='grc' dir='ltr'>ἐφοϐοῦντο,</span> <span class='ocrx_word' id='word_1_655' title='bbox 2876 3188 3086 3259; x_wconf 76' lang='grc' dir='ltr'>μήποτε</span> <span class='ocrx_word' id='word_1_656' title='bbox 3139 3187 3192 3243; x_wconf 78' lang='grc' dir='ltr'>ἐν</span> <span class='ocrx_word' id='word_1_657' title='bbox 3223 3194 3292 3264; x_wconf 76' lang='grc' dir='ltr'><strong>τῇ</strong></span> <span class='ocrx_word' id='word_1_658' title='bbox 3337 3188 3496 3264; x_wconf 78' lang='grc' dir='ltr'>ἑορτῇ</span> <span class='ocrx_word' id='word_1_659' title='bbox 3554 3185 3830 3266; x_wconf 51' lang='lat' dir='ltr'><strong>eomes»-</strong></span> 
     </span>
    </p>
   </div>
   <div class='ocr_carea' id='block_1_94' title="bbox 2187 3273 3830 3350">
    <p class='ocr_par' dir='ltr' id='par_1_94' title="bbox 2187 3273 3830 3350">
     <span class='ocr_line' id='line_1_95' title="bbox 2187 3273 3830 3350; baseline 0.001 -22"><span class='ocrx_word' id='word_1_660' title='bbox 2187 3293 2300 3346; x_wconf 90' lang='grc' dir='ltr'>τος,</span> <span class='ocrx_word' id='word_1_661' title='bbox 2363 3273 2623 3348; x_wconf 74' lang='grc' dir='ltr'>ἐπίσημος</span> <span class='ocrx_word' id='word_1_662' title='bbox 2652 3274 2868 3350; x_wconf 81' lang='grc' dir='ltr'>γένηται</span> <span class='ocrx_word' id='word_1_663' title='bbox 2899 3276 2986 3330; x_wconf 80' lang='grc' dir='ltr'><strong>καὶ</strong></span> <span class='ocrx_word' id='word_1_664' title='bbox 3029 3273 3232 3340; x_wconf 70' lang='grc' dir='ltr'>ἔνδοξος</span> <span class='ocrx_word' id='word_1_665' title='bbox 3277 3277 3434 3332; x_wconf 74' lang='grc' dir='ltr'>αῦτοῦ</span> <span class='ocrx_word' id='word_1_666' title='bbox 3477 3277 3504 3331; x_wconf 75' lang='grc' dir='ltr'><strong>ὃ</strong></span> <span class='ocrx_word' id='word_1_667' title='bbox 3561 3276 3781 3337; x_wconf 78' lang='grc' dir='ltr'>θάνατος</span> <span class='ocrx_word' id='word_1_668' title='bbox 3817 3289 3830 3301; x_wconf 81' lang='grc'><strong><em>⁸</em></strong></span> 
     </span>
    </p>
   </div>
   <div class='ocr_carea' id='block_1_95' title="bbox 2189 3361 3833 3442">
    <p class='ocr_par' dir='ltr' id='par_1_95' title="bbox 2189 3361 3833 3442">
     <span class='ocr_line' id='line_1_96' title="bbox 2189 3361 3833 3442; baseline 0.002 -26"><span class='ocrx_word' id='word_1_669' title='bbox 2189 3361 2332 3418; x_wconf 67' lang='grc' dir='ltr'>αὐτοὶ</span> <span class='ocrx_word' id='word_1_670' title='bbox 2391 3362 2491 3439; x_wconf 74' lang='grc' dir='ltr'>γὰρ</span> <span class='ocrx_word' id='word_1_671' title='bbox 2558 3361 2850 3428; x_wconf 77' lang='grc' dir='ltr'>ἠϐούλοντο</span> <span class='ocrx_word' id='word_1_672' title='bbox 2905 3363 3150 3442; x_wconf 75' lang='grc' dir='ltr'>ἀφανίσαι</span> <span class='ocrx_word' id='word_1_673' title='bbox 3228 3365 3288 3420; x_wconf 85' lang='grc' dir='ltr'>τὸ</span> <span class='ocrx_word' id='word_1_674' title='bbox 3339 3362 3677 3438; x_wconf 81' lang='grc' dir='ltr'>μνημόσυνον</span> <span class='ocrx_word' id='word_1_675' title='bbox 3736 3365 3833 3419; x_wconf 74' lang='grc' dir='ltr'>αῦ-</span> 
     </span>
    </p>
   </div>
   <div class='ocr_carea' id='block_1_96' title="bbox 2189 3447 3836 3531">
    <p class='ocr_par' dir='ltr' id='par_1_96' title="bbox 2189 3447 3836 3531">
     <span class='ocr_line' id='line_1_97' title="bbox 2189 3447 3836 3531; baseline 0.002 -27"><span class='ocrx_word' id='word_1_676' title='bbox 2189 3451 2300 3509; x_wconf 79' lang='grc' dir='ltr'>τοῦ.</span> <span class='ocrx_word' id='word_1_677' title='bbox 2365 3447 2598 3506; x_wconf 74' lang='grc' dir='ltr'>Ἐκεῖνοι</span> <span class='ocrx_word' id='word_1_678' title='bbox 2656 3451 2754 3525; x_wconf 73' lang='grc' dir='ltr'>μὲν</span> <span class='ocrx_word' id='word_1_679' title='bbox 2810 3451 2897 3506; x_wconf 74' lang='grc' dir='ltr'>οὖν</span> <span class='ocrx_word' id='word_1_680' title='bbox 2930 3451 3066 3508; x_wconf 73' lang='grc' dir='ltr'>οὕτω</span> <span class='ocrx_word' id='word_1_681' title='bbox 3107 3454 3208 3531; x_wconf 77' lang='grc' dir='ltr'><strong>πρὸ</strong></span> <span class='ocrx_word' id='word_1_682' title='bbox 3247 3455 3344 3518; x_wconf 79' lang='grc' dir='ltr'>τῆς</span> <span class='ocrx_word' id='word_1_683' title='bbox 3385 3454 3570 3530; x_wconf 75' lang='grc' dir='ltr'>ἑορτῆς</span> <span class='ocrx_word' id='word_1_684' title='bbox 3612 3449 3836 3526; x_wconf 77' lang='grc' dir='ltr'>βουλευο</span> 
     </span>
    </p>
   </div>
   <div class='ocr_carea' id='block_1_97' title="bbox 2189 3538 3832 3620">
    <p class='ocr_par' dir='ltr' id='par_1_97' title="bbox 2189 3538 3832 3620">
     <span class='ocr_line' id='line_1_98' title="bbox 2189 3538 3832 3620; baseline 0.001 -26"><span class='ocrx_word' id='word_1_685' title='bbox 2189 3538 2363 3602; x_wconf 82' lang='grc' dir='ltr'>θέντες</span> <span class='ocrx_word' id='word_1_686' title='bbox 2396 3539 2528 3613; x_wconf 81' lang='grc' dir='ltr'>μετᾶ</span> <span class='ocrx_word' id='word_1_687' title='bbox 2558 3539 2658 3605; x_wconf 65' lang='grc' dir='ltr'><strong>τὴν</strong></span> <span class='ocrx_word' id='word_1_688' title='bbox 2689 3539 2876 3617; x_wconf 72' lang='grc' dir='ltr'>ἑορτὴν</span> <span class='ocrx_word' id='word_1_689' title='bbox 2923 3542 3068 3620; x_wconf 83' lang='grc' dir='ltr'>τάχα</span> <span class='ocrx_word' id='word_1_690' title='bbox 3112 3541 3357 3620; x_wconf 70' lang='grc' dir='ltr'>φονεῦσαι</span> <span class='ocrx_word' id='word_1_691' title='bbox 3393 3562 3407 3577; x_wconf 79' lang='grc' dir='ltr'><strong><em>ο</em></strong></span> <span class='ocrx_word' id='word_1_692' title='bbox 3439 3543 3468 3598; x_wconf 72' lang='grc' dir='ltr'><strong>ὁ</strong></span> <span class='ocrx_word' id='word_1_693' title='bbox 3498 3539 3575 3615; x_wconf 78' lang='grc' dir='ltr'>δὲ,</span> <span class='ocrx_word' id='word_1_694' title='bbox 3607 3538 3832 3607; x_wconf 82' lang='grc' dir='ltr'>δεικνὺς,</span> 
     </span>
    </p>
   </div>
   <div class='ocr_carea' id='block_1_98' title="bbox 2193 3625 3835 3709">
    <p class='ocr_par' dir='ltr' id='par_1_98' title="bbox 2193 3625 3835 3709">
     <span class='ocr_line' id='line_1_99' title="bbox 2193 3625 3835 3709; baseline 0.001 -27"><span class='ocrx_word' id='word_1_695' title='bbox 2193 3625 2272 3683; x_wconf 86' lang='grc' dir='ltr'><strong>δτι</strong></span> <span class='ocrx_word' id='word_1_696' title='bbox 2331 3629 2435 3707; x_wconf 76' lang='grc' dir='ltr'><strong>ούχ</strong></span> <span class='ocrx_word' id='word_1_697' title='bbox 2464 3627 2550 3683; x_wconf 80' lang='grc' dir='ltr'><strong>ὅτε</strong></span> <span class='ocrx_word' id='word_1_698' title='bbox 2593 3626 2804 3702; x_wconf 75' lang='grc' dir='ltr'>ἤθελον,</span> <span class='ocrx_word' id='word_1_699' title='bbox 2835 3626 2954 3684; x_wconf 74' lang='grc' dir='ltr'>ἀλλ’</span> <span class='ocrx_word' id='word_1_700' title='bbox 2985 3631 3071 3685; x_wconf 83' lang='grc' dir='ltr'>ὃτε</span> <span class='ocrx_word' id='word_1_701' title='bbox 3101 3628 3357 3697; x_wconf 73' lang='grc' dir='ltr'>ἠθέλησεν</span> <span class='ocrx_word' id='word_1_702' title='bbox 3389 3630 3570 3709; x_wconf 66' lang='grc' dir='ltr'>αὐτὸς,</span> <span class='ocrx_word' id='word_1_703' title='bbox 3607 3632 3835 3709; x_wconf 80' lang='grc' dir='ltr'>πάσχει,</span> 
     </span>
    </p>
   </div>
   <div class='ocr_carea' id='block_1_99' title="bbox 2195 3717 3834 3798">
    <p class='ocr_par' dir='ltr' id='par_1_99' title="bbox 2195 3717 3834 3798">
     <span class='ocr_line' id='line_1_100' title="bbox 2195 3717 3834 3798; baseline 0.002 -26"><span class='ocrx_word' id='word_1_704' title='bbox 2195 3717 2570 3796; x_wconf 83' lang='grc' dir='ltr'>συνεχώρησεν</span> <span class='ocrx_word' id='word_1_705' title='bbox 2600 3721 2776 3781; x_wconf 76' lang='grc' dir='ltr'>αὐτοῖς</span> <span class='ocrx_word' id='word_1_706' title='bbox 2808 3718 2942 3773; x_wconf 77' lang='grc' dir='ltr'>κατὰ</span> <span class='ocrx_word' id='word_1_707' title='bbox 2971 3725 3060 3774; x_wconf 86' lang='grc' dir='ltr'>τὸν</span> <span class='ocrx_word' id='word_1_708' title='bbox 3089 3721 3277 3797; x_wconf 81' lang='grc' dir='ltr'>καιρὸν</span> <span class='ocrx_word' id='word_1_709' title='bbox 3308 3727 3398 3777; x_wconf 90' lang='grc' dir='ltr'><strong>τοῦ</strong></span> <span class='ocrx_word' id='word_1_710' title='bbox 3453 3720 3647 3798; x_wconf 81' lang='grc' dir='ltr'>Πάσχα</span> <span class='ocrx_word' id='word_1_711' title='bbox 3704 3719 3834 3775; x_wconf 81' lang='grc' dir='ltr'>συλ-</span> 
     </span>
    </p>
   </div>
   <div class='ocr_carea' id='block_1_100' title="bbox 2194 3802 3840 3888">
    <p class='ocr_par' dir='ltr' id='par_1_100' title="bbox 2194 3802 3840 3888">
     <span class='ocr_line' id='line_1_101' title="bbox 2194 3802 3840 3888; baseline 0.001 -28"><span class='ocrx_word' id='word_1_712' title='bbox 2194 3802 2378 3860; x_wconf 74' lang='grc' dir='ltr'>λαϐεῖν</span> <span class='ocrx_word' id='word_1_713' title='bbox 2414 3821 2429 3836; x_wconf 91' lang='grc'><strong>·</strong></span> <span class='ocrx_word' id='word_1_714' title='bbox 2484 3805 2576 3861; x_wconf 70' lang='grc' dir='ltr'><strong>ἵνα</strong></span> <span class='ocrx_word' id='word_1_715' title='bbox 2637 3805 2724 3860; x_wconf 81' lang='grc' dir='ltr'><strong>ὅτε</strong></span> <span class='ocrx_word' id='word_1_716' title='bbox 2775 3807 2836 3862; x_wconf 83' lang='grc' dir='ltr'>τὸ</span> <span class='ocrx_word' id='word_1_717' title='bbox 2865 3808 3081 3865; x_wconf 79' lang='grc' dir='ltr'>τυπικὸν</span> <span class='ocrx_word' id='word_1_718' title='bbox 3128 3812 3321 3888; x_wconf 59' lang='grc' dir='ltr'>Πάσχα</span> <span class='ocrx_word' id='word_1_719' title='bbox 3349 3808 3572 3886; x_wconf 71' lang='grc' dir='ltr'>έγίνετο,</span> <span class='ocrx_word' id='word_1_720' title='bbox 3603 3809 3722 3865; x_wconf 88' lang='grc' dir='ltr'>τότε</span> <span class='ocrx_word' id='word_1_721' title='bbox 3752 3810 3840 3864; x_wconf 78' lang='grc' dir='ltr'>καὶ</span> 
     </span>
    </p>
   </div>
   <div class='ocr_carea' id='block_1_101' title="bbox 2193 3887 3838 3973">
    <p class='ocr_par' dir='ltr' id='par_1_101' title="bbox 2193 3887 3838 3973">
     <span class='ocr_line' id='line_1_102' title="bbox 2193 3887 3838 3973; baseline 0.002 -24"><span class='ocrx_word' id='word_1_722' title='bbox 2193 3900 2254 3950; x_wconf 73' lang='grc' dir='ltr'><strong>τὸ</strong></span> <span class='ocrx_word' id='word_1_723' title='bbox 2311 3892 2557 3959; x_wconf 78' lang='grc' dir='ltr'>ἀληθινὸν</span> <span class='ocrx_word' id='word_1_724' title='bbox 2617 3896 2810 3973; x_wconf 81' lang='grc' dir='ltr'>Πάσχα</span> <span class='ocrx_word' id='word_1_725' title='bbox 2864 3893 3070 3962; x_wconf 73' lang='grc' dir='ltr'>ἐκϐαίη.</span> <span class='ocrx_word' id='word_1_726' title='bbox 3120 3887 3290 3953; x_wconf 80' lang='grc' dir='ltr'>’Ἐστι</span> <span class='ocrx_word' id='word_1_727' title='bbox 3347 3894 3401 3953; x_wconf 73' lang='grc' dir='ltr'>δὲ</span> <span class='ocrx_word' id='word_1_728' title='bbox 3451 3900 3540 3954; x_wconf 81' lang='grc' dir='ltr'><strong>καὶ</strong></span> <span class='ocrx_word' id='word_1_729' title='bbox 3567 3898 3666 3964; x_wconf 77' lang='grc' dir='ltr'>τὴν</span> <span class='ocrx_word' id='word_1_730' title='bbox 3695 3919 3838 3972; x_wconf 79' lang='grc' dir='ltr'>μιαιο</span> 
     </span>
    </p>
   </div>
   <div class='ocr_carea' id='block_1_102' title="bbox 2193 3983 3838 4064">
    <p class='ocr_par' dir='ltr' id='par_1_102' title="bbox 2193 3983 3838 4064">
     <span class='ocr_line' id='line_1_103' title="bbox 2193 3983 3838 4064; baseline 0.001 -26"><span class='ocrx_word' id='word_1_731' title='bbox 2193 3983 2375 4060; x_wconf 74' lang='grc' dir='ltr'>φονίαν</span> <span class='ocrx_word' id='word_1_732' title='bbox 2434 3984 2605 4039; x_wconf 77' lang='grc' dir='ltr'>αὐτῶν</span> <span class='ocrx_word' id='word_1_733' title='bbox 2649 3987 3000 4058; x_wconf 74' lang='grc' dir='ltr'>καταμαθεῖν.</span> <span class='ocrx_word' id='word_1_734' title='bbox 3057 3988 3117 4041; x_wconf 71' lang='grc' dir='ltr'><strong>Οἱ</strong></span> <span class='ocrx_word' id='word_1_735' title='bbox 3159 3987 3258 4064; x_wconf 77' lang='grc' dir='ltr'><strong>γὰρ</strong></span> <span class='ocrx_word' id='word_1_736' title='bbox 3292 3987 3369 4061; x_wconf 76' lang='grc' dir='ltr'>μὴ</span> <span class='ocrx_word' id='word_1_737' title='bbox 3423 3986 3734 4062; x_wconf 75' lang='grc' dir='ltr'>βουλόμενοι</span> <span class='ocrx_word' id='word_1_738' title='bbox 3785 3985 3838 4040; x_wconf 69' lang='lat' dir='ltr'><strong>iv</strong></span> 
     </span>
    </p>
   </div>
   <div class='ocr_carea' id='block_1_103' title="bbox 2193 4072 3835 4154">
    <p class='ocr_par' dir='ltr' id='par_1_103' title="bbox 2193 4072 3835 4154">
     <span class='ocr_line' id='line_1_104' title="bbox 2193 4072 3835 4154; baseline 0.002 -28"><span class='ocrx_word' id='word_1_739' title='bbox 2193 4076 2262 4147; x_wconf 74' lang='grc' dir='ltr'><strong>τῇ</strong></span> <span class='ocrx_word' id='word_1_740' title='bbox 2330 4072 2489 4150; x_wconf 80' lang='grc' dir='ltr'>ἐορτῇ</span> <span class='ocrx_word' id='word_1_741' title='bbox 2530 4080 2773 4150; x_wconf 75' lang='grc' dir='ltr'>φονεῦσαι</span> <span class='ocrx_word' id='word_1_742' title='bbox 2819 4076 2998 4145; x_wconf 67' lang='grc' dir='ltr'>αὑτὸν,</span> <span class='ocrx_word' id='word_1_743' title='bbox 3055 4074 3143 4130; x_wconf 83' lang='grc' dir='ltr'>ὅτε</span> <span class='ocrx_word' id='word_1_744' title='bbox 3187 4077 3332 4153; x_wconf 74' lang='grc' dir='ltr'>εὗρον</span> <span class='ocrx_word' id='word_1_745' title='bbox 3361 4077 3452 4132; x_wconf 81' lang='grc' dir='ltr'><strong>τὸν</strong></span> <span class='ocrx_word' id='word_1_746' title='bbox 3501 4073 3835 4154; x_wconf 82' lang='grc' dir='ltr'>προδιδόντα,</span> 
     </span>
    </p>
   </div>
   <div class='ocr_carea' id='block_1_104' title="bbox 2193 4161 3836 4243">
    <p class='ocr_par' dir='ltr' id='par_1_104' title="bbox 2193 4161 3836 4243">
     <span class='ocr_line' id='line_1_105' title="bbox 2193 4161 3836 4243; baseline 0.003 -27"><span class='ocrx_word' id='word_1_747' title='bbox 2193 4161 2314 4217; x_wconf 87' lang='grc' dir='ltr'>τότε</span> <span class='ocrx_word' id='word_1_748' title='bbox 2391 4161 2687 4241; x_wconf 71' lang='grc' dir='ltr'>φονεύουσι,</span> <span class='ocrx_word' id='word_1_749' title='bbox 2779 4165 3269 4241; x_wconf 73' lang='grc' dir='ltr'>καταφρονήσαντες</span> <span class='ocrx_word' id='word_1_750' title='bbox 3345 4165 3433 4220; x_wconf 86' lang='grc' dir='ltr'>καὶ</span> <span class='ocrx_word' id='word_1_751' title='bbox 3485 4171 3576 4221; x_wconf 89' lang='grc' dir='ltr'><strong>τοῦ</strong></span> <span class='ocrx_word' id='word_1_752' title='bbox 3643 4162 3836 4243; x_wconf 75' lang='grc' dir='ltr'>ὄχλου,</span> 
     </span>
    </p>
   </div>
   <div class='ocr_carea' id='block_1_105' title="bbox 2194 4249 3281 4327">
    <p class='ocr_par' dir='ltr' id='par_1_105' title="bbox 2194 4249 3281 4327">
     <span class='ocr_line' id='line_1_106' title="bbox 2194 4249 3281 4327; baseline -0.001 -20"><span class='ocrx_word' id='word_1_753' title='bbox 2194 4250 2355 4326; x_wconf 89' lang='grc' dir='ltr'>μόνον</span> <span class='ocrx_word' id='word_1_754' title='bbox 2397 4249 2490 4305; x_wconf 78' lang='grc' dir='ltr'>ἵνα</span> <span class='ocrx_word' id='word_1_755' title='bbox 2519 4251 2578 4305; x_wconf 79' lang='grc' dir='ltr'>τὸ</span> <span class='ocrx_word' id='word_1_756' title='bbox 2605 4249 2814 4325; x_wconf 84' lang='grc' dir='ltr'>θέλημα</span> <span class='ocrx_word' id='word_1_757' title='bbox 2841 4251 3010 4306; x_wconf 71' lang='grc' dir='ltr'>αὐτῶν</span> <span class='ocrx_word' id='word_1_758' title='bbox 3039 4251 3281 4327; x_wconf 83' lang='grc' dir='ltr'>γένηται.</span> 
     </span>
    </p>
   </div>
   <div class='ocr_carea' id='block_1_106' title="bbox 2281 4336 3843 4416">
    <p class='ocr_par' dir='ltr' id='par_1_106' title="bbox 2281 4336 3843 4416">
     <span class='ocr_line' id='line_1_107' title="bbox 2281 4336 3843 4416; baseline 0.001 -20"><span class='ocrx_word' id='word_1_759' title='bbox 2281 4365 2309 4396; x_wconf 78' lang='lat' dir='ltr'><strong>a</strong></span> <span class='ocrx_word' id='word_1_760' title='bbox 2342 4347 2445 4400; x_wconf 81' lang='grc' dir='ltr'>Τοῦ</span> <span class='ocrx_word' id='word_1_761' title='bbox 2501 4337 2556 4395; x_wconf 74' lang='grc' dir='ltr'>δὲ</span> <span class='ocrx_word' id='word_1_762' title='bbox 2605 4336 2785 4406; x_wconf 81' lang='grc' dir='ltr'>Ἰησοῦ</span> <span class='ocrx_word' id='word_1_763' title='bbox 2848 4339 3133 4416; x_wconf 73' lang='grc' dir='ltr'>γενομένου</span> <span class='ocrx_word' id='word_1_764' title='bbox 3191 4339 3244 4394; x_wconf 75' lang='grc' dir='ltr'>ὲν</span> <span class='ocrx_word' id='word_1_765' title='bbox 3316 4342 3566 4414; x_wconf 72' lang='grc' dir='ltr'>Βηθανία,</span> <span class='ocrx_word' id='word_1_766' title='bbox 3611 4341 3665 4397; x_wconf 74' lang='grc' dir='ltr'>ἰν</span> <span class='ocrx_word' id='word_1_767' title='bbox 3709 4344 3843 4415; x_wconf 68' lang='grc' dir='ltr'>οἰκία</span> 
     </span>
    </p>
   </div>
   <div class='ocr_carea' id='block_1_107' title="bbox 2201 4425 3844 4506">
    <p class='ocr_par' dir='ltr' id='par_1_107' title="bbox 2201 4425 3844 4506">
     <span class='ocr_line' id='line_1_108' title="bbox 2201 4425 3844 4506; baseline 0 -19"><span class='ocrx_word' id='word_1_768' title='bbox 2201 4432 2443 4504; x_wconf 85' lang='grc' dir='ltr'>Σίμωνος</span> <span class='ocrx_word' id='word_1_769' title='bbox 2499 4434 2592 4486; x_wconf 90' lang='grc' dir='ltr'><strong>τοῦ</strong></span> <span class='ocrx_word' id='word_1_770' title='bbox 2657 4427 2874 4506; x_wconf 83' lang='grc' dir='ltr'>λεπροῦ,</span> <span class='ocrx_word' id='word_1_771' title='bbox 2922 4425 3218 4506; x_wconf 80' lang='grc' dir='ltr'>προσῆλθεν</span> <span class='ocrx_word' id='word_1_772' title='bbox 3273 4430 3414 4502; x_wconf 77' lang='grc' dir='ltr'>αύτῷ</span> <span class='ocrx_word' id='word_1_773' title='bbox 3468 4429 3600 4505; x_wconf 84' lang='grc' dir='ltr'>γυνή</span> <span class='ocrx_word' id='word_1_774' title='bbox 3640 4427 3844 4487; x_wconf 68' lang='grc' dir='ltr'>ἀλάϐα-</span> 
     </span>
    </p>
   </div>
   <div class='ocr_carea' id='block_1_108' title="bbox 2202 4515 3844 4598">
    <p class='ocr_par' dir='ltr' id='par_1_108' title="bbox 2202 4515 3844 4598">
     <span class='ocr_line' id='line_1_109' title="bbox 2202 4515 3844 4598; baseline 0.001 -22"><span class='ocrx_word' id='word_1_775' title='bbox 2202 4541 2355 4598; x_wconf 89' lang='grc' dir='ltr'>στρον</span> <span class='ocrx_word' id='word_1_776' title='bbox 2400 4519 2565 4594; x_wconf 82' lang='grc' dir='ltr'>μύρου</span> <span class='ocrx_word' id='word_1_777' title='bbox 2640 4515 2839 4596; x_wconf 76' lang='grc' dir='ltr'>ἔχουσα</span> <span class='ocrx_word' id='word_1_778' title='bbox 2907 4517 3213 4592; x_wconf 80' lang='grc' dir='ltr'>βαρυτίμου,</span> <span class='ocrx_word' id='word_1_779' title='bbox 3274 4519 3360 4573; x_wconf 83' lang='grc' dir='ltr'><strong>καὶ</strong></span> <span class='ocrx_word' id='word_1_780' title='bbox 3421 4516 3677 4597; x_wconf 85' lang='grc' dir='ltr'>κατέχεεν</span> <span class='ocrx_word' id='word_1_781' title='bbox 3759 4519 3844 4577; x_wconf 68' lang='grc' dir='ltr'>ἐπὶ</span> 
     </span>
    </p>
   </div>
   <div class='ocr_carea' id='block_1_109' title="bbox 2203 4605 3844 4686">
    <p class='ocr_par' dir='ltr' id='par_1_109' title="bbox 2203 4605 3844 4686">
     <span class='ocr_line' id='line_1_110' title="bbox 2203 4605 3844 4686; baseline -0.005 -22"><span class='ocrx_word' id='word_1_782' title='bbox 2203 4609 2301 4674; x_wconf 75' lang='grc' dir='ltr'>τὴν</span> <span class='ocrx_word' id='word_1_783' title='bbox 2361 4607 2598 4686; x_wconf 72' lang='grc' dir='ltr'>κεφαλὴν</span> <span class='ocrx_word' id='word_1_784' title='bbox 2657 4607 2812 4662; x_wconf 76' lang='grc' dir='ltr'>αὐτοῦ</span> <span class='ocrx_word' id='word_1_785' title='bbox 2869 4605 3235 4680; x_wconf 76' lang='grc' dir='ltr'>ἀνακειμένου,</span> <span class='ocrx_word' id='word_1_786' title='bbox 3275 4630 3300 4659; x_wconf 75' lang='grc' dir='ltr'>ι</span> <span class='ocrx_word' id='word_1_787' title='bbox 3360 4606 3508 4668; x_wconf 76' lang='grc' dir='ltr'>Τινὲς</span> <span class='ocrx_word' id='word_1_788' title='bbox 3557 4621 3700 4675; x_wconf 76' lang='grc' dir='ltr'>τρεῖς</span> <span class='ocrx_word' id='word_1_789' title='bbox 3757 4607 3844 4666; x_wconf 76' lang='grc' dir='ltr'><strong>λέ-</strong></span> 
     </span>
    </p>
   </div>
   <div class='ocr_carea' id='block_1_110' title="bbox 2203 4692 3845 4778">
    <p class='ocr_par' dir='ltr' id='par_1_110' title="bbox 2203 4692 3845 4778">
     <span class='ocr_line' id='line_1_111' title="bbox 2203 4692 3845 4778; baseline -0.001 -23"><span class='ocrx_word' id='word_1_790' title='bbox 2203 4719 2384 4778; x_wconf 84' lang='grc' dir='ltr'>γουσιν</span> <span class='ocrx_word' id='word_1_791' title='bbox 2443 4695 2591 4752; x_wconf 76' lang='grc' dir='ltr'>εἶναι</span> <span class='ocrx_word' id='word_1_792' title='bbox 2632 4695 2726 4757; x_wconf 73' lang='grc' dir='ltr'><strong>τὰς</strong></span> <span class='ocrx_word' id='word_1_793' title='bbox 2760 4692 3055 4767; x_wconf 76' lang='grc' dir='ltr'>ἀλειψάσας</span> <span class='ocrx_word' id='word_1_794' title='bbox 3084 4697 3177 4750; x_wconf 80' lang='grc' dir='ltr'><strong>τὸν</strong></span> <span class='ocrx_word' id='word_1_795' title='bbox 3213 4695 3398 4772; x_wconf 77' lang='grc' dir='ltr'>Κύριον</span> <span class='ocrx_word' id='word_1_796' title='bbox 3447 4711 3726 4773; x_wconf 72' lang='grc' dir='ltr'>γυναῖκας,</span> <span class='ocrx_word' id='word_1_797' title='bbox 3771 4700 3845 4756; x_wconf 83' lang='grc' dir='ltr'>ὦν</span> 
     </span>
    </p>
   </div>
   <div class='ocr_carea' id='block_1_111' title="bbox 2202 4781 3847 4861">
    <p class='ocr_par' dir='ltr' id='par_1_111' title="bbox 2202 4781 3847 4861">
     <span class='ocr_line' id='line_1_112' title="bbox 2202 4781 3847 4861; baseline -0.002 -15"><span class='ocrx_word' id='word_1_798' title='bbox 2202 4788 2293 4846; x_wconf 79' lang='grc' dir='ltr'><strong>καὶ</strong></span> <span class='ocrx_word' id='word_1_799' title='bbox 2347 4787 2396 4843; x_wconf 70' lang='grc' dir='ltr'>οἱ</span> <span class='ocrx_word' id='word_1_800' title='bbox 2454 4785 2704 4861; x_wconf 80' lang='grc' dir='ltr'>τέσσαρες</span> <span class='ocrx_word' id='word_1_801' title='bbox 2762 4781 3126 4860; x_wconf 75' lang='grc' dir='ltr'>εῦαγγελισταὶ</span> <span class='ocrx_word' id='word_1_802' title='bbox 3183 4784 3479 4860; x_wconf 82' lang='grc' dir='ltr'>μέμνηνται</span> <span class='ocrx_word' id='word_1_803' title='bbox 3515 4801 3528 4814; x_wconf 83' lang='lat'><strong><em>°</em></strong></span> <span class='ocrx_word' id='word_1_804' title='bbox 3585 4784 3736 4843; x_wconf 74' lang='grc' dir='ltr'>ἄλλοι</span> <span class='ocrx_word' id='word_1_805' title='bbox 3791 4785 3847 4843; x_wconf 81' lang='grc' dir='ltr'>δὶ</span> 
     </span>
    </p>
   </div>
   <div class='ocr_carea' id='block_1_112' title="bbox 2199 4871 3848 4952">
    <p class='ocr_par' dir='ltr' id='par_1_112' title="bbox 2199 4871 3848 4952">
     <span class='ocr_line' id='line_1_113' title="bbox 2199 4871 3848 4952; baseline -0.004 -16"><span class='ocrx_word' id='word_1_806' title='bbox 2199 4878 2289 4936; x_wconf 80' lang='grc' dir='ltr'><strong>δύο</strong></span> <span class='ocrx_word' id='word_1_807' title='bbox 2345 4876 2535 4936; x_wconf 81' lang='grc' dir='ltr'>ταύτας</span> <span class='ocrx_word' id='word_1_808' title='bbox 2585 4873 2733 4951; x_wconf 74' lang='grc' dir='ltr'>φασὶ,</span> <span class='ocrx_word' id='word_1_809' title='bbox 2792 4871 2917 4946; x_wconf 83' lang='grc' dir='ltr'>μίαν</span> <span class='ocrx_word' id='word_1_810' title='bbox 2974 4874 3072 4938; x_wconf 70' lang='grc' dir='ltr'>τὴν</span> <span class='ocrx_word' id='word_1_811' title='bbox 3124 4875 3263 4952; x_wconf 78' lang='grc' dir='ltr'>παρὰ</span> <span class='ocrx_word' id='word_1_812' title='bbox 3321 4880 3396 4948; x_wconf 80' lang='grc' dir='ltr'>τῷ</span> <span class='ocrx_word' id='word_1_813' title='bbox 3452 4871 3696 4951; x_wconf 65' lang='grc' dir='ltr'>Ἰωάννῃ,</span> <span class='ocrx_word' id='word_1_814' title='bbox 3731 4875 3848 4943; x_wconf 74' lang='grc' dir='ltr'>ἥτις</span> 
     </span>
    </p>
   </div>
   <div class='ocr_carea' id='block_1_113' title="bbox 2201 4958 3850 5043">
    <p class='ocr_par' dir='ltr' id='par_1_113' title="bbox 2201 4958 3850 5043">
     <span class='ocr_line' id='line_1_114' title="bbox 2201 4958 3850 5043; baseline -0.002 -19"><span class='ocrx_word' id='word_1_815' title='bbox 2201 4967 2309 5025; x_wconf 69' lang='grc' dir='ltr'>ἐστὶ</span> <span class='ocrx_word' id='word_1_816' title='bbox 2352 4965 2523 5041; x_wconf 76' lang='grc' dir='ltr'>Μαρία</span> <span class='ocrx_word' id='word_1_817' title='bbox 2552 4963 2586 5029; x_wconf 77' lang='grc' dir='ltr'>ἡ</span> <span class='ocrx_word' id='word_1_818' title='bbox 2646 4958 2844 5039; x_wconf 74' lang='grc' dir='ltr'>ἀδελφὴ</span> <span class='ocrx_word' id='word_1_819' title='bbox 2899 4967 2991 5017; x_wconf 89' lang='grc' dir='ltr'><strong>τοῦ</strong></span> <span class='ocrx_word' id='word_1_820' title='bbox 3021 4963 3276 5043; x_wconf 83' lang='grc' dir='ltr'>Λαζάρου,</span> <span class='ocrx_word' id='word_1_821' title='bbox 3309 4963 3398 5018; x_wconf 84' lang='grc' dir='ltr'><strong>καὶ</strong></span> <span class='ocrx_word' id='word_1_822' title='bbox 3425 4963 3523 5030; x_wconf 74' lang='grc' dir='ltr'><strong>την</strong></span> <span class='ocrx_word' id='word_1_823' title='bbox 3567 4970 3652 5020; x_wconf 89' lang='grc' dir='ltr'><strong>νῦν</strong></span> <span class='ocrx_word' id='word_1_824' title='bbox 3708 4965 3850 5042; x_wconf 78' lang='grc' dir='ltr'>παρὰ</span> 
     </span>
    </p>
   </div>
   <div class='ocr_carea' id='block_1_114' title="bbox 2201 5049 3851 5129">
    <p class='ocr_par' dir='ltr' id='par_1_114' title="bbox 2201 5049 3851 5129">
     <span class='ocr_line' id='line_1_115' title="bbox 2201 5049 3851 5129; baseline 0 -20"><span class='ocrx_word' id='word_1_825' title='bbox 2201 5061 2279 5129; x_wconf 78' lang='grc' dir='ltr'>τῷ</span> <span class='ocrx_word' id='word_1_826' title='bbox 2323 5051 2571 5125; x_wconf 80' lang='grc' dir='ltr'>Ματθαίῳ</span> <span class='ocrx_word' id='word_1_827' title='bbox 2630 5049 3123 5127; x_wconf 78' lang='grc' dir='ltr'>μνημονευομένην,</span> <span class='ocrx_word' id='word_1_828' title='bbox 3177 5050 3293 5118; x_wconf 73' lang='grc' dir='ltr'>ἥτις</span> <span class='ocrx_word' id='word_1_829' title='bbox 3350 5051 3487 5108; x_wconf 75' lang='grc' dir='ltr'>ἐστὶν</span> <span class='ocrx_word' id='word_1_830' title='bbox 3516 5054 3549 5120; x_wconf 75' lang='grc' dir='ltr'>ἡ</span> <span class='ocrx_word' id='word_1_831' title='bbox 3604 5054 3735 5120; x_wconf 70' lang='grc' dir='ltr'>αὕτη</span> <span class='ocrx_word' id='word_1_832' title='bbox 3783 5058 3851 5128; x_wconf 73' lang='grc' dir='ltr'><strong>τῇ</strong></span> 
     </span>
    </p>
   </div>
   <div class='ocr_carea' id='block_1_115' title="bbox 2202 5139 3851 5223">
    <p class='ocr_par' dir='ltr' id='par_1_115' title="bbox 2202 5139 3851 5223">
     <span class='ocr_line' id='line_1_116' title="bbox 2202 5139 3851 5223; baseline -0.004 -21"><span class='ocrx_word' id='word_1_833' title='bbox 2202 5145 2345 5223; x_wconf 82' lang='grc' dir='ltr'>παρὰ</span> <span class='ocrx_word' id='word_1_834' title='bbox 2396 5147 2474 5215; x_wconf 80' lang='grc' dir='ltr'><strong>τῷ</strong></span> <span class='ocrx_word' id='word_1_835' title='bbox 2530 5145 2704 5211; x_wconf 82' lang='grc' dir='ltr'>Λουκᾷ</span> <span class='ocrx_word' id='word_1_836' title='bbox 2760 5140 2847 5195; x_wconf 83' lang='grc' dir='ltr'><strong>καὶ</strong></span> <span class='ocrx_word' id='word_1_837' title='bbox 2910 5145 2986 5213; x_wconf 84' lang='grc' dir='ltr'>τῷ</span> <span class='ocrx_word' id='word_1_838' title='bbox 3051 5141 3268 5219; x_wconf 76' lang='grc' dir='ltr'>Μάρκῳ.</span> <span class='ocrx_word' id='word_1_839' title='bbox 3331 5141 3431 5199; x_wconf 81' lang='grc' dir='ltr'><strong>Τὸν</strong></span> <span class='ocrx_word' id='word_1_840' title='bbox 3511 5139 3564 5196; x_wconf 75' lang='grc' dir='ltr'>δὲ</span> <span class='ocrx_word' id='word_1_841' title='bbox 3635 5143 3851 5212; x_wconf 74' lang='grc' dir='ltr'>Σίμωνα</span> 
     </span>
    </p>
   </div>
   <div class='ocr_carea' id='block_1_116' title="bbox 2204 5227 3854 5306">
    <p class='ocr_par' dir='ltr' id='par_1_116' title="bbox 2204 5227 3854 5306">
     <span class='ocr_line' id='line_1_117' title="bbox 2204 5227 3854 5306; baseline -0.004 -15"><span class='ocrx_word' id='word_1_842' title='bbox 2204 5240 2388 5290; x_wconf 79' lang='grc' dir='ltr'>τοῦτον</span> <span class='ocrx_word' id='word_1_843' title='bbox 2447 5229 2537 5284; x_wconf 71' lang='grc' dir='ltr'><strong>τὸν</strong></span> <span class='ocrx_word' id='word_1_844' title='bbox 2603 5227 2818 5301; x_wconf 81' lang='grc' dir='ltr'>λεπρὸν,</span> <span class='ocrx_word' id='word_1_845' title='bbox 2880 5229 3008 5306; x_wconf 74' lang='grc' dir='ltr'>φασί</span> <span class='ocrx_word' id='word_1_846' title='bbox 3049 5247 3189 5291; x_wconf 87' lang='grc' dir='ltr'>τινες</span> <span class='ocrx_word' id='word_1_847' title='bbox 3233 5229 3322 5284; x_wconf 87' lang='grc' dir='ltr'><strong>καὶ</strong></span> <span class='ocrx_word' id='word_1_848' title='bbox 3349 5227 3549 5306; x_wconf 83' lang='grc' dir='ltr'>πατέρα</span> <span class='ocrx_word' id='word_1_849' title='bbox 3592 5229 3733 5286; x_wconf 77' lang='grc' dir='ltr'>εἶναι</span> <span class='ocrx_word' id='word_1_850' title='bbox 3763 5231 3854 5284; x_wconf 84' lang='grc' dir='ltr'><strong>τοῦ</strong></span> 
     </span>
    </p>
   </div>
   <div class='ocr_carea' id='block_1_117' title="bbox 2208 5313 3852 5396">
    <p class='ocr_par' dir='ltr' id='par_1_117' title="bbox 2208 5313 3852 5396">
     <span class='ocr_line' id='line_1_118' title="bbox 2208 5313 3852 5396; baseline -0.005 -18"><span class='ocrx_word' id='word_1_851' title='bbox 2208 5321 2466 5396; x_wconf 81' lang='grc' dir='ltr'>Λαζάρου,</span> <span class='ocrx_word' id='word_1_852' title='bbox 2529 5318 2586 5372; x_wconf 84' lang='grc' dir='ltr'>ὃν</span> <span class='ocrx_word' id='word_1_853' title='bbox 2645 5318 2752 5372; x_wconf 74' lang='grc' dir='ltr'><strong>ἀπὸ</strong></span> <span class='ocrx_word' id='word_1_854' title='bbox 2822 5315 2918 5384; x_wconf 73' lang='grc' dir='ltr'>τῆς</span> <span class='ocrx_word' id='word_1_855' title='bbox 2994 5313 3188 5394; x_wconf 81' lang='grc' dir='ltr'>λέπρας</span> <span class='ocrx_word' id='word_1_856' title='bbox 3247 5314 3564 5394; x_wconf 87' lang='grc' dir='ltr'>καθαρίσας,</span> <span class='ocrx_word' id='word_1_857' title='bbox 3625 5317 3852 5373; x_wconf 81' lang='grc' dir='ltr'>εἱστιᾶτο</span> 
     </span>
    </p>
   </div>
   <div class='ocr_carea' id='block_1_118' title="bbox 2208 5401 3853 5487">
    <p class='ocr_par' dir='ltr' id='par_1_118' title="bbox 2208 5401 3853 5487">
     <span class='ocr_line' id='line_1_119' title="bbox 2208 5401 3853 5487; baseline -0.004 -21"><span class='ocrx_word' id='word_1_858' title='bbox 2208 5409 2333 5487; x_wconf 83' lang='grc' dir='ltr'>παρ’</span> <span class='ocrx_word' id='word_1_859' title='bbox 2388 5406 2554 5478; x_wconf 67' lang='grc' dir='ltr'>αὐτῷ.</span> <span class='ocrx_word' id='word_1_860' title='bbox 2611 5405 2833 5482; x_wconf 85' lang='grc' dir='ltr'>Λέγεται</span> <span class='ocrx_word' id='word_1_861' title='bbox 2883 5401 2937 5460; x_wconf 77' lang='grc' dir='ltr'>δὲ</span> <span class='ocrx_word' id='word_1_862' title='bbox 2999 5403 3079 5460; x_wconf 83' lang='grc' dir='ltr'><strong>ὅτι</strong></span> <span class='ocrx_word' id='word_1_863' title='bbox 3121 5405 3209 5459; x_wconf 89' lang='grc' dir='ltr'><strong>καὶ</strong></span> <span class='ocrx_word' id='word_1_864' title='bbox 3241 5406 3270 5460; x_wconf 79' lang='grc' dir='ltr'><strong>δ</strong></span> <span class='ocrx_word' id='word_1_865' title='bbox 3315 5405 3496 5482; x_wconf 76' lang='grc' dir='ltr'>Κύριος</span> <span class='ocrx_word' id='word_1_866' title='bbox 3541 5405 3702 5461; x_wconf 78' lang='grc' dir='ltr'>εἰπὼν</span> <span class='ocrx_word' id='word_1_867' title='bbox 3733 5415 3853 5468; x_wconf 74' lang='grc' dir='ltr'>τοῖς</span> 
     </span>
    </p>
   </div>
   <div class='ocr_carea' id='block_1_119' title="bbox 2209 5491 3854 5574">
    <p class='ocr_par' dir='ltr' id='par_1_119' title="bbox 2209 5491 3854 5574">
     <span class='ocr_line' id='line_1_120' title="bbox 2209 5491 3854 5574; baseline -0.004 -20"><span class='ocrx_word' id='word_1_868' title='bbox 2209 5501 2502 5574; x_wconf 77' lang='grc' dir='ltr'>μαθηταῖς,</span> <span class='ocrx_word' id='word_1_869' title='bbox 2563 5491 2842 5554; x_wconf 74' lang='grc' dir='ltr'>’Λπέλθετε</span> <span class='ocrx_word' id='word_1_870' title='bbox 2886 5494 3018 5572; x_wconf 81' lang='grc' dir='ltr'>πρὸς</span> <span class='ocrx_word' id='word_1_871' title='bbox 3074 5493 3166 5549; x_wconf 75' lang='grc' dir='ltr'><strong>τὸν</strong></span> <span class='ocrx_word' id='word_1_872' title='bbox 3210 5491 3381 5566; x_wconf 74' lang='grc' dir='ltr'>δεῖνα,</span> <span class='ocrx_word' id='word_1_873' title='bbox 3415 5495 3501 5552; x_wconf 80' lang='grc' dir='ltr'>καὶ</span> <span class='ocrx_word' id='word_1_874' title='bbox 3531 5491 3679 5559; x_wconf 76' lang='grc' dir='ltr'>δείξει</span> <span class='ocrx_word' id='word_1_875' title='bbox 3724 5494 3854 5569; x_wconf 73' lang='grc' dir='ltr'>ὑμῖν</span> 
     </span>
    </p>
   </div>
   <div class='ocr_carea' id='block_1_120' title="bbox 2208 5580 3846 5663">
    <p class='ocr_par' dir='ltr' id='par_1_120' title="bbox 2208 5580 3846 5663">
     <span class='ocr_line' id='line_1_121' title="bbox 2208 5580 3846 5663; baseline -0.003 -18"><span class='ocrx_word' id='word_1_876' title='bbox 2208 5587 2456 5663; x_wconf 66' lang='grc' dir='ltr'>ἂνῶγεων</span> <span class='ocrx_word' id='word_1_877' title='bbox 2512 5582 2865 5662; x_wconf 70' lang='grc' dir='ltr'>δστρωμένον,</span> <span class='ocrx_word' id='word_1_878' title='bbox 2941 5583 3073 5657; x_wconf 72' lang='grc' dir='ltr'>πρὸς</span> <span class='ocrx_word' id='word_1_879' title='bbox 3138 5590 3323 5640; x_wconf 67' lang='grc' dir='ltr'>τοῦτον</span> <span class='ocrx_word' id='word_1_880' title='bbox 3378 5580 3691 5639; x_wconf 74' lang='grc' dir='ltr'>ἀποστέλλει</span> <span class='ocrx_word' id='word_1_881' title='bbox 3747 5585 3846 5640; x_wconf 67' lang='lat' dir='ltr'><strong>c6-</strong></span> 
     </span>
    </p>
   </div>
  </div>
