4144 6212
321 290 445 358 468

944 295 1394 361 ENARRATIO
1435 294 1521 359 ΙΝ
1566 289 1988 359 EVANGELII

2078 346 2080 353 ,
2123 291 2531 355 ΜΑΤΤΗΞῙ.
2572 326 2627 337 -
2670 293 2835 355 CAP.
2884 294 3109 358 XXVI.

3605 296 3726 362 446

332 430 485 487 Πίετε
527 428 582 496 έξ
641 432 801 491 σύτοῠ
840 429 1084 510 πάντες,
1142 432 1205 488 Ol
1263 429 1360 506 μέν
1422 446 1581 510 φασιν
1627 428 1708 485 ὅτι
1750 426 1842 486 διὰ
1896 424 1985 481 τὸν

2078 421 2365 483 comedite
2396 421 2965 496 omnes,hoc’antem
2995 426 3145 488 loco:
3177 426 3370 490 Bibite
3390 444 3463 492 ex
3491 444 3564 489 eo
3585 446 3719 490 om-

324 516 521 577 ’ῐούδαν
581 518 740 576 τοῦτο
796 518 951 576 εἶπεν
986 533 1000 549 ⁸
1064 520 1093 575 6
1136 518 1237 598 γὰρ
1300 516 1497 583 ἰούδας
1539 519 1629 575 τὸν
1687 516 1785 593 μὶν
1829 514 1983 596 ἄρτον

326 604 536 682 ξλαϐεν,
584 606 682 664 οὒκ
734 604 895 688 ἔφαγε
952 604 1030 677 δὲ,
1090 605 1210 664 ἄλλ’
1267 607 1487 688 ἔκρυψε,
1530 609 1660 687 πρὸς
1707 607 1769 662 τὸ
1815 601 1982 669 δεῖξαι

327 709 445 761 τοῖς
492 694 763 762 Ἰουδαίοις
816 697 898 754 ὅτι
951 699 1044 754 τὸν
1095 695 1253 775 ἄρτον
1308 704 1463 773 σῶμα
1521 697 1707 757 ἑαυτοῦ
1752 693 1910 752 καλεῖ
1954 694 1983 750 6

328 785 539 853 Ἰησοῦς
566 802 583 819 ⁸
615 788 677 843 τὸ
706 785 760 841 δὲ
789 786 940 863 πόμα
968 786 1056 843 καὶ
1085 783 1230 844 ἄκων
1258 786 1397 861 ἔπιε,
1430 786 1512 862 μὴ
1540 785 1824 862 δυνάμενος
1855 781 1982 840 πάν.

325 896 434 940 τως
490 874 688 955 κρύψαι
731 877 884 937 αὐτό.
934 875 1039 932 Διὰ
1066 881 1225 934 τοῦτο
1252 878 1341 933 οὖν
1371 876 1497 933 εἷπε
1530 893 1549 911 ⁶
1581 877 1732 932 Πίετε
1760 873 1980 935 πάντες.

329 966 392 1021 Οἱ
446 960 503 1019 δε
544 963 1018 1043 ἂναγωγικώτερόν
1062 986 1220 1044 φασιν
1276 962 1357 1021 ὅτι
1404 966 1467 1021 τὸ
1510 964 1608 1041 μὲν
1637 963 1736 1031 τὴν
1766 962 1983 1041 στερεὰν

326 1054 528 1133 τροφὴν
581 1055 881 1132 προσίεσθαι
934 1053 994 1112 οὗ
1050 1054 1266 1111 πάντων
1318 1054 1480 1129 έστὶν,
1543 1051 1680 1109 ἀλλὰ
1737 1058 1844 1108 τῶν
1886 1072 1979 1106 τε·

327 1140 610 1219 λειοτέρων
644 1161 662 1178 ·
705 1144 767 1200 τὸ
822 1141 878 1198 δὲ
934 1139 1258 1217 ποτίζεσθαι,
1305 1144 1517 1199 πάντων
1550 1158 1566 1173 ⁸
1604 1141 1689 1199 διὰ
1716 1148 1869 1198 τοῦτο
1892 1140 1982 1197 οὖν

325 1230 549 1288 ὶνταῦθα
606 1230 707 1312 ἔφη
742 1250 758 1266 ο
813 1233 963 1288 Πῖετε
1006 1232 1224 1296 πάντες.
1281 1234 1353 1291 T6
1382 1233 1482 1311 γὰρ
1537 1233 1603 1289 τὰ
1654 1229 1983 1308 ἁπλούστερα

326 1326 439 1377 τῶν
467 1318 747 1399 δογμάτων
776 1319 1194 1401 παραδέχεσθαι,
1226 1323 1463 1383 πάντων.

419 1430 445 1465 ε
479 1410 635 1487 Λέγω
694 1407 748 1467 δὲ
789 1412 939 1486 ὑμῖν,
988 1409 1069 1467 ὅτι
1099 1413 1159 1469 ού
1200 1413 1279 1486 μὴ
1310 1412 1416 1468 πίω
1444 1409 1539 1468 ἀπ’
1567 1408 1681 1490 ἄρτι
1710 1409 1771 1467 ἐκ
1798 1410 1984 1468 τούτου

328 1508 424 1559 τοῦ
457 1503 790 1579 γεννήματος
843 1501 938 1569 τῆς
994 1502 1257 1577 ἀμπέλου,
1300 1502 1400 1566 ἕως
1456 1502 1550 1570 τῆς
1601 1501 1808 1578 ἡμέρας
1838 1500 1981 1558 ἐκεί-

326 1612 454 1664 νης,
513 1589 641 1646 ὅταν
678 1590 804 1647 αὑτὸ
852 1592 989 1647 πίνω
1045 1590 1160 1666 μεθ’
1211 1592 1359 1666 ὑμῶν
1416 1592 1603 1648 καινὸν
1664 1591 1718 1648 ἐν
1760 1598 1828 1668 τῇ
1877 1592 1981 1667 βα-

2069 516 2225 573 nes?
2255 512 2405 573 Sunt
2425 512 2525 592 qui
2575 511 2778 573 dicant
2808 522 3051 593 propter
3078 516 3287 579 Iudam
3323 516 3436 579 hoc
3466 516 3717 581 dictum.

2065 603 2248 665 Judas
2279 603 2438 665 enim
2472 621 2682 684 panem
2716 605 3037 687 accepit,et
3061 626 3183 669 non
3209 608 3603 684 comedit,sed
3623 628 3722 671 oc-

2066 692 2405 766 cultavit,ut
2435 701 2796 755 monstraret
2825 692 3049 757 Judaeis
3076 696 3232 777 quod
3258 716 3469 778 panem
3501 715 3718 778 corpus

2066 778 2237 843 suum
2271 797 2534 845 vocasset
2562 782 3050 863 Jesuszpoculnm
3082 795 3277 847 autem
3311 786 3525 849 invitus
3545 785 3713 860 bibit,

2067 888 2199 932 cum
2235 889 2355 931 non
2388 878 2585 951 posset
2622 870 2948 933 occultare.
2983 875 3307 954 Propterea
3329 874 3442 936 hoc
3474 877 3602 937 loco
3620 874 3713 936 di-

2066 956 2259 1021 cebat:
2282 958 2471 1021 Bibite
2503 957 2913 1021 omnesJuxta
2932 979 3235 1041 anagogen
3266 972 3460 1024 autem
3486 964 3713 1043 dicunt,

2066 1046 2223 1128 quod
2247 1066 2369 1108 non
2392 1048 2468 1108 sit
2491 1046 2756 1109 omnium
2784 1049 3075 1112 accedere
3104 1051 3176 1113 ad
3208 1050 3465 1113 solidum
3486 1052 3714 1127 cibum,

2064 1136 2168 1199 sed
2201 1137 2619 1218 perfectiorum
2655 1154 2669 1199 ε
2709 1136 2915 1200 bibere
2953 1148 3149 1202 autem
3178 1141 3445 1204 omnium
3478 1139 3578 1203 sit.
3614 1139 3715 1202 Id-

2066 1222 2228 1286 circo
2262 1226 2373 1289 boc
2404 1224 2534 1287 loco
2565 1225 2801 1287 dicebat
2830 1244 2843 1288 :
2873 1227 3058 1289 Bibite
3080 1248 3312 1292 omnes.
3336 1229 3718 1309 Simpliciora

2068 1314 2229 1376 enim
2260 1315 2536 1395 dogmata
2569 1314 2840 1395 recipere
2870 1321 3135 1379 omnium
3168 1327 3280 1381 est.

2148 1402 2328 1467 Vens.
2354 1404 2453 1465 ἓξ).
2489 1427 2510 1458 ι
2548 1404 2695 1466 Dico
2718 1413 2914 1467 autem
2948 1407 3135 1481 Vobis,
3171 1407 3326 1488 quod
3361 1426 3479 1469 non
3512 1408 3711 1469 lnibam

2069 1494 2328 1576 posthaec
2359 1511 2427 1555 ex
2450 1492 2561 1553 hoc
2584 1491 2774 1553 [ructu
2807 1494 2965 1575 vitis,
2998 1514 3186 1575 usque
3219 1496 3280 1557 in
3312 1495 3470 1558 diem
3519 1496 3710 1576 illum;

2066 1601 2202 1645 cum
2237 1582 2378 1642 illud
2414 1581 2609 1642 bibam
2643 1581 2949 1643 vobiscum
2984 1602 3195 1645 novum
3222 1585 3282 1645 in
3308 1603 3495 1664 regno
3528 1584 3716 1648 Patris

331 1675 503 1749 σιλεία
558 1686 651 1735 τοῦ
693 1679 896 1756 Πατρός
929 1701 1051 1753 μου.
1092 1704 1118 1735 ι
1174 1682 1501 1755 Γευσάμενος
1557 1688 1648 1738 τοῦ
1705 1682 1976 1754 ποτηρίου,

2078 1670 2211 1734 mei.
2241 1695 2265 1725 η
2300 1668 2549 1756 Sumpto
2589 1671 2801 1747 poculo
2843 1673 3140 1734 renuntiat
3170 1673 3455 1754 deinceps
3496 1691 3713 1754 corpo-

328 1766 686 1824 ἆποταττεται
742 1767 925 1825 λοιπὸν
982 1774 1060 1842 τῷ
1138 1776 1430 1845 σωματικῷ
1487 1768 1689 1844 πόματι
1724 1788 1738 1803 ·
1800 1771 1981 1826 καινὸν

330 1853 387 1912 δέ
436 1876 555 1911 τινα
594 1857 791 1935 τρόπον
848 1857 1079 1934 γεύσεως
1111 1856 1495 1935 ἐπαγγέλλεται
1536 1857 1589 1913 ἐν
1620 1863 1690 1933 τῇ
1716 1855 1980 1935 βασιλείᾳ,

328 1944 624 2019 τουτέστιν,
698 1944 754 2001 ἰν
806 1968 877 2022 τῃ
935 1946 1242 2008 ἀναστάσει.
1317 1945 1575 2012 Ἀναστὰς
1632 1947 1755 2025 γὰρ,
1820 1945 1982 2025 ἔφαγε

330 2034 421 2090 καὶ
470 2032 585 2090 ἔπιε
639 2036 821 2092 καινόν
876 2057 994 2092 τινα
1051 2034 1245 2113 τρόπον
1278 2050 1292 2065 ⁸
1349 2038 1409 2095 ού
1464 2036 1564 2114 γὰρ
1634 2037 1707 2098 ὡς
1762 2036 1981 2114 χρῄζων

331 2128 531 2204 τροφῆς
590 2126 903 2199 σωματικῆς
962 2124 1192 2202 γεύσεως
1250 2124 1461 2204 νόμοις,
1505 2123 1641 2181 ἀλλὰ
1696 2125 1982 2199 πιστούμε-

332 2234 418 2276 νος
474 2213 575 2280 τὴν
634 2213 810 2281 ἀληθῆ
861 2214 955 2271 τοῦ
1023 2214 1270 2289 σώματος
1343 2214 1494 2293 φύσιν
1528 2233 1545 2252 ·
1605 2213 1876 2291 βασιλείαν
1926 2210 1981 2269 δὲ

332 2302 553 2367 εἰκότως
609 2303 706 2369 τὴν
751 2303 938 2360 ἑαυτοῦ
994 2303 1285 2361 ἀνάστασιν
1367 2303 1634 2378 ὀνομάζει.
1698 2303 1828 2362 Τότε
1882 2303 1982 2381 γὰρ

331 2392 643 2469 κατήργησε
688 2392 780 2448 τὸν
839 2393 1084 2467 Θάνατον,
1130 2391 1374 2469 βασιλεὺς
1404 2400 1481 2467 τῷ
1517 2392 1628 2449 ὄντι
1658 2397 1834 2474 φανείς
1871 2408 1885 2422 ⁸
1943 2391 1979 2459 ἢ

335 2481 422 2536 καὶ
481 2480 623 2536 οὕτω
680 2482 898 2549 νοήσαις
932 2497 949 2512 ⁸
985 2482 1176 2538 Καινὸν
1205 2482 1377 2555 πόμα,
1409 2483 1445 2549 ἡ
1488 2480 1820 2556 ἀποκάλυψις
1875 2483 1980 2537 τῶν

333 2569 638 2648 μυστηρίων
665 2577 758 2629 τοῦ
788 2577 939 2643 Θεοῦ,
974 2569 1007 2626 ἃ
1060 2577 1179 2627 τοτε
1222 2569 1276 2626 έν
1324 2578 1392 2643 τῇ
1422 2570 1662 2648 βασιλείᾳ
1689 2579 1783 2629 τοῦ
1825 2579 1979 2645 Θεοῦ,

328 2658 602 2716 τουτέστιν
666 2658 723 2716 ἐν
763 2667 831 2737 τῇ
881 2658 1091 2738 δευτέρα
1136 2661 1417 2739 παρουσίᾳ,
1463 2660 1979 2742 ἀποκαλυφθήσεται,

332 2748 491 2804 καινὰ
546 2746 696 2818 ὄντα,
755 2750 1047 2829 τουτέστιν,
1124 2750 1221 2807 οἷα
1270 2751 1364 2807 οὐκ
1419 2750 1720 2826 ἠκούσαμεν
1769 2748 1979 2807 ἄλλοτε·

333 2839 502 2893 πίνειν
558 2835 613 2894 δί
672 2838 857 2895 ἆκετνα
913 2838 1126 2918 λέγεται
1169 2842 1197 2897 6
1242 2842 1464 2918 Χριστὸς
1494 2838 1611 2915 μεθ’
1640 2840 1816 2915 ἡμῶν,
1855 2839 1985 2896 διότι

333 2927 433 2993 τὴν
490 2926 757 3006 ἡμετέραν
836 2926 1098 3008 ὡιρέλειαν
1166 2930 1367 3009 τροφὴν
1442 2930 1529 2985 καὶ
1584 2930 1741 2987 πόσιν
1796 2930 1990 2987 οἰκείαν

332 3018 581 3095 ἡγεῖται.

426 3107 565 3163 «Καὶ
583 3106 940 3186 ὑμνήσαντες,
970 3105 1185 3175 έξῆλθον
1216 3109 1287 3173 εἰς
1314 3108 1377 3165 τὸ
1405 3107 1527 3185 ὅρος
1555 3111 1661 3164 τῶν
1690 3107 1978 3171 Ἐλαιῶν.»

336 3192 468 3252 Μεθ’
516 3196 546 3251 ὃ
605 3192 943 3270 ἐδείπνησαν,
1000 3193 1268 3271 ὕμνησαν,
1328 3196 1421 3252 ἵνα
1476 3197 1727 3273 μάθωμεν
1770 3198 1850 3255 ὅτι
1899 3203 1989 3259 καὶ

332 3283 480 3357 ἡμᾶς
538 3282 678 3341 οῧτω
723 3282 807 3340 δεῖ
846 3298 1045 3343 ποιεῖν.
1110 3286 1195 3347 Εἷς
1251 3282 1306 3341 δί
1360 3287 1422 3341 τὸ
1450 3285 1572 3363 ὅρος
1624 3288 1731 3344 τῶν
1763 3286 1990 3344 Ἐλαιῶν

335 3370 577 3450 ἶρχεται,
636 3373 725 3427 καὶ
770 3371 867 3428 οὒκ
919 3373 992 3435 είς
1045 3371 1208 3430 ἄλλον
1237 3374 1426 3453 τόπον,
1469 3374 1561 3431 ’ίνη
1603 3376 1681 3449 μὴ
1711 3373 1835 3453 δόξῃ
1864 3376 1985 3456 φεύο

338 3479 452 3537 γειν
486 3475 500 3490 ⁸
560 3458 621 3515 οὗ
652 3461 752 3538 γὰρ
781 3462 856 3523 είς
888 3458 1159 3537 ἄγνωστον
1189 3462 1352 3518 τόπον
1408 3461 1709 3542 ἀναχωρεῖ,
1741 3460 1861 3520 ἀλλ’
1912 3465 1983 3527 εὶς

336 3548 606 3627 γνώριμον
655 3562 772 3615 τοῖς
826 3546 1116 3613 Ἰουδαίοις·
1178 3550 1289 3625 ἅμα
1344 3549 1400 3607 δὲ
1456 3553 1542 3607 καὶ
1578 3553 1861 3632 ὑποχωρεῖ
1888 3558 1987 3619 τῆς

334 3636 624 3717 μιαιιρόνου
671 3637 903 3718 πόλεως,
960 3638 1347 3718 ἐγκαταλείψεις
1431 3640 1617 3715 αὐτὴν,
1702 3640 1795 3698 ’ίνα
1878 3640 1991 3699 ἔπι·

335 3722 572 3806 διωχοῇ,
605 3728 694 3783 καὶ
750 3726 956 3809 ἐλέγχεις.
1006 3728 1188 3794 αὐτοὺς
1245 3729 1482 3807 ὕστερον,
1534 3728 1617 3787 ὅτι
1647 3730 1735 3787 καὶ
1761 3731 1991 3811 ὑποχω-

336 3813 528 3891 ροῦντα
568 3813 876 3879 ἐπεδίωκον.

424 3925 453 3957 α
500 3904 630 3962 Τότε
682 3902 831 3972 λέγει
890 3907 1073 3970 αὺτοῖς
1157 3909 1186 3963 6
1260 3904 1468 3973 ἰησοῦς
1501 3925 1515 3940 ⁸
1573 3908 1774 3975 Πάντες
1829 3910 1988 3985 ὑμεῖς

339 3988 849 4063 σκανδαλισθήσεσθε
906 3996 959 4053 έν
1031 3998 1149 4071 εμοὶ
1206 3995 1259 4053 ἂν
1312 4002 1380 4074 τῇ
1444 3999 1577 4057 νυκτὶ
1632 4000 1795 4076 ταύτῃ
1886 4000 1988 4056 Γέ-

340 4101 571 4158 γραπται
616 4083 713 4161 γάρ
746 4099 761 4114 ⁸
824 4084 1043 4151 Πατάξω
1095 4086 1188 4142 τὸν
1245 4086 1501 4163 ποιμένα,
1547 4089 1634 4144 καὶ
1677 4086 1990 4167 διασκορπι-

341 4170 593 4237 σθήσεται
650 4171 715 4226 τὰ
788 4170 1024 4250 πρόϐατα
1098 4179 1196 4241 τῆς
1266 4175 1521 4250 ποίμνης.
1584 4176 1728 4232 Μετὰ
1806 4174 1862 4233 δὲ
1932 4178 1993 4232 τὸ

342 4257 620 4339 έγερθῆναί
676 4281 768 4338 με,
826 4261 1036 4339 προάξω
1104 4265 1239 4337 ὑμᾶς
1311 4264 1383 4327 είς
1437 4265 1537 4331 τὴν
1599 4263 1900 4326 Γαλιλαίαν.
1958 4284 1986 4323 ι

347 4336 441 4408 Ὠς
503 4348 632 4411 Θεὸς
682 4336 930 4427 προλέγει
990 4352 1054 4407 τα
1097 4336 1324 4426 ἐσόμενα
1359 4367 1373 4382 ⁸
1407 4350 1498 4409 ’ἕνα
1552 4350 1607 4409 δὲ
1651 4354 1730 4429 μὴ
1761 4352 1991 4412 σκανδα-
2017 4380 2059 4430 υ

342 4434 591 4491 λισθῶσιν
653 4438 726 4503 ὡς
782 4441 1235 4518 κατηγορούμενοι
1290 4440 1379 4496 ὑπ’
1448 4441 1628 4522 αύτοῦ,
1702 4444 1857 4499 εἶπεν
1912 4442 1993 4499 ὅτι

344 4522 637 4601 γέγραπται
673 4541 689 4559 ⁸
736 4526 957 4593 Πατάξω
999 4529 1090 4584 τὸν
1146 4528 1393 4606 ποιμένα,
1447 4532 1535 4587 καὶ
1581 4529 1987 4610 διασκορπισθή-

342 4630 527 4667 σονται
583 4614 650 4669 τὰ
698 4612 961 4695 πρόϐατα,
1048 4624 1201 4675 τοῦτο
1283 4618 1671 4695 αἰνιττόμενος,
1715 4619 1795 4686 ὅτι
1853 4620 1998 4699 Ἐγώ

343 4712 601 4789 συνεῖχον
638 4702 819 4789 Αὑμᾶς,
882 4706 943 4761 τὸ
1001 4703 1055 4760 δὲ
1112 4705 1204 4782 ἱμὲ
1254 4707 1504 4766 ἀπελθεῖν
1532 4710 1668 4785 ὑμᾶς
1698 4711 1991 4789 σκορπίσει⁸

344 4785 571 4853 πατάξαι
594 4787 683 4877 δὲ
726 4789 939 4870 λέγεται
984 4795 1012 4850 6
1056 4796 1240 4873 Πατήρ
1282 4797 1374 4853 τὸν
1418 4798 1563 4877 Υἷὸν,
1614 4796 1745 4855 διότι
1801 4785 1998 4877 ’γνώμῃ

347 4878 529 4956 αὐτοῦ,
586 4876 705 4943 ἦτοι
784 4884 1198 4961 παραχωρήσει,
1260 4876 1592 4963 ἐσταύρωσαν
1649 4892 1695 4943 οἱ
1752 4876 1997 4944 Ἰουδαῖοι

343 4964 437 5051 τὸν
495 4965 683 5044 Κύριον
710 4985 727 5002 ⁸
787 4966 1070 5045 δυνάμενος
1128 4972 1228 5050 γὰρ
1270 4972 1531 5042 κωλύσαι,
1591 4978 1712 5031 εἶτα
1755 4975 1833 5051 μὴ
1882 4998 1997 5032 κω-

345 5049 533 5142 λύσας,
583 5051 807 5142 ,λέγεται
854 5056 1081 5122 πατάξαι
1140 5056 1226 5116 διὰ
1282 5063 1382 5128 τὴν
1411 5049 1825 5142 παραχώρησιν,
1862 5064 2000 5122 Εἶτα

346 5138 486 5233 λύων
520 5140 715 5233 Δαὐτῶν
766 5144 863 5213 τὴν
916 5144 1111 5214 λύπην,
1187 5138 1597 5227 εὐαγγελίζεται-
1635 5138 1843 5233 αὐτοῖς,
1918 5152 1999 5208 ὅτι

347 5226 724 5321 ἔγερθήσομαι,
804 5236 891 5289 καὶ
948 5233 1184 5313 προάξω,
1260 5226 1525 5313 τουτέστι,
1600 5226 1884 5321 προφθάσω
1928 5242 1999 5302 εἷς

346 5317 444 5404 τὴν
498 5316 783 5376 Γαλιλαίαν
838 5323 1001 5401 ὑμᾶς,
1062 5321 1311 5382 δεικνύων
1355 5326 1586 5383 ἑντεὶαθεν
1619 5316 1849 5397 ότι-τὴν
1905 5330 2001 5404 μὲν

344 5402 698 5483 ἰερουσαλήμ
752 5409 1151 5487 ἐγκαταλείψει,
1214 5414 1286 5478 είς
1352 5414 1407 5471 δὲ
1458 5417 1523 5472 τὰ
1553 5416 1677 5485 ἔθνη
1708 5402 2001 5475 ἀπελεύσε-

346 5506 456 5546 ταν
501 5492 601 5561 τὴν
631 5496 730 5576 γὰρ
779 5495 1064 5557 Γαλιλαίαν
1093 5498 1285 5559 ὶθνικοὶ
1312 5504 1610 5578 κατῴκουν,

437 5602 457 5635 ε
510 5578 838 5665 Ἀποκριθεὶς
891 5586 957 5643 εὶ
1016 5590 1043 5645 6
1102 5588 1324 5669 Πέτρος,
1384 5594 1539 5649 εἶπεν
1594 5598 1753 5669 αύτῷ·
1816 5599 1870 5655 Εί
1920 5601 2003 5655 καὶ

2066 1759 2174 1819 rali
2199 1755 2678 1839 potioni.Novum
2700 1768 2897 1821 autem
2923 1760 3233 1840 promittit,
3268 1762 3325 1823 id
3356 1770 3466 1835 est,
3494 1780 3711 1823 novum

2066 1845 2383 1928 quemdam
2420 1846 2659 1906 modum
2686 1849 3036 1927 sumptionis
3067 1849 3126 1909 in
3157 1867 3367 1927 regno,
3402 1850 3512 1911 hoc
3544 1859 3633 1910 est
3656 1849 3713 1909 in

2066 1932 2685 1998 resurreCtione.Cum
2715 1936 3140 1999 resurrexisset
3169 1938 3618 2010 enim,comedit
3650 1956 3717 2000 ac

2068 2022 2217 2085 bibit
2246 2040 2395 2084 novo
2420 2024 2676 2104 quodam
2700 2025 2876 2086 modo
2912 2043 2926 2087 :
2963 2045 3079 2087 non
3138 2027 3297 2088 enim
3354 2028 3521 2108 quasi
3551 2026 3714 2088 indi-

2065 2121 2238 2194 geret
2286 2111 2446 2187 cibo,
2504 2113 2872 2193 corporalem
2933 2118 3187 2197 sumpsit
3238 2115 3435 2177 cibum
3467 2133 3481 2179 :
3516 2116 3620 2178 sed
3652 2125 3717 2178 ut

2065 2199 2415 2264 crederetur
2446 2218 2585 2261 vera
2626 2201 2897 2282 corporis
2956 2213 3184 2267 natura.
3217 2203 3485 2284 Regnum
3517 2213 3711 2266 autem

2066 2292 2277 2352 merito
2322 2307 2486 2351 suam
2528 2290 3026 2353 resurrectionem
3060 2295 3362 2356 nominat:
3393 2303 3532 2357 tunc
3554 2292 3714 2355 enim

2063 2378 2321 2441 abolevit
2366 2387 2638 2451 mortem,
2674 2388 2733 2439 et
2768 2398 2835 2441 re
2865 2381 2992 2461 ipsa
3026 2400 3229 2462 regem
3259 2401 3323 2444 se
3357 2382 3712 2463 comproba-

2071 2468 2165 2531 vit.
2199 2464 2307 2529 Vel
2338 2467 2515 2528 etiam
2548 2466 2636 2528 sic
2667 2466 2962 2546 intelligas
2999 2492 3010 2524 :
3046 2473 3274 2534 Novum
3301 2470 3575 2551 poculum
3610 2488 3714 2533 re-

2065 2556 2275 2619 velatio
2304 2564 2394 2617 est
2426 2566 2936 2619 sacramentorum
2993 2560 3122 2639 Dei,
3172 2577 3303 2640 quae
3345 2568 3482 2621 tunc
3522 2561 3580 2621 in
3611 2578 3714 2621 re-

2068 2664 2183 2724 gno
2214 2643 2345 2718 Dei,
2379 2644 2490 2705 hoc
2521 2652 2611 2707 est
2651 2645 2711 2707 in
2741 2648 3009 2709 secundo
3045 2649 3324 2728 adventu,
3356 2649 3711 2710 revelabun-

2072 2749 2186 2810 tur,
2218 2751 2349 2814 qua
2376 2752 2515 2795 vere
2566 2749 2704 2796 sunt
2753 2754 2920 2809 nova,
2975 2737 3167 2817 qualia
3208 2756 3326 2798 non
3379 2737 3716 2800 audivimus

2069 2826 2325 2903 uspiam.
2356 2825 2645 2885 Caeterum
2698 2841 2766 2885 ea
2822 2825 3027 2888 bibere
3056 2826 3269 2888 dicitur
3300 2826 3572 2887 Christus
3602 2843 3713 2885 no-

2077 2912 2331 2985 biscum,
2364 2930 2435 2972 eo
2465 2911 2621 2992 quod
2650 2920 2909 2975 nostram
2942 2914 3250 2975 utilitatem
3283 2913 3481 2976 cibum
3513 2922 3573 2977 et
3602 2932 3715 2995 po-

1994 3014 2035 3067 c
2060 3012 2182 3067 tum
2216 3020 2386 3063 suum
2417 3001 2737 3064 existimat.

2150 3092 2337 3152 Vens.
2371 3090 2593 3154 30.nEt
2615 3110 2749 3154 cum
2782 3091 3071 3171 hymnum
3105 3092 3416 3168 dixissent,
3447 3092 3721 3155 exierunt

2070 3180 2130 3242 in
2157 3187 2416 3242 montem
2431 3178 2730 3244 Olivarum
2765 3184 3115 3264 nPostquam
3135 3181 3720 3261 cenaverunt,hym-

2073 3287 2215 3332 num
2250 3270 2531 3331 dixerunt
2561 3291 2575 3332 :
2612 3281 2673 3332 ut
2702 3270 3005 3332 discamus
3034 3281 3091 3333 et
3122 3290 3232 3333 nos
3278 3272 3366 3332 sic
3402 3271 3617 3333 facere.
3655 3268 3720 3331 In

2072 3357 2658 3423 montemOlivarum
2694 3360 2877 3437 venit,
2912 3370 3119 3424 etnon
3171 3362 3231 3423 in
3285 3361 3467 3423 alium
3492 3360 3712 3433 locum,

2068 3465 2146 3511 ne
2175 3458 2486 3529 putaretur
2515 3449 2754 3529 fugere:
2793 3470 2910 3512 non
2942 3452 3101 3514 enim
3135 3450 3193 3512 in
3226 3451 3489 3531 ignotum
3524 3451 3714 3512 locum

2071 3538 2321 3613 secedit,
2348 3539 2454 3599 sed
2488 3538 2546 3599 in
2576 3557 2711 3601 eum
2737 3538 2837 3620 qni
2866 3541 3085 3603 Judaais
3115 3549 3289 3603 notus
3312 3548 3461 3603 erat.
3486 3537 3721 3603 Secedit

2073 3635 2271 3689 autem
2330 3644 2365 3689 a
2419 3628 2802 3707 sanguinaria
2850 3629 3105 3705 civitate,
3148 3648 3324 3711 quam
3378 3628 3615 3711 reliquit
3655 3634 3720 3689 ut

2077 3717 2553 3798 persecutionem
2583 3718 2859 3799 patiatur,
2894 3728 2951 3781 et
2970 3733 3176 3797 arguat
3209 3720 3340 3781 illos
3387 3729 3592 3800 postea
3618 3715 3721 3798 qui

2068 3815 2128 3869 et
2142 3806 2453 3868 cedentem
2487 3807 2758 3869 iusectati
2779 3807 3020 3870 fuerint.

2150 3895 2335 3958 Vens.
2370 3901 2468 3971 ει,
2503 3896 2612 3961 39.
2639 3919 2668 3956 ε
2698 3897 2864 3961 Tunc
2899 3897 3044 3959 dicit
3090 3897 3209 3960 illis
3233 3898 3409 3962 Jesus
3444 3919 3459 3959 :
3495 3898 3723 3964 Omnes

2072 4001 2175 4047 Vos
2205 3985 2548 4047 scandalum
2583 3987 2888 4067 patiemini
2937 4005 3043 4069 per
3094 4006 3191 4050 me
3247 3988 3308 4050 in
3353 3987 3465 4050 ista
3520 3992 3717 4049 nocte.

2072 4070 2377 4154 Scriptum
2406 4086 2496 4136 est
2534 4076 2723 4158 enim,
2756 4076 3091 4140 Percutiam
3152 4090 3471 4159 pastorem,
3503 4085 3563 4139 et
3590 4076 3719 4138 dis-

2076 4173 2396 4245 pmrgentnr
2426 4183 2566 4228 oves
2600 4167 2818 4246 gregis.
2854 4167 3163 4249 Postquam
3195 4178 3391 4231 autem
3442 4184 3717 4230 resurre-

2073 4269 2240 4327 xero,
2277 4255 2609 4334 pricedam
2656 4275 2757 4317 vos
2786 4257 2849 4317 in
2878 4256 3203 4322 Galilaeam.
3244 4284 3268 4314 ι
3317 4256 3535 4320 Futura
3584 4264 3719 4318 tan-

2076 4359 2251 4423 quam
2284 4343 2441 4406 Deus
2473 4344 2840 4425 praedicitEt
2867 4358 2930 4409 ut
2965 4366 3078 4409 non
3108 4346 3438 4409 offendatur
3457 4344 3628 4428 quasi
3648 4343 3725 4407 ab

2078 4430 2205 4511 ipso
2255 4431 2450 4494 acrius
2506 4435 2789 4506 accusati,
2851 4435 2997 4499 dixit
3035 4437 3321 4517 scriptum
3353 4454 3532 4499 esse:
3592 4434 3724 4496 I48

2081 4522 2406 4583 Percutiam
2443 4531 2762 4603 pastorem,
2803 4533 2861 4586 et
2892 4526 3309 4608 dispergentnr
3338 4544 3476 4587 oves
3504 4525 3723 4606 gregis,

2078 4609 2190 4671 hoc
2248 4610 2559 4673 insinuans
2596 4632 2608 4672 :
2644 4615 2765 4694 Ego
2806 4614 3086 4677 contineo
3144 4633 3272 4690 vos,
3306 4632 3475 4676 meus
3528 4623 3726 4675 autem

2081 4699 2382 4765 discessus
2424 4719 2529 4764 vos
2580 4701 2900 4785 disperget.
2937 4703 3255 4767 Percutere
3283 4712 3480 4766 autem
3514 4702 3730 4765 dicitur

2085 4791 2261 4854 Pater
2286 4789 2527 4872 Filium,
2558 4809 2628 4854 eo
2659 4794 2815 4873 quod
2861 4794 3181 4864 voluntate,
3208 4794 3319 4855 hoc
3349 4802 3442 4855 est
3469 4792 3729 4874 permis-

2083 4880 2253 4943 sione
2281 4880 2437 4961 ejus,
2472 4880 2896 4945 crnciﬁxerunt
2944 4883 3127 4946 Julian
3185 4881 3502 4947 Dominum
3541 4901 3554 4943 :
3590 4881 3730 4964 quia

2083 4990 2216 5033 cum
2243 4972 2375 5052 ipse
2406 4970 2591 5051 possit
2611 4989 2715 5034 eos
2738 4970 3057 5053 prohibere
3087 4978 3144 5033 et
3174 4990 3293 5033 non
3325 4970 3728 5052 prohibendi--

2083 5060 2239 5122 citur
2298 5070 2609 5141 percutere
2661 5070 2905 5141 promer
2959 5059 3438 5139 permissionem.
3501 5060 3730 5123 Deinde

2084 5150 2317 5213 solvens
2344 5168 2553 5211 eorum
2586 5149 2898 5225 tristitiam,
2933 5150 3296 5229 exangelizat
3339 5149 3425 5211 eis
3460 5149 3727 5213 :Resur-

2082 5259 2214 5318 gam
2244 5247 2303 5300 et
2333 5237 2576 5318 praeibo,
2609 5238 2720 5300 hoc
2750 5248 2861 5319 est,
2897 5238 3249 5319 praeveniam
3292 5257 3396 5301 vos
3448 5238 3511 5300 in
3562 5238 3727 5304 Gali-

2087 5332 2275 5405 laeam,
2309 5326 2584 5390 indicans
2615 5326 2727 5387 hoc
2758 5326 2889 5389 loco
2910 5328 3257 5390 relicturum
3290 5327 3726 5410 seJernsalem,

2088 5428 2142 5481 et
2176 5418 2247 5479 ad
2277 5423 2486 5497 gentes
2510 5433 2960 5479 concessurum.
2994 5415 3294 5479 Galilaeam
3349 5417 3512 5479 enim
3534 5418 3729 5497 genti-

2089 5508 2177 5571 les
2206 5504 2556 5570 inhabitant.

2175 5599 2353 5660 Vens.
2391 5592 2489 5669 33,
2515 5591 2610 5657 34.
2650 5620 2676 5648 ε
2704 5595 3095 5677 Respondens
3124 5602 3318 5660 autem
3355 5597 3569 5663 Petrus
3587 5596 3733 5660 dixit
