4144 6212
440 324 549 387 451

1403 317 1996 385 THEOPHYLACTI
2046 319 2458 385 BULGARLE
2504 320 2852 385 ARCHIEP.

3692 316 3824 380 452

445 459 543 539 qui
576 477 672 518 me
704 458 916 520 tradet.
952 478 979 516 ι
1009 457 1349 518 Ostendens
1370 454 1526 536 quod
1556 473 1673 515 non
1699 472 1848 534 opus
1878 452 2090 514 habeat

2177 473 2295 527 μιν,
2330 451 2436 511 ἰδοὺ
2491 454 2718 533 ἢγγικεν
2761 457 2791 511 6
2838 451 3153 533 παραδιδούς
3185 475 3277 529 με,
3327 476 3355 509 ι
3395 454 3679 522 Δεικνύων,
3740 451 3833 508 ὅτι

441 549 679 611 illorum
726 546 994 608 subsidio
1030 546 1267 627 quando
1288 545 1361 606 sit
1403 543 1755 614 tradendus,
1781 543 1925 605 dicit
1959 542 2095 603 illis:

445 635 709 699 Dormite
737 654 916 699 nunc.
946 636 1048 697 Vel
1084 652 1187 716 per
1222 633 1471 695 ironiam
1507 634 1621 694 hoc
1651 631 1992 712 dixit,quasi
2026 632 2102 691 ita

447 727 695 788 diceret:
730 723 884 786 Ecce
917 722 1412 805 appropinquavit
1444 722 1732 802 proditor,
1759 730 1815 783 et
1840 721 1888 781 si
1914 721 2103 802 placet

443 817 696 878 vobis.et
730 814 1014 895 permittit
1055 823 1310 893 tempus,
1346 812 1626 877 dormite.
1665 811 1894 873 Excitat
1926 811 2103 887 igitur

446 905 577 967 illos
608 924 640 964 a
667 904 795 965 loco
826 904 926 964 illo
958 904 1060 965 uti
1084 906 1381 975 orabat,et
1408 900 1634 963 accedit
1659 901 1728 963 ad
1757 920 1862 962 eos
1891 901 1989 981 qui
2017 901 2099 976 ip-

449 1011 580 1055 sum
615 992 1106 1072 comprehensuri
1138 998 1393 1070 erant,et
1421 990 1679 1052 occurrit
1703 990 1786 1051 eis
1805 990 1969 1069 quasi
1993 989 2098 1050 la;-

450 1093 572 1144 tum
620 1082 922 1163 quidpiam
956 1081 1068 1142 sibi
1126 1080 1380 1141 oblaturi
1428 1080 1722 1142 venirent.
1784 1081 1884 1141 Sic
1913 1088 1971 1140 et
2004 1079 2102 1141 illa

445 1190 574 1251 quae
606 1182 879 1252 precatus
911 1180 1023 1238 est.
1054 1178 1324 1251 precatus
1352 1179 1439 1231 est
1489 1177 1552 1230 ut
1580 1167 1928 1230 credibilior
1944 1177 2100 1230 esset

443 1259 831 1342 dispensatio,
867 1269 926 1321 et
956 1260 1111 1341 quod
1144 1258 1429 1320 voluisset
1461 1278 1576 1319 non
1623 1258 1765 1338 pati,
1800 1266 1863 1319 ut
1892 1275 2095 1318 serva-

444 1359 651 1411 rentur
716 1348 947 1411 Hebraai
981 1372 1009 1408 ει
1046 1348 1403 1429 perditione,
1439 1367 1570 1427 quze
1599 1348 1688 1409 eis
1753 1346 2098 1409 imminebat

428 1447 692 1520 propter
725 1446 1033 1520 peccatum
1068 1438 1221 1517 quod
1259 1436 1315 1497 in
1375 1440 1569 1517 ipsum
1602 1444 1770 1497 erant
1801 1446 2097 1516 perpetra-

448 1528 584 1591 turi.

525 1703 710 1769 Vens.
745 1704 1000 1767 ιη’-Ξ)οΑ
1038 1701 1108 1763 Et
1140 1702 1240 1763 illo
1270 1703 1460 1764 adhuc
1495 1702 1799 1782 loquente,
1827 1703 2092 1763 ecceJu-

2181 542 2241 597 ού
2312 545 2497 623 χρείαν
2567 542 2685 624 ἔχει
2753 543 2851 613 τῆς
2878 542 3003 623 παρ’
3035 546 3207 602 αὐτῶν
3235 541 3559 622 ἐπικουρίας,
3582 539 3671 598 ὅτε
3711 539 3843 616 μέλο

2182 630 2261 687 λει
2334 629 2717 714 παραδοθῆναι,
2751 633 2911 713 φησὶν
2980 633 3189 697 αὐτοῖς’
3251 630 3538 692 Καθεύδετε
3590 632 3653 687 τδ
3709 628 3839 687 λοι-

2184 722 2255 778 πό
2268 738 2306 777 δ·
2368 720 2403 789 ἦ
2472 720 2592 782 κατ’
2652 722 2916 803 είρωνείαν
2982 723 3137 781 τοῦτό
3195 744 3381 803 φησιν,
3439 722 3633 778 ὡσανεὶ
3679 726 3836 777 τοῦτο

2186 809 2379 890 λέγων·
2451 809 2582 870 Ἰδοὺ
2623 811 2845 890 ἤγγικεν
2901 814 2930 869 6
3007 810 3297 890 προδότης,
3362 811 3452 868 καὶ
3508 812 3553 866 εἰ
3622 809 3836 889 ἀρέσκει

2182 902 2335 976 ὑμῖν,
2406 902 2495 959 καὶ
2565 902 2789 982 παρέχει
2848 903 2877 958 6
2907 902 3115 982 καιρός,
3144 898 3443 963 καθεὺδιτε.
3487 898 3711 978 Ἐγείρει
3742 901 3836 955 οὖν

2184 989 2369 1055 αὖτοὺς
2442 990 2547 1047 ἀπὸ
2602 997 2695 1047 τοῦ
2740 990 2905 1046 τόπου
2946 989 3145 1049 έκείνου
3186 989 3307 1047 ἔνθα
3343 989 3706 1069 προσηύχετο,
3740 988 3835 1044 καὶ

2184 1079 2539 1160 προσέρχεται
2619 1092 2737 1142 τοῖς
2784 1078 2878 1154 μέ)
2890 1078 3069 1136 λουσιν
3149 1081 3304 1137 αὐτὸν
3387 1075 3697 1153 συλλαϐεῖν,
3742 1077 3837 1134 καὶ

2181 1175 2519 1247 προσυπαντᾷ
2575 1172 2781 1241 αὐτοῖς,
2838 1170 2911 1234 ὡς
2955 1190 3003 1224 τι
3048 1166 3360 1248 εὖφρόσυνον
3408 1166 3663 1243 μέλλουσι
3710 1163 3836 1224 δοῦ-

2182 1280 2264 1314 ναι
2324 1261 2486 1333 αὐτῷ.
2536 1257 2686 1315 Οὕτω
2713 1258 2801 1314 καὶ
2853 1256 3033 1314 ἐκεῖνα
3063 1257 3096 1313 ἆ
3137 1254 3363 1338 ηὔχετο,
3403 1254 3489 1313 διὰ
3528 1257 3589 1312 τὸ
3617 1254 3834 1313 πιστὼο

2181 1350 2367 1403 σασθαι
2428 1348 2525 1416 τὴν
2556 1346 2858 1421 οἰκονομίαν
2884 1345 3125 1426 ηὔχετο,
3158 1348 3245 1403 καὶ
3286 1345 3452 1402 θέλων
3500 1344 3580 1420 μὴ
3610 1348 3830 1425 παθεῖν,

2179 1435 2273 1492 ’ἶνα
2331 1440 2724 1515 συντηρηθῶσιν
2775 1438 2823 1491 οἱ
2880 1424 3119 1514 Ἐϐραῖοι
3185 1434 3246 1492 έκ
3291 1439 3389 1503 τῆς
3437 1432 3733 1514 ἀπωλείας,
3790 1432 3829 1500 ἦ

2180 1523 2370 1599 ἔμελλε
2402 1523 2800 1600 καταλήψεσθαι
2843 1524 3030 1585 αὖτοὺς
3074 1521 3158 1580 διὰ
3187 1545 3288 1592 την
3316 1524 3389 1587 είς
3433 1524 3589 1583 αὑτὸν
3645 1524 3829 1599 ἁμαρ-

2177 1635 2314 1676 τιαν,

2266 1725 2290 1759 ε
2359 1704 2456 1762 Καὶ
2508 1703 2584 1759 ’ἑτι
2643 1702 2800 1760 αὐτοῦ
2854 1701 3163 1776 λαλοῦντος,
3196 1700 3304 1758 ἰδοὺ
3333 1698 3532 1765 Ἰούδας
3578 1700 3666 1766 εἷς
3715 1705 3825 1757 τῶν

450 1795 555 1855 das
589 1813 739 1855 unus
769 1812 835 1854 ex
869 1791 1184 1853 duodecim
1212 1791 1608 1862 venit,etcum
1636 1810 1708 1852 eo
1730 1790 1899 1852 turba
1916 1791 2091 1852 multa

2180 1791 2381 1851 δώδεκα
2445 1791 2595 1866 ἦλθε,
2653 1794 2740 1848 καὶ
2795 1792 2911 1867 μετ’
2945 1796 3104 1851 αὐτοῦ
3146 1790 3314 1872 ὄχλος
3343 1789 3511 1855 πολὺς
3554 1790 3691 1865 μετὰ
3719 1811 3829 1865 μαι

440 1900 575 1946 cum
612 1882 824 1962 gladiis
849 1890 904 1942 et
928 1880 1204 1962 fustibus,
1234 1881 1398 1942 missi
1429 1899 1462 1941 a
1495 1880 1867 1959 principibus
1892 1898 2094 1942 sacer-

438 1975 642 2034 dotum
674 1982 732 2034 et
762 1970 1108 2036 senioribus
1141 1972 1364 2052 populi.
1403 1969 1459 2031 Is
1504 1989 1644 2033 vero
1678 1972 1778 2051 qui
1825 1970 2097 2033 tradebat

440 2062 778 2144 eum,dedit
807 2062 924 2122 illis
950 2063 1208 2140 signum,
1242 2059 1911 2140 dicens:Quemcunque
1929 2077 2093 2122 oscu-

441 2151 593 2211 latus
628 2150 955 2230 fuero,ipse
977 2158 1090 2224 est,
1124 2158 1324 2211 tenete
1357 2168 1492 2210 eum
1551 2147 1622 2209 Et
1651 2148 1962 2209 confestim
1993 2167 2093 2210 ac-

443 2238 665 2298 cedens
695 2234 1629 2312 adJesum,dixit:Ave,!{ab!ii,et
1661 2236 1961 2298 osculatus
2007 2246 2096 2298 est

445 2343 607 2389 eum.
644 2325 921 2405 Dixitque
972 2325 1056 2385 illi
1086 2324 1259 2387 Jesus
1294 2344 1307 2387 :
1363 2326 1592 2398 Amice,
1620 2326 1691 2386 ad
1726 2326 1864 2406 quid
1898 2326 2041 2388 ades
2071 2326 2095 2388 ἲ

443 2409 609 2474 Tunc
642 2423 1120 2487 accesserunt,et
1148 2433 1359 2475 manus
1382 2414 1722 2493 injecerunt
1744 2416 2099 2483 inlesum,et

446 2510 735 2583 ceperunt
792 2520 952 2565 eum.
991 2528 1019 2558 ι
1071 2500 1249 2563 Vides
1296 2520 1462 2563 arma
1522 2503 1861 2582 pontificum
1903 2504 2098 2583 qualia

444 2589 596 2652 sint?
628 2590 809 2671 Ligna
831 2600 888 2653 et
905 2592 1109 2671 gladii.
1149 2593 1231 2653 lta
1248 2600 1417 2653 erant
1450 2592 1703 2672 paciﬁci,
1737 2601 1792 2652 et
1826 2594 2094 2673 spiritum

450 2682 922 2742 mansuetudinis
939 2679 1421 2743 habentes.Unus
1439 2689 1632 2743 autem
1658 2700 1726 2743 ex
1748 2682 2091 2756 duodecim,

445 2769 592 2831 dixit
617 2767 1014 2850 Evangelista,
1040 2772 1346 2832 admirans
1369 2770 1526 2851 quod
1546 2770 1769 2834 licctex
1798 2771 2005 2851 primis
2034 2778 2096 2834 et

444 2856 648 2920 electis
680 2871 865 2932 esset,
897 2858 1134 2920 diabolo
1166 2877 1231 2920 se
1260 2858 1519 2920 tradidit.
1545 2859 2013 2935 Unde,homo,et
2030 2869 2090 2922 tu

448 2947 765 3027 time,licet
796 2964 868 3008 ex
903 2947 1393 3008 familiarissimis
1424 2948 1528 3022 sis,
1556 2967 1631 3010 ne
1650 2968 1907 3030 unquam
1939 2948 2094 3011 desi-

453 3037 566 3099 diae
596 3054 764 3097 vaces
796 3044 855 3097 et
881 3036 1151 3098 excidas.
1186 3034 1430 3116 Signum
1463 3046 1659 3099 autem
1691 3037 1853 3101 dedit
1885 3037 2090 3111 Judas,

448 3142 520 3186 eo
551 3125 705 3205 quod
728 3142 841 3185 nox
870 3133 1018 3197 erat,
1056 3133 1110 3185 et
1130 3144 1246 3185 non
1269 3133 1536 3206 poterant
1558 3126 1984 3189 internoscere.
2022 3129 2097 3189 Et

2180 1887 2385 1963 χαιρῶν
2453 1882 2542 1939 καὶ
2597 1879 2785 1963 ξύλων,
2843 1882 2951 1938 ἀπὸ
3002 1888 3108 1939 τῶν
3138 1881 3432 1961 ἀρχιερέων
3459 1881 3548 1936 καὶ
3592 1876 3786 1959 πρεσόυ
3809 1909 3830 1925 ο

2175 1971 2339 2048 τέρων
2393 1977 2487 2027 τοῦ
2541 1968 2694 2033 λαοῦ.
2760 1962 2818 2028 Ὀ
2875 1968 2931 2026 δὲ
2992 1968 3308 2051 ,παραδιδοὶς
3380 1970 3559 2042 αὒτδν,
3629 1966 3825 2025 ’έδωκεν

2177 2060 2360 2124 αὐτοῖς
2430 2073 2684 2136 σημεῖον,
2758 2058 2951 2139 λέγων’
2987 2050 3095 2117 ’Ὃν
3124 2056 3185 2114 ἄν
3216 2057 3452 2139 φιλήσω,
3497 2057 3651 2123 αὑτός
3681 2055 3816 2131 ἔστι,

2181 2151 2476 2226 κρατήσατε
2559 2148 2738 2211 αὐτόν,
2799 2149 2897 2207 Καὶ
2952 2148 3141 2211 εὐθέως
3167 2145 3469 2226 προσελθὼν
3495 2152 3575 2220 τῷ
3614 2144 3817 2226 Ἰησοῦ,

2177 2224 2326 2296 εἶπεο
2386 2246 2575 2319 Χαῖρε,
2653 2229 2850 2297 Ῥαϐϐίο
2884 2240 2971 2319 καὶ
3027 2224 3378 2318 κατεφίλησεν
3406 2234 3584 2294 αὐτόν.
3650 2224 3708 2293 ὀ
3765 2231 3824 2289 δὲ

2176 2328 2382 2396 Ἰησοῦς
2451 2331 2604 2385 εἶπεν
2662 2330 2824 2403 αὐτῷ’
2890 2318 3122 2406 Ἐταῖρε.
3194 2323 3281 2406 ὶφ’
3337 2328 3385 2400 ᾧ
3424 2325 3630 2403 πάρει;
3690 2323 3823 2382 τότε

2176 2415 2576 2497 προσελθόντες,
2653 2415 2910 2475 ἐπέϐαλον
2963 2418 3058 2481 τὰς
3101 2416 3300 2497 χεῖρας
3351 2414 3437 2472 έπὶ
3465 2416 3557 2470 τὸν
3586 2412 3819 2487 Ἰησοῦν,

2176 2508 2265 2564 καὶ
2320 2506 2618 2579 ἐκράτησαν
2671 2508 2852 2566 αὐτόν.
2915 2530 2943 2561 ι
3022 2497 3176 2585 Ὀρᾷς
3231 2506 3297 2560 τὰ
3350 2510 3457 2561 τῶν
3524 2501 3821 2583 ἀρχιερέων

2177 2596 2341 2662 σκεὺη
2384 2614 2401 2673 ;
2456 2594 2608 2652 Ξύλα
2666 2596 2753 2652 καὶ
2802 2595 3091 2675 μάχαιραι.
3151 2593 3330 2659 Οὕτως
3361 2591 3496 2659 ἦσαν
3539 2592 3817 2670 εἰρηνικοὶ,

2179 2686 2266 2741 καὶ
2310 2687 2370 2741 τὸ
2406 2692 2613 2760 πνεῦμα
2641 2685 2738 2752 τῆς
2780 2686 3081 2765 πραότητος
3111 2683 3353 2764 ἔχοντες*
3387 2684 3450 2739 τὸ
3477 2678 3559 2755 δὶ,
3603 2683 3688 2745 εἷς
3713 2680 3822 2737 τῶν

2178 2771 2401 2855 δώδεκα,
2472 2775 2627 2832 εἶπεν
2679 2776 2708 2830 6
2740 2772 3143 2855 εὖαγγελιστὴς,
3172 2773 3474 2848 θαυμάζων,
3538 2768 3619 2826 ὅτι
3648 2770 3821 2827 καίτοι

2176 2861 2534 2943 έξειλεγμένος
2604 2863 2700 2937 ὢν,
2774 2866 2864 2920 καὶ
2894 2865 3027 2939 μετᾶ
3055 2867 3159 2919 τῶν
3208 2861 3433 2943 πρώτων
3476 2858 3823 2934 ταττόμενος,

2176 2952 2323 3021 ὅμως
2355 2933 2454 3029 ’τῷ
2508 2933 2738 3027 διαϐόλιρ
2790 2933 3015 3010 δέδωκεν
3085 2933 3291 3012 ἑαυτόν.
3330 2933 3483 3006 Ὠστε
3512 2949 3598 3005 καὶ
3626 2948 3688 3003 σὺ
3718 2968 3824 3027 φο-

2177 3039 2291 3112 ϐοῦ,
2364 3042 2627 3121 ἄνθρωπε,
2686 3040 2785 3098 κᾶν
2838 3047 2946 3099 τῶν
2999 3041 3335 3099 οἰκειοτάτων
3406 3038 3551 3110 εἴης,
3609 3038 3820 3107 μήποτε

2176 3131 2617 3211 ἂποῤῥᾳθυμήσας
2686 3131 2941 3210 έκπέσης.
3016 3131 3300 3206 Σύσσημον
3367 3127 3421 3185 δὲ
3506 3125 3711 3184 δίδωσιν
3788 3128 3820 3182 6

448 3213 642 3289 aliter,
676 3212 786 3285 Qui
835 3222 1120 3275 venerant
1145 3212 1217 3275 ad
1251 3214 1904 3297 comprehendendum,
1967 3235 2084 3279 non

2177 3206 2395 3294 Ἰούδας,
2441 3206 2587 3278 *διότι
2656 3221 2743 3277 καὶ
2775 3206 2874 3286 νύξ-
2899 3220 2991 3300 ἦν,
3034 3220 3123 3276 καὶ
3164 3222 3260 3278 οὒκ
3287 3216 3543 3287 ἠδύναντο
3585 3211 3820 3293 ἔιαγνῶ·
3852 3206 3862 3217 ’

450 3310 620 3365 erant
650 3319 719 3363 ex
755 3302 922 3363 turba
955 3311 1063 3378 tot,
1097 3312 1241 3383 quot
1273 3319 1341 3364 ex
1372 3302 1559 3364 servis
1588 3304 1954 3387 pontificum,
1985 3308 2082 3387 qui

448 3390 693 3453 omnino
710 3390 859 3453 forte
881 3409 998 3452 non
1023 3394 1773 3469 cognoverantJesurn,sed
1790 3394 1972 3457 ludas
1994 3415 2087 3457 no.

447 3490 570 3541 tum
603 3479 739 3541 facit
768 3480 856 3542 eis
885 3481 1224 3560 Magistrum
1269 3482 1500 3545 osculo.
1566 3481 1710 3544 Nam
1743 3502 1876 3545 cum
1913 3484 2093 3547 sciret

447 3569 773 3631 bonitatem
808 3569 1329 3643 Domini,audebat
1359 3570 1524 3632 illum
1560 3573 1953 3636 osculari.|lle
1979 3592 2091 3635 au-

447 3667 567 3721 tem
603 3658 718 3720 fert
746 3678 935 3741 usque
964 3660 1037 3722 ad
1071 3660 1451 3723 novissimam
1486 3661 1691 3723 horam
1715 3663 1961 3725 studens
1989 3681 2094 3725 sua

444 3747 893 3828 longanimitate
951 3750 1114 3815 illum
1149 3750 1385 3812 lucrari.
1440 3750 1583 3811 Cum
1642 3761 1838 3813 autem
1901 3772 2094 3834 neque

444 3836 532 3898 sic
560 3838 913 3901 emendatus
938 3848 1049 3913 est,
1083 3848 1221 3901 tunc
1277 3839 1419 3901 fecit
1450 3840 1584 3902 illos
1613 3845 1851 3922 cadere,
1875 3860 2088 3923 quem-

444 3927 765 3989 admodum
797 3928 941 3989 dicit
967 3927 1250 4006 Joannes,
1305 3938 1369 3990 ut
1431 3930 1517 3991 vel
1576 3931 1845 3992 cadendo
1899 3948 2087 4011 agno—

446 4028 615 4079 scant
634 4016 821 4098 ipsius
840 4018 1137 4079 virtutem.
1163 4019 1336 4081 Unde
1352 4038 1485 4080 cum
1519 4038 1716 4099 neque
1735 4021 1820 4083 sic
1849 4021 2085 4083 destite-

446 4104 567 4167 rint
592 4124 628 4167 a
648 4124 756 4167 sua
785 4105 1145 4180 temeritate,
1178 4116 1317 4170 tunc
1365 4109 1752 4187 semetipsum
1783 4110 1870 4171 eis
1900 4128 2085 4191 expo-

446 4195 583 4256 suit.
619 4194 826 4257 Judam
848 4204 1046 4257 autem
1079 4197 1331 4258 amicum
1365 4199 1895 4280 vocat,{incessens
1924 4218 2083 4282 eum,

444 4292 502 4372 et
532 4302 782 4372 carpens
816 4293 1092 4367 tanquam
1122 4285 1395 4348 videlicet
1422 4287 1599 4349 amici
1623 4290 1893 4351 osculum
1928 4308 2084 4372 prae-

439 4370 702 4434 bentem.
739 4371 908 4446 Quod
952 4393 1092 4436 vero
1120 4374 1283 4447 dicit,
1319 4376 1408 4436 Ad
1461 4376 1601 4456 quid
1631 4376 1796 4451 ades,
1827 4370 1943 4440 hoc
1969 4386 2083 4453 est,

441 4480 560 4542 qua
589 4461 919 4525 intentione
947 4462 1045 4526 hic
1073 4466 1217 4525 ades
1243 4464 1268 4524 ἲ
1296 4463 1572 4546 Nunquid
1606 4475 1666 4527 ut
1694 4466 1956 4529 amicus?
1980 4468 2085 4531 sed

435 4568 557 4612 non
589 4551 899 4632 oportebat
930 4570 1063 4613 cum
1097 4553 1311 4633 gladiis
1343 4553 1645 4618 advenire.
1697 4553 1973 4637 Nunquid
2027 4566 2090 4619 ut

2170 3329 2278 3368 ναι·
2343 3309 2520 3374 ἄλλως
2590 3332 2647 3368 τε
2707 3310 2798 3367 καὶ
2854 3312 2901 3367 οἱ
2956 3308 3198 3374 έλθόντες
3226 3304 3535 3380 συλλαϐεῖν,
3567 3308 3663 3364 οὒκ
3688 3304 3829 3373 ἦσαν

2172 3397 2234 3457 έκ
2299 3400 2393 3457 τοῦ
2438 3397 2609 3480 ὄχλου
2652 3408 2914 3479 τοσοῦτοι,
2977 3397 3091 3455 ὅσοι
3152 3397 3213 3453 έκ
3288 3399 3393 3454 τῶν
3477 3392 3678 3452 δούλων
3731 3398 3826 3451 τοῦ

2173 3488 2493 3572 ἀρχιερέως,
2547 3488 2604 3545 οἵ
2635 3486 2746 3549 οὐδ’
2775 3488 2915 3553 ’ὀλως
2946 3488 3092 3568 τάχα
3135 3485 3413 3567 έγνώριζον
3452 3486 3552 3572 τδν-
3587 3481 3822 3572 Ἰησῷνο

2177 3570 2329 3636 Ἀλλ’
2399 3579 2430 3634 6
2486 3578 2732 3646 μαθητὴς
2790 3578 3029 3656 γνωρίζει
3108 3579 3293 3640 αὐτοῖς
3343 3576 3436 3631 τὸν
3482 3570 3822 3647 διδάσκαλον,

2179 3668 2239 3725 έκ
2295 3674 2388 3725 τοῦ
2454 3665 2792 3747 καταφιλεῖν·
2867 3664 3016 3724 εἶδὼν
3084 3665 3184 3745 γὰρ
3243 3663 3369 3747 τὴνΔ
3436 3660 3826 3744 φιλανθρωπίαν

2173 3764 2266 3815 τοῦ
2339 3757 2551 3835 Κυρίου,
2605 3743 2913 3836 θρασύνεται
2955 3756 3043 3813 καὶ
3071 3743 3320 3835 φιλῆσαι.
3354 3743 3413 3809 ’0
3461 3748 3517 3807 δὲ
3567 3749 3820 3830 ἀνέχεται

2170 3845 2299 3926 ἄχρι
2368 3846 2457 3903 καὶ
2507 3850 2605 3913 τῆς
2676 3843 2979 3907 τελευταίας
3038 3843 3204 3923 ὥρας,
3261 3839 3567 3911 σπουδάζων
3596 3837 3681 3894 διὰ
3720 3843 3823 3906 τῆς

2170 3934 2526 4015 μακροθυμίας
2603 3935 2761 3991 αὐτὸν
2839 3932 3115 4013 κερδῆσαι.
3194 3941 3294 3991 οτε
3366 3928 3423 3986 δὶ
3480 3926 3597 3985 οὗδὶ
3636 3926 3823 4015 Δοὕτως

2168 4013 2555 4103 έσωιρρονίσθη,
2616 4025 2740 4081 τότε
2800 4035 2952 4081 ποιεῖ
2983 4022 3169 4088 αὖτοὺς
3211 4031 3424 4090 πεσεῖν,
3468 4019 3542 4081 ὣς
3575 4019 3604 4074 6
3632 4013 3823 4076 Ἰωάν-

2166 4135 2260 4182 νης
2315 4114 2495 4194 φησὶν,
2566 4112 2661 4170 ’ίνα
2715 4112 2815 4170 κᾶν
2868 4111 2954 4169 διὰ
3007 4117 3100 4169 τοῦ
3148 4123 3362 4191 πεσεῖν,
3421 4106 3678 4186 ἃπιγνῶσι
3720 4108 3823 4174 τὴν

2163 4204 2319 4262 αὐτοῦ
2371 4199 2612 4277 δὺναμιν·
2705 4204 2779 4266 ὡς
2850 4199 2905 4258 δὲ
2963 4198 3070 4258 οὔδ’
3130 4202 3296 4264 οὓτως
3354 4196 3662 4263 ἃπέστησαν
3719 4195 3820 4265 τῆς

2160 4292 2505 4371 θρασύτητος,
2558 4290 2682 4348 τότε
2752 4288 3023 4359 ἰκδίδωσιν
3084 4289 3296 4346 ἑαυτόν·
3343 4287 3559 4366 ἑταῖρον
3614 4281 3670 4340 δέ
3730 4286 3823 4341 τὸν

2168 4378 2367 4439 Ἰούδαν
2417 4379 2598 4453 καλεῖ,
2662 4377 2938 4456 κωμῳδῶν
2992 4381 3149 4439 αὐτὸν
3218 4377 3307 4434 καὶ
3389 4371 3672 4454 διασύρων,
3743 4376 3819 4437 ὣς

2167 4467 2321 4537 δῆθεν
2352 4470 2555 4549 ἑταίρου
2582 4468 2788 4551 φίλημα
2819 4467 2996 4527 δόντα·
3030 4469 3092 4525 τό
3134 4466 3212 4539 δέ,
3246 4463 3371 4551 Ἐφζ
3395 4467 3442 4539 ᾧ
3490 4460 3647 4541 πάρει
3658 4510 3681 4551 ,Α
3708 4461 3825 4519 ἀντὶ

2166 4561 2281 4633 τοῦ,
2317 4560 2401 4618 ἐπὶ
2431 4542 2570 4635 ποίῳ
2597 4542 2800 4634 ’σκσπῷ
2841 4558 2998 4640 πάρει
3024 4558 3243 4616 bruma
3276 4576 3294 4632 ;
3324 4542 3474 4635 *Ἀρα
3510 4553 3584 4616 ὣς
3614 4549 3765 4640 φίλος
3795 4568 3819 4629 ,'

435 4638 746 4731 inimicus?
765 4648 824 4702 et
846 4642 1147 4723 quomodo
1170 4642 1490 4706 oscularis?
1510 4643 1721 4725 Arguit
1751 4646 1929 4725 igitur
1949 4665 2084 4709 eum

2177 4650 2256 4706 καὶ
2312 4649 2421 4724 μὴν
2490 4653 2587 4709 οὒκ
2614 4646 2719 4705 ἴδει
2748 4649 2885 4724 μετὰ
2914 4638 3202 4728 μαχαιρῶν
3244 4656 3521 4726 παρεῖναι.

434 4737 497 4790 ut
528 4729 823 4792 dolosum.

517 4902 1045 4972 νειιε.51-54.ιΕι
1072 4925 1214 4973 ecce
1238 4926 1391 4970 unus
1411 4927 1481 4971 ex
1507 4911 1600 4972 his
1620 4912 1721 4992 qui
1747 4921 1918 4975 erant
1949 4932 2083 4976 cum

431 4994 931 5077 Jesu,extendens
951 5015 1217 5074 manum,
1234 5004 1255 5058 Ι
1273 5001 1357 5060 δι
1390 4998 1609 5060 exemit
1626 5001 1886 5079 gladium
1908 5020 2083 5065 suum

434 5094 494 5148 et
522 5086 865 5166 percutiens
888 5105 1124 5150 servum
1152 5088 1443 5168 principis
1471 5089 2089 5174 sacerdotum,ampu-

434 5175 570 5235 tavit
590 5175 917 5238 auriculam
953 5178 1083 5257 ejus
1111 5176 1277 5239 Tunc
1310 5176 1458 5238 dicit
1488 5178 1572 5239 illi
1595 5176 1790 5243 Jesus:
1820 5182 2085 5244 Conver-

431 5271 491 5325 te
518 5264 779 5343 gladium
814 5274 976 5327 tuum
1008 5267 1073 5331 in
1104 5267 1299 5329 locum
1324 5284 1516 5328 suum.
1544 5267 1770 5331 Omnes
1802 5272 1961 5333 enim
1986 5274 2085 5353 qui

426 5354 771 5435 acceperint
794 5353 1284 5436 gladium,gladio
1306 5356 1707 5437 peribunt.An
1730 5366 1904 5439 putas
1922 5362 2086 5442 quod

426 5460 544 5507 non
572 5442 793 5524 possim
826 5461 985 5506 nunc
1008 5464 1218 5523 rogare
1251 5448 1488 5509 Patrem
1514 5458 1804 5524 meum,et
1833 5451 2085 5515 exhibe-

424 5529 512 5619 bit
525 5532 666 5594 mihi
686 5532 887 5613 plures
901 5551 1079 5614 quam
1098 5534 1412 5598 duodecim
1430 5534 1698 5615 legiones
1710 5539 2092 5619 angelorum?

423 5618 553 5693 Quo
584 5629 754 5704 pacto
790 5620 972 5702 igitur
992 5623 1404 5705 implebantur
1431 5624 1780 5707 Scriptura,
1800 5618 1957 5713 quia
2000 5632 2087 5697 sic

2170 4737 2362 4883 ἐχθρός
2394 4754 2413 4812 ;
2467 4739 2556 4794 καὶ
2614 4742 2731 4801 πῶς
2772 4735 3135 4817 καταφιλεῖςς
3180 4732 3433 4814 Ἐλέγχει
3462 4731 3633 4789 τοίνυν
3661 4728 3822 4785 αὑτὸν

2170 4828 2245 4883 ὣς
2303 4827 2331 4883 ό
2354 4850 2474 4883 .ιον.

2169 4828 2245 4892 ὣς
2273 4824 2474 4888 δόλιον.

2251 4936 2283 4978 ί
2321 4917 2422 4975 Καί
2473 4915 2585 4975 ἰδοὺ
2638 4919 2723 4981 εἷς
2777 4922 2885 4972 τῶν
2943 4915 3081 4992 μετὰ
3148 4912 3347 4988 Ἰησοῦ,
3406 4910 3637 4976 ἐκτείνας
3717 4908 3820 4976 τὴν

2169 5019 2357 5088 χεῖρα,
2409 5006 2682 5064 ἀπέσπασε
2751 5004 2853 5072 τὴν
2908 5004 3183 5085 μάχαιραν
3242 5006 3421 5074 αὒτοῦ,
3498 5000 3588 5058 καὶ
3635 4998 3817 5088 πατάξ

2169 5087 2261 5163 ξας
2333 5097 2426 5152 τὸσι
2482 5092 2668 5151 δσῦλον
2723 5100 2816 5150 τοῦ
2890 5093 3210 5173 ἀρχιερέως,
3269 5089 3488 5173 ἀφεῖλεν
3547 5091 3705 5148 αὐτοῦ
3761 5087 3823 5144 τὸ

2170 5188 2347 5248 ὠτιον,
2405 5183 2537 5243 Τότε
2591 5181 2737 5263 λέγει
2811 5184 2953 5259 αὖτῷ
3036 5185 3066 5240 6
3119 5180 3346 5250 Ἰησοῦςο
3450 5176 3819 5257 Ἀπόστρεψόν

2170 5298 2265 5334 σου
2320 5274 2420 5343 τὴν
2490 5274 2763 5355 μάχαιραν
2807 5273 2881 5338 είς
2908 5274 3003 5329 τὸν
3042 5272 3208 5329 τόπον
3251 5272 3442 5338 αὗντῆς.
3490 5267 3690 5331 Πάντες

2171 5369 2218 5424 οἱ
2272 5362 2523 5431 λαϐόντες
2574 5353 2888 5444 μάχαιραν,
2944 5360 2998 5418 έν
3053 5360 3297 5441 μαχαίρᾳ
3344 5358 3751 5444 ἂποθανοῦνταιξ
3782 5353 3820 5423 ἢ

2168 5454 2346 5518 δοκεῖς
2420 5452 2496 5511 ὅτι
2560 5455 2622 5512 οὗ
2674 5441 2896 5528 δύναμαι
2927 5449 3044 5530 ἄρτι
3074 5445 3442 5529 παρακαλέσαι
3492 5448 3585 5503 τὸν
3616 5441 3823 5522 Πατέρα

2169 5567 2299 5621 μου,
2344 5545 2431 5601 καὶ
2486 5543 2817 5624 παραστήσει
2858 5563 2949 5617 μοι
2998 5539 3211 5605 πλείους
3265 5538 3302 5606 ἢ
3355 5533 3557 5594 δώδεκα
3611 5532 3819 5624 lavat?-

2171 5619 2606 5715 ναίεις-γέλων,
2666 5634 2787 5696 Πῶς
2843 5629 2931 5689 οὖν
2990 5627 3343 5709 πληρωθῶσιν
3372 5626 3426 5684 αἱ
3480 5619 3814 5705 rimam“
