4144 6212
283 335 393 399 461

936 337 1032 399 EN
1039 335 1379 399 ARRATIO
1422 330 1504 398 IN
1550 334 1927 399 EVANGEL]

2014 326 2052 395 Ι
2095 332 2494 396 ΜΑΤΤΗιΕΙ.
2542 364 2618 379 --
2660 334 2825 396 GAP.
2871 332 3119 400 XXVII.

3529 306 3645 404 ιιι

269 468 392 541 pinu
447 476 539 523 τοῦ
608 471 904 547 προφήτου,
962 465 1235 543 λέγοντος·
1284 467 1382 525 Καὶ
1442 466 1629 523 ἔλαϐον
1660 468 1725 523 τὰ
1767 466 1918 544 τρια-

2014 461 2315 553 impletum
2345 471 2436 525 est
2465 462 2864 553 quoddictum
2897 474 2985 526 est
3008 484 3116 546 per
3141 468 3458 533 Jeremiam
3503 493 3645 553 pro-

262 576 429 611 κοντα
476 554 693 633 ἀρδύρια
745 556 845 621 τὴν
900 556 1067 629 τιμὴν
1123 562 1214 610 τοῦ
1264 556 1638 631 τετιμημένου,
1694 555 1751 611 ὅν
1802 556 1911 609 ἐτι-

257 645 508 718 μήσαντο
579 645 685 699 ἀπὸ
740 646 864 700 υἱῶν
890 641 1134 721 Ἰσραὴλ,
1167 645 1255 699 καὶ
1299 641 1499 701 ἔδωκαν
1542 644 1673 701 αῦτὰ
1722 645 1792 705 εἷς
1822 645 1913 699 τὸν

260 733 429 810 ἀγρὸν
493 738 586 787 τοῦ
652 732 924 811 κεραμέως
980 734 1113 788 καθᾶ
1172 731 1413 797 συνέταξε
1470 756 1560 808 μοι
1619 733 1828 811 Κύριος.
1884 756 1905 787 ε

268 819 543 899 Κορϐανᾶν
615 820 796 901 ἔλεγον
850 822 941 877 τὸν
998 820 1051 875 ἐν
1105 826 1183 893 τῷ
1240 824 1363 894 ἱερῷ
1429 824 1711 899 θησαυρὸν,
1752 823 1824 884 εἷς
1854 820 1911 877 ὅν

266 908 497 966 ἔϐαλλον
553 912 618 966 τὰ
668 910 1069 989 πρ.σφερόμενα
1126 916 1203 982 τῷ
1271 913 1388 983 Θεῴ
1443 907 1606 985 δῶρα.
1664 902 1809 989 ’Ὅρα
1859 908 1915 965 δὲ

270 1004 391 1061 πῶς
448 1001 476 1054 ὁ
531 1001 661 1062 Θεὸς
719 1012 941 1071 ματαιοϊ
997 999 1206 1067 αὖτοὺς,
1266 998 1402 1055 ὥστε
1460 999 1775 1079 φημίζεσθα.
1818 1001 1917 1065 τὴν

273 1086 558 1166 μιαιφόνον
629 1088 797 1144 αὐτῶν
865 1087 1111 1165 γνώμην
1160 1085 1323 1149 ’Ἕως
1374 1088 1473 1165 γὰρ
1518 1087 1614 1154 τῆς
1658 1089 1913 1165 σήμερον,

275 1177 462 1254 φησὶν,
496 1172 683 1253 Ἀγρὸς
720 1175 951 1250 αἵματος
979 1174 1227 1232 καλεῖται
1258 1178 1286 1231 ὁ
1330 1174 1489 1253 ἀγρὸς
1518 1179 1747 1247 ὶκετνος,
1781 1175 1916 1231 ὥστε

275 1266 481 1325 πὰλτας
558 1265 1046 1341 ἀναμιμνήσκεσθαι
1111 1262 1190 1319 ὅτι
1248 1265 1340 1320 τὸν
1392 1266 1579 1344 Κῦριον
1611 1264 1916 1344 ἐφόνευσαν.

274 1353 517 1410 Μάνθανε
567 1352 621 1409 δὲ
690 1356 776 1410 καὶ
817 1360 995 1432 τοῦτο,
1058 1351 1138 1410 ὅτι
1195 1354 1285 1409 καὶ
1326 1354 1466 1432 παρά
1498 1366 1615 1416 τοῖς
1648 1350 1917 1415 Ἰουδαίοις

268 1448 523 1499 τοσοῦτον
603 1443 639 1510 ἦ
693 1440 955 1522 φιλοξενία
1025 1438 1395 1514 ἐσπουδάζετο,
1467 1440 1605 1497 ὥστε
1661 1444 1749 1497 καὶ
1801 1454 1917 1502 τοῖς

268 1528 437 1595 ξὲνοις
509 1532 581 1592 εἷς
646 1532 819 1611 ταφὴν
888 1531 1088 1610 χωρίον
1129 1551 1179 1585 τι
1211 1529 1585 1609 ἀγορασθῆναι.
1638 1529 1918 1608 Αἰσχυνώ-

267 1622 406 1695 μεθα
477 1630 565 1680 οῦν
623 1622 809 1694 ἡμεῖς,
879 1621 926 1676 οἱ
994 1617 1321 1697 τελειοτέρου
1363 1620 1459 1693 μὲν
1490 1619 1602 1694 βίου
1644 1616 1919 1685 δοκοῦντες

271 1710 443 1788 εἶναι,
512 1711 634 1774 τοὺς
682 1707 736 1765 δὲ
782 1708 957 1774 ξένοτς
992 1705 1476 1787 παραϐλεπόμενοι.
1524 1707 1633 1773 Τὴν
1675 1709 1838 1781 τιμὴν
1867 1702 1983 1803 δὲΒ

271 1806 369 1855 τοῦ
429 1798 806 1874 τετιμημένου,
894 1800 1075 1878 φησὶν,
1160 1794 1406 1864 δηλονότι
1488 1802 1582 1853 τοῦ
1670 1802 1916 1874 Χριστοῦ.

276 1886 538 1961 ἀτίμητος
606 1888 703 1963 μὶν
759 1889 858 1965 γὰρ
911 1886 1000 1959 ἦν,
1061 1885 1287 1960 ἐτιμήθη
1364 1883 1420 1941 δὲ
1477 1884 1583 1941 ἀπὸ
1633 1887 1757 1941 υἱῶν
1806 1882 1921 1941 ἰσ-

275 1975 442 2054 ραὴλ,
516 1976 749 2036 τουτέστι
806 1977 906 2044 τὴν
980 1977 1143 2050 τιμὴν
1219 1977 1375 2032 αὐτοῦ
1429 1973 1658 2042 ἴστησαν
1736 1976 1782 2030 οἱ
1823 1974 1921 2031 υἱοὶ

271 2065 514 2145 Ἰσραὴλ,
575 2066 1020 2145 συμφωνήσαντες
1077 2070 1154 2138 τῷ
1175 2061 1348 2136 Ἰοὺδᾳ
1411 2063 1586 2121 δοῦναι
1643 2063 1923 2141 τριάκοντα

273 2155 516 2232 ἀργύρια.
1803 2162 1819 2177 ⁸

364 2266 389 2300 ε
454 2235 512 2302 Ὀ
568 2242 622 2300 δὲ
679 2243 883 2313 ἰησοῦς
939 2242 1067 2309 ἔστη
1139 2241 1433 2321 ἔμπροσθεν
1471 2248 1577 2297 -τοῦ
1627 2240 1922 2319 ἡγεμόνος,

272 2335 365 2391 καὶ
422 2332 766 2412 ἱπηρώτησεν
824 2332 977 2391 αὐτὸν
1126 2332 1367 2409 ἡγεμὼν,
1428 2327 1623 2408 λέγωιι,
1712 2332 1785 2384 Σὺ
1814 2332 1866 2385 εἷ
1897 2331 1924 2385 ὁ

268 2411 540 2500 βασιλεὺς
568 2429 674 2479 τῶν
703 2419 974 2479 Ἰοοδαίων
1007 2442 1024 2494 ;
1062 2411 1120 2478 ’0
1148 2419 1203 2476 δὲ
1250 2417 1454 2486 Ἰησοῦς
1501 2418 1603 2499 ἔφη
1652 2422 1818 2493 αὐτῷ’
1852 2419 1924 2473 Σὺ

2001 551 2241 627 phetam
2262 552 2660 613 dicenteszt
2684 567 3045 633 acceperunt
3065 556 3303 636 triginta
3330 551 3647 641 argenteos

1998 641 2248 720 pretium
2280 641 2574 719 aestimati,
2611 660 2787 721 quem
2824 643 3173 707 aestimatum
3205 662 3480 711 emerunt
3510 672 3545 714 a
3574 655 3643 714 ﬁ-

1996 728 2092 789 liis
2116 728 2317 818 lsrael,
2375 739 2433 790 et
2478 730 2772 818 dederunt
2802 750 2903 793 eos
2934 733 2995 794 in
3024 752 3231 813 agrum
3277 740 3461 818 ﬁguli,
3496 743 3647 806 sicut

1998 817 2301 878 constituit
2346 818 2490 878 mihi
2548 817 2856 883 Dominus.
2897 845 2923 875 »
2987 820 3331 905 Οοιιιοηειιῐι,
3370 829 3648 893 dicebant

1999 907 2344 1000 thesaurum
2374 907 2435 966 in
2458 908 2702 1000 templo,
2726 908 2783 969 in
2812 928 2987 988 quem
3018 912 3327 975 mittebant
3347 916 3647 1000 donaquae

2002 997 2123 1058 Deo
2142 996 2569 1057 offerebantur.
2610 997 2757 1057 Vide
2778 1008 2973 1058 autem
3012 1003 3311 1079 quomodo
3362 996 3644 1069 Deus'in-

2001 1083 2195 1173 fatuet
2216 1085 2369 1157 illos,
2398 1094 2460 1145 ut
2482 1085 2819 1146 traducatur
2845 1106 3015 1148 mens
3054 1088 3289 1151 illorum
3322 1096 3643 1173 sanguina-

2001 1173 2111 1233 ria.
2150 1170 2345 1252 Usque
2386 1173 2447 1232 in
2470 1172 2625 1234 hunc
2651 1174 2809 1234 enim
2838 1174 3020 1256 diem,
3054 1178 3156 1252 ait,
3184 1198 3324 1258 ager
3354 1170 3462 1245 ille
3489 1185 3643 1247 dici—

2003 1272 2100 1353 tur
2120 1267 2275 1353 Ager
2295 1260 2620 1353 sanguinis.
2649 1270 2711 1322 ut
2738 1281 2949 1353 omnes
2979 1266 3096 1325 sint
3151 1286 3444 1333 memores
3487 1274 3646 1353 quod

2003 1349 2319 1441 Dominum
2352 1350 2708 1441 occiderint
2733 1349 2909 1413 Disce
2937 1361 3131 1415 autem
3165 1366 3224 1417 et
3253 1358 3386 1433 hoc,
3418 1349 3576 1441 quod
3593 1371 3652 1425 et

2001 1438 2155 1517 apud
2183 1437 2421 1500 Judaeos
2467 1438 2645 1500 fuerit
2693 1439 2756 1500 in
2788 1442 2980 1520 pretio
3031 1442 3405 1524 hospitalitas
3435 1437 3453 1513 Ξ
3489 1451 3650 1515 unde

2001 1526 2063 1587 in
2108 1528 2475 1607 sepulturam
2538 1529 2981 1608 peregrinorum
3044 1533 3179 1594 155
3227 1554 3430 1615 agrum
3478 1540 3645 1602 illum

2003 1625 2295 1709 emerunt.
2330 1616 2772 1709 Confundamux
2805 1618 2986 1697 igitur
3015 1639 3147 1703 nos,
3190 1626 3292 1704 qui
3344 1626 3476 1689 vita:
3508 1647 3648 1709 per-

2006 1704 2264 1795 [ectioris
2313 1706 2583 1767 videmur
2605 1724 2758 1781 esse,
2792 1717 2850 1769 et
2880 1711 3227 1789 peregrinos
3256 1704 3645 1795 despicimus.

2004 1792 2293 1871 Pretium,
2327 1795 2541 1875 inquit,
2574 1795 2865 1871 aestimati,
2906 1797 3018 1859 hoc
3061 1807 3151 1860 est
3179 1792 3399 1866 Christi
3425 1824 3443 1866 :
3467 1808 3647 1867 inass-

2007 1882 2289 1946 timabilis
2357 1885 2514 1945 enim
2587 1882 2735 1959 fuit,
2793 1898 2853 1946 et
2905 1886 3225 1950 aestimatus
3276 1901 3367 1953 est
3421 1910 3455 1954 a
3512 1894 3651 1956 ﬁliis

2002 1969 2207 2049 Israel,
2254 1973 2367 2035 hoc
2398 1980 2509 2049 est,
2534 1976 2787 2053 pretium
2818 1974 2945 2053 ejus
2974 1977 3533 2043 censtitueruntlilii
3562 1980 3650 2044 Is-

2001 2062 2149 2141 rael,
2206 2062 2359 2143 pacti
2406 2079 2541 2123 cum
2588 2061 2741 2123 Juda
2787 2070 2851 2123 ut
2892 2063 3101 2125 darent
3156 2065 3243 2127 illi
3276 2068 3519 2149 triginta
3548 2089 3648 2133 ar-

2007 2159 2276 2229 genteos.

2088 2237 2272 2301 Vsus.
2311 2242 2518 2302 11-14.
2552 2266 2577 2295 α
2609 2238 2784 2303 Jesus
2832 2249 3026 2303 autem
3077 2244 3241 2306 stetit
3283 2255 3419 2308 ante
3445 2251 3650 2328 praesi-

2007 2326 2143 2391 dem
2177 2337 2235 2388 et
2254 2328 2633 2408 interrogavit
2662 2347 2797 2393 eum
2824 2347 3042 2409 praeses
3071 2331 3315 2395 dicens:
3349 2326 3527 2399 Tu‘es
3551 2356 3653 2400 rex

2008 2413 2382 2479 Iudaeorum?
2416 2416 2568 2480 Dicit
2597 2418 2685 2479 illi
2707 2417 2883 2481 Jesus
2917 2440 2930 2481 :
2959 2420 3047 2481 Tu
3078 2421 3248 2484 dicis.
3270 2423 3342 2485 Et
3372 2444 3507 2488 cum
3547 2444 3654 2487 ac-

271 2512 478 2588 λέγεις.
553 2513 650 2570 Καὶ
701 2511 754 2567 ἒν
834 2516 910 2583 τῷ
983 2511 1424 2595 κατηγορεῖσθαι,
1455 2509 1612 2595 αὐτὸν
1673 2509 1771 2563 me
1822 2509 1927 2563 τῶν

2014 2514 2319 2595 cusaretur
2346 2524 2381 2566 a
2406 2506 2776 2595 principibus
2798 2507 3263 2584 sacerdotum,et
3294 2513 3656 2595 senioribus,

276 2600 578 2679 ἀρχιερέων
632 2601 721 2656 καὶ
776 2604 881 2656 τῶν
938 2594 1317 2675 πρεσϐυτέρων,
1387 2593 1531 2652 οῦδὲν
1585 2595 1924 2673 ἀπεκρίνατο.

2014 2593 2159 2655 nihil
2190 2595 2519 2674 respOndit.
2557 2594 2725 2657 Tunc
2755 2595 2901 2657 dicit
2949 2595 3035 2657 illi
3087 2598 3311 2661 Pilatus
3340 2617 3354 2661 :
3384 2600 3513 2665 Non
3544 2593 3656 2665 att-1

276 2690 414 2747 τότε
442 2688 585 2765 λέγει
631 2691 773 2746 αὖτὼ
802 2689 830 2743 ὁ
875 2684 1125 2750 Πιλάτος·
1166 2687 1273 2744 Οὔκ
1300 2685 1506 2747 ἀκούεις
1528 2684 1669 2741 πόσει
1698 2705 1792 2739 σου
1820 2706 1925 2740 κα-

2014 2682 2103 2743 dis
2134 2702 2309 2762 quam
2342 2688 2521 2744 multa
2552 2683 2835 2744 adversus
2867 2694 2925 2744 te
2953 2684 3154 2746 dicant
3176 2689 3557 2750 testimonia?
3588 2693 3659 2751 Et

280 2784 717 2855 ταμαρτυροῦσις
782 2777 877 2835 Καὶ
932 2774 1026 2831 οῦκ
1080 2775 1334 2853 ἀπεκρίθη
1424 2777 1565 2845 αὒτῷ
1621 2774 1753 2851 πρὸς
1808 2770 1921 2855 οῦδὲ

2014 2789 2126 2831 non
2173 2772 2480 2849 respondit
2534 2772 2588 2831 ei
2637 2772 2709 2831 ad
2762 2772 2945 2832 ullum
2985 2773 3256 2849 verbum,
3284 2776 3362 2835 ita
3393 2785 3456 2837 ut
3484 2778 3657 2840 mira-

280 2851 360 2921 ἰν
408 2851 575 2944 ῥῆμα·
628 2866 766 2922 ὥστε
807 2864 1089 2939 θαυμάζειν
1133 2851 1229 2920 τὸν
1266 2863 1507 2940 ἡγεμόνα
1550 2860 1687 2923 λίαν,
1740 2885 1768 2917 ε
1833 2851 1924 2923 Ὠς

2014 2870 2171 2920 retur
2203 2877 2419 2938 praeses
2464 2860 2875 2920 vehementer.
2912 2883 2939 2914 ι
2976 2858 3152 2932 Quasi
3176 2864 3512 2942 capitalium
3541 2868 3656 2928 cri-

278 2957 365 3012 ἒπὶ
422 2955 693 3030 δημοσίοις
764 2953 1064 3031 ἐγκλήμασι
1122 2952 1585 3030 κατηγορούμενος
1664 2952 1925 3028 ἀπάγεται

2014 2949 2232 3007 minum
2258 2966 2395 3008 reus
2423 2948 2652 3009 sistitur
2672 2948 2943 3017 Pilato,et
2975 2949 3373 3028 interrogatur
3404 2972 3541 3015 num
3574 2956 3661 3016 in-

275 3048 411 3122 πρὸς
468 3045 718 3123 Πιλάτον,
777 3046 892 3099 ὃθεν
976 3044 1063 3098 καὶ
1118 3041 1285 3115 ἐρωτᾷ
1330 3043 1486 3100 αὒτὸν
1545 3042 1587 3095 εἰ
1640 3037 1927 3095 ἒπεϐἇλετο

2014 3036 2247 3108 vaserit,
2282 3045 2340 3096 et
2370 3037 2787 3114 conjuraverit,
2835 3045 2893 3098 et
2940 3024 3237 3099 attentarit
3266 3058 3517 3120 regnare
3545 3042 3656 3106 Ju-

275 3136 559 3213 ἀνταρσίᾳ,
618 3135 705 3189 καὶ
759 3131 1078 3212 ἐπεχείρησε
1134 3129 1439 3207 βασιλεῦσαι
1468 3135 1573 3185 τῶν
1640 3126 1923 3188 Ἰουδαίων,

2014 3126 2177 3186 daeis.
2210 3128 2387 3187 Jesus
2412 3134 2605 3185 autem
2640 3125 2791 3213 dixit
2811 3125 2896 3186 illi
2925 3147 2938 3182 :
2974 3125 3062 3187 Tu
3094 3126 3284 3191 dicis:
3332 3130 3656 3211 sapientis-

280 3216 340 3282 Ὀ
395 3223 451 3280 δι
510 3212 711 3289 Ἰησοῦς
768 3221 869 3301 ἔφη
942 3220 1103 3293 αὐτῷ·
1165 3220 1237 3274 Σὺ
1269 3217 1466 3295 λέγεις·
1502 3216 1778 3294 ἀπόκρισιν
1810 3215 1926 3278 δοὺς

2014 3214 2161 3275 simo
2196 3230 2484 3301 responso
2507 3215 2669 3276 dato.
2700 3212 2903 3294 Neque
2933 3214 3093 3275 enim
3124 3215 3293 3279 dixit:
3315 3219 3445 3280 Non
3474 3238 3604 3281 sum
3639 3240 3654 3282 :

282 3313 427 3385 αὗτῷ
484 3312 819 3391 σοφωτάτην
882 3309 998 3366 οὕτε
1070 3310 1169 3386 γὰρ
1255 3308 1434 3379 εἶπεν,
1495 3305 1576 3362 ὅτι
1635 3310 1742 3365 Οὐκ
1794 3307 1921 3379 εἰμὶ,

283 3402 405 3459 οὔτε
461 3400 645 3471 πάλιν,
712 3400 790 3455 ὃτι
825 3398 966 3455 Εἶιαί.
1014 3394 1183 3452 Ἀλλά
1212 3395 1389 3468 μέσως
1434 3416 1550 3457 πως
1582 3392 1708 3472 ’ἔφη’
1741 3394 1813 3448 Σύ
1843 3392 1928 3447 λέ-

287 3512 419 3569 γεις.
497 3492 660 3547 Τοῦτο
717 3489 815 3566 γὰρ
858 3484 1076 3541 δὺναται
1104 3485 1193 3541 καὶ
1222 3484 1360 3541 οὕτω
1389 3483 1669 3555 νοηθῆναι,
1701 3480 1781 3537 ὅτι
1815 3482 1935 3556 Εἰμὶ

292 3581 466 3643 καθὼς
515 3577 709 3656 λέγεις’
737 3577 823 3632 καὶ
868 3576 1059 3648 οὕτως,
1091 3572 1171 3629 ὅτι
1202 3573 1346 3650 Ἐγὼ
1375 3574 1473 3649 μὲν
1495 3582 1649 3631 τοῦτο
1678 3576 1738 3631 οὔ
1766 3570 1930 3647 λέγω,

294 3672 358 3725 σὺ
413 3666 467 3724 δὲ
521 3666 716 3745 λέγεις·
780 3664 911 3721 ἄλλο
970 3663 1146 3737 μέντοι
1204 3660 1350 3718 οῦδὲν
1420 3662 1755 3737 ἀπεκρίνατο*
1818 3658 1931 3735 ᾔδει

293 3761 397 3837 γὰρ
437 3759 501 3814 τὸ
554 3757 821 3834 κριτήριον
881 3754 958 3828 μὴ
1019 3753 1152 3808 κατὰ
1207 3750 1367 3829 λόγον
1425 3747 1703 3829 προϐαϊον.
1741 3747 1932 3805 Ἐθαύ-

293 3855 457 3922 μαζεν
496 3845 584 3903 οὖν
639 3847 668 3901 ὁ
725 3842 950 3906 Πιλάτος
991 3843 1084 3897 τὸν
1138 3839 1348 3919 Κύριον,
1396 3839 1510 3914 ἅμα
1540 3839 1639 3912 μὲν
1667 3839 1741 3901 ὡς
1770 3858 1935 3893 κατα-

289 3942 578 4015 φρονοῦντα
638 3933 885 4005 θανάτου,
917 3930 1030 4006 ἅμα
1059 3928 1115 3986 δὲ
1147 3936 1262 3992 πῶς
1315 3928 1497 4015 λόγιος
1528 3926 1602 3984 ὤν
1644 3928 1731 3983 καὶ
1775 3928 1931 4004 μυρία

283 4014 429 4103 ἔχων
488 4019 839 4100 προϐαλέσθαι
896 4021 968 4083 εἰς
1026 4016 1341 4097 ἀπολογίαν,
1388 4014 1535 4103 οῦδὲν
1590 4015 1930 4103 ἀπεκρίνατο,

282 4100 425 4168 ἀλλὰ
478 4117 585 4166 τῶν
640 4106 1003 4188 ἐγκαλοῦντων
1074 4105 1367 4185 ὑπερεώρα.
1446 4101 1823 4178 Διδασκώμεθα
1878 4100 1935 4157 δὲ

282 4203 377 4258 καὶ
434 4202 597 4275 ἡμεῖς
649 4198 881 4255 ἰντεῦθεν
935 4195 1061 4253 ὅταν
1127 4198 1256 4275 πρὸς
1324 4193 1661 4271 δικαστῆριον
1718 4190 1934 4272 ἔχωμεν

284 4288 681 4369 διεφθαρμένον,
735 4284 904 4363 μηδὲν
933 4284 1128 4365 λέγειν,
1177 4285 1270 4341 ἵνα
1299 4285 1437 4360 μήτε
1466 4279 1681 4361 θόρυϐον
1718 4280 1936 4338 πλείονα

289 4379 602 4458 ἰγείρωμεν,
676 4379 815 4452 μήτε
861 4375 1217 4454 κατακρίσεως
1277 4372 1520 4435 πλείονος
1569 4372 1712 4447 ὦμεν
1770 4369 1935 4435 αἴτιοι

290 4478 413 4529 τοῖς
444 4467 523 4540 μὴ
547 4472 653 4521 τῶν
674 4462 976 4541 ἀπολογιῶν
1002 4462 1161 4537 ἡμῶν
1190 4461 1459 4519 ἀκούουσι.

385 4578 413 4611 ε
478 4554 622 4613 Κατά
664 4548 721 4607 δὲ
770 4552 957 4627 ἑορτὴν
1005 4550 1173 4606 εἰώθει
1222 4552 1251 4606 ὁ
1305 4550 1525 4627 ἡγεμὼν
1567 4547 1816 4605 ἀπολύειν
1845 4548 1936 4604 ἕνα

289 4651 373 4718 τῷ
417 4641 570 4721 ὄχλῳ
634 4639 870 4719 δέσμιον,
920 4639 981 4695 ὃν
1030 4637 1238 4706 ἤθελον
1276 4639 1435 4717 εἶχον
1482 4636 1537 4693 δὲ
1571 4639 1691 4694 τότε
1723 4636 1935 4713 δέσμιον

292 4733 582 4806 ἔπίσημον,
667 4729 951 4807 λεγόμενον
1037 4724 1331 4806 Βαραϐϐᾶν,
1441 4726 1791 4805 Συνηγμένων
1844 4727 1932 4783 οῦν

288 4824 489 4895 αὖτῶν,
550 4819 705 4875 εἶπεν
760 4820 943 4879 αὐτοῖς
972 4819 1000 4873 δ
1028 4815 1276 4879 Πιλᾶτος·
1311 4816 1436 4874 Τίνα
1469 4813 1647 4871 θέλετε
1686 4815 1936 4871 ἀπολύσω

289 4910 450 4985 δμῖν.
505 4903 800 4986 Βαραϐϐᾶν,
860 4905 897 4973 ἦ
947 4903 1159 4972 Ἰησοῦν
1228 4906 1319 4960 τὸν
1349 4903 1636 4982 λεγόμενον
1668 4904 1934 4986 Χριστόνς

291 4982 463 5067 ’ᾘδει
504 4982 606 5075 γὰρ
654 4994 735 5051 ὅτι
791 4991 875 5050 διὰ
919 4994 1106 5074 φθόνον
1161 4991 1471 5072 παρέδωκαν
1529 4993 1707 5055 αὐτόν,
1788 5015 1813 5050 ε
1879 4982 1936 5049 Ὀ

292 5086 528 5149 Πιλάτος
580 5080 892 5154 ἰσποὺδαζεν
945 5081 1204 5139 ἀπολῦσαι
1253 5085 1345 5138 τὸν
1424 5082 1665 5159 Χριστὸν,
1751 5083 1795 5137 εἰ
1850 5083 1939 5136 καὶ

298 5174 678 5255 μαλακώτερον
743 5179 836 5229 τοῦ
894 5169 1122 5235 δέοντος⁶
1184 5170 1287 5227 ἔδει
1344 5171 1444 5249 γὰρ
1489 5169 1734 5237 ἐνστῆναι
1786 5172 1938 5227 αὐτὸν

295 5266 432 5342 ὑπὲρ
485 5263 577 5319 τοῦ
633 5261 884 5328 ἀληθοῦς.
946 5267 1160 5339 Πρῶτον
1230 5261 1328 5336 μὲν
1383 5259 1471 5316 οῦν
1556 5258 1802 5339 ἠρώτησε
1850 5260 1942 5316 τὸν

303 5356 517 5424 Κύριον,
567 5352 675 5409 Οὐκ
729 5351 935 5415 ὂκούεις
990 5352 1040 5407 τί
1095 5350 1238 5407 οὗτοί
1280 5370 1374 5409 σου
1414 5355 1897 5429 καταμαρτυροῦσιν
1922 5368 1959 5429 ε·

296 5442 579 5520 Ἦρὼτησε
622 5437 676 5495 δὲ
704 5439 820 5512 ἵνα,
852 5438 1331 5519 ἀπολογησαμένου
1357 5443 1451 5495 τοῦ
1495 5443 1745 5517 Χριστοῦ,
1779 5438 1942 5518 σχοίη

2008 3320 2119 3364 nec
2160 3307 2390 3369 contra,
2444 3300 2565 3377 Ego
2600 3318 2731 3361 sum
2775 3322 2788 3361 :
2824 3302 2929 3364 sed
2964 3302 3163 3365 medio
3189 3306 3442 3384 quodam
3486 3308 3659 3371 modo

2018 3390 2197 3452 dixit:
2224 3388 2312 3451 Tu
2344 3390 2516 3451 dicis.
2571 3387 2699 3451 Hoc
2730 3390 2887 3451 enim
2923 3400 3114 3471 potest
3145 3401 3203 3453 et
3233 3393 3319 3455 sic
3350 3395 3605 3476 intelligi
3639 3416 3653 3461 :

2018 3477 2160 3539 Sum
2196 3478 2349 3541 sicut
2381 3477 2618 3553 dicis;et
2644 3478 2728 3539 sic
2763 3478 2921 3557 :Ego
2953 3480 3192 3559 quidem
3217 3481 3327 3543 hoc
3352 3502 3468 3545 non
3500 3486 3660 3562 diuo,

2018 3574 2076 3626 tu
2102 3576 2299 3628 autem
2325 3566 2491 3629 dicis.
2526 3566 2704 3628 Aliud
2736 3584 2874 3627 vero
2905 3586 3258 3648 responsum
3300 3591 3419 3634 non
3470 3574 3655 3635 dedit.

2017 3653 2255 3717 Sciebat
2282 3655 2437 3716 enim
2472 3654 2752 3734 injustum
2784 3655 2909 3715 fore
2928 3656 3247 3735 judicium.
3284 3661 3541 3723 Proinde
3563 3662 3662 3724 ad-

2018 3744 2263 3804 miratus
2294 3753 2383 3804 est
2406 3742 2624 3805 Pilatus
2669 3741 3010 3815 Dominum,
3040 3753 3099 3805 et
3119 3745 3275 3824 quod
3306 3758 3660 3812 contemne-

2015 3839 2109 3892 ret
2140 3840 2412 3905 mortem,
2457 3839 2516 3891 et
2545 3830 2700 3911 quod
2753 3839 2868 3891 tam
2928 3830 3217 3911 eloquens
3247 3843 3307 3895 et
3334 3837 3518 3897 multa
3547 3838 3658 3899 ha-

2016 3919 2166 3981 bens
2196 3938 2324 4001 qua;
2369 3919 2943 4000 responderet,nihil
2974 3923 3386 4005 responderet,
3415 3926 3520 3987 sed
3549 3944 3658 3989 ac-

2016 4019 2322 4071 cusatores
2344 4016 2778 4071 contemneret.
2814 4009 3125 4071 Discamus
3151 4020 3208 4071 et
3229 4030 3336 4073 nos
3367 4014 3481 4075 hoc
3526 4015 3656 4084 loco

2017 4098 2313 4178 quomodo
2343 4115 2549 4176 gerere
2575 4116 2683 4159 nos
2705 4096 3028 4159 debeamus
3066 4103 3131 4159 in
3167 4100 3395 4178 judicio
3417 4103 3656 4182 injusto,

2016 4205 2095 4249 ne
2124 4186 2265 4267 quid
2308 4187 2599 4260 dicamus,
2632 4204 2707 4247 ne
2758 4187 3045 4247 tumultus
3093 4189 3284 4267 major
3329 4190 3661 4267 oboriatur,-

2018 4294 2165 4337 neve
2214 4275 2455 4354 majoris
2506 4274 3020 4336 condemnationis
3057 4276 3469 4339 occcasionem
3502 4298 3658 4360 pra-

2019 4369 2265 4426 beamus
2313 4364 2408 4425 his
2453 4364 2551 4442 qui
2594 4362 2976 4424 defensiones
3019 4374 3250 4425 nostras
3292 4367 3500 4430 audire
3546 4387 3659 4429 no-

2018 4454 2170 4515 lunt.

2097 4544 2279 4603 Vsus.
2294 4544 2313 4604 l
2326 4545 2397 4601 5-
2410 4540 2511 4604 18.
2524 4538 2623 4601 «In
2650 4539 2801 4602 festo
2831 4550 3025 4602 autem
3040 4553 3428 4607 consueverat
3444 4563 3661 4626 praeses

2016 4632 2204 4692 turbae
2232 4630 2556 4692 dimiittere
2587 4648 2770 4691 unum
2811 4630 3073 4692 vinctum
3105 4650 3279 4711 quem
3312 4635 3657 4698 voluissent.

2014 4717 2281 4781 Habebat
2304 4726 2500 4780 autem
2526 4726 2663 4779 tunc
2686 4717 2939 4779 vinctum
2970 4718 3395 4803 insignem,qui
3425 4722 3659 4785 diceba-

2019 4818 2114 4870 tur
2139 4806 2854 4886 Barabbas.Congregatis
2875 4825 3014 4886 ergo
3038 4807 3178 4883 illis,
3211 4809 3359 4871 dixit
3384 4812 3609 4875 Pilatus
3641 4832 3655 4877 :

2019 4899 2201 4971 Quem
2234 4896 2406 4958 vultis
2435 4895 2726 4956 dimittam
2754 4895 2944 4977 vobis,
2971 4896 3327 4973 Barabbam,
3359 4917 3432 4962 an
3458 4902 3659 4965 Iesum

2018 4989 2117 5069 qui
2167 4986 2385 5047 dicitur
2422 4984 2724 5048 Christus?
2754 4985 2989 5047 Sciebat
3026 4988 3183 5047 enim
3215 4989 3373 5065 quod
3416 5000 3663 5071 propter

2018 5075 2295 5138 invidiam
2328 5074 2713 5136 tradidissent
2740 5073 3167 5136 eumaPilatus
3197 5076 3471 5139 studebat
3486 5077 3660 5140 Chri-

2021 5174 2174 5227 stum
2206 5164 2543 5236 absolvere,
2583 5162 2814 5223 tametsi
2857 5161 3075 5222 lentius
3124 5180 3297 5243 quam
3330 5167 3661 5247 oportebat,

2023 5251 2279 5316 debebat
2308 5251 2467 5313 enim
2519 5268 2584 5313 se
2615 5269 2721 5330 pro
2756 5251 3004 5312 veritate
3061 5249 3344 5331 objicere.
3394 5254 3662 5317 Primum

2025 5341 2262 5424 quidem
2294 5339 2691 5419 interrogabat
2728 5338 3194 5403 DominumzNon
3216 5340 3387 5404 audis
3416 5344 3555 5426 quid
3577 5343 3668 5405 illi

2027 5439 2234 5493 contra
2278 5439 2335 5491 te
2379 5427 2794 5491 testificentur?
2851 5429 3240 5508 Interrogavit
3267 5440 3490 5513 autem,
3516 5432 3585 5494 'ut
3614 5431 3683 5494 si"

299 5516 546 5612 ἀφορμὴν
601 5530 732 5608 πρὸς
778 5530 841 5586 τὸ
891 5516 1150 5589 ἀπολῦσαι
1196 5526 1372 5588 αὐτόν’
1437 5525 1551 5583 ἐπεὶ
1600 5524 1656 5583 δὲ
1686 5516 1781 5585 οῦκ
1818 5516 1927 5587 ἀπ·

2030 5519 2296 5612 Christus
2316 5536 2379 5579 se
2407 5526 2738 5612 excusaret,
2774 5516 3024 5612 haberet
3056 5519 3429 5612 occasionem
3458 5519 3664 5611 absol-

299 5604 549 5696 εἳιογεττο
606 5604 883 5696 ὁῖῦριος,
926 5618 1203 5695 γινώσκων
1232 5617 1472 5695 πάντως,
1500 5616 1581 5671 θτι
1612 5614 1711 5676 κᾶν
1738 5617 1927 5675 ὁπολοε

2032 5606 2205 5672 νεοάὶ
2233 5625 2393 5671 eum.
2426 5605 2499 5666 At
2539 5624 2673 5666 cum
2720 5623 2838 5667 non
2870 5604 3215 5668 defenderet
3258 5626 3324 5670 se
3370 5604 3661 5683 Christus,
