4144 6212
473 301 592 397 to:

1434 304 2026 375 THEOPHYLACTI
2065 310 2473 374 BULGARIE
2513 313 2872 377 ARCHIEP.
2966 354 2968 356 τ

3716 314 3835 380 464

472 440 749 503 εοίειιεεο
771 426 891 502 non
912 439 1220 504 dimissum
1242 444 1314 504 iri
1331 444 1661 525 quatumvis
1693 464 1756 506 se
1775 445 2094 506 excusaret

2193 442 2451 517 γήσηται,
2510 443 2603 499 οὒκ
2674 443 3015 524 ἀφεθήσεται,
3105 446 3289 524 ἑτέραν
3340 444 3460 502 ὁδὸν
3511 449 3758 525 τρέπεται
3816 450 3847 503 ὁ

473 528 647 591 aliam
669 529 819 590 viam
844 529 1071 592 invenit
1091 531 1401 603 Pilatus,et
1441 532 1707 611 confugit
1727 534 1850 613 jam
1878 534 1948 593 ad
1977 550 2121 593 con-

471 617 872 694 suetudinem,
901 619 1067 700 quasi
1098 621 1181 681 sic
1205 620 1435 682 diceret
1467 644 1480 681 :
1514 623 1575 684 Si
1601 641 1716 682 non
1748 632 1809 681 ut
1843 624 2120 682 innocen-

472 717 589 771 tem
616 706 911 771 dimittitis
938 711 1164 787 .lesum,
1207 711 1415 771 saltem
1449 719 1724 790 tanquam
1775 710 2118 770 damnatum

471 797 806 862 condonatu
836 800 1025 878 ipsum
1063 798 1200 859 huic
1236 799 1406 859 festo.
1444 798 1752 870 Quomodo
1786 799 1943 858 enim
1977 816 2115 858 sus-

470 886 654 968 picari
678 886 964 967 potuisset
988 885 1208 947 Pilatus
1230 887 1383 966 quod
1409 887 1785 948 innocentem
1808 886 1835 948 .l
1846 905 2006 946 esum
2039 886 2112 946 ad

470 977 934 1055 crucifigendum
969 984 1325 1056 petereat,et
1354 994 1520 1037 reum
1553 977 1835 1036 latronem
1861 976 2115 1034 dimitte-

466 1065 629 1129 rent?
660 1065 870 1128 Sciens
900 1066 1080 1143 igitur
1103 1084 1217 1125 non
1252 1083 1383 1125 esse
1416 1066 1716 1143 reum,sed
1748 1064 1969 1125 invidia
2000 1075 2111 1123 tra-

468 1152 681 1228 ditum,
708 1154 843 1216 ideo
865 1154 1188 1232 interrogat
1216 1170 1342 1215 eus.
1366 1153 1536 1215 Unde
1565 1154 1821 1213 ostendit
1854 1172 1918 1213 se
1946 1152 2109 1229 plus—

469 1260 644 1325 quam
676 1262 904 1324 zequum
939 1252 1063 1304 erat
1094 1243 1449 1303 molliorem:
1487 1240 1930 1319 l560portebat
1952 1241 2110 1300 enim

467 1350 575 1413 pro
599 1334 841 1394 veritate
859 1330 1200 1412 periclitari.
1235 1330 1437 1411 Itaque
1460 1331 1672 1409 dignus
1703 1338 1792 1391 est
1822 1328 2107 1389 condem-

468 1421 728 1497 natione,
765 1430 1038 1502 tanquam
1072 1422 1329 1481 veritatis
1377 1437 1752 1500 suppressur.
1804 1418 2107 1480 Barabbas

2199 528 2450 610 Πιλάτος,
2509 533 2597 587 καὶ
2652 534 2970 613 καταφεύγει
3029 532 3217 591 λοιπίν
3261 533 3345 591 ἐπὶ
3388 536 3449 591 τὸ
3479 534 3612 614 ἔθος,
3644 556 3845 610 μονον-

2199 623 2330 697 ουχὶ
2388 626 2541 677 τοῦτο
2598 618 2794 699 λέγων·
2868 624 2925 679 Ei
2970 624 3047 697 μὴ
3078 624 3150 686 ὡς
3182 623 3350 680 ἀθῶον
3378 623 3555 702 ἀφίετε
3605 626 3691 680 τὸν
3727 623 3846 690 ἰη-

2198 715 2345 783 σοῦν,
2398 707 2494 764 κΞν
2553 710 2626 773 ὡς
2659 710 2974 788 κατάκριτον
3006 712 3293 791 χαρίσασθε
3337 720 3522 769 τοῦτον
3563 718 3631 788 τῇ
3663 712 3838 789 ἑορτῇ.

2199 800 2306 850 Ποῦ
2357 796 2455 874 γὰρ
2506 795 2565 853 ἄν
2636 796 2894 854 ὑπέλαϐεν
2962 799 2990 854 ὃ
3021 798 3246 863 Πιλάτος
3277 799 3358 856 ὅτι
3389 801 3557 858 ἀθῶον
3587 800 3710 857 ὄντα
3754 805 3846 857 τδν

2200 880 2404 949 Ἰησοῦν
2474 886 2774 953 αίτὴσονται
2832 890 3216 969 σταυρωθῆναι,
3290 890 3379 945 καὶ
3454 891 3545 945 τὸν
3599 890 3839 946 ὑπαίτιον

2196 970 2396 1047 λῃστὴν
2468 973 2863 1056 ἀπολύσουσιν,
2939 974 3100 1040 Εἰδὼς
3133 978 3221 1034 οὖν
3293 977 3373 1034 ὅτι
3432 978 3670 1040 ὑπαίτιος
3740 980 3837 1035 οὐκ

2194 1059 2327 1132 ἔστι,
2372 1064 2639 1139 φθονεϊται
2714 1061 2793 1142 δὲ,
2875 1066 3058 1121 τούτου
3117 1066 3293 1122 ἕνεκεν
3362 1065 3532 1145 ἐρωτᾷ
3631 1067 3836 1131 αὐτούς’

2192 1147 2308 1205 ὅθεν
2363 1148 2617 1208 δείκνυται
2677 1153 2756 1207 ὃτι
2807 1152 3183 1233 μαλακώτερος
3252 1158 3341 1222 ἦν·
3379 1154 3480 1210 ἔδει
3530 1156 3629 1233 γὰρ
3682 1157 3840 1213 αὐτὸν

2192 1235 2613 1316 προκινδυνεῦσαι
2671 1250 2764 1299 τοῦ
2817 1241 3034 1318 ἀγαθοῦ.
3098 1244 3196 1299 Διᾶ
3261 1251 3413 1301 τοῦτο
3443 1243 3531 1299 οὖν
3573 1246 3661 1299 καὶ
3692 1243 3833 1309 ἄξιος

2191 1328 2573 1404 κατακρίσεως,
2648 1330 2721 1391 ὡς
2750 1329 2849 1394 τὴν
2915 1329 3167 1400 ἀλήθειαν
3230 1330 3595 1409 συγκαλύψας·
3634 1329 3840 1409 Βαραϐ-

2192 1412 2287 1477 ϐᾶς
2346 1413 2399 1470 δὲ
2449 1417 2815 1493 ἑρμηνεύεται,
2876 1420 2986 1482 υίὸς
3051 1420 3142 1477 τοῦ
3211 1418 3436 1498 πατρός’
3503 1422 3601 1499 βαρ
3658 1422 3758 1500 γὰρ
3804 1424 3833 1477 6

465 1519 661 1572 autem
713 1501 1087 1591 interpretari
1132 1509 1229 1589 qui
1277 1518 1471 1589 potest
1514 1508 1706 1585 ﬁlium
1736 1508 1957 1586 patris.
1992 1508 2094 1568 Bai

2184 1505 2318 1583 υἱὸς,
2374 1501 2538 1568 ἀϐὅᾶς
2597 1502 2652 1560 δὲ
2679 1508 2707 1561 ὁ
2738 1509 2936 1586 πατήρ.
2988 1509 3047 1565 Οί
3077 1508 3248 1565 τοίνυν
3281 1508 3551 1583 Ἰουδαῖοι,
3596 1510 3686 1565 τὸν
3726 1512 3837 1566 υἱὸν

467 1599 624 1662 enim
641 1600 827 1683 ﬁlius,
845 1599 1039 1660 Abbas
1056 1608 1253 1658 autem
1286 1605 1482 1675 pater.
1508 1595 1698 1658 Judaei
1720 1596 1897 1674 igitur
1918 1594 2094 1683 filium

2184 1599 2276 1683 τοῦ
2333 1595 2530 1672 πατρὸς
2589 1596 2785 1670 αὐτῶν,
2816 1606 2910 1655 τοῦ
2938 1593 3206 1673 διαϐόλου,
3240 1596 3587 1674 ἐξῃτήσαντο,
3618 1600 3707 1655 τὸν
3781 1597 3837 1654 δὲ

466 1678 651 1769 patris
675 1689 765 1751 sui
786 1688 1008 1750 diaboli
1031 1686 1417 1768 postularunt,
1441 1683 1644 1746 Jesum
1676 1685 1869 1745 autem
1905 1682 2094 1744 cruci-

2188 1678 2392 1747 Ἰησοῦν
2464 1681 2820 1760 ἰσταύρωσαν·
2878 1687 2966 1742 καὶ
3017 1685 3180 1766 μέχρι
3248 1684 3303 1742 δὲ
3328 1696 3423 1746 τοῦ
3451 1697 3563 1759 νῦν,
3617 1694 3693 1763 τῷ
3734 1689 3837 1763 μὶν

465 1778 813 1840 ﬁxerunt:et
842 1795 1032 1857 usque
1064 1777 1125 1839 in
1160 1775 1318 1836 hunc
1340 1773 1497 1834 diem
1530 1774 1652 1834 filio
1685 1772 1865 1852 patris
1885 1774 2094 1834 suiAn-

2183 1772 2279 1844 υἱῷ
2347 1771 2441 1827 τοῦ
2468 1774 2693 1857 πατρὸς
2755 1772 2949 1844 αὐτῶν,
3010 1775 3088 1849 τῷ
3118 1774 3490 1855 ’Λντιχρίστῳ,
3523 1780 3833 1856 προστίθεν-

465 1866 733 1929 tichristo
765 1866 1087 1929 adhaerent.
1126 1863 1425 1927 Christum
1456 1871 1650 1923 autem
1676 1862 1994 1940 abnegant.

544 1953 727 2020 Vsus.
768 1956 975 2020 19-26.
1010 1952 1304 2017 «Sedente
1334 1962 1528 2013 autem
1554 1951 1652 2011 illo
1671 1969 1775 2029 pro
1802 1948 2103 2024 tribunali,

465 2045 627 2107 misit
655 2046 727 2108 ad
761 2064 895 2108 eum
929 2044 1248 2121 uxorejus,
1273 2041 1479 2103 dicens
1509 2062 1521 2103 :
1550 2039 1709 2100 Nihil
1745 2037 2106 2116 tibietjusto

461 2132 760 2198 illi.Multa
784 2134 943 2196 enim
968 2151 1138 2214 passa
1156 2148 1290 2192 sum
1318 2130 1493 2191 hodie
1514 2134 1572 2189 in
1590 2126 1816 2189 somnis
1857 2137 2099 2206 propter

463 2224 942 2304 eum.Principes
970 2229 1164 2282 autem
1197 2219 1565 2280 sacerdotum
1591 2226 1647 2276 et
1675 2216 1942 2276 seniores
1975 2233 2101 2295 per-

461 2323 775 2374 suaserunt
791 2312 980 2374 turbis
1012 2318 1072 2370 ut
1106 2318 1370 2388 peterent
1397 2305 1775 2383 Barabbam,.l
1786 2322 1952 2363 esum
1966 2320 2102 2364 vero

463 2401 803 2481 perderent.
838 2398 1226 2477 Respondens
1278 2404 1469 2455 autem
1527 2410 1743 2473 ιιι-ωερε
1788 2393 1868 2481 ait
1927 2391 2093 2481 illis:

464 2480 664 2553 Utrum
690 2490 862 2551 vultis
883 2487 1047 2548 vobis
1077 2504 1109 2546 e
1140 2483 1705 2545 duobusdimittam?
1735 2485 1807 2539 At
1836 2480 2098 2540 illidixe-

462 2588 602 2640 runt
633 2601 652 2641 :
684 2577 1033 2643 Barabbam.
1070 2574 1221 2636 Dicit
1250 2572 1367 2632 illis
1422 2571 1683 2633 Pilatus:
1720 2567 1869 2639 Quid
1924 2569 2099 2646 igitur

458 2668 666 2731 faciam
715 2669 790 2729 de
835 2670 997 2745 Jesu,
1044 2662 1145 2743 qui
1196 2661 1410 2722 dicitur
1462 2657 1760 2720 Christus?
1804 2657 2019 2719 Dicunt
2042 2656 2097 2717 ei

459 2756 1106 2831 omnes:CruciIigatur.
1127 2750 1348 2812 Praeses
1377 2758 1572 2809 autem
1605 2747 1687 2807 ait
1721 2745 1906 2817 :Quid
1937 2748 2093 2808 enim

459 2846 600 2907 mali
630 2845 797 2907 fecit?
825 2845 898 2905 At
921 2843 1004 2902 illi
1039 2841 1219 2917 magis
1248 2838 1604 2915 clamabant,
1634 2836 1920 2896 dicentes:
1942 2833 2093 2897 Cru-

2184 1878 2296 1938 ται,
2324 1858 2415 1914 τὸν
2457 1856 2513 1913 δὲ
2557 1862 2779 1939 Χριστὸν
2809 1869 3205 1941 παραιτοῦνται.

2274 1967 2300 2003 ο
2377 1948 2683 2023 Καθημένου
2725 1947 2778 2005 δὲ
2808 1952 2965 2008 αὐτοῦ
2993 1950 3078 2008 ἰπὶ
3118 1958 3211 2009 τοῦ
3250 1952 3519 2030 βήματος,
3551 1954 3829 2012 ἀπέστειλε

2188 2036 2318 2113 πρὸς
2387 2038 2541 2095 αὐτὸν
2598 2039 2632 2105 ἡ
2700 2039 2832 2116 γυνὴ
2888 2041 3068 2114 αοῖιτοῦ,
3127 2039 3375 2119 λέγουσα·
3425 2041 3600 2110 Μηδὲν
3630 2044 3710 2099 σοὶ
3742 2047 3832 2101 καὶ

2179 2130 2257 2197 τῷ
2338 2121 2520 2197 δικαίῳ
2576 2125 2777 2200 ἐκείνῳ,
2812 2126 2990 2185 Πολλά
3042 2130 3142 2208 γὰρ
3186 2129 3376 2187 ἔπαθον
3424 2132 3655 2210 σὴμερον
3706 2131 3827 2189 κατ’

2182 2213 2307 2290 ὄναρ
2362 2211 2429 2269 δι’
2493 2215 2670 2277 αὐτόν,
2745 2219 2805 2274 Οἱ
2873 2215 2928 2272 δὲ
2958 2217 3232 2297 ἀρχιερεῖς
3262 2221 3351 2275 καὶ
3400 2221 3447 2275 οἱ
3481 2216 3820 2300 πρεοὸύοεροι

2184 2301 2398 2358 ἔπεισαν
2454 2303 2574 2366 τοὺς
2626 2302 2822 2383 ὄχλους
2867 2305 2959 2362 ’ίνα
3013 2308 3332 2377 αἰτήσωνται
3377 2311 3469 2365 τὸν
3526 2307 3825 2390 Βαραϐϐᾶν,

2183 2392 2277 2445 τὶν
2345 2388 2399 2446 δὲ
2452 2389 2657 2458 Ἰησοῦν
2728 2392 3079 2454 ἀπολέσωσιν.
3157 2394 3481 2477 Ἀποκριθεὶς
3523 2401 3551 2454 6
3584 2388 3826 2477 ἡγεμὼν,

2181 2479 2306 2533 εἷπε
2352 2480 2560 2543 αὐτοῖς·
2604 2482 2728 2538 Τίνα
2756 2480 2931 2539 θέλετε
2962 2484 3066 2540 ἀπὸ
3095 2490 3201 2540 τῶν
3229 2484 3318 2542 δύο
3359 2484 3611 2542 ἀπολὺσω
3655 2489 3822 2563 ὑμῖν;

2180 2567 2239 2622 Οἱ
2298 2564 2351 2622 δὲ
2409 2568 2589 2624 εἶπον⁶
2624 2567 2920 2648 Βαραϐϐᾶν,
2968 2570 3121 2649 Λέγει
3171 2572 3352 2639 αὐτοῖς
3382 2575 3409 2629 ὃ
3455 2573 3705 2638 Πιλάτος⁸
3767 2577 3828 2633 Τί

2181 2654 2267 2709 οὖν
2336 2658 2555 2725 ποιήσω
2584 2656 2789 2723 Ἰησοῦν
2817 2662 2908 2715 τὸν
2936 2659 3226 2738 λεγόμενον
3250 2662 3470 2740 Χριστόν
3506 2685 3523 2740 ;
3571 2664 3820 2743 Λέγουσιν

2179 2744 2319 2817 αὐτῷ
2350 2745 2567 2807 πάντεςο
2603 2750 2990 2827 Σταυρωθήτω,
3028 2740 3083 2806 Ὀ
3114 2748 3169 2805 δὲ
3198 2752 3416 2828 ἡγεμὼν
3460 2750 3582 2832 ἔφη·
3620 2740 3680 2811 Τί
3722 2755 3820 2832 γὰρ

2175 2836 2338 2888 κακὸν
2390 2833 2636 2901 ἐποίησεν
2686 2853 2701 2910 ;
2757 2838 2815 2893 Οἱ
2861 2835 2915 2893 δὲ
2966 2844 3229 2915 περισσῶς
3260 2838 3497 2918 ἔκραζον,
3549 2841 3819 2919 λέγοντες·

457 2932 977 3013 ciﬁgatur.Videns
998 2941 1192 2992 autem
1225 2926 1442 2987 Pilatus
1474 2925 1625 3005 quod
1663 2924 1807 2984 nihil
1836 2924 2091 3002 proﬁce-

2179 2924 2562 2999 Σταυρωθήτω,
2626 2922 2774 2980 Ἰδὼν
2840 2924 2893 2980 δὲ
2949 2929 2976 2981 6
3019 2926 3269 3007 Πιλάτος,
3302 2930 3382 2984 ὃτι
3415 2928 3560 2988 οῦδὲν
3589 2930 3816 3011 ὠφελεῖ,

456 3007 682 3093 ιἐῑξεεᾱ
704 3022 885 3101 magis
905 3019 1189 3082 tumultus
1220 3016 1409 3085 fieret,
1442 3021 1685 3092 accepta
1714 3031 1865 3090 aqua
1890 3029 2094 3072 manus

2179 3007 2314 3101 ἀλλὰ
2365 3009 2569 3085 μᾶλλον
2596 3011 2829 3101 ,θόρυϐος
2878 3016 3099 3091 γίνεται,
3133 3014 3309 3072 λαϐὼν
3340 3015 3472 3096 ὕδωρ
3522 3007 3817 3093 ἀπενίψατο

453 3112 640 3173 abluit
667 3099 863 3171 coram
900 3107 1138 3188 populo,
1169 3105 1374 3166 dicens
1407 3105 1735 3164 :Innocens
1756 3119 1860 3178 ego
1902 3118 2031 3161 sum
2063 3119 2094 3161 a

2179 3099 2272 3160 τὰς
2328 3111 2523 3177 χεῖρας
2582 3100 2828 3156 ἀπέναντι
2881 3112 2974 3161 τοῦ
3028 3101 3220 3183 ὄχλου,
3251 3102 3444 3183 λέγων’
3481 3102 3677 3170 Ἀθῶός
3705 3109 3813 3182 εἶμι

459 3201 749 3278 sanguine
773 3186 914 3276 justi
950 3186 1143 3273 hujus,
1170 3211 1267 3252 vos
1298 3190 1591 3252 videbitis.
1627 3188 1696 3249 Et
1726 3189 2094 3267 respondens

2179 3186 2282 3241 ἀπὸ
2328 3194 2420 3243 τοῦ
2475 3187 2705 3263 αἳματος
2762 3196 2855 3247 τοῦ
2922 3189 3122 3249 δικαίου
3164 3193 3370 3273 τούτου,
3401 3195 3553 3269 ὑμεῖς
3599 3193 3813 3271 ὅψεσθε’

456 3277 766 3348 universus
797 3283 1227 3366 populusdixit:
1265 3280 1511 3357 Sanguis
1542 3280 1667 3355 ejus
1702 3295 2007 3366 supernos
2037 3284 2094 3337 et

2179 3278 2274 3366 Καὶ
2332 3277 2629 3351 ἀποκριθεὶς
2687 3284 2791 3342 πᾶς
2823 3280 2851 3335 6
2882 3277 3032 3349 λαὸς,
3080 3280 3227 3337 εἶπε·
3290 3282 3360 3341 To‘
3397 3283 3541 3357 αἷμα
3570 3287 3727 3343 αὒτοῦ
3755 3285 3818 3365 ιφ

454 3392 636 3456 super
665 3365 817 3435 filios
850 3372 1273 3434 nostros.Tunc
1316 3367 1542 3428 dimisit
1579 3367 1694 3426 illis
1736 3365 2085 3456 Barabbam,

450 3454 654 3526 Jesum
699 3472 894 3524 autem
941 3459 1291 3539 ﬂagellatuin
1335 3456 1573 3517 tradidit
1611 3464 1673 3515 ut
1701 3454 2087 3532 cruciﬁgere—

451 3562 603 3615 tur»
628 3550 674 3615 Ο
699 3549 1070 3611 miraculum!
1098 3547 1197 3628 qui
1218 3546 1523 3627 judicatur
1544 3564 1577 3605 a
1600 3543 1803 3622 Pilato,
1841 3561 2086 3604 uxorem

452 3642 809 3721 ejusterret.
845 3639 975 3718 Ipse.
1004 3648 1199 3698 autem
1254 3654 1367 3695 non
1417 3633 1574 3694 videt
1604 3631 1931 3721 somnium,
1978 3630 2085 3721 sed

447 3720 619 3811 uxor,
646 3731 732 3791 vel
760 3729 913 3810 quod
948 3728 1074 3807 ipse
1103 3726 1377 3803 indignus
1408 3730 1551 3794 erat,
1574 3723 1661 3811 vel
1685 3720 1840 3811 quod
1862 3720 2011 3811 fides
2032 3720 2087 3811 ei

446 3836 564 3880 non
592 3807 797 3879 fuisset
827 3816 1161 3888 habita,sed
1187 3813 1343 3872 visus
1372 3810 1609 3872 essetad
1634 3807 2081 3887 gratiamloqui:

444 3907 710 3970 fortassis
738 3906 916 3968 etiam
955 3904 1230 3963 tacuisset
1260 3899 1477 3979 talia,si
1499 3898 1907 3968 vidisset,cum
1930 3904 2088 3957 esset

439 3996 646 4076 judex.
675 3993 1066 4057 Providentiae
1094 4000 1289 4051 autem
1321 4006 1471 4076 opus
1502 3988 1798 4047 somnium
1840 3985 2082 4061 factum,

445 4074 567 4145 non
595 4092 658 4145 ut
685 4083 1018 4146 absolvatur
1051 4079 1341 4148 Christus,
1376 4074 1479 4135 sed
1510 4086 1573 4136 ut
1602 4083 1869 4135 servetur
1912 4092 2082 4135 uxor.

445 4169 752 4244 Quomodo
783 4172 960 4250 igitur
993 4188 1108 4229 non
1142 4166 1389 4227 absolvit
1422 4164 1617 4225 illum?
1645 4162 1793 4235 Quia
1817 4182 1934 4224 non
1959 4169 2085 4223 erat

2177 3365 2315 3440 ἡμᾶς
2371 3368 2457 3423 καὶ
2526 3366 2611 3423 ἐπὶ
2679 3369 2745 3425 τὰ
2772 3367 2928 3425 τέκνα
2958 3371 3139 3446 ἡμῶν.
3173 3371 3302 3431 Τότε
3331 3371 3592 3429 ἀπέλυσεν
3622 3376 3807 3438 αὐτοῖς

2170 3461 2261 3551 τον
2331 3453 2626 3551 Βαραϐϐᾶν,
2697 3460 2789 3514 τὸν
2854 3455 2909 3514 δὲ
2938 3459 3145 3551 ’ἱίησοῦν
3200 3460 3615 3540 φραγγελώσσας
3674 3486 3806 3542 παρ-

2170 3539 2362 3600 έδωκεν
2389 3543 2479 3601 ’ίνα
2510 3549 2807 3622 σταυρωθῇ.
2857 3570 2885 3602 ι
2923 3539 3003 3604 "t2
3036 3555 3125 3606 τοῦ
3166 3539 3427 3624 θαύματος
3458 3548 3471 3611 ί
3507 3539 3815 3630 κρινόμενος

2166 3632 2266 3687 ὑπὸ
2338 3630 2589 3709 Πιλάτου,
2661 3632 2892 3715 ἐξεφόϐει
2922 3636 3019 3704 τὴν
3049 3637 3232 3693 τούτου
3278 3651 3529 3716 γυναῖκαο
3574 3640 3668 3696 οὒκ
3722 3642 3811 3697 αὖ·

2166 3722 2257 3783 τὸς
2306 3718 2360 3776 δὲ
2430 3724 2525 3799 ὁρᾷ
2552 3724 2612 3778 τὸ
2659 3723 2804 3802 ὄναρ,
2859 3723 2978 3781 ἀλλ’
3012 3728 3043 3793 ἡ
3075 3726 3231 3804 γυνη,
3263 3724 3297 3794 ἤ
3346 3724 3477 3784 διότι
3508 3728 3714 3796 ἀνάξιος
3745 3730 3812 3798 ἦν

2167 3811 2344 3889 αὐτὸς,
2419 3810 2457 3876 ἣ
2512 3811 2593 3866 ὃτι
2642 3815 2737 3870 οὐκ
2792 3811 2855 3867 ἄν
2914 3813 3217 3890 ἐπιστεύθη,
3301 3814 3420 3871 ἀλλ’
3482 3816 3619 3883 ἔδοξε
3676 3822 3809 3899 πρὸς

2167 3898 2325 3976 χάριν
2383 3897 2584 3976 λέγειν*
2644 3902 2810 3979 τυχὸν
2857 3899 2913 3957 δὲ
2970 3904 3057 3959 καὶ
3110 3904 3411 3972 ἔσιώπησεν
3464 3905 3551 3986 ἂν,
3596 3908 3639 3963 εί
3691 3897 3805 3965 εἶδε

2165 3998 2339 4077 τοῦτο,
2411 3990 2503 4077 οἱα
2532 4075 2541 4077 ξ
2571 3993 2757 4062 κριτὴς
2824 3990 2922 4049 ὤν,
2987 3992 3237 4069 Προνοίας
3268 3990 3322 4048 δὲ
3381 3993 3533 4073 ἔργον
3561 3999 3622 4052 τὸ
3651 3996 3803 4077 δναρ,

2167 4075 2269 4155 οὑχ
2299 4076 2392 4132 ’ἶνα
2422 4075 2659 4154 ἀπολυθῇ
2688 4080 2715 4134 ὁ
2746 4080 2968 4157 Χριστὸς
3012 4078 3097 4136 διὰ
3140 4089 3295 4139 τοῦτο
3338 4084 3641 4161 γενόμενον,
3691 4075 3813 4143 ἀλλ’

2163 4163 2254 4220 ’ίνλ
2311 4169 2455 4242 σωθῇ
2504 4167 2537 4233 ἡ
2582 4168 2738 4244 γυνή.
2784 4172 2906 4234 Πῶς
2958 4169 3046 4226 οὖν
3074 4171 3167 4227 οῦκ
3194 4170 3450 4228 ἀπέλυσεν
3484 4192 3502 4249 ;
3535 4165 3663 4232 ’Ὅτι
3718 4176 3813 4232 οὐκ

445 4260 740 4339 integrum
771 4260 1070 4320 dimittere
1095 4255 1483 4334 illum,quide
1510 4254 1818 4332 tyrannide
1847 4270 2084 4312 accusa-

2179 4252 2229 4319 ἣδ
2287 4254 2517 4332 ἀσφαλὲς
2588 4255 2730 4331 αὐτῷ
2797 4258 3013 4337 ἀφεῖναι
3048 4259 3225 4339 αὒτὸν,
3273 4261 3368 4317 οἷα
3410 4261 3495 4317 ἐπὶ
3550 4263 3808 4341 τδραννίδι

443 4347 636 4409 batur.
650 4350 867 4409 Verum
883 4348 1189 4427 oportebat
1204 4362 1408 4404 causas
1427 4342 1730 4420 inquirere
1744 4341 2083 4419 illum,num

447 4437 666 4498 milites
693 4436 1119 4507 conscriberet,
1158 4452 1295 4493 num
1329 4450 1491 4492 arma
1531 4430 1843 4491 fabricaret
1876 4446 1889 4491 :
1927 4448 2085 4489 nunc

441 4534 642 4587 autem
665 4525 833 4605 quasi
864 4525 1059 4585 mollis
1088 4532 1144 4583 et
1177 4531 1370 4581 mutus
1404 4519 1584 4598 cedit,
1620 4530 1681 4579 et
1710 4518 1933 4581 idcirco
1967 4537 2083 4579 non

441 4609 1251 4694 caretreprehensioneﬁam
1270 4628 1401 4669 cum
1420 4607 2082 4687 peterentilliinsignem

436 4700 608 4764 illum
637 4701 1269 4781 malefactorem,dedit
1295 4720 1307 4761 :
1335 4699 1407 4758 de
1428 4697 1662 4758 Christo
1682 4706 1875 4756 autem
1902 4706 2084 4755 mter-

437 4800 646 4868 rogat:
680 4790 829 4863 Quid
861 4791 1038 4869 igitur
1069 4790 1273 4850 faciam
1322 4789 1396 4846 de
1424 4785 1594 4847 Jesu?
1638 4784 1750 4844 illis
1777 4784 2082 4860 judicandi

439 4888 785 4959 potestatem
811 4880 1092 4957 largiens.
1119 4876 1291 4956 Atqui
1314 4875 1644 4953 cumjudex
1667 4882 2083 4951 esset,poterat

434 4967 634 5047 ipsum
668 4967 720 5027 vi
750 4968 1006 5047 eripere,
1033 4968 1187 5026 sicut
1235 4973 1293 5024 et
1331 4962 1577 5023 Paulum
1614 4961 1886 5021 tribunus
1918 4963 2080 5023 mili-

435 5055 754 5117 tumMJlli
778 5066 972 5116 autem
1003 5048 1854 5126 dicebant:Crucitigatur.Nen
1886 5053 2076 5112 solum

436 5142 711 5204 occidere
738 5147 1008 5204 volentes
1036 5141 1336 5205 illum.sed
1372 5148 1430 5199 et
1460 5140 1672 5199 malum
1707 5156 1938 5197 causam
1972 5141 2079 5200 im-

436 5230 946 5311 pingebant.Crux
969 5231 1126 5293 enim
1144 5230 1533 5309 pessimorum
1554 5246 1615 5287 se
1629 5227 1906 5306 pplicium
1924 5238 2072 5292 erat.

2735 4344 2855 4402 ἀλλ’
2913 4347 3081 4428 ἐχρῆν
3136 4346 3420 4415 ἀποδείξεις
3451 4356 3703 4427 ζητῆσαι,
3763 4356 3807 4410 εἰ

2166 4434 2489 4507 στρατιώτας
2546 4432 2852 4510 κατέλεγεν,
2902 4437 2946 4493 εί
3016 4436 3156 4493 ὅπλα
3213 4437 3497 4518 ἐχάλκευε’
3535 4449 3623 4498 νῦν
3650 4441 3705 4499 δὲ
3731 4444 3804 4506 ὡς

2163 4529 2355 4598 κοῦφος
2409 4523 2497 4577 καὶ
2565 4522 2828 4598 μαλακὸς,
2883 4526 3259 4603 παρασύρεται,
3296 4528 3490 4607 Διόπερ
3532 4529 3647 4588 οὐδὲ
3704 4532 3805 4588 ἀν-

2165 4608 2444 4685 έγκλητος·
2504 4611 2872 4685 αἰτησαμένων
2939 4614 3038 4692 γὰρ
3109 4613 3321 4671 ἐκείνων
3376 4618 3466 4674 τὸν
3536 4619 3592 4675 ἐν
3649 4623 3805 4695 κακίᾳ

2164 4697 2500 4776 περιϐόητον,
2560 4698 2771 4757 δέδωκε
2831 4705 2945 4782 περὶ
2976 4702 3029 4759 δὲ
3087 4712 3312 4783 Χριστοῦ
3362 4708 3565 4787 ἠρὼτα*
3602 4713 3662 4769 Τί
3712 4712 3803 4770 οὖν

2163 4789 2373 4857 ποιήσω
2442 4788 2697 4869 Ἰησοῦνς
2760 4794 2962 4869 κυρίους
3019 4794 3187 4850 ποιῶν
3255 4800 3351 4863 τῆς
3400 4799 3619 4875 κρίσεως
3662 4799 3805 4857 ὲκεί-

2163 4893 2302 4939 νους·
2376 4878 2543 4933 καίνοι
2609 4880 2826 4956 ἡγεμὼν
2867 4879 2963 4961 ὤν,
3036 4879 3260 4949 ἠδύνατο
3314 4886 3471 4941 αὐτὸν
3548 4889 3801 4968 ἁρπάσαι,

2161 4964 2340 5055 dum?
2391 4968 2480 5021 τὸν
2538 4966 2742 5022 Παῦλον
2798 4971 2826 5024 ὁ
2859 4968 3166 5050 χιλίαρχος.
3210 4975 3269 5029 Οἱ
3298 4969 3374 5052 δὲ,
3410 4964 3799 5055 Σταυρωθύτω,

2162 5052 2365 5132 ἔλεγον,
2399 5058 2459 5112 οὗ
2518 5054 2678 5131 μόνον
2747 5057 3063 5115 ἀποκτεῖναι
3097 5059 3249 5115 αὒτὸν
3278 5052 3617 5140 βουλόμενοι,

2161 5146 2247 5199 καὶ
2303 5150 2508 5225 πονηρᾷ
2565 5146 2701 5216 αἰτίᾳ
2758 5145 3085 5224 περιϐαλεῖν*
3144 5152 3172 5206 ὁ
3252 5153 3351 5229 γὰρ
3404 5157 3625 5231 σταυρὸς
3681 5172 3801 5221 τοῖς

2159 5246 2415 5323 πονηροῖς
2494 5232 2743 5323 ἀπέκειτο
2798 5238 3045 5316 τιμωρία.
3107 5239 3357 5295 Νίπτεται
3428 5238 3505 5321 δὲ,
3573 5247 3798 5323 καθαρὸν

2164 4361 2647 4423 κατηγορουμενον·

433 5318 619 5393 Porro
651 5319 965 5394 lavatur,ut
994 5338 1204 5400 purum
1237 5335 1302 5379 se
1332 5316 1611 5378 ostendat
1632 5318 1707 5376 ab
1738 5316 1896 5390 odio,
1920 5320 2074 5381 male

2179 5324 2311 5389 ῖῆθεν
2368 5322 2551 5378 ἑαυτὸν
2610 5321 2961 5382 ἀποδεικνύων
3019 5333 3111 5383 τοῦ
3175 5328 3396 5405 μύσους,
3426 5316 3608 5396 κακῶς
3664 5316 3803 5413 φρο-

435 5407 956 5472 seutiensJustum
987 5408 1148 5471 enim
1179 5406 1494 5469 nominans
1522 5404 2073 5483 Jesum,homieidis

2179 5412 2279 5467 ὤν’
2339 5409 2536 5491 δίκαιον
2618 5413 2719 5490 γὰρ
2786 5415 3061 5491 δνομάζων
3087 5416 3181 5473 τὸν
3208 5404 3437 5494 Ἰησοῦν,
3491 5418 3638 5495 ὅμως
3666 5404 3804 5503 προ.

507 5575 589 5627 δι’
611 5574 752 5642 xei.
783 5584 904 5657 x’u,’
926 5576 1044 5641 αα·
