4144 6212
470 329 588 394 867

1448 324 2032 392 THEOPHILACTI
2074 324 2484 386 BULGABIE
2526 320 2881 388 ARCHIEP.

3733 320 3853 387 468

472 465 666 521 autem
701 458 887 520 ethoc
916 457 1103 531 disce,
1140 456 1296 538 quod
1328 455 1532 518 Simon
1564 455 1946 536 interpretari
1980 455 2116 536 quis

2211 456 2368 530 τούτῳ
2433 458 2523 512 τὸν
2594 458 2836 534 σταυρόν,
2897 458 2969 511 Σὺ
3039 454 3094 512 δὲ
3143 458 3231 512 καὶ
3287 463 3442 514 τοῦτο
3485 456 3737 533 μάνθανε,
3773 455 3854 511 ὅτι

471 553 671 628 potest
697 548 1126 608 obedientiam.
1162 545 1274 618 Qui
1299 545 1474 624 igitur
1494 543 1887 605 obedientiam
1924 545 2122 618 habet,

406 631 408 636 ’
472 635 577 699 ille
599 654 836 697 crucem
861 635 1074 699 Christi
1105 636 1238 697 fert.
1269 634 1387 697 Sed
1451 643 1507 694 et
1557 631 1805 713 Cyrene,
1853 652 1982 713 quae
2012 651 2128 694 una

473 725 869 804 Pentapoleos
899 731 1010 799 est,
1038 723 1330 800 signiﬁcat
1359 722 1623 803 quinque
1655 740 1868 783 sensus
1903 741 2124 801 cogen-

473 813 581 875 dos
602 813 674 874 ad
705 812 1009 874 ferendam
1042 829 1302 874 crucem.

555 900 740 964 Vens.
768 901 1111 964 33-37.cEt
1139 909 1429 963 venerunt
1466 900 1525 961 in
1556 900 1756 961 locum
1785 899 1884 979 qui
1914 899 2131 960 dicitur

475 990 784 1069 Golgotha,
823 988 978 1070 quod
1003 997 1092 1050 est
1121 989 1403 1051 Calvariaa
1425 989 1618 1052 locus.
1651 987 1722 1049 Et
1751 987 2047 1049 dederunt
2074 987 2130 1048 ei

473 1088 704 1141 acetum
729 1077 1066 1140 libere158
1088 1097 1218 1139 cum
1251 1077 1389 1139 felle
1417 1077 1655 1138 mistum
1693 1098 1707 1137 :
1744 1087 1801 1138 et
1823 1097 1954 1138 cum
1981 1094 2128 1153 gus-

479 1176 681 1242 tasset,
710 1168 898 1230 noluit
947 1167 1176 1230 bibere.
1210 1165 1528 1247 Postquam
1579 1177 1775 1228 autem
1811 1166 2126 1227 cruciﬁxe-

477 1266 617 1319 runt
647 1255 1144 1328 eum,diviserunt
1178 1255 1526 1316 vestimenta
1558 1256 1711 1334 ejus,
1742 1264 1962 1315 sortem
1991 1255 2128 1315 mit—

477 1353 762 1417 tentes,ut
789 1345 1142 1425 impleretur
1171 1344 1326 1424 quod
1361 1343 1579 1404 dictum
1616 1350 1707 1406 est
1739 1362 1845 1423 per
1876 1345 2126 1424 prophe-

478 1445 619 1500 tam:
641 1433 981 1496 Diviserunt
1002 1432 1112 1494 sibi
1144 1433 1490 1493 vestimenta
1523 1450 1678 1513 mea,
1715 1442 1773 1493 et
1803 1451 1983 1512 super
2001 1449 2129 1494 ves-

479 1533 596 1587 tem
621 1541 810 1584 meam
839 1521 1134 1582 miserunt
1156 1529 1398 1581 sortem.
1428 1522 1500 1582 Et
1527 1520 1806 1581 sedentes
1844 1521 2129 1582 observa-

478 1612 617 1674 bant
642 1629 775 1672 eum
800 1609 1010 1689 illic,et
1026 1608 1442 1689 imposuerunt
1462 1627 1641 1689 super
1657 1618 1830 1689 caput
1849 1611 1977 1689 ejus
1996 1628 2128 1672 cau-

2212 547 2389 620 Σίμων
2475 546 2816 624 ἑρμηνεύεται
2867 546 3097 613 ὑπακοή·
3161 547 3188 600 ὁ
3259 545 3346 601 οὖν
3405 544 3547 624 ἔχων
3589 545 3849 624 ὑπακοὴν,

2211 634 2413 697 ἐκεῖνος
2485 635 2624 711 αἴρει
2680 636 2768 689 τὸν
2824 635 3045 712 σταυρὸν
3095 640 3183 689 τοῦ
3257 640 3504 712 Χριστοῦ⁶
3540 631 3789 688 ἀλλὰκαὶ
3818 634 3852 700 ἡ

2214 725 2425 801 Κυρήνη
2483 727 2582 790 τῆς
2617 722 2999 783 Πενταπόλεως
3057 722 3208 795 οὖσα,
3269 719 3429 787 δηλοῖ
3533 723 3626 783 τὰς
3701 720 3859 776 πέντε

2213 814 2502 891 αἱσθήσεις,
2536 811 2969 888 ἀναγκαζομένοις
3014 810 3186 888 αἴρειν
3216 813 3305 867 τὸν
3335 811 3582 887 σταυρόν.

2232 901 2243 914 ’
2297 924 2324 954 ε
2373 902 2471 959 Καὶ
2530 899 2766 964 ἐλθόντες
2826 902 2897 962 εἰς
2953 902 3117 956 τόπον
3171 898 3459 975 λεγόμενον
3501 899 3757 978 Γολγοθὰ,
3793 900 3853 960 ὃς

2211 992 2322 1044 ἐστι
2407 988 2696 1067 λεγόμενος
2751 990 2977 1067 Κρανίου
3044 989 3226 1062 τόπος,
3275 986 3474 1044 ἔδωκαν
3517 989 3656 1058 αὒτῷ
3705 1000 3851 1044 πιεῖν

2212 1076 2327 1142 ὄξος
2389 1079 2523 1153 μετὰ
2592 1077 2769 1157 χολῆς
2821 1077 3171 1156 μεμιγμένον,
3254 1079 3342 1133 καὶ
3384 1078 3727 1154 γευσάμενος,
3760 1077 3857 1133 οὐκ

2211 1164 2365 1232 ἤθελε
2437 1181 2605 1223 πιεῖν·
2667 1167 3059 1245 σταδρώσαντες
3110 1164 3164 1222 δὲ
3233 1168 3411 1239 αὐτὸν,
3493 1164 3852 1244 διεμερίσαντο

2209 1255 2274 1310 τὰ
2357 1255 2539 1328 ἱμάτια
2610 1257 2787 1333 αὐτοῦ,
2835 1254 3118 1331 βάλλοντες
3187 1253 3406 1332 κλῆρον’
3469 1255 3559 1310 ἵνα
3588 1254 3849 1330 πληρωθῇ

2210 1344 2271 1398 τὸ
2339 1342 2493 1420 ῥηθὲν
2549 1345 2649 1399 ὑπὸ
2689 1351 2782 1401 τοῦ
2823 1345 3115 1422 προφήτου⁹
3160 1344 3530 1422 Διεμερίσαντο
3570 1344 3636 1399 τὰ
3666 1344 3853 1418 ἱμάτιά

2213 1453 2310 1506 μου
2367 1433 2600 1510 ἑαυτοῖς,
2659 1435 2746 1488 καὶ
2789 1432 2874 1487 ἐπὶ
2902 1434 2992 1487 τὸν
3040 1431 3323 1505 ἱματισμόν
3353 1454 3452 1505 μου
3483 1430 3669 1488 ἔϐαλον
3699 1430 3850 1498 κλῆ-

2214 1541 2324 1598 ρον,
2384 1521 2482 1576 Καὶ
2538 1521 2831 1595 καθήμενοι
2889 1520 3103 1597 ἐτήρουν
3137 1522 3289 1576 αὐτὸν
3334 1519 3469 1591 ἐκεῖ,
3501 1522 3590 1576 καὶ
3649 1519 3849 1585 ἐπέϐη·-

2213 1629 2310 1663 καν
2339 1607 2518 1663 ἓπσίνω
2585 1613 2684 1675 τῆς
2767 1607 3006 1687 κεφαλῆς
3077 1607 3231 1666 αὐτοῦ
3259 1608 3358 1674 τὴν
3389 1609 3554 1664 αἰτίαν
3583 1609 3739 1666 αὐτοῦ
3767 1628 3856 1686 γε·

479 1700 807 1780 samiprius
828 1697 1252 1778 scriptamzHic
1277 1706 1364 1759 est
1385 1696 1561 1760 Jesus
1593 1718 1694 1760 rex
1720 1699 2122 1763 Judarorum.»

2217 1694 2552 1773 γραμμένην·
2618 1695 2782 1758 Οὗτός
2815 1695 2958 1753 iam
2989 1696 3192 1762 Ἰησοῦς
3224 1694 3251 1751 ὅ
3295 1694 3546 1772 βασιλεὺς
3575 1702 3680 1752 τῶν
3714 1696 3854 1752 Ἰου-

476 1791 673 1854 Cranii
710 1792 876 1852 locus
896 1789 1088 1852 dictus
1118 1797 1308 1857 est,eo
1331 1790 1486 1870 quod
1514 1789 1718 1850 dicunt
1741 1790 1841 1870 qui
1860 1790 2126 1851 traditio-

2218 1782 2398 1844 δαίων,
2435 1806 2462 1839 ι
2501 1786 2719 1861 Κρανίου
2762 1785 2922 1848 τόπος
2954 1783 3190 1861 ἐλέγετο,
3231 1783 3360 1840 διότι
3392 1786 3542 1863 φασὶν
3575 1785 3620 1838 οἱ
3653 1783 3713 1838 ἐκ
3741 1805 3852 1838 πα-

484 1899 593 1942 nes
622 1883 859 1942 Patrum
892 1886 1117 1958 tenent,
1162 1878 1321 1958 quod
1357 1869 1424 1939 Α
1447 1877 1582 1938 dam
1631 1869 2038 1956 illicrsepultus
2059 1879 2126 1938 sil

2219 1869 2480 1950 ραδόσεως
2531 1874 2775 1952 Πατέρων
2828 1871 3246 1952 παραλαϐόντες,
3311 1871 3390 1927 ὅτι
3459 1875 3488 1928 ὁ
3539 1869 3706 1945 Ἀδὰμ
3737 1870 3853 1926 ἐκεῖ

473 1969 640 2033 Sicut
660 1970 815 2029 enim
844 1968 902 2029 in
924 1969 1112 2030 Adam
1137 1986 1346 2028 omnes
1379 1967 1778 2036 morimur,ila
1799 1977 1852 2028 et
1876 1968 1935 2028 in
1959 1967 2126 2031 Chri-

2214 1962 2487 2018 τέθαπται·
2544 1964 2726 2042 ὣσπερ
2795 1965 2893 2040 γὰρ
2961 1963 3152 2024 πάντες
3182 1962 3236 2017 ἐν
3266 1969 3342 2034 τῷ
3388 1959 3559 2036 Ἀδὰμ
3601 1962 3858 2018 ἀπεθάνο.

476 2067 564 2120 sto
590 2075 798 2119 omnes
829 2076 936 2118 nos
949 2056 1230 2118 viviﬁcari
1254 2055 2006 2135 oportebat67.Neturberis
2025 2075 2125 2116 au-

2211 2073 2331 2125 μεν,
2406 2051 2571 2115 οὕτως
2630 2053 2683 2108 ἐν
2752 2059 2827 2127 τῷ
2879 2052 3085 2130 Χριστῷ
3132 2050 3520 2121 ζωοποιηθῆναι
3550 2051 3692 2125 ἡμᾶς
3725 2047 3846 2107 ἔδει.

480 2158 597 2210 tem
628 2146 782 2227 quod
820 2145 1196 2223 evangelista:
1231 2144 1448 2216 dicant,
1479 2145 1588 2207 iste
1611 2146 1850 2226 quidem
1891 2154 2122 2206 acetum

2212 2141 2304 2206 Μὴ
2379 2144 2649 2219 ταραχθῇς
2710 2139 2764 2196 δὲ
2821 2139 3021 2196 ἀκούων
3067 2146 3173 2195 τῶν
3204 2137 3611 2216 εὖαγγελιστῶν,
3669 2137 3852 2194 τούτου

480 2254 611 2299 cum
646 2234 785 2297 felle
823 2236 1060 2295 allatum
1095 2250 1226 2295 esse
1255 2232 1531 2312 Domino,
1567 2243 1624 2295 et
1667 2235 1898 2298 Marcus
1928 2233 2124 2294 vinum

2211 2231 2305 2304 μὲν
2376 2227 2623 2306 λέγοντος
2696 2228 2810 2294 ὅξος
2868 2229 2998 2304 μετὰ
3055 2227 3230 2307 χολῆς
3299 2228 3721 2306 προσενεχθῆναι
3774 2233 3852 2298 τῷ

482 2323 1201 2405 myrrhatum68,.loannes
1232 2339 1375 2382 vero
1397 2332 1719 2393 acetum,et
1737 2321 1812 2382 fel
1843 2340 1974 2382 cum
1999 2323 2126 2401 hys-

2215 2321 2405 2399 Κυρίῳ,
2478 2327 2568 2375 τοῦ
2623 2317 2677 2374 δὲ
2748 2319 2983 2398 Μάρκου,
3057 2317 3461 2396 ἐσμυρνισμένον
3531 2317 3703 2390 οἶνον,
3765 2325 3854 2374 τοῦ

478 2403 896 2494 sop069.Multa
913 2413 1069 2473 enim
1089 2429 1122 2471 a
1145 2409 1346 2471 multis
1366 2410 1682 2480 ﬁebant,ut
1698 2411 1756 2471 in
1773 2410 2126 2489 incomposi-

2214 2405 2267 2462 δὲ
2326 2405 2588 2479 Ἰωάννου,
2656 2405 2769 2472 ὃξος
2841 2409 2927 2462 καὶ
2991 2404 3166 2485 χολὴν
3215 2407 3349 2479 μετὰ
3376 2406 3639 2463 ὑσσώπου·
3679 2403 3850 2461 πολλὰ

481 2491 936 2563 ιοὶηιιιιίιυάίηο
951 2499 1108 2560 aliud
1129 2499 1244 2559 alio
1267 2498 1884 2560 faciente.Verisimile
1906 2507 1994 2560 est
2017 2498 2123 2576 igi-

2211 2497 2306 2571 γὰρ
2377 2495 2612 2571 ἐγίνοντο
2671 2496 2813 2572 παρὰ
2869 2493 3105 2573 πολλῶν,
3158 2495 3253 2549 οἶα
3315 2494 3542 2552 ἀτάκτου
3622 2491 3852 2562 πλήθους

479 2591 784 2665 tur,alium
812 2589 1050 2669 quidem
1077 2589 1272 2648 vinum
1300 2588 1822 2667 protulissezalium
1838 2606 1977 2648 vero
1996 2605 2125 2648 ace-

482 2689 605 2740 tum
658 2697 790 2741 cum
823 2676 1160 2739 felle.Multi
1205 2684 1402 2737 autem
1445 2676 1652 2736 mortis
1678 2676 1836 2736 modi
1864 2676 2122 2749 fuerunt,

475 2775 733 2830 attamen
753 2767 814 2828 in
837 2785 1014 2829 cruce
1037 2767 1284 2827 moritur
1307 2765 1976 2844 Christus,utetlignum
1997 2782 2128 2825 san-

2207 2584 2382 2656 ὀ’ντος,
2443 2585 2530 2639 καὶ
2587 2582 2749 2639 ἂλλου
2793 2582 2922 2640 ἄλλο
2980 2590 3274 2645 ποιοῦντος.
3309 2584 3459 2644 Εἰκὸς
3489 2585 3578 2638 οὖν
3609 2583 3698 2638 τὸν
3729 2583 3852 2659 μὲν,

2205 2685 2355 2729 οτνον
2408 2672 2744 2751 προσφέρειν·
2802 2675 2893 2728 τὸν
2925 2670 2978 2727 δὲ
3009 2670 3124 2736 ὅξος
3157 2673 3290 2746 μετὰ
3343 2670 3541 2750 χολῆς.
3579 2669 3770 2727 Πολλοὶ
3801 2669 3852 2726 δὲ

2210 2762 2433 2818 θανάτου
2495 2762 2628 2827 ἦσαν
2687 2761 2898 2840 τρόποι,
2932 2760 3051 2816 ἀλλ’
3081 2759 3224 2834 ὅμως
3279 2765 3485 2838 σταυρῷ
3541 2764 3848 2816 θανατοῦται

478 2857 830 2937 ctificet,per
852 2855 1010 2936 quod
1037 2853 1337 2916 maledicti
1365 2853 1605 2929 fuimus,
1631 2862 1688 2916 et
1719 2855 1918 2915 omnia
1940 2853 2126 2914 bene—

2214 2853 2240 2905 ὁ
2287 2851 2531 2928 Χριστὸς,
2578 2851 2668 2906 ’ίνα
2701 2852 2787 2906 καὶ
2821 2871 2880 2905 το
2925 2848 3074 2914 ξύλον
3104 2848 3322 2926 ἁγιάσῃ,
3353 2847 3420 2904 δι’
3465 2848 3523 2905 οὗ
3550 2849 3853 2927 κατηράθη-

477 2945 674 3008 dicat:
706 2953 763 3007 et
785 2944 1212 3024 coelestia,quaa
1243 2960 1351 3023 per
1370 2961 1708 3023 supremam
1737 2951 1959 3024 partem
1995 2959 2126 3004 cru-

2214 2961 2331 3014 μεν,
2422 2941 2507 2997 καί
2595 2941 2657 2998 τὰ
2718 2941 2994 3014 σύμπαντα
3051 2937 3337 3016 εῦλογήσῃ’
3410 2940 3476 2994 τὰ
3527 2960 3582 2993 τε
3614 2938 3848 3015 οὐράνια,

479 3035 655 3108 cis,et
687 3041 1088 3113 terrena,quaa
1107 3050 1213 3112 per
1230 3032 1703 3112 suppedaneum,
1744 3042 1801 3094 et
1831 3032 1979 3093 ﬁnes
2004 3043 2126 3092 ter-

2217 3027 2252 3083 ἅ
2314 3025 2564 3094 δηλεῦται
2632 3027 2715 3084 διὰ
2781 3035 2874 3084 τοῦ
2930 3029 3196 3084 ἀνωτάτου
3259 3027 3446 3105 μέρους
3477 3037 3567 3084 τοῦ
3605 3032 3852 3104 σταυροῦ,

478 3123 900 3200 τω,Οι·ἱεηιθῐη
920 3112 1515 3200 οιίΟοοὶἀοηῑθηῌιυὶ
1549 3128 1910 3182 transversas
1941 3128 2126 3200 partes

2227 3119 2314 3174 καὶ
2369 3117 2434 3172 τὰ
2489 3117 2803 3196 ὓποχθόνια,
2865 3115 2896 3172 ἄ
2925 3115 3170 3184 δηλοῦται
3200 3115 3284 3172 διὰ
3313 3123 3402 3173 τοῦ
3432 3112 3733 3188 ὑποποδίου,
3768 3116 3856 3169 καὶ

487 3213 682 3274 crucis
712 3207 1169 3290 signantur.Sed
1201 3209 1546 3272 et'extendit
1568 3220 1871 3284 manus,ut
1890 3209 1951 3269 in
1970 3209 2126 3268 ulna!

2223 3207 2289 3262 τὰ
2318 3206 2519 3284 πέρατα
2546 3211 2644 3274 τῆς
2675 3209 2799 3283 γῆς,
2831 3207 2891 3261 τό
2919 3226 2976 3261 τε
3027 3203 3364 3262 Ἀνατολικὸν
3406 3206 3492 3260 καὶ
3518 3206 3579 3259 τὸ
3613 3205 3854 3277 Δυτικὸν,

485 3300 773 3381 suscipiat
797 3308 856 3361 et
883 3306 1200 3377 congreget
1216 3297 1368 3359 ﬁlios
1395 3300 1497 3360 Dei
1521 3297 2126 3378 dispersosDividunl

2220 3297 2258 3349 α
2336 3293 2588 3361 δηλοῦται
2647 3292 2730 3350 διὰ
2781 3301 2887 3350 τῶν
2919 3293 2978 3349 ἐκ
3007 3291 3231 3370 πλαγίου
3281 3299 3453 3370 μερῶν
3474 3301 3565 3350 τοῦ
3607 3299 3851 3370 σταυροῦ⁹

478 3377 679 3451 autem
712 3387 1065 3450 vestimenta
1096 3387 1228 3466 ejus
1255 3386 1498 3461 milites,
1531 3395 1595 3448 ut
1618 3377 1956 3466 frugalis,et
1988 3385 2126 3449 nihil

2219 3381 2355 3441 ἀλλὰ
2415 3384 2502 3438 γαὶ
2562 3382 2653 3438 ἵνα
2709 3385 2940 3446 ἐκτείνας
3008 3383 3102 3446 τὰς
3187 3396 3379 3462 χεῖρας
3447 3377 3856 3458 έναγκαλίσηται

481 3477 644 3540 aliud
683 3473 977 3539 habentis.
1019 3470 1287 3538 Titulum
1333 3482 1526 3536 autem
1579 3493 1755 3556 quem
1811 3475 1957 3536 dixit
1987 3474 2126 3536 alius

2217 3473 2305 3528 καὶ
2360 3467 2564 3543 συνάξῴ
2619 3471 2684 3527 τὰ
2753 3471 2913 3527 τέκνα
2971 3472 3062 3528 τοῦ
3105 3472 3235 3529 Θεοῦ
3263 3473 3328 3527 τὰ
3387 3468 3854 3549 διεσκορπισμένα.

481 3565 868 3646 evangelista,
893 3565 1203 3629 Mattheus
1234 3564 1379 3626 dicit
1405 3582 1671 3627 causam.
1708 3565 2126 3645 Ascripserunt

2221 3560 2616 3638 Διαμερίζονται
2665 3561 2857 3615 καὶτὰ
2926 3561 3106 3634 ἱμάτια
3187 3559 3343 3618 αυτοῦ
3394 3561 3441 3616 oi
3509 3559 3851 3637 στρατιῶται,

481 3644 1059 3735 enimicujusgratia
1098 3653 1412 3715 cruciﬁxus
1458 3663 1638 3732 esset,
1673 3644 1904 3733 nempe
1939 3662 2000 3714 ut
2031 3671 2126 3714 rex

2214 3650 2288 3711 ὡς
2344 3645 2604 3726 εὐτελοῦς,
2656 3649 2744 3703 καὶ
2797 3647 2962 3722 μηδὲν
3019 3647 3148 3704 ἄλλο
3208 3647 3451 3726 ἔχοντος.
3488 3647 3588 3704 ’Ὃν
3620 3644 3674 3702 δὲ
3697 3647 3850 3703 εἶπεν

477 3743 844 3820 Iudaeorum,
879 3750 936 3805 et
963 3760 1164 3804 rerum
1200 3740 1570 3803 novatorllli
1604 3741 1785 3818 igitur
1816 3759 2016 3819 regem
2039 3759 2132 3803 as-

482 3832 816 3914 cripserunt
849 3850 952 3912 pro
982 3830 1378 3894 accusatione.
1409 3828 1830 3891 Verumtamen
1864 3830 2121 3892 testimo-

481 3923 647 3985 nium
678 3921 826 3984 illud
857 3921 1034 3983 ﬁdele
1069 3919 1245 3982 etiam
1269 3919 1340 3979 ab
1362 3918 1617 3981 inimicis
1647 3919 1967 3981 adductum
2004 3919 2126 3981 Rex

483 4010 724 4092 quidem
760 4017 850 4072 est
881 4008 1194 4082 Dominus,
1226 4006 1324 4087 qui
1354 4006 1426 4068 ad
1460 4008 1573 4068 hoc
1601 4008 1781 4082 venit,
1824 4018 1888 4068 ut
1942 4007 2129 4068 salvet

483 4099 737 4163 Iudaeos.
772 4097 918 4169 Quia
966 4105 1161 4158 autem
1189 4095 1456 4157 carnales
1486 4095 1668 4158 Judaei
1703 4095 2021 4157 noluerunt
2049 4096 2127 4156 il-

485 4189 607 4250 lum
639 4204 819 4267 super
847 4204 911 4248 se
938 4202 1211 4264 regnare,
1256 4202 1359 4246 rex
1391 4185 1453 4245 ﬁt
1485 4183 1839 4263 spiritalium
1888 4183 2127 4246 Judaeo-

485 4294 644 4349 rum,
666 4276 779 4337 hoc
808 4284 900 4336 est
928 4271 1365 4336 conﬁtentium.
1385 4271 1625 4334 Judaeus
1663 4272 1823 4334 enim
1845 4273 2127 4352 conﬁtens

487 4363 727 4426 dicitur.

2212 3735 2372 3798 ἄλλος
2429 3734 2806 3812 εῦαγγελιστὴς
2879 3736 3076 3811 τίτλον,
3107 3746 3290 3796 τοῦτον
3320 3739 3348 3792 ὁ
3381 3736 3647 3797 Marem;
3693 3756 3854 3813 φησιν

2213 3827 2402 3881 αἰτίαν⁸
2462 3824 2766 3902 ἐπέγραψαν
2826 3827 2924 3905 γὰρ
2980 3829 3116 3889 τίνος
3166 3826 3339 3882 ἕνεκεν
3389 3824 3714 3904 ἐσταυρώθη,
3773 3823 3854 3881 ὅτι

2211 3916 2283 3977 ὡς
2342 3913 2596 3990 βασιλεὺς
2664 3919 2771 3969 τῶν
2837 3913 3120 3988 Ἰουδαίων,
3197 3917 3284 3971 καὶ
3349 3918 3422 3979 ὡς
3483 3916 3852 3989 νεωτεριστής.

2211 4001 2436 4060 Ἐκεινοι
2496 4003 2592 4077 μὲν
2652 4003 2740 4059 οὖν
2798 4005 2884 4078 τὸ,
2951 4003 3227 4077 Βασιλεὺς,
3280 4004 3581 4083 ἐπέγραψαν
3627 4003 3711 4060 ἐπὶ
3741 4001 3854 4058 διαο

2210 4089 2366 4167 ϐολῇ.
2429 4090 2577 4158 Πλὴν
2647 4093 2681 4158 ἡ
2732 4095 2988 4171 μαρτυρία
3065 4094 3196 4160 αὕτη
3227 4095 3414 4160 πιστὴ,
3465 4095 3537 4157 ὡς
3567 4093 3708 4171 παρὰ
3749 4098 3854 4149 τῶν

2210 4181 2414 4260 ἐχθρῶν
2495 4182 2830 4260 εἰσαχθεϊσα,
2911 4181 3162 4244 Βασιλεὺς
3217 4183 3316 4260 γὰρ
3371 4187 3510 4238 ἔστιν
3569 4185 3595 4237 ὁ
3676 4181 3857 4258 Κύριος

2210 4268 2294 4325 ἐπ’
2367 4271 2492 4328 αὐτὸ
2534 4277 2687 4327 τοῦτο
2718 4268 2905 4344 ἐλθὼν,
2933 4271 3022 4326 ’ίνα
3054 4271 3200 4347 σώσῃ
3242 4272 3360 4333 τοὺς
3393 4269 3691 4335 Ἰουδαίους·
3740 4271 3856 4327 ἐπεὶ

2210 4357 2263 4413 δὲ
2318 4360 2363 4414 οἱ
2416 4359 2654 4436 σαρκικοὶ
2712 4356 2955 4417 Ἰουδαῖοι
3011 4363 3105 4418 οῦκ
3199 4359 3465 4426 ἠθέλησαν
3546 4361 3854 4436 βασιλεῦσαι

488 4453 646 4509 αὐτὸν
701 4451 792 4507 ἱπ⁹
848 4452 1056 4531 αὖτοὺς,
1110 4450 1350 4526 βασιλεὺς
1409 4452 1606 4529 γίνεται
1679 4458 1782 4507 τῶν
1828 4450 2195 4523 πνευματικῶν
2255 4444 2539 4522 Ἰουδαίων,
2565 4445 2824 4522 τουτέστι,
2883 4450 2987 4505 τῶν
3019 4447 3535 4528 ἐξομολογουμένων·
3599 4447 3857 4510 Ἰουδαῖος

487 4542 586 4621 γὰρ
616 4539 1096 4617 ἐξομολογούμενος
1125 4539 1358 4618 λέγεται.
1422 4589 1431 4598 .

573 4629 748 4691 VIRS.
787 4626 1009 4691 38-44.
1048 4651 1070 4683 ι
1107 4625 1273 4688 Tunc
1303 4627 1732 4707 cruciﬁguntur
1749 4647 1881 4690 cum
1914 4646 1983 4689 eo
2016 4626 2126 4688 duo

2307 4644 2329 4678 ιι
2383 4625 2512 4680 Τότε
2571 4631 2907 4700 σταυροῦνται
2963 4625 3052 4682 σὺν
3101 4629 3242 4700 αὖτῷ
3288 4624 3376 4681 δύο
3419 4625 3631 4702 λῃσταὶ,
3669 4627 3754 4690 εἷς
3799 4626 3857 4682 ἐκ

483 4718 775 4789 latrones,
805 4733 962 4776 unus
1004 4733 1039 4777 a
1058 4715 1304 4795 dextris,
1337 4724 1395 4777 et
1423 4716 1574 4777 alter
1603 4735 1636 4776 a
1660 4716 1942 4778 sinistris.
1971 4717 2126 4777 Prae-

2218 4710 2419 4782 δεξιῶν,
2465 4712 2552 4767 καὶ
2598 4715 2679 4774 εἷς
2737 4709 2789 4775 ἐξ
2846 4714 3151 4787 εὐωνύμων*
3215 4717 3261 4772 οἱ
3303 4709 3366 4771 δὲ
3423 4716 3850 4794 παραπορευόμεο

491 4812 798 4867 tereuntes
827 4811 1022 4864 autem
1050 4803 1317 4865 convicia
1363 4803 1670 4883 jaciebant
1715 4805 1776 4865 in
1808 4822 1962 4875 eum,
2000 4821 2126 4865 mo-

2219 4825 2298 4858 νοι
2367 4798 2740 4878 ἐϐλασφήμουν
2784 4801 2959 4883 αὐτὸν,
3009 4810 3272 4866 κινοῦντες
3343 4805 3436 4867 τὰς
3465 4802 3698 4883 κεφαλὰς
3759 4803 3856 4858 αὖ-

491 4900 695 4955 ventes
725 4890 917 4973 capita
945 4909 1051 4953 sua
1079 4899 1138 4953 et
1164 4879 1434 4953 dicentes
1465 4911 1479 4950 :
1517 4890 1606 4952 Tu
1635 4893 1741 4971 qui
1784 4890 2126 4953 destruebas

2216 4889 2349 4963 τῶν,
2406 4889 2495 4944 καὶ
2563 4886 2830 4964 λέγοντες·
2873 4879 2928 4947 Ὀ
2959 4889 3235 4947 καταλὺων
3276 4894 3366 4948 τὸν
3405 4895 3527 4948 ναὸν
3544 4879 3639 4948 καὶ
3669 4891 3722 4946 ἐν
3748 4913 3858 4970 τριο

490 4980 805 5061 templum,
835 4987 894 5042 et
937 4980 1000 5041 in
1035 4978 1227 5042 triduo
1258 4979 1622 5053 adiﬁcabas,
1659 4997 1826 5040 serva
1857 4980 2126 5058 temetip-

2218 4979 2298 5032 σὶν
2352 4976 2574 5053 ἡμέραις
2639 4974 2952 5056 οἰκοδομῶν,
2986 4984 3158 5036 σῶσον
3227 4981 3464 5037 σεαυτόν
3527 4983 3569 5036 εί
3631 4982 3746 5045 Υἱὸς
3803 4981 3859 5037 εἴ

489 5070 720 5144 sum;si
745 5067 928 5131 Filius
957 5069 1064 5131 Dei
1099 5087 1184 5144 es,
1231 5068 1530 5130 descende
1561 5067 1636 5128 de
1671 5085 1872 5129 cruce.
1907 5067 2126 5131 Simili-

2215 5066 2309 5123 τοῦ
2378 5063 2532 5137 Θεοῦ,
2587 5062 2841 5131 κατάϐηθι
2877 5066 2981 5122 ἀπὸ
3007 5077 3101 5126 τοῦ
3129 5076 3372 5147 σταυρου.
3407 5061 3633 5145 Ὀμοίως
3677 5067 3732 5124 δὲ
3763 5070 3857 5124 καὶ

491 5165 584 5260 ter
613 5165 674 5218 et
701 5156 1004 5260 principes
1034 5157 1416 5260 sacerdotum.
1434 5155 1760 5260 illudentes
1779 5175 1912 5217 cum
1964 5156 2126 5260 srri-

2212 5156 2259 5211 oi
2329 5152 2601 5260 ἀρχιερεῖς
2653 5151 2996 5260 ἐμπαίζοντες
3243 5160 3347 5213 τῶν
3377 5157 3730 5260 γραμματέων
3761 5167 3856 5220 καὶ

489 5244 582 5307 bis
634 5251 694 5304 et
742 5244 1080 5306 senioribus
1135 5252 1194 5307 et
1239 5243 1557 5307 Pbarisaais
1606 5241 1934 5306 dicebant:
1968 5245 2126 5306 Alios

2211 5239 2572 5319 πρεσϐυτέρων
2629 5244 2716 5299 καὶ
2770 5245 3072 5320 Φαρισαίων
3127 5243 3336 5322 ἔλεγονο
3388 5239 3626 5312 ’Ἄλλως
3657 5245 3860 5302 ’έσωσεν

488 5331 764 5402 servavit,
788 5331 1177 5412 semetipsum
1232 5350 1352 5393 non
1408 5337 1605 5410 potest
1633 5330 1905 5392 servare?
1934 5329 1997 5394 Si
2021 5348 2126 5393 rex

2211 5330 2396 5415 ἑαυτὸν
2453 5331 2513 5386 οὐ
2568 5327 2776 5385 δύναται
2837 5336 3026 5387 σῶσαι·
3067 5334 3122 5392 εἰ
3175 5335 3420 5408 βασιλεὺς
3469 5333 3682 5415 Ἰσραήλ
3723 5333 3856 5408 ἐστι,

487 5417 670 5484 Israel
697 5426 810 5497 est,
842 5418 1165 5484 descendat
1191 5435 1349 5481 nunc
1378 5418 1453 5481 de
1483 5435 1688 5496 cruce,
1722 5425 1780 5479 et
1811 5418 2126 5482 credemus

2211 5414 2491 5475 καταϐάτω
2536 5422 2624 5474 νῦν
2685 5416 2791 5474 ἀπὸ
2845 5421 2939 5477 τοῦ
2993 5427 3234 5501 σταυροῦ,
3328 5427 3414 5480 καὶ
3498 5425 3860 5496 πιστεύσομεν

559 5575 624 5628 ⁸⁷
652 5576 946 5653 Ilion“,
978 5575 1078 5639 22.
1160 5576 1227 5628 ⁸8
1256 5579 1443 5641 Marc.
1478 5577 1577 5640 xv.
1664 5577 1732 5627 ϐο
1757 5572 1927 5638 Joan.
1963 5593 2089 5637 xix.
