4144 6212
442 309 552 375 571

1397 303 1989 378 ΤΗΕΟΡΗΥΒΑΟἩ
2033 312 2444 375 ΒῐῘΙιῦΛΒΙιΕ
2486 315 2841 378 ΛΗΟΗῘΕΡ.

3687 312 3803 376 472

445 457 589 522 tem,
622 446 709 510 sic
741 450 798 509 et
827 453 986 509 nunc
1015 448 1226 527 inquit,
1262 445 1334 510 Ut
1357 447 1499 527 quid
1532 465 1627 508 me
1668 444 2112 526 dereliquistih

2195 444 2375 517 ιιλίαν,
2448 446 2584 504 οὕτω
2642 449 2730 503 καὶ
2773 454 2862 504 νῦν
2891 461 3074 526 φησιν’
3117 467 3142 501 ε
3181 435 3305 503 ιἰνα
3337 446 3387 500 τί
3428 465 3494 520 με
3531 443 3814 522 ἐγκατέλι-

445 535 759 600 insinuans
799 537 1127 599 naturalem
1159 536 1391 597 vivendi
1422 537 1821 616 cupiditatem.
1851 535 2082 598 Etenim

447 643 586 688 vere
617 625 794 688 homo
821 625 1268 705 erat,nobisque
1282 643 1388 704 per
1408 625 1607 686 omnia
1624 622 2086 705 similis,absque

449 721 717 795 peccato.
743 714 992 787 Quidam
1043 726 1239 776 autem
1289 714 1401 774 hoc
1449 713 1892 788 intellexerunt,
1929 710 2084 792 quod

450 804 712 869 Salvator
731 803 792 864 in
822 822 887 865 se
918 821 1230 884 personam
1255 811 1422 882 gerat
1449 803 1808 877 Iudaeorum,
1830 810 1887 863 et
1905 801 2084 878 dicat,

448 892 665 973 thuid
697 891 1073 972 dereliquisti
1099 891 1407 954 Judaicum
1443 891 1791 971 populum,o
1826 893 2091 960 Pater,ut

452 989 675 1044 tantum
707 981 975 1042 admittat
1001 987 1329 1060 peccatum,
1374 981 1504 1040 I60
1523 985 1583 1043 et
1616 978 1935 1058 perditioui
1967 987 2089 1039 tra-

453 1068 924 1132 datur?Christus
956 1070 1114 1130 enim
1134 1078 1407 1150 tanquam
1429 1088 1495 1131 ex
1517 1069 1735 1130 Judaeis
1756 1080 1949 1138 natus,
1970 1070 2087 1130 De—

452 1159 778 1240 relisquisﬁ
811 1177 928 1233 me,
962 1160 1127 1234 dicit,
1153 1160 1268 1223 hoc
1295 1173 1408 1238 est,
1434 1160 1619 1221 Meam
1653 1158 2089 1237 cognationem,

454 1266 776 1329 meumque
813 1249 1093 1328 populum
1119 1256 1180 1309 ut
1200 1250 1340 1329 quid
1375 1249 1856 1328 dereliquisti,ita
1877 1255 1938 1306 ut
1958 1265 2094 1307 con—

2167 555 2261 597 πες
2304 551 2320 608 ;
2409 558 2434 593 ι
2486 536 2749 615 ἐμφαίνων
2779 536 2877 603 τὴν
2908 537 3133 614 φυσικὴν
3175 533 3466 614 φιλοζωίαν
3498 536 3675 608 ἡμῶν.
3710 535 3810 592 Καὶ

2168 625 2267 703 γὰρ
2337 625 2501 689 ὅντως
2527 624 2816 704 ’ἄνθρωπος
2847 626 2938 694 ἦν,
2985 626 3072 679 καὶ
3098 625 3234 690 ἡμῖν
3289 624 3354 678 τὰ
3386 623 3557 678 πάντα
3599 621 3810 698 ὅμοιος,

2169 717 2335 793 χωρὶς
2408 715 2690 792 ἁμαρτίας.
2751 715 2898 778 Τινὲς
2968 711 3022 768 δὲ
3081 711 3218 770 οὕτω
3267 718 3420 768 τοῦτο
3449 713 3698 783 ὶνόησαν,
3732 710 3816 767 ὅτι

2168 805 2229 858 τὸ
2285 804 2390 859 τῶν
2447 801 2707 861 Ἰουδαίων
2764 803 3047 881 πρόσωπον
3119 799 3507 874 ἆναλαμὸἀιων
3537 803 3564 856 ὃ
3597 800 3817 878 Σωτὴρ,

2171 893 2349 970 φησίν*
2414 881 2539 950 “Iv:
2593 894 2642 947 τί
2708 891 3050 970 έγκατέλιπες
3107 893 3196 946 τὸν
3237 887 3527 946 Ἰουδαϊκὸν
3585 887 3737 967 λαὸν,
3769 891 3816 944 ὦ

2172 980 2364 1057 Πάτερ,
2425 980 2518 1036 ἵνα
2600 979 2928 1047 τηλικαύτην
2984 978 3240 1056 ἁμαρτίαν
3299 979 3526 1055 ποιήσῃ,
3577 978 3663 1033 καὶ
3707 977 3816 1032 ἀπ-

2175 1067 2332 1141 ωλείᾳ
2383 1069 2698 1148 παραδοθῇς
2776 1060 2866 1132 Ὠς
2927 1069 3024 1146 γὰρ
3082 1066 3134 1132 ἐξ
3164 1064 3427 1124 ἰουδαίων
3469 1067 3757 1142 γενόμενος
3791 1067 3818 1121 ὁ

2175 1159 2426 1234 Χριστὸς,
2461 1159 2522 1213 τὸ
2549 1177 2576 1214 σ
2601 1156 2982 1236 Ἐγκατέλιπές
3007 1177 3097 1235 με,
3135 1179 3158 1213 e
3196 1157 3373 1233 φησὶν,
3410 1155 3520 1211 ἀντὶ
3550 1157 3662 1233 106,
3713 1155 3821 1222 Τὴν

2173 1247 2310 1320 ὶμὴν
2366 1246 2696 1326 συγγένειαν,
2761 1248 2850 1302 τὸν
2920 1246 3049 1320 ἐμὸν
3112 1247 3262 1324 λαὸν,
3322 1245 3416 1302 ἵνα
3476 1246 3525 1300 τί
3581 1244 3819 1322 ἀφῆκας,

454 1346 546 1400 tra
575 1337 838 1418 seipsum
873 1338 988 1400 tale
1020 1337 1236 1398 malum
1270 1337 1466 1400 faciat?
1495 1336 1709 1398 Turbae
1737 1341 1939 1398 autem
1958 1353 2091 1395 cum

2195 1334 2308 1390 ὂστε
2382 1342 2618 1392 τοιοῦτον
2673 1338 2837 1392 κακὸν
2872 1333 2988 1391 καθ’
3033 1335 3219 1393 ἑαυτοῦ
3247 1334 3464 1401 ποιῆσαι
3499 1355 3516 1408 ;
3551 1334 3640 1400 δίη
3685 1333 3819 1401 νοή-

455 1446 576 1490 non
605 1425 1038 1488 intellexissent
1067 1443 1271 1488 vocem
1305 1426 1715 1506 illam,nempe
1744 1431 2097 1502 agrestes,et

2195 1445 2358 1489 παντες
2405 1421 2459 1479 δὲ
2510 1426 2609 1492 τὴν
2665 1426 2844 1506 φωνὴν
2893 1426 2938 1480 οἱ
2997 1430 3089 1480 106
3131 1422 3299 1503 ὄχλοι
3379 1420 3821 1506 ἄγροικοι-ὅντες

455 1515 748 1596 imperitae
776 1515 1256 1595 propheticorum
1289 1500 1579 1576 dictorum
1637 1500 1917 1592 putabant
1937 1511 2094 1593 quod

2195 1516 2264 1568 ιαὶ
2333 1512 2560 1587 ἀμαθεῖς
2617 1500 2722 1570 τῶν
2785 1500 3457 1592 προφητικῶνξένόμιζον
3484 1511 3564 1566 ὅτι
3634 1500 3819 1568 ’Βλίαν

456 1604 642 1667 Eliam
674 1611 910 1664 vocaret
940 1624 955 1664 :
993 1622 1110 1665 non
1134 1605 1290 1665 enim
1309 1622 1518 1664 omnes
1537 1602 1722 1665 Judaei
1752 1601 2097 1683 prophetica

2195 1614 2365 1681 ρωνεϊ·
2429 1603 2488 1657 οὐ
2516 1604 2615 1680 γὰρ
2658 1603 2850 1666 πάντες
2895 1605 2941 1658 οἱ
2971 1599 3216 1660 Ἰουδαῖοι
3246 1600 3312 1656 τὰ
3353 1600 3655 1680 προφητικᾶ
3704 1599 3820 1674 ἰεί-

459 1691 920 1765 sciebant,sicut
944 1711 1138 1773 neque
1173 1711 1330 1754 nunc
1363 1691 1676 1755 Christiani
1711 1708 1920 1752 omnes
1947 1690 2096 1752 forte

2195 1711 2407 1765 ρωσκον,
2475 1691 2651 1770 ὥσπερ
2709 1689 2843 1754 ἴσως
2912 1689 3026 1746 οὐδὲ
3071 1697 3157 1746 νῦν
3205 1690 3251 1747 οἳ
3296 1690 3600 1755 Χριστιανοὶ
3630 1687 3823 1750 πάντες

460 1799 532 1845 ea
561 1799 690 1864 quae
717 1781 777 1842 in
804 1781 1456 1861 Evangeliis.Ca3terum
1488 1789 1718 1842 acetum
1744 1781 1796 1840 ei
1821 1781 1877 1839 in
1899 1789 2097 1859 potum

2195 1779 2246 1835 τὰ
2303 1785 2408 1835 τῶν
2468 1778 2830 1858 Εὖαγγελίων.
2861 1777 3036 1844 ’Ὄξος
3093 1777 3147 1834 δέ
3204 1778 3445 1849 ἱπότιζον
3503 1779 3683 1849 αὐτὸν,
3732 1776 3823 1831 ἵνα

459 1869 699 1951 dabant,
724 1879 785 1932 ut
817 1881 1147 1933 moreretur
1178 1871 1522 1950 priusquam
1553 1869 1782 1931 veniret
1811 1867 1969 1929 Elias
1989 1868 2099 1930 ad-

2195 1867 2426 1958 iuoﬂivg-
2477 1891 2669 1948 ταχιον
2729 1869 2846 1948 πρὶν
2904 1867 3077 1924 έλθεῐν
3128 1869 3217 1924 τὸν
3261 1865 3446 1958 Ἠλίαν
3489 1867 3824 1943 βοηθήσοντα

454 1949 695 2043 juturus
745 1981 904 2026 eum.
953 1961 1122 2027 Unde
1165 1963 1262 2024 alii
1307 1949 1557 2024 dicunt:
1593 1962 1757 2041 Sine,
1807 1959 2101 2021 videamus

2195 1961 2346 2030 αὐτῷ.
2412 1949 2576 2016 ιὈθεν
2612 1959 2657 2014 οἱ
2726 1956 2902 2015 λοιποὶ
2933 1956 3195 2035 λέγουσιν·
3233 1979 3258 2011 α
3314 1949 3515 2035 "Aqua.
3548 1954 3749 2029 ἴδωμεν
3783 1955 3825 2009 εί

461 2070 604 2114 num
630 2051 830 2112 veniat
865 2050 1044 2132 Elias,
1076 2051 1435 2113 liberaturus
1466 2069 1626 2129 eum,
1661 2051 1771 2110 hoc
1802 2057 1913 2122 est,
1961 2047 2102 2110 Sine

2195 2044 2399 2125 ἔρχεται
2443 2045 2626 2110 Ἠλίας
2671 2047 2858 2103 σώσων
2890 2046 3067 2119 αὖτὸν,
3103 2069 3130 2100 n
3166 2045 3422 2116 τουτέστι,
3462 2046 3548 2112 Μὴ
3589 2045 3822 2119 ποιήσῃς

464 2159 624 2220 eum,
659 2157 735 2201 ne
781 2138 961 2200 facias
1003 2140 1178 2214 mori,
1219 2149 1283 2201 ut
1330 2139 1588 2201 sciamus
1632 2157 1706 2199 an
1744 2139 1983 2218 juvetur
2030 2136 2102 2197 ab

465 2228 618 2292 Elia.

547 2317 731 2376 Vens.
764 2313 979 2377 50-53.
1012 2337 1033 2371 ε
1070 2317 1241 2376 Jesus
1270 2323 1465 2378 autem
1519 2334 1655 2377 cum
1707 2315 1919 2377 iterum
1979 2314 2100 2376 cla-

468 2412 687 2467 masset
716 2422 860 2466 voce
891 2404 1331 2482 magna,emisit
1359 2405 1892 2484 spiritum.Etecce
1913 2403 2106 2465 velum

468 2491 675 2572 templi
692 2490 941 2553 scissum
959 2501 1050 2554 est
1071 2493 1129 2552 in
1149 2491 1295 2554 duas
1312 2499 1510 2573 partes
1531 2512 1564 2554 a
1579 2511 1809 2554 summo
1833 2511 2019 2572 usque
2035 2492 2108 2552 ad

467 2581 680 2658 imum,
707 2588 763 2641 et
793 2588 946 2643 terra
983 2590 1141 2642 mota
1170 2591 1279 2657 est,
1311 2590 1369 2643 et
1398 2591 1584 2663 petrae
1614 2583 1811 2642 scissae
1858 2590 2017 2661 sunt,
2053 2589 2110 2643 et

469 2678 858 2732 monumenta
892 2679 1098 2749 aperta
1129 2679 1287 2745 sunt,
1315 2682 1374 2733 et
1405 2671 1586 2732 multa
1617 2688 1866 2751 corpora
1883 2679 2110 2731 sancto-

469 2777 601 2821 rum
631 2759 735 2838 qui
763 2757 1649 2832 dormierant,surrexerunt.Et
1680 2759 1900 2835 egressi
1933 2778 1965 2821 e
1988 2777 2113 2819 mo-

471 2845 773 2909 numentis
813 2854 948 2927 post
987 2848 1490 2910 resurrectionem
1532 2848 1684 2926 ejus.
1719 2856 2008 2911 venerunt
2050 2848 2109 2908 in

470 2944 734 2999 sanctam
757 2935 1080 3013 civitatem,
1099 2945 1157 2999 et
1177 2949 1578 3018 apparuerunt
1601 2937 1864 3001 multis.»
1887 2937 2113 3000 Clamat

469 3043 618 3090 voee
645 3042 856 3106 magna
882 3023 1154 3101 Jesus,ut
1178 3026 1437 3089 sciamus
1465 3044 1668 3087 verum
1693 3044 1823 3088 esse
1840 3026 1996 3108 quod
2015 3027 2109 3087 di-

467 3114 585 3177 xit:
622 3137 650 3171 ε
685 3091 804 3192 Ego
849 3091 1199 3195 potestatem
1242 3113 1435 3176 habeo
1483 3124 1546 3177 ut
1593 3134 1804 3195 ponam
1856 3091 2170 3176 animamC

471 3221 731 3266 meam.»
757 3203 1029 3265 Animam
1063 3205 1224 3265 enim
1255 3221 1422 3265 suam
1455 3203 1620 3284 ponit
1651 3222 1758 3264 sua
1801 3211 2111 3284 potestate.

469 3291 612 3364 Quae
633 3299 831 3353 autem
873 3300 999 3353 erat
1026 3292 1164 3354 vox?
1194 3314 1217 3349 ι
1255 3293 1430 3355 Pater
1461 3294 1522 3353 in
1555 3310 1761 3353 manus
1783 3296 1928 3368 gtuas
1957 3310 2114 3353 como

469 3379 689 3442 mendo
717 3379 989 3459 spiritum
1019 3380 1414 3444 meum-Non
1445 3380 1604 3443 enim
1632 3382 2002 3452 coactus.sed
2024 3401 2114 3441 vo-

471 3467 766 3530 luntarius
795 3467 992 3530 emisit
1007 3468 1285 3550 spiritum
1296 3468 1440 3532 .Hoc
1453 3468 1612 3531 enim
1627 3469 2116 3550 significat,Com-

471 3556 714 3620 mendo.
747 3556 1018 3620 Insinuat
1045 3566 1240 3619 autem
1277 3576 1342 3621 se
1383 3557 1544 3619 illam
1587 3557 1805 3621 iterum
1836 3568 2114 3639 receptu-

468 3645 970 3727 rumzdepositum
995 3647 1152 3708 enim
1178 3655 1238 3709 et
1267 3647 1704 3709 commodatum
1724 3647 1936 3709 iterum
1960 3667 2117 3708 assu-

471 3733 879 3798 mitur.Gratia
899 3743 1094 3798 autem
1115 3734 1556 3817 Domino,quod
1574 3735 1676 3797 illo
1690 3745 1746 3797 et
1762 3736 2049 3798 moriente
2063 3745 2119 3796 et

470 3823 742 3906 spiritum
765 3843 934 3886 suum
951 3824 1018 3907 in
1054 3843 1264 3888 manus
1303 3827 1497 3888 Patris
1533 3825 2010 3898 commendante,
2045 3843 2114 3886 ex

473 3932 547 3976 eo
579 3925 850 3996 tempore
879 3924 937 3976 et
965 3922 1306 3979 sanctorum
1331 3915 1544 3976 animm
1575 3914 1636 3975 in
1669 3932 1847 3975 manu
1880 3913 1986 3975 Dei
2007 3931 2115 3993 po-

475 4011 726 4082 nuntur,
753 4011 812 4064 et
839 4021 982 4083 non,
1007 4011 1072 4065 ut
1100 4003 1286 4085 prius,
1314 4005 1372 4064 in
1406 4003 1626 4065 inferni
1660 4002 2064 4082 penetralibus
2100 4024 2114 4063 :

473 4098 652 4173 atque
683 4092 762 4153 ita
788 4110 947 4154 mors
968 4093 1184 4154 Christi
1215 4093 1368 4155 facta
1385 4101 1475 4155 est
1491 4092 1875 4154 sanctiﬁcatio
1895 4101 2113 4153 nostra.

472 4180 703 4246 ldcirco
731 4189 789 4243 et
808 4197 1020 4261 magna
1035 4199 1179 4243 voce
1198 4181 1476 4244 inclamat
1489 4189 1887 4254 mortem,non
1901 4181 2122 4242 auden-

474 4277 594 4332 tem
626 4270 916 4333 accedere
946 4269 1062 4332 nisi
1095 4278 1427 4332 vocaretur.
1456 4270 1660 4332 Velum
1692 4278 1893 4333 autem
1915 4270 2119 4351 templi

476 4365 602 4422 erat
629 4359 876 4421 linteum
909 4357 1205 4440 quoddam
1239 4358 1299 4420 in
1334 4358 1530 4421 medio
1581 4359 1784 4439 templi
1825 4358 2116 4437 pendens,

2187 2135 2341 2191 αὺτὸν
2399 2138 2707 2210 ἀποθανεῖν,
2767 2138 2839 2198 ὡς
2899 2133 2961 2190 ἂν
3007 2141 3217 2212 γνῶμεν
3288 2135 3330 2188 εἰ
3385 2134 3635 2210 βοηθήσει
3683 2136 3830 2205 αὒτῴ

2188 2220 2395 2286 Ἠλίας.

2276 2337 2304 2368 ε
2340 2306 2396 2371 Ὀ
2428 2312 2482 2369 δὲ
2515 2315 2714 2381 Ἰησοῦς
2762 2313 2919 2372 πάλιν
2948 2311 3137 2393 κράξας
3201 2318 3348 2393 φωνᾷ
3392 2311 3625 2390 μεγάλῃ,
3656 2312 3829 2390 ἀφῆκε

2189 2403 2250 2459 τὸ
2305 2408 2534 2477 πνεῦμα·
2592 2403 2678 2459 καὶ
2722 2399 2829 2458 ἰδοὺ
2882 2404 2942 2458 τὸ
2971 2402 3356 2463 καταπέτασμα
3385 2408 3478 2457 τοῦ
3519 2409 3643 2458 ναοῦ
3671 2399 3829 2479 ἐσχί-

2191 2494 2250 2547 σθ
2375 2493 2390 2514 ,
2474 2489 2522 2512 ..ρ
2639 2491 2653 2510 .
2710 2492 2722 2508 .
2790 2490 2815 2509 ν
3225 2493 3236 2508 ,
3459 2492 3471 2510 η
3530 2492 3541 2504 .
3624 2495 3650 2505 -
3786 2491 3796 2508 ,

2253 2514 2289 2557 η
2351 2512 2421 2555 εις
2469 2505 2579 2564 ουο,
2630 2513 2735 2547 απο
2784 2495 2978 2548 ανωθεν
3035 2491 3136 2555 ἕως
3174 2513 3342 2561 κατω,
3389 2512 3476 2546 και
3522 2511 3556 2557 η
3588 2513 3658 2567 γη
3689 2489 3830 2546 ἔσει-

2192 2583 2314 2648 σθη,
2347 2582 2433 2636 καὶ
2472 2583 2524 2636 αἱ
2555 2579 2738 2658 πέτραι
2783 2580 3128 2660 ἰσχίσθησαν,
3159 2581 3247 2637 καὶ
3275 2581 3342 2636 τὰ
3385 2593 3630 2655 μνημεῖα
3660 2578 3830 2652 ἀνεῴ-

2192 2672 2427 2748 χθησαν,
2487 2670 2573 2724 καὶ
2654 2669 2828 2726 πολλὰ
2917 2671 3140 2743 σώματα
3232 2675 3336 2724 τῶν
3426 2667 3831 2744 κεκοιμημένων

2192 2759 2357 2836 ἁγίων
2424 2758 2647 2836 ἠγέρθη,
2708 2761 2793 2814 καὶ
2873 2758 3162 2824 ἐξελθόντες
3259 2757 3318 2813 ἔκ
3365 2765 3471 2814 τῶν
3557 2758 3832 2832 μνημείων

2193 2847 2328 2922 μετὰ
2374 2847 2472 2913 τὴν
2543 2846 2748 2924 ’ἄγερσιν
2833 2850 3013 2921 αἰντοῦ,
3100 2845 3341 2913 εἰσῆλθον
3395 2849 3469 2911 εἰς
3520 2847 3617 2913 τὴν
3686 2847 3836 2923 ἁγιαν

2193 2935 2370 3012 πόλιν,
2431 2938 2516 2992 καὶ
2587 2935 2990 3016 ἐνεφανίσθησαν
3041 2934 3286 3000 πολλοῖς.
3383 2957 3407 2991 ο
3471 2936 3656 3012 Κρὰζει
3729 2955 3834 3008 με·-

2196 3024 2336 3104 γᾶλῃ
2401 3031 2551 3105 φωνῇ
2604 3027 2631 3082 ὁ
2683 3025 2909 3104 Ἰησοῦς,
2969 3025 3060 3079 ἴνα
3123 3031 3330 3102 γνῶμεν
3360 3023 3441 3080 ὅτι
3471 3023 3594 3100 ὅπερ
3627 3023 3833 3103 ἐλεγεν,

2197 3115 2275 3171 ὅτι
2314 3113 2614 3179 «Ἐξοοσίαν
2647 3113 2762 3193 ἔχω
2784 3118 2952 3170 θεῖναι
2970 3115 3068 3181 τὴν
3095 3115 3280 3193 ψυχήν
3313 3135 3436 3193 μου,
3471 3136 3494 3171 ε
3521 3113 3714 3179 ἀληθὲς
3741 3112 3833 3179 ἧν,

2200 3203 2327 3262 Κατ’
2361 3202 2592 3268 ἱξουσίαν
2637 3205 2735 3280 γὰρ
2791 3203 2973 3283 ἀφίησι
3029 3203 3127 3270 τὴν
3197 3204 3402 3282 ψυχὴν,
3483 3202 3568 3264 Τίς
3637 3200 3692 3257 δὲ
3765 3202 3830 3269 ἦν

2197 3295 2231 3361 ἡ
2301 3295 2499 3371 φωνὴ,
2569 3313 2592 3348 ι
2647 3292 2839 3368 Πάτερ,
2901 3293 2972 3356 είς
3031 3292 3224 3371 χεῖράς
3275 3314 3367 3348 σου
3419 3292 3741 3370 παρατίθημι
3773 3292 3832 3346 τὸ

2197 3383 2401 3457 πνεῦμά
2451 3402 2576 3456 μου.
2658 3404 2682 3436 ε
2736 3385 2808 3440 06
2861 3384 2960 3459 γὰρ
3037 3379 3423 3456 βεϐιασμένως,
3483 3378 3601 3437 ἀλλ’
3665 3382 3839 3436 ἑκοντὶ

2200 3469 2372 3550 ἀφῇκε
2428 3472 2489 3525 τὸ
2546 3476 2773 3546 πνεῦμα.
2847 3473 3013 3527 T0610
3069 3471 3167 3548 γὰρ
3211 3491 3460 3545 σημαινει
3513 3471 3595 3542 τὸ,
3657 3475 3836 3547 Παρα-

2198 3561 2403 3635 τίθημιο
2458 3560 2694 3639 ἐμφαίνει
2749 3557 2804 3614 δέ
2869 3561 2955 3614 καὶ
3011 3560 3070 3614 τὸ
3153 3557 3366 3630 μέλλειν
3427 3559 3590 3626 αὐτὴν
3681 3556 3838 3613 πάλιν

2199 3648 2588 3723 ἀπολήψεσθαιο
2664 3655 2898 3705 τοιοῦτον
2950 3649 3048 3727 γὰρ
3075 3649 3109 3716 ἠ
3169 3648 3476 3725 παραθήκη,
3509 3647 3668 3705 πάλιν
3697 3647 3837 3704 ἀπο-

2200 3735 2466 3812 διδομένη,
2541 3738 2702 3815 Χάρις
2754 3735 2808 3792 δί
2864 3738 2941 3811 τῷ
2999 3738 3194 3815 Κυρίῳ,
3264 3737 3342 3792 ὀτί
3401 3737 3599 3796 ἐκείνου
3697 3737 3837 3792 ἀπο-

2200 3827 2471 3900 θανόντος,
2529 3828 2616 3882 καὶ
2667 3833 2758 3883 τοῦ
2815 3826 3110 3901 πνεύματος
3175 3826 3332 3885 αὐτοῦ
3385 3828 3457 3891 είς
3517 3839 3709 3906 χεῖρας
3754 3825 3845 3880 106

2203 3918 2400 3994 Πρτρὸς
2470 3915 2872 3995 παρατεθέντος,
2944 3915 3125 3973 ἔκτοτε
3173 3917 3256 3971 καὶ
3306 3919 3356 3972 αἱ
3389 3923 3492 3973 τῶν
3526 3918 3686 3994 ἁγίων
3733 3919 3840 3991 ψυ-

2202 4007 2297 4085 χαὶ
2341 4007 2412 4067 εἰς
2443 4019 2637 4084 χεῖρας
2666 4007 2761 4062 106
2789 4012 2920 4063 Θεοῦ
2948 4007 3194 4077 τίθενται,
3257 4002 3377 4061 ἀλλ’
3409 4010 3512 4086 οὔχ
3543 4007 3616 4069 ὡς
3646 4006 3842 4084 πρότε-

2203 4116 2290 4172 ρον
2361 4094 2414 4149 ἑν
2469 4108 2586 4157 τοῖς
2617 4105 2709 4153 103
2741 4092 2864 4166 ᾃδου
2895 4108 3120 4174 μυχοῖς.
3185 4087 3358 4151 ’Ὥστε
3390 4097 3660 4174 ἁγιασμὸς
3690 4097 3843 4169 ἡμῶν

2204 4182 2416 4260 γέγονεν
2471 4185 2499 4239 ὁ
2554 4184 2773 4246 θάνατος
2845 4193 2936 4242 106
3022 4190 3265 4258 Χριστοῦ·
3341 4183 3419 4240 διὸ
3476 4187 3561 4241 καὶ
3639 4182 3848 4260 μεγάλῃ

2205 4270 2354 4351 φωνῇ
2408 4270 2788 4350 προσκαλεῖται
2847 4274 2938 4328 τὸν
2981 4273 3226 4342 θάνατον,
3260 4275 3337 4348 μή
3368 4272 3646 4348 τολμῶντα
3681 4295 3846 4352 προσ-

2205 4359 2401 4434 ελθεῖν,
2472 4363 2514 4416 εί
2588 4361 2666 4436 μη
2724 4356 2970 4431 κληῒείη.
3031 4363 3102 4419 Τὸ
3157 4359 3211 4418 δὲ
3296 4367 3674 4438 καταπέτασμα
3761 4363 3852 4418 106

475 4431 946 4528 discernensque
977 4447 1050 4509 ab
1084 4448 1178 4510 bis
1208 4467 1339 4530 quze
1367 4448 1546 4525 intra,
1585 4466 1653 4510 ea
1689 4431 2038 4530 quae-extra,
2062 4431 2112 4509 ut

2208 4456 2352 4529 ναοῦ,
2385 4431 2395 4434 ν
2419 4431 2599 4516 ὀθόνη⁷
2634 4471 2714 4514 τις
2773 4453 2840 4516 ἡ,
2891 4451 3056 4525 μέσον
3086 4453 3396 4529 κρεμαμένη
3443 4459 3534 4509 τοῦ
3573 4431 3718 4530 ναοῦ,
3765 4454 3850 4508 καὶ

477 4537 864 4600 interstitium
899 4535 1202 4601 Scinditur
1219 4538 1809 4618 hoc,demanstrante
1829 4537 1948 4600 Deo
1967 4537 2121 4618 quod

476 4625 770 4707 templum
801 4625 1171 4688 inaccessum
1195 4638 1574 4707 etnunquam
1609 4627 1996 4706 visum,cujus
2025 4627 2120 4687 in-

478 4715 622 4778 tima
653 4713 919 4777 velamen
967 4714 1330 4788 secludcbat,
1383 4715 1640 4776 solvatur
1670 4723 1726 4774 et
1757 4715 2120 4794 profanetur,

475 4804 558 4865 ita
588 4811 652 4866 ut
675 4803 954 4865 omnibus
983 4803 1060 4866 sit
1093 4802 1441 4866 accessibile
1481 4812 1540 4866 et
1573 4803 1917 4883 spectabile.
1952 4806 2122 4868 Non-

479 4892 627 4953 nulli
651 4891 796 4954 alias
827 4910 1033 4954 causas
1061 4893 1406 4968 aﬂ‘erunt,et
1439 4892 1594 4973 quod
1628 4893 1967 4954 revelentur
1987 4912 2120 4954 om-

479 4981 581 5043 nia
608 4981 977 5062 legalia,quaa
1000 4981 1165 5062 prius
1196 4981 1392 5044 littera
1421 4990 1484 5042 ut
1516 4981 1844 5042 velamento
1864 4983 2119 5062 quodam

482 5076 658 5131 erant
707 5077 1028 5150 cooperta:
1065 5075 1123 5131 et
1170 5087 1303 5151 qua
1351 5070 1516 5151 prius
1546 5068 1802 5132 obscura
1854 5080 2022 5131 erant
2053 5089 2121 5131 ac

481 5157 660 5238 plena
690 5155 1581 5235 enigmatibus,manifestantur
1610 5177 1766 5220 nunc
1797 5158 1858 5220 in
1888 5157 2125 5222 Christo

479 5237 745 5326 impleta.
781 5247 942 5308 Licet
969 5253 1029 5308 et
1073 5247 1227 5309 istud
1265 5246 1490 5328 dicere,
1520 5247 1676 5308 sicut
1702 5259 1833 5310 erat
1867 5266 1992 5310 mos
2015 5251 2125 5311 Ju-

481 5333 628 5396 daiis
657 5335 717 5394 in
750 5332 1137 5416 blasphemiis
1167 5343 1376 5397 contra
1405 5339 1590 5399 Deum
1614 5335 1888 5398 scindere
1909 5345 2125 5417 vestes,

483 5422 738 5484 itanunc
765 5441 1000 5504 quoque
1021 5422 1281 5486 divinum
1311 5424 1595 5506 templum
1637 5425 1808 5506 quasi
1848 5443 2031 5505 aegres
2052 5425 2132 5487 fc-

482 5526 625 5573 rens
641 5509 856 5574 Christi
877 5512 1641 5593 mortem,disrupitvestem
1659 5532 1825 5576 suam
1839 5563 1853 5588 ,
1889 5515 2000 5576 hoc
2017 5525 2126 5590 est,

480 5599 672 5665 velum
685 5647 700 5664 .
717 5597 1073 5684 Possetquis
1088 5601 1272 5664 etalia
1289 5602 1486 5665 dicere
1515 5623 1527 5665 :
1550 5601 1653 5664 sed
1673 5603 1799 5666 haec
1811 5602 2128 5668 sufﬁciant.

2207 4538 2617 4618 ἆποτειχὲζοοσα
2667 4539 2732 4594 τὰ
2789 4538 2894 4594 ἔσω
2923 4542 3053 4618 πρὸς
3087 4541 3152 4596 τὰ
3209 4539 3328 4615 ἔξω,
3370 4540 3488 4597 οἷόν
3519 4563 3567 4597 τι
3599 4542 3850 4613 μεσότοι-

2210 4651 2333 4708 χον.
2415 4629 2662 4707 Σχίζεται
2737 4627 2909 4684 τοίνυν
2965 4635 3143 4709 10610,
3205 4627 3496 4693 δεικνύντος
3555 4640 3645 4689 106
3696 4632 3846 4697 Θεοῦ,

2208 4715 2287 4772 ὅτι
2340 4719 2367 4772 ὃ
2419 4719 2541 4778 ναὸς
2599 4718 2625 4771 ὁ
2657 4712 2873 4784 ἄϐατος,
2905 4719 2933 4773 ὁ
2993 4716 3235 4797 ἀθέατος,
3267 4719 3325 4774 06
3367 4721 3431 4775 τὰ
3462 4719 3701 4775 έσώτατα
3741 4719 3850 4776 ειπ-

2209 4805 2433 4884 ετείχιζε
2493 4807 2554 4861 τὸ
2609 4805 3018 4886 καταπέτασμα,
3087 4809 3222 4864 οὒτω
3278 4806 3704 4887 χυδαιωθησεται
3766 4812 3852 4865 καὶ

2205 4891 2663 4970 βεϐηλωθήσεται,
2731 4894 2868 4950 ὥστε
2939 4903 3099 4952 πᾶσιν
3156 4896 3298 4952 εἶναι
3331 4898 3492 4973 βατὸς
3519 4899 3605 4952 καὶ
3644 4897 3851 4963 θεατός.

2208 4983 2356 5046 τινες
2425 4981 2479 5037 δέ
2550 4985 2636 5040 καὶ
2700 4983 2864 5048 ἄλλας
2899 4985 3062 5048 αἰτίας
3093 4983 3352 5063 λέγουσιν’
3405 4986 3698 5061 Ἐσήμαινε
3728 4989 3854 5066 γὰρ,

2209 5072 2332 5150 φασὶ
2399 5073 2460 5127 τὸ
2516 5073 2897 5148 καταπέτασμα
2952 5074 3296 5154 σχιζόμενον,
3344 5075 3442 5142 τὴν
3475 5078 3566 5132 106
3597 5077 3853 5155 γράμμα-

2209 5182 2299 5225 τος
2345 5169 2437 5218 τοῠ
2501 5164 2723 5237 νομικοῦ
2775 5163 3120 5242 περιαίρεσιν,
3179 5165 3266 5220 γαὶ
3308 5163 3387 5220 ὅτι
3419 5163 3856 5245 ἀποκαλυφθήσε-

2211 5272 2295 5306 ται
2349 5251 2521 5307 πάντα
2591 5253 2654 5306 τὰ
2743 5253 2955 5331 νομικὰ,
3015 5252 3051 5308 ἅ
3104 5254 3354 5332 πρότερον
3414 5258 3490 5328 τῷ
3577 5255 3857 5334 γράμματι

2212 5341 2368 5397 οἱονεί
2447 5362 2545 5398 τινι
2631 5342 3070 5417 καταπετάσματι
3155 5343 3589 5422 συνεκρὺπτοντο,
3649 5346 3738 5400 καὶ
3796 5347 3860 5401 τὰ

2213 5429 2332 5504 πρὶν
2385 5427 2566 5508 ἀσαφῆ
2625 5431 2712 5486 καὶ
2780 5427 3166 5511 αἰνιγματώδη,
3273 5434 3698 5511 φανερωθήσεται
3773 5443 3860 5494 νῦν

2214 5519 2286 5580 εἷς
2316 5518 2408 5574 τὸν
2429 5518 2650 5597 Χριστὸν
2679 5516 2929 5578 ὶκεαντα.
2961 5508 3128 5576 ’Ἐστι
3152 5508 3207 5576 δὲ
3233 5508 3320 5578 καὶ
3353 5508 3505 5578 10610
3533 5523 3728 5601 εἰπεῖν,
3779 5521 3858 5578 ὅτι

2213 5605 2327 5670 ἶθος
2358 5607 2422 5674 ὴν
2466 5607 2585 5671 τοῖς
2617 5605 2888 5672 Ἰουδαίοις
2933 5609 3018 5666 επὶ
3061 5622 3184 5672 ταῖς
3247 5611 3385 5666 κατὰ
3415 5609 3546 5668 Θεοῦ
3603 5609 3858 5691 βλασφη-
