4144 6212
352 316 471 398 m
972 317 1418 395 ENARBATIO
1461 322 1545 387 IN
1588 318 2103 388 EVANGELIUM
2146 318 2549 385 unum.
2601 354 2674 368 —
2717 326 2882 388 CAP.
2929 310 3150 389 xvaI
3617 326 3736 393 ενι

359 465 535 541 μίαις,
567 461 999 541 περιῤῥήγνυσθαι
1070 458 1189 523 τοὺς
1232 462 1494 537 χιτῶνας.
1556 456 1654 513 Καὶ
1701 463 1786 512 νῦν
1836 458 1925 513 οῦν
1985 456 2012 510 6

2111 448 2403 515 Elementa
2429 472 2563 515 vero
2585 462 2881 517 commota
2910 456 3214 519 declarant
3242 477 3378 521 eum
3416 459 3513 538 qui
3544 459 3736 540 patie-

351 539 499 617 θεῖος
544 539 665 614 ναὸς
694 539 871 628 ὥσπερ
927 547 1285 628 δυσχεραίνων
1336 544 1422 601 ἐπὶ
1468 546 1529 601 τὸ
1558 554 1651 603 τοῦ
1680 552 1811 602 Θεοῦ
1838 543 2004 601 θανά-

2111 550 2287 615 iatur,
2321 543 2609 623 (ipiﬁcem
2642 562 2810 605 suum
2845 555 3062 619 esse,et
3101 548 3350 611 futuram
3379 549 3499 609 IGI
3531 539 3731 611 rerum

349 666 451 722 τῳ,
514 639 889 721 περιερρήξατο
943 638 1043 705 τὴν
1113 637 1301 692 ἑαυτοῦ
1370 634 1585 706 ἐσθῆτα,
1645 635 1742 722 τό,
1775 631 2007 690 καταπέ-

2111 633 2667 696 ,ransmutationem.
2694 630 2996 712 Scriptura
3026 635 3181 695 enim
3211 645 3383 697 terra;
3417 644 3639 697 motum
3675 636 3734 697 in

350 720 555 805 τασμα.
620 732 717 788 Καὶ
771 727 907 784 ἄλλα
964 725 1010 782 δ’
1042 725 1104 781 ἂν
1146 724 1267 805 ἔχοι
1310 744 1391 787 τις
1433 722 1631 797 εἰπεῖν,
1664 720 1786 779 ἀλλ’
1810 722 2007 794 αὐτάρ-

2111 738 2290 781 'erum
2322 721 2671 783 alteratione
2728 722 2911 803 ponit.
2946 722 3122 785 Facta
3169 724 3341 803 igitur
3374 735 3466 787 est
3495 725 3733 787 mutatio

354 844 429 887 κη
488 826 675 881 ταῦτα,
710 819 786 876 Τὰ
826 816 881 873 δὲ
925 818 1176 895 στοιχεῖα
1231 813 1566 881 ἐσείσθησαν,
1622 811 1733 887 ἅμα
1777 812 1875 888 μὲν
1922 811 2010 867 καὶ

2111 808 2441 871 risitationis
2474 810 2577 874 Dei
2612 830 2646 872 a
2678 811 2900 873 Judazis
2928 812 2987 873 in
3021 820 3246 891 gentes.
3282 815 3357 876 Et
3389 823 3587 895 petrae,
3622 815 3735 875 hoc

360 908 698 986 Δημιουργὼ
754 905 1071 986 ἐμφαίνοντα
1115 904 1257 960 εἶναι
1302 904 1393 958 τὸν
1439 902 1741 981 πάσχοντα,
1800 900 1911 975 ἅμα
1954 898 2007 955 δὲ

2111 906 2200 974 est,
2236 898 2467 979 lapidea
2498 900 2807 979 gentilium
2840 901 3041 982 corda,
3075 902 3260 963 divisa
3291 913 3514 983 sunt,et
3539 922 3737 966 susce-

352 999 445 1054 καὶ
515 994 776 1062 δηλοῦντα
833 996 911 1057 ὡς
982 992 1463 1067 μετακινηθήσεται
1544 990 1607 1044 τὰ
1669 988 1958 1066 πράγματα
1990 1004 2002 1016 ⁸

2111 998 2304 1049 ierunt
2332 1006 2537 1051 semen
2570 988 2930 1051 veritatis.Et
2955 991 3167 1052 mortui
3193 992 3444 1065 peccatis
3463 1008 3734 1053 surrexe-

351 1089 448 1144 τὸν
492 1086 590 1164 γὰρ
618 1084 839 1158 σεισμὸν
897 1082 933 1151 ἡ
979 1082 1161 1161 Γραφὴ
1219 1079 1305 1135 ἐπὶ
1363 1080 1459 1145 τῆς
1518 1079 1623 1133 τῶν
1681 1076 2009 1155 πραγμάτων

2111 1085 2250 1146 'unt,
2284 1087 2345 1139 et
2376 1078 2746 1139 veneruntin
2764 1079 3054 1141 civitatem
3091 1087 3380 1156 sanctam,
3414 1098 3732 1160 supernam

354 1163 686 1253 μεταθέσεως
756 1173 956 1229 τάττει.
1048 1170 1293 1249 Ἐγένετο
1351 1171 1437 1225 οῦν
1494 1169 1527 1235 ἡ
1572 1167 1849 1239 μετάθεσις
1906 1171 2004 1233 τῆς

2113 1163 2249 1225 llam
2296 1167 2651 1240 Jerusalem,
2677 1178 3194 1250 apparueruntque
3219 1169 3417 1231 multis
3438 1169 3732 1249 perlatam

354 1272 451 1323 τοῦ
486 1271 618 1321 Θεοῦ
645 1261 973 1333 έπισκοπῆς,
1007 1259 1113 1315 ἀπὸ
1142 1264 1248 1315 τῶν
1278 1255 1539 1315 Ἰουδαίων
1594 1256 1680 1313 ἰπὶ
1723 1257 1788 1313 τὰ
1830 1255 1952 1323 ἔθνη
1988 1274 2002 1291 ·

2111 1253 2239 1315 riam
2272 1255 2772 1326 incedentibuset
2791 1258 3585 1338 apparentesexemplarillis
3600 1255 3733 1318 facti

352 1355 445 1411 καὶ
497 1353 548 1409 αἱ
588 1351 799 1429 πέτραι,
860 1349 979 1417 ἤτοι
1039 1350 1089 1404 αἱ
1146 1346 1329 1404 λίθινοι
1377 1343 1582 1425 καρδίαι
1630 1351 1736 1403 τῶν
1766 1344 2002 1426 ἐθνικῶν,

2111 1351 2227 1404 ιιιηι
2256 1343 2388 1405 vitae
2418 1346 2589 1407 bona:
2628 1354 2686 1407 et
2728 1346 3157 1409 conversionis.
3202 1345 3346 1409 Nam
3389 1346 3491 1428 qui
3525 1344 3737 1409 viderit

359 1443 703 1523 εὒχίσθησαν,
748 1441 836 1496 καὶ
878 1435 1192 1503 ὑπεδέξαντο
1224 1438 1315 1492 τὸν
1349 1440 1447 1501 τῆς
1492 1434 1739 1502 ἀληθείας
1785 1435 2002 1514 σπόρον,

2111 1432 2427 1513 luetnpiam
2464 1434 2623 1513 prius
2670 1434 2743 1496 ab
2778 1434 3190 1496 aﬂectionibus
3236 1437 3360 1497 suis
3411 1443 3735 1508 mortuum,

356 1534 448 1588 καὶ
490 1533 537 1588 οἱ
579 1526 959 1608 νενεκρωμένοι
1010 1540 1131 1591 ταῖς
1181 1525 1459 1605 ἆμαρτίαις
1492 1523 1863 1599 ἔξανέστησαν,
1921 1526 2007 1581 καὶ

2111 1543 2561 1607 :onversumque
2592 1534 2648 1587 et
2680 1526 3010 1605 ingressum
3042 1528 3099 1588 in
3124 1536 3383 1589 sanctam
3417 1527 3573 1588 illam
3603 1544 3734 1605 quae

356 1620 519 1688 ἦλθον
570 1620 643 1681 εἷς
698 1618 797 1684 τὴν
854 1616 1007 1693 ἁγίαν
1063 1614 1247 1695 πόλιν,
1302 1614 1399 1681 τὴν
1467 1612 1576 1670 ἄνω
1634 1612 2003 1693 Ἰερουσαλὴμ,

2114 1632 2149 1674 u
2180 1614 2344 1676 ccelis
2374 1622 2461 1675 est
2485 1615 2802 1688 civitatem,
2837 1614 3101 1677 imitatur
3146 1616 3312 1677 illum
3363 1633 3469 1696 per
3509 1616 3732 1690 omnia,

356 1712 444 1766 καὶ
488 1706 900 1787 ὶνεφανίσθησαν
942 1718 1057 1768 τοῖς
1087 1701 1341 1777 πολλοῖς,
1371 1716 1487 1768 τοῖς
1519 1701 1603 1759 διὰ
1625 1707 1723 1770 τῆς
1754 1701 2006 1767 πλατείας

2111 1703 2571 1803 :on'vertitunrque
2602 1711 2660 1803 et
2690 1704 2840 1783 ipse.
2865 1705 3081 1765 Verum
3109 1704 3234 1765 haec
3265 1705 3346 1766 ita
3369 1703 3733 1803 intellexisse

360 1797 480 1856 ὁδοῦ
530 1795 792 1854 ὁδεύουσιν
825 1810 839 1825 ⁸
918 1794 1323 1873 ἐμφανισθέντες
1404 1790 1458 1849 δὲ
1516 1797 1723 1867 αὐτοῖς,
1768 1792 2005 1874 ἀρχέτυ-

2111 1792 2379 1853 :uriosius
2409 1792 2698 1854 fucrit.Tu
2723 1802 2919 1853 autem
2953 1811 3244 1869 cognosce
3268 1792 3425 1874 quod
3459 1802 3730 1853 mortuo-

358 1911 460 1946 πον
518 1889 702 1949 αὐτοῖς
733 1883 976 1962 ἐγένοντο
1019 1884 1212 1962 ἀγαθοῦ
1266 1883 1380 1959 βίου
1439 1884 1527 1938 καὶ
1556 1881 1900 1962 ἐπιστροφῆς.
1948 1873 2005 1939 Ὀ

2111 1896 2223 1940 rum
2257 1882 2641 1955 resurrectio,
2674 1898 2805 1960 quae
2836 1880 2986 1942 facta
3016 1893 3104 1943 est
3135 1882 3194 1941 in
3240 1873 3417 1944 cruce
3462 1880 3721 1954 Domini,

358 1978 459 2057 γὰρ
514 1974 636 2033 ἰδὼν
692 1976 782 2031 τὸν
824 1974 1013 2052 πρώην
1074 1972 1469 2051 νεκεκρωμένον
1509 1974 1611 2029 ὑπὸ
1666 1978 1772 2028 τῶν
1829 1975 2006 2029 παθῶν

2111 1967 2440 2047 signiﬁcarit
2464 1978 2519 2029 et
2551 1987 2786 2045 eorum,
2805 1969 2997 2048 qui,in
3022 1970 3253 2032 inferno
3269 1969 3735 2042 fuerintJibera-

358 2062 743 2145 ιπιστραφέντα
794 2064 881 2119 καὶ
938 2061 1221 2141 ᾂνελθόντα
1274 2063 1346 2124 είς
1405 2061 1498 2129 τὴν
1556 2062 1708 2139 ἁγίαν
1742 2060 1794 2117 ἒν
1844 2060 2007 2139 οὖρα-

2111 2060 2337 2119 ionem.
2363 2062 2709 2139 Apparuent
2737 2068 2932 2119 autem
2965 2058 3165 2120 multis
3206 2060 3308 2141 qui
3341 2068 3478 2121 tunc
3524 2076 3731 2120 resur-

360 2169 479 2220 νοῖς
509 2152 690 2229 πολιν,
725 2166 970 2229 μιμεῖται
1000 2150 1154 2207 αδτὸν
1196 2151 1431 2225 πάντως,
1480 2151 1567 2207 καὶ
1593 2150 1892 2230 ὶπιστρέφει
1922 2153 2010 2207 καὶ

362 2246 543 2307 αὒτός.
577 2252 749 2303 ταῦτα
781 2243 880 2318 μὲν
940 2241 1026 2299 οῦν
1085 2243 1483 2320 περιεργότερον
1542 2240 1736 2309 ἐνοήθη
1770 2257 1783 2270 ⁸
1839 2243 1899 2297 σὺ
1954 2238 2009 2295 δὲ

360 2337 588 2414 γίνωσκε
648 2332 728 2388 δτι
786 2333 822 2399 ἡ
866 2337 972 2388 τῶν
1016 2336 1211 2409 νεκρῶν
1251 2328 1477 2408 ἒγερσις,
1534 2331 1569 2397 ἡ
1613 2328 1665 2385 ὲν
1696 2336 1774 2403 τῷ
1802 2337 2010 2406 σταυρῷ

357 2431 453 2481 τοῦ
510 2423 695 2499 Κυρίου
752 2420 1040 2499 γενομένη,
1112 2417 1300 2488 ἐδήλου
1370 2421 1457 2476 καὶ
1526 2419 1633 2475 τῶν
1691 2418 1743 2474 ἰν
1783 2426 1859 2493 τῷ
1912 2418 2008 2497 ᾅδῃ

360 2518 555 2593 ψυχῶν
608 2513 708 2577 τὴν
738 2510 1049 2588 ἐλευθερίαν.
1084 2499 1379 2589 ’Ὡορθησαν
1413 2506 1468 2564 δί
1501 2507 1725 2573 πολλοῖς
1771 2512 1816 2565 οἱ
1872 2509 2011 2564 ἀνα-

359 2604 581 2664 στάντες
637 2600 783 2672 τότε,
844 2598 936 2655 ’ἶνα
985 2599 1062 2673 μὴ
1104 2595 1229 2674 δόξῃ
1281 2598 1563 2678 φάντασμα
1590 2597 1732 2653 εἶναι
1761 2598 1823 2653 τὸ
1853 2598 2011 2675 γενό-

368 2708 552 2769 μενονο
624 2688 921 2756 ἀνέστησαν
979 2685 1033 2742 δὲ
1104 2686 1271 2767 οὗτοι,
1333 2686 1493 2766 χὶριν
1561 2696 1654 2745 τοῦ
1708 2687 1952 2761 σημείου³

2091 2157 2394 2221 rexerant,
2417 2157 2479 2208 ut
2506 2165 2581 2209 ne
2604 2146 2951 2228 phanstama
2980 2166 3111 2209 esse
3132 2147 3431 2210 videretur
3451 2147 3607 2228 quod
3634 2148 3737 2210 lie-

2093 2234 2699 2299 bat.ltesurrexerunt
2730 2245 2927 2298 autem
2960 2236 3044 2298 illi
3075 2244 3301 2299 tantum
3334 2237 3485 2316 signi
3525 2237 3729 2316 gratia,

2094 2325 2587 2406 manifestumque
2620 2333 2711 2386 est
2740 2325 3072 2407 illud,quod
3106 2328 3319 2388 iterum
3345 2325 3732 2399 mortui.Qui-

2091 2414 2224 2476 dam
2256 2421 2452 2476 autem
2484 2414 2689 2475 dicunt
2710 2415 2866 2495 quod
2901 2424 3208 2496 postquam
3241 2414 3508 2479 Christus
3529 2433 3734 2478 resur-

2092 2504 2710 2585 rexit,resurrexerint
2735 2514 2794 2567 et
2820 2504 2923 2579 illi,
2962 2524 3069 2567 nec
3094 2514 3296 2585 postea
3330 2505 3543 2567 mortui
3565 2505 3685 2568 sint
3718 2526 3733 2567 :

2095 2594 2202 2656 sed
2229 2593 2434 2655 nescio
2464 2612 2537 2654 an
2571 2594 2681 2654 hoc
2711 2594 2787 2657 sit
2818 2593 3252 2674 recipiendum.

2051 2682 2317 2765 πρόδηλον
2368 2682 2422 2739 δὲ
2494 2684 2572 2740 ὄτι
2642 2682 2801 2739 πάλιν
2847 2687 3151 2753 τεθνήκασι.
3234 2685 3377 2749 Τινὲς
3435 2682 3487 2740 δὶ
3544 2684 3737 2763 λέγου-

362 2803 452 2837 σιν
503 2778 583 2836 ὅτι
641 2777 777 2854 μετὰ
844 2777 906 2832 τὸ
974 2774 1261 2843 ἀναστῆναι
1330 2781 1422 2832 τὸν
1504 2776 1749 2855 Χριστὸν,
1809 2772 2103 2841 ἀνέστησαν
2158 2774 2246 2831 καὶ
2314 2773 2479 2851 οὗτοι,
2509 2774 2597 2828 καὶ
2650 2782 2744 2829 οὐκ
2776 2771 2850 2827 ’ἐτι
2896 2772 3173 2846 ἀπέθανον,
3206 2779 3360 2829 τοῦτο
3398 2770 3453 2828 δέ
3483 2773 3574 2829 οῦκ
3619 2770 3739 2829 οῖδα

372 2871 419 2925 εἷ
445 2867 528 2925 δεῖ
556 2864 968 2946 παραδέχεσθαι.

452 2980 478 3013 ε
514 2948 572 3015 ’0
616 2954 671 3011 δὲ
702 2954 1093 3034 ἑκατόνταρχος
1135 2955 1225 3011 καὶ
1266 2954 1313 3010 οἱ
1364 2954 1483 3029 μετ’
1516 2954 1675 3012 αῦτοῦ
1730 2963 2010 3032 τηροῦντες

366 3050 459 3104 τὸν
502 3045 731 3119 Ἰησοῦν,
790 3040 986 3107 ἰδοντες
1048 3044 1141 3100 τὸν
1199 3044 1418 3119 σεισμὸν
1475 3045 1564 3100 καὶ
1619 3043 1685 3100 τὰ
1728 3044 2007 3122 γενόμενα,

2177 2948 2355 3013 Vsus.
2392 2949 2611 3013 54-56.
2628 2949 2939 3012 uCenturio
2955 2959 3185 3020 vero,et
3205 2950 3305 3031 qui
3329 2968 3463 3012 cum
3486 2968 3556 3012 eo
3573 2958 3744 3013 erant

2097 3037 2500 3101 custodientes
2527 3040 2754 3109 Jesum,
2777 3037 2899 3099 viso
2932 3046 3105 3100 terrae
3143 3048 3330 3121 motu,
3368 3048 3426 3103 et
3474 3039 3566 3102 his
3611 3059 3744 3121 qua

365 3131 702 3217 έφοὸήθησαν
758 3129 977 3214 σφόδρα,
1039 3131 1285 3211 λέγοντες
1320 3150 1338 3168 ο
1403 3130 1649 3199 Ἀληθῶς
1707 3131 1837 3189 Θεοῦ
1893 3133 2011 3195 Υἱὸς

2111 3126 2249 3217 iacta
2305 3126 2561 3217 fuerant,
2624 3127 2947 3190 timurrunt
2994 3127 3185 3201 valde,
3242 3129 3507 3191 dicentes
3538 3127 3743 3217 :7Vere

367 3208 433 3293 ἦν
462 3224 637 3287 οὗτος.
669 3208 837 3279 ἐἰσιν
866 3208 922 3278 δῖ
966 3220 1081 3277 ἐκεῖ
1112 3208 1363 3297 γυναῖκες
1409 3220 1629 3301 πολλαὶ,
1680 3221 1784 3277 ἀπὸ
1815 3221 2015 3300 μακρόο

365 3316 451 3370 θεν
506 3314 818 3390 θεωροῦσαι,
880 3308 1082 3374 αἵτινες
1141 3308 1507 3377 ἠκολούθησαν
1552 3314 1630 3379 τῷ
1678 3308 1855 3377 ἰησοῦ
1911 3310 2017 3366 ἀπὸ

366 3406 465 3469 τῆς
521 3398 806 3463 Γαλιλαίας
851 3394 1182 3456 διακονοῦσαι
1242 3403 1409 3473 αὐτῷ,
1462 3398 1517 3455 έν
1546 3400 1638 3462 αἶς
1670 3402 1736 3468 ἦν
1769 3399 1940 3478 Μαρία
1981 3400 2016 3466 ἡ

370 3486 725 3567 Μαγδαληνὴ,
795 3489 883 3544 καὶ
941 3490 1113 3567 Μαρία
1170 3490 1205 3555 ἦ
1255 3495 1346 3545 τοῦ
1405 3485 1659 3546 Ἰακώϐου
1714 3489 1803 3545 καὶ
1861 3488 2019 3556 ἰωσῆ

368 3579 571 3658 μήτηρ,
602 3578 690 3634 καὶ
744 3578 780 3645 ἡ
832 3578 1014 3657 μήτηρ
1068 3582 1173 3633 τῶν
1244 3580 1368 3634 υἱῶν
1436 3575 1729 3640 Ζεϐεδαίου.
1765 3601 1792 3633 ι
1830 3568 1889 3635 Ὀ
1920 3577 2017 3654 μὶν

369 3668 570 3731 έθνικὸς
656 3668 1073 3747 ἑκατόνταρχος,
1162 3668 1268 3724 ἀπὸ
1326 3675 1430 3724 τῶν
1493 3668 1729 3743 σημείων
1786 3668 2017 3724 πιστεύει

370 3759 463 3814 σὺν
503 3771 620 3823 τοῖς
663 3758 783 3836 περὶ
835 3758 989 3815 αότόν
1024 3773 1038 3786 ·
1100 3759 1145 3813 οἶ
1204 3756 1256 3813 δὲ
1316 3760 1600 3839 προφητῶν
1656 3758 2017 3815 κατακούσαν-

367 3868 455 3911 τες
511 3848 599 3904 καὶ
642 3848 805 3922 νόμου
848 3844 1125 3922 Ἰουδαῖοι,
1157 3846 1369 3904 ἄπιστοι
1429 3848 1643 3922 μένουσι
1678 3862 1692 3877 ’
1770 3847 2021 3903 τοσοῦτόν

374 3942 523 3993 εστιν
578 3936 614 4004 ἡ
672 3936 900 4011 πονηρία
954 3935 1118 3993 κακόν
1157 3952 1169 3965 ⁸
1234 3938 1320 3992 καὶ
1375 3938 1704 4016 ἱμαρτύρι,σε
1734 3932 1787 3991 δὲ
1831 3938 1859 3991 6
1902 3936 2025 3991 ἑκα-

369 4025 664 4105 τόνταρχος
724 4024 873 4088 οὗτος
931 4026 1061 4105 ὑπὲρ
1106 4034 1330 4104 Χριστοῦ
1384 4024 1620 4105 ὕστερον,
1668 4030 1920 4091 Γυναῖκες
1970 4022 2022 4080 δὲ

370 4118 659 4192 θεωροῦσαι
693 4113 759 4170 τὰ
787 4115 1070 4193 γενόμενα,
1118 4118 1166 4171 αἱ
1224 4114 1457 4190 μάλιστα
1507 4116 1721 4171 πάντων
1748 4112 2023 4189 συμπαθὲ-

375 4224 579 4283 στεραι,
660 4205 749 4259 καὶ
815 4204 877 4258 τὸ
960 4203 1110 4282 γένος
1150 4216 1161 4229 ¹
1199 4206 1259 4259 τὸ
1343 4205 1675 4282 κατακριθέν,
1774 4202 2025 4261 ἂπολαύει

380 4298 589 4366 πρῶτον
644 4290 744 4359 τῆς
804 4298 909 4347 τῶν
952 4292 1162 4370 ἀγαθῶν
1206 4295 1422 4372 θεωρίας
1456 4309 1469 4322 ’
1518 4295 1604 4349 καὶ
1643 4297 1687 4350 οἱ
1720 4294 1817 4369 μὲν
1849 4296 2028 4368 μαθη-

375 4383 462 4437 ταὶ
532 4381 832 4460 φεύγουσιν,
893 4381 944 4436 αἱ
1017 4379 1069 4437 δὲ
1129 4396 1377 4460 γυναῖκες
1436 4388 1765 4461 καρτεροῦσι.
1827 4382 2028 4459 Μαρίαν

2100 3215 2284 3280 Filius
2330 3215 2434 3279 Dei
2479 3225 2613 3277 erat
2655 3216 2787 3279 iste.
2843 3217 3026 3279 Erant
3066 3225 3264 3279 autem
3314 3217 3398 3279 ibi
3456 3216 3741 3282 mulieres

2099 3304 2300 3368 multae
2330 3323 2362 3366 e
2394 3304 2712 3386 longinquo
2730 3314 3231 3388 spectantesque
3260 3322 3478 3370 secutae
3512 3307 3746 3371 fuerant

2100 3396 2301 3457 Jesum
2334 3412 2367 3455 a
2393 3392 2650 3461 Galilaaa.
2680 3394 3086 3457 ministrantes
3116 3395 3195 3469 ei,
3240 3395 3397 3460 inter
3426 3414 3570 3479 quas
3618 3406 3749 3461 erat

2101 3482 2279 3546 Maria
2313 3483 2680 3561 Magdali-ne,
2711 3492 2767 3545 et
2798 3486 2983 3547 Maria
3004 3484 3235 3561 Jacobi,
3264 3494 3324 3548 et
3349 3487 3487 3549 Jose
3534 3495 3742 3561 mater,

2104 3581 2163 3634 et
2189 3580 2378 3634 mater
2404 3571 2659 3634 liliorum
2686 3572 3019 3636 Zebeilazi.»
3054 3575 3335 3637 Centurio
3358 3576 3534 3638 homo
3554 3577 3750 3639 ethni-

2103 3679 2208 3724 cus
2238 3679 2273 3721 a
2299 3662 2483 3741 signis
2513 3661 2704 3723 credit
2732 3680 2866 3723 cum
2894 3662 2987 3723 his
3016 3662 3115 3743 qui
3147 3682 3353 3725 secum
3386 3673 3553 3727 erant
3584 3686 3598 3727 :
3632 3664 3743 3728 Ju-

2101 3749 2213 3812 daei
2241 3758 2437 3812 autem
2463 3751 2559 3832 qui
2584 3751 2771 3830 legem
2792 3759 2851 3812 et
2870 3752 3190 3832 prophetas
3211 3753 3751 3835 audierant,incre-

2102 3839 2225 3902 duli
2242 3849 2504 3903 manent.
2536 3840 2786 3902 Tantum
2806 3841 3020 3902 malum
3036 3841 3496 3921 estmalignitas.
3530 3844 3749 3924 Etpos-

2106 3936 2201 3991 tea
2233 3930 2573 4010 martyrium
2600 3929 2838 4011 pertulit
2869 3931 2963 3993 hic
2984 3931 3251 3992 centurio
3283 3939 3523 4013 propter
3544 3932 3751 3996 Chris-

2108 4026 2227 4079 tum
2240 4018 2540 4081 ..\lulieres
2554 4037 2689 4081 vero
2713 4026 3048 4100 spectantes
3060 4037 3128 4081 ea
3140 4038 3272 4101 qua;
3289 4019 3602 4095 ﬁebant,ut
3616 4027 3753 4083 sunt

2107 4106 2716 4187 compatientissimae,
2751 4116 2810 4169 et
2839 4126 3013 4170 sexus
3056 4109 3512 4183 condemnatus,
3547 4110 3753 4192 prima

2109 4196 2385 4257 fruuntur
2399 4197 2688 4258 bonorum
2717 4205 2950 4259 contem
2960 4197 3319 4278 platione.Et
3335 4198 3609 4280 discipuli
3629 4198 3755 4281 qui-

2112 4286 2245 4347 dem
2278 4285 2527 4364 l'ugiunt,
2557 4285 2839 4348 mulieres
2872 4295 3067 4349 autem
3100 4287 3281 4349 fortes
3312 4297 3470 4351 sunt.
3510 4288 3753 4352 Mariam

2112 4383 2308 4436 autem
2344 4386 2591 4436 matrem
2617 4374 2823 4437 Jacobi
2855 4384 2913 4436 et
2939 4376 3098 4451 Jose,
3129 4375 3441 4458 Deiparam
3473 4376 3754 4441 dicitJa-

377 4468 435 4525 δὶ
478 4466 740 4532 Ἰακώϐου
791 4470 879 4525 καὶ
934 4468 1095 4536 ἰωσῆ
1153 4471 1379 4549 μητέρα,
1429 4474 1527 4539 τὴν
1574 4473 1831 4528 Θεοτόκον
1860 4470 2021 4549 λέγει¹

2116 4464 2299 4526 cobus
2333 4462 2491 4525 enim
2521 4472 2580 4525 et
2606 4466 2777 4525 Joses
2793 4464 2903 4525 ίΠῆ
2931 4473 3098 4526 erant
3119 4466 3337 4547 Joseph
3369 4485 3401 4528 e
3419 4466 3617 4547 priore
3634 4467 3762 4547 ejus

379 4561 408 4615 6
465 4560 564 4638 γὰρ
592 4555 849 4621 Ἰάκωϐος
896 4560 981 4614 καὶ
1038 4557 1225 4626 ἰωσῆς
1282 4560 1374 4617 τοῦ
1431 4557 1626 4640 Ἰωσὴφ
1670 4561 1807 4628 ἦσαν
1846 4558 2034 4625 παῖδες

384 4648 490 4704 ἄπο
521 4648 619 4713 τῆς
664 4646 924 4725 προτέρας
957 4650 1115 4707 αὐτοῦ
1144 4650 1413 4725 γυναικός.
1461 4649 1609 4706 Ἐπεὶ
1639 4651 1729 4706 σῦν
1759 4651 1793 4718 ἡ
1838 4650 2035 4706 Θιοτό-

383 4758 477 4800 κος
538 4737 672 4814 γυντὶ⁸
715 4734 928 4814 ἐλέγετο
983 4747 1074 4796 τοῦ
1126 4736 1345 4817 Ἰωσὴφ,
1408 4738 1625 4802 εἰκότως
1656 4741 1743 4795 καὶ
1772 4745 1879 4795 τῶν
1908 4738 2037 4795 παί-

384 4822 488 4881 δων
546 4824 703 4884 αύτοῦ
753 4827 935 4903 μήτηρ
993 4824 1110 4892 ἤτοι
1168 4828 1400 4905 μητρυιὰ
1442 4827 1679 4903 ἐλέγετο·
1718 4826 1825 4895 ᾗδὲ
1856 4830 2035 4906 μήτηρ

377 4919 484 4970 τῶν
544 4915 671 4969 υἱῶν
767 4911 1064 4989 Ζεϐεδαίου,
1155 4914 1394 4991 Σαλώμη
1453 4916 1702 4975 ἐκαλεῖτο
1738 4936 1756 4954 ’
1803 4918 1941 4997 φασὶ
1981 4915 2034 4972 δὲ

379 5006 468 5059 καὶ
510 5003 707 5069 ταύτην
730 5002 989 5081 θυγατέρα
1017 5007 1157 5059 εἶναι
1199 5013 1293 5060 τοῦ
1337 5004 1561 5081 Ἰωσήφ.

459 5092 652 5167 Ὀψίας
710 5088 765 5147 δὲ
826 5093 1141 5170 γενομένης,
1201 5093 1357 5162 ἦλθεν
1435 5093 1705 5165 ἄνθρωπος
1787 5092 2035 5159 πλούσιος

384 5182 488 5238 ἀπὸ
548 5181 920 5260 Ἀριμαθαίας,
1001 5180 1229 5258 τοῦνομα
1318 5182 1538 5264 Ἰωσὴφ,
1626 5184 1682 5245 ὃς
1739 5184 1826 5238 καὶ
1885 5186 2037 5246 αὐτὸς

384 5270 707 5345 έμαθήτευσε
766 5277 842 5344 τῷ
901 5268 1104 5337 Ἰησοῦ.
1160 5272 1323 5336 οὗτος
1384 5272 1687 5341 προσελθὼν
1742 5276 1819 5346 τῷ
1864 5272 2030 5329 Πιλά-

382 5382 483 5435 τῳ,
530 5360 773 5436 ᾐτήσατο
816 5360 878 5416 το
941 5366 1096 5435 σῶμα
1143 5373 1235 5421 τοῦ
1290 5360 1487 5429 Ἰησοῦ.
1535 5371 1665 5419 Τότε
1725 5363 1752 5417 6
1810 5360 2036 5426 Πιλᾶτος

385 5448 657 5507 έκέλευσεν
715 5446 1037 5515 ἀποδοθῆναι
1102 5453 1163 5507 τὸ
1221 5457 1375 5527 σῶμα
1410 5470 1427 5487 ⁸
1474 5474 1561 5508 και
1604 5448 1777 5507 λαϐὼν
1820 5453 1881 5507 τὸ
1924 5456 2035 5507 σῶ-

384 5561 459 5613 μα
517 5540 546 5594 6
606 5536 833 5615 Ἰωσὴφ,
894 5537 1179 5606 ένετύλιξεν
1237 5542 1361 5599 who
1420 5538 1612 5597 σινδόνι
1670 5544 1890 5613 καθαρᾷ,
1951 5543 2037 5597 καὶ

387 5624 575 5693 ἔθηκεν
629 5626 753 5684 αὐτὸ
798 5625 850 5681 ἓν
894 5627 969 5699 τῷ
1012 5636 1178 5702 καινῷ
1222 5628 1382 5685 αὖτοῦ
1428 5630 1697 5704 μνημείῳ,
1759 5630 1785 5683 ὅ
1843 5627 2033 5685 ἐλατό-

2118 4571 2324 4614 uxore.
2358 4553 2578 4614 Verum
2605 4552 2746 4633 quia
2777 4552 3029 4635 [Ieipara
3074 4573 3224 4616 uxor
3270 4555 3489 4636 Joseph
3521 4555 3765 4617 diceba-

2121 4653 2237 4716 tur,
2273 4641 2485 4704 merito
2507 4651 2564 4704 et
2594 4643 2848 4705 liliorum
2883 4644 3013 4723 ejus
3051 4643 3362 4706 dici-batur
3392 4654 3601 4712 mater,
3654 4646 3767 4709 hoc

2120 4740 2209 4794 est
2232 4749 2503 4794 noverca.
2533 4734 2719 4794 Mater
2750 4741 2947 4794 autem
2992 4732 3246 4795 ﬁliorum
3291 4732 3561 4796 Zebedaei
3593 4731 3762 4796 Salo-

2126 4842 2219 4886 me
2246 4823 2575 4902 dicebatur,
2612 4842 2788 4905 quam
2820 4836 2880 4885 et
2908 4824 3097 4905 ipsam
3128 4826 3345 4905 Joseph
3379 4824 3558 4887 tiliam
3573 4824 3761 4887 aiunt.

2202 5090 2381 5153 Vens.
2419 5091 2637 5154 57-61.
2681 5111 2707 5149 ι
2734 5091 2996 5170 Vespere
3031 5099 3227 5154 autem
3270 5094 3423 5154 facto
3453 5093 3611 5156 venit
3651 5095 3761 5156 bo-

2123 5198 2217 5241 mo
2249 5180 2413 5242 dives
2447 5180 2520 5241 ab
2556 5179 2936 5259 Arimathzea,
2970 5180 3212 5243 nomine
3258 5182 3504 5263 Joseph,
3540 5190 3597 5244 et
3634 5182 3762 5264 ipse

2121 5268 2453 5350 discipulus
2482 5270 2670 5331 fuerat
2689 5268 2855 5331 Jesu.
2882 5267 2993 5332 Hic
3022 5270 3271 5332 accessit
3290 5271 3364 5332 ad
3399 5271 3675 5346 Pilatum,
3699 5291 3768 5335 ac

2121 5358 2436 5439 postulavit
2463 5376 2678 5439 corpus
2705 5356 2869 5421 Jesu.
2904 5357 3070 5421 Tunc
3115 5358 3333 5422 Pilatus
3378 5360 3557 5441 jussit
3593 5362 3767 5424 reddi

2122 5465 2355 5528 corpus.
2391 5447 2462 5509 Et
2500 5465 2635 5510 cum
2662 5448 2992 5528 accepisset
3020 5448 3495 5529 corpusJoseph,
3531 5450 3771 5514 involvit

2122 5536 2265 5598 illud
2299 5536 2355 5597 in
2390 5536 2643 5598 sindone
2674 5535 2918 5611 munda,
2954 5540 3272 5620 posuitque
3303 5537 3446 5600 illud
3466 5538 3527 5601 in
3558 5558 3759 5602 monu-

2123 5634 2325 5687 mento
2351 5642 2455 5688 suo
2480 5643 2654 5705 novo,
2690 5625 2849 5706 quod
2885 5626 3185 5691 exciderat
3209 5626 3270 5690 in
3303 5634 3567 5710 petra,et
3594 5626 3769 5692 advo-
