4144 6212
387 280 523 346 475,
1028 304 1029 309 π
1346 280 1938 344 THEOPHYLACTI
1984 279 2078 340 BU
2090 277 2392 338 [ΒΑΒΙῶ
2436 272 2793 338 ARCHIEP.
3647 277 3789 359 476'

387 414 507 474 luto
531 433 667 475 saxo
700 416 921 487 ingenti
954 417 1023 476 ad
1050 416 1263 476 ostium
1297 413 1692 485 monumenti,
1728 411 2013 473 abiit.Era

2120 430 2289 481 μησεν
2349 408 2402 462 ὲν
2456 414 2522 484 τῇ
2577 408 2759 486 πέτρᾳ.
2818 412 2914 468 Καὶ
2968 410 3315 489 προσκυλίσας
3388 411 3529 468 λίθον
3596 411 3766 487 μέγαν

386 512 578 564 autem
626 502 707 564 ibi
754 504 936 566 Malia
968 505 1337 583 Magdalene,
1366 518 1419 562 et
1455 502 1636 562 altera
1677 503 1803 560 t62
1856 501 2013 563 Mari;

2115 504 2183 573 τῇ
2223 500 2347 576 θύρα
2391 505 2481 552 :06
2537 501 2820 571 μνημείου,
2882 498 3116 565 ἀπῆλθεν
3148 517 3161 533 ⁸
3215 500 3273 567 ἧν
3325 498 3379 555 δέ
3430 498 3544 555 ἐκεῖ
3596 502 3765 576 Μαρία

388 591 662 653 sedentes
687 602 887 654 contra
919 595 1256 674 sepulcrum
1321 616 1343 645 υ
1383 589 2013 669 Delitescebatquiden

2196 584 2546 663 Μαγδαληνὴ,
2606 587 2696 640 καὶ
2738 588 2772 652 ἡ
2833 584 2969 652 ἄλλη
3016 590 3211 666 Μαρία,
3270 590 3565 656 καθήμεναι
3597 587 3763 642 ἀπέν-

387 681 525 742 olim
551 683 794 762 Joseph,
831 703 986 743 nunc
1016 692 1211 744 autem
1249 698 1514 755 magnam
1546 698 1670 740 rem
1697 680 1899 752 audet,
1932 697 2028 758 po-

391 790 535 831 nens
562 773 819 833 animam
847 791 1009 832 suam
1027 790 1131 851 pro
1145 787 1396 848 corpore
1425 768 2027 846 magistri,tantasque

384 859 1077 921 inimicitiasJudzeorum
1106 858 1649 936 suscipiens.Porro
1678 875 1780 936 pro
1816 874 2026 935 magno

385 948 540 1010 dono
571 949 853 1011 donatum
894 960 982 1011 est
1024 950 1104 1010 illi
1157 966 1377 1025 corpus
1403 946 1584 1009 Jesu:
1621 965 1752 1008 nam
1787 965 1920 1007 cum
1967 953 2029 1006 ut

384 1037 701 1101 seditiosus
733 1047 891 1100 esset
915 1039 1148 1099 occisus
1177 1037 1466 1109 Christus,
1501 1035 1796 1115 reliquum
1820 1044 1948 1096 erat
1964 1044 2025 1095 ut

379 1126 714 1207 insepultus
748 1127 956 1189 merito
981 1128 1363 1205 abiiceretur.
1385 1124 1603 1187 Verum
1638 1142 1768 1185 cum
1799 1123 2023 1202 Joseplt

378 1214 544 1276 dives
574 1224 751 1293 esset,
778 1216 1099 1277 verisimile
1126 1224 1211 1277 est
1246 1213 1403 1293 quod
1438 1213 1625 1277 Pilato
1671 1231 1876 1274 aurum
1910 1212 2021 1274 de-

381 1302 554 1367 derit.
607 1303 863 1366 Proinde
894 1322 1108 1384 corpus
1128 1303 1293 1382 quod
1329 1310 1663 1380 acceperat,
1698 1300 2025 1363 honoriﬁce

380 1401 638 1454 tractans
660 1391 719 1453 iu
754 1392 1027 1470 sepulcro
1056 1411 1204 1454 novo
1236 1391 1656 1462 recondidit,in
1691 1409 1807 1470 quo
1829 1389 2026 1450 nullus

2117 695 2232 728 αντι
2286 683 2377 731 τοῦ
2435 675 2624 752 τάφου,
2669 698 2689 728 η
2728 673 3047 753 Ἐκρύπτετο
3103 677 3201 749 μὲν
3247 676 3411 732 πάλαι
3460 679 3485 731 6
3540 674 3776 755 Ἰωσὴφ,

2110 767 2196 815 νῦν
2256 759 2307 815 δὲ
2354 762 2494 837 μέγα
2538 769 2757 838 πρᾶγμα
2800 763 2995 837 τολμᾷ,
3059 766 3216 827 τιθεὶς
3263 767 3362 831 τὴν
3394 765 3576 844 ψυχὴν
3607 767 3764 822 αὖτοῦ

2107 850 2235 927 ὑπὲρ
2297 858 2389 906 :06
2445 848 2816 909 διδασκαλικοῦ
2876 853 3144 927 σώματος,
3210 854 3297 909 καὶ
3339 854 3601 917 τοσαύτην
3658 851 3764 930 ’έχ-

2107 941 2230 1013 θραν
2313 940 2443 1016 πρὸς
2529 940 2729 1002 πάντας
2814 939 3093 1005 Ἰουδαίους
3175 940 3579 1016 ἀναδεξάμενος.
3669 931 3762 1002 (δὶς

2109 1027 2353 1105 μεγάλην
2412 1027 2466 1084 δὲ
2523 1025 2743 1108 δωρεὰν,
2804 1027 3012 1087 δίδωσιν
3064 1031 3207 1104 αὒτῷ
3233 1033 3293 1088 :6
3322 1032 3479 1105 σῶμα
3509 1033 3536 1087 6
3589 1027 3760 1085 Πιλᾶ-

2108 1138 2219 1178 τος.
2292 1108 2382 1181 Ὠς
2442 1119 2542 1195 γὰρ
2585 1128 2901 1176 στασιαστοὺ
2930 1119 3316 1185 θανατωθέντος
3376 1126 3468 1177 :06
3510 1124 3761 1197 Χριστοῦ,

2110 1206 2325 1271 εἰκότως
2382 1207 2443 1261 :6
2496 1208 2650 1281 σῶμα
2707 1209 2864 1266 αὐτοῦ
2936 1206 3155 1283 ἔμελλεν
3240 1207 3447 1288 ἄταφον
3498 1208 3707 1287 ῥιφῆναι
3748 1225 3761 1238 ⁸

2110 1292 2231 1349 ἀλλ’
2290 1296 2318 1351 6
2380 1288 2575 1373 Ἰωσὴφ
2636 1293 2891 1359 πλούσιος
2949 1298 3045 1377 ὢν,
3106 1298 3245 1362 εἰκὸς
3302 1295 3384 1353 ὅτι
3440 1297 3527 1353 καὶ
3570 1293 3762 1353 ἔδωκεν

2109 1382 2171 1438 ἂν
2214 1390 2289 1457 τῷ
2347 1382 2560 1457 Πιλάτῳ
2603 1386 2843 1463 χρυσίον.
2908 1387 3002 1442 Καὶ
3055 1384 3230 1442 λαϐὼν
3287 1392 3418 1461 τιμᾷ
3459 1386 3608 1458 αὐτο,
3654 1405 3759 1440 κα-

2108 1474 2279 1536 ταθεὶς
2324 1472 2378 1528 ἐν
2422 1475 2668 1545 μνημείῳ
2724 1481 2914 1551 καινῷ,
2972 1473 3023 1529 ἐν
3082 1477 3128 1548 ᾦ
3157 1472 3363 1532 οὒδέπω
3420 1472 3584 1539 οὐδεὶς
3643 1472 3763 1529 ἐτέ-

2814 939 3093 1005 Ἰουδαίους

382 1499 642 1562 unquam
674 1482 897 1561 positus
926 1490 1050 1543 erat
1080 1500 1094 1544 :
1122 1481 1177 1542 id
1203 1499 1321 1560 quo
1352 1480 1555 1540 divina
1585 1478 2027 1559 dispensatione
2108 1478 2279 1536 τιθεὶς
2324 1478 2378 1528 ἐν
2422 1478 2668 1562 μνημείῳ
2724 1496 2793 1561 κκ

378 1560 617 1649 factum,
654 1560 730 1632 ne
759 1589 889 1631 cum
923 1569 1660 1632 resurrexissetDominus.
1684 1568 2013 1649 possetqui:

2107 1564 2173 1627 θη
2211 1580 2225 1593 ·
2270 1568 2426 1618 τοῦτο
2482 1560 2536 1616 δὲ
2581 1564 2879 1637 οἰκονομίας
2922 1569 3053 1619 Θεοῦ
3083 1564 3171 1634 ἦν,
3230 1562 3323 1620 ἵνα
3365 1566 3465 1638 μὴ,
3500 1563 3761 1619 ἀναστάνο

379 1659 579 1722 dicere
601 1660 756 1740 quod
791 1661 942 1723 alius
972 1670 1108 1722 ante
1140 1679 1274 1720 eum
1307 1660 1572 1738 sepultus
1600 1658 1617 1719 i
1647 1658 1724 1719 lic
1759 1648 2013 1719 mortuus

2108 1671 2198 1712 τος
2257 1657 2349 1706 τοῦ
2410 1650 2619 1729 Κυρίου,
2653 1648 2773 1730 ἔχοι
2804 1673 2885 1716 τις
2930 1652 3101 1708 εἰπεῖν
3151 1651 3231 1708 ὅτι
3288 1651 3448 1716 ἄλλος
3507 1652 3761 1730 πρότερον

377 1738 891 1811 ι-οευτεθᾶιὶεεοιεει
912 1750 1136 1811 idcirco
1159 1749 1271 1809 fuit
1301 1756 1745 1811 monumentum
1780 1766 2013 1809 novum.

2108 1740 2286 1817 :zqsic
2344 1738 2460 1794 ἐκεῖ
2520 1740 2699 1817 νεκρὸς
2788 1740 3004 1806 ἀνέστη.
3072 1742 3169 1796 Διὰ
3223 1748 3381 1798 τοῦτο
3438 1743 3525 1797 06v
3580 1742 3761 1797 καινὸν

2143 1830 2152 1838 .
2565 1820 3348 1838 .____.-..,_-..
3503 1827 3703 1838 --....

375 1838 560 1901 Maria
588 1848 781 1898 autem
814 1837 1180 1917 Magdalene,
1214 1848 1271 1898 et
1322 1838 1509 1899 altera
1552 1838 1755 1905 Maria.
1793 1838 1903 1897 hoc
1936 1837 2013 1898 es1

2108 1830 2167 1882 τὶ
2222 1840 2514 1901 μτημεῖον.
2565 1827 2627 1883 Ἠ
2687 1830 2857 1901 Μαρία
2887 1827 2940 1883 δὲ
2968 1831 3000 1895 ἡ
3040 1828 3391 1909 Μαγδαληνὴ,
3438 1832 3521 1886 καὶ
3548 1832 3584 1896 ἡ
3618 1827 3757 1894 ἄλλη

374 1925 626 2007 Deipara
659 1946 835 2005 quam
868 1915 1046 2006 supra
1098 1926 1325 1988 dixerat
1370 1928 1509 1988 .lose
1568 1935 1627 1986 et
1657 1926 1856 1987 Jacobi
1891 1944 2013 1985 ma-

2109 1917 2301 1993 Μαρία,
2365 1915 2656 1995 τουτέστιν,
2727 1918 2761 1983 ἡ
2815 1917 3099 1988 Θεοτόκος,
3146 1917 3211 1985 ἢν
3273 1917 3520 1989 ἀνωτέρω
3567 1915 3754 1973 ἐκάλεε

378 2003 552 2082 trem.
614 2003 801 2077 amba)
856 2003 1207 2077 ass-ederunt
1262 2015 1330 2075 ad
1385 2014 1744 2093 sepulturam
1782 2032 1794 2075 :
1831 2015 1907 2073 ita
1958 2023 2013 2074 ut

2107 2025 2194 2058 σεν
2236 2003 2398 2070 ’[ωσῆ
2444 2006 2532 2061 καὶ
2592 2003 2844 2061 Ἰακώϐου
2890 2006 3118 2085 μητέρα,
3167 2008 3319 2063 αὗται
3371 2009 3420 2063 αἱ
3491 2006 3580 2063 δύο
3623 2008 3753 2063 κάθ-

375 2122 508 2165 cum
541 2105 704 2164 furor
732 2104 1064 2165 .ludzeorum
1100 2113 1381 2175 cessaret,
1417 2104 1648 2164 abirent
1676 2112 1732 2163 et
1762 2105 2013 2180 amplec-

2103 2116 2257 2159 ηνται
2319 2093 2569 2150 ἀπέναντι
2654 2100 2748 2150 τοῦ
2834 2095 3000 2172 τάφου
3065 2094 3515 2173 προσεδρεύουσαι,
3594 2095 3753 2176 ὥστε,

375 2201 640 2253 terentur
670 2211 909 2272 corpus,
941 2212 1007 2253 ac
1046 2194 1518 2271 iuungerent.De
1543 2192 1636 2253 his
1671 2192 2013 2253 mulieribus

2102 2184 2143 2238 εἰ
2200 2186 2458 2239 παῖσαιτο
2598 2182 2780 2257 μανία,
2838 2182 3090 2239 ἀπελθεῖν
3136 2187 3219 2240 καὶ
3276 2189 3626 2265 περιχυθῆναι
3682 2193 3759 2260 τῷ

376 2279 611 2342 dicebat
659 2280 838 2341 Isaias
873 2300 887 2340 :
924 2281 1202 2341 Mulieres
1256 2282 1561 2341 venientes
1591 2300 1625 2340 a
1652 2282 2013 2361 spectaculo,

2101 2272 2334 2346 σώματι,
2395 2273 2483 2327 καὶ
2526 2273 2737 2348 μυρίσαι
2796 2274 2945 2333 αὐτὸ.
3007 2276 3132 2351 Περὶ
3189 2280 3296 2329 τῶν
3347 2276 3598 2332 τοιούτων
3652 2298 3754 2353 γυ-

2229 2367 2251 2371 _
2605 2353 2664 2371 ε..
2751 2363 2760 2371 .
2965 2368 2999 2371 _
3292 2361 3305 2371 .
3408 2365 3417 2371 .
3655 2364 3669 2371 -
3728 2368 3737 2371 -

376 2369 740 2442 non,venite.
776 2389 891 2430 non
926 2371 1080 2430 enim
1110 2370 1357 2448 populus
1386 2380 1474 2431 est
1496 2359 1721 2430 habenis
1752 2370 2013 2432 intellec-

2100 2367 2292 2415 ναικῶν
2349 2359 2528 2437 ἔλεγεν
2605 2359 2828 2423 Ἠσαίας
2866 2378 2879 2391 ⁸

372 2468 519 2521 tum.
569 2459 880 2522 Manifeste
921 2458 1183 2536 loquitur
1215 2459 1290 2521 de
1344 2459 1590 2520 Judaico
1640 2459 1882 2539 populo,
1914 2461 2013 2540 qui

2100 2448 2241 2527 θέας,
2304 2448 2449 2504 δεῦτε
2486 2465 2499 2478 ⁸
2542 2451 2602 2506 οὐ
2642 2450 2741 2528 γὰρ
2771 2449 2898 2512 λαός
2933 2448 3073 2505 ἐστιν
3117 2450 3263 2530 ἔχων
3311 2454 3538 2509 σύνεσιν.
3573 2458 3747 2508 Φανεο

370 2546 745 2609 crucitixerat
773 2546 1107 2619 Dominum,
1148 2547 1301 2627 quod
1334 2566 1448 2609 non
1486 2536 2013 2612 habentiintel‘e‘c-

2100 2541 2201 2616 ρ·.ὖς
2263 2540 2361 2617 γὰρ
2421 2540 2537 2615 περὶ
2592 2546 2683 2594 τοῦ
2742 2536 3035 2595 Ἰουδαϊκοῦ
3092 2539 3221 2596 λαοῦ
3263 2550 3355 2599 :06
3408 2544 3747 2620 σταυρώσαν-

371 2646 520 2699 tum.
553 2636 813 2698 Advocat
837 2636 1014 2713 igitur
1048 2625 1426 2707 mulieres,ut
1459 2637 1736 2717 populum
1770 2637 2011 2717 quidem

2101 2647 2189 2687 τος
2247 2628 2337 2681 τὸν
2398 2626 2615 2705 Κύριον,
2651 2625 2797 2705 λέγει
2829 2626 2909 2682 ὅτι
2955 2631 3049 2685 οὒκ
3091 2626 3276 2707 ἔχουσι
3322 2629 3552 2687 σύνεσιν.
3584 2634 3723 2707 Προσ

369 2724 1006 2799 intellectucarentem
1059 2714 1570 2805 derelinquerent,
1618 2726 1689 2786 ad
1723 2714 2013 2805 apostolos

2100 2714 2340 2770 καλε”ται
2416 2716 2504 2770 οὖν
2557 2716 2747 2778 ταύτας
2806 2714 3130 2790 καταλεῖψαι
3189 2716 3287 2790 μὲν
3357 2719 3447 2773 τὸν
3502 2717 3750 2774 ἀσύνετον

372 2824 567 2877 autem
613 2815 991 2889 accederent,
1043 2823 1099 2876 et
1129 2815 1246 2875 iliis
1276 2804 1731 2877 resurrectionis
1760 2804 2010 2895 evange-

2100 2804 2246 2884 λαὸν,
2303 2804 2617 2882 προσελθεῖν
2660 2804 2714 2861 δὲ
2774 2819 2891 2869 τοῖς
2936 2804 3275 2887 ἂποστόλσιις,
3338 2808 3423 2863 καὶ
3468 2807 3742 2885 εὐαγγελί-

2964 2368 2999 2417 Γ
3004 2376 3215 2433 υναῖδιες
3288 2361 3574 2443 ἐρχόμεναι
3647 2364 3751 2420 ἀπὸ

368 2904 513 2965 lium
549 2904 956 2984 praedicarent.

389 3045 401 3067 ε
450 2992 633 3054 Vens.
669 2992 887 3055 62-66.
932 2991 1203 3054 «Postera
1234 3001 1430 3053 autem
1460 2992 1558 3057 die
1590 3012 1720 3074 quas
1749 2996 2013 3074 sequitur

370 3084 756 3152 Parasceven.
793 3091 1200 3144 convenerunt
1227 3082 1526 3161 principes
1553 3082 1923 3144 sacerdotum
1953 3093 2011 3145 et

370 3171 652 3234 Pharisaei
682 3172 751 3232 ad
776 3170 1051 3240 Pilatum.
1081 3172 1351 3233 dicentes
1384 3189 1397 3235 :
1433 3170 2010 3244 D0mine,recordati

369 3278 574 3322 sumus
596 3260 752 3341 quod
778 3260 1065 3340 impostor
1087 3260 1186 3322 ille
1215 3261 1361 3322 dixit
1389 3262 1583 3324 adhuc
1616 3261 1832 3333 vivens,
1870 3264 2012 3325 Post

367 3356 489 3409 tres
519 3348 647 3411 dies
671 3367 998 3426 resurgam.
1050 3350 1197 3412 Jube
1248 3368 1387 3426 ergo
1421 3351 1636 3411 muniri
1668 3352 2004 3430 sepulcrum

371 3455 556 3517 usque
587 3438 647 3498 in
676 3436 833 3499 diem
869 3437 1128 3513 tertium,
1164 3455 1237 3501 ne
1267 3438 1503 3519 quando
1559 3440 1798 3500 veniant
1821 3440 2004 3502 disci-

367 3526 489 3605 puli
520 3527 651 3604 ejus
685 3535 956 3596 uoctu.et
985 3526 1254 3589 furentur
1276 3547 1433 3601 eum,
1469 3528 1785 3609 dicantque
1824 3529 2004 3607 plebi,

367 3613 681 3678 Surrexita
708 3615 950 3677 mortuis
983 3637 997 3676 :
1038 3617 1225 3677 eterit
1247 3616 1602 3678 novissimus
1647 3634 1820 3679 error
1844 3618 2011 3698 pejor

371 3704 587 3785 priore.
629 3704 726 3765 Ait
757 3704 875 3766 illis
923 3705 1141 3767 Pilatus
1181 3705 1465 3769 :Habetis
1520 3707 1873 3787 custodiam,
1904 3708 2006 3783 ite,

367 3793 591 3855 munite
622 3794 777 3855 sicut
807 3793 1093 3858 scitis.llli
1124 3806 1319 3857 autem
1354 3796 1643 3857 abeuntes
1672 3796 2013 3857 munierunt

365 3882 1047 3964 sepulcrum,obsignato
1076 3885 1586 3964 lapide.adhibitis
1602 3884 2005 3951 custodibus.»

366 3969 492 4033 Non
520 3973 783 4033 nominat
814 3970 1154 4052 Sabbatum,
1186 3973 1507 4035 Sabbatum
1545 3995 1558 4036 :
1605 3993 1675 4036 eo
1706 3975 1859 4053 quod
1896 3994 2013 4036 non

370 4068 495 4123 erat
527 4058 846 4123 Sabbatum
872 4070 1151 4141 quantum
1170 4063 1240 4123 ad
1262 4062 1599 4125 Judaeorum
1618 4064 1902 4124 insaniam
1919 4072 2012 4125 at-

366 4148 771 4213 tinebat.Cum
798 4150 953 4210 enim
981 4150 1072 4213 lex
1100 4151 1415 4232 principiat
1451 4156 1672 4234 nequis
1694 4172 1757 4215 se
1784 4162 2014 4215 moveat

365 4238 462 4300 die
488 4237 917 4300 Sabbatialoco
949 4244 1567 4319 suoqumvaricatoreS
1590 4242 1773 4304 Judtui
1794 4244 2013 4309 vadunt

367 4328 439 4389 ad
488 4328 881 4406 alienigenam
945 4329 1222 4399 Pilatum,
1260 4338 1315 4391 et
1374 4349 1489 4391 non
1544 4331 1615 4391 ad
1678 4350 2005 4410 congrega-

367 4415 588 4479 tionem
623 4434 798 4496 quam
833 4417 922 4477 lex
959 4418 1352 4497 permittebat.
1377 4418 1447 4482 Et
1479 4420 1589 4500 ipsi
1620 4420 1860 4501 quidem
1906 4441 2011 4483 sua

366 4505 586 4567 malitia
627 4504 985 4584 instigantur
1017 4515 1078 4567 ut
1112 4507 1327 4569 vadant
1374 4509 1443 4570 ad
1476 4510 1744 4582 Pilatum,
1780 4519 1838 4571 et
1872 4530 2006 4571 mu-

366 4594 532 4656 niant
584 4594 961 4672 sepulcrum:
993 4595 1098 4657 Dei
1162 4605 1356 4658 autem
1414 4598 1855 4678 dispensatione
1895 4600 2004 4661 hoc

363 4684 606 4764 factum,
631 4685 1072 4747 utresurrectio
1090 4684 1347 4747 inimicis
1372 4687 1618 4749 testibus
1651 4688 2008 4768 comprobe-

366 4772 628 4846 tur,dum
649 4774 987 4854 sepulcrum
1021 4774 1283 4834 munitur
1312 4776 2011 4839 etcustoditur.lnterro-

364 4862 600 4942 gatione
633 4872 829 4923 autem
863 4862 1301 4941 diguum.unde
1327 4863 1513 4926 Judwi
1549 4864 1815 4927 sciebant
1839 4866 2011 4929 Chri-

362 4959 515 5011 stum
536 4951 820 5014 tertiodie
846 4952 1624 5014 resurrecturum?Nonduu.
1650 4956 1806 5014 enim
1825 4954 2017 5015 Domi-

370 5056 481 5100 uus
511 5040 669 5103 nude
695 5050 752 5103 et
776 5039 1086 5102 manifeste
1111 5040 1195 5102 eis
1226 5042 1337 5103 hoc
1386 5042 1636 5105 dixerat.
1661 5043 1789 5107 Dici
1826 5051 2019 5125 potest

369 5128 527 5208 quod
560 5131 803 5207 aﬁgura
850 5127 1015 5191 Jonae
1065 5132 1467 5209 cognoverint,
1507 5133 1830 5211 prmsertim
1878 5152 2012 5194 cum

366 5214 635 5279 Christus
665 5218 916 5281 dixerit:
957 5243 982 5273 σ
1022 5216 1185 5281 Sicut
1210 5219 1391 5283 Jonas
1438 5221 1545 5283 fuit
1583 5222 1770 5282 tribus
1800 5221 2011 5284 diebus

364 5303 425 5365 in
456 5314 662 5368 ventre
706 5308 844 5385 ceti,
893 5306 972 5367 ita
999 5316 1054 5367 et
1087 5325 1194 5388 ego
1248 5308 1309 5370 in
1352 5320 1556 5373 ventre
1604 5319 1781 5373 terrae
1809 5311 1939 5385 09';
1978 5336 2003 5366 ιο

357 5393 495 5483 165
540 5396 630 5457 vel
679 5414 747 5457 ex
799 5395 900 5457 illo
950 5392 1350 5475 quod-dixit:
1393 5422 1415 5455 α
1455 5399 1678 5463 Solvite
1723 5400 2007 5482 templum

438 5563 530 5646 οφ
562 5565 764 5627 Matth.
802 5580 907 5643 xu,
931 5564 1031 5626 40.

2096 2898 2282 2951 σασθαι
2314 2899 2496 2959 αὒτοῖς
2528 2896 2627 2961 τὴν
2659 2895 2967 2954 ἀνάστασιν.

2180 3004 2211 3041 ς
2243 2990 2321 3060 Τῇ
2353 2982 2405 3037 δὲ
2436 2982 2706 3061 ἐπαύριον,
2741 2983 2857 3051 ἥτις
2902 2982 3012 3040 ἐστὶ
3042 2988 3177 3060 μετὰ
3234 2989 3333 3052 τὴν
3378 2986 3739 3064 Παρασκευὴν,

2094 3076 2392 3143 συνήθησαν
2472 3075 2517 3127 οἱ
2599 3073 2873 3153 ἀρχιερεῖς
2964 3076 3056 3132 καὶ
3122 3078 3168 3132 οἱ
3245 3082 3529 3156 Φαρισαῖοι
3612 3078 3742 3153 πρὸς

2093 3160 2342 3235 Πιλᾶτον,
2403 3160 2648 3239 λέγοντες
2683 3179 2698 3193 ⁸
2752 3164 2926 3243 Κύριε,
3006 3163 3348 3240 ἐμνήσθημεν
3403 3164 3483 3222 ὅτι
3536 3166 3743 3228 ἐχεῖνος

2092 3254 2119 3307 6
2175 3249 2370 3313 πλανος
2425 3252 2580 3307 εἶπεν
2611 3250 2687 3306 ἔτι
2718 3257 2821 3319 ζῶν
2858 3272 2868 3284 ·
2940 3254 3085 3308 Μετὰ
3127 3266 3273 3331 τρεῖς
3302 3254 3506 3334 ἡμέρας
3538 3253 3743 3331 ἐγείρο-

2092 3361 2211 3415 μαι,
2271 3339 2528 3397 Κέλευσον
2581 3343 2671 3395 οὖν
2726 3339 3113 3408 ἀσφαλισθῆναι
3162 3345 3252 3400 τὸν
3281 3345 3444 3423 τάφον
3492 3343 3593 3407 ἕως
3646 3344 3742 3413 τῆς

2092 3436 2273 3506 τρίτης
2328 3429 2554 3508 ἡμέρας,
2627 3430 2839 3503 μήποτε
2897 3429 3136 3493 ἐλθόντες
3197 3433 3241 3487 οί
3312 3435 3544 3508 μαθηταὶ
3588 3433 3745 3493 αὖτοῦ

2094 3520 2303 3589 νυκτὸς,
2365 3516 2634 3590 κλέψωσιν
2678 3518 2858 3591 αὐτὸν,
2892 3520 2979 3574 καὶ
3026 3519 3221 3575 εἴπωσι
3268 3524 3343 3596 τῷ
3376 3521 3510 3596 λαῷ,
3546 3519 3741 3601 Ἠγέρ-

2092 3608 2158 3671 θη
2219 3604 2324 3660 ἆπὸ
2382 3612 2487 3660 τῶν
2561 3612 2810 3682 νεκρῶντ
2855 3609 2943 3663 καὶ
3000 3606 3145 3664 ἔσται
3215 3610 3249 3677 ἡ
3295 3609 3504 3691 ἐσχάτη
3562 3609 3741 3676 πλάνη

2094 3694 2289 3774 χείρων
2332 3694 2429 3761 τῆς
2460 3694 2701 3773 πρώτης.
2735 3685 2893 3774 ’Ἔφη
2940 3697 3120 3759 αὐτοῖς
3165 3701 3192 3754 ὁ
3239 3685 3487 3765 Πιλάτος·
3524 3698 3757 3780 ’Ἔχετε

2095 3780 2436 3862 κωυστοδίαν,
2493 3784 2747 3864 ὑπάγετε,
2829 3784 3185 3863 ἀσφαλίσασθε
3261 3789 3334 3851 ὡς
3394 3786 3599 3849 οἴδατε.
3679 3791 3738 3846 Oi

2096 3870 2151 3926 δὲ
2197 3871 2532 3949 πορευθέντες
2587 3872 2946 3951 ἠσφαλίσαντο
3010 3876 3103 3930 τὸν
3182 3876 3369 3956 τάφον,
3428 3878 3741 3956 σφραγίσανο

2095 3983 2183 4024 τες
2226 3964 2315 4016 τὸν
2359 3959 2497 4016 λίθον
2556 3963 2689 4035 μετὰ
2744 3967 2841 4028 τῆς
2896 3961 3241 4028 κουστωδίας.
3276 3989 3298 4020 ι
3362 3968 3469 4023 Οὐχ
3495 3966 3737 4041 ὀνομάζει

2095 4052 2155 4106 τὸ
2213 4046 2504 4128 Σάϐϐατον,
2568 4047 2862 4125 Σάϐϐατον,
2934 4049 3065 4107 διότι
3129 4051 3245 4108 οὒδὲ
3304 4050 3574 4109 Σάϐϐατον
3646 4052 3735 4123 ἦν,

2096 4139 2216 4196 ὅσον
2272 4138 2356 4194 ἐπὶ
2411 4144 2479 4214 τῇ
2548 4139 2707 4210 κακία
2763 4145 2867 4196 τῶν
2928 4139 3190 4199 Ἰουδαίων
3231 4159 3245 4173 ⁸
3292 4150 3383 4199 :06
3424 4144 3523 4221 γὰρ
3578 4142 3739 4217 νόμου

2094 4228 2488 4307 διαγορεύοντος
2551 4234 2620 4304 τῇ
2671 4228 2844 4306 ἡμέρᾳ
2910 4239 3001 4287 τοῦ
3068 4228 3341 4288 Σαϐϐάτου
3405 4230 3607 4307 μηδένα
3658 4253 3744 4286 κι-

2096 4322 2294 4375 νεῖσθαι
2340 4317 2399 4374 ἐκ
2458 4325 2550 4373 τοῦ
2593 4318 2757 4374 τόπου
2805 4320 2985 4396 αὐτοῦ,
3047 4322 3091 4378 οἳ
3146 4319 3438 4399 παράνομοι
3495 4319 3741 4377 Ἰουδαῖοι

2090 4402 2224 4487 πρὸς
2280 4410 2373 4463 τὸν
2439 4405 2735 4487 ἀλλόφυλον
2805 4408 3035 4467 Πιλᾶτον
3080 4412 3417 4489 συνάγονται,
3488 4410 3601 4465 ἀντὶ
3642 4414 3739 4475 τῆς

2095 4496 2474 4572 νενομισμένης
2549 4494 2830 4562 συνάξεως,
2883 4497 3031 4554 Ἀλλ’
3079 4500 3273 4555 ἐκεῖνοι
3333 4499 3428 4572 μὲν
3484 4500 3585 4555 ὑπὸ
3640 4501 3737 4566 τῆς

2094 4588 2291 4643 ἑαυτῶν
2347 4592 2609 4640 κινοῦνται
2665 4588 2921 4665 πονηρίας
2979 4590 3051 4653 εἷς
3089 4589 3149 4644 τὸ
3179 4586 3489 4657 προσελθεῖν
3518 4594 3593 4661 τῷ
3640 4593 3737 4642 [Ιι-

2093 4678 2259 4752 λάτῳ,
2310 4676 2399 4731 καὶ
2456 4674 2839 4752 ἀσφαλίσασθαι
2898 4678 2987 4733 τὸν
3038 4678 3221 4757 τάφον
3279 4684 3408 4733 Θεοῦ
3436 4674 3493 4733 δὲ
3534 4679 3736 4734 οἰκονο-

2096 4771 2187 4842 μία
2240 4774 2415 4831 τοῦτο,
2477 4765 2565 4818 ’ἱνα
2624 4765 2658 4831 ἡ
2708 4765 2992 4830 ἀνάστασις
3074 4767 3281 4844 γένοιτο
3334 4767 3435 4822 ὑπὸ
3516 4766 3737 4845 μάρτυσι

2094 4872 2210 4920 τοῒς
2298 4854 2540 4934 ἐχθροῖς,
2616 4854 2701 4909 καὶ
2774 4855 3190 4935 ἐσφραγισμένοι)
3257 4858 3349 4913 :06
3412 4856 3575 4935 τάφου
3652 4863 3738 4916 καὶ

2098 4944 2489 5027 φυλαττομένου
2523 4957 2537 4971 '
2598 4941 2739 5007 ἄξιον
2818 4942 2871 4999 δὲ
2928 4950 3156 5015 ζητῆσαι
3200 4944 3356 5001 πόθεν
3400 4947 3446 5000 οἱ
3491 4942 3737 5002 Ἰουδαῖοι

2099 5037 2348 5113 μαθόντες
2407 5033 2566 5091 εἶπον
2623 5031 2703 5088 ὅτι
2755 5040 2823 5111 τῇ
2908 5035 3056 5113 τρίτη
3109 5033 3280 5113 ὴμέρᾳ
3347 5033 3683 5116 ἐγερθήσεται
3719 5048 3733 5063 ⁸

2096 5133 2156 5187 οὗ
2213 5127 2311 5205 γὰρ
2355 5123 2523 5195 δήπου
2581 5128 2609 5182 6
2660 5126 2845 5203 Κύριος
2890 5126 3015 5181 εἶπε
3070 5132 3224 5183 τοῦτο
3266 5127 3449 5205 σαφῶς
3492 5126 3579 5180 καὶ
3635 5145 3735 5200 γυ-

2098 5223 2264 5293 μνῶς.
2330 5214 2523 5272 ’Ἔστιν
2556 5215 2643 5272 οὖν
2674 5217 2842 5271 εἰπεῖν
2897 5213 2976 5269 ὅτι
3031 5217 3136 5271 ἀπὸ
3164 5221 3256 5270 τοῦ
3312 5211 3737 5292 παραδείγματος

2093 5317 2185 5365 :06
2244 5307 2393 5362 Ἰωνᾶ
2423 5304 2574 5360 τοῦτο
2632 5304 2867 5383 ἔγνωσαν
2902 5319 2916 5333 ⁸
2965 5304 3091 5360 εἶπε
3138 5305 3238 5382 γὰρ
3286 5304 3315 5359 6
3347 5304 3596 5382 Χριστὸς,
3656 5298 3737 5357 ὅτι

2100 5422 2125 5452 ι
2176 5388 2392 5472 ’Ὠσπερ
2453 5396 2633 5457 ἰωνᾰς
2689 5395 2756 5458 ἦν
2800 5407 2947 5469 τρεῖς
2995 5393 3195 5472 ἡμέρας
3254 5392 3308 5447 ἐν
3351 5396 3418 5467 τῇ
3450 5390 3620 5461 κοιλίᾳ
3647 5396 3738 5446 :06
