4144 6212
423 326 540 389 479

417 542 574 603 diem
597 550 653 600 et
676 551 930 602 noctem.
962 543 1133 602 Potes
1149 549 1208 601 et
1228 541 1399 602 aliter
1417 552 1538 601 tres
1561 541 1689 601 dies
1712 561 2058 607 numerare:

414 631 481 691 In
517 631 831 688 Parasceve
882 628 1119 689 tradidit
1151 628 1443 707 spiritum.
1486 647 1625 689 ecce
1660 648 1838 690 unum
1876 633 2058 695 diem.

416 715 669 780 Sabbato
695 718 751 777 in
779 718 1053 798 sepulcro
1081 717 1360 790 fuit,ecce
1379 718 1678 779 secundus
1702 719 1850 780 dies.
1877 720 2060 783 Nocte

412 805 737 867 Dominica':
765 806 1129 881 resurrexit;
1165 826 1195 865 ιι
1228 816 1388 885 parte
1420 806 1601 885 igitur
1632 820 1975 871 numeratur
2006 820 2064 872 et

416 895 728 957 Dominica
761 895 816 955 in
848 894 1026 954 alium
1060 896 1241 961 diem.
1280 904 1336 954 et
1367 896 1442 955 ita
1475 904 1593 955 tres
1626 896 1753 957 dies
1790 916 1802 959 ε
1842 918 1973 959 nam
2008 910 2063 960 et

415 983 493 1045 de
514 984 805 1045 defunctis
831 984 1105 1057 dicimus,
1141 983 1188 1043 si
1213 1002 1363 1044 unus
1395 984 1678 1045 moriatur
1706 988 1863 1048 circa
1894 988 2061 1049 deci-

416 1092 573 1157 mam
616 1073 820 1134 horam
854 1075 887 1135 d
918 1074 995 1157 ei2
1032 1081 1090 1135 et
1118 1074 1269 1157 alter
1287 1074 1443 1157 circa
1471 1073 1717 1151 primam
1752 1077 1883 1155 ejus
1914 1077 2058 1157 diei,

415 1152 571 1233 quod
605 1161 855 1232 uterque
885 1153 1092 1213 eodem
1129 1154 1225 1214 die
1256 1153 1331 1213 sit
1364 1152 1924 1217 mortuus.‘Pos'sum
1956 1152 2061 1223 tibi

415 1248 475 1300 et
504 1240 677 1301 aliam
710 1259 944 1301 causam
977 1241 1180 1301 dicere
1205 1241 1501 1321 quomodo
1535 1252 1652 1303 tres
1695 1243 1825 1305 dies
1853 1256 1909 1307 et
1943 1256 2061 1309 tres

416 1337 624 1390 noctes
650 1331 1325 1391 numerentur.Attende
1348 1330 1553 1407 igitur:
1589 1329 1803 1403 Quinta
1820 1352 2064 1414 vespera

415 1416 563 1478 fecit
597 1417 880 1481 Dominus
911 1436 1167 1489 ccenam,
1194 1433 1254 1479 et
1276 1418 1587 1499 discipulis
1616 1420 1802 1481 dixit:
1838 1447 1863 1478 α
1891 1426 2065 1486 Acci-

420 1505 561 1585 pite,
597 1515 656 1569 et
686 1506 980 1568 comedite
1011 1525 1226 1587 corpus
1258 1525 1449 1568 meum
1486 1529 1499 1569 :
1540 1534 1566 1563 ι
1603 1519 1658 1570 et
1688 1509 1767 1571 ita
1798 1512 1930 1586 quia
1954 1532 2061 1593 po-

422 1602 692 1658 testatem
716 1594 966 1657 habebat
983 1613 1202 1676 ponere
1218 1595 1474 1657 animam
1492 1602 2060 1670 suam,manifastum

1384 318 1981 386 THEOPHYLACTI
2024 318 2437 385 BULGARLE
2466 316 2826 384 ARCHIEP.

418 453 548 515 culo
582 452 737 513 enim
794 460 853 512 et
898 452 1023 512 (lies
1068 459 1222 511 totus
1273 458 1614 511 numeratur
1650 472 1663 509 :
1713 469 1853 513 ecce
1884 456 2058 516 tertio

2160 457 2517 535 ιπιφωσκούση
2576 457 2648 520 εἰς
2711 457 2832 529 μίαν
2908 454 3196 513 Σαϐϐάτων
3230 472 3243 487 ⁸

3683 322 3808 387 ‘8'0

3295 480 3319 509 ι»
3381 456 3489 512 ἀπὸ
3542 458 3640 537 γὰρ
3713 467 3805 517 τοῦ

2147 541 2327 622 ὄρθρου
2386 546 2472 599 καὶ
2516 545 2548 610 ἡ
2595 544 2768 621 ἡμέρα
2811 544 2911 611 ὅλη
2946 546 3269 622 ἀριθμεῖται·
3321 541 3428 600 ἰδοὺ
3460 546 3628 623 τρίτον
3658 548 3799 621 ἡμε-

2146 634 2437 710 ρυνύκτιον,
2498 635 2596 689 Καὶ
2668 631 2841 695 ἄλλως
2922 631 2975 689 δὲ
3047 631 3261 689 δύνασαι
3344 633 3637 709 ἀριθμῆσαι
3708 638 3801 698 τὰς

2146 734 2288 797 τρεῖς
2350 722 2552 799 ἡμέρας
2587 740 2600 754 ·
2637 725 2713 797 Τῇ
2759 728 3067 798 παρασκευῇ
3124 719 3396 792 παρέδωκε
3454 724 3516 778 τὸ
3568 731 3798 805 πνεῦμα,

2144 811 2239 883 μία
2286 809 2414 875 αὕτη
2477 811 2648 883 ἡμέρα
2686 829 2697 841 ⁸
2748 817 2824 884 τῷ
2859 807 3113 881 Σαϐϐάτῳ
3142 811 3211 875 ἦν
3271 809 3325 864 ἐν
3369 817 3444 883 τῷ
3473 810 3645 890 τάφῳ,
3680 802 3801 867 5w;-

2144 898 2267 967 τέρα
2329 896 2459 964 αὕτη
2516 900 2689 976 ἡμέρα
2724 913 2736 926 ⁸
2794 904 2861 973 τῇ
2891 897 2944 953 δὲ
2979 900 3122 953 νυκτὶ
3151 901 3250 965 τῆς
3286 898 3547 977 Κυριακῆς
3580 899 3799 975 ἀνέστη,

2147 985 2251 1042 ἀπὸ
2311 987 2501 1063 μέρους
2560 986 2647 1042 οὖν
2709 987 3011 1065 ἀριθμεῖται
3058 988 3145 1042 καὶ
3192 988 3228 1055 ἡ
3263 988 3498 1065 Κυριακὴ
3529 987 3601 1052 εἰς
3632 987 3801 1057 ἄλλην

2143 1075 2346 1153 ἡμέραν
2382 1091 2395 1105 ·
2460 1075 2596 1131 ὥστε
2651 1074 2759 1133 ἰδοὺ
2810 1089 2956 1155 τρεῖς
3017 1076 3215 1155 ἡμέραι
3252 1096 3267 1113 ⁸
3315 1078 3401 1133 καὶ
3458 1079 3558 1155 γὰρ
3602 1080 3689 1134 καὶ
3717 1081 3803 1136 επὶ

2144 1169 2249 1219 τῶν
2294 1163 2732 1238 κεκοιμημένων,
2806 1166 2897 1221 εὰν
2955 1165 3193 1241 ἀποθάνῃ
3251 1186 3328 1227 τις
3392 1166 3508 1243 περὶ
3576 1165 3802 1235 δεκάτην

2145 1252 2286 1331 ὥραν
2340 1258 2439 1318 τῆς
2493 1252 2719 1334 ἡμέρας,
2759 1255 2846 1309 καὶ
2894 1252 3072 1330 ἕτερος
3129 1256 3244 1333 περὶ
3271 1255 3491 1331 πρώτην
3520 1254 3661 1334 ὤραν
3702 1260 3801 1323 τῆς

2146 1345 2309 1407 αὐτῆς
2340 1340 2565 1419 ἡμέρας,
2630 1342 2919 1422 ἀμφότεροι
2981 1341 3035 1396 ἐν
3093 1348 3161 1418 τῇ
3222 1346 3354 1419 αὐτῇ
3405 1343 3578 1422 ἡμέρα
3608 1342 3801 1422 λέγον-

2144 1450 2230 1485 ται
2282 1432 2542 1490 τεθνάναι,
2605 1427 2785 1509 "Exeo
2836 1452 2917 1487 σοι
2963 1431 3051 1486 καὶ
3111 1429 3283 1497 ἄλλην
3328 1432 3493 1487 αἰτίαν
3524 1434 3695 1489 εἰπεῖν
3725 1434 3799 1495 εἰς

2145 1525 2323 1597 τοῦτο,
2382 1520 2496 1582 πῶς
2554 1531 2698 1596 τρεῖς
2730 1516 2923 1596 ἡμέραι
2970 1519 3059 1574 καὶ
3100 1532 3247 1596 τρεῖς
3278 1520 3459 1582 νύκτες
3503 1520 3796 1599 ἀριθμηθήο

2147 1629 2350 1668 σονται.
2414 1607 2657 1687 Πρόσεχε
2714 1621 2799 1663 οῖν
2833 1626 2849 1642 ⁸
2899 1613 2978 1684 Τῇ
3020 1606 3242 1684 πέμπτῃ
3298 1608 3521 1687 ἑσπέρας
3580 1608 3802 1676 ἐποίησε

418 1685 574 1775 quod
634 1696 771 1775 tunc
823 1685 1214 1746 immolaverit
1257 1686 1539 1775 seipsum,
1575 1706 1641 1747 ex
1677 1708 1795 1775 quo
1829 1692 2067 1775 tradidit

2160 1698 2211 1752 τὸ
2240 1694 2457 1752 δεῖπνον
2487 1697 2514 1751 ὃ
2551 1685 2762 1773 Κύριος,
2795 1697 2883 1752 καὶ
2914 1709 3030 1753 τοῖς
3063 1700 3332 1771 μαθηταῖς
3385 1685 3536 1775 ἔλεγε
3569 1713 3584 1729 ⁸
3627 1721 3649 1753 ε
3688 1699 3801 1755 Δά-

424 1756 731 1845 discipulis
753 1784 966 1846 corpus
988 1784 1157 1825 suum
1188 1786 1201 1827 :
1230 1756 1401 1825 nemo
1429 1756 1583 1826 enim
1604 1756 1919 1849 quidquam
1947 1773 2070 1833 edit

2627 1756 2637 1773 I
2723 1756 2762 1768 ’⁷
3063 1756 3074 1771 Ι
3196 1756 3207 1763 '
3318 1756 3329 1759 ⁷
3488 1756 3500 1775 Ι

2160 1781 2294 1857 Sera,
2354 1785 2549 1863 φάγετε
2594 1786 2654 1839 τὸ
2695 1786 2851 1859 σῶμά
2906 1808 3009 1860 μου
3040 1802 3058 1820 ⁸
3122 1808 3150 1838 ι
3214 1785 3352 1841 ὥστε
3410 1785 3523 1842 ἐπεὶ
3572 1785 3801 1851 ἐξουσίαν

418 1852 530 1914 nisi
564 1855 727 1935 prius
754 1864 1065 1916 mactatum
1092 1854 1268 1915 fuerit
1300 1858 1559 1917 Numera
1592 1856 1765 1933 igitur
1800 1880 1812 1922 :
1840 1864 2068 1941 Vesperi

2160 1852 2307 1950 εἶχεν
2336 1852 2645 1951 ἁλί-ἐαυτοῦ
2694 1852 2866 1929 θεῖ-ναι
2906 1852 3011 1941 ’σὴν
3066 1875 3251 1953 ψυχὴν
3294 1875 3473 1949 αὒτυῦ,
3509 1874 3665 1943 δῆλον
3722 1876 3804 1932 ὅτι

418 1943 661 2004 tradidit
690 1962 905 2022 corpus
947 1962 1144 2005 suum.
1195 1942 1317 2005 Nox
1352 1944 1452 2004 illa
1484 1953 1542 2005 et
1577 1946 1706 2006 dies
1750 1947 2067 2013 Parasceve

2160 1961 2330 2017 ἔκτοτε
2390 1960 2684 2041 ἀπέσφαξεν
2744 1962 2956 2040 ἑαυτὸν,
3015 1962 3104 2041 ἀφ’
3165 1964 3225 2020 οὗ
3278 1961 3495 2023 διεδίδου
3551 1977 3669 2027 τοῖς
3726 1968 3805 2021 ol-

419 2032 697 2110 usquead
722 2042 942 2094 sextam
971 2033 2064 2104 horam,eccounumdiemetnoctem.
2149 2050 2308 2110 κείοις
2368 2027 2637 2110 μαθηταῖς
2697 2052 2758 2107 τὸ
2798 2027 3003 2110 σῶμάο
3065 2027 3075 2103 ἶ

422 2121 640 2181 Iterum
673 2139 706 2181 a
737 2128 899 2181 sexta
930 2122 1075 2181 hora
1108 2121 1368 2182 tenebrae
1412 2140 1600 2203 usque
1631 2124 1700 2184 ad
1736 2144 1976 2197 nonam,
2013 2138 2071 2190 et

422 2226 455 2266 a
501 2226 655 2269 nona
704 2210 799 2270 lux
850 2227 1037 2289 usque
1089 2212 1157 2269 ad
1206 2227 1535 2289 vesperam,
1570 2231 1711 2274 ecce
1742 2217 2068 2279 secundum

2149 2050 2308 2114 κείοις
2368 2053 2637 2123 μαθηταῖς
2697 2052 2758 2107 τὸ
2798 2058 2954 2125 σῶμα
2991 2070 3003 2083 ⁸
3070 2049 3232 2117 ούδεὶς
3277 2054 3377 2131 γὰρ
3424 2053 3579 2111 ἐσθίει
3613 2076 3689 2125 τι⁹
3717 2054 3807 2110 liv

2155 2141 2230 2213 μὴ
2291 2141 2543 2218 πρότερον
2594 2140 2927 2219 ἔσφαγμένον
2983 2138 3100 2206 εἴη,
3175 2138 3493 2219 Ἀρίθμησον
3554 2144 3663 2198 οὖν·
3728 2148 3806 2218 Τῇ

424 2293 578 2355 diem
614 2305 671 2356 et
704 2305 964 2358 noctem.
1001 2295 1217 2358 Iterum
1276 2318 1385 2358 nox
1420 2310 1550 2378 post
1600 2304 1979 2365 Parasrewm
2014 2317 2072 2367 et

423 2382 552 2443 dies
574 2382 835 2455 Sabbati,
867 2403 1009 2446 ecce
1036 2386 1272 2445 tertium
1294 2386 1450 2446 diem
1476 2396 1531 2447 et
1555 2390 2070 2454 noctem.Sabbato

423 2480 620 2534 autem
654 2474 885 2552 vesperi
916 2479 1236 2535 resurrexit
1273 2492 1285 2535 :
1337 2494 1476 2535 ecce
1511 2485 1629 2535 tres
1683 2478 1893 2557 integri
1925 2482 2073 2555 Idies

425 2571 485 2622 et
528 2572 757 2627 noctes.
787 2562 915 2626 Jam
949 2564 1107 2644 quod
1143 2564 1415 2637 angelum
1450 2566 1757 2629 Mattliaeus
1791 2569 1945 2630 dixit
1974 2590 2072 2630 se-

423 2650 565 2714 dere
595 2671 776 2729 super
808 2654 1032 2731 lapide,
1066 2655 1298 2715 Marcus
1328 2666 1525 2715 autem
1571 2657 1843 2719 rei/oluto
1876 2659 2071 2739 lapide

2156 2228 2346 2305 ἑσπέρα
2376 2225 2501 2307 (3b)
2530 2225 2747 2285 διεδίδου
2789 2232 2849 2284 τὸ
2906 2230 3107 2284 οὶγεῖον
3164 2234 3321 2305 σῶμα
3354 2246 3367 2260 ⁸
3424 2232 3457 2298 ἡ
3490 2228 3573 2296 νὺξ
3603 2230 3802 2303 ἐκείνη,

2156 2320 2241 2373 καὶ
2282 2321 2317 2385 ἡ
2375 2320 2547 2397 ἡμέρα
2589 2320 2687 2387 τῆς
2733 2324 3077 2398 Παρασκευῆς
3132 2318 3259 2400 ἄχρι
3321 2324 3418 2389 τῆς
3450 2322 3608 2388 ἕκτης
3640 2321 3803 2401 ὧρας,

2154 2404 2260 2461 ἰδοὺ
2317 2408 2370 2463 ἓν
2422 2408 2798 2485 ἡμερονύκτιον
2833 2424 2850 2443 ⁸
2886 2407 3047 2464 πάλιν
3076 2411 3135 2465 τὸ
3164 2411 3269 2465 ἀπὸ
3319 2415 3418 2476 τῆς
3462 2410 3623 2477 ἕκτης
3666 2412 3808 2490 ὥρας

2156 2496 2342 2559 σκότος
2393 2495 2493 2559 ἕως
2546 2496 2641 2563 τῆς
2673 2497 2916 2573 ὲννάτης,
2950 2500 3037 2554 καὶ
3066 2500 3128 2555 τὸ
3159 2499 3263 2556 ἀπό
3293 2505 3391 2565 τῆς
3433 2500 3653 2567 εννάτης
3696 2506 3807 2580 φῶς

2154 2582 2254 2647 ἕως
2312 2589 2407 2650 τῆς
2464 2585 2712 2662 ἑσπέρας,
2758 2585 2866 2643 ἰδοὺ
2911 2585 3148 2666 δεύτερον
3180 2589 3557 2665 ἡμερονύκτιον
3592 2604 3607 2618 ·
3640 2592 3674 2659 ἡ
3723 2588 3809 2652 νὺξ

2154 2672 2311 2727 πάλιν
2362 2676 2395 2741 ἡ
2441 2675 2575 2748 μετά
2604 2675 2703 2741 τὴν
2736 2676 3104 2756 Παρασκευην,
3136 2679 3224 2733 καὶ
3252 2679 3287 2745 ἡ
3331 2678 3504 2756 ἡμέρα
3536 2686 3626 2735 τοῦ
3657 2675 3809 2734 Σαε-

425 2741 635 2802 sedere
668 2742 726 2802 in
756 2741 979 2803 dextris
1032 2742 1184 2802 intra
1215 2743 1576 2821 sepulcrum,
1614 2746 1881 2825 nunquid
1915 2748 2073 2809 inter

2160 2758 2341 2841 ϐάτου,
2398 2761 2504 2819 ἰδου
2562 2764 2732 2841 τρίτον
2790 2765 3193 2843 ἡμερονύκτιον.
3259 2763 3518 2839 Σαϐϐάτῳ
3586 2766 3640 2823 δί
3709 2767 3807 2841 ὀψὲ

426 2847 491 2890 se
521 2829 842 2893 dissident?
862 2830 1106 2892 Minime
1138 2850 1150 2889 :
1181 2832 1284 2891 sed
1312 2832 1607 2894 vei-simile
1631 2837 2075 2914 estapparuisse

2162 2829 2353 2931 ἀνίστη
2391 2869 2407 2885 ⁸
2451 2854 2565 2930 τρία
2596 2829 2782 2910 ’ταῦτα
2815 2829 3110 2931 ..ὁλόκληρα
3156 2829 3533 2931 ἡμερονύγτια.
3588 2858 3688 2915 Τὸν
3752 2829 3808 2911 δὶ

426 2920 679 3013 primum
711 2920 984 3000 angelum
1018 2919 1325 3013 sederitem
1360 2939 1541 2999 super
1572 2921 1765 3001 lapide
1800 2944 1813 2984 :
1862 2924 2075 2986 deinde

2164 2928 2387 3007 ἄγγελον
2444 2919 2494 2987 δ’
2532 2932 2626 3007 μὲν
2685 2936 2956 2996 Ματθαῖος
3006 2919 3110 3013 Etim
3161 2919 3415 3001 καθῆσθαι
3447 2934 3501 2991 ἐν
3528 2940 3604 3009 τῷ
3631 2934 3758 3009 λίθῳ
3790 2950 3803 2963 ⁶

421 3007 894 3089 ingredientibus
928 3008 1277 3070 mulieribus
1306 3009 1516 3089 praeire
1547 3012 1847 3089 angelum,
1886 3023 1942 3074 et
1966 3014 2075 3075 ite—

2164 3021 2197 3074 ὸ
2234 3019 2287 3074 δὲ
2346 3020 2553 3098 Μάρκος
2613 3020 3003 3079 ἀποκυλίσαντα
3046 3026 3135 3079 τὸν
3179 3021 3343 3103 λίθον,
3378 3022 3519 3082 ἔνδον
3547 3034 3638 3084 τοῦ
3665 3047 3806 3099 μνη-

424 3116 555 3159 rum
578 3099 922 3179 apparuisse
944 3097 1248 3160 sedentem
1278 3097 1336 3158 in
1359 3098 1633 3179 sepulcro
1651 3102 1746 3176 (α)
1768 3120 1801 3162 a
1828 3103 2071 3164 dextris.

427 3186 584 3250 Dixit
612 3197 807 3250 autem
840 3189 910 3249 ad
936 3187 1217 3249 mulieres
1254 3208 1265 3249 :
1301 3185 1386 3248 Ne
1418 3191 1756 3251 terreamini
1784 3210 1883 3253 vos
1917 3213 1931 3264 ;
1966 3194 2074 3254 hoc

426 3283 535 3338 est.
573 3276 861 3340 Custodes
890 3276 1127 3358 quidem
1179 3276 1341 3354 digni
1395 3285 1530 3337 sunt
1581 3280 1682 3358 qui
1714 3289 2072 3353 terreantur,

426 3383 528 3426 vos
576 3374 776 3426 autem
825 3365 1128 3444 discipula:
1178 3365 1435 3428 Domini.
1486 3385 1561 3429 ne
1610 3371 1976 3431 terreamini.
2009 3370 2078 3437 Et

428 3461 735 3534 postquam
790 3452 1057 3516 liberavit
1106 3470 1207 3512 eas
1262 3470 1295 3513 a
1348 3462 1530 3529 metu,
1587 3457 1945 3535 evangelizat
1996 3460 2081 3520 eis

427 3542 952 3604 resurrectionem.
1001 3540 1260 3603 Primum
1320 3542 1480 3603 enim
1535 3545 1805 3606 timorem
1859 3546 2079 3625 ejicere

430 3630 758 3712 oportebat.
796 3640 853 3693 et
897 3631 1112 3693 deinde
1144 3631 1564 3711 evangelizare.
1608 3636 1736 3695 Non
1780 3636 2081 3697 erubescit

428 3729 622 3783 autem
658 3722 968 3783 nominare
1018 3720 1332 3783 Dominum
1377 3722 1749 3784 cruuiﬁxum.
1783 3724 2080 3786 Gloriatur

432 3813 591 3875 enim
626 3830 802 3874 cruce
853 3821 1128 3892 tanquam
1190 3817 1435 3890 tropaeo,
1487 3831 1603 3889 quo
1655 3812 1827 3875 nobis
1880 3816 2081 3876 omnia

430 3901 585 3964 bona
618 3900 934 3965 conciliata
964 3908 1124 3963 sunt.

2159 3109 2306 3183 μείου
2362 3111 2641 3185 καθῆσθαι,
2673 3110 2726 3166 ὲν
2770 3125 2885 3174 τοῖς
2927 3109 3118 3177 δεξιοῖς
3154 3132 3169 3147 ⁸
3227 3111 3308 3191 ἄρ’
3367 3115 3451 3169 οὖν
3480 3112 3809 3191 ὶναντιοφω-

2160 3204 2331 3254 νουσιν
2364 3217 2380 3277 ;
2428 3200 2561 3273 Οὒψί
2594 3213 2608 3227 ⁸
2644 3197 2764 3254 ἀλλ’
2794 3200 2933 3264 εἰκός
2965 3199 3077 3257 ἐστι
3108 3205 3335 3280 φανῆναι
3361 3207 3565 3279 πρῶτον
3590 3201 3680 3257 τὸν
3709 3200 3807 3280 ἄγε

2159 3277 2317 3356 γελον
2364 3280 2660 3353 καθήμενον
2717 3279 2771 3334 ὲν
2826 3285 2922 3351 τῷ⁸
2957 3277 3131 3354 λίθῳ,
3178 3284 3299 3336 εἶτα
3331 3277 3671 3337 εἷσνελθουσῶν
3702 3277 3807 3339 τῶν

2163 3374 2450 3445 γυναικῶν,
2509 3369 2761 3446 προάγειν
2804 3370 2892 3425 τὸν
2962 3368 3212 3448 ἄγγελον,
3259 3370 3347 3426 καὶ
3388 3369 3548 3426 πάλιν
3584 3376 3811 3451 φανῆναι

2164 3456 2313 3520 ἐντὸς
2371 3464 2463 3514 τοῦ
2534 3458 2792 3533 μνημείου
2835 3460 3131 3533 καθήμενον
3172 3458 3227 3514 ἐν
3271 3472 3386 3524 τοῖς
3425 3457 3639 3524 δεξιοῖς.
3675 3460 3811 3518 Εἶπε

2162 3542 2217 3599 δὲ
2247 3547 2378 3621 πρὸς
2422 3546 2514 3610 τὰς
2560 3558 2816 3624 γυναῖκας
2850 3562 2865 3576 ⁸
2902 3554 2990 3615 Mi;
3020 3544 3265 3627 φοϐεῖσθε
3309 3548 3489 3628 δμεῖς,
3520 3547 3809 3628 τουτέστιν,

2164 3635 2223 3689 Ol
2269 3634 2364 3709 μὲν
2409 3634 2635 3714 φύλακες
2678 3632 2809 3699 ἄξιοί
2861 3637 2957 3691 εἰσι
3002 3632 3301 3715 φοϐεῖσθαι·
3355 3638 3512 3711 ὑμεῖς
3542 3634 3596 3692 δὲ
3627 3640 3678 3693 αἱ
3719 3646 3813 3696 τοῦ

2167 3724 2350 3802 Κυρίου
2406 3726 2713 3802 μαθήτριαι,
2778 3725 2856 3799 μὴ
2904 3721 3175 3804 φοϐεῖσθε.
3223 3723 3350 3781 Μεθ’
3379 3726 3407 3780 ὃ
3437 3725 3491 3781 δί
3522 3724 3804 3781 ἀπαλλάτ-

2162 3833 2241 3868 τει
2295 3813 2453 3876 «ora:
2510 3820 2602 3869 τοῦ
2645 3811 2815 3887 δέους,
2873 3811 3263 3891 εὐαγγελίζεται
3313 3812 3501 3878 αὖταῖς
3544 3814 3640 3880 τὴν
3671 3813 3809 3869 ἀνά-

2165 3924 2371 3963 στασιν,
2433 3898 2597 3960 ’Ἔδει
2647 3903 2747 3981 γάρ
2795 3902 3048 3981 πρότερον
3106 3900 3352 3958 ἐκϐαλεῖν
3408 3904 3469 3958 τὸ
3508 3900 3646 3983 δέος,
3690 3902 3813 3958 εἶτα

434 3990 888 4072 εὒαγγελίσασθαι.
964 3994 1070 4049 Οὔκ
1129 3994 1433 4073 αἰσχύνεται
1493 3991 1547 4048 δὲ
1608 3992 1999 4065 ἐσταυρωμὲνω
2058 3992 2329 4067 ὀνομάζων
2387 3993 2478 4046 τὸν
2532 3992 2759 4071 Κύριον,
2801 3999 2887 4065 Τῷ
2970 3992 3070 4070 γὰρ
3113 3998 3319 4071 σταυρῷ
3414 3991 3592 4070 ὥσπερ
3664 4012 3793 4065 τροη

431 4084 572 4157 παίῳ
600 4084 698 4138 τινὶ
745 4082 1101 4161 ἒγκαυχᾶται,
1132 4082 1305 4138 πάντα
1336 4084 1401 4139 τὰ
1432 4082 1602 4158 ἀγαθά
1645 4082 2015 4157 προεξενηγότι
2046 4085 2204 4157 ἡμῖν,

510 4171 908 4245 νειιε.9,10.α
931 4171 1074 4233 Cum
1100 4178 1295 4231 autem
1320 4170 1507 4232 issent
1535 4179 1591 4231 at
1614 4170 2074 4233 renuntiandum
2103 4187 2143 4236 D

428 4260 735 4341 discipulis
766 4260 917 4341 ejus,
954 4278 1096 4321 ecce
1142 4260 1311 4321 Jesus
1363 4261 1628 4321 occurrit
1669 4258 1789 4319 illis
1825 4260 2034 4321 dicens
2070 4285 2083 4329 ε

430 4351 638 4414 Avete.
670 4349 788 4413 Illae
810 4358 1001 4410 autem
1020 4357 1430 4417 accesserunt.
1468 4357 1525 4410 et
1557 4358 1878 4410 tenuerunt
1910 4348 2091 4429 pedes

432 4440 586 4519 ejus,
620 4448 679 4501 et
729 4438 1124 4501 adoraverunt
1179 4456 1339 4501 eum.
1393 4439 1558 4500 Tunc
1601 4439 1681 4499 ait
1717 4438 1834 4498 illis
1862 4436 2039 4500 Jesus
2074 4456 2087 4500 :

430 4527 624 4591 Nolite
649 4527 861 4589 timere
897 4548 909 4589 :
960 4527 1063 4601 ite,
1113 4528 1454 4588 renuntiate
1504 4527 1783 4588 fratribus
1815 4527 1988 4596 meis,
2023 4538 2087 4587 ut

433 4628 569 4682 eant
595 4618 654 4680 in
687 4615 1008 4696 Galilaeam,
1044 4624 1101 4678 et
1152 4615 1231 4677 ibi
1268 4635 1361 4678 me.
1394 4617 1700 4678 videbunt.
1749 4642 1771 4673 ι
1814 4616 1947 4679 1Θὸ
1978 4615 2082 4677 Di-

433 4710 513 4772 cit
554 4706 948 4771 mulieribus:
985 4708 1185 4768 Avete.
1246 4705 1532 4779 Quoniam
1587 4707 1745 4767 enim
1794 4706 2086 4767 mutiebre

434 4816 619 4879 genus
637 4798 707 4859 ad
732 4796 1025 4859 tristitiam
1051 4796 1511 4857 condemnatum
1531 4794 1959 4868 fuit,Dominus
1981 4813 2087 4875 per

428 4889 931 4953 resurrectionem
1003 4905 1168 4947 suam
1235 4885 1515 4965 gaudium
1580 4884 1772 4946 attulit
1825 4886 2086 4946 femineo

432 4977 689 5051 sexui,et
710 4976 1013 5040 benedixit
1036 4980 1232 5038 eis.At
1255 4976 1369 5037 illae
1402 4993 1521 5055 prie
1555 4975 1735 5035 multa
1756 4974 2089 5036 reverentia

432 5076 492 5131 et
510 5067 740 5130 honore
765 5072 822 5126 et
836 5076 1082 5147 propter
1096 5066 1376 5147 pietatem
1394 5066 1580 5147 pedes
1596 5064 1724 5144 ejus
1743 5072 2089 5129 tenent.non

432 5156 721 5219 andantes
749 5156 923 5218 aliam
956 5156 1225 5236 corporis
1249 5163 1473 5236 partem
1506 5153 1879 5233 contingere,
1915 5172 2088 5232 quam

2250 4196 2272 4227 ι
2330 4164 2419 4237 ἐὶς
2452 4169 2504 4227 δὲ
2535 4172 2880 4251 ἐκπορεύοντο
2909 4169 3234 4249 ἀπαγγεῖλαι
3278 4184 3395 4231 τοῖς
3426 4174 3693 4247 μαθηταῖς
3726 4171 3817 4226 αὖα

2171 4272 2280 4333 του,
2341 4263 2428 4317 καὶ
2471 4259 2578 4316 ἰδοὺ
2622 4264 2649 4317 ὁ
2682 4258 2909 4334 Ἰησοὺς,
2970 4262 3275 4330 ἀπήντησεν
3334 4261 3546 4331 αὖταῖς,
3594 4258 3763 4337 λέγων
3793 4272 3811 4289 ⁸

2173 4350 2414 4428 Χαίρετε,
2480 4353 2534 4405 Αἱ
2593 4348 2671 4423 δὲ,
2731 4348 3109 4427 προσελθοῦσαι
3152 4348 3451 4429 ἐκράτησαν
3500 4348 3657 4405 αὖτοῦ
3698 4348 3817 4409 τοὺς

2174 4438 2363 4517 πόδας,
2422 4440 2507 4494 καὶ
2562 4439 2957 4517 προσεκύνησαν
3011 4441 3175 4511 αύτῷ,
3229 4437 3357 4495 Τότε
3388 4435 3531 4514 λὶγει
3562 4437 3745 4500 αὐταῖς
3788 4437 3816 4491 δ

2175 4527 2381 4593 Ἰησοῦς
2416 4543 2428 4555 “
2492 4528 2578 4593 Μὴ
2630 4524 2898 4606 φοϐεῖσθε,
2958 4518 3239 4606 Ὑπάγετε,
3287 4525 3643 4604 ἀπαγγείλατε
3700 4538 3817 4588 τοῖς

2172 4615 2420 4694 ἀδελφοῖς
2464 4639 2566 4691 μου
2616 4615 2707 4670 ἵνα
2768 4614 3066 4671 ἀπέλθωσιν
3120 4617 3192 4681 εἰς
3250 4616 3348 4682 τὴν
3379 4614 3683 4695 Γαλιλαίαν,
3716 4613 3813 4670 κᾶ-

2172 4720 2259 4761 κεῖ
2306 4727 2371 4779 με
2402 4705 2644 4781 ὄψονται.
2681 4729 2708 4759 ι
2740 4710 3049 4784 Προσφωνεῖ
3083 4717 3203 4766 ταῖς
3236 4702 3431 4783 γυναιξὶ
3461 4706 3545 4784 τὸ,
3577 4708 3813 4783 Χαίρετε.

2176 4794 2323 4853 Ἐπεὶ
2379 4798 2477 4873 γὰρ
2539 4798 2599 4851 τὸ
2629 4807 2930 4873 γυναικεῖον
2981 4793 3131 4873 γένος
3180 4793 3456 4853 λυπεῖσθαι
3513 4793 3814 4874 κατεκρίθη,

2176 4886 2204 4940 ὁ
2261 4884 2445 4963 Κύριος
2489 4881 2573 4943 δια
2627 4884 2723 4952 τῆς
2782 4884 3120 4946 ἀναστάσεως
3152 4882 3308 4939 αὒτοῦ
3336 4883 3434 4950 τήν
3479 4883 3649 4963 χαρὰν
3682 4904 3816 4962 προ-

2178 4973 2388 5040 εξένησε
2448 4981 2524 5048 τῷ
2572 4975 2853 5052 γυναικείῳ
2921 4972 3073 5050 γένει,
3147 4974 3235 5027 καὶ
3293 4971 3579 5050 εὐλόγησεν
3636 4972 3814 5037 αὐτάς.

2180 5065 2269 5118 Διὸ
2325 5062 2523 5119 ἐκεῖναι
2582 5063 2687 5119 ἀπὸ
2756 5068 2854 5129 τῆς
2910 5060 3117 5128 πολλῆς
3189 5062 3306 5139 περὶ
3347 5062 3501 5117 αὺτὸν
3532 5059 3702 5124 αἰδοῦς
3732 5061 3820 5117 καὶ

2174 5156 2357 5229 τιμῆς,
2421 5154 2540 5216 τοὺς
2598 5151 2761 5217 πόδας
2808 5156 2963 5210 αὒτον
3004 5158 3275 5229 κρατοῦσι,
3310 5147 3378 5207 δι’
3411 5147 3683 5209 εὐλάϐειαν
3741 5150 3820 5224 μὴ

435 5254 728 5309 extremas
763 5244 919 5309 illas.
947 5244 1197 5319 Quidam
1229 5252 1425 5305 autem
1452 5243 1661 5305 dicunt
1686 5242 1884 5304 dedita
1912 5262 2075 5323 oper:

2174 5240 2447 5319 τολμῶσαι
2503 5242 2663 5300 ἄλλου
2708 5244 2896 5320 μέρους
2928 5248 3020 5298 τοῦ
3049 5241 3298 5316 σώματος
3356 5237 3606 5318 ἅψασθαι,
3654 5239 3698 5294 εἰ
3740 5237 3818 5313 μὴ

1390 5377 1474 5442 Ex
1506 5378 1827 5442 collatione
1858 5373 2031 5442 codd.
2077 5376 2296 5439 Venet.
2348 5375 2412 5437 S.
2449 5375 2654 5436 Marci.

530 5512 663 5597 (36)
695 5511 819 5579 Cod
862 5511 942 5577 ,ιο
969 5519 1038 5590 τῇ
1066 5512 1311 5590 «tum,
1347 5512 1591 5591 ισπέρας,

521 5646 609 5729 (a)
647 5644 807 5711 Edit.
855 5648 990 5715 Lut.
1008 5644 1216 5719 .vertit,
1249 5643 1729 5726 ingredientibus
1754 5641 2106 5705 mulieribus
2119 5642 2346 5722 praire
2373 5640 2681 5717 mulieres,
2716 5650 2778 5706 et
2801 5642 3019 5704 iterum
3048 5639 3410 5722 apparuisse
3437 5636 3504 5705 in
3528 5634 3821 5716 sepulcro,
