4144 6212
413 299 557 381 "483

1390 298 1985 379 THEOPHYLACTI
2030 310 2439 374 BULGAHI/E
2486 307 2831 372 ARCHIEP.

3686 293 3806 357 484

436 447 564 511 dies
586 448 990 529 quadraginta,
1014 448 1306 510 accedens
1325 455 1383 508 et
1404 446 1758 516 abscedens,
1786 464 1903 506 non
1927 463 2073 507 sem-

2165 463 2268 498 νων
2299 458 2316 474 ⁸
2363 439 2620 504 πολλάκις
2679 440 2779 517 γὰρ
2810 440 2976 519 ἐφάνη
3020 443 3230 512 αὐτοῖς,
3262 436 3327 493 δι’
3370 440 3582 529 ἡμερῶν
3614 454 3809 529 τεσσαῗ

439 555 545 617 per
567 548 623 597 et
642 536 859 617 ubique
874 536 961 597 eis
984 556 1037 616 pi
1058 554 1267 599 msens.
1294 535 1583 598 Undecim
1610 535 1784 613 igitur
1805 533 2080 614 discipuli

439 625 521 686 illi
539 624 821 706 praecipui
847 643 979 685 cum
1005 624 1539 704 reliquisomribus
1558 628 1653 703 qui
1680 622 2083 703 sequebantur

434 711 1090 784 Christum,adorabant
1112 731 1245 773 eum
1262 710 1353 772 ,ΙΙί
1378 722 1570 773 autem
1596 712 2081 790 dubitarunt,hoc

435 811 524 863 est
549 801 809 881 quidam.
856 800 1227 864 dubitarunt.
1264 801 1578 864 Probabile
1607 809 1694 861 est
1717 800 1872 880 quod
1900 800 1985 860 sic
2006 800 2082 860 sit

432 890 908 969 intelligendum.
944 889 1228 952 Undecim
1262 890 1538 951 abierunt
1572 891 1629 949 in
1662 888 1989 968 Galilzeam,
2024 898 2081 948 et

434 978 707 1040 undecim
735 980 1130 1039 adoraverunt
1151 978 1725 1051 Illum.Hiautem,id
1751 981 2073 1061 cst,aliqui,

431 1066 582 1129 forte
622 1085 690 1128 ex
736 1068 827 1128 his
857 1070 957 1147 qui
1002 1087 1067 1128 ex
1115 1069 1485 1148 septuaginta
1516 1077 1705 1142 erant,
1739 1068 1813 1129 de
1840 1071 2077 1138 Christo

432 1155 815 1218 dubitarunt:
857 1166 1056 1235 postea
1104 1167 1299 1218 autem
1356 1167 1410 1217 et
1454 1157 1786 1219 conﬁrmati
1816 1158 2075 1220 fuerunt.

430 1243 714 1305 Nonnulli
737 1244 822 1305 sic
840 1244 1176 1324 intelligunt
1196 1246 1347 1325 quod
1366 1246 1672 1308 Matthzeus
1694 1246 1933 1325 quidem
1962 1266 2078 1308 non

430 1333 789 1412 expresserit
812 1333 1049 1414 quinam
1085 1334 1451 1395 dubitassem
1491 1352 1504 1395 :
1553 1334 1707 1413 quod
1741 1346 1934 1395 autem
1971 1337 2079 1398 iste

429 1421 651 1494 omisit,
675 1423 933 1484 Joannes
957 1422 1124 1496 dixit,
1154 1441 1369 1502 nempe
1395 1425 1549 1501 quod
1576 1421 1833 1485 Thomas
1855 1425 2077 1487 essetis

429 1509 532 1589 qui
549 1510 861 1571 dubitarat.
889 1511 1063 1572 Forte
1084 1522 1278 1571 autem
1305 1520 1360 1571 et
1390 1530 1597 1571 omnes
1621 1512 1988 1587 dubitarunt,
2014 1515 2072 1575 id

430 1599 583 1678 quod
615 1599 803 1661 Lucas
825 1600 986 1661 dicit.
1022 1600 1217 1661 Debes
1242 1601 1413 1678 igitur
1435 1599 1519 1660 sic
1544 1598 1898 1679 intelligere,
1918 1604 2072 1682 quod

429 1704 560 1747 cum
589 1688 885 1749 venissent
916 1690 973 1749 in
1007 1688 1335 1767 Galilaeam,
1359 1689 1750 1751 adoraverunt
1792 1709 1949 1756 eum.
1985 1692 2071 1755 llli
2100 1733 2134 1784 Β

428 1785 627 1837 autem
650 1776 746 1856 qui
771 1780 1091 1838 adorarunt
1110 1776 1707 1858 inGalilzea,primum
1725 1778 2076 1848 dubitarunt

426 1865 485 1925 in
508 1862 862 1939 Jerusalem,
890 1865 1044 1927 sicut
1072 1867 1263 1928 Lucas
1289 1866 1452 1926 dicit.
1486 1861 1740 1927 Locutus
1762 1876 1850 1927 est
1880 1868 2074 1948 itaque

425 1953 545 2014 illis
570 1954 740 2015 Jesus
766 1972 778 2016 :
823 1979 848 2007 α
881 1953 1019 2015 Data
1043 1964 1131 2015 est
1157 1955 1303 2015 mihi
1331 1955 1528 2015 omnis
1564 1965 1822 2035 potestas
1844 1959 1901 2017 in
1924 1959 2073 2019 caelo

431 2050 491 2104 et
511 2042 568 2101 in
593 2050 813 2102 terra.»
838 2041 961 2105 Hoc
983 2043 1221 2123 quidem
1246 2042 1402 2104 hunc
1415 2063 1655 2106 sensum
1681 2045 2075 2108 liabet'Habui

430 2130 669 2210 quidem
694 2131 848 2192 sicut
889 2130 1044 2192 Deus
1071 2140 1129 2192 et
1157 2131 1365 2211 Opifex
1392 2142 1737 2212 potestatem
1761 2136 2025 2195 omnium
2063 2155 2077 2195 :

431 2244 459 2275 α
485 2215 700 2281 Omnia
723 2220 879 2280 enim
899 2220 1165 2281 serviunt
1190 2221 1294 2279 tibi
1319 2222 1401 2297 τί,
1431 2246 1456 2275 ι»
1485 2221 1630 2283 dixit
1658 2223 1728 2284 ad
1761 2225 1948 2286 Deum
1971 2222 2079 2285 Da.

429 2308 568 2373 vid:
618 2312 723 2371 sed
784 2307 1173 2369 voluntariam
1235 2309 1664 2388 subjectionem
1720 2330 1836 2372 non
1873 2311 2072 2387 habui,

429 2414 603 2479 quam
656 2415 816 2459 nunc
864 2396 1175 2457 habiturus
1206 2415 1359 2458 sum.
1399 2396 1678 2475 Subjecta
1708 2400 1867 2460 enim
1902 2414 2078 2461 erunt

428 2488 572 2549 mihi
603 2486 842 2549 omnia:
878 2486 1111 2566 quando
1141 2486 1379 2564 quidem
1414 2503 1520 2565 per
1552 2506 1790 2549 crucem
1818 2488 2078 2551 vicieum

428 2577 528 2655 qui
571 2584 922 2657 potestatem
974 2574 1229 2636 habebat
1262 2575 1488 2636 mortis.
1540 2578 1762 2657 Duplex
1799 2578 1957 2638 enim
1993 2585 2082 2639 est

428 2664 766 2727 obedientia
792 2672 850 2725 et
885 2663 1176 2742 subjectio
1206 2683 1219 2724 :
1255 2664 1651 2726 involuntaria
1697 2667 1945 2741 scilicet,
1979 2685 2079 2729 se-

427 2756 689 2815 cundum
722 2772 889 2834 quam
916 2771 1124 2814 omnes
1140 2771 1343 2814 sumus
1362 2756 1512 2815 servi
1538 2753 1852 2833 Dei,etiam
1879 2758 1971 2816 im
1990 2757 2077 2846 iti,

429 2844 926 2923 quemadmodum
983 2852 1043 2904 et
1090 2842 1392 2903 daemones
1423 2843 1535 2923 ipsi
1568 2864 1581 2903 :
1639 2856 1698 2904 et
1728 2842 2076 2920 voluntaria,

418 2934 719 3010 quomodo
754 2932 965 2992 l’aulus
1034 2942 1161 2993 erat
1197 2951 1406 2993 servus
1457 2932 1694 2995 Christi.
1733 2935 1876 2997 Cum
1915 2935 2080 3014 prius

2164 532 2391 610 ράκοντα
2476 529 2822 610 ἐφιστάμενος
2901 530 2988 583 καὶ
3068 526 3230 583 πόλιν
3308 524 3684 607 ἀφιστάμενος,
3750 522 3811 577 οὐ

2162 622 2389 678 πάντοτε
2460 622 2547 677 καὶ
2601 618 2777 676 διόλου
2847 618 3029 682 αὐτοῖς
3074 618 3388 697 συμπαρών,
3414 617 3475 674 Οἱ
3512 614 3601 671 οὖν
3628 611 3809 670 ἕνδεκα

2165 715 2396 786 μαθηταὶ
2454 714 2499 766 οἱ
2578 718 2885 787 κορυφαῖοι,
2960 708 3052 764 σὺν
3109 720 3227 769 τοῖς
3302 705 3514 768 λοιποῖς
3592 703 3805 763 παντως

2165 799 2329 855 ἅπασι
2396 812 2513 863 τοῖς
2573 795 2944 876 ἀκολουθοῦσι,
3001 802 3076 871 τῷ
3137 802 3346 875 Χριστῷ
3389 794 3805 874 προσεκύνησαν

2163 890 2207 944 oi
2267 887 2321 944 δὲ
2377 886 2670 945 ἐδίστασαν
2758 886 2870 942 ἀντὶ
2951 896 3066 965 τοῦ,
3152 886 3292 950 τινὲς
3375 883 3429 941 δὲ
3514 880 3806 941 ἐδίστασαν.

2164 979 2318 1042 Εἰκὸς
2378 980 2465 1035 οὖν
2524 977 2663 1034 οὕτω
2734 979 2985 1043 νοηθῆναι
3022 992 3035 1005 ⁸
3083 978 3143 1033 Οἱ
3213 972 3393 1031 ἕνδεκα
3435 974 3666 1049 μαθηταὶ
3693 970 3815 1026 ἐποο

2164 1068 2418 1144 ρεύοησαν
2463 1067 2535 1129 εἰς
2578 1066 2679 1130 τὴν
2728 1062 3033 1139 Γαλιλαίαν,
3074 1064 3164 1121 καὶ
3216 1064 3611 1141 προσεκύνησαν
3668 1059 3815 1131 αὐτῷ

2164 1155 2210 1211 οἱ
2255 1152 2461 1212 ἕνδεκα.
2524 1156 2583 1210 Οἱ
2626 1151 2703 1223 δὲ,
2756 1152 2867 1208 ἀντὶ
2905 1160 3017 1226 τοῦ,
3071 1152 3211 1215 τινὲς
3268 1150 3347 1227 δὲ,
3396 1152 3561 1230 τυχὸν
3605 1148 3667 1205 ἐκ
3704 1154 3812 1204 τῶν

2164 1242 2555 1319 ἑϐδομήκοντα,
2600 1240 2872 1299 ἐδίστασαν
2932 1243 3049 1319 περὶ
3113 1252 3207 1301 τοῦ
3248 1247 3491 1317 Χριστοῦ.
3543 1231 3812 1315 ’Ὕστερον

2165 1333 2349 1409 μέντοι
2378 1330 2777 1393 ἐϐεϐαιώθησαν
2819 1332 2906 1387 καὶ
2964 1331 3132 1389 αὐτοί.
3180 1331 3328 1394 Τινὲς
3377 1328 3432 1386 δὲ
3461 1328 3599 1385 οὕτω
3654 1335 3810 1387 νοοῦο

2164 1445 2269 1494 σιν,
2317 1424 2397 1477 ὸτι
2454 1424 2481 1478 ό
2541 1422 2639 1497 μὲν
2693 1423 2962 1483 Ματθατος
3013 1420 3251 1499 παρῆκεν
3301 1421 3469 1475 εἰπεῖν
3498 1419 3632 1481 τίνες
3674 1414 3810 1483 ἦσαν

2158 1513 2205 1566 οἱ
2263 1508 2600 1572 διστάσαντες
2637 1525 2650 1538 ·
2701 1510 2728 1563 ὃ
2783 1507 2839 1564 δὲ
2897 1513 3136 1587 παρῆκεν
3185 1510 3360 1585 οὗτος,
3394 1511 3545 1564 εἶπεν
3575 1508 3603 1562 6
3634 1504 3811 1563 ἰωὰνο

2158 1621 2276 1672 νης,
2312 1598 2392 1655 ὅτι
2425 1605 2619 1674 θωμᾶς
2648 1600 2717 1665 ἦν
2758 1600 2787 1654 6
2816 1596 3069 1660 διστάσας
3102 1613 3119 1630 ·
3184 1599 3351 1677 τυχὸν
3402 1594 3457 1653 δὲ
3490 1597 3575 1652 καὶ
3615 1596 3810 1657 πάντες

2157 1686 2427 1745 ἐδίστασαν
2461 1704 2476 1719 ·
2537 1686 2666 1767 ὅπερ
2710 1688 2738 1743 ό
2794 1692 2997 1749 Λουκᾶς
3041 1684 3210 1765 λέγει,
3267 1684 3524 1766 ὈφεὶΛεις
3553 1686 3643 1741 οὖν
3670 1683 3809 1741 οὕτω

2156 1782 2367 1851 νοῆσαι,
2428 1776 2508 1831 ὅτι
2568 1777 2641 1838 είς
2698 1775 2795 1850 μέν
2850 1776 2946 1842 τὴν
3015 1772 3299 1831 Γαλιλαίαν
3342 1772 3603 1848 ἐλθόντες,
3636 1792 3809 1851 προσ·-

2159 1866 2417 1932 εκύνησαν
2474 1865 2615 1938 αὐτῷ
2647 1879 2664 1896 ⁸
2711 1865 2859 1919 οὗτοι
2905 1861 2960 1919 δέ
3027 1865 3075 1919 οἱ
3131 1865 3587 1942 προσκυνήσαντες
3642 1861 3697 1917 ἐν
3738 1866 3808 1936 τῇ

2159 1952 2435 2028 Γαλιλαίᾳ,
2498 1952 2770 2009 ἐδίστασαν
2841 1952 3093 2031 πρότερον
3171 1952 3226 2007 ἐν
3309 1958 3379 2029 τῇ
3437 1943 3805 2031 Ἰερουσαλὴμ,

2158 2048 2232 2108 ὣς
2290 2048 2319 2102 6
2375 2050 2577 2107 Λουκᾶς
2631 2065 2817 2123 φητιν.
2842 2042 3139 2110 Ἐλάλησεν
3171 2043 3261 2100 οὖν
3289 2046 3472 2107 αὐτοῖς
3518 2046 3547 2099 ὁ
3574 2042 3805 2117 Ἰησοῦς,

2161 2135 2241 2192 ὅτι
2279 2154 2304 2190 ε
2340 2131 2532 2200 Ἐδόθη
2564 2155 2655 2209 μοι
2679 2139 2823 2189 πᾶσα
2852 2131 3054 2199 ἐξουσία
3084 2134 3138 2192 ἐν
3167 2134 3369 2212 οὐρανῷ
3396 2134 3485 2189 καὶ
3514 2132 3601 2189 ἐπὶ
3622 2130 3746 2210 γῆς,
3778 2153 3801 2187 ε

2162 2225 2325 2281 Τοῦτο
2378 2220 2432 2277 δέ
2488 2229 2726 2280 τοιοῦτον
2755 2222 2896 2279 ἐστιν
2934 2240 2953 2258 ⁸
2984 2225 3157 2302 Εἶχον
3185 2221 3284 2297 μὶν
3311 2224 3384 2286 ὡς
3413 2223 3542 2288 θεὸς
3570 2223 3659 2278 καὶ
3689 2232 3807 2288 Δη-

2160 2314 2411 2391 μιουργὸς
2459 2313 2556 2379 τὴν
2607 2310 2841 2376 ἐξουσίαν
2895 2312 3130 2386 πάντων,
3187 2332 3211 2367 ε
3276 2313 3351 2370 Τὰ
3393 2313 3669 2387 σύμπαντα
3708 2312 3808 2389 γὰρ

2161 2399 2319 2456 δοῦλα
2376 2401 2464 2480 σὰ,
2502 2422 2526 2457 ι
2575 2402 2705 2478 πρὸς
2748 2402 2840 2457 τὸν
2889 2402 3019 2457 Θεὸν
3062 2422 3224 2480 φησιν
3247 2402 3276 2457 6
3309 2400 3477 2457 Aau’t6
3510 2420 3525 2437 ’
3556 2399 3692 2456 ἆλλὰ
3708 2400 3808 2467 τὴν

2161 2488 2401 2545 ἐκούσιον
2458 2489 2735 2565 ὑποταγὴν
2791 2488 2886 2544 οὐκ
2941 2492 3123 2569 εἶχον.
3181 2496 3285 2548 Νῦν
3341 2491 3429 2546 οὖν
3499 2487 3681 2565 μέλλω
3719 2489 3808 2545 καὶ

2162 2578 2358 2643 ταύτην
2418 2575 2548 2641 ἕξειν
2582 2594 2595 2608 ·
2656 2579 3079 2655 ὑποταγήσονται
3163 2578 3263 2657 γάρ
3319 2601 3409 2652 μοι
3467 2579 3534 2635 τὰ
3586 2578 3756 2635 πάντα
3788 2592 3803 2607 ⁶

2163 2668 2276 2722 ἐπεὶ
2328 2663 2413 2723 διὰ
2453 2687 2545 2724 του
2602 2674 2824 2745 σταυροῦ
2880 2668 3099 2735 ἐνίκησα
3127 2670 3218 2724 τὸν
3259 2670 3321 2724 τὸ
3367 2668 3559 2747 κράτος
3611 2665 3807 2746 ἰδίοντα

2163 2762 2253 2811 τοῦ
2300 2754 2543 2814 θανάτου.
2604 2758 2768 2823 Διττη
2837 2758 2937 2836 γὰρ
3009 2757 3147 2813 ἐστιν
3192 2759 3228 2825 ἡ
3275 2758 3517 2835 ὑποταγή
3553 2774 3569 2787 ’
3627 2759 3662 2823 ἡ
3709 2756 3805 2830 μὶν

2162 2843 2429 2920 ἀκούσιος,
2474 2845 2604 2901 καθὸ
2662 2845 2859 2912 πήντες
2917 2846 3090 2904 δοῦλοι
3162 2853 3256 2904 τοῦ
3321 2854 3455 2904 Θεοῦ
3507 2845 3663 2921 ἐσμεν
3720 2844 3808 2900 καὶ

2163 2930 2406 3006 ἄκοντες,
2451 2934 2629 3012 ὥσπερ
2683 2935 2771 2990 καὶ
2804 2936 2850 2991 οἱ
2907 2933 3150 3012 δαίμονες
3188 2954 3202 2969 ·
3237 2938 3272 3003 ἡ
3304 2933 3359 2990 δὲ
3389 2935 3645 3008 ἐκούσιος,
3679 2935 3807 2989 καθὸ

430 3022 628 3082 omnia
658 3020 842 3081 Solam
886 3020 1289 3082 obedientiam
1338 3022 1786 3083 involuntariam
1841 3013 2073 3086 exhibe-

2164 3021 2369 3085 Παῦλος
2414 3020 2597 3086 δοῦλος
2654 3023 2721 3090 ἧν
2788 3030 3031 3102 Χριστοῦ.
3083 3024 3340 3103 Πρότερνν
3398 3024 3497 3098 μὲν
3559 3023 3645 3080 οὖν
3704 3022 3803 3088 τὴν

429 3119 652 3180 rent,et
675 3110 940 3171 Salvator
956 3110 1222 3169 omnium
1246 3120 1597 3189 potestatem
1626 3113 1791 3191 quasi
1816 3112 2070 3175 dimidia.

431 3205 545 3257 tam
566 3198 836 3260 haberet:
857 3207 990 3277 post
1013 3200 1531 3273 crucem,cumDei
1552 3201 1806 3279 cognitio
1822 3202 2081 3264 innotes-

426 3296 589 3347 ceret
624 3285 1140 3361 omnibus,habuit
1171 3288 1344 3348 etiam
1371 3288 1700 3349 voluntarie
1727 3290 2078 3354 obedientes

428 3373 1015 3454 omnesquisuhjecti
1035 3376 1270 3435 fuerunt
1301 3377 1510 3439 Merito
1534 3376 1707 3456 igitur
1724 3378 1864 3438 dicit
1881 3380 2071 3440 tlhris-

430 3470 521 3524 tus
547 3480 560 3524 :
589 3461 758 3524 Nunc
788 3466 991 3543 accepi
1018 3474 1364 3545 potestatem
1399 3486 1633 3527 omnem
1672 3487 1685 3527 :
1726 3469 1886 3547 prius
1916 3469 2074 3530 enim

424 3550 703 3631 partiaria
721 3562 976 3633 potestas
1003 3554 1144 3614 mihi
1168 3564 1391 3628 erat,eo
1404 3556 1561 3635 quod
1580 3566 1797 3633 praeter
1816 3558 2080 3619 volunta-

422 3649 541 3701 tem
564 3642 708 3704 mihi
729 3642 903 3703 veluti
934 3642 1141 3705 factori
1166 3644 1521 3705 serviebant:
1541 3664 1697 3705 nunc
1722 3654 1915 3707 autem
1939 3668 2069 3708 cum

425 3729 697 3792 homines
719 3741 929 3812 sponte
951 3741 1009 3793 et
1030 3733 1293 3796 scientes
1326 3733 1469 3794 mihi
1496 3735 1775 3815 serviant,
1798 3736 1995 3797 omnis
2015 3746 2073 3797 et

424 3818 652 3897 integra
693 3830 951 3901 potestas
987 3821 1133 3883 mihi
1172 3823 1307 3884 data
1340 3831 1450 3885 est.
1480 3826 1525 3883 A
1572 3842 1688 3903 quo
1718 3832 1912 3884 autem
1937 3826 2071 3886 data

423 3917 512 3970 est
534 3909 620 3969 illi
644 3908 669 3970 ἲ
691 3910 948 3973 Omnino
970 3928 1005 3969 a
1029 3912 1351 3991 semetipso
1376 3911 1606 3987 habuit,
1642 3920 1699 3972 et
1730 3930 1837 3973 sua
1868 3913 2064 3974 humi-

421 3995 603 4058 litate.
634 3998 763 4059 Nisi
793 4000 951 4059 enim
982 3998 1323 4061 humiliatus
1353 4000 1584 4074 fuisset,
1621 4009 1679 4062 et
1709 4019 2067 4080 congressus

420 4103 553 4146 cum
578 4086 920 4148 adversario
961 4105 1069 4167 per
1096 4106 1361 4167 crucem,
1394 4107 1512 4149 non
1530 4088 1811 4151 salvasset
1840 4110 1966 4153 nos.
1998 4090 2068 4152 Et

420 4174 505 4235 sic
520 4175 805 4255 intellige.
823 4174 998 4237 oData
1011 4188 1100 4236 est
1113 4177 1257 4238 mihi
1271 4177 1464 4238 omnis
1478 4187 1752 4257 potestas,
1770 4180 2065 4260 :Propriis

2163 3111 2411 3167 ἀκούσιον
2462 3112 2633 3187 μόνην
2672 3113 2944 3190 ὑποταγὴν
2986 3113 3222 3192 ἐχόντων
3276 3113 3508 3186 πάντων,
3566 3111 3618 3176 ἐξ
3667 3108 3803 3185 ἧμι-

2162 3202 2328 3274 σείαε,
2394 3199 2572 3279 ὥσπερ
2631 3200 2791 3280 εἶχεν
2846 3204 2874 3257 6
2918 3203 3107 3280 Σωτὴρ
3154 3202 3253 3269 τὴν
3282 3202 3493 3257 πάντων
3522 3199 3799 3266 ἐξουσίαν’

2161 3288 2296 3361 μετὰ
2346 3285 2401 3343 δὲ
2457 3289 2545 3345 τὸν
2604 3290 2848 3365 σταυρὸν,
2892 3289 2989 3357 τῆς
3032 3289 3351 3367 θεογνωσίας
3403 3286 3803 3367 ἐφαπλωθείσης

2158 3381 2312 3451 πᾶσι,
2400 3378 2488 3432 καὶ
2584 3377 2682 3443 τὴν
2753 3377 2990 3433 ἑκούσιον
3076 3379 3349 3456 ὑποταγὴν
3434 3377 3802 3455 ὑποταγέντων

2158 3466 2391 3540 πάντων,
2465 3467 2679 3527 εἰκότως
2733 3468 2892 3545 φησὶν
2949 3469 2977 3522 6
3040 3466 3284 3547 Χριστὸς,
3331 3465 3410 3522 ὅτι
3455 3476 3559 3524 Nov
3616 3462 3801 3523 ἔλαϐον

2157 3561 2331 3609 πᾶσαν
2384 3555 2480 3621 τὴν
2558 3554 2790 3619 ἐξουσίαν
2827 3574 2842 3591 ο
2926 3557 3177 3635 πρότερον
3234 3556 3330 3632 μὲν
3402 3558 3501 3635 γὰρ
3572 3559 3801 3632 μερικῶς

2156 3647 2361 3721 προσῆν
2421 3665 2512 3718 μοι
2569 3645 2603 3710 ἡ
2650 3642 2872 3721 ἐξουσία,
2909 3646 2982 3708 ὡς
3038 3645 3295 3709 ἀκουσίως
3340 3647 3503 3720 μόνον
3533 3643 3802 3702 δουλευόν-

2154 3752 2263 3787 των
2320 3754 2435 3812 μοι,
2488 3734 2618 3787 καθὸ
2660 3735 2893 3804 ποιητής
2952 3736 3060 3809 εἰμι
3086 3751 3102 3766 '
3150 3758 3239 3792 νυν
3296 3733 3350 3790 δέ
3382 3737 3469 3791 καὶ
3510 3736 3645 3810 μετὰ
3674 3734 3799 3791 ἐπι-

2153 3821 2397 3898 γνώσεως
2455 3818 2804 3878 δουλευόντων
2847 3844 2938 3897 μοι
2994 3823 3099 3879 τῶν
3158 3823 3466 3904 ἀνθρώπσοιν,
3514 3830 3659 3881 πᾶσα
3711 3825 3799 3879 καὶ

2153 3908 2448 3993 ὁλόκληρος
2505 3911 2540 3976 ἡ
2598 3911 2799 3976 ἐξουσία
2854 3909 3008 3979 ἐδόθη
3065 3934 3180 3987 μοι.
3216 3915 3363 3993 Παρὰ
3392 3915 3529 3978 τίνος
3558 3912 3613 3969 δὲ
3643 3912 3797 3979 ἐδόθη

2151 4002 2292 4073 αὐτῷ
2325 3981 2370 4079 ς’
2406 3981 2489 4056 ’Ἦ
2532 4001 2744 4065 πάντως
2787 4000 2911 4081 παρ’
2970 3981 3156 4059 ἑαυτοῦ
3192 3981 3417 4071 καὶτῆς
3447 4004 3638 4069 οἰκείας
3696 4025 3799 4059 τα-

2150 4089 2457 4153 πεινώσεως
2492 4109 2505 4123 ο
2570 4092 2614 4146 εἰ
2667 4091 2744 4165 μὴ
2818 4093 2919 4170 γὰρ
2968 4091 3296 4160 ἐταπεινώθη
3347 4096 3435 4149 καὶ
3491 4091 3796 4160 συνεπλὶκη

2148 4184 2224 4251 τῷ
2278 4177 2551 4253 ἀντιπάλῳ
2578 4177 2662 4238 διὰ
2704 4190 2796 4239 τοῦ
2838 4188 3082 4260 σταυροῦ,
3136 4181 3230 4237 οὐκ
3277 4184 3339 4240 ἂν
3369 4182 3567 4240 ἔσωσεν
3594 4185 3737 4258 ἡμᾶς
3776 4227 3790 4242 .

420 4262 569 4323 meis
591 4264 1015 4326 certaminibus
1035 4276 1092 4327 et
1115 4266 1417 4327 laboribus
1438 4267 1670 4329 servavi
1701 4278 1728 4327 Ι
1745 4276 1848 4329 οσ
1877 4268 2067 4331 homi-

2156 4267 2285 4324 ὤστε
2327 4270 2389 4324 τὸ
2421 4288 2445 4323 ε
2464 4266 2654 4335 Ἐδόθη
2686 4291 2784 4344 μοι
2816 4269 3040 4347 ἐξουσία,
3072 4293 3095 4330 ε
3134 4270 3271 4328 οετω
3299 4273 3428 4329 νόει⁶
3462 4272 3557 4331 Ἐκ
3585 4275 3690 4329 τῶν
3720 4274 3796 4337 οἷς

419 4369 555 4425 nes,
575 4352 941 4415 etfactisunt
972 4355 1112 4415 mihi
1146 4356 1204 4415 in
1229 4364 1449 4417 sortem
1474 4366 1534 4417 et
1559 4358 1919 4437 peculiarem
1948 4377 2064 4439 po-

422 4440 647 4519 pulum.
684 4444 974 4504 Duminus
1027 4444 1227 4524 itaque
1255 4462 1435 4521 super
1466 4455 1680 4506 terram
1715 4456 2063 4527 potestatem

417 4528 618 4605 habet,
641 4548 711 4592 eo
738 4533 893 4611 quod
920 4532 1115 4593 omnis
1139 4541 1295 4594 terra
1324 4534 1557 4610 agnOvit
1588 4535 1753 4596 illum
1782 4556 1794 4598 :
1829 4536 1888 4597 in
1917 4537 2066 4599 coelo

416 4627 640 4693 autem,
668 4637 739 4681 eo
765 4621 923 4701 quod
945 4639 1174 4682 merces
1194 4641 1261 4683 ac
1289 4622 1682 4701 municipatus
1706 4625 1940 4685 illorum
1967 4637 2066 4705 qui

417 4708 667 4770 credunt
690 4709 748 4770 in
768 4710 916 4772 ccelo
941 4719 1051 4771 est.
1092 4710 1200 4771 Vel
1232 4710 1406 4771 etiam
1439 4711 1632 4786 aliter,
1658 4714 1790 4792 quia
1810 4714 2067 4776 humana

414 4804 624 4858 natura
653 4798 814 4877 prius
860 4799 1278 4874 condemnata,
1316 4818 1473 4860 nunc
1505 4802 1669 4862 unita
1717 4802 1825 4863 Dei
1866 4801 2062 4867 Verbo

414 4886 807 4963 personaliter
828 4888 890 4948 in
922 4890 1070 4951 cmlo
1104 4889 1294 4968 sedet,
1321 4898 1379 4949 et
1410 4891 1483 4949 ab
1516 4891 1740 4969 angelis
1758 4893 2058 4973 aduratur,

414 4974 628 5035 merito
645 4976 1005 5038 dicitnData
1019 4985 1106 5038 est
1129 4978 1270 5038 mihi
1285 4980 1480 5039 omnis
1495 4988 1753 5059 potestas
1772 4984 1827 5041 in
1849 4981 2055 5046 cmlo.»

413 5060 647 5123 Etenim
692 5065 950 5127 humana
1000 5077 1205 5128 natura
1254 5067 1416 5147 prius
1462 5068 1774 5141 serviebat,
1812 5089 1970 5132 nunc
1998 5070 2060 5130 in

415 5150 647 5214 Christo
670 5152 920 5234 imperat
940 5156 1239 5219 omnibus.
1275 5156 1539 5218 Breviter
1566 5157 1741 5237 igitur
1764 5160 1849 5221 sic
1874 5160 2055 5222 intel-

414 5237 529 5318 lige
553 5258 606 5300 ια
635 5240 777 5305 Data
800 5255 888 5307 est
910 5247 1055 5307 mihi
1087 5245 1280 5307 omnis
1297 5245 1848 5330 potestas.»Nempe
1873 5250 1919 5311 si
1940 5259 2062 5310 tan-

412 5345 586 5417 quam
608 5330 771 5393 aDei
802 5334 1000 5395 Verbo
1042 5334 1263 5398 dictum
1304 5333 1587 5415 accipias,
1628 5338 1713 5399 sic
1744 5336 2014 5417 intellige
2042 5356 2058 5403 :

417 5416 601 5482 «Data
621 5432 708 5481 est
734 5422 883 5483 mihi
900 5425 1093 5487 omnis
1114 5432 1434 5506 potestas,»
1446 5443 1515 5486 eo
1541 5427 1702 5507 quod
1727 5416 1995 5491 volentes
2007 5439 2065 5493 et

490 5587 543 5637 τί
579 5590 735 5653 Pal.
770 5604 973 5672 cxvm,
1004 5594 1103 5655 9t.

2146 4358 2304 4414 κείων
2384 4378 2485 4435 μου
2542 4358 2764 4437 ἀγώνων
2831 4362 2919 4416 καὶ
2992 4359 3377 4437 παλαισμάτων
3447 4360 3621 4420 ἔσωσα
3673 4363 3794 4426 τοὺς

2148 4445 2472 4527 ἀνθρώπους,
2518 4450 2605 4504 καὶ
2663 4448 3027 4528 περιεγένοντό
3086 4471 3176 4526 μοι
3226 4450 3413 4508 λοιπὸν
3455 4450 3653 4528 κλῆρος
3706 4462 3797 4516 καὶ

2148 4536 2424 4614 περούσιος
2456 4535 2608 4601 λαός.
2644 4535 2764 4594 Ἐπὶ
2819 4542 2922 4616 γῆς
2978 4540 3077 4613 μὲν
3132 4539 3221 4597 οὖν
3265 4539 3381 4622 ἔχει
3434 4541 3532 4608 τὴν
3563 4540 3795 4606 ἐξουσίαν

2150 4628 2178 4680 6
2238 4626 2446 4703 Κύριος,
2506 4629 2635 4683 καθὸ
2678 4633 2821 4683 πᾶσα
2867 4629 2901 4694 ἡ
2959 4632 3031 4707 γῆ
3062 4627 3269 4709 ἐπέγνω
3298 4630 3476 4687 αὐτόν’
3511 4629 3565 4687 ἐν
3594 4632 3795 4709 οὐρανῷ

2150 4711 2226 4788 δὲ,
2287 4712 2418 4771 διότι
2476 4717 2503 4771 6
2561 4719 2745 4791 μισθὸς
2795 4722 2900 4773 τῶν
2971 4719 3327 4778 πιστευόντων
3384 4722 3526 4793 αὐτῷ
3594 4720 3680 4776 καὶ
3731 4721 3794 4775 τὸ

2143 4802 2459 4885 πολίτευμα,
2493 4804 2547 4859 ἐν
2595 4808 2838 4885 οὐρανοῖς
2892 4808 3119 4888 ὑπάρχει
3155 4826 3169 4841 ·
3203 4810 3291 4865 καὶ
3332 4809 3432 4887 γὰρ
3459 4810 3548 4884 καὶ
3588 4806 3791 4881 ἄλλως,

2145 4894 2258 4950 ἐπεὶ
2301 4895 2334 4960 ἡ
2378 4894 2676 4973 ἀνθρωπίνη
2728 4898 2879 4976 φύσις
2942 4899 2977 4965 ἡ
3027 4898 3213 4975 πρώην
3268 4896 3606 4980 κατάκριτος,
3662 4919 3791 4954 συν-

2142 4986 2359 5059 ημμένη
2417 4990 2495 5058 τῷ
2550 4991 2664 5059 Θεῷ
2716 4989 2874 5066 Λόγῳ
2940 4987 3057 5044 καθ’
3113 4988 3422 5063 ὑπόστασιν,
3485 4988 3539 5044 ἐν
3591 4989 3793 5065 οὐρανῷ

2141 5076 2365 5141 κάθηται
2426 5073 2515 5131 ὑπ’
2568 5075 2809 5154 ἆγίὲλων
2865 5078 3297 5157 προσκυνουμένη
3334 5096 3351 5114 ο
3416 5078 3633 5142 εἰκότως
3675 5100 3790 5157 γη-

2144 5164 2247 5243 σὶν,
2278 5162 2359 5219 ὅτι
2396 5185 2419 5221 ε
2442 5242 2447 5245 ι
2472 5164 2658 5233 Ἐδόθη
2703 5189 2798 5241 μοι
2833 5174 2976 5224 πᾶσα
3011 5167 3212 5233 ἐξουσία
3260 5168 3316 5224 ἐν
3345 5170 3546 5247 οὐρανῷ
3575 5188 3589 5201 ·
3638 5191 3668 5223 ιι
3703 5166 3791 5224 καὶ

2141 5255 2241 5332 γὰρ
2289 5255 2323 5321 ἡ
2382 5253 2680 5334 ἀνθρωπίνη
2724 5257 2874 5335 φύσις
2916 5258 2949 5324 ἡ
2993 5258 3178 5335 πρώην
3222 5255 3557 5331 δουλεύουσα,
3603 5266 3693 5317 νῦν
3733 5255 3791 5312 ἐν

2144 5346 2355 5422 Χριστῷ
2412 5341 2568 5425 ἄρχει
2622 5346 2857 5409 πάντων,
2924 5346 3205 5404 Συνελόντι
3262 5348 3352 5404 οὗν
3408 5352 3591 5427 φᾶναι,
3651 5345 3792 5417 οὕτω

2144 5434 2251 5491 νόει
2304 5434 2388 5507 τὸ,
2454 5453 2479 5490 ε
2539 5432 2728 5501 Ἐδόθη
2784 5458 2876 5512 μοι
2921 5441 3066 5493 πᾶσα
3103 5435 3306 5503 ἐξουσία
3338 5456 3354 5471 ·
3392 5459 3422 5491 ι
3471 5439 3516 5493 εί
3558 5435 3656 5513 μὶν
3712 5437 3787 5503 ὣς
