4144 6212
492 289 595 362 511

1449 299 1551 358 ΤΗ
1563 295 2037 359 ΕΟΡΗῩΙιΑϐἸΊ
2083 293 2493 356 BULGARIE
2522 296 2876 358 ARCHIEP.

3735 304 3852 366 512

433 421 438 430 ’
490 436 670 502 esset,
708 439 764 489 et
797 429 1066 509 protinus
1096 429 1433 510 congregati
1472 437 1608 490 sunt
1640 429 1834 502 multi,
1885 430 2030 490 adeo
2067 441 2112 489 ut

2210 450 2305 482 σαν
2359 427 2566 503 πολλοὶ,
2639 430 2775 486 ὥστε
2845 433 3037 505 μηκέτι
3082 445 3286 513 χωρεῖν
3329 434 3462 509 μηδὲ
3495 438 3558 494 τὰ
3591 442 3718 517 πρὸς
3749 443 3848 510 τὴν

482 517 603 595 jam
631 537 746 578 non
773 525 1056 596 caperent
1082 537 1325 589 eos,r.ec
1351 518 1450 578 illa
1474 518 1597 578 loca
1623 537 1752 598 qua;
1785 532 1946 578 erant
1974 518 2128 578 circa

480 606 751 683 januam,
785 617 843 666 et
876 607 1225 686 loquebatur
1257 607 1343 666 eis
1373 625 1736 667 sermonem.
1780 605 1848 665 Et
1891 606 2131 666 veniunt

485 693 555 752 ad
581 713 712 753 eum
742 696 1000 755 ferentes
1035 695 1435 774 paralyticum,
1461 694 1614 773 quia
1643 703 1893 773 quatuor
1926 704 2128 771 porta-

487 781 658 842 batur
692 801 704 844 ε
742 793 796 842 et
829 803 962 843 cum
988 802 1104 843 non
1141 793 1378 862 possent
1404 782 1880 863 appropinquare
1912 783 2130 863 illiprm

484 870 668 938 turba.
698 871 1067 932 nudaverunt
1121 879 1336 932 tectum
1387 871 1603 932 aedium
1641 870 1700 931 in
1731 870 1947 952 quibus
1976 881 2124 954 erat,

484 959 866 1038 perfossaque
894 967 1048 1022 tecto
1078 959 1318 1020 funibus
1347 959 1670 1022 demittunt
1698 959 2044 1037 grabbatum
2068 962 2125 1022 in

483 1066 597 1128 quo
631 1048 984 1129 paralyticus
1015 1047 1428 1110 decumbebat.
1459 1049 1603 1111 Cum
1643 1056 1837 1111 autem
1886 1049 2126 1113 vidisset

481 1139 652 1199 Jesus
683 1137 863 1199 ﬁdem
892 1138 1248 1213 _illorum,ait
1276 1138 1592 1218 paralytico
1621 1159 1635 1201 :
1661 1137 1798 1218 Fili,
1821 1141 2124 1202 remittun-

482 1233 578 1288 tur
607 1226 713 1290 tibi
745 1235 987 1308 peccata
1018 1226 1336 1290 tuamlllud
1379 1227 1445 1285 δι’
1478 1230 1713 1308 ἡμερῶν,
1747 1227 1804 1289 id
1857 1236 1968 1308 est,
2022 1247 2127 1308 per

483 1315 831 1395 dies,posuit
850 1335 976 1396 pro,
996 1317 1305 1396 praeteritis
1327 1315 1548 1396 aliquot
1571 1315 2124 1398 diebus.Poslquam

481 1412 676 1464 autem
706 1403 1009 1483 ingressus
1041 1405 1646 1484 esset,audissentque
1677 1403 1834 1484 quod
1859 1405 1919 1466 in
1950 1405 2125 1468 domo

483 1501 657 1565 esset,
692 1502 1144 1567 concurrerunt,
1172 1501 1481 1574 sperantes
1530 1493 1656 1554 fore
1687 1503 1749 1554 ut
1789 1493 1957 1556 facile
1991 1515 2123 1558 cum

481 1599 550 1643 eo
575 1584 1305 1661 conversarentur.Magna
1320 1582 1556 1643 illorum
1575 1582 1886 1647 ﬁdesutet
1906 1592 2124 1646 tectum

2210 517 2386 594 θύραν,
2445 521 2526 572 mi
2597 517 2770 574 ἐλάλει
2846 521 3026 583 αὖτοῒς
3085 523 3173 579 τόν
3244 522 3421 602 λόγον,
3455 527 3547 581 καῖ
3601 527 3853 607 ἕργονται

2212 607 2340 681 πρὸς
2402 607 2578 680 αὶτον,
2657 609 3014 686 παραλυτικὸν
3076 611 3341 691 φέροντες,
3406 607 3695 691 αἰρόμενον
3761 620 3864 675 ὑπὸ

2213 695 2501 758 τετσεὶρωψ
2566 698 2651 750 καὶ
2717 697 2794 770 μὴ
2851 695 3122 773 δυνάμενοι
3180 704 3518 779 προσεγγῖσαι
3578 710 3718 778 αὒτῷ
3780 707 3865 763 διὰ

2214 783 2302 834 τὸν
2376 781 2568 860 ὄχλον,
2632 785 2993 863 ἀπεστέγασαν
3041 790 3137 854 τὴν
3209 790 3399 866 στέγην
3460 791 3592 849 ὅπου
3625 796 3711 875 ἧν,
3774 801 3859 853 καὶ

2209 869 2561 952 ἐξορύξαντες,
2638 873 2848 954 χαλῶσι
2912 879 3002 932 τὸν
3060 876 3348 955 κράϐὅατον
3377 879 3458 960 ἐφ’
3513 887 3558 957 ᾦ
3611 886 3638 940 6
3677 869 3856 963 παρα·

2206 957 2415 1025 λυτικὸς
2474 957 2771 1027 κατέκέιτο,
2831 962 2976 1021 Ἰδὼν
3031 964 3086 1022 δὲ
3149 970 3176 1025 6
3247 957 3452 1036 'Incofi;
3521 973 3620 1040 τὴν
3671 957 3852 1031 πίστιν

2205 1048 2399 1140 αὖτῷν,
2458 1049 2602 1140 λέγει
2667 1058 2744 1125 τῷ
2811 1052 3175 1133 παραλυτικῷ·
3226 1057 3439 1131 Τέκνον,
3475 1059 3738 1140 ἀφέωνταί
3765 1083 3851 1120 σοι

2208 1139 2258 1192 αἱ
2315 1139 2563 1228 ἁμαρτίαι
2625 1158 2741 1200 σου.
2811 1165 2837 1196 ι
2915 1144 2975 1200 Τί
3029 1143 3136 1200 ἐστι
3194 1146 3276 1223 τὸ,
3309 1145 3376 1202 δι’
3420 1139 3634 1228 ἡμερῶν
3688 1151 3851 1224 ςᾶντὶ

2207 1233 2330 1316 τοῦ,
2379 1225 2694 1287 διελθουσῶν
2750 1231 2962 1309 ἡμερῶν
3029 1255 3208 1294 τινων.
3266 1231 3415 1293 Ἐπεὶ
3468 1225 3540 1294 δῖ
3579 1238 3844 1316 εἰσῆλθεν,

2207 1314 2524 1379 ἀκούσαντες
2582 1318 2661 1373 ὃτι
2713 1318 2766 1375 tv
2827 1319 2964 1392 οῗκῳ
3031 1319 3162 1401 ἐστὶ,
3223 1322 3565 1403 συνέδραμον,
3617 1314 3851 1407 «90080-

2210 1405 2468 1473 κήσαντες
2527 1405 2649 1483 ῥᾷον
2707 1407 2954 1489 ἐντυχεῖν
3022 1410 3184 1485 αὐτῷ.
3249 1412 3432 1480 Πολλή
3462 1413 3518 1471 δὲ
3572 1419 3607 1485 ἡ
3660 1405 3854 1482 -πίστις

2207 1497 2312 1547 τῶν
2368 1491 2591 1574 ἀνδρῶν,
2649 1496 2786 1553 ὥστε
2842 1505 2931 1554 καί
2984 1499 3081 1567 τήν
3113 1500 3308 1578 στέγην
3345 1501 3520 1580 ὀρύξαι
3552 1506 3638 1560 καὶ
3668 1505 3854 1586 χαλέ-

2208 1601 2317 1660 ut,
2378 1579 2456 1638 διὸ
2506 1586 2592 1639 καὶ
2649 1586 2677 1641 6
2710 1586 2893 1663 Κύριος
2981 1590 3274 1666 θεραπεύει,
3334 1579 3455 1647 ἰδὼν
3524 1592 3624 1659 τὴν
3670 1579 3855 1651 *πίστιν

479 1671 1289 1750 aperirent,etdemitterent;
1313 1670 1532 1732 idcirco
1549 1679 1605 1731 et
1625 1671 1912 1734 Dominus
1933 1683 2112 1747 sanat,

2215 1669 2384 1725 αὐτῶν
2452 1669 2558 1725 τῶν
2613 1675 2972 1748 κομισάντων,
3030 1672 3065 1743 ἦ
3095 1678 3179 1732 καὶ
3210 1677 3407 1736 ἐκείνου
3435 1687 3526 1738 τοῦ
3555 1680 3853 1752 παραλυτι-

477 1775 686 1821 eorum
705 1760 822 1821 ﬁde
849 1760 966 1821 visa
987 1760 1128 1829 (ﬁde
1158 1762 1558 1839 inquam)tam
1585 1778 1787 1828 eorum
1823 1761 1922 1841 qui
1962 1761 2112 1823 illum

2210 1765 2327 1820 κοῦ,
2393 1760 2487 1816 Καὶ
2543 1760 2642 1838 γὰρ
2711 1761 2958 1827 κάκεῖνος
3027 1767 3120 1822 οὒκ
3177 1764 3238 1820 ἄν
3268 1764 3474 1832 ἐδέξατο
3529 1766 3770 1846 ἀρθῆναι,
3806 1773 3852 1828 si

475 1855 1047 1929 gestaverant,quam
1079 1848 1380 1928 paralytici
1401 1847 1843 1929 ipsius.Etenim
1865 1854 1986 1928 ipse
2006 1869 2112 1912 non

2205 1845 2280 1920 μὴ
2353 1844 2653 1903 ἐπίστευσεν
2702 1851 2776 1914 ὡς
2857 1852 3154 1921 ἰαθήσεται.
3188 1852 3452 1918 Πολλάκις
3497 1844 3599 1933 γὴνρ
3629 1854 3713 1912 διὰ
3742 1858 3844 1925 τὴν

475 1936 848 2013 permisisset
877 1956 941 1999 se
972 1937 1098 1998 tolli
1135 1938 1249 1998 nisi
1280 1937 1612 1998 sanandum
1647 1955 1708 1997 se
1741 1936 2112 2000 credidisset.

2200 1933 2292 1988 τοῦ
2348 1935 2730 2014 προσφέροντος
2790 1938 2984 2005 πίστιν,
3064 1942 3204 1996 ἶᾶται
3290 1944 3407 2008 τοὺς
3477 1946 3844 2025 προσφερομέ-

468 2023 634 2104 δωρελ
665 2027 829 2088 enim
852 2033 1098 2106 prepter
1120 2027 1422 2087 offerentis
1453 2025 1634 2086 ﬁdem
1685 2034 1851 2087 sanat
1885 2044 1987 2087 eos
2017 2028 2112 2104 qui

2199 2044 2340 2097 νοις,
2399 2022 2648 2088 ἀπίστους
2706 2025 2880 2090 ὄντας·
2960 2027 3217 2095 πολλάκις
3269 2029 3324 2086 δὲ
3388 2022 3708 2104 τούναντίον,
3761 2032 3845 2089 διὰ

467 2113 815 2188 afferuntur,
835 2113 1181 2176 incredulos
1215 2135 1228 2176 :
1264 2131 1420 2194 saepe
1452 2113 1626 2174 etiam
1657 2132 1689 2173 e
1719 2114 1953 2176 diverso
1983 2134 2111 2196 pro~

468 2207 599 2280 pter
626 2200 804 2262 ﬁdem
839 2203 966 2280 ejus
996 2203 1095 2281 qui
1129 2201 1392 2281 aﬁ‘ertur,
1424 2201 1965 2264 tametsiincreduli
1996 2203 2114 2266 sint

467 2288 567 2368 qui
597 2289 865 2353 afferant.
902 2291 1164 2352 Primum
1193 2299 1386 2351 autem
1415 2299 1650 2368 peccata
1681 2289 1922 2354 dimittit
1952 2292 2115 2354 inﬁr-

467 2395 586 2456 mo,
624 2377 838 2440 deinde
873 2378 1142 2439 morbum
1174 2388 1362 2440 sanat.
1395 2377 1541 2441 Nam
1574 2398 1642 2440 ex
1671 2381 1930 2458 peccatis
1955 2381 2111 2442 ditii-

467 2466 708 2528 ciliores
742 2467 934 2529 morbi
956 2467 1104 2529 oriri
1134 2468 1352 2542 solent,
1405 2467 1558 2528 sicut
1611 2469 1925 2548 quemdam
1957 2470 2110 2550 apud

467 2557 756 2618 Joannem
791 2557 1078 2618 Dominus
1131 2555 1276 2617 dicit
1324 2554 1396 2617 ob
1449 2565 1690 2636 peccata
1733 2556 1793 2616 in
1825 2557 2116 2638 paralysin

2197 2110 2293 2178 τὴν
2350 2118 2444 2167 τοῦ
2513 2114 2964 2195 προσφερομένου,
3041 2120 3210 2175 καίτοι
3242 2119 3476 2176 ἀπίστων
3520 2119 3687 2177 ὄντων
3736 2129 3846 2179 τῶδ

2195 2200 2620 2289 προσφερόντων.
2686 2205 2899 2282 Πρῶτον
2949 2204 3004 2262 δὲ
3059 2207 3154 2270 τὰς
3213 2209 3470 2286 ἁμαρτίας
3527 2210 3709 2289 ἀφίησι
3766 2216 3844 2283 τῷ

2196 2285 2465 2376 ᾂρρώστῳ,
2529 2289 2650 2345 εἶτα
2708 2293 2794 2347 καὶ
2849 2294 2948 2360 τὴν
3005 2295 3158 2351 νόσον
3213 2285 3506 2375 θεραπεύει.
3575 2285 3689 2356 ⁷Καὶ
3747 2299 3846 2376 γὰρ

2196 2374 2248 2439 ἒξ
2305 2375 2574 2453 ἁμαρτιῶν
2632 2380 2696 2434 τὰ
2775 2379 3130 2461 χαλεπώτερα
3225 2374 3328 2440 τῶν
3415 2374 3846 2463 ἂῤῥωστημάτων
3933 2397 3948 2413 ⁸

2198 2465 2267 2527 ὡς
2323 2463 2406 2519 ἐπὶ
2464 2467 2524 2519 τὸ
2581 2465 2834 2525 πλεῖστον
2895 2472 3154 2548 γίνονται,
3214 2473 3397 2552 ὣσπερ
3457 2475 3660 2529 καὶτὸν
3701 2476 3844 2551 παρὰ

2198 2559 2274 2625 τῷ
2353 2552 2574 2629 Ἰωάννῃ
2672 2556 2997 2637 παράλυτον,
3075 2558 3127 2625 ἐξ
3201 2563 3472 2640 ἁμαρτιῶν
3556 2563 3844 2641 παρεθῆναί

469 2644 755 2706 incidisse
785 2646 868 2708 74.
902 2647 1034 2708 Νοη
1066 2653 1155 2708 est
1179 2645 1336 2706 enim
1369 2645 1525 2725 apud
1553 2644 1840 2708 Joannem
1872 2645 1922 2706 is
1953 2649 2112 2723 cujus

2199 2661 2359 2719 φηςιν
2418 2643 2444 2696 6
2483 2645 2664 2721 Κύριος
2736 2647 2843 2702 Οὐκ
2872 2647 2981 2704 ’ἐστι
3012 2649 3110 2727 γὰρ
3139 2650 3224 2712 ἐἷς
3257 2651 3283 2704 6
3308 2651 3448 2728 παρὰ
3475 2658 3550 2725 τῷ
3595 2650 3836 2726 Ἰωείννῃ,

469 2753 629 2795 nunc
662 2734 724 2795 ﬁt
756 2735 1000 2828 mentio,
1036 2733 1138 2828 sed
1174 2733 1344 2828 alius.
1379 2734 1681 2828 Nam-qui
1732 2735 1886 2815 apud
1910 2735 2112 2828 -Joan-

2201 2729 2286 2828 καὶ
2346 2731 2391 2828 ὸ“
2456 2731 2541 2785 νῦν
2611 2736 3096 2810 μνημονευόμενος,
3156 2736 3278 2794 ἀλλ’
3321 2735 3492 2815 ’ἅτερος
3525 2739 3611 2796 καὶ
3642 2739 3838 2816 ἕτερος.

469 2841 630 2897 nem,
662 2842 780 2885 non
813 2823 1070 2886 habebat
1119 2824 1463 2885 hominem:
1501 2824 1598 2885 hic
1640 2831 1838 2885 autem
1891 2823 1968 2886 de
1999 2845 2112 2905 quo

2205 2817 2262 2874 Ὀ
2291 2905 2303 2907 _
2334 2817 2431 2893 μὶν
2488 2821 2586 2900 γὰρ
2640 2824 2780 2902 παρὰ
2809 2831 2886 2898 τῷ
2930 2825 3172 2901 Ἰωάννῃ,
3220 2827 3313 2884 οὐκ
3343 2828 3499 2907 εἶχεν
3543 2827 3834 2906 ἄνθρωπον

441 2930 621 2973 .nunc
647 2911 932 2992 loquitur,
966 2931 998 2973 a
1028 2920 1281 2992 quatuor
1303 2911 1606 2973 ferebatur
1641 2934 1655 2976 :
1690 2921 1750 2974 et
1781 2913 1879 2974 ille
1910 2914 1970 2974 in
2004 2917 2112 2993 pis-

2202 2909 2227 2962 6
2285 2905 2337 2962 δί
2387 2913 2494 2981 νῦν,
2561 2911 2815 2987 τέσσαρας
2873 2913 3014 2993 ἕχειο
3070 2916 3158 2971 καὶ
3215 2918 3242 2971 6
3274 2905 3496 2995 μὶνίὶν
3538 2905 3841 2993 τῇπροεα-

464 2999 596 3061 cina
613 2999 1048 3079 probatica,hic
1069 3009 1265 3062 autem
1291 3019 1448 3060 nunc
1469 2999 1529 3061 in
1555 2999 1731 3061 domo
1761 3017 1776 3062 :
1824 3009 1882 3062 et
1910 3001 2006 3062 hic
2046 3021 2112 3064 e-

2199 3003 2342 3072 τικῇ,
2405 3001 2432 3054 6
2502 2997 2555 3054 δὲ
2614 3011 2724 3074 νῦν,
2771 3001 2823 3057 ἰν
2852 3004 3011 3074 οἰκίᾳ’
3045 3006 3130 3059 καὶ
3162 3006 3189 3060 6
3223 3005 3341 3078 μὲν,
3380 3005 3432 3060 ἂν
3466 3005 3840 3084 Καπερναοὺμ,

2203 3087 2215 3104 1
2278 3083 2316 3104 δε
2424 3087 2436 3104 9
2534 3079 2569 3104 θ-
2729 3088 2745 3104 ε
2774 3090 2786 3104 ι
3080 3094 3091 3104 ι
3187 3091 3266 3104 01“
3405 3092 3446 3104 Α·
3546 3091 3569 3104 υ
3696 3091 3723 3104 ιν

474 3096 564 3151 rat
593 3087 1096 3168 Capernaum,ille
1117 3107 1252 3152 vero
1277 3087 1926 3170 liierosylimis,etalize
1955 3110 2111 3170 quaa-

2198 3087 2224 3140 6
2273 3083 2347 3157 δὲ,
2420 3087 2474 3142 ἂν
2534 3079 2936 3166 Ἱεροσολύμοις,
3010 3094 3097 3148 καὶ
3181 3091 3344 3158 ἄλλας
3400 3092 3446 3149 δ’
3537 3079 3624 3148 ἄν’
3668 3079 3843 3171 εὕροις

389 3239 392 3242 .
469 3177 607 3240 dam
639 3178 1014 3241 diﬁ'erentiae.
1048 3177 1271 3239 Verum
1302 3178 1456 3240 scias
1484 3197 1665 3240 unum
1695 3196 1828 3240 esse
1860 3188 1917 3240 et
1945 3180 2109 3241 illum

2197 3171 2468 3254 διαφοράς.
2529 3177 2677 3244 Πλὴν
2737 3179 2962 3256 γίνωσκε
3012 3181 3092 3236 ὸτι
3149 3184 3177 3238 6
3232 3184 3374 3253 παρὰ
3436 3189 3513 3257 τῷ
3567 3182 3841 3255 Ματθαίῳ,

463 3266 618 3346 apud
657 3267 1010 3346 Malthmum,
1048 3277 1106 3328 et
1139 3268 1295 3329 hunc
1329 3267 1403 3328 de
1437 3287 1550 3348 quo
1582 3286 1736 3328 nunc
1770 3267 1927 3348 apud
1956 3271 2112 3329 Mar-

2197 3265 2279 3318 καὶ
2352 3267 2378 3319 6
2463 3272 2548 3320 νῦν
2609 3269 3074 3343 μνημονευόμενος
3130 3271 3272 3349 παρᾶ
3353 3277 3428 3345 τῷ
3487 3271 3686 3350 Μάρκῳ
3745 3271 3841 3334 ﬂ:

466 3374 598 3416 cum
625 3356 687 3415 ﬁt
721 3357 964 3418 mentio.

2197 3352 2357 3411 ἰστιν.

547 3442 1149 3510 Vsus.5—t?.«Erant
1172 3454 1364 3506 autem
1393 3445 1510 3506 illic
1534 3446 1769 3526 quidam
1795 3446 1869 3506 de
1888 3445 2110 3509 Scribis

467 3532 745 3594 sedentes
779 3541 836 3595 et
859 3534 1186 3610 cogitantes
1228 3535 1285 3595 in
1321 3534 1598 3596 cordibus
1627 3536 1772 3614 suis,
1810 3534 1958 3606 Quid
2013 3534 2110 3595 hic

464 3621 549 3683 sic
580 3621 839 3703 loquitur
897 3622 1334 3704 blasphemins?
1379 3625 1512 3705 quis
1559 3616 1762 3704 potest
1802 3622 2108 3685 remittere

465 3719 723 3791 peccata,
751 3712 863 3772 nisi
895 3712 1056 3774 solus
1081 3716 1266 3776 Deus?
1293 3716 1361 3775 Et
1391 3715 1658 3793 protinus
1691 3712 1792 3774 ubi
1836 3713 2108 3789 cognovit

462 3801 630 3862 Jesus
681 3801 889 3880 spiritu
921 3821 1027 3864 suo
1062 3803 1217 3883 quod
1271 3802 1354 3863 sic
1387 3802 1716 3882 cogitarent
1769 3801 1920 3862 intra
1950 3820 2102 3872 sese,

462 3888 611 3950 dixit
635 3889 752 3950 illis
777 3910 790 3950 :
813 3888 962 3962 Quid
995 3893 1104 3953 ista
1129 3892 1394 3970 cogitatis
1447 3893 1504 3952 in
1540 3889 1819 3952 cordibus
1851 3891 2056 3951 vestris
2078 3889 2107 3949 ?

461 3976 611 4047 Quid
645 3985 731 4036 est
777 3979 1004 4040 facilius
1036 3980 1238 4042 dicere
1287 3980 1605 4060 paralytico
1651 3997 1664 4041 :
1701 3979 2108 4043 Remittuntur

462 4063 568 4126 tibi
599 4075 859 4145 peccata,
893 4088 966 4129 an
988 4069 1190 4130 dicere
1218 4091 1230 4132 :
1265 4071 1474 4147 Surge,
1505 4077 1562 4130 et
1585 4068 1722 4129 tolle
1753 4067 2098 4146 grabbatum

2282 3465 2303 3497 ι
2352 3431 2522 3500 Ἠσαν
2565 3443 2617 3501 δέ
2660 3465 2799 3508 τινες
2832 3452 2936 3503 τῶν
2967 3448 3328 3527 Γραμματέων
3371 3449 3486 3507 ἐκεῖ
3521 3452 3830 3524 καθήμενοι,

2191 3531 2278 3599 καὶ
2348 3529 2766 3610 διαλογιζόμενοι
2826 3536 2880 3591 ἂν
2938 3551 3059 3598 ταῖς
3103 3536 3336 3610 καρδίαις
3367 3538 3556 3595 αὐτῶν·
3593 3541 3651 3598 Τί
3682 3539 3828 3603 οὗτος

2192 3619 2328 3675 οὕτω
2380 3619 2537 3676 λαλεῖ
2592 3620 2930 3702 βλασφημίας
2979 3644 2994 3699 ;
3047 3627 3135 3689 Τίς
3178 3623 3385 3682 δύναται
3415 3626 3621 3706 ἀφιέναι
3650 3629 3828 3705 ἆμαρ-

2190 3712 2326 3782 τίας,
2353 3711 2395 3764 εί
2427 3711 2502 3784 μὴ
2537 3711 2621 3769 εἷς
2654 3714 2680 3768 6
2726 3715 2856 3776 Θεὸς
2889 3733 2904 3782 ;
2943 3716 3039 3771 Καὶ
3071 3714 3258 3780 εὐθέως
3289 3715 3532 3793 ὶπιγνούς
3565 3718 3592 3771 6
3627 3714 3832 3782 Ἰησοῦς

2192 3805 2264 3872 τῷ
2332 3800 2585 3873 πνεύματι
2640 3801 2817 3881 αὐτοῦ,
2879 3802 2959 3858 ὅτι
3035 3803 3199 3868 οῧτως
3257 3805 3400 3861 αὖτοὶ
3448 3803 3831 3882 διαλογίζονται

2189 3885 2241 3940 ἂν
2308 3890 2543 3967 ἑαυτοῖς,
2606 3891 2760 3947 εἶπεν
2820 3893 3029 3957 αὖτοῖςο
3091 3896 3150 3952 Τί
3179 3898 3343 3950 ταῦτα
3391 3892 3740 3972 διαλογίζεσθε
3778 3891 3834 3948 ἂν

2189 3990 2310 4040 ταῖς
2365 3975 2595 4055 καρδίαις
2651 3981 2849 4057 ὑμῶν,
2911 3984 2970 4040 τί
3032 3982 3172 4039 ἐστιν
3224 3984 3607 4061 εὐκοπώτερον,
3663 3983 3834 4038 εἰπεῖν

2187 4067 2264 4150 τῷ
2316 4066 2676 4147 παραλυτικῶ,
2735 4067 3026 4150 Ἀφέωνταί
3054 4093 3135 4128 σοι
3167 4075 3217 4128 αἱ
3263 4072 3534 4150 ἁμαρτίαι,
3567 4069 3601 4137 ἦ
3633 4072 3824 4128 εἰπεῖν·

462 4162 626 4216 tuum
653 4165 710 4219 et
739 4157 1069 4220 ambula?ut
1096 4166 1289 4219 autem
1313 4146 1512 4220 sciatis
1530 4158 1684 4238 quod
1709 4158 1894 4220 Filius
1911 4157 2100 4219 homi-

2197 4146 2458 4239 ’ΪΕγειρκι,
2519 4159 2606 4214 καὶ
2633 4159 2757 4236 ἆρόν
2785 4181 2878 4216 σου
2922 4162 3011 4216 τὸν
3042 4158 3358 4239 κράόϐατον,
3387 4161 3473 4216 καὶ
3504 4160 3778 4233 περιπάτει
3807 4182 3825 4232 ;

463 4243 554 4302 nis
576 4245 752 4307 habet
798 4249 1224 4328 potestatemin
1248 4259 1404 4310 terra
1450 4235 1791 4311 remittendi
1835 4257 2094 4328 peccata,

2197 4235 2308 4302 Ηινα
2363 4243 2418 4300 δὶ
2447 4235 2450 4236 ν
2475 4245 2643 4314 εἰδῆτε
2672 4235 2753 4304 ὅτι
2787 4247 3016 4313 ἐξουσίαν
3045 4235 3163 4328 ἔχει
3193 4252 3221 4305 6
3258 4251 3372 4315 Υἱὸς
3402 4256 3494 4307 τοῦ
3551 4248 3826 4327 ἀνθρώπου

463 4331 542 4393 ait
573 4335 889 4417 paralytico
917 4337 1084 4401 :Tibi
1107 4337 1550 4418 dico,Surgc,ac
1587 4337 1721 4400 tolle
1749 4337 2094 4418 grabbatum

2197 4336 2264 4390 ιπὶ
2335 4336 2430 4402 τῆς
2461 4341 2561 4413 γῆς
2608 4337 2810 4417 ἀφιέναι
2842 4336 3123 4418 ἅμαρτίας,
3155 4335 3298 4417 λέγει
3347 4345 3422 4412 τῷ
3449 4337 3812 4416 παραλυτικῷ·

461 4429 647 4495 tuum,
674 4431 730 4483 et
756 4424 849 4484 abi
891 4425 950 4486 in
1000 4427 1238 4487 domum
1272 4434 1456 4488 tuam.
1489 4429 1558 4488 Et
1597 4426 1790 4487 statim
1823 4427 2095 4503 surrexit,

2197 4426 2278 4480 Σοὶ
2334 4423 2498 4503 λέγω,
2566 4426 2783 4506 ἕγειραι,
2849 4429 2934 4482 καὶ
2988 4429 3112 4506 ἆρον
3154 4430 3247 4484 τὸν
3275 4425 3570 4505 κρᾶϐὅατόν
3597 4449 3715 4500 σου,
3747 4450 3815 4482 κα

462 4510 811 4591 sublatoque
832 4515 1113 4593 grabbato
1137 4534 1410 4595 egressus
1427 4525 1514 4577 est
1542 4516 1598 4576 in
1633 4521 1960 4595 conspectu
1986 4535 2101 4576 om-

2197 4513 2360 4591 Επαγε
2436 4517 2508 4576 είς
2564 4516 2654 4572 τὸν
2713 4516 2866 4572 οἶκόν
2926 4538 3041 4578 σου.
3102 4517 3199 4574 Καὶ
3250 4516 3449 4596 ἠγέρθη
3479 4514 3693 4590 εὐθέως,
3751 4536 3824 4572 κα

459 4599 646 4677 nium,
673 4604 820 4663 adeo
852 4612 912 4664 ut
942 4613 1357 4685 stupescerent
1385 4613 1677 4677 omnes,et
1704 4603 2104 4682 gloriﬁcarent

2197 4601 2321 4677 Ξίρας
2394 4605 2484 4659 τὸν
2539 4601 2854 4684 κράϐϐατον,
2911 4603 3123 4672 ἐξῆλθεν
3167 4605 3398 4662 ἐναντίον
3425 4604 3658 4683 πάντων,
3691 4603 3830 4662 ὥστε

456 4692 670 4770 Deum,
695 4693 961 4755 dicentes
996 4713 1009 4757 :
1043 4694 1350 4776 Nunquam
1391 4693 1476 4755 sic
1515 4693 1787 4754 vidimus.
1835 4720 1856 4750 ιι
1896 4695 2100 4756 l’hari-

457 4779 557 4840 seei
590 4781 829 4860 quidem
851 4783 1178 4861 arguebant
1200 4784 1513 4844 Dominum
1548 4791 1609 4843 ut
1661 4781 2094 4861 hlasphemum.

456 4868 611 4948 quod
643 4871 971 4934 remitteret
998 4877 1283 4953 peccata.°
1307 4873 1504 4936 Solius
1535 4870 1693 4932 enim
1759 4870 1862 4932 Dei
1892 4882 1978 4931 est
2008 4891 2097 4932 re°

462 4955 693 5021 mittere
728 4962 1280 5041 peccata.Domtnus
1308 4971 1502 5024 autem
1535 4969 1594 5021 et
1622 4959 1781 5020 aliud
1809 4960 1972 5020 dedit
2003 4961 2098 5021 iu-

454 5043 677 5108 dictum
711 5051 896 5111 Deum
929 5070 990 5111 se
1023 5071 1154 5112 esse
1177 5070 1402 5122 verum,
1435 5067 1647 5128 nempe
1665 5067 1729 5110 se
1749 5050 1936 5110 corda
1973 5049 2101 5111 illo-

458 5152 586 5193 rum
607 5143 1040 5216 cognoscere.N
1049 5159 1139 5201 am
1157 5152 1214 5201 et
1229 5140 1411 5203 corda
1428 5137 1695 5200 omnium
1715 5156 2100 5216 cognoscere,

457 5220 642 5284 solius
672 5223 774 5286 Dei
797 5227 1204 5298 est,sicutl82
1223 5240 1279 5290 et
1305 5229 1589 5309 propheta
1615 5225 1758 5286 dicit
1785 5247 1797 5285 :
1839 5227 1925 5288 Tu
1950 5228 2102 5288 nosti

456 5312 635 5372 corda
658 5315 839 5378 solus.
865 5316 1165 5380 lllitamen
1179 5319 1452 5381 revelatis
1470 5316 1644 5376 etiam
1661 5316 1930 5378 cordium
1956 5336 2099 5377 suo-

459 5417 590 5461 rum
636 5405 1087 5480 cogitationibus
1140 5414 1488 5489 permanent
1537 5406 1816 5468 insensati
1846 5425 1915 5469 ac
1969 5415 2097 5467 stu-

533 5571 596 5622 7‘
621 5572 794 5638 Joan.
827 5590 886 5654 ν,
920 5575 1057 5643 5-8.

2190 4690 2481 4756 ἐξίστασθαι
2541 4693 2764 4772 πάντας,
2817 4695 2902 4749 καὶ
2932 4691 3161 4764 δοξάζειν
3200 4696 3293 4750 τὸν
3349 4695 3504 4772 Θεὸν,
3574 4690 3830 4771 λέγοντας

2185 4783 2264 4837 ὅτι
2335 4779 2590 4840 Οὐδέποτε
2662 4781 2825 4845 οὕτως
2883 4779 3090 4857 ἴδομεν.
3133 4806 3157 4838 ι
3208 4785 3267 4840 Ol
3314 4782 3412 4858 μὲν
3441 4789 3724 4859 Φαρισαῖοι
3753 4783 3829 4844 ὡς

2183 4869 2499 4948 βλάσφημον
2575 4869 2844 4928 διέϐαλλον
2898 4872 2988 4928 τὸν
3021 4873 3228 4949 Κύριον,
3263 4871 3344 4928 ὅτι
3373 4872 3511 4951 ἠφίει
3544 4871 3824 4951 ἁμαρτίας·

2184 4960 2347 5034 μόνου
2416 4961 2513 5037 γὰρ
2572 4967 2703 5018 Θεοῦ
2759 4963 2820 5016 τὸ
2861 4960 3064 5028 ἀφιέναι
3124 4961 3403 5040 ἁμαρτίαςο
3458 4962 3486 5016 6
3532 4957 3588 5016 δὶ
3643 4960 3828 5039 Κύριος

2189 5051 2274 5104 καὶ
2333 5047 2462 5106 ἄλλο
2517 5051 2802 5128 τεκμήριον
2858 5047 3032 5107 δίδωσι
3083 5056 3176 5106 τοῦ
3229 5050 3373 5106 εἶναι
3423 5049 3575 5122 Θεὸς,
3625 5049 3687 5105 τὸ
3736 5043 3829 5113 τὰς

2192 5137 2403 5215 καρδίας
2457 5140 2626 5196 αὐτῶν
2675 5138 2972 5216 γινώσκειν’
3038 5141 3165 5202 Θεὸς
3221 5139 3319 5217 γὰρ
3377 5138 3538 5213 μόνος
3584 5134 3702 5193 οἶδε
3764 5138 3828 5193 τὰ

2188 5226 2437 5306 ἱγκάρδια
2507 5227 2750 5308 ὶκᾶστου,
2823 5230 2895 5292 ὡς
2947 5231 3033 5284 καὶ
3081 5231 3110 5284 6
3179 5228 3458 5307 προφήτης
3523 5224 3691 5305 λέγει,
3753 5225 3826 5281 Σὺ

2187 5318 2460 5373 ὲπίστασαι
2521 5315 2730 5396 καρδίας
2799 5318 3127 5392 μονώτατος,
3189 5315 3338 5374 Ἀλλ’
3387 5315 3587 5373 ὶκετνοι
3659 5315 3829 5372 καίτοι

2185 5405 2652 5486 ἀνακαλυφθέντων
2698 5412 2802 5464 τῶν
2860 5406 2913 5461 ἦν
2960 5417 3083 5469 ταῖς
3166 5403 3399 5485 καρδίαις
3456 5405 3650 5479 ιῦτῶν,
3680 5402 3826 5480 ὅμως
