4144 6212
339 288 448 352 517
1070 292 1510 354 ENAHRATIO
1559 294 1633 354 IN
1686 291 2185 355 EVANGELIUM
2236 293 2494 355 MARCI.
2544 327 2616 339 -
2661 296 2823 357 CAP.
2891 299 2967 358 ll.
3601 299 3716 359 518

345 424 645 493 Φαρισαίων
717 426 1085 494 νηστεύοντες⁹
1145 428 1231 480 καὶ
1305 425 1549 506 ἴρχονται
1608 428 1694 482 καὶ
1755 426 1981 504 λέγουσιν

2075 427 2590 506 rumjejunabant,
2622 431 2983 510 veniuntque
3014 441 3071 492 et
3093 432 3296 494 dicunt
3346 434 3432 495 illi
3469 455 3482 496 :
3519 433 3711 505 Quare

337 514 482 584 αῦτῷ
517 533 530 545 ·
591 515 738 568 Διατί
794 518 837 570 οἳ
871 515 1098 588 μαθηταὶ
1160 513 1406 570 Ἰωάννου
1452 516 1538 570 καὶ
1593 517 1638 571 οἱ
1683 522 1785 570 τῶν
1819 523 1973 592 Φαρι-

2075 513 2345 594 diScipuli
2375 515 2621 580 Joannis
2647 523 2708 580 et.
2739 519 3166 581 Pharisaeorum
3190 522 3588 600 ji-junant,tui
3611 541 3711 582 au-

339 603 502 656 σαίων
566 602 930 681 νηστεύουσιν,
978 603 1025 656 οἱ
1059 600 1112 657 εὶ
1146 603 1224 657 σοὶ
1270 605 1500 677 μαθηταὶ
1543 607 1601 662 οῦ
1630 604 1933 670 νηστεύουσι
1969 621 1975 676 ς

2072 609 2189 662 tem
2242 605 2519 686 discipuli
2568 626 2686 668 non
2729 608 3033 686 jejunant?
3066 612 3131 672 Et
3160 609 3306 671 dixit
3337 609 3455 672 illis
3484 609 3658 672 Jesus
3695 634 3705 671 :

341 692 438 748 Καὶ
493 693 645 746 εἶπεν
697 692 878 754 αῦτοτς
937 695 963 747 δ
1009 689 1212 758 ⁹ιησοῦς
1249 710 1262 722 °
1299 693 1384 759 ΙΙή
1428 690 1664 748 δύνανται
1697 696 1740 748 οἱ
1770 694 1868 749 υἱοὶ
1898 703 1977 751 τοι]

2073 693 2225 753 Num
2261 702 2504 772 possunt
2535 695 2638 755 ﬁlii
2674 695 2912 756 thalami
2961 697 3257 778 nuptialis,
3293 698 3353 760 in
3410 717 3527 778 que
3575 717 3709 760 cum

339 779 644 858 ν’.)μγῶνος,
707 779 761 834 ἒν
928 782 955 836 6
1009 783 1224 859 νυμφίος
1299 779 1416 854 μετ’
1475 781 1643 837 αυτῶν
1705 782 1838 860 ἔστι,
1885 805 1975 848 νη-

2075 779 2188 839 illis
2219 800 2474 860 sponsus
2496 783 2935 863 est,jejunare?
2958 783 3233 855 Quandiu
3266 803 3468 847 secum
3491 786 3711 848 habent

339 871 589 938 στεύεινς
655 867 776 925 ὅσον
823 871 1014 948 χρόνον
1075 871 1189 944 μεθ’
1235 869 1432 928 ἑαυτῶν
1481 869 1663 949 ἶχουσι
1715 873 1805 926 τὸν
1850 894 1975 945 νυμ-

2071 885 2380 946 sponsum,
2434 891 2550 932 non
2592 882 2836 953 possunt
2879 873 3177 952 jejunare.
3233 875 3707 938 Venientautem

336 958 475 1036 φίον,
537 962 596 1016 οῦ
650 956 888 1013 δύνανται
958 956 1250 1024 νηστεύειν.
1323 958 1657 1016 Ἐλεύσονται
1704 962 1786 1014 καὶ
1843 959 1972 1033 ὴμέ-

2071 956 2196 1044 dies
2221 977 2352 1018 cum
2385 962 2686 1023 auferetur
2718 960 2789 1022 ab
2821 961 2907 1023 eis
2937 972 3278 1042 sponsus,et
3309 975 3447 1025 tunc
3468 965 3706 1044 jejuna-

335 1068 432 1123 ραν
475 1046 597 1102 ὅταν
659 1049 868 1124 ἀπαρθῇ
937 1045 1030 1102 ἀπ’
1089 1051 1260 1105 αὐτῶν
1326 1048 1353 1102 υ
1413 1050 1654 1128 νυμφίος,
1727 1050 1813 1104 καὶ
1870 1051 1971 1105 τότε

2075 1043 2217 1104 bunt
2262 1048 2321 1106 in
2354 1046 2470 1107 illis
2501 1047 2732 1111 diebus.
2766 1073 2793 1107 υ
2838 1050 2966 1110 184
2999 1049 3287 1130 Discipuli
3314 1043 3563 1112 Joannis
3592 1053 3709 1113 im-

337 1136 714 1202 νηστεύσουσιν
758 1135 810 1191 έν
851 1137 1072 1200 έκείναις
1117 1150 1239 1201 ταῖς
1287 1137 1532 1214 ἡμέραις,
1573 1161 1599 1192 ι
1653 1139 1746 1194 Καὶ
1800 1141 1844 1194 οἱ
1899 1152 1973 1194 to?

2080 1133 2434 1214 pefectiores
2475 1137 2666 1200 adhuc
2704 1137 2966 1201 Judaicis
3019 1139 3284 1200 moribus
3339 1140 3659 1202 studebant
3693 1161 3705 1203 :

337 1222 583 1282 Ἰωάννου
680 1227 907 1298 μαθηταὶ
993 1223 1331 1302 ἁτελὲστερον
1428 1223 1767 1304 διακκῗμενοι,
1862 1240 1973 1291 τοῖς

2071 1224 2220 1286 unde
2240 1225 2478 1304 quidam
2503 1227 2864 1290 accedebant
2883 1230 2955 1291 ad
2979 1228 3277 1292 Christum
3295 1228 3354 1289 in
3373 1230 3707 1309 exemplum

339 1310 654 1378 Ἰουδαϊκοῖς
709 1313 950 1387 ἀνέμενον
1007 1313 1172 1368 ἔθεσιν
1207 1331 1222 1344 ⁸
1281 1312 1394 1369 ὅθεν
1452 1315 1834 1394 προσέρχονταί
1890 1338 1974 1370 τι-

2087 1331 2221 1392 psos
2253 1313 2643 1394 proferentes,
2679 1326 2737 1378 et
2767 1317 3042 1380 taxabant
3063 1335 3246 1395 quare
3273 1317 3552 1399 discipuli
3582 1318 3713 1398 ejus

337 1423 420 1465 νες
464 1409 542 1475 τῷ
587 1407 818 1479 Χριστῷ,
866 1404 938 1466 εἰς
994 1401 1284 1480 ὑπόδειγμα
1332 1405 1543 1468 τούτους
1590 1402 1828 1482 ἄγοντες,
1888 1407 1973 1461 καὶ

2072 1421 2174 1463 non
2193 1403 2715 1482 jejunarent,sicut
2736 1406 2955 1485 ipsi.At
2986 1407 3081 1467 hic
3105 1425 3263 1467 nunc
3283 1408 3520 1485 quidem
3543 1407 3708 1468 dicit.

337 1491 641 1564 αἰτιώμενοι
698 1489 830 1546 διατί
902 1493 948 1546 οἱ
1008 1493 1237 1564 μαθηταὶ
1297 1492 1452 1548 αὐτοῦ
1522 1495 1580 1549 οὗ
1639 1495 1973 1560 νηστεύουσιν

2071 1493 2320 1570 Sponsus
2343 1512 2472 1553 sum
2507 1501 2703 1574 ego,et
2727 1504 2962 1575 oportet
2991 1495 3125 1556 illos
3149 1495 3304 1557 bono
3323 1514 3456 1557 esse
3485 1497 3707 1577 animo,

338 1579 526 1645 ὶπίσης
585 1579 788 1642 αὐτοῖς,
840 1571 896 1636 Ὀ
953 1577 1033 1658 δὲ,
1091 1588 1178 1636 νῦν
1224 1581 1320 1656 μέν
1365 1603 1544 1660 φησιν,
1585 1585 1814 1661 Νυμφίος
1872 1585 1974 1658 εἰμὶ

2073 1588 2117 1639 et
2143 1599 2258 1641 non
2272 1581 2552 1660 jejunare
2577 1604 2588 1644 :
2615 1571 2716 1644 ubi
2745 1571 2943 1645 autem
2978 1602 3085 1662 ego
3119 1603 3152 1644 e
3181 1583 3297 1644 vita
3327 1585 3438 1646 hac
3477 1571 3709 1646 ablatus

339 1667 466 1743 ἐγὼ,
523 1669 609 1722 καὶ
664 1665 746 1724 δεῖ
819 1668 1002 1732 αὐτοὺς
1054 1668 1321 1744 εὐθυμεῖν,
1381 1672 1467 1726 καὶ
1522 1672 1598 1745 μὴ
1658 1673 1925 1737 νηστεύειν
1957 1687 1972 1701 ·

2068 1668 2253 1749 fuero,
2287 1680 2425 1731 tunc
2449 1671 2724 1750 ingruent
2757 1673 3134 1746 tentationes,
3169 1680 3228 1732 et
3249 1673 3609 1751 jejunabunt
3637 1693 3704 1735 ac

339 1755 464 1810 ὅταν
528 1753 581 1810 δί
642 1756 781 1834 apes
824 1755 934 1823 έγὼ
989 1757 1094 1814 ἀπὸ
1137 1765 1230 1814 τοῦ
1285 1759 1398 1833 βίου
1460 1757 1663 1832 τούτου,
1708 1761 1825 1816 τότε
1869 1783 1975 1816 πει·

2069 1758 2418 1837 afﬂigentur.
2446 1758 2701 1822 Proinde
2745 1780 3027 1841 sponsum
3060 1762 3324 1840 seipsum
3358 1770 3543 1835 vocat,
3587 1781 3705 1824 non

339 1858 566 1919 ρασμοῖς
651 1847 1044 1922 περιπεσόντες,
1119 1849 1205 1902 καὶ
1282 1849 1620 1913 νηστεύσουσι
1667 1850 1752 1904 καὶ
1807 1847 1975 1919 θλιϐή.

2070 1835 2259 1908 solum
2285 1849 2444 1928 qnod
2473 1835 2800 1927 desjvonset
2825 1851 3074 1928 virgines
3090 1835 3448 1925 animas,sed
3474 1852 3706 1932 etquod

339 1951 539 1992 σονται.
604 1935 840 2014 Νυμφίον
883 1936 980 2009 μὶν
1038 1943 1126 1992 οῦν
1186 1937 1369 1992 ἑαυτὸν
1410 1937 1674 2010 ὀνομάζει,
1712 1941 1769 1995 οὗ
1825 1939 1975 2012 μόνοι

2069 1945 2301 2017 tempus
2352 1938 2526 2016 primi
2570 1942 2663 2000 sui
2703 1939 3009 2015 adventus,
3046 1958 3163 2000 non
3197 1949 3430 2020 tempus
3485 1940 3702 2021 luctus,

337 2023 408 2083 ὡς
467 2023 857 2101 νυμφευόμενον
927 2027 1019 2088 τάς
1105 2024 1391 2101 παρθένους
1446 2027 1646 2104 ψυχὰς,
1708 2023 1843 2081 ἀλλά
1897 2029 1973 2082 καῖ

2069 2043 2264 2105 neque
2291 2028 2652 2088 austeritatis
2684 2036 2772 2088 est
2800 2027 2874 2088 iis
2898 2028 2997 2108 qui
3035 2028 3094 2088 in
3123 2027 3285 2088 illum
3316 2028 3705 2097 credunt.ne-

339 2109 474 2166 διότι
548 2114 576 2166 ὸ
634 2114 816 2189 καιρὸς
868 2113 961 2180 τῆς
1037 2114 1253 2191 πρώτης
1327 2115 1606 2192 παρουσίας
1688 2116 1863 2188 αὒτοῦ,
1927 2120 1975 2174 oc

2072 2133 2182 2194 que
2211 2113 2446 2177 labores
2473 2115 2724 2192 habens,
2758 2117 2863 2178 sed
2897 2117 3068 2178 facile
3097 2125 3156 2177 et
3184 2116 3406 2196 absque
3427 2117 3708 2196 operibus

339 2200 583 2271 πένθους,
642 2199 756 2256 οῦδὶ
825 2203 1262 2280 σκυθρωπότητός
1321 2202 1432 2258 έστι
1499 2216 1614 2265 τοῖς
1675 2205 1746 2266 εἷς
1826 2206 1975 2262 αὐτὸν

2074 2201 2216 2281 legis
2247 2222 2354 2284 per
2385 2203 2746 2285 baptismum
2792 2206 3131 2267 refocillans
3162 2223 3294 2267 nos.
3321 2203 3522 2276 Qualis
3551 2205 3710 2266 enim

338 2289 689 2359 πιστεύουσιν,
757 2288 870 2346 οῦδὲ
927 2291 1120 2355 κόπους
1179 2291 1347 2370 ἴχων,
1431 2290 1550 2346 ἀλλ’
1605 2294 1840 2356 εῦκόπως
1894 2294 1974 2348 καῖ

2068 2291 2235 2354 labor
2267 2292 2573 2373 baptizari?
2620 2303 2879 2355 attamen
2935 2313 3041 2376 per
3079 2294 3273 2355 facilia
3303 2293 3428 2354 haec
3459 2291 3704 2355 salutem

339 2379 506 2456 χωρὶς
568 2376 730 2456 τργων
767 2384 872 2434 τῶν
930 2387 1026 2436 τοῦ
1085 2381 1270 2455 νόμου,
1329 2380 1412 2436 διά
1470 2391 1562 2439 τοῦ
1618 2381 1975 2456 βαπτίσματος

2073 2385 2504 2462 consequimur.
2533 2383 2665 2444 Filii
2694 2392 2889 2444 autem
2923 2383 3191 2463 thalami,
3210 2382 3481 2463 apostoli,
3507 2391 3709 2462 utpote

338 2467 620 2522 ἀναπαύων
665 2470 821 2542 ἡμᾶς.
879 2475 1040 2531 Ποῖος
1098 2470 1197 2546 γάρ
1240 2469 1398 2533 πόνος
1427 2470 1774 2545 βαπτίσλισθαι
1811 2489 1827 2542 ς
1859 2469 1974 2527 ἀλλ’

2071 2477 2122 2530 et
2154 2471 2266 2550 ipsi
2297 2469 2668 2532 Dominicum
2694 2471 2974 2550 gaudium
3006 2471 3260 2534 assecuti
3291 2480 3349 2532 et
3378 2471 3572 2532 omnis
3593 2489 3707 2533 cae-

339 2553 486 2627 ὅμως
540 2552 624 2610 διά
682 2559 773 2611 τοῦ
844 2560 1090 2635 εὐχεροῦς
1149 2558 1356 2631 τούτου,
1419 2560 1680 2636 σωτηρίαν
1739 2560 1975 2637 εὑρίσκο-

2066 2558 2252 2620 lcestis
2281 2558 2420 2620 boni
2451 2578 2520 2621 ac
2553 2561 2862 2640 voluptatis
2897 2560 3080 2623 totius
3138 2560 3482 2640 participes.
3515 2558 3701 2621 Intel-

338 2661 461 2714 μεν.
509 2644 616 2699 Υἱοὶ
676 2645 735 2700 άὶ
792 2648 1092 2725 νυμφῶνος,
1128 2648 1174 2701 οἱ
1205 2645 1516 2720 ἀπόστολοι,
1551 2649 1622 2712 ὡς
1663 2651 1760 2713 τῆς
1807 2654 1974 2727 χαρᾶς

2065 2647 2180 2727 lige
2210 2659 2406 2710 autem
2439 2657 2495 2710 et
2515 2649 2602 2711 sic
2625 2649 2782 2729 quod
2816 2649 3008 2710 omnis
3039 2648 3484 2728 homo,quando
3517 2649 3701 2710 virtu-

336 2741 429 2789 τοῦ
512 2734 695 2809 Κυρίου
764 2735 850 2790 καὶ
922 2734 1065 2790 αύτοὶ
1151 2734 1577 2810 καταξιούμενοι,
1632 2739 1718 2792 καὶ
1786 2740 1972 2802 παντὸς

2066 2745 2183 2795 tem
2213 2745 2517 2815 operatur,
2550 2736 2708 2797 filius
2734 2747 2822 2798 est
2854 2736 3097 2798 thalami
3123 2736 3701 2815 nuptialis.Quandiu

336 2819 644 2897 έπουρανίου
697 2823 891 2900 ἀγαθοῦ
943 2825 1030 2879 καὶ
1083 2824 1258 2890 πάσης
1312 2821 1506 2891 ἡδονῆς
1559 2825 1807 2904 μέτοχοι.
1859 2827 1972 2883 Νόει

2065 2823 2243 2902 igitur
2272 2823 2548 2888 habuerit
2577 2843 2783 2886 secum
2817 2843 3102 2904 sponsum
3134 2824 3584 2898 Christum,non
3598 2825 3695 2903 je-

337 2906 392 2963 8a
436 2910 522 2964 καὶ
565 2908 754 2984 οὕτως,
815 2909 896 2967 ὅτι
956 2918 1058 2978 πᾶς
1129 2909 1424 2988 ἄνθρωπος,
1481 2912 1607 2972 ὅταν
1660 2917 1758 2981 τὴν
1788 2915 1973 2992 ἀρετὴν

2064 2913 2252 2993 junat,
2279 2913 2390 2974 hoc
2414 2925 2526 2988 est,
2564 2932 2680 2974 non
2709 2913 2966 2974 ostendit
2995 2931 3176 2993 opera
3206 2913 3700 2992 paenitentiazme-

337 2997 646 3076 ίργάζηται,
705 3001 813 3059 υἱὸς
873 3003 1145 3081 νυμφῶνός
1200 3002 1366 3065 ἔστιν,
1427 3001 1570 3066 Ἕως
1617 3005 1714 3078 μὲν
1745 3011 1832 3060 οῦν
1863 3003 1973 3082 ἔχει

2063 3019 2178 3082 que
2235 3003 2393 3062 enim
2452 3002 2668 3063 cecidit
2702 3020 2714 3064 :
2751 3002 2987 3082 quando
3021 3012 3218 3063 autem
3249 3002 3320 3062 ab
3352 3019 3422 3064 eo
3470 3000 3699 3064 ablatus

337 3086 454 3161 μεθ’
512 3089 700 3144 ἑαυτοῦ
743 3091 832 3146 τὸν
885 3091 1100 3171 νυμφίον
1134 3093 1380 3169 Χριστὸν,
1413 3094 1472 3148 οῦ
1503 3093 1762 3164 νηστεύει,
1817 3114 1973 3150 τουτ-

2061 3091 2238 3153 fuerit
2267 3089 2552 3165 Christus,
2582 3092 3005 3172 prolapsusque
3035 3091 3209 3152 fuerit
3257 3091 3318 3153 in
3367 3101 3696 3171 peccatum,

339 3177 502 3256 έστιν,
551 3179 608 3234 οὗ
663 3179 728 3235 τά
783 3181 882 3246 τῆς
927 3183 1208 3261 μετανοίας
1257 3179 1381 3259 ἔργα
1437 3179 1804 3240 ἐπιδείκνυται.
1863 3189 1975 3246 Πῶς

2068 3189 2202 3241 tunc
2225 3180 2476 3260 jejunat,
2509 3188 2568 3241 et
2597 3181 3002 3260 paenitentiam
3026 3180 3165 3260 agit,
3202 3191 3260 3242 ut
3293 3199 3327 3242 a
3355 3189 3596 3261 peccato
3615 3198 3704 3242 sa-

337 3265 436 3342 γάρ
479 3255 507 3321 ὃ
539 3267 618 3341 μὴ
663 3270 863 3323 πταίων
899 3288 916 3348 ;
955 3255 1103 3327 ’δταν
1157 3269 1208 3325 δὲ
1401 3270 1495 3326 ἀπ’
1523 3274 1679 3329 αὐτοῦ
1707 3274 1735 3326 ὁ
1767 3273 1983 3350 νυμφίος
2063 3255 2259 3333 netur.

336 3355 584 3430 Χριστὸς,
663 3357 736 3420 εἷς
794 3357 1051 3437 ἁμαρτίαν
1138 3356 1344 3427 δηλαδή
1404 3359 1806 3434 ὁλισθήσαντος,
1861 3360 1982 3417 τότε

334 3445 576 3508 νηστεύει
607 3447 696 3502 καὶ
727 3460 1001 3524 μετανοεῖ,
1035 3447 1127 3503 ἵνα
1154 3449 1252 3516 τὴν
1284 3447 1541 3524 ἀμαρτίαι
1571 3449 1816 3515 ἰάσηται.

423 3555 445 3585 ι
483 3531 658 3596 Ούδεὶς
741 3533 1011 3612 ἐπίϐλημα
1086 3537 1274 3614 ῥάκους
1360 3537 1594 3615 ἀγνάφου
1679 3537 1976 3616 Ξπιῤῥᾶπτει

2081 3615 2088 3616 7
2145 3525 2319 3588 Vens.
2355 3527 2569 3590 ’ἑο-22.
2603 3553 2630 3581 ι
2664 3526 2731 3588 Et
2768 3545 2942 3589 nemo
2965 3539 3370 3591 assumentum
3395 3528 3697 3609 panniru-

335 3618 418 3677 ἰπὶ
477 3625 670 3698 ἱματίῳ
712 3623 948 3700 παλαιῷ,
997 3626 1040 3680 εἰ
1083 3623 1136 3680 δὲ
1182 3628 1282 3701 μὴ,
1318 3625 1458 3704 αἴρει
1502 3628 1563 3682 τὸ
1591 3615 1859 3703 πλήρωμα
1889 3631 1971 3686 αῦ-

2065 3615 2150 3676 dis
2220 3616 2407 3676 assuit
2478 3616 2827 3677 vestimento
2898 3618 3138 3678 veteri:
3205 3617 3465 3698 alioquin
3511 3617 3701 3678 aufert

333 3716 428 3766 τοῦ
496 3714 557 3768 τὸ
614 3715 796 3769 καινὸν
850 3721 944 3771 τοῦ
985 3713 1235 3794 παλαιοῦ,
1268 3715 1354 3771 καὶ
1395 3727 1586 3794 χεῖρον
1614 3717 1821 3794 σχίσμα
1845 3716 1969 3792 γίνε-

2058 3704 2535 3794 supplementum
2569 3706 2701 3784 ejus
2723 3723 2938 3766 novum
2965 3724 2999 3765 a
3020 3706 3228 3784 veteri,
3259 3714 3316 3794 et
3346 3705 3516 3784 pejor
3543 3705 3693 3766 scis-

333 3818 443 3857 ται.
505 3802 603 3858 Καὶ
660 3799 824 3864 οὐδεὶς
879 3801 1064 3878 βάλλει
1115 3792 1262 3859 οἶνον
1334 3792 1451 3859 νέον
1496 3792 1568 3866 εἰς
1620 3792 1811 3868 ἀσκοὺς
1867 3827 1969 3861 πα-

2059 3810 2199 3854 sura
2217 3792 2379 3856 fit.Et
2397 3811 2572 3854 nemo
2593 3794 2767 3854 mittit
2789 3795 2988 3854 vinum
3009 3805 3264 3854 mustum
3288 3793 3347 3853 in
3358 3803 3524 3854 utres
3542 3800 3695 3854 vete-

332 3884 512 3950 λαιούς
543 3905 558 3918 ³
621 3891 663 3945 εί
717 3888 773 3946 δὶ
817 3892 917 3966 μὴ,
974 3892 1156 3968 ῥήσσει
1212 3893 1240 3947 ὁ
1271 3891 1386 3956 νέος
1429 3893 1552 3954 τοὺς
1582 3892 1799 3972 ἀσκοὺς,
1832 3895 1968 3949 καὶέ

2058 3899 2157 3942 res
2183 3899 2195 3943 :
2222 3881 2445 3962 alioqui
2475 3882 2786 3961 disrumpit
2806 3881 3011 3942 vinum
3045 3890 3302 3942 mustum
3341 3882 3693 3956 utres,etvi-

334 3978 479 4039 οἶνος
539 3976 811 4057 έκχεῖται,
864 3981 952 4036 καὶ
1003 3983 1051 4038 οἱ
1095 3979 1247 4036 ἀσκοὶ
1289 3979 1629 4038 ἀπολοῦνταν
1662 3970 1798 4036 ἀλλά
1829 3983 1970 4037 οἶνον

2060 3989 2201 4031 num
2219 3971 2628 4051 effunditur,et
2645 3981 2805 4033 utres
2831 3970 3213 4051 pereunt:sed
3227 3970 3426 4030 vinum
3443 3978 3695 4032 mustum

331 4064 448 4120 νέον
501 4067 574 4128 είς
629 4067 821 4132 ἀσκοὺς
879 4070 1088 4133 καινοὺς
1130 4067 1377 4144 βλητέον.
1417 4088 1446 4128 ι
1507 4061 1746 4148 ”Ωσπερ,
1793 4071 1967 4149 φησὶν,

2058 4059 2120 4121 in
2151 4067 2311 4122 utres
2340 4079 2520 4121 novos
2557 4062 2704 4120 mitti
2735 4060 2937 4123 debet.
2971 4086 2996 4116 ι
3025 4059 3561 4136 Quemadmodum,
3594 4059 3690 4119 in-

333 4152 376 4207 si
431 4153 589 4230 ῥάκος
633 4154 888 4236 ἄγναφον,
948 4156 1183 4212 τουτέστι
1229 4159 1431 4231 καινὸν,
1480 4156 1788 4224 ξπιϐληθείη
1841 4161 1969 4234 ἱμα-

2060 4150 2204 4229 quit,
2243 4168 2472 4230 pannus
2500 4150 2689 4230 rudis,
2725 4150 2836 4211 hoc
2869 4158 2958 4212 est
2988 4168 3196 4224 novus,
3222 4150 3268 4209 si
3299 4156 3570 4210 assuatur
3599 4164 3696 4208 ve-

329 4242 424 4313 τίῳ
471 4241 703 4317 παλαιῷ,
764 4243 1098 4322 διαῤῥήγνυσι
1152 4253 1306 4302 τοῦτο
1353 4252 1421 4322 τῇ
1449 4248 1612 4324 οἰκεία
1641 4245 1965 4324 στεῤῥότητι,

2056 4238 2331 4298 stimento
2363 4238 2567 4314 veteri,
2609 4256 2715 4300 sua
2764 4238 3038 4299 firmitate
3087 4236 3232 4297 illud
3265 4236 3568 4312 discindit,
3603 4239 3692 4296 vi-

330 4330 480 4394 οἶνός
536 4353 592 4387 τε
629 4333 746 4394 νέος
802 4333 870 4400 τῆ
925 4336 1083 4390 αὐτοῦ
1135 4334 1417 4413 Θερμότητι
1468 4323 1602 4401 τοὺςι
1636 4323 1827 4399 ἀσκοὺς
1871 4359 1944 4392 πα

2057 4344 2319 4406 numque
2349 4344 2562 4388 novum
2595 4345 2700 4388 sua
2728 4327 3074 4387 mstuatione
3111 4334 3276 4386 utres
3307 4333 3538 4386 veteres
3567 4325 3693 4385 dis-

329 4417 509 4484 λαιοὺς
566 4418 896 4499 διαρῤήσσει,
944 4421 1082 4478 οῦτω
1125 4426 1216 4479 καὶ
1284 4425 1332 4479 οἱ
1376 4426 1606 4499 μαθηταί
1663 4447 1763 4492 μου
1824 4425 1965 4482 οὔπω

2061 4414 2413 4495 rumpitzsic
2444 4415 2619 4476 etiam
2651 4415 2925 4494 discipuli
2960 4414 3075 4475 mei
3099 4413 3360 4475 nondum
3392 4413 3529 4474 facti
3561 4421 3697 4475 sunt

327 4510 607 4586 γεγόνασιν
637 4511 863 4589 ἰσχυροὶ,
913 4510 1050 4567 ὥστε
1107 4509 1197 4567 ὶάν
1242 4511 1562 4589 βαρήσωμεν
1590 4513 1796 4587 αὐτοὺς,
1828 4511 1963 4588 βλά-

2058 4505 2232 4565 fortes
2258 4525 2272 4566 :
2298 4505 2490 4585 itaque
2521 4505 2576 4566 si
2605 4522 2920 4584 gravavero
2943 4505 3126 4584 ipsos,
3161 4503 3480 4565 offendam.
3514 4506 3694 4568 Vete-

328 4581 520 4672 ᾧομεν,
583 4581 857 4662 Παλαιοῖς-
894 4601 993 4677 γάρ
1050 4581 1562 4681 ἐοίκασιν-ἱματίοις,
1595 4598 1675 4656 δνά
1717 4581 1964 4657 τὸνάσθε-

2056 4593 2216 4654 ribus
2247 4581 2412 4655 enim
2438 4581 2809 4654 vestimentis
2858 4581 3087 4654 similes
3117 4601 3274 4666 sunt,
3320 4593 3397 4653 ob
3428 4593 3692 4673 ipsorum

329 4687 412 4750 νὶς
466 4693 564 4754 τῆς
618 4693 789 4746 αὐτῶν
830 4690 1074 4766 γνώμης.
1137 4691 1209 4747 0-3
1266 4693 1376 4770 χρὴ
1419 4700 1505 4748 οῦν
1536 4680 1837 4746 έπιϐἑλλειν
1869 4690 1965 4745 αύ-

2059 4682 2236 4743 animi
2266 4681 2759 4744 imbecillitatem.
2790 4680 2918 4743 Non
2953 4691 3186 4770 oportet
3216 4683 3392 4760 igitur
3414 4682 3544 4744 illos
3567 4700 3695 4762 gra-

326 4788 445 4839 τοῖς
498 4779 559 4833 τὸ
596 4782 695 4843 τῆς
752 4780 996 4845 νηστείας
1054 4779 1184 4856 βαρὺ
1253 4769 1558 4857 ιπίταγμα·
1619 4782 1654 4846 ἣ
1704 4782 1789 4835 καὶ
1833 4779 1962 4835 οὕτω

2056 4773 2107 4832 vi
2130 4771 2498 4852 jejuniorum
2533 4781 2826 4852 praecepto
2857 4769 3249 4836 onerare.Vel
3273 4771 3446 4832 etiam
3479 4772 3566 4834 sic
3593 4773 3692 4832 in-

327 4867 541 4934 νοήσαις
571 4882 586 4898 ⁶
649 4868 708 4924 Ol
750 4866 844 4924 τοῦ
890 4874 1117 4946 Χριστοῦ
1187 4869 1418 4939 μαθηταὶ
1474 4869 1642 4923 καινοὶ
1699 4866 1867 4941 ὄντες,
1912 4871 1963 4924 οὗ

2054 4861 2249 4940 tellige
2285 4881 2297 4922 :
2331 4861 2615 4940 Discipuli
2639 4859 2879 4937 Christi,
2914 4879 3045 4921 cum
3078 4863 3198 4921 sint
3221 4860 3375 4936 novi,
3409 4879 3525 4922 non
3559 4880 3690 4942 pos-

323 4951 564 5010 δύνανται
595 4954 853 5012 δουλεύειν
885 4955 1138 5019 παλαιοῖς
1170 4955 1305 5012 ’έθεσι
1350 4959 1436 5012 καὶ
1479 4958 1686 5030 νόμοις.

2053 4960 2190 5011 sunt
2219 4952 2444 5012 servire
2469 4950 2676 5030 priscis
2697 4949 2962 5009 moribus
2991 4957 3050 5008 et
3079 4949 3327 5028 legibus.

411 5067 438 5098 ι
475 5045 572 5102 Καὶ
665 5044 875 5122 έγένετο
955 5046 1406 5124 παραπορεύεσθαι
1482 5047 1640 5104 αὐτὸν
1724 5044 1780 5102 έν
1853 5062 1968 5110 τοῖς

2137 5041 2317 5102 Vnus.
2351 5041 2563 5103 23-28.
2604 5059 2634 5098 ε
2665 5037 2735 5099 Et
2773 5038 2990 5099 accidit
3024 5045 3086 5098 ut
3119 5039 3395 5098 transiret
3425 5035 3692 5100 Sabbatis

326 5129 558 5188 Σάόὅασι
603 5131 687 5188 8ιά
741 5139 846 5190 τῶν
893 5135 1188 5213 σπορίμων,
1232 5136 1321 5190 καὶ
1369 5133 1589 5210 ἤρξαντο
1638 5135 1682 5190 οἱ
1742 5138 1962 5210 μαθηταῖ

2054 5147 2159 5209 per
2184 5136 2436 5209 segetes,
2471 5138 2530 5190 et
2549 5137 2857 5208 coeperunt
2878 5126 3156 5207 discipuli
3186 5127 3313 5206 ejus
3346 5127 3504 5188 inter
3534 5127 3689 5188 viam

323 5220 481 5278 αὐτοῦ
511 5221 807 5304 ὁδοποιεῖν,
866 5222 1131 5286 τίλλοντες
1181 5225 1298 5288 τοὺς
1348 5225 1608 5302 στάχυας,
1641 5227 1728 5279 καὶ
1772 5226 1816 5280 οἱ
1861 5231 1959 5280 Φαι

2055 5218 2272 5281 vellere
2303 5218 2520 5297 spicas,
2557 5225 2614 5278 et
2643 5216 2922 5278 Pharisaei
2953 5215 3308 5304 dicebantiei
3347 5237 3360 5278 :
3386 5215 3560 5290 Ecee,
3587 5234 3691 5276 cur

323 5325 529 5387 ρισαῖοι
585 5303 940 5390 ἱλεγοναῦτῷ
974 5327 990 5343 ’
1039 5303 1155 5370 Ἴδε
1213 5313 1262 5367 τί
1305 5319 1544 5369 ποιοῦσιν
1589 5313 1642 5368 ἂν
1671 5327 1786 5377 τοῖς
1821 5312 1959 5370 Σαϐ-

2052 5308 2274 5370 faciunt
2303 5305 2574 5368 Sabbatis
2605 5306 2760 5387 quod
2799 5325 2916 5367 non
2946 5305 3114 5366 licet?
3141 5304 3210 5366 Et
3237 5303 3365 5385 ipse
3412 5305 3493 5366 ait
3521 5304 3639 5364 illis
3673 5325 3685 5366 :

322 5395 472 5454 ϐατιν
519 5401 546 5455 ὃ
605 5401 699 5456 οὒκ
759 5399 968 5475 iisan;
1026 5404 1122 5458 Καὶ
1185 5403 1340 5464 αὖτὸς
1402 5400 1579 5478 ἔλεγεν
1610 5401 1816 5466 αὐτοῖς’
1865 5409 1958 5461 Οὑ-

2054 5397 2360 5478 Nuuquam
2391 5396 2622 5472 legistis
2652 5396 2795 5475 quid
2846 5394 3056 5457 fecerit
3104 5394 3310 5474 David,
3359 5413 3492 5456 cum
3542 5412 3690 5474 opus

321 5484 503 5544 δὲποτε
534 5489 794 5567 ἀνέγνωτε
848 5492 897 5544 τί
954 5491 1166 5556 ἐποίησε
1233 5487 1390 5546 Δαϐὶδ
1449 5490 1538 5546 ὅτε
1581 5492 1764 5570 χρείαν
1808 5490 1957 5572 ἴσχε1

2053 5487 2386 5564 haberet,et
2409 5485 2666 5548 esuriret
2693 5486 2821 5564 ipse
2841 5494 2904 5547 et
2934 5483 3034 5564 qui
3065 5501 3197 5546 cum
3223 5501 3293 5544 eo
3313 5482 3520 5572 erant?
3534 5501 3689 5572 quo-

320 5578 406 5631 καὶ
452 5578 718 5636 έπείνασεν
767 5579 919 5640 ὠτὸς
978 5580 1065 5633 καὶ
1114 5579 1161 5633 οι
1214 5577 1332 5652 μετ’
1374 5579 1576 5654 αὖτοῦς
1635 5585 1748 5644 πῶς
1778 5570 1956 5647 εἰσῆλ-

2055 5577 2226 5640 modo
2257 5578 2560 5652 ingressus
2591 5574 2664 5635 sit
2694 5575 2753 5636 in
2783 5575 3024 5637 domum
3083 5573 3188 5636 Dei
3238 5570 3345 5632 sub
3401 5570 3691 5635 Abiathar
