4144 6212
432 235 549 300 519

1396 233 1987 298 THEOPHYLACTI
2033 226 2442 295 BULGARIIE
2487 227 2838 293 ARCHIEP.

3689 225 3808 290 520

435 370 706 450 principe
725 369 1120 441 sacerdotum,
1143 377 1202 431 et
1219 387 1403 450 panes
1422 369 1845 454 propositionis
1863 387 2063 431 come-

2170 374 2236 422 lev
2299 368 2369 432 εἷς
2428 369 2518 424 τὸν
2563 367 2719 422 οἶκον
2749 369 2840 422 τοὺ
2890 374 3021 422 Θεοῦ
3063 366 3146 423 ἐπὶ
3205 363 3453 444 Ἀϐιάθαρ
3508 373 3600 421 τοῦ
3641 365 3803 444 ἀρχι-

433 459 757 539 ἀοτὶιμιύοε
789 476 907 519 non
943 457 1081 519 licet
1107 458 1288 520 edere
1319 457 1431 519 nisi
1454 457 1953 529 saCerdotihus,et
1974 457 2075 518 de-

436 546 590 606 derit
619 546 795 607 etiam
817 545 890 606 iis
905 546 1005 626 qui
1028 565 1230 607 secum
1246 545 1763 609 erant?Etdicebat
1786 546 2078 609 illis:Sab—

435 633 632 694 batum
667 641 911 715 propter
935 634 1236 695 hominem
1259 635 1477 696 factum
1499 644 1733 710 est,non
1752 639 1933 697 homo
1946 655 2079 716 pro-

436 718 918 802 pterSahhatum.
940 721 1143 804 Itaque
1173 722 1358 784 Filius
1383 723 1643 785 hominis
1671 723 1960 787 Dominus
1989 731 2078 785 est

435 810 610 872 etiam
631 809 890 872 Sabbati.
909 812 1225 892 aDiscipuli
1245 813 1480 874 Domini
1497 813 1689 894 spicas
1707 812 1950 890 vellunt,
1951 812 2074 890 jam

435 918 552 961 non
575 899 727 962 ultra
751 899 882 960 185
912 900 1070 962 soliti
1095 902 1264 980 juxta
1297 902 1487 979 legem
1531 903 1749 964 vivere.
1796 901 2080 963 Pharisazi

433 999 628 1052 autem
660 991 1102 1068 indignantes,a
1127 993 1357 1055 Christo
1383 992 1835 1055 confutabantur
1858 994 1919 1054 in
1949 1012 2075 1053 me-

436 1080 598 1141 dinm
635 1081 916 1141 afferente
947 1080 1282 1161 exemplum
1315 1080 1520 1155 David,
1543 1081 1642 1162 qui
1692 1090 1935 1163 propter
1963 1101 2072 1144 ne-

436 1168 770 1231 cessitatem
799 1170 1052 1230 solverat
1076 1172 1264 1248 legem
1314 1170 1422 1231 sub
1452 1169 1736 1232 Ahiathar
1774 1172 2073 1252 pontifice.

439 1259 696 1336 Fugiens
718 1257 877 1319 enim
911 1257 1095 1318 David
1128 1259 1416 1338 propheta
1444 1278 1478 1319 a
1508 1259 1656 1321 facie
1687 1258 1900 1332 Saulis,
1922 1259 2078 1320 venit

439 1347 513 1408 ad
547 1346 883 1426 pontificem
915 1346 1106 1423 illum,
1139 1355 1194 1407 et
1248 1347 1456 1409 fefellit
1502 1367 1636 1410 eum
1678 1349 1844 1429 quasi
1875 1367 1908 1409 a
1936 1367 2076 1426 rege

439 1435 656 1496 missus
678 1436 766 1497 rei
797 1436 1072 1497 militaris
1122 1437 1338 1512 gratia,
1372 1446 1429 1498 et
1462 1444 1602 1498 tunc
1636 1455 1816 1517 panes
1858 1455 2077 1518 propo-

2160 456 2342 534 ερέως,
2405 457 2492 511 καὶ
2533 456 2655 517 τοὺς
2700 453 2885 532 ἄρτους
2940 459 3039 520 τῆς
3084 454 3380 531 προθέσεως
3436 453 3653 532 ἴφαγεν,
3718 455 3808 518 οὓς

2159 549 2252 603 οὐκ
2311 544 2477 609 ἔξεστι
2537 557 2730 621 φαγεῖν
2789 544 2833 597 εί
2883 543 2960 618 μὴ
2990 556 3107 606 τοῖς
3137 544 3350 621 ἱερεῦσι,
3384 543 3470 598 καὶ
3499 540 3661 597 ’έδωκε
3721 544 3811 596 καὶ

2157 645 2277 694 τοῖς
2317 634 2406 688 σὺν
2442 633 2581 706 αὒτῷ
2637 634 2749 686 οὖσι
2791 649 2807 705 ;
2869 632 2966 688 Καὶ
3016 631 3196 710 ἔλεγεν
3224 633 3406 694 αὒτοϊς
3444 646 3457 659 ⁸
3493 632 3564 687 Τὸ
3593 627 3809 686 Σάϐἷα-

2160 745 2250 778 τον
2305 719 2392 777 διὰ
2433 719 2525 776 τὸν
2585 719 2854 791 ἄνθρωπον
2897 719 3129 798 ἐγένετο,
3176 720 3278 799 οὐχ
3329 722 3357 776 ὸ
3414 717 3682 796 ἄνθρωπος
3725 716 3812 775 διὰ

2160 814 2220 866 τὸ
2281 803 2553 865 Σάϐϐατόν
2587 825 2602 840 ·
2665 808 2800 864 ὥστε
2860 809 3048 886 Κύριός
3109 808 3249 864 ἐστιν
3280 811 3306 864 ὁ
3337 810 3455 871 Υἱὸς
3485 814 3577 863 τοῦ
3603 806 3806 881 ἀνθρώ-

2158 923 2258 956 που
2331 899 2421 954 καί
2479 903 2570 954 τοῦ
2631 893 2926 955 Σαϐϐάτου.
2978 920 3003 956 ο
3083 899 3142 955 Οἱ
3202 898 3432 972 μαθηταὶ
3486 906 3580 954 τοῦ
3626 897 3810 973 Κυρίου

2156 989 2278 1052 τοὺς
2337 987 2575 1066 στάχυας
2635 983 2985 1059 ἐκτίλλουσιν,
3045 986 3140 1041 οἷα
3200 983 3392 1060 μηκέτι
3456 985 3590 1041 κατά
3647 984 3809 1059 νόμον

2157 1075 2445 1139 ὶθισθέντες
2491 1081 2587 1150 ζῇν
2621 1090 2637 1104 ·
2685 1075 2731 1130 οἱ
2775 1072 2829 1128 δὲ
2873 1080 3158 1151 Φαρισαῖοι
3209 1073 3648 1152 ἀγανακτοῦντες,
3683 1073 3807 1128 lm-

2159 1165 2490 1238 στομίζοιται
2546 1163 2647 1216 ὑπὸ
2703 1168 2794 1216 τοῦ
2852 1167 3099 1238 Χριστοῦ,
3171 1161 3502 1240 παράγοντος
3546 1163 3636 1217 τὸν
3697 1172 3808 1216 Δα-

2159 1251 2238 1308 ϐὶδ
2293 1250 2359 1306 δι’
2419 1251 2656 1328 ἀνάγκην
2713 1248 3093 1328 παραλύσαντα
3161 1252 3250 1304 τὸν
3302 1250 3464 1324 νόμον
3509 1249 3594 1305 έπὶ
3625 1248 3810 1310 Ἀϐιά-

2157 1345 2252 1419 θαρ
2310 1339 2619 1419 ἀρχιερέως,
2709 1339 2926 1416 Φεύγων
3025 1339 3125 1415 γὰρ
3209 1341 3237 1394 ὁ
3293 1340 3574 1417 προφήτης
3650 1336 3812 1393 Δαϐὶδ

2161 1430 2265 1486 ἀπὸ
2322 1429 2607 1508 προσώπου
2667 1425 2861 1498 Σαοὺλ,
2921 1425 3078 1494 ἦλθεν
3129 1429 3202 1490 είς
3259 1429 3348 1482 τὸν
3402 1426 3653 1506 ἀρχιερέα
3683 1427 3810 1483 τοῦ-

439 1524 668 1586 sitionis
697 1525 1371 1606 comedit,gladiumque
1401 1514 1906 1588 Goliath‘Domin‘o
1920 1514 2080 1589 obla-

2170 1541 2275 1595 τον,
2324 1519 2408 1574 καὶ
2467 1517 2742 1584 ἠπάτησεν
2811 1517 2967 1572 αὐτὸν
3053 1517 3123 1579 ὡς
3208 1517 3348 1595 παρά
3403 1517 3494 1572 τοῦ
3551 1514 3810 1591 βασιλέως

440 1622 558 1675 tum
593 1612 856 1674 abstulit.
909 1613 1233 1675 Duodecim
1259 1605 1470 1676 -autem
1521 1622 1691 1678 erant
1747 1633 1950 1695 panes,
1979 1615 2078 1697 qui

2170 1607 2480 1670 ἀποσταλεὶς
2566 1608 2638 1669 είς
2740 1605 3026 1683 ἀναγκαίαν
3111 1606 3297 1684 χρείαν
3398 1607 3810 1684 στρατιωτικήν,

439 1701 704 1780 quotidie
728 1701 1211 1782 proponebantur
1241 1722 1420 1783 super
1452 1723 1716 1764 mensam
1729 1693 1871 1779 {sex
1890 1722 1923 1765 a
1945 1693 2083 1767 dex-

2170 1693 2312 1755 ’¹Οτε.
2367 1699 2453 1752 καὶ
2523 1696 2642 1756 τοὺς
2716 1694 2900 1773 ἄρτους
2959 1695 3058 1761 τῆς
3141 1693 3436 1770 προθέσεως
3494 1693 3678 1773 ἔφαγε,
3726 1694 3812 1748 καὶ

439 1788 634 1865 tris,et
660 1808 759 1850 sex
785 1808 817 1850 a
849 1789 1108 1853 sinistris
1149 1793 1228 1849 75.
1277 1782 1558 1864 Quaerunt
1589 1803 1784 1854 autem
1816 1792 2077 1874 quidam,

2170 1787 2258 1854 τὴν
2338 1793 2429 1841 τοῦ
2499 1783 2686 1840 Γολιάθ
2765 1784 3026 1863 ῥομφαίαν
3096 1782 3339 1862 ἀφείλετο
3403 1782 3812 1858 ἀνατεθειμένην

439 1878 735 1958 quomodo
755 1880 1117 1958 evangelista
1135 1899 1291 1943 nunc
1323 1882 1513 1960 ipsum
1540 1871 1878 1962 pontiﬁcem
1910 1881 2083 1943 Ahia-

2170 1877 2240 1948 τῷ
2286 1874 2476 1953 Κυρίῳ.
2543 1871 2755 1928 Δώδεκα
2812 1871 2865 1927 δὲ
2928 1873 3064 1939 ἦσαν
3106 1875 3151 1928 οἱ
3205 1872 3349 1950 ἄρτοι
3406 1871 3522 1928 καθ’
3583 1872 3810 1937 ἑκάστην

439 1970 571 2027 thar
602 1965 946 2041 nominavit,
979 1968 1130 2030 liber
1159 1978 1356 2030 autem
1387 1960 1612 2048 Regum
1640 1969 1995 2032 Abimelech
2018 1970 2084 2030 il-

2170 1965 2366 2042 ἡμέραν
2409 1961 2772 2042 προτιθέμενοι
2834 1961 2917 2016 ἐπὶ
2975 1966 3073 2027 τῆς
3133 1961 3418 2038 τραπέζης,
3481 1960 3533 2026 ’ἐξ
3588 1960 3648 2016 ἐκ
3719 1961 3812 2015 δε-

438 2056 560 2116 lum
583 2055 878 2119 nominat?
913 2057 1245 2120 Dicendum
1280 2059 1466 2137 igitur
1495 2060 1650 2140 quod
1672 2059 1937 2121 fortassis
1964 2059 2081 2121 duo

2170 2051 2286 2118 Ξιὼν
2343 2053 2429 2108 καὶ
2481 2051 2533 2117 ἓξ
2607 2050 2658 2115 ἕξ
2717 2051 3017 2125 εὒωνύμων.
3066 2056 3286 2116 Ζητοῦσι
3347 2048 3400 2105 δέ
3457 2071 3594 2114 τινες
3640 2055 3752 2113 πῶς
3785 2051 3812 2104 ὁ

441 2145 682 2204 nomina
711 2144 1291 2227 habuerit,idemque
1314 2135 1397 2208 dsit
1425 2135 1718 2211 Ahiathar
1747 2157 1804 2210 et
1832 2147 2079 2212 Ahime—

2170 2143 2261 2217 μὲν
2317 2141 2693 2220 εὖαγγελιστῆς
2767 2147 2851 2197 νῦν
2919 2140 3008 2194 τὸν
3067 2139 3318 2218 ἀρχιερέα
3375 2135 3623 2216 Ἀϐιάθαρ
3682 2140 3815 2195 ὠνό-

441 2232 595 2292 lech.
641 2229 748 2292 Vel
803 2241 954 2292 ctam
1005 2234 1196 2306 aliter,
1241 2237 1394 2298 liber
1450 2256 1655 2314 regum
1706 2237 2079 2298 sacerdotem

2170 2253 2354 2310 μασιν,
2409 2235 2442 2299 ἡ
2499 2229 2554 2286 δὲ
2598 2228 2774 2314 βίϐλος
2827 2235 2933 2284 τῶν
2985 2227 3294 2288 Βασιλειὼν.
3342 2227 3635 2308 Ἀϐιμέλεχ
3682 2236 3812 2284 τοῦ-

441 2328 578 2408 tunc
611 2318 752 2408 dicit
781 2338 915 2381 esse
941 2321 1316 2397 Ahimelech,
1342 2307 1701 2404 evangelista
1726 2334 1918 2388 autem
1939 2345 2080 2405 pon-

2170 2343 2254 2375 τον
2286 2322 2552 2393 ὀνομάζει.
2603 2307 2801 2375 ’Ἔστιν
2851 2317 2938 2373 οὖν
2969 2319 3142 2373 εἰπεῖν
3184 2316 3265 2372 ὅτι
3294 2315 3552 2392 διὼνυμος
3583 2317 3651 2408 ἦν
3675 2317 3813 2378 ’ἴσως

442 2406 661 2468 tificem
685 2407 969 2470 Ahiathar
1000 2430 1021 2471 :
1044 2411 1203 2472 unde
1230 2396 1355 2474 haéc
1384 2396 1544 2475 intevr
1585 2432 1649 2474 se
1681 2433 1797 2474 non
1827 2396 1964 2475 sunt
1992 2414 2081 2476 di-

2170 2411 2192 2464 δ
2236 2406 2503 2484 Ἀϐιάθαρ,
2538 2408 2566 2463 ό
2597 2408 2749 2468 αὐτὸς
2780 2408 2866 2461 καὶ
2899 2402 3191 2485 Ἀϐιμέλεχ
3221 2404 3576 2480 καλούμενος.
3611 2396 3696 2461 ’Ἡ
3723 2406 3813 2461 καὶ

440 2514 631 2557 versa.
686 2495 822 2558 Erat
855 2499 1012 2559 enim
1066 2500 1346 2561 sacerdos
1400 2500 1771 2577 Abimelech,
1821 2502 2081 2580 pontifex

2171 2494 2369 2570 ἄλλως,
2429 2498 2462 2563 ἡ
2496 2497 2595 2570 μὲν
2647 2502 2751 2549 τῶν
2809 2492 3098 2550 Βασιλειῶν
3141 2492 3345 2573 βίϐλος,
3389 2494 3528 2574 ἱερέα
3559 2494 3701 2573 λέγει
3731 2493 3812 2548 εἴ·

439 2584 1197 2680 auut_em_:Ahiathardﬁsce
1226 2599 1405 2680 atem
1408 2589 1574 2668 juxta
1595 2589 2084 2680 an_agogen,quod

2171 2608 2254 2640 ναι
2311 2586 2429 2640 τότε
2491 2581 2914 2680 ’Λϐιμέλεχοηὸ
2970 2581 3024 2638 δὲ
3085 2582 3486 2660 εὒαγγελιστης,
3562 2583 3813 2662 ἀρχιερέα

442 2672 722 2754 discipuli
744 2674 985 2756 Christi,
1021 2676 1081 2736 in
1105 2675 1506 2756 Sahbato,hoc
1538 2684 1630 2738 est
1661 2678 1719 2739 in
1752 2668 2084 2738 animarum

2171 2677 2308 2728 εἶναι
2359 2674 2450 2728 τὸν
2506 2668 2780 2747 Ἀϐιάθαρ,
2842 2668 3018 2726 ’Ὥστε
3076 2672 3170 2727 οὒκ
3221 2669 3427 2726 έναντία
3481 2678 3642 2726 ταῦτα
3675 2689 3689 2702 ·
3747 2670 3813 2736 ἦν

441 2762 640 2841 quiete
671 2760 1015 2842 (Sahhatum
1051 2764 1210 2825 enim
1234 2755 1496 2844 quietem
1545 2765 2033 2845 interpretantur)
2066 2785 2079 2828 :

2170 2762 2268 2840 γάρ
2312 2763 2472 2839 ἱερεὺς
2536 2761 2632 2834 μὲν
2690 2755 3003 2838 Ἀϐιμέλεχ,
3083 2760 3360 2840 ἀρχιερεὺς
3415 2758 3468 2816 δέ
3539 2757 3808 2837 Ἀϐιάθαρ.

441 2851 676 2930 quando
707 2849 885 2928 igitur
918 2852 1178 2933 quietem
1214 2851 1434 2914 habent
1465 2853 1538 2914 ab
1579 2853 1856 2915 omnibus
1906 2855 2084 2916 aﬂ’ec-

2173 2850 2293 2908 Νόει
2352 2849 2405 2905 δὲ
2460 2851 2548 2904 καὶ
2615 2849 2750 2903 κατὰ
2806 2848 3116 2926 ἀναγωγὴν,
3204 2847 3283 2904 δτι
3330 2851 3377 2905 οἱ
3431 2855 3525 2905 τοῦ
3584 2853 3811 2927 Χριστοῦ

441 2938 728 3014 tionibus,
754 2948 811 3000 et
832 2959 864 3001 a
884 2932 1251 3001 diemonibus
1271 2959 1386 3002 non
1413 2942 1783 3018 infestantur,
1811 2951 1952 3005 tunc
1974 2943 2084 3004 iter

2170 2940 2398 3012 μαθηταὶ
2441 2938 2495 2994 έν
2551 2941 2626 3009 τῷ
2681 2932 2962 3016 Σαϐϐάτῳ,
3021 2935 3288 2993 τουτέστιν
3331 2937 3385 2993 έν
3423 2943 3493 3013 τῇ
3545 2942 3650 2992 τῶν
3704 2939 3813 3010 ψυ-

440 3026 683 3103 faciunt,
713 3005 835 3089 hoc
880 3038 970 3089 est
1017 3039 1075 3090 et
1132 3029 1262 3090 aliis
1292 3029 1365 3092 ad
1394 3032 1670 3093 virtutem
1703 3005 1886 3094 duces
1913 3033 2081 3114 fiunt,

2170 3005 2287 3107 γῶν
2344 3005 2630 3084 ἀναπαύσέι
2708 3005 2998 3102 (Σάϐϐατόν
3080 3027 3180 3105 γὰρ
3257 3005 3583 3088 κατάπαυσις
3640 3005 3815 3104 έρμη-

441 3115 786 3177 vellicantes
831 3125 890 3177 et
940 3119 1316 3182 eradicantes
1365 3119 1564 3180 omnia
1613 3139 1804 3201 quaea
1834 3129 1990 3182 terra
2020 3107 2084 3183 et

2170 3117 2419 3195 νεύεται).
2458 3107 2631 3173 ’Ὅταν
2661 3115 2748 3170 οὖν
2790 3112 2990 3193 ἔχωσιν
3018 3116 3305 3170 ἀνάπαυσιν
3338 3114 3442 3169 ἀπὸ
3473 3119 3579 3170 τῶν
3608 3115 3811 3186 παθῶν,

443 3204 654 3264 humili
710 3204 962 3266 fantasia
1019 3207 1380 3282 germinant.
1442 3208 1568 3271 Nisi
1626 3200 1785 3269 enim
1828 3210 2084 3290 primum

2170 3207 2246 3278 μὴ
2303 3205 2690 3281 πολεμούμενοι
2734 3204 2837 3258 ὑπὸ
2885 3209 2990 3258 τὼν
3019 3201 3304 3282 δαιμόνων,
3337 3203 3458 3259 τότε
3488 3200 3810 3280 ὁδοποιοῦσι,

441 3291 706 3372 quiescat
763 3294 976 3374 aliquis
1031 3295 1104 3356 ab
1165 3295 1604 3373 affectionibus,
1640 3305 1700 3358 et
1729 3288 1991 3377 seipsum
2024 3298 2084 3359 in

2170 3295 2403 3352 τουτέστι
2460 3296 2547 3350 καὶ
2604 3292 2804 3370 ἑτέροις
2850 3293 2982 3371 πρὸς
3025 3293 3123 3358 τὴν
3167 3293 3381 3370 ἀρετὴν,
3435 3288 3618 3369 ὁδηγοὶ
3645 3289 3818 3368 γίνονο

441 3379 701 3462 quietem
748 3383 1034 3458 conferat,
1086 3385 1426 3465 neutiquam
1455 3385 1587 3448 aliis
1616 3385 1688 3447 ad
1719 3386 1942 3449 bonum
1969 3386 2084 3450 dux

2170 3407 2281 3456 ται,
2339 3383 2605 3447 τίλλοντες
2683 3384 2771 3438 καὶ
2850 3381 3169 3457 ἑκριζοῦντες
3253 3380 3423 3436 πάντα
3456 3381 3521 3436 τὰ
3555 3379 3662 3436 ἀπὸ
3714 3382 3814 3445 τῆς

440 3470 575 3531 erit.
1095 3468 1100 3473 ’
2168 3479 2270 3551 γῆς
2316 3473 2404 3528 καὶ
2460 3473 2559 3537 τῆς
2633 3471 2780 3526 κάτω
2858 3470 3143 3547 φαντασίας
3238 3468 3628 3546 βλαστάνοντα.
3688 3466 3815 3525 ἐὰν

443 3561 542 3638 γὰρ
613 3560 691 3634 μὴ
721 3561 974 3639 πρότερον
1004 3563 1316 3638 καταπαύσῃ
1375 3585 1454 3627 τις
1527 3564 1632 3621 ἀπὸ
1709 3566 1816 3621 τῶν
1871 3569 2075 3640 παθῶν,
2134 3566 2222 3622 καὶ
2278 3563 2332 3618 έν
2391 3563 2585 3641 ἠρεμίᾳ
2642 3560 2952 3635 καταστήσῃ
3002 3559 3206 3636 ἑαυτὸν,
3257 3558 3352 3616 οὒκ
3407 3559 3471 3614 ἄν
3527 3557 3817 3634 όδοποίήσῃ

443 3646 678 3730 έτέρους,
708 3650 794 3705 καὶ
820 3649 1015 3729 ὀδηγὸς
1049 3651 1134 3707 ἐπὶ
1164 3659 1223 3706 τὸ
1253 3651 1446 3730 ἀγαθὸν
1476 3652 1721 3732 γένηται,
2547 3656 2553 3662 ’

1084 3755 1331 3820 CAPUT
1374 3756 1476 3820 IlI.

2801 3761 3051 3815 ΚΕΦΔΛ.
3101 3754 3190 3816 Γ’.

442 3841 530 3904 De
559 3860 625 3904 eo
654 3845 956 3934 cuirarida
983 3854 1113 3934 era_t
1135 3863 1374 3934 manus.
1407 3846 1808 3934 De_clectionc
1841 3858 2084 3930 aposto-

2174 3856 2296 3934 Περὶ
2380 3863 2471 3934 τοᾷ
2557 3849 2723 3934 ξηρὰν
2807 3849 3031 3934 ἔχοντος
3090 3862 3288 3934 χεῖρα.
3337 3851 3487 3934 ,Περὶ
3541 3854 3816 3934 τῆς-’τῷν

750 3924 1030 3988 totarum.
1058 3926 1146 3987 De
1176 3933 1370 3989 matre
1389 3936 1444 3990 et
1475 3927 1804 4008 fratribus.
1877 3924 1896 3930 ⁷

2251 3924 2563 3991 ἀποστόλων
2624 3924 2896 4010 Ἔκλογῆξ.
2983 3924 3144 4009 Hegi"
3190 3924 3390 4008 μητρὸς
3440 3924 3452 3929 ’
3485 3931 3576 3987 καὶ
3655 3926 3814 3985 ἀδελ-

525 4104 708 4164 Vens.
745 4103 880 4166 1-5.
918 4127 944 4158 α
980 4100 1052 4163 Et
1081 4102 1319 4164 introvit
1346 4103 1407 4164 in
1455 4102 1843 4190 Synagogam,
1877 4115 1936 4168 et
1964 4115 2094 4169 erat

2291 4040 2385 4071 (Ol.

2291 4040 2385 4071 (nl.

2254 4038 2290 4161 Ϊ
2334 4109 2433 4165 Καὶ
2488 4103 2694 4174 εἰσῆλθε
2765 4105 2925 4161 πάλιν
2985 4101 3057 4166 εἷς
3114 4104 3211 4171 τὴν
3270 4103 3605 4182 συναγωγὴν,
3638 4105 3726 4160 καὶ
3750 4102 3818 4170 ἧν

445 4189 530 4253 ibi
559 4192 737 4253 homo
769 4208 1006 4252 manum
1029 4191 1256 4254 habens
1275 4192 1680 4266 arefactam,et
1698 4191 2084 4262 observabant

2176 4195 2290 4252 ἐκεῖ
2345 4195 2616 4274 ἄνθρωπος
2676 4191 3047 4272 έξηραμμένην
3105 4190 3234 4272 ἔχον
3291 4192 3389 4259 τὴν
3463 4193 3653 4272 χεῖρα,
3731 4195 3820 4249 καὶ

448 4298 585 4342 eum
614 4298 688 4341 an
716 4278 985 4358 Sabhatis
1007 4288 1322 4342 sanaturus
1352 4289 1509 4342 esset
1539 4282 1731 4356 illum,
1765 4293 1831 4346 ut
1851 4303 2090 4347 accusa-

444 4375 578 4430 rent
606 4367 847 4429 eum.Et
868 4367 951 4430 ait
970 4368 1197 4429 homini
1218 4387 1454 4430 manum
1479 4369 1723 4434 habenti
1744 4372 2088 4449 arefactam,

444 4453 712 4518 Excitare
752 4457 810 4518 in
863 4456 1151 4520 medium.
1186 4456 1258 4520 Et
1303 4457 1449 4520 dicit
1505 4457 1667 4521 illis:
1701 4459 1909 4524 Utrum
1955 4461 2094 4525 licet

446 4543 720 4609 Sabhatis
751 4544 1129 4621 benefacere,
1154 4564 1230 4608 an
1260 4547 1658 4612 malefacere?
1686 4550 1944 4612 animam
1967 4570 2094 4614 ser-

446 4651 608 4710 vare,
658 4652 734 4695 an
775 4633 1096 4695 occidere?
1123 4635 1197 4696 At
1223 4636 1306 4696 illi
1347 4638 1620 4700 tacebant
1653 4660 1666 4702 :
1703 4646 1763 4701 et
1789 4658 1923 4701 cum
1969 4641 2091 4702 cir-

447 4722 876 4804 cumspexisset
906 4740 1010 4785 eos
1024 4742 1159 4785 cum
1178 4724 1895 4808 iracundia,i‘ndolescens
1909 4747 2094 4810 super

446 4812 708 4873 cacitate
737 4810 934 4874 cordis
958 4831 1190 4888 eorum,
1214 4814 1359 4876 dicit
1387 4815 1652 4878 homini:
1688 4818 1955 4880 Extende
1973 4837 2092 4882 ma-

447 4918 589 4962 num
623 4909 806 4973 tuam;
839 4909 898 4962 et
919 4901 1271 4983 extendit,et
1297 4904 1572 4966 restituta
1592 4913 1682 4968 est
1702 4924 1911 4968 manus
1936 4905 2094 4971 illius

445 5005 614 5063 sana,
648 4997 711 5049 ut
757 4988 964 5050 altera.
991 5014 1016 5046 ιι
1039 4987 1185 5051 Cum
1226 4991 1509 5074 discipuli
1538 4987 1802 5058 accusati
1830 5003 2095 5060 essenta

444 5077 664 5139 Iudicis
693 5097 763 5141 eo
803 5076 960 5159 quod
1013 5097 1120 5159 per
1167 5077 1422 5143 Sahbata
1470 5083 1666 5164 spicas
1714 5084 2089 5155 evulsissent,

447 5166 719 5256 Dominis
771 5175 1121 5256 accusantes
1167 5169 1526 5247 confutavit,
1585 5169 1764 5253 idque
1819 5174 2090 5256 exemplo

449 5253 653 5342 David:
678 5255 867 5335 magis
888 5263 1085 5319 autem
1103 5256 1239 5320 illos
1266 5277 1426 5323 nunc
1457 5259 1721 5324 confutat
1737 5253 2090 5326 miraculum

450 5342 744 5419 faciendo,
763 5344 1088 5408 ostendens
1115 5345 1269 5428 quod
1291 5347 1441 5428 adeo
1476 5363 1594 5414 non
1622 5361 1871 5432 peccent
1899 5349 2091 5414 disci-

535 5483 598 5536 ⁷⁸
624 5483 807 5548 Lavit.
838 5501 962 5560 xw,
996 5487 1058 5551 8.

2171 4286 2502 4365 παρετήρουδ
2550 4282 2727 4357 αὺτὸν,
2791 4283 2834 4337 εἰ
2889 4294 3008 4343 τοῖς
3038 4279 3270 4336 Σάὸϐασι
3301 4282 3604 4359 θέραπεύσει
3637 4281 3817 4356 αὐτὸν,

2172 4373 2265 4430 ἵνα
2323 4371 2765 4450 κατηγορήσωσιν
2825 4369 3006 4430 αὐτοῦ.
3087 4370 3184 4426 Καὶ
3245 4367 3512 4450 λέγειτῷ
3566 4369 3824 4446 ἀνθρώπῳ

2173 4469 2251 4537 τῷ
2309 4448 2680 4540 ἐξηραμμένην
2724 4458 2906 4539 ἔχοντι
2963 4459 3063 4527 τὴν
3123 4471 3286 4537 χεῖρα
3322 4477 3337 4492 ·
3393 4448 3625 4536 ’Ἐγεραι
3657 4459 3730 4521 εἷς
3761 4459 3823 4513 τὸ

2176 4551 2358 4626 μέσον.
2423 4552 2520 4608 Καὶ
2582 4548 2723 4627 λςιγει
2781 4550 2987 4613 αὐτοῖς’
3081 4545 3306 4613 ’Ἔξεστι
3379 4560 3498 4610 τοῖς
3558 4543 3825 4603 Σάϐϐασιν

2175 4641 2585 4719 ἀγαθοποιῆσαι,
2677 4636 2712 4704 ἢ
2796 4641 3203 4711 κακοποιῆσαις
3289 4636 3474 4715 ψυχὴν
3559 4635 3728 4693 σῶσαι
3787 4634 3823 4703 ἢ

2173 4728 2541 4802 ἀποκτεῖναι,
2601 4729 2661 4784 Oi
2719 4724 2773 4781 δέ
2853 4725 3120 4786 έσιώπων.
3185 4727 3282 4783 Καὶ
3367 4721 3823 4803 περιϐλεψάμενος

2173 4818 2359 4881 αὖτοὺς
2422 4813 2539 4892 μετ’
2595 4816 2781 4894 ὀργῆς,
2833 4812 3255 4890 συλλυπούμενος
3315 4814 3400 4870 ἐπὶ
3455 4818 3524 4890 τῇ
3562 4811 3816 4894 Δπωρώσει

2175 4910 2273 4974 τῆς
2329 4891 2542 4985 καρδίας
2604 4891 2801 4983 αὑτῶν,
2855 4901 2999 4983 λέγει
3052 4911 3130 4979 τῷ
3186 4905 3485 4982 ἀνθρώπιν’
3533 4891 3819 4959 ’Ἐκτεινον

2175 4996 2272 5062 τὴν
2325 4995 2490 5075 χεῖρά
2548 5017 2662 5056 σου.
2727 4994 2824 5053 Καὶ
2880 4993 3123 5070 ἐξέτεινε,
3182 4995 3269 5050 καὶ
3329 4993 3730 5057 ἀποκατεστάθη

2177 5086 2296 5166 χεὶρ
2356 5086 2514 5144 αὗτοῦ
2563 5083 2741 5164 ὑγιὴς,
2777 5085 2847 5148 ὡς
2890 5085 2924 5152 ἡ
2983 5081 3145 5151 ἄλλη,
3187 5108 3211 5138 ιι
3245 5089 3362 5141 Τῶν
3405 5083 3822 5166 μαθητῶνκατ-

2174 5173 2541 5253 ηγορηθέντων
2598 5174 2699 5229 ὑπὸ
2762 5180 2867 5228 τῶν
2924 5169 3212 5252 Ἰουδαίων,
3255 5169 3385 5228 διότι
3433 5176 3510 5244 τῷ
3567 5165 3826 5242 Σαϐϐάτῳ

2175 5264 2298 5328 τοὺς
2342 5261 2580 5343 στάχυας
2635 5260 2868 5342 ἔτιλλον,
2925 5263 2954 5317 ὁ
3011 5261 3196 5341 Κύριος
3226 5259 3544 5332 έπεστόμισε
3574 5257 3673 5334 μὶν
3702 5258 3824 5320 τοὺς

2176 5352 2528 5431 κατηγόρους,
2589 5353 2676 5408 καὶ
2752 5349 2836 5408 διὰ
2904 5356 2998 5407 τοῦ
3070 5351 3205 5408 κατᾶ
3273 5351 3365 5406 τὸν
3411 5343 3572 5405 Δαϐὶδ
3625 5344 3824 5404 61:08“-
