4144 6212
199 333 310 395 521

950 333 1392 395 ENARRATIO
1435 333 1516 394 IN
1562 329 2066 394 EVANGELIUM
2116 324 2379 390 MARCI.
2426 359 2489 369 -—
2545 324 2702 389 CAP.
2754 329 2861 387 III.

3484 315 3607 382 522

201 488 441 545 γματος,
526 466 819 525 Ἐπιπλὲον
903 464 956 520 δὲ
1028 466 1213 530 06106:,
1286 468 1373 520 καὶ
1444 472 1529 521 νῦν
1588 466 1873 544 ἑντρέπων,

1966 461 2079 540 ρυΙί
2112 462 2267 541 ejus,
2293 469 2353 521 ut
2384 469 2441 522 et
2464 462 2591 541 ipse
2622 470 2899 540 operetur
2928 461 2989 522 in
3023 461 3117 522 die
3162 458 3401 523 Sabbati
3427 460 3603 522 mira‘

200 560 641 633 θαυματουργεῒ,
701 554 951 610 δεικνύων
1010 554 1114 629 δτι,
1175 559 1434 612 Τοσοῦτον
1490 553 1595 634 οὐχ
1648 554 1878 633 ἁμαρτά-

204 666 383 700 νουσιν
432 646 484 700 οἱ
534 644 771 717 μαθηταί
825 666 951 719 μου,
1012 644 1150 699 ὥστε
1207 644 1294 699 καὶ
1327 644 1477 708 αὐτὸς
1506 644 1615 721 εγὼ
1656 643 1877 721 ἐργαζο-

209 755 304 807 μαι
368 731 426 787 ἐν
625 732 799 809 ἡμέρα
856 739 946 787 τοῦ
1007 729 1302 804 Σαϐϐἀτου,
1353 735 1525 807 θαῦμα
1579 730 1878 788 ἱπιδεικνύ-

210 843 371 896 μῖνος
409 838 423 851 ⁸
494 821 640 877 ὥστε
697 823 740 876 εἰ
794 821 957 877 κακόν
1012 823 1124 877 ἔστι
1183 822 1244 877 τὸ
1297 825 1737 900 θαυματουργεϊν,
1766 820 1876 877 ἔστι

209 911 377 967 καλὸν
440 910 639 974 ἁπλῶς
690 910 778 965 καὶ
820 911 883 965 τὸ
931 909 1233 988 ἰργάζεσθαι
1262 911 1329 966 τὰ
1371 909 1641 988 ἀναγκαῖα
1695 910 1749 965 ἰν
1799 917 1876 984 τῷ

213 995 486 1060 Σαϐϐάτω
528 1014 546 1032 ⁸
581 997 717 1054 ἀλλὰ
764 998 871 1074 μὴν
927 1000 988 1054 τὸ
1032 1002 1469 1077 θαυματουργεϊν,
1504 998 1590 1055 ἐπὶ
1643 1000 1875 1078 σωτηρίᾳ

210 1087 524 1165 ἀνθρώπου,
590 1088 734 1144 θεῖόν
788 1086 949 1159 ἐστιν,
1007 1087 1101 1143 οὒκ
1157 1086 1255 1167 ἄρα
1296 1100 1598 1165 παρανομεῖ
1647 1091 1675 1143 ὃ
1706 1087 1761 1143 ἐν
1798 1095 1873 1162 τῷ

207 1173 477 1251 Σαϐϐάτῳ
536 1177 619 1251 μὴ
678 1176 839 1232 κακόν
894 1197 945 1231 τι
1002 1174 1377 1254 ἐργαζόμενος.
1426 1177 1524 1232 Διὰ
1571 1183 1727 1232 τοῦτο
1783 1184 1871 1233 06v

204 1267 291 1321 καὶ
316 1265 497 1341 ἐρωτᾷ
529 1265 723 1330 αὖτοὺς
782 1267 825 1321 εἰ
869 1264 1064 1329 ἔξεστιν
1127 1264 1543 1342 ἀγαθοποιῆσαι,
1608 1264 1870 1341 ἐντρέπων

1962 552 2159 611 culum
2195 550 2528 612 facienszita
2558 560 2617 609 ut
2643 550 2691 609 si
2723 550 2941 609 malum
2976 548 3049 609 sit
3079 549 3313 629 operari
3340 549 3603 612 miracu-

1962 639 2467 719 lum,simpliciter
2486 640 2702 699 malum
2735 638 2996 698 futurum
3016 638 3091 699 sit
3108 640 3485 717 operari|86
3504 660 3605 701 ne-

1962 729 2219 789 cessaria
2238 729 2296 788 in
2321 727 2601 806 Sabbnto;
2630 726 2733 788 sed
2762 727 3111 787 miraculum
3132 730 3327 789 facere
3352 730 3410 788 in
3432 729 3601 791 salu-

1964 826 2079 877 tem
2114 816 2665 889 hominis,divinum
2686 823 2808 877 est:
2835 835 2951 875 non
2985 816 3164 894 igitur
3192 818 3604 893 prtevaricatur

1960 906 2055 985 qui
2082 906 2140 965 in
2172 906 2429 967 Sabbato
2461 904 2617 984 quod
2655 904 2869 964 malum
2892 923 3007 963 non
3030 908 3603 983 est,operatur.Pro-

1957 1003 2161 1073 pterea
2179 994 2351 1055 etiam
2371 994 2695 1071 interrogat
2716 993 2847 1053 illos
2871 1012 3009 1052 num
3028 992 3201 1053 liceat
3222 991 3605 1084 benefacere,

1955 1093 2167 1145 notans
2198 1103 2299 1145 eos
2323 1093 2383 1144 ut
2418 1083 2765 1144 benefacere
2779 1102 2913 1143 eum
2940 1082 3603 1162 prohibentes.Aridam

1957 1183 2153 1234 autem
2186 1172 2487 1233 dexteram
2517 1172 2710 1232 omnis
2735 1171 2915 1231 habet
2936 1172 3037 1251 qui
3065 1190 3247 1250 opera
3268 1190 3473 1233 eorum
3488 1192 3606 1233 non

1958 1260 2097 1322 facit
2128 1262 2226 1342 qui
2258 1261 2653 1322 addexteram
2693 1270 2915 1339 partem
2952 1261 3270 1339 pertinent.
3304 1262 3391 1322 Ad
3428 1280 3605 1342 quem

208 1355 397 1417 αὖτοὺς
457 1356 537 1418 ὡς
584 1352 890 1418 κωλύοντας
947 1354 1101 1410 αὐτὸν
1160 1354 1266 1409 ἀπὸ
1320 1360 1411 1410 τοῦ
1475 1354 1817 1432 ἀγαθοποιεϊν
1853 1374 1867 1389 ο

1966 1351 2230 1412 Christus
2256 1350 2421 1426 dicit,
2450 1349 2738 1418 Excitare,
2762 1350 2872 1409 hoc
2906 1358 3017 1421 est,
3056 1348 3244 1427 Surge
3276 1369 3308 1410 a
3339 1359 3602 1431 peccato,

208 1441 340 1520 ξηρὰ
401 1440 459 1497 δὲ
524 1442 648 1522 ἔχει
692 1442 789 1509 τὴν
842 1455 1007 1521 χεῖρα
1048 1443 1146 1510 τὴν
1190 1441 1355 1508 δεξιὰν
1386 1449 1489 1507 πᾶς
1532 1445 1559 1498 ὁ
1590 1444 1668 1518 μὴ
1697 1444 1870 1521 πρᾶτ-

1966 1449 2019 1499 et
2057 1448 2142 1499 sta
2175 1440 2235 1500 in
2268 1440 2479 1509 medio,
2509 1440 2619 1498 hoc
2648 1446 2737 1498 est
2768 1440 2825 1497 in
2862 1438 3268 1500 mediocritate
3296 1440 3604 1504 virtutum.

210 1552 315 1599 των
372 1531 443 1586 τὰ
498 1536 605 1597 τῆς
666 1529 831 1595 δεξιᾶς
878 1529 1084 1608 μερίδος
1143 1530 1292 1610 ἔργα.
1351 1533 1489 1610 Πρὸς
1546 1530 1605 1586 ’ὃν
1664 1530 1807 1610 λέγει
1848 1534 1875 1587 ὁ

1966 1523 2166 1588 Omnis
2198 1526 2351 1587 enim
2376 1526 2557 1586 virtus
2588 1524 2962 1585 mediocritas
2994 1534 3103 1598 est,
3129 1544 3198 1586 eo
3230 1528 3384 1605 quod
3413 1545 3609 1608 neque

214 1619 440 1698 Χριστός
480 1638 496 1652 ·
544 1618 831 1697 ’¹Εγειραι,
865 1618 1155 1692 τουτέστιν,
1189 1617 1420 1676 Ἀνάστα
1447 1619 1553 1676 ἀπὸ
1583 1619 1677 1687 τῆς
1709 1623 1877 1699 ἀμαρ-

1966 1613 2019 1674 in
2053 1614 2371 1688 defectum,
2406 1632 2599 1689 neque
2642 1612 2700 1671 in
2756 1632 3063 1673 excessum
3116 1614 3394 1677 declinat.
3442 1615 3609 1677 Tunc

212 1708 351 1783 τίας,
419 1709 516 1764 καὶ
574 1711 726 1775 στῆθι
785 1709 856 1772 εἷς
914 1709 975 1763 τὸ
1046 1707 1234 1788 μέσον,
1292 1707 1582 1783 τουτέστιν,
1640 1711 1713 1767 εἰς
1781 1710 1877 1777 τὴν

1966 1703 2141 1781 igitur
2169 1703 2401 1784 quando
2434 1720 2498 1763 se
2527 1700 2728 1762 statuit
2759 1702 2817 1761 in
2850 1701 3606 1773 mediocritatem,restitui-

217 1796 497 1869 μεσότητα
591 1802 685 1852 τῶν
753 1796 974 1874 ἀρετῶν,
1051 1802 1201 1853 Πᾶσα
1244 1798 1343 1877 γὰρ
1398 1796 1583 1875 ἀρετὴ,
1644 1798 1877 1872 μεσότης

1968 1805 2063 1854 tur
2093 1792 2342 1882 dextera
2372 1792 2627 1882 ei_sana.
2661 1790 2810 1882 Vide
2847 1800 3074 1882 autem;
3109 1793 3263 1882 quod
3322 1793 3490 1867 dicit,
3539 1794 3611 1855 Et

216 1883 379 1956 ἐστὶν,
426 1885 559 1941 οὔτε
618 1886 688 1950 εἷς
731 1886 828 1951 τὴν
880 1883 1137 1960 ἔλλειψιν,
1192 1884 1307 1941 οὔτε
1340 1887 1413 1948 εἷς
1457 1886 1555 1953 τὴν
1585 1884 1877 1965 ὑπερϐολὴν

1966 1879 2233 1941 restituta
2264 1889 2373 1942 est.
2408 1879 2583 1940 Erant
2617 1879 2775 1939 enim
2808 1878 2945 1939 olim
2983 1880 3152 1940 nobis
3185 1899 3343 1942 sanas
3372 1901 3605 1958 manus,

218 1973 535 2030 ὲπινεύουσα
579 1991 593 2005 ⁸
625 1974 745 2030 τότε
804 1974 975 2031 τοίνυν
1021 1973 1147 2029 ὅταν
1199 1978 1365 2050 σταθῇ
1421 1976 1491 2040 εἷς
1550 1976 1648 2042 τὴν
1710 1975 1877 2050 μεσό-

1966 1968 2075 2028 hoc
2107 1976 2195 2030 est
2238 1968 2441 2029 efﬁcax
2473 1969 2654 2028 virtus
2703 1968 3024 2047 operativa,
3074 1972 3309 2049 quando
3344 1971 3607 2031 nondum

215 2084 373 2142 τητα,
438 2063 1015 2133 ἂποκατασταθήσεται
1072 2064 1107 2131 ἡ
1154 2064 1273 2143 χεὶρ
1306 2064 1463 2121 06106
1510 2065 1691 2143 ὑγιής.
1727 2057 1877 2142 ιὈρα

1966 2056 2070 2117 fuit
2097 2057 2511 2137 transgressio.
2546 2056 2658 2119 Uhi
2688 2069 2887 2116 autem
2950 2066 3189 2120 extenta
3248 2069 3337 2120 est
3366 2060 3611 2121 dextera

216 2149 267 2207 δὲ
322 2156 411 2209 καὶ
486 2155 557 2208 τὸ
615 2150 1073 2219 Ἀποκατεστάθη,
1138 2153 1237 2209 Καὶ
1294 2154 1393 2230 γὰρ
1426 2152 1491 2220 ἧν
1535 2153 1621 2209 ὅτε
1652 2152 1877 2233 εἴχομεν

1966 2155 2163 2205 nostra
2196 2146 2267 2203 nd
2302 2145 2555 2205 fructum
2591 2144 2979 2224 prohibitum,
3020 2154 3159 2208 tunc
3185 2164 3459 2209 arescere
3494 2167 3612 2210 cm-

216 2242 385 2318 ὓγιετς
444 2243 547 2303 τὰς
596 2254 813 2320 χεῖρας,
894 2241 1154 2316 τουτέστι,
1235 2242 1331 2309 τὴν
1387 2243 1687 2321 πρακτικὴν
1744 2242 1877 2319 ἐνέρ-

1966 2236 2047 2317 pit
2077 2238 2147 2297 ad
2181 2237 2587 2316 operationem
2625 2235 3158 2298 boni.Restituetur
3189 2239 3367 2319 igitur
3394 2240 3607 2301 iterum

220 2350 390 2405 γειαν,
454 2328 549 2386 ὅτε
606 2328 752 2386 οὔπω
810 2327 1106 2409 παράϐασις
1141 2344 1154 2358 ⁸
1203 2329 1292 2409 ἀφ’
1356 2336 1416 2387 o6
1460 2328 1513 2385 δὲ
1545 2328 1792 2397 ἆξετάσθη
1846 2332 1877 2398 ἡ

1968 2329 2023 2386 in
2057 2326 2365 2407 pristinam
2397 2332 2731 2397 sanitatem,
2766 2345 2898 2386 cum
2940 2326 2997 2385 in
3049 2328 3241 2389 medio
3274 2337 3614 2391 steterimus

222 2419 339 2495 χεὶρ
380 2420 547 2494 ἡμῶν
606 2419 691 2475 ἐπὶ
747 2420 838 2474 τὸν
915 2418 1347 2497 ἀπηγορευμένον
1418 2421 1643 2497 καρπὸν,
1678 2419 1883 2493 ,ἔκτοτε
1963 2415 2267 2477 virtutum.

225 2505 483 2585 ἰξηράνθη
532 2510 664 2586 πρὸς
708 2509 804 2575 τὴν
849 2510 941 2564 106
968 2506 1131 2565 καλοῦ
1188 2507 1455 2587 ἐργασίαν.
1499 2508 1663 2568 Πάλιν
1707 2511 1793 2565 οὖν
1854 2507 2415 2575 ἆποκατασταθίρεται
2468 2507 2539 2569 εἷς
2599 2505 2694 2570 τὴν
2728 2505 2980 2581 προτέραν
3027 2507 3225 2583 ὖγείαν,
3275 2507 3399 2565 ὅταν
3431 2510 3486 2564 ἐν
3542 2518 3617 2583 τῷ

226 2594 372 2669 μέσῳ
416 2601 698 2672 σταθῶμεν
737 2602 844 2652 τῶν
886 2597 1109 2673 ἀρετῶν,

307 2708 333 2739 ε
373 2688 472 2743 Καὶ
529 2684 825 2750 ἱξελθόντες
885 2689 932 2742 οἱ
987 2692 1292 2764 Φαρισαῖοι,
1340 2686 1527 2749 εὐθέως
1587 2688 1723 2763 μετὰ
1774 2692 1879 2742 τῶν

228 2765 569 2849 Ἠρωδιανῶν
653 2772 969 2849 συμϐούλιον
1045 2775 1251 2833 ἐποίουν
1307 2774 1425 2832 κατ’
1478 2780 1657 2851 06106,
1732 2775 1877 2837 ὅπως

223 2864 376 2920 αὐτὸν
434 2863 768 2927 ἀπολέσωσι.
832 2866 930 2923 Καὶ
987 2866 1014 2920 ὁ
1088 2864 1294 2931 Ἰησοῦς
1372 2866 1685 2944 ἀνεχώρησε
1745 2866 1880 2938 μετὰ

2047 2680 2421 2760 VERS.§.6-12
2476 2682 2744 2759 .Egressi
2779 2699 2919 2743 vero
2955 2682 3237 2745 Pharisaei
3270 2684 3465 2745 statim
3500 2704 3618 2747 una

1964 2790 2096 2831 cum
2122 2770 2481 2832 Herodianis
2513 2771 2824 2830 consilium
2876 2771 3100 2831 inibant
3133 2771 3415 2833 adversus
3445 2772 3612 2833 illum

1963 2868 2024 2919 ut
2056 2879 2189 2920 eum
2224 2858 2746 2940 perderentJesus
2774 2868 2967 2919 autem
3002 2879 3134 2919 cum
3157 2861 3460 2940 discipulis
3490 2864 3614 2922 suis

224 2958 323 3007 τῶν
367 2957 633 3032 μαθητῶν
690 2953 847 3010 06106
903 2955 1035 3032 πρὸς
1093 2954 1191 3020 τὴν
1263 2953 1555 3026 Θάλασσαν,
1600 2958 1687 3012 καὶ
1745 2954 1877 3011 πολὺ

1966 2949 2241 3008 sccesssit
2288 2947 2358 3007 ad
2393 2965 2577 3021 mare,
2613 2957 2669 3007 et
2699 2948 2908 3025 ingens
2946 2949 3258 3009 multitudo
3291 2959 3493 3011 secuta
3524 2959 3617 3011 est

224 3030 422 3107 πλῆθος
478 3043 593 3098 ἀπὸ
648 3043 743 3110 τῆς
804 3030 1089 3109 Γαλιλαίας
1154 3043 1511 3111 ἠκολούθησεν
1555 3048 1721 3119 αὐτῷ,
1792 3052 1879 3105 καὶ

1965 3055 2098 3095 eum
2132 3035 2534 3115 a.Ga|ilaea,et
2562 3053 2595 3095 a
2624 3036 2847 3109 Judzea,
2881 3035 3032 3095 etab
3070 3036 3526 3116 Hierosolymis,
3558 3050 3617 3101 et

228 3128 329 3187 ἀπὸ
388 3138 488 3199 τῆς
554 3130 827 3204 Ἰουδαίας,
873 3134 962 3189 καὶ
1018 3133 1123 3189 ἀπὸ
1183 3124 1587 3213 Ἱεροσολύμων,
1633 3136 1721 3189 καὶ
1777 3133 1877 3189 ἀπὸ

1966 3123 2036 3184 ab
2063 3123 2324 3195 Idumea,
2358 3132 2414 3182 et
2452 3130 2611 3183 trans
2634 3123 3038 3197 Jordanem,et
3072 3125 3171 3205 qui
3205 3125 3364 3187 circa
3396 3125 3611 3206 Tyrum

231 3224 326 3286 τῆς
409 3218 737 3297 Ἰδουμαίας,
825 3223 911 3277 καὶ
996 3221 1128 3301 πέρα
1184 3229 1277 3278 106
1356 3221 1635 3301 Ἰορδάνου,
1695 3223 1783 3278 καὶ
1838 3224 1877 3277 oi

1968 3214 2329 3287 habitabant,
2362 3234 2428 3275 ac
2461 3213 2765 3286 Sidonezu,
2804 3216 3107 3277 hominum
3139 3217 3448 3278 multitudo
3482 3218 3612 3279 ma-

235 3310 347 3386 περὶ
400 3311 573 3388 Τύρον
640 3312 728 3365 καὶ
788 3309 1013 3385 Σιδῶνα,
1092 3310 1293 3379 πλῆθος
1368 3311 1524 3389 πολὺ,
1572 3313 1885 3375 ἀκούσαντες

567 3446 583 3479 ,
646 3397 805 3465 ἦλθον
848 3401 982 3478 πρὸς
1028 3404 1207 3463 αὐτόν,
1258 3402 1355 3459 Καὶ
1384 3401 1509 3457 εἶπε
1552 3414 1668 3463 τοῖς
1714 3404 1884 3476 μαθη-

240 3394 329 3453 ὅσα
386 3398 559 3455 ἐποίει

238 3499 354 3550 ταῖς
411 3492 575 3546 06106
630 3488 722 3543 ἵνα
765 3486 1039 3567 πλοιάριον
1088 3498 1454 3570 προσκαρτερῇ
1498 3490 1640 3565 αὒτῷ
1683 3488 1765 3547 διὰ
1793 3492 1881 3546 τὸν

238 3572 421 3654 ὄχλον,
474 3575 567 3631 ἵνα
622 3577 698 3650 μὴ
742 3574 984 3634 θλίϐωσιν
1029 3580 1186 3637 αὐτόν
1219 3594 1233 3608 '
1281 3577 1509 3643 πολλοὺς
1555 3580 1653 3657 γὰρ
1697 3578 1881 3657 ἐθερά-

239 3685 444 3734 πευσεν,
509 3665 647 3723 ὥστε
728 3666 1031 3723 ἐπιπίπτειν
1090 3670 1232 3737 αύτῷ
1276 3668 1366 3724 ἵνα
1412 3670 1568 3725 06106
1613 3667 1878 3744 ἅψωνται,

236 3751 350 3809 ὅσον
409 3757 579 3835 εἶχον
636 3756 924 3836 μάστιγας,
982 3756 1164 3812 καὶτὰ
1219 3757 1492 3833 πνεύματα
1521 3758 1586 3813 τὰ
1616 3757 1881 3837 ἀκάθαρτα

238 3840 354 3898 ὅταν
401 3846 561 3901 αὒτὸν
619 3844 851 3924 ἐθεώρει,
938 3844 1294 3923 προσέπιπτεν
1350 3849 1515 3920 αὐτῷ,
1561 3847 1647 3902 καὶ
1701 3845 1881 3922 ἔκραζε

236 3928 452 4010 λέγοντα
513 3932 619 4011 ὅτι,
680 3935 751 3988 Σὺ
808 3934 862 3990 εἴ
921 3935 948 3989 ὁ
994 3936 1113 3998 Υἱὸς
1179 3942 1271 3991 τοῦ
1329 3942 1480 3997 Θεοῦ.
1556 3936 1653 3993 Καὶ
1711 3933 1883 3991 πολλὰ

1967 3321 2117 3382 gna:
2156 3305 2255 3383 qui
2278 3324 2411 3364 cum
2444 3304 2748 3364 audissent
2776 3324 2906 3384 quae
2931 3306 3204 3381 faciebat,
3236 3309 3617 3369 veneruntad

1970 3410 2126 3453 eum.
2162 3392 2232 3453 Et
2259 3393 2406 3453 dixit
2436 3392 2743 3473 discipulis
2783 3394 2905 3455 suis
2938 3403 3002 3455 ut
3033 3395 3360 3457 naviculam
3405 3396 3613 3477 appel-

1965 3480 2158 3542 lerent
2187 3482 2297 3541 sibi
2332 3492 2574 3561 prOpter
2629 3482 2885 3558 turbam,
2921 3502 2996 3545 ne
3040 3485 3232 3563 ipsum
3292 3495 3615 3565 premeret.

1962 3570 2178 3632 Multos
2208 3572 2365 3631 enim
2394 3572 2889 3645 sanaverat,itaut
2922 3574 3220 3634 irruerent
3251 3574 3310 3634 in
3336 3594 3617 3656 eum,quo

1966 3660 2127 3720 illum
2190 3669 2499 3737 tangerent
2558 3667 2847 3741 quotquot
2901 3662 3194 3722 habebant
3240 3666 3493 3742 ﬂagella.
3546 3664 3617 3725 Et

1965 3749 2207 3829 spiritus
2240 3748 2531 3809 immundi
2554 3768 2689 3809 cum
2724 3751 2887 3809 illum
2909 3749 3621 3831 vidissent,procidebant

1964 3838 2042 3917 ei,
2076 3845 2135 3896 et
2165 3836 2497 3896 clamabant
2528 3837 2817 3917 dicentes,
2848 3837 2933 3897 Tn
2964 3857 3027 3898 es
3080 3837 3262 3900 Filius
3292 3839 3616 3902 Dei.Etve.

1965 3925 2277 3987 hementer
2304 3924 2797 3985 interminabatur
2816 3926 2901 3987 eis
2923 3946 2996 3986 ne
3028 3944 3091 3987 se
3128 3927 3506 3987 manifestum
3524 3928 3613 3989 fa-

242 4019 457 4098 ἰπετίμα
504 4020 713 4097 αὐτοῖς,
763 4021 855 4078 ἵνα
898 4023 976 4098 μὴ
1025 4025 1246 4102 φανερὸν
1294 4024 1450 4082 αὐτὸν
1498 4024 1815 4092 ποιήσωσιν.
1850 4046 1877 4078 ι

1968 4012 2493 4084 cerent.»Quinam
2528 4022 2695 4074 erant
2724 4013 3084 4075 Ilerodiani?
3111 4013 3216 4076 Vel
3255 4015 3474 4077 milites
3503 4015 3617 4078 He-

244 4110 380 4191 I‘ivzc
442 4118 584 4181 ἦσαν
628 4113 674 4168 οἱ
721 4102 1075 4191 Ἠρωδιανοίς
1144 4112 1320 4168 ’Ἤτοι
1377 4116 1424 4169 οἱ
1454 4119 1768 4191 στρατιῶται
1797 4121 1877 4169 τοί

1969 4102 2159 4182 rodis,
2182 4102 2270 4163 vel
2295 4102 2537 4162 haeresis
2561 4103 2827 4182 quaedam
2872 4122 3063 4182 nuper
3109 4105 3428 4164 admodum
3460 4114 3613 4185 orta,

247 4187 500 4281 ΪΗρώδου,
561 4202 596 4269 ἢ
654 4187 859 4277 αἵρεσις
916 4222 995 4265 τις
1048 4187 1331 4281 νεοφανὴς,
1389 4187 1771 4279 δογματίζουσα
1800 4202 1877 4258 τὸη

1973 4210 2103 4271 quae
2132 4190 2377 4252 docebat
2406 4190 2700 4251 Herodem
2752 4192 2945 4271 ipsum
3002 4210 3132 4252 esse
3184 4194 3511 4273 Christum,
3544 4214 3614 4252 eo

248 4277 484 4366 Ἡρώδην
534 4290 688 4347 αὐτὸν
733 4290 876 4347 εἶναι
919 4291 1008 4347 τὸν
1056 4292 1308 4369 Χριστὸν,
1352 4289 1437 4347 διὰ
1478 4291 1539 4346 τὸ
1592 4289 1679 4346 ἄπ’
1738 4291 1877 4347 αύτοῐ

1976 4280 2132 4360 quod
2164 4279 2273 4341 sub
2295 4280 2391 4339 illo
2421 4280 2807 4341 Judaicorum
2857 4300 3065 4358 regum
3098 4281 3398 4341 successio
3431 4282 3613 4342 finem

249 4378 401 4455 πέρας
455 4378 693 4445 δέξασθαι
745 4380 844 4446 τὴν
900 4385 1007 4435 τῶν
1078 4368 1385 4437 ’Ῑοδδαϊκῶν
1444 4378 1702 4455 βασιλέων
1770 4377 1877 4435 δια-

1977 4368 2399 4443 habuisset,ita
2428 4369 2584 4429 enim
2610 4369 2983 4447 exponebant
3009 4370 3376 4449 prophetiam
3408 4371 3612 4447 Jacob,

248 4461 438 4547 δοχήν,
504 4461 566 4526 ιΗ
624 4470 725 4548 γὰρ
780 4471 1078 4547 προφητεία
1138 4474 1230 4525 106
1272 4466 1465 4525 Ἰακὼϐ
1521 4465 1877 4543 διελάμϐανεν,

1972 4457 2206 4538 quando
2260 4458 2548 4548 defecturi
2599 4467 2798 4518 essent
2828 4477 2895 4518 ex
2929 4458 3078 4519 Juda
3124 4460 3446 4548 principes,
3478 4467 3615 4522 tunc

248 4545 341 4610 ὅτε
373 4545 708 4634 ἇκλείψουσιν
790 4545 836 4614 0i
894 4545 946 4622 ἓξ
1015 4555 1182 4614 Ἰούδα
1253 4556 1535 4638 ἄρχοντες,
1607 4556 1727 4612 τότε
1798 4558 1877 4613 τὸι

1970 4556 2277 4608 venturum
2309 4545 2601 4609 Christum
2635 4548 2718 4609 τό.
2757 4551 2901 4609 Cum
2954 4548 3129 4623 igitur
3176 4546 3431 4610 Herodis
3465 4558 3615 4610 tem-

250 4648 469 4711 Χριστὸν
528 4646 724 4704 ἐλθεῖν.
793 4644 940 4703 Ἐπεὶ
1000 4647 1089 4702 οὖν
1133 4648 1222 4702 ὶπὶ
1417 4638 1649 4725 Ἡρώδου
1680 4646 1877 4725 χρόνων

1970 4637 2213 4716 poribus
2258 4635 2454 4694 nullus
2488 4654 2733 4715 usquam
2774 4646 2929 4697 esset
2983 4636 3259 4699 .ludaicus
3308 4638 3611 4718 princeps,

248 4730 399 4801 οὐδεὶς
456 4736 523 4803 ἦν
579 4734 867 4799 Ἰουδαϊκὸς
925 4735 1137 4815 ἅρχων,
1184 4734 1302 4791 ἀλλ’
1338 4737 1491 4799 αὐτὸς
1522 4735 1689 4814 ἦρχεν
1722 4733 1877 4791 ἀλλό-

1972 4728 2077 4789 sed
2107 4736 2386 4807 regnaret
2427 4727 2693 4789 Herodes
2739 4730 3098 4809 alienigena,
3133 4732 3426 4790 ldumaeus
3450 4731 3611 4792 enim

253 4836 398 4899 '9qu;
444 4827 542 4899 ὢν,
608 4822 906 4901 Ἰδουμαῖος
949 4827 1049 4903 γὰρ
1092 4827 1184 4906 ἢν,
1246 4824 1494 4899 ἐνόμισαν
1552 4845 1691 4885 τινες
1738 4826 1877 4880 αὖτὸκ

1972 4830 2121 4891 erat,
2171 4817 2391 4895 opinati
2421 4827 2555 4877 sunt
2585 4820 2819 4897 quidam
2855 4818 3046 4898 ipsum
3104 4837 3235 4879 esse
3286 4820 3610 4897 Christum,

258 4914 382 4971 εἶναι
444 4917 534 4970 τὸν
592 4915 836 4993 Χριστὸν,
896 4916 983 4969 καὶ
1038 4905 1243 4988 αἵρεσιν
1301 4914 1711 4986 συνεστήσαντο,
1747 4916 1877 4969 οὗτοε

1975 4914 2032 4967 et
2063 4906 2380 4968 constituta
2407 4905 2657 4985 quadam
2712 4908 2965 4968 factione
3011 4914 3448 4970 attentaverunt
3471 4928 3613 4988 per-

260 5004 415 5059 τοίνυν
490 5004 796 5083 ὶπεχείρουν
880 5002 1136 5060 ἀπολέσαι
1220 5003 1310 5058 τὸν
1396 5002 1606 5079 Κύριον.
1696 4996 1767 5083 ὈΔ
1836 5000 1877 5057 δί

1977 4997 2117 5055 dere
2168 4993 2509 5054 Dominum.
2586 4994 2718 5076 Ipse
2770 5004 2963 5056 autem
3023 4995 3275 5072 secedit,
3350 4999 3613 5060 nondum

262 5078 569 5174 ἀναχωρεί·
591 5078 765 5150 ’ὸῦὲτω
807 5094 906 5169 γὰρ
944 5094 1011 5161 ἧν
1041 5095 1069 5150 ὁ
1110 5102 1203 5151 106
1245 5093 1439 5155 πάθους
1476 5078 1697 5170 καιρός.
1730 5080 1877 5166 "Atta

1974 5085 2132 5146 enim
2186 5095 2310 5174 erat
2393 5084 2652 5174 patiendi
2719 5095 2970 5165 tempus.
3042 5084 3285 5146 Interim
3346 5087 3617 5166 pluribus

262 5173 307 5231 δὲ
370 5173 456 5240 καὶ
490 5183 582 5239 ’ἕνα
625 5182 871 5245 πλείονας
934 5183 1281 5260 εύεργετῆση,
1313 5180 1397 5236 διὰ
1429 5187 1583 5237 τοῦτο
1612 5180 1877 5260 ἀναχωρεῖ

1975 5173 2402 5248 benefaciebat,
2441 5176 2517 5234 ab
2560 5173 2801 5252 ingratis
2832 5174 3194 5238 secedendo.
3230 5175 3458 5236 Etenim
3517 5195 3614 5238 se-

263 5264 355 5325 ἆπὸ
408 5276 512 5328 τῶν
567 5271 891 5350 ἀγνωμόνων
923 5288 937 5301 ⁸
1002 5272 1090 5326 καὶ
1168 5271 1266 5347 γὰρ
1327 5267 1692 5335 ἠκολούθησαν
1750 5273 1877 5343 αύτᾷ

1971 5265 2089 5325 cuti
2122 5273 2260 5325 sunt
2308 5281 2443 5322 eum
2488 5263 2679 5338 multi,
2715 5272 2772 5324 et
2802 5266 3019 5326 sanavit
3053 5264 3225 5325 illos:
3260 5266 3405 5345 quin
3438 5267 3615 5328 etiam

265 5356 456 5435 πολλοὶ,
513 5363 601 5418 καὶ
656 5362 841 5417 ἰάσατο
886 5359 1095 5434 αὐτοὺς,
1145 5358 1283 5414 ἀλλὰ
1337 5359 1423 5417 καὶ
1480 5360 1525 5413 οἱ
1585 5357 1756 5433 Τύριοι
1802 5360 1877 5413 καῖ

1968 5353 2157 5435 Tyriis
2191 5363 2249 5414 et
2278 5351 2562 5423 Sidoniis,
2600 5354 2831 5415 tametsi
2867 5363 3065 5414 essent
3094 5354 3618 5435 allophyli,prode-

264 5446 303 5499 οἱ
366 5448 631 5530 Σιδώνιοι,
689 5447 973 5527 ἀλλόφυλοι
1066 5448 1233 5523 ὄντες,
1309 5445 1627 5527 ὠφελοῦντο.
1690 5450 1749 5503 Οἱ
1830 5446 1877 5501 δί

1968 5442 2332 5525 raLCognati
2361 5451 2553 5503 autem
2590 5443 2718 5521 ejus
2742 5463 2875 5505 eum
2908 5444 3617 5525 persequebantur.Adeo

307 5590 391 5659 '75
417 5613 565 5673 Cen.
603 5626 764 5681 31.1.1,
802 5609 897 5671 10.

736 5781 1000 5842 Ρλτιιοι..
1045 5780 1158 5840 ω.
1205 5777 1474 5839 CXXIII.

3192 5777 3257 5837 I7
