4144 6212
274 309 394 372 525
1020 310 1465 376 ENARRATIO
1510 312 1593 376 IN
1642 308 2150 377 EVANGELIUM
2198 308 2456 373 MARCI.
2492 346 2568 355 -
2610 311 2772 377 CAP.
2822 317 2929 377 IlI.
3537 312 3659 378 526

273 445 317 497 οἱ
377 441 483 498 ἀπὸ
547 433 925 518 Ἱεροσολύμων
981 441 1329 523 καταϐάντες,
1391 443 1574 523 ἔλεγον
1628 444 1705 500 ἔτι
1758 450 1921 501 Βεελ-

2028 451 2149 504 iant
2180 446 2363 513 enim,
2398 445 2528 504 188
2558 444 2618 505 In
2651 446 2908 507 furorem
2934 464 3144 508 versus
3181 459 3293 510 est.
3330 450 3402 511 Et
3428 450 3657 512 Scriba

268 528 451 601 ζιϐοὺλ
512 530 655 609 ἔχει,
716 532 804 587 καὶ
863 530 943 586 ὅτι
995 532 1084 587 καὶ
1125 530 1179 587 ἐν
1236 535 1312 605 τῴ
1341 530 1561 612 ἄρχοντι
1593 538 1699 588 τῶν
1729 531 1920 605 δαιμο-

2028 532 2107 611 lui
2140 531 2211 591 ab
2237 534 2661 613 “lGI'OSUIyIUlS
2683 536 3140 610 descenderant,
3164 537 3653 602 dicebantzBeel-

258 643 392 675 γνιων
454 617 708 677 ἐκϐάλλει
759 621 826 676 τὰ
867 619 1136 695 δαιμόνια.
1202 642 1226 677 ι
1306 618 1681 699 Ἀκούσαντες,
1741 624 1921 701 φησὶν,

2028 618 2175 708 tebul
2223 622 2419 693 habet,
2443 638 2497 690 et
2525 642 2627 701 per
2670 624 2819 703 prim
2842 625 2885 702 i;
2908 644 2996 685 em
3030 625 3456 688 daemoniorum
3492 629 3657 708 ejicit

274 710 325 765 αἱ
386 706 512 788 παρ’
575 713 757 784 αὐτοῦ,
799 709 1065 769 τουτέστιν
1127 711 1174 767 οἱ
1214 710 1403 766 οἰκεῖοι
1456 714 1634 791 αὐτοῦ,
1684 714 1847 790 τυχὸν
1880 713 1927 767 οἱ

276 800 381 854 ἀπὸ
440 804 541 865 τῆς
600 796 763 865 αὐτῆς
808 798 1172 880 πατρίδος,
1228 800 1317 855 καὶ
1374 801 1420 855 οἱ
1479 798 1691 880 ἀδελφοὶ
1745 804 1925 874 αὐτοῦ,

279 886 492 954 ἐξῆλθον
548 888 806 966 κρατῆσαι
850 889 1029 950 αὐτόν,
1078 878 1317 966 ’Ἔλεγον
1348 889 1470 967 γὰρ,
1517 886 1595 944 ὅτι
1620 878 1627 880 ὴ
1654 886 1871 955 Ἐξὲστη
1908 902 1922 917 ⁸

277 977 575 1050 τουτέστιν,
638 975 718 1033 ὅτι
808 979 1042 1052 Δαίμονα
1115 976 1254 1056 ἔχει.
1320 976 1631 1041 Ἀκούοντες
1680 978 1779 1056 γὰρ
1849 975 1927 1032 ὅτι

280 1064 541 1140 δαιμόνια
614 1064 882 1146 ἐκϐάλλει,
941 1067 1030 1121 καὶ
1096 1065 1280 1130 νόσους
1354 1068 1517 1139 ἰᾶται,
1578 1065 1683 1121 ἀπὸ
1743 1066 1931 1146 φθόνου

283 1155 524 1230 ἐνόμιζον
574 1152 653 1211 ὅτι
712 1154 932 1230 δαίμονα
980 1154 1123 1234 ἔχει,
1175 1156 1263 1211 καὶ
1307 1154 1488 1221 ἓξέσθη
1524 1170 1536 1184 ⁸
1577 1153 1690 1211 ὅθεν
1745 1154 1929 1222 ἤθελον

273 1244 546 1320 κρατῆσαι
610 1245 789 1317 αὐτὸν,
858 1246 930 1308 ὡς
986 1244 1048 1299 ἂν
1090 1242 1426 1319 δεσμήσωσιν
1456 1246 1530 1306 ὡς
1573 1241 1924 1320 δαιμονῶντα,

276 1333 379 1388 Καὶ
436 1335 482 1388 οἱ
535 1333 631 1407 μὲν
690 1333 817 1410 παρ’
876 1332 1054 1405 αὖτοῦ,
1115 1332 1404 1405 τουτέστιν,
1439 1335 1485 1389 οἱ
1526 1334 1713 1389 οἰκεῖοι
1746 1332 1924 1406 αὖτοό,

271 1420 443 1485 οὕτως
479 1439 493 1453 ⁶
542 1422 739 1497 ὁμοίως
794 1420 848 1478 δὲ
904 1423 993 1479 καὶ
1036 1423 1082 1479 οἱ
1157 1421 1262 1478 ἀπὸ
1322 1413 1695 1501 Ἱεροσολύμων
1743 1428 1927 1500 Γραμ-

273 1522 496 1583 ματεϊς,
554 1509 825 1584 δαιμόνιον
882 1509 1029 1590 ἔχειν
1099 1510 1253 1567 αὐτὸν
1311 1510 1519 1589 ἔλεγον,
1581 1507 1800 1578 Ἐπειδὴ
1831 1512 1930 1589 γὰρ

278 1597 581 1677 ἰιντιλέγειο
640 1600 733 1656 οὐκ
777 1599 935 1678 εἶχον
1002 1612 1119 1662 τοῖς
1172 1600 1491 1678 γινομένοις,
1553 1598 1714 1677 ἑτέρῳ
1752 1599 1931 1673 τρόπῳ

274 1685 646 1744 διαϐάλλουσιν
679 1688 826 1761 αὕτὰ,
880 1687 959 1743 ὅτι
991 1688 1095 1744 ἀπὸ
1126 1686 1388 1762 δαιμόνων
1414 1689 1669 1764 γίνονται,

2011 707 2324 771 daemonia.
2362 734 2388 768 ι
2426 713 2573 771 Cum
2604 712 2932 786 audissent,
2980 714 3188 793 inquit,
3236 716 3333 793 qui
3383 716 3454 777 ad
3488 707 3653 779 illum

1978 832 1981 833 ν
2011 797 2358 886 attinebant,
2394 800 2505 859 hoc
2540 810 2629 862 est
2661 802 2981 861 necessarii
3013 804 3164 881 ejus,
3190 803 3336 864 forte
3359 806 3458 885 qui
3490 807 3655 886 ejus-

2012 885 2148 946 dem
2183 896 2349 947 erant
2372 889 2692 967 patriaa,vcl
2712 890 2885 950 etiam
2911 890 3120 951 fratres
3141 885 3576 970 ejus,cxierunt
3594 904 3658 957 ut

2014 977 2591 1053 comprehenderent
2630 996 2786 1039 eum.
2832 978 3118 1039 Dicebant
3162 981 3345 1053 enim,
3396 985 3533 1062 quia
3590 987 3656 1047 In

2014 1064 2273 1127 furorem
2309 1085 2509 1127 versus
2542 1068 2775 1146 est,hoc
2800 1072 3259 1148 est,l)acmonem
3294 1073 3492 1136 habet.
3529 1078 3655 1136 Au-

2014 1152 2243 1215 dientes
2276 1156 2432 1215 enim
2467 1158 2620 1236 quod
2670 1158 2960 1218 daemonia
3010 1159 3275 1237 ejiceret,
3313 1171 3371 1221 et
3422 1162 3662 1223 morbos

2014 1252 2399 1323 sanaret,prae
2433 1246 2519 1305 inx
2542 1246 2657 1305 idin
2691 1247 3085 1326 Opinabantur
3116 1251 3270 1328 quod
3299 1251 3659 1312 dannonium

2013 1330 2261 1393 haberet
2282 1345 2337 1393 et
2370 1334 2625 1393 furiosus
2657 1347 2846 1396 esset:
2884 1336 3043 1396 unde
3074 1337 3355 1399 volebant
3385 1359 3663 1420 compre-

2010 1421 2276 1482 hendere
2308 1423 2570 1499 illum,ut
2603 1444 2738 1485 eum
2772 1434 3045 1505 tanquam
3072 1426 3502 1489 daamoniacum
3526 1429 3664 1507 liga-

2012 1512 2250 1571 rent.Et
2279 1512 2599 1573 familiares
2631 1517 2757 1590 ejus
2789 1514 2872 1575 sic
2914 1514 3150 1593 quidam
3185 1517 3458 1597 agebant,
3494 1518 3664 1577 simi-

2013 1597 2149 1659 liter
2178 1608 2373 1659 autem
2408 1610 2464 1660 et
2496 1601 2715 1662 Scrisz
2747 1602 3062 1682 faciebant,
3090 1605 3188 1682 qui
3219 1604 3290 1664 ab
3322 1606 3664 1686 Hierosoly-

2015 1687 2127 1748 mis
2150 1687 2985 1769 descenderantﬁwmonium
3020 1694 3214 1771 ipsum
3244 1694 3467 1755 habere
3485 1695 3661 1756 dicen

280 1783 397 1837 tes.
432 1776 577 1839 Cum
612 1776 771 1838 enim
824 1794 941 1837 non
993 1793 1233 1857 possent
1284 1775 1695 1839 contradicere
1740 1776 1835 1839 his
1900 1794 2034 1858 quae
2082 1777 2321 1851 ﬁebant,
2368 1780 2484 1840 alio
2524 1780 2697 1840 modo
2730 1780 3050 1859 arguebant
3083 1799 3174 1857 ea,
3211 1801 3425 1864 nempe
3455 1782 3609 1864 quod
3640 1802 3673 1844 a

280 1864 595 1928 daemoniis
618 1867 854 1929 ﬁerent.

371 1980 394 2010 ιι
434 1959 530 2013 Καὶ
604 1954 1102 2035 προσκαλεσᾶμενος
1173 1956 1384 2032 αὐτοὺς,
1458 1958 1514 2014 ἒν
1592 1955 1926 2037 παραϐολαῖς
1951 1967 1989 2017 Β

278 2043 462 2122 ἔλεγεν
494 2046 676 2111 αὖτοτς
710 2064 724 2079 ⁸
760 2051 881 2109 Πῶς
925 2044 1134 2102 δύναται
1170 2053 1409 2111 Σατανᾶς
1458 2053 1696 2103 Σατανᾶν
1739 2044 1933 2102 ἐκϐάλ-

278 2133 442 2209 λεινς
506 2136 604 2192 Καὶ
681 2135 770 2191 ἐὰν
829 2134 1069 2211 βασιλεία
1140 2133 1222 2211 ἐφ’
1298 2136 1491 2204 ἑαυτὴν
1561 2139 1808 2215 μερισθῇ,
1878 2140 1936 2194 οῦ

277 2222 497 2280 δύναται
556 2227 808 2291 σταθῆναι
864 2226 899 2292 ἡ
958 2223 1199 2301 βασιλεία
1255 2225 1453 2291 ἐκείνη.
1512 2227 1606 2283 Καὶ
1665 2223 1755 2280 ἰὰν
1798 2226 1935 2281 οἰκία

281 2313 368 2393 ἐφ’
433 2314 624 2381 ἑαυτὴν
682 2316 925 2392 μερισθῇ,
987 2315 1047 2370 οὒ
1101 2310 1311 2370 δύναται
1387 2316 1641 2381 σταθῆναι
1699 2316 1734 2382 ἡ
1797 2315 1933 2370 οἰγία

278 2405 488 2469 ὶκείνη.
554 2405 652 2461 Καὶ
695 2404 738 2459 εί
795 2405 822 2459 ὃ
894 2409 1131 2467 Σατανᾶς
1190 2402 1382 2471 ἆνέστη
1446 2402 1527 2481 ἐφ’
1580 2404 1789 2477 ἑαυτὸν,
1848 2404 1936 2460 καὶ

285 2492 625 2571 μεμέρισται,
692 2496 752 2551 οῦ
825 2491 1036 2549 δύναται
1092 2497 1370 2573 σταθῆναι,
1430 2491 1566 2549 ἀλλὰ
1607 2494 1760 2558 τέλος
1792 2493 1933 2573 ἔχει.

288 2580 470 2645 Οὐδεὶς
533 2580 742 2639 δύναται
791 2582 858 2637 τᾶι
921 2582 1083 2648 σκεύη
1137 2588 1230 2638 τοῦ
1284 2583 1505 2663 ἰσχυροῦ
1564 2580 1810 2639 εἰσελθὼν
1865 2583 1937 2645 εἷς

286 2670 390 2738 τὴν
448 2671 618 2726 οἰκίαν
702 2673 859 2729 αὐτοῦ
912 2668 1216 2749 διαρπάσαι,
1276 2670 1366 2725 ἐὰν
1448 2671 1525 2743 μή
1585 2675 1793 2746 πρῶτον
1849 2671 1941 2725 τὸν

285 2761 507 2839 ἰσχυρὸν
553 2757 716 2839 δήσῃ,
761 2762 850 2816 καὶ
897 2760 1017 2816 τότε
1047 2760 1147 2825 τὴν
1177 2761 1342 2815 οἱκιαν
1372 2760 1528 2817 αὺτοῦ
1570 2757 1871 2837 διαρπάσει,
1911 2782 1937 2813 ι

285 2849 431 2905 Ἀπὸ
513 2847 954 2927 παραδειγμάτων
1019 2846 1408 2925 ἆναντιῤῥήτων
1494 2846 1770 2927 ἀνατρέπει
1822 2850 1944 2911 τοὺς

294 2940 589 3015 βασκάνους
673 2936 975 2999 Ἰουδαίους.
1063 2943 1184 2999 Πῶς
1283 2938 1410 3015 γὰρ,
1502 2940 1652 3017 φησὶ,
1729 2935 1944 2993 δυνατὸν

295 3026 517 3103 δαίμονα
586 3026 833 3103 δαίμονας
906 3023 1233 3099 ἐκϐάλλειν;
1315 3025 1495 3105 ὥσπερ
1566 3028 1654 3083 καὶ
1711 3026 1765 3081 ἰν
1822 3039 1943 3088 ταῖς

291 3118 478 3180 οἰκίαις
525 3118 754 3196 ορῶμεν,
802 3115 902 3179 ἕως
944 3116 1042 3191 μὲν
1102 3116 1449 3194 εἰρηνεύουσιν
1507 3117 1554 3170 οἱ
1593 3118 1646 3170 εν
1702 3116 1941 3190 ταύταις,

290 3206 622 3265 συνίστανται
651 3223 665 3236 ’
735 3205 819 3263 ἔπ’
899 3204 961 3260 ἂν
1042 3202 1094 3259 δὲ
1181 3208 1492 3283 μερισθῶσι,
1568 3203 1940 3263 καταλύονται.

296 3302 417 3358 Πῶς
470 3293 548 3370 δὲ,
607 3296 760 3374 φησὶ,
815 3293 1023 3350 δύναταί
1080 3315 1164 3357 τις
1237 3295 1301 3348 τὰ
1358 3293 1521 3359 σκεύη
1580 3300 1672 3349 τοῦ
1728 3295 1948 3385 ξσχυροῦ

296 3372 632 3463 διαρπάσαι,
661 3384 750 3439 ἑὰν
808 3384 886 3458 μὴ
944 3383 1195 3461 πρότερον
1252 3382 1407 3438 αὺτὸν
1463 3379 1657 3459 δήσῃ;
1704 3372 1819 3441 νο
1892 3381 1946 3439 δὲ

298 3473 466 3551 λέγει,
526 3473 761 3529 τοιοῦτόν
819 3472 956 3529 ἐστιν
993 3491 1005 3505 ⁸
1056 3472 1320 3551 Ἰσχυρὸς,
1370 3474 1397 3528 ὁ
1439 3470 1659 3549 δαίμων’
1696 3473 1861 3539 σκευῆ
1893 3470 1948 3528 δὲ

302 3567 484 3637 αὐτοῦ,
538 3563 584 3618 οἱ
635 3561 895 3639 ἅνθρωποι
973 3562 1018 3616 οἱ
1080 3571 1381 3640 χωροῦντες
1451 3561 1629 3625 αὐτόν.
1680 3561 1804 3619 Ἐὰν
1861 3561 1947 3618 οὖν

303 3654 383 3729 μὴ
438 3653 691 3731 πρότερον
741 3650 879 3729 δήσῃ
936 3672 1018 3715 τις
1076 3652 1167 3706 τὸν
1221 3648 1465 3732 δαίμονα,
1523 3653 1612 3709 καὶ
1652 3650 1949 3729 καταλύσῃ,

298 3749 416 3807 πῶς
471 3742 537 3798 τὰ
592 3741 754 3808 σκευὴ
807 3744 987 3811 αὐτοῦ,
1032 3741 1153 3805 τοὺς
1197 3739 1555 3816 δαιμονῶντας
1591 3740 1755 3820 λέγω,
1798 3739 1949 3816 διαρ-

294 3835 454 3889 πάσει
513 3832 565 3897 ἐξ
619 3830 777 3888 αὐτοῦ
808 3853 823 3907 ς
875 3820 1052 3888 υΩστε
1113 3830 1227 3888 ἐπεὶ
1257 3828 1366 3909 ἐγὼ
1393 3829 1663 3911 διαρπάζω
1693 3832 1756 3886 τὰ
1786 3830 1948 3896 σκεύη

296 3925 478 3994 αὺτοῦ,
565 3919 864 3993 τουτέστιν,
944 3918 1228 3999 ἐλευθερῶν
1282 3920 1404 3983 τοὺς
1474 3920 1774 3998 ἀνθρώπους
1844 3919 1950 3975 ἀπὸ

299 4017 395 4067 τοῦ
450 4008 761 4084 δαιμονικοῦ
815 4009 1035 4083 πάθους,
1094 4009 1348 4087 πρότερον
1411 4007 1600 4065 λοιπὸν
1657 4006 1818 4074 ἔδησα
1875 4015 1962 4069 καὶ

300 4098 565 4156 κατέλυσα
632 4098 752 4161 τοὺς
842 4096 1114 4174 δαίμονας,
1198 4100 1285 4154 καὶ
1368 4099 1559 4178 ὶχθρὸς
1602 4098 1773 4154 αὐτῶν
1829 4098 1962 4179 εἶμι.

308 4189 431 4253 Πῶς
477 4187 565 4245 οὖν
594 4189 749 4263 ὑμεῖς
781 4185 961 4266 λέγετε
1008 4186 1088 4245 ὅτι
1153 4184 1469 4259 Βεελζεϐοὺλ
1510 4186 1649 4267 ἔχω,
1696 4186 1963 4271 τουτέστι,

306 4277 575 4354 δαιμόνων
603 4274 750 4356 φίλος
793 4276 868 4333 ὢν
902 4277 990 4333 καὶ
1020 4276 1215 4355 μάγος,
1263 4274 1509 4333 ἆκϐάλλω
1537 4277 1655 4341 τοὺς
1687 4274 1963 4351 δαίμονας;

397 4480 421 4513 ι
457 4456 633 4532 Ἀμὴν
660 4454 802 4534 λέγω
845 4456 972 4531 ὑμῖν
1003 4453 1084 4512 ὅτι
1113 4455 1285 4512 πάντα
1332 4453 1650 4535 ἀφεθήσεται
1680 4455 1746 4510 τὰ
1787 4454 1961 4534 ἀμαρ-

305 4547 525 4622 τήμαια
551 4558 665 4610 τοῖς
694 4546 829 4610 υἱοῖς
906 4549 1011 4602 τῶν
1091 4543 1399 4625 ἀνθρώπων,
1474 4545 1560 4601 καὶ
1632 4542 1962 4623 βλασφημίαι

305 4636 439 4699 ὅσας
486 4633 549 4690 ἂν
605 4633 1088 4713 βλασφημήσωσιν.

2096 1960 2275 2018 \‘Ens.
2309 1958 2570 2019 “23—27.:
2594 1960 2666 2020 Et
2693 1958 2765 2020 ad
2794 1977 2857 2019 se
2887 1959 3103 2020 vocatis
3140 1960 3273 2033 illis,
3311 1980 3372 2019 in
3408 1960 3667 2040 parabo-

2018 2047 2092 2109 lis
2137 2046 2370 2107 dicebat
2413 2047 2530 2107 illis
2565 2065 2581 2107 :
2612 2047 2919 2119 Quomodo
2972 2057 3159 2127 potest
3208 2051 3455 2110 Satanas
3491 2051 3664 2111 Sata-

2019 2155 2154 2197 nam
2205 2136 2473 2214 ejicere?
2526 2135 2593 2195 Et
2638 2137 2687 2195 si
2734 2132 2981 2213 regnum
3033 2138 3318 2198 adversus
3345 2155 3477 2198 sese
3512 2137 3671 2197 divi-

2018 2244 2147 2286 sum
2175 2225 2495 2300 fuerit,non
2522 2235 2716 2305 potest
2746 2234 2900 2285 stare
2928 2244 3174 2303 regnum
3210 2226 3381 2301 illud;
3413 2235 3468 2286 et
3500 2226 3547 2286 si
3573 2227 3675 2287 do-

2019 2332 2152 2374 mus
2182 2321 2387 2373 contra
2405 2314 2656 2393 seipsam
2684 2315 2867 2375 divisa
2896 2316 3092 2387 fuerit,
3115 2333 3232 2374 non
3282 2323 3481 2394 potest
3515 2324 3671 2376 stare

2020 2402 2233 2463 domus
2268 2401 2409 2475 illa;
2459 2412 2516 2463 et
2558 2402 2606 2462 si
2656 2401 2899 2464 Satanas
2946 2404 3337 2465 insurrexerit
3389 2404 3675 2465 adversus

2022 2491 2434 2570 semetipsum,
2460 2510 2528 2551 ac
2559 2491 2785 2551 divisus
2817 2500 2925 2565 est,
2958 2510 3075 2551 non
3128 2500 3324 2570 potest
3354 2502 3532 2573 stare,
3565 2493 3672 2554 sed

2023 2579 2196 2641 habet
2224 2581 2428 2641 linem.
2464 2582 2594 2641 Non
2628 2589 2817 2659 potest
2840 2581 3149 2659 quisquam
3185 2598 3319 2641 vasa
3342 2581 3530 2656 Γοτιιε,
3566 2581 3664 2641 in-

2023 2686 2263 2747 gressus
2293 2670 2350 2728 in
2398 2669 2638 2729 domum
2676 2668 2853 2741 illius,
2908 2668 3195 2746 diripere,
3226 2668 3340 2729 nisi
3367 2669 3530 2747 prius
3552 2668 3674 2729 for-

2027 2764 2144 2817 tem
2180 2756 2455 2835 alligarit,
2490 2765 2547 2818 et
2579 2766 2713 2816 tunc
2748 2759 2985 2817 domum
3019 2757 3177 2817 illius
3205 2757 3469 2836 diripiet.
3505 2784 3522 2812 ι
3562 2756 3678 2818 Ex-

2029 2846 2245 2924 emplis
2277 2845 2491 2925 quibus
2524 2845 2849 2906 contradici
2880 2865 2995 2905 non
3029 2855 3281 2926 poterat,
3319 2846 3677 2908 vincitinvi-

2028 2934 2682 3007 dosJudaeosQomodo
2717 2935 3413 3017 enim,inquit,possibile
3445 2946 3533 2999 est
3559 2938 3677 2998 dae-

2029 3043 2269 3084 monem
2306 3025 2607 3085 daemones
2638 3026 2890 3104 ejicere?
2923 3026 3076 3086 sicut
3108 3028 3165 3087 in
3199 3026 3475 3089 domibus
3507 3027 3673 3088 vide-

2030 3114 2451 3192 mus,quandiu
2486 3114 2715 3193 paciﬁci
2746 3117 2888 3187 sint,
2940 3114 3093 3175 bene
3146 3116 3362 3177 habent
3396 3117 3455 3177 hi
3486 3116 3587 3197 qui
3621 3117 3683 3177 in

2029 3202 2149 3264 illis
2179 3202 2609 3282 suntzquando
2643 3212 2838 3264 autem
2873 3205 3041 3264 divisi
3080 3204 3325 3279 fuerint,
3362 3206 3683 3267 destruun-

2028 3298 2141 3352 tur.
2176 3292 2483 3363 Quomodo
2511 3301 2731 3372 autem,
2781 3292 2971 3371 inquit
3023 3301 3222 3373 potest
3252 3294 3383 3374 quis
3424 3295 3686 3374 diripere

2029 3398 2165 3441 vasa
2219 3379 2409 3453 fortis,
2466 3379 2580 3440 nisi
2640 3383 2799 3460 prius
2847 3382 3010 3441 illum
3063 3381 3344 3445 vinxerit?
3392 3382 3684 3446 Caeterum

2032 3471 2189 3549 quod
2225 3469 2391 3542 dicit,
2427 3470 2538 3529 hoc
2567 3469 2682 3528 sibi
2705 3471 2858 3529 vult:
2901 3470 3095 3531 Fortis
3126 3482 3215 3532 est
3243 3471 3505 3532 dmmon:
3543 3492 3684 3534 vasa

2032 3565 2228 3616 autem
2262 3560 2411 3633 ejus,
2448 3556 2718 3631 homines
2751 3567 2885 3617 sunt
2925 3558 3019 3636 qui
3077 3559 3149 3617 ab
3203 3558 3305 3619 illo
3378 3569 3680 3623 tenentur.

2038 3647 2243 3725 Itaque
2275 3645 2383 3705 nisi
2412 3645 2541 3724 quis
2570 3644 2733 3724 prius
2750 3645 2946 3723 alliget
2970 3646 3299 3706 dremonem
3322 3648 3684 3723 etdestruat,

2035 3734 2333 3814 quomodo
2357 3752 2494 3793 vasa
2520 3734 2645 3812 ejus
2676 3734 2747 3793 ab
2783 3753 2851 3793 eo
2886 3734 3142 3794 auferet?
3168 3735 3688 3815 daamoniacosﬁn-

2035 3841 2234 3903 quam.
2272 3821 2524 3882 Proinde
2560 3824 2696 3901 quia
2728 3841 2833 3900 ego
2867 3841 3000 3883 vasa
3034 3823 3164 3900 ejus
3198 3824 3440 3917 diripio,
3476 3826 3587 3885 hoc
3604 3834 3692 3886 est

2032 3912 2225 3976 libero
2263 3912 2536 3971 homines
2564 3912 2636 3972 ab
2669 3912 2983 3973 affectione
3010 3912 3398 3987 daemoniaca,
3422 3912 3690 3975 consen-

2044 4008 2284 4062 taneum
2339 4008 2426 4060 est
2458 4002 2615 4079 quod
2656 4002 2908 4079 primum
2942 4000 3242 4079 ligaVerim
3272 4012 3336 4065 et
3370 4002 3690 4065 destruxe-

2044 4092 2156 4151 rim
2188 4091 2513 4163 daemones,
2548 4098 2604 4149 et
2635 4090 2913 4151 inimicus
2946 4091 3177 4151 illorum
3211 4091 3348 4155 sim.
3382 4091 3692 4164 Quomodo

2045 4178 2225 4258 igitur
2252 4198 2350 4239 vos
2381 4179 2580 4241 dicitis
2603 4180 2757 4259 quod
2788 4179 3099 4241 Bealzebul
3133 4180 3406 4257 habeam,
3444 4182 3556 4243 hoc
3578 4190 3690 4253 est,

2049 4287 2185 4329 cum
2210 4269 2435 4329 amicus
2464 4269 2575 4329 sim
2605 4269 2937 4330 daemonum
2974 4276 3031 4328 et
3062 4287 3291 4351 magus,
3324 4271 3557 4351 ejiciam
3580 4270 3696 4331 dae-

2050 4358 2291 4419 mones?

2132 4447 2770 4511 VERS.98-30.aAmen
2795 4448 2925 4509 dico
2957 4450 3350 4525 vobis,omnia
3381 4451 3693 4511 remitten-

2049 4546 2139 4599 tur
2159 4536 2297 4596 filiis
2315 4537 2619 4597 hominum
2636 4544 2878 4616 peccata
2896 4548 2954 4599 et
2969 4539 3223 4599 convitia
3245 4539 3694 4619 quibuscunque

1182 4629 1296 4698 ’Ὃς
1354 4624 1397 4690 δ’
1474 4633 1535 4691 ἂν
1592 4632 1941 4714 βλασφημήσῃ

2047 4624 2346 4688 convitiati
2374 4626 2703 4687 fuerintzat
2726 4627 2827 4705 qui
2860 4629 3181 4688 convitium
3205 4630 3418 4689 dixerit
3464 4630 3523 4689 in
3554 4628 3692 4707 Spi-

306 4727 382 4789 ιίς
437 4726 499 4781 τὸ
570 4731 783 4800 Πνεῦμα
834 4725 892 4781 τὸ
960 4723 1135 4805 ἅγιον,
1188 4728 1292 4805 οὐχ
1361 4724 1480 4805 ἔχει
1553 4723 1736 4803 ἄφεσιν
1770 4725 1841 4786 εἰς
1872 4725 1941 4779 τὸ·

2046 4717 2223 4777 ritum
2240 4726 2659 4789 sanctum,non
2682 4717 2856 4778 habet
2876 4718 3290 4778 remissionem
3306 4719 3364 4779 in
3382 4727 3693 4797 aeternum,

306 4817 497 4893 αἰῶνα,
555 4811 676 4870 ἄλλ’
738 4812 926 4893 ἔνοχός
972 4813 1113 4870 ἐστιν
1172 4815 1381 4871 αἰωνίου
1423 4814 1662 4893 κρίσεως·
1709 4811 1790 4868 ὅτι
1842 4810 1941 4867 ἕλε·

2045 4806 2150 4867 sed
2185 4805 2473 4866 obnoxius
2525 4816 2614 4867 est
2644 4814 2863 4866 aeterno
2912 4806 3138 4886 judicio
3179 4828 3191 4866 :
3230 4808 3367 4888 quia
3396 4806 3697 4887 dicebant,
3729 4849 3732 4853 ι

311 4928 408 4983 γον
467 4910 703 4980 Πνεῦμα,
762 4902 1051 4983 ἀκάθαρτον
1097 4903 1237 4984 ἔχει.
1296 4926 1320 4963 ι
1385 4903 1630 4961 Τοιοῦτόν
1690 4902 1739 4959 τί
1805 4924 1941 4983 umor

2047 4894 2345 4984 Spiritum;
2369 4894 2742 4955 immundum
2770 4894 2970 4958 habet.
2990 4896 3165 4958 oTale
3180 4896 3463 4974 quiddam
3491 4896 3699 4956 hoclo-

316 4982 535 5050 ἱνταῦθα
572 5011 587 5028 ⁸
652 4983 807 5049 ’Ὅσα
839 4982 940 5068 μὲν
966 4992 1100 5049 ἄλλα
1128 4982 1538 5073 -ἆμαρτάνουσιν
1586 4994 1633 5048 οἱ
1677 4991 1935 5071 ἄνθρωποι

2052 5002 2119 5046 ου
2144 4982 2695 5064 dicitzQuaccunque
2725 4984 2838 5045 alia
2872 4988 3243 5065 peccaverint
3266 4985 3559 5058 homines,
3588 4986 3699 5047 ha-

318 5086 485 5165 τυχόν
541 5084 722 5165 ἔχοιεν
779 5082 841 5140 ἂν
891 5086 980 5141 καὶ
1022 5087 1438 5167 προφασίσασθαι
1481 5107 1555 5159 τι,
1601 5087 1689 5141 καὶ
1725 5084 1941 5162 συγγνώη

2056 5073 2193 5135 bent
2222 5073 2373 5134 forte
2391 5074 2544 5152 quod
2564 5080 2885 5153 pmtexant
2908 5084 2966 5137 et
2982 5075 3210 5136 veniam
3238 5084 3699 5157 consequantur,

489 5152 704 5254 tofm,
776 5183 869 5233 τοῦ
924 5152 1075 5231 Θεοῦ.
1111 5152 1177 5251 τῇ
1228 5182 1335 5232 τῶν
1392 5174 1680 5253 ἀνθρώπων
1741 5152 1938 5229 ἀσθενεί

2062 5165 2180 5224 Deo
2199 5164 2253 5223 id
2272 5164 2661 5254 contdonaiite
2690 5166 2957 5224 humana:
2979 5165 3327 5227 inﬁrmitati:
3358 5176 3418 5226 ut
3438 5152 3704 5246 exempli

323 5262 852 5344 συγκαταϐαίνοντος,
923 5268 1040 5321 οἷον
1075 5285 1090 5301 ο
1152 5263 1335 5344 ἔλεγον
1411 5266 1501 5320 τὸν
1551 5264 1736 5340 Κύριον
1806 5264 1941 5342 φάγο

2058 5240 2574 5332 gratia,'dicebant
2608 5254 2744 5344 l8!)
2774 5255 3073 5316 Christum
3103 5256 3440 5315 helluonem
3456 5240 3700 5315 etbibo-

321 5341 409 5411 xui
502 5341 847 5430 οἰνοπότην(
892 5353 1042 5433 φίλον
1126 5341 1371 5411 τελωνῶν
1441 5354 1529 5410 καὶ
1613 5341 1941 5431 ἁμαρτωλῶν

2060 5361 2221 5415 nem,
2246 5344 2497 5403 amicum
2526 5341 2971 5422 publicanorum
3004 5354 3061 5405 et
3097 5344 3569 5425 peccatorumﬁn
3604 5344 3704 5404 illo

321 5444 645 5519 συγγνώμης
700 5432 1087 5510 ἀξιωθήσονται
1144 5440 1229 5499 ἐπὶ
1285 5443 1455 5515 τούτῳ
1486 5460 1501 5472 ⁸
1566 5440 1692 5496 ὅταν
1748 5438 1803 5495 δὲ
1845 5438 1940 5517 βλέ

2028 5432 2286 5494 -veniam
2324 5440 2751 5510 assequantur:
2788 5434 3022 5511 quando
3054 5442 3247 5493 autem
3286 5434 3553 5495 videntes
3572 5452 3705 5494 eum

320 5551 515 5595 ποντις
558 5530 717 5587 αὑτὸν
742 5529 984 5606 θαύματα
1043 5530 1240 5597 ἰξαίσια
1292 5530 1670 5610 ὶργαζόμινὸν,
1729 5528 1941 5609 βλασφη

2062 5521 2293 5601 operari
2326 5521 2610 5582 miracula
2643 5522 2997 5596 indubitata,
3032 5522 3508 5602 blaSphemarint
3558 5520 3705 5602 'Spi-

323 5627 465 5700 μῶσι
524 5621 585 5676 τὸ
631 5625 866 5695 Πνεῦμα,
899 5620 1163 5695 τουτέστι,
1212 5621 1309 5685 τὰς
1352 5617 1435 5676 διὰ
1476 5622 1569 5677 τοῦ
1612 5619 1762 5699 ἁγίου
1806 5620 1941 5674 Πνιύ

2060 5610 2265 5689 ritum,
2300 5610 2412 5672 hoc
2443 5620 2533 5671 est
2564 5612 2713 5671 mira
2744 5629 2925 5691 opera
2957 5631 3064 5693 per
3096 5612 3379 5694 Spiritum
3436 5621 3708 5675 sanctum
