4144 6212
440 318 548 384 531
1445 324 2039 388 THEOPHYLACTI
2082 311 2484 386 BULGAHLE
2528 322 2884 386 ARCHIEP.
3714 321 3836 386 532

438 454 576 517 facit
604 474 815 518 omnes
846 456 1096 518 videre?
1123 456 1371 519 audi.Ut
1405 458 1811 531 videntes,boc
1842 467 1931 520 est
1961 458 2091 521 Dei:

2189 458 2309 519 θεὸς
2367 456 2568 522 πάντας
2612 456 2830 523 ἐποίησε
2879 456 3089 534 βλέπειν
3150 459 3209 513 τὸ
3269 455 3434 537 δέον;
3482 456 3663 516 ἄκουε.
3712 448 3845 515 “Iv!

442 564 562 606 non
587 545 850 614 videant.
882 546 1039 607 istud
1074 554 1163 607 est
1188 545 1427 607 malitiae
1457 547 1717 607 illorum.
1755 547 1913 609 Deus
1940 548 2098 609 enim

2189 544 2467 620 βλέποντες
2502 565 2514 579 '
2564 553 2719 603 τοῦτο
2747 545 2841 603 τοῧ
2898 554 3029 603 Θεοῦ
3062 563 3076 576 ⁸
3129 549 3206 622 μὴ
3239 545 3499 622 βλέπωσι,
3545 554 3698 602 τοῦτο
3740 551 3847 612 τῆς

448 633 721 695 formavit
747 653 849 695 eos
880 635 1290 715 videntes,hoc
1312 646 1399 697 est
1418 635 1640 698 bonum
1672 637 2096 715 intelligentes:

2189 636 2370 698 κακίας
2425 639 2618 698 αὐτῶν,
2683 627 2739 692 Ὀ
2784 635 2880 709 μὲν
2950 637 3049 714 γὰρ
3122 638 3250 698 Θεὸς
3299 633 3594 711 βλέποντας
3654 634 3846 697 αὖτοὺς

446 722 558 802 ipsi
590 730 785 783 autem
822 742 939 783 non
978 722 1205 797 vident,
1232 741 1335 784 sua
1369 733 1581 804 sponte
1604 725 2100 787 oculosclauden‘

444 818 556 892 tes,
592 830 665 872 ne
712 820 1135 873 convertantur
1187 827 1243 874 et
1304 814 1719 887 emendentur,
1754 814 1921 894 quasi
1977 832 2100 875 suae

446 900 710 982 ipsorum
746 901 922 961 saluti
976 910 1032 962 et
1084 901 1482 964 emendationi
1538 903 1866 967 invideant.
1904 907 2099 965 l‘otest

449 989 623 1051 etiam
660 999 714 1051 et
739 990 1136 1067 sicintelligi:
1174 990 1318 1051 Aliis
1354 990 1411 1051 in
1442 991 1737 1069 parabolis
1772 994 1999 1072 loquor,
2038 999 2100 1054 ut

444 1078 713 1141 videntes
744 1099 859 1139 non
896 1080 1153 1153 videant,
1191 1080 1577 1140 etaudientes
1604 1099 1716 1141 non
1744 1080 2093 1162 intelligant,

446 1168 763 1248 nequando
793 1187 861 1228 ex
889 1168 998 1229 hoc
1025 1176 1443 1229 convertantur
1474 1177 1529 1230 et
1560 1169 1974 1233 emendentur.
2049 1225 2053 1228 .

528 1434 954 1499 Vens.13-20.
1002 1458 1021 1489 «
1057 1434 1123 1495 Et
1153 1435 1234 1495 ait
1266 1436 1380 1497 illis
1416 1456 1428 1495 :
1461 1436 1716 1499 Nescitis
1763 1437 2098 1517 parabolam

450 1528 638 1589 hanc?
669 1534 725 1587 et
754 1525 1051 1606 quomodo
1086 1543 1294 1585 omnes
1335 1525 1642 1604 parabolas
1690 1525 2101 1606 cognosci-tis?

450 1615 786 1679 Seminator
816 1615 916 1675 ille
950 1632 1284 1674 sermonem
1320 1616 1595 1677 seminat.
1642 1616 1743 1677 lsti
1796 1634 1933 1677 vero
1967 1623 2103 1677 sunt

448 1706 547 1787 qui
570 1706 737 1784 juxta
765 1704 918 1765 viam
958 1703 1259 1772 dicuntur,
1297 1702 1393 1763 ubi
1428 1706 1753 1765 seminatur
1786 1724 2007 1783 sermo,
2046 1713 2104 1767 et

2183 721 2402 796 ἔπλασε,
2466 725 2728 802 τουτέστι,
2793 730 3041 788 νοοῦντας
3116 726 3176 779 τὸ
3233 722 3421 803 καλὸν,
3485 726 3628 782 αὐτοὶ
3685 721 3739 779 δὲ
3781 724 3847 779 οὗ

2179 810 2486 891 βλέπουσιν,
2560 812 2808 877 ἑκουσίως
2885 812 3240 888 καμμύονῖες,
3301 810 3394 867 ἵνα
3449 813 3525 887 μὴ
3586 813 3841 890 ἐπιστρα-

2181 906 2316 979 φῶσι
2403 902 2491 956 καὶ
2567 899 2912 979 διορθωθῶσιν
2949 922 2963 937 ο
3042 902 3268 978 ὡσπερεὶ
3337 902 3437 980 γὰρ
3514 908 3580 978 τῇ
3634 901 3838 957 ἑαυτῶν

2183 990 2417 1068 σωτηρίᾳ
2457 991 2544 1045 καὶ
2599 989 2877 1066 βελτιώσει
2936 992 3231 1068 ιρθονοῧσιν.
3269 980 3435 1047 ’Ἐστι
3481 988 3534 1045 δὲ
3566 992 3667 1046 καὶ
3697 989 3836 1046 θ’ὶτω

2182 1078 2391 1151 νοῆσαι,
2442 1076 2548 1157 ὅτι,
2608 1088 2735 1141 Τοῖς
2794 1078 3008 1142 λοιποῖς
3060 1079 3113 1135 ἐν
3164 1078 3499 1158 παραϐολαῖς
3543 1078 3708 1157 λέγω,
3741 1080 3835 1136 '-.'vu

2182 1165 2466 1241 βλέποντες
2529 1168 2607 1242 μὴ
2660 1167 2921 1248 βλέπωσι,
2985 1170 3071 1225 καὶ
3129 1168 3404 1232 ἀκούοντες
3451 1170 3528 1244 μὴ
3588 1176 3828 1241 συνιῶσι,

2184 1256 2395 1330 μήποτε
2450 1254 2546 1313 κᾶν
2633 1255 2691 1312 ἐκ
2760 1257 2944 1314 τούτου
3013 1257 3373 1337 ἒπιστρέψωσι
3458 1260 3544 1314 καὶ
3613 1257 3835 1337 διορθω-

2183 1347 2366 1406 θῶσιν.

2266 1454 2296 1488 ι
2334 1434 2429 1490 Καὶ
2480 1432 2622 1512 λέγει
2679 1438 2859 1497 αὐτοῖς
2888 1450 2904 1466 ⁸
2966 1438 3074 1492 Οὔκ
3130 1432 3308 1491 οἴδατε
3370 1434 3469 1501 τὴν
3524 1431 3833 1513 παραϐολήν

2183 1523 2430 1603 ταύτην;
2475 1524 2564 1579 καὶ
2606 1530 2721 1587 πῶς
2767 1524 2941 1587 πάσας
3006 1524 3100 1587 τὰς
3157 1522 3457 1603 παραϐολὰς
3521 1524 3827 1602 γνώσεσθε,

2187 1601 2257 1682 (Ο,
2289 1611 2535 1688 σπείρων,
2569 1614 2659 1669 τὸν
2689 1611 2845 1691 λόγον
2891 1613 3117 1693 σπείρει.
3168 1601 3320 1670 Οὗτοι
3375 1612 3429 1669 δέ
3474 1601 3663 1687 εἶσικοὶ
3694 1613 3834 1691 παρα

2183 1700 2282 1767 τὴν
2326 1698 2443 1756 ὁδόν
2479 1716 2493 1731 ⁸
2543 1699 2676 1758 ὅπου
2721 1702 2987 1780 σπείρεται
3046 1703 3073 1757 ὀ
3126 1700 3310 1776 λόγος,
3371 1704 3459 1759 καὶ
3518 1700 3641 1758 ὅταν
3671 1701 3830 1757 ἀκού-

448 1813 582 1856 cum
615 1793 935 1865 audierint,
973 1792 1282 1853 confestim
1328 1794 1486 1853 venit
1528 1796 1792 1867 Satanas,
1828 1805 1883 1854 et
1914 1796 2101 1856 aufert

2189 1810 2372 1867 σωσιν,
2425 1789 2613 1853 εὐθέως
2672 1792 2887 1871 ἔρχεται
2966 1793 2993 1846 ὁ
3053 1798 3311 1864 Σατανᾶς,
3385 1794 3472 1848 καὶ
3543 1789 3684 1869 αἴρει
3742 1791 3831 1847 τόν

448 1901 786 1945 sermonem
823 1881 921 1961 qui
955 1881 1280 1941 seminatus
1315 1892 1402 1941 est
1451 1882 1509 1942 in
1554 1882 1835 1943 cordibus
1869 1901 2095 1946 eorum.

445 1970 633 2035 Etalii
655 1978 791 2031 sunt
811 1970 1087 2031 similiter
1108 1969 1281 2049 quiin
1304 1979 1533 2048 petrosa
1557 1990 1763 2032 semen
1777 1972 2097 2050 accipiunt,

448 2062 551 2141 qui
581 2080 711 2122 cum
739 2059 1035 2121 audierint
1069 2077 1439 2140 sermonem,
1477 2061 1671 2121 statim
1718 2080 1849 2125 cum
1883 2062 2096 2138 gaudio

447 2147 748 2228 accipiunt
772 2148 964 2226 illum,
992 2156 1048 2207 et
1083 2167 1197 2207 non
1231 2146 1448 2207 habent
1477 2147 1739 2208 radicem
1770 2148 1828 2208 in
1875 2168 1961 2228 se,
1992 2149 2094 2208 sed

454 2236 793 2315 temporarii
826 2244 961 2295 sunt
987 2257 998 2290 :
1024 2236 1239 2296 deinde
1276 2245 1473 2297 coorta
1501 2237 1823 2298 afﬂictione
1842 2250 1935 2298 aut
1960 2256 2099 2317 per-

449 2326 755 2388 secutione
778 2332 1018 2404 propter
1048 2343 1410 2398 sermonem,
1437 2326 1747 2387 confestim
1784 2327 2101 2388 offendun-

454 2414 649 2476 tur.Et
678 2413 779 2473 alii
813 2423 952 2473 sunt
984 2414 1083 2493 qui
1116 2415 1174 2473 in
1210 2413 1411 2492 spinas
1441 2433 1647 2475 semen
1680 2415 1999 2493 accipiunt.
2056 2416 2115 2477 Ii~

451 2501 700 2583 suntqui
722 2520 1059 2563 sermonem
1077 2501 1344 2563 audiunt:
1371 2511 1426 2563 at
1445 2502 1877 2564 sollicitudines
1897 2505 2098 2565 szeculi

451 2592 1035 2671 bujus,deceptioque
1056 2590 1884 2672 divitiarum,caiterarumque
1899 2612 2096 2654 rerum

450 2681 808 2762 Cupiditates
849 2680 1242 2758 introeuntes,
1281 2680 1569 2741 suffocant
1621 2699 1982 2745 sermonem.
2029 2702 2099 2743 ac

452 2769 725 2831 redditur
755 2768 1182 2830 infructifer.Et
1208 2769 1306 2829 alii
1344 2779 1482 2829 sunt
1513 2769 1610 2848 qui
1645 2770 1701 2830 in
1740 2783 1955 2830 terram
1986 2771 2094 2832 bo-

452 2878 584 2921 nam
638 2877 841 2919 semen
874 2867 1257 2937 exceperunt,
1312 2860 1412 2938 qui
1442 2858 1689 2919 audiunt
1738 2859 2001 2920 verbum.
2042 2872 2101 2922 et

452 2947 865 3026 suscipiunt,et
886 2946 1602 3027 fructiﬁcant,itautaliud
1629 2966 1872 3023 granum
1900 2951 2103 3012 afferat

455 3037 712 3116 triginta,
742 3038 900 3098 aliud
935 3037 1425 3116 sexaginta,aliud
1454 3046 1712 3101 centum.
1746 3064 1771 3093 ››
1812 3042 1962 3101 Tres
1998 3059 2099 3101 0r-

2182 1876 2345 1956 λόγον
2388 1881 2479 1934 τὸν
2549 1879 2877 1959 ἐσπαρμένον
2921 1880 2975 1936 ἐν
3031 1893 3153 1943 ταῖς
3210 1879 3443 1959 καρδίαις
3497 1884 3685 1939 αὐτῶν.
3738 1880 3833 1936 Καὶ

2183 1967 2323 2023 οὗτοί
2366 1967 2496 2022 εἰσιν
2557 1970 2757 2043 ὁμοίως
2822 1969 2868 2023 οἱ
2932 1968 3020 2024 ἐπὶ
3062 1970 3128 2025 τὰ
3170 1968 3411 2047 πετρώδη
3471 1970 3831 2047 σπειρόμενοι,

2181 2056 2233 2117 οἳ
2267 2053 2392 2111 ὅταν
2444 2056 2706 2113 ἀκούσωσι
2763 2059 2854 2113 τὸν
2897 2056 3081 2136 λόγον,
3116 2059 3299 2121 εὐθέως
3333 2060 3466 2133 μετὰ
3496 2064 3668 2137 χαρᾶς
3699 2056 3833 2132 λαμο

2184 2140 2426 2199 ϐάνουσιν
2484 2143 2666 2219 αὐτὸν,
2743 2145 2831 2201 καὶ
2888 2145 2983 2201 οὐκ
3056 2143 3241 2225 ἔχουσι
3284 2146 3425 2224 ῥίζαν
3492 2145 3546 2201 ἐν
3598 2147 3833 2223 ἑαυτοῖς,

2185 2230 2321 2287 ἀλλὰ
2372 2232 2683 2310 πρόσκαιροί
2736 2234 2866 2289 εἰσιν
2901 2248 2914 2263 ⁸
2985 2234 3107 2289 εἶτα
3171 2235 3462 2311 γενομένης
3517 2233 3743 2309 θλίψεως
3802 2234 3836 2302 ἢ

2185 2316 2419 2397 διωγμοῦ
2475 2319 2558 2376 διὰ
2614 2322 2703 2377 τὸν
2758 2320 2940 2400 λόγον,
2996 2322 3185 2386 εὐθέως
3234 2323 3676 2394 σκανδαλίζονται,
3742 2325 3838 2381 Καὶ

2186 2409 2324 2465 οὗτοί
2377 2410 2528 2483 εἰσιν,
2589 2411 2636 2465 οἱ
2695 2412 2770 2474 εἷς
2809 2413 2903 2476 τὰς
2948 2412 3175 2476 ἀκάνθας
3235 2414 3595 2492 σπειρόμενοι,
3641 2415 3687 2468 οἱ
3745 2415 3836 2467 τὸν

2184 2495 2343 2575 λόγον
2382 2499 2685 2573 ἀκούοντες,
2738 2501 2823 2556 καὶ
2896 2503 2945 2557 αἱ
3021 2500 3270 2578 μέριμναι
3326 2509 3417 2558 τοῦ
3463 2504 3648 2565 αἰῶνος
3705 2502 3833 2556 τού-

2180 2608 2292 2661 του,
2340 2591 2427 2642 καὶ
2482 2589 2516 2655 ἡ
2559 2588 2740 2657 ἀπάτη
2795 2596 2889 2647 τοῦ
2946 2588 3172 2649 πλούτου
3226 2592 3313 2647 καὶ
3369 2594 3420 2647 αἱ
3477 2591 3687 2669 περὶτά
3715 2588 3832 2647 λοι-

2179 2674 2254 2730 πὰ
2350 2675 2637 2751 ἐπιθυμίαι,
2749 2678 3177 2756 εἰσπορευόμεναι
3275 2680 3618 2757 συμπνίγουσι
3738 2679 3829 2734 τὸν

2179 2762 2358 2841 λόγον,
2419 2767 2507 2821 καὶ
2551 2764 2787 2841 ἄκαρπος
2832 2770 3054 2844 γίνεται,
3108 2769 3203 2825 Καὶ
3259 2768 3401 2825 οὗτοί
3458 2770 3585 2824 εἰσιν
3642 2770 3689 2825 οἱ
3746 2769 3833 2824 ἐπὶ

2180 2854 2277 2920 τὴν
2335 2858 2438 2931 γῆν
2460 2854 2566 2921 τὴν
2611 2855 2779 2924 καλὴν
2811 2859 3121 2935 σπαρέντες,
3156 2856 3210 2913 οἵ
3259 2880 3399 2922 τινες
3439 2858 3682 2914 ἀκούουσι
3740 2861 3832 2914 τὸν

2181 2942 2339 3021 λόγον
2419 2946 2505 2998 καὶ
2604 2944 3015 3026 παραδέχονται,
3106 2948 3192 3002 καὶ
3279 2949 3698 3027 καρποφοροῦσιν
3778 2948 3837 3002 ἓν

2182 3033 2463 3110 τριάκοντα
2516 3035 2602 3089 καὶ
2658 3034 2713 3089 ἓν
2793 3036 3047 3104 ἑξήκοντα
3090 3037 3179 3091 καὶ
3234 3037 3289 3092 ἓν
3349 3038 3557 3095 ἑκατόν.
3603 3058 3624 3092 ο
3674 3038 3836 3114 Τρεῖς

452 3127 622 3188 dines
649 3135 786 3187 sunt
819 3128 929 3187 hoc
965 3128 1089 3187 loco
1114 3145 1314 3186 eorum
1351 3127 1407 3186 in
1440 3128 1658 3206 quibus
1692 3127 1934 3189 verbum
1972 3150 2101 3210 per-

2189 3119 2355 3186 τάξεις
2432 3124 2560 3178 εἰσὶν
2611 3122 2828 3182 ἐνταῦθα
2898 3125 2997 3191 τῆς
3044 3124 3310 3187 ἀπωλείας
3367 3132 3460 3182 τοῦ
3517 3124 3700 3202 λόγου.
3776 3128 3834 3182 Oi

455 3214 794 3278 ditur.Nam
851 3216 910 3276 hi
939 3216 1037 3296 qui
1069 3223 1204 3275 sunt
1237 3234 1410 3277 secus
1445 3216 1618 3299 viam,
1656 3235 1860 3297 parum
1894 3218 2100 3280 attenti

2189 3209 2280 3285 μὲν
2323 3212 2421 3289 γὰρ
2480 3213 2621 3289 ποιρά
2677 3213 2774 3279 τὴν
2831 3213 2968 3285 ὁδὸν,
3054 3213 3391 3290 ἀπρόσεκτοι,
3475 3218 3520 3271 οἱ
3564 3212 3617 3269 δὲ
3696 3216 3837 3293 παρά

453 3312 610 3384 sunt;
648 3303 707 3364 bi
738 3313 931 3364 autem
977 3304 1072 3383 qui
1120 3314 1542 3384 comparantur
1592 3321 1798 3386 petrae,
1854 3307 2099 3386 pusilla-

457 3392 671 3467 nimes;
725 3392 806 3454 illi
839 3411 976 3454 vero
1010 3394 1111 3472 qui
1145 3403 1564 3473 co:::parantur
1597 3396 1807 3475 spinis,
1838 3396 2095 3464 delicati,

454 3481 669 3542 Eorum
695 3500 931 3563 quoque
953 3483 1051 3562 qui
1074 3482 1399 3561 suscipiunt
1427 3492 1844 3545 etconservant
1866 3504 2097 3564 semen,

456 3570 730 3632 similiter
762 3580 880 3633 tres
905 3586 1037 3632 sunt
1068 3572 1333 3633 Oidines.
1359 3570 1502 3633 Nam
1537 3573 1636 3653 qui
1669 3573 1920 3634 fructum
1956 3576 2103 3635 atre—

454 3668 592 3720 runt
620 3661 1125 3741 centuplum,sunt
1157 3661 1253 3740 qui
1292 3660 1607 3740 perfectam
1641 3672 1694 3721 et
1720 3682 2007 3722 summam
2030 3662 2107 3723 vi-

457 3758 572 3814 tam
606 3763 812 3827 agunt;
845 3750 942 3830 qui
971 3759 1165 3811 autem
1218 3752 1694 3829 sexagecuplum,
1763 3752 1820 3811 hi
1874 3753 2104 3811 medio-

456 3842 732 3916 crem;hi
764 3859 903 3901 vero
966 3840 1067 3920 qui
1121 3840 1531 3919 trigecuplum,
1591 3848 1729 3900 sunt
1773 3841 1872 3919 qui
1934 3861 2109 3921 parva

456 3930 722 4011 quidem,
750 3931 1002 3991 afferunt
1036 3938 1231 3990 tamen
1264 3938 1321 3991 et
1347 3929 1456 4009 ipsi
1486 3948 1589 4008 pro
1636 3930 1759 3990 suis
1790 3930 2030 4010 Viribus,
2052 3940 2111 3993 ut

458 4018 716 4100 exempli
748 4018 950 4096 gratia,
980 4018 1232 4096 virgines
1258 4027 1315 4078 et
1345 4018 1593 4079 solitarii
1626 4039 1638 4080 :
1676 4019 1813 4079 item
1866 4020 1960 4080 alii
2012 4023 2107 4100 qui

457 4110 517 4171 in
537 4108 824 4170 cmnobiis
858 4118 913 4169 et
943 4107 1502 4185 congregationibus
1531 4108 1853 4168 vivuntzalii
1878 4129 2111 4190 quoque

458 4198 589 4260 laici
620 4206 677 4258 et
711 4198 1032 4277 conjugati.
1085 4200 1507 4258 Verumtamen
1564 4196 1849 4258 Dominus
1900 4218 2109 4261 omnes

458 4296 735 4368 tanquam
784 4288 1041 4348 fructum
1098 4286 1417 4348 afferentes
1470 4285 1733 4367 suscipit.
1773 4287 1972 4350 Gratia
2032 4288 2108 4351 sit

457 4378 589 4455 ejus
620 4376 1045 4438 misericordiae

538 4464 717 4529 Vens.
753 4464 969 4525 21-23.
1006 4492 1027 4520 (ι
1061 4465 1130 4527 Et
1179 4464 1433 4526 dicebat‘
1464 4464 1578 4525 illis
1615 4484 1627 4524 :
1663 4468 1816 4528 Num
1868 4467 2107 4528 luci-rna

455 4555 615 4619 venit
646 4564 707 4615 ut
735 4554 940 4617 subter
987 4555 1247 4615 modium
1301 4564 1571 4634 ponatur.
1607 4562 1708 4617 aut
1753 4573 1932 4634 super
1982 4556 2105 4617 lec-

459 4645 616 4710 tum?
647 4643 854 4706 Nonne
885 4652 948 4705 ut
978 4662 1156 4723 super
1202 4642 1621 4704 candelabrum
1675 4643 1955 4723 ponatur?
1981 4644 2109 4707 Non

457 4740 727 4800 estenim
762 4737 890 4795 '92
924 4735 1244 4815 quidquam
1298 4734 1591 4797 occultum
1640 4734 1794 4812 quod
1830 4753 1943 4794 non
1980 4755 2107 4795 ma-

461 4825 814 4888 nifestatur:
856 4844 1047 4906 neque
1081 4826 1183 4884 fuit
1214 4830 1538 4902 secretum,
1571 4822 1684 4882 nisi
1716 4832 1773 4882 ut
1802 4822 1859 4882 in
1890 4842 2110 4903 propa-

458 4915 645 4977 tulum
680 4916 893 4976 veniat.
929 4914 988 4977 Si
1037 4912 1168 4994 quis
1202 4912 1377 4973 habet
1409 4930 1584 4971 aures
1614 4911 1682 4970 ad
1722 4910 2104 4989 audiendum,

455 5004 678 5066 audiat.
702 5025 731 5064 α
755 5004 879 5066 Hoc
911 5004 1040 5065 loco
1074 5003 1354 5063 admonet
1379 5003 1675 5080 apostolus
1699 5009 1760 5061 ut
1792 5001 1910 5061 sint
1936 5003 2111 5065 clune

456 5104 516 5157 et
543 5093 808 5155 honestae
826 5094 977 5167 vitae;
1006 5092 1148 5153 dicit
1167 5093 1323 5153 enim
1350 5113 1361 5153 :
1389 5090 1553 5151 Sicut
1586 5090 1827 5151 lucerna
1871 5093 2110 5171 ponitur

454 5192 519 5245 ut
546 5183 845 5263 luceat,ita
878 5183 1067 5244 etvita
1096 5190 1288 5243 vestra
1312 5180 1587 5240 omnibus
1618 5182 1938 5259 conspicua
1971 5181 2104 5257 erit,

454 5280 514 5335 et
543 5289 752 5333 omnes
782 5272 853 5333 ad
896 5272 1086 5352 ipsum
1132 5270 1455 5350 respicient
1490 5290 1501 5327 :
1546 5268 1766 5329 idcirco
1794 5274 1927 5330 date
1959 5290 2108 5350 ope-

454 5379 578 5423 ram
614 5369 679 5422 ut
705 5361 817 5421 vita
848 5369 1037 5422 vestra
1067 5360 1222 5420 bona
1252 5360 1349 5421 sit.
1386 5358 1585 5438 Neque
1611 5358 1770 5418 enim
1803 5359 1859 5417 in
1892 5361 2107 5438 angulo

453 5450 700 5531 sedetis,
734 5450 839 5511 sed
873 5450 1116 5511 lucerna
1147 5451 1425 5511 BSiiS.LUt
1449 5465 1593 5507 erna
1631 5455 1825 5507 autem
1857 5466 1971 5507 non
1997 5449 2107 5511 sub

446 5540 599 5603 lecto
630 5540 1102 5616 occultatur,sed
1132 5539 1197 5600 sd
1234 5556 1414 5618 super
1442 5535 1862 5597 candelabrum
1894 5540 2103 5617 posita,

446 5630 624 5695 lucet.
663 5629 761 5693 Est
793 5638 988 5691 autem
1024 5628 1513 5707 etunusquisque
1535 5626 2104 5705 nostrum,lucerna,

2182 3299 2281 3365 τὴν
2336 3300 2560 3380 πέτραν,
2619 3302 2972 3380 μικρόψυχοι,
3019 3304 3059 3358 0i
3124 3302 3178 3357 δὲ
3235 3304 3375 3382 παρὰ
3440 3304 3535 3366 τὰς
3580 3303 3830 3383 ἀκάνθας,

2182 3390 2228 3443 οἱ
2271 3389 2549 3469 τρυφηταί.
2604 3390 2718 3447 Τῶν
2796 3390 2978 3464 μέντοι
3024 3390 3459 3470 παραδεξαμένων
3506 3397 3593 3448 καὶ
3634 3389 3831 3448 διασω-

2188 3476 2390 3533 σάντων
2450 3480 2540 3533 τὸν
2571 3500 2787 3557 σπορον,
2848 3477 3006 3535 πάλιν
3065 3494 3211 3559 τρεῖς
3253 3482 3445 3547 τάξεις’
3483 3484 3530 3538 οἱ
3573 3482 3671 3553 μὲν
3698 3503 3831 3559 καρ-

2187 3572 2540 3645 ποφοροῦντες
2600 3565 2653 3621 ἓν
2713 3568 2925 3641 ἑκατὸν,
2985 3571 3031 3624 οἱ
3089 3568 3289 3627 τέλειον
3344 3571 3456 3647 βίον
3510 3573 3597 3626 καὶ
3669 3571 3833 3649 ἀκρόα-

2188 3676 2342 3711 τατον
2402 3655 2623 3735 ἔχοντες
2658 3672 2671 3686 ·
2722 3659 2767 3712 0i
2810 3654 2865 3712 δὲ
2912 3657 2968 3713 ἓν
2997 3657 3271 3733 ἑξήκοντα,
3304 3661 3349 3716 οἰ
3380 3659 3556 3735 μέσως
3589 3659 3829 3740 ἔιοντες,

2188 3745 2236 3799 οἱ
2279 3742 2334 3800 δὲ
2365 3745 2418 3801 ἓν
2476 3751 2778 3823 τριάκοντα,
2841 3746 2954 3803 ὅσοι
3015 3749 3176 3825 μικρά
3220 3754 3342 3823 μὲν,
3387 3748 3529 3816 πλην
3558 3751 3645 3805 καὶ
3693 3751 3834 3807 αὐτοὶ

2190 3835 2325 3891 κατὰ
2385 3833 2601 3910 δύναμιν
2660 3836 2978 3915 εἰσφέροντες
3013 3851 3027 3865 ⁸
3091 3841 3229 3912 οἷον,
3283 3840 3329 3894 οἱ
3363 3838 3461 3913 μέν
3490 3840 3589 3894 εἰσι
3638 3838 3837 3915 παρθέ-

2192 3946 2277 3980 νοι
2332 3924 2420 3979 καὶ
2463 3924 2731 4002 ἐρημικοὶ,
2793 3924 2944 3982 ἄλλοι
3025 3925 3245 4005 μιγάδες
3315 3929 3402 3983 καὶ
3460 3927 3513 3982 ἐν
3570 3925 3833 4005 κοινοϐίῳ,

2193 4013 2358 4092 ἕτεροι
2403 4013 2584 4070 λαϊκοὶ
2640 4016 2728 4071 xui
2777 4014 2831 4070 ἐν
2886 4016 3063 4092 γάμῳ,
3123 4015 3269 4083 Πλὴν
3320 4017 3521 4078 πάντας
3579 4019 3605 4072 ὁ
3652 4017 3836 4095 Κύριος

2192 4106 2264 4165 ὡς
2336 4112 2800 4183 καρποφοροῦντας
2870 4102 3137 4182 δέχεται·
3202 4106 3288 4161 καὶ
3358 4105 3517 4185 χάρις
3575 4111 3642 4182 τῇ
3686 4110 3839 4165 αὖτού

2193 4191 2573 4273 φιλανθρωπία.

2277 4483 2303 4515 σ
2356 4462 2453 4518 Καὶ
2494 4459 2672 4539 ἔλεγεν
2722 4462 2902 4524 αὐτοῖς
2937 4478 2951 4494 ⁸
2998 4463 3084 4532 Μή
3116 4483 3165 4516 τι
3198 4466 3225 4519 ὁ
3256 4462 3454 4543 λύχνος
3486 4463 3701 4545 ἔρχεται
3744 4463 3838 4520 ἵνα

2191 4554 2294 4610 ὑπὸ
2335 4553 2425 4608 τὸν
2483 4548 2667 4626 μόδιον
2709 4553 2857 4629 τεθῇ,
2916 4548 2951 4617 ἢ
3012 4551 3112 4606 ὑπὸ
3168 4553 3265 4620 τὴν
3308 4552 3492 4620 κλίνην
3527 4575 3543 4631 ;
3578 4558 3687 4634 Οὐχ
3747 4554 3838 4609 ’ίνα

2191 4642 2276 4698 ἐπὶ
2330 4643 2430 4708 τὴν
2488 4639 2708 4719 λυχνίαν
2752 4640 3010 4715 ἑπιτεθῇ;
3070 4641 3141 4698 0'3
3201 4643 3299 4721 γάρ
3357 4642 3466 4700 ἐστί
3510 4667 3558 4700 τι
3587 4646 3837 4720 κρυπτὸν,

2192 4734 2220 4789 ὃ
2275 4731 2365 4787 ἐὰν
2422 4732 2499 4807 μὴ
2544 4733 2837 4810 φανερωθῇ,
2897 4728 3015 4787 οὐδὲ
3060 4730 3270 4810 ἐγένετο
3328 4735 3652 4815 ἀπόκρυφον,
3721 4733 3838 4790 ἀλλ’

2190 4821 2284 4877 ’ίνα
2340 4822 2413 4884 εἰς
2474 4821 2696 4901 φανερὸν
2782 4819 2931 4897 ἔλθῃ.
2996 4820 3060 4878 Εἴ
3115 4845 3196 4886 τις
3268 4823 3387 4904 ἔχει
3442 4828 3555 4881 ὦτα
3607 4825 3831 4894 ἀκούειν,

2192 4909 2451 4974 ἀκουέτω,
2530 4932 2558 4965 ι
2645 4909 2899 4969 Ἐνταῦθα
2984 4926 3232 4991 παραινεῖ
3308 4927 3427 4978 τοῖς
3499 4911 3832 4983 ἀποστόλοις,

2192 4998 2463 5078 λαμπροὺς
2497 5000 2639 5055 εἶναι
2691 5001 2828 5055 κατὰ
2883 5001 2975 5056 τὸν
3036 5002 3147 5077 βίον
3226 5004 3313 5058 καὶ
3366 5004 3464 5070 τὴν
3521 5001 3787 5059 πολιτείαν
3822 5018 3837 5033 ·

2196 5079 2412 5169 υεὶσπερ
2465 5090 2565 5169 γὰρ
2596 5092 2624 5145 ὁ
2667 5088 2888 5169 λύχνος,
2921 5092 3104 5170 φησὶν,
3158 5092 3231 5155 εἰς
3275 5092 3335 5147 τὸ
3364 5090 3594 5167 λάμπειν
3626 5093 3840 5169 τίθεται,

2193 5178 2331 5237 οὕτω
2386 5182 2474 5237 καὶ
2517 5182 2544 5236 ὁ
2589 5177 2837 5258 ὃμέτερος
2880 5182 2991 5257 βίος
3064 5188 3193 5238 πᾶσι
3262 5180 3604 5261 περίϐλεπτος
3672 5179 3839 5257 ἔσται,

2190 5271 2277 5324 xui
2320 5269 2513 5333 πάντες
2558 5272 2686 5348 πρὸς
2730 5270 2885 5327 αὐτὸν
2948 5269 3235 5347 βλέψουσιν
3269 5287 3283 5303 ’
3347 5270 3484 5326 ὥστε
3514 5268 3844 5327 σπουδάσατε

2192 5360 2384 5439 ἀγαθόν
2414 5361 2525 5437 βίον
2570 5359 2744 5440 ἔχειν.
2792 5362 2864 5418 Οὐ
2920 5362 3019 5438 γὰρ
3074 5359 3127 5415 ἐν
3186 5361 3348 5439 γωνίᾳ
3406 5361 3656 5432 κάθησθε,
3712 5358 3846 5415 ἀλλά

2174 5452 2386 5530 ’Λύχνος
2444 5449 2585 5511 ἐστέ.
2649 5443 2707 5508 Ὀ
2751 5449 2804 5506 δὲ
2840 5448 3041 5529 λύχνος
3090 5450 3193 5530 οὐχ
3222 5451 3323 5505 ὑπὸ
3352 5449 3536 5515 κλίνην
3567 5450 3849 5526 κρύπτεται

2191 5537 2311 5596 ἀλλ’
2374 5538 2429 5595 ἐν
2460 5546 2529 5617 τῇ
2561 5538 2753 5620 λύχνίᾳ
2809 5543 2972 5604 τεθεὶς
3031 5542 3233 5620 φαίνει,
3270 5538 3445 5599 ’Ἔστι
3488 5539 3542 5595 δὲ
3587 5541 3673 5597 καὶ
3698 5538 3851 5613 ἡμῶν

2191 5630 2435 5704 ἕκαστος,
2483 5627 2700 5711 λύχνος,
2761 5630 2816 5694 ὃς
2883 5628 3080 5710 ὀφείλει
3173 5629 3397 5687 τίθεσθαι
3456 5629 3541 5686 ἰπὶ
3598 5629 3696 5697 τὴν
3754 5628 3850 5685 λυ-
