4144 6212
375 269 492 334 533
1093 273 1542 338 ENARRATIO
1585 275 1666 336 IN
1717 275 2222 339 EVANGELIUM
2267 277 2529 340 MARCI.
2574 313 2649 322 —
2694 281 2857 343 CAP.
2907 283 3010 346 IV.
3636 281 3756 350 534

369 408 549 486 χνίαν,
597 405 865 465 τουτέστιν
921 405 1010 464 ὶπὶ
1048 407 1111 465 τὸ
1165 405 1300 483 ὕψος
1357 409 1457 474 τῆς
1506 409 1643 465 κατὰ
1692 410 1824 466 Θεὸν
1854 406 1997 466 πολι·

2103 405 2204 485 qui
2239 405 2416 469 debet
2448 410 2584 488 poni
2615 428 2794 490 super
2822 413 3269 490 candelabrum,
3304 417 3416 478 hoc
3448 425 3538 478 est
3571 435 3750 497 super

364 496 534 574 τείας,
579 495 672 554 ἵνα
728 497 819 552 καὶ
873 495 1071 574 ἑτέροις
1127 493 1344 563 δύνηται
1411 495 1670 576 λάμπειν,
1727 496 1847 554 ἀλλ’
1918 497 1997 574 06-,

2103 497 2500 584 summitatem
2534 498 2746 560 divinae
2775 500 2924 575 vitae,
2967 512 3028 562 ut
3059 503 3189 564 aliis
3249 505 3434 584 possit
3488 493 3693 568 lucere
3729 527 3744 566 :

363 587 466 642 ὑπὸ
523 585 614 641 τὸν
670 583 870 661 μόδιον,
929 584 1196 642 τουτέστιν
1269 586 1372 642 ὑπὸ
1427 586 1524 654 τὴν
1579 588 2016 665 γαστριμαργίαν,

362 675 454 730 καί
509 673 608 742 τὴν
663 676 780 754 περὶ
834 675 902 731 τὰ
954 690 1082 731 σιτα
1111 672 1369 748 σπουδὴν,
1402 672 1509 734 οὐδ’
1538 676 1640 731 ὑπὸ
1681 677 1776 743 νὴν
1808 674 2015 742 κλίνην,

362 761 605 821 τουτέστι
662 763 762 830 τὴν
819 761 1132 824 ἀνάπαυσιν.
1217 761 1394 826 Οὐδεὶς
1447 765 1547 843 γὰρ
1595 765 1713 842 περὶ
1769 765 1836 820 τὰ
1893 779 2016 821 συτα

361 849 696 930 σπουδάζων,
756 853 843 909 καὶ
896 849 1069 908 ἄνεσιν
1122 855 1314 925 ποθῶν,
1369 850 1580 910 δύναται
1635 851 1833 934 λύχνος
1877 858 2013 909 εἶναι

360 943 490 996 πᾶσι
533 939 732 1022 φαίνων
783 939 866 997 διὰ
895 948 989 998 τοῦ
1039 941 1229 999 οἶκείου
1281 941 1418 1018 βίου.
1454 943 1526 1000 Οὐ
1555 942 1654 1021 γάρ
1713 945 1824 999 ἔστι
1882 965 2011 1020 κρυ)-

358 1030 494 1087 πτὸν
552 1031 581 1084 ὃ
639 1031 698 1086 o6
757 1031 835 1105 μὴ
880 1034 1176 1110 φανερωθῇ.
1213 1030 1342 1088 Εἴτε
1373 1031 1568 1110 ἀγαθόν
1598 1053 1670 1111 τι,
1705 1030 1813 1087 εἴτε
1846 1055 2013 1098 πονη-

358 1121 450 1198 ρὸν
494 1120 547 1175 ἐν
600 1128 676 1194 τῷ
731 1119 977 1188 λεληθότι
1037 1134 1209 1196 ποιεῖ,
1287 1121 1714 1201 φανερωθήσεται
1788 1123 1876 1177 καὶ
1922 1124 2006 1179 έν-

355 1212 546 1281 ταυθα,
608 1210 694 1266 καὶ
735 1208 921 1284 πολλῷ
966 1208 1168 1286 μᾶλλον
1226 1209 1280 1266 ἐν
1338 1212 1415 1284 τῷ
1474 1207 1746 1284 μέλλοντι.
1799 1211 1859 1268 Τί
1909 1213 2008 1289 γαρ

354 1301 424 1363 ἡν
479 1290 832 1378 κρυεριωτερον
876 1305 1057 1372 Θεοῦ;
1115 1297 1234 1357 ἀλλ’
1280 1297 1428 1364 ὅμως
1471 1299 1560 1355 καὶ
1603 1301 1752 1363 οὗτος
1812 1298 2004 1380 ἐφανε-

356 1387 501 1465 ρώθη
527 1387 580 1444 ἰν
615 1390 788 1464 σαρκί.

443 1500 470 1530 α
509 1480 605 1535 Καὶ
661 1476 841 1556 ἔλεγεν
898 1479 1079 1543 αὐτοῖς
1115 1497 1130 1512 ⁵
1177 1477 1405 1536 Βλέπετε
1450 1479 1497 1534 τί
1552 1477 1792 1539 ἀκούετε.
1838 1479 1928 1535 Ἐν
1960 1484 2004 1552 ᾧ

2103 582 2206 673 sed
2239 603 2355 644 non
2391 585 2499 646 sub
2553 587 2772 658 modio,
2808 590 2919 650 hoc
2951 597 3046 651 est
3083 591 3192 652 sub
3221 582 3649 673 gastrimargia,
3691 603 3752 657 et

2102 670 2369 761 ciborum
2404 694 2545 736 cura
2581 697 2593 735 :
2633 695 2823 756 neque
2872 678 2980 738 sub
3027 680 3203 754 lecw,
3239 681 3350 743 hoc
3395 693 3481 743 est
3524 670 3742 761 quiete.

2102 760 2308 851 Nullus
2340 763 2494 823 enim
2529 764 2622 825 cui
2655 765 2768 825 sibi
2800 785 2956 826 cura)
2979 769 3320 848 sunt,etqui
3351 760 3616 851 requiem
3643 771 3744 833 de-

2098 847 2341 922 siderat,
2368 860 2560 931 potest
2594 854 2836 915 lucerna
2860 873 2996 916 esse
3025 847 3301 918 omnibus
3335 847 3536 920 lucens
3563 861 3740 922 etiam

2099 955 2206 1016 per
2237 956 2403 1028 suam
2437 941 2776 1004 vitam.Non
2808 944 2966 1004 enim
2998 954 3087 1006 est
3115 945 3596 1028 occultum,quod
3624 969 3742 1010 non

2100 1027 2530 1091 manilestetur.
2569 1033 2987 1114 Unusquisque
3032 1042 3312 1114 vestrum,
3351 1027 3474 1097 sive
3524 1039 3740 1099 bonum

2093 1117 2231 1195 quid
2257 1117 2487 1190 fecerit,
2509 1121 2632 1184 sive
2658 1123 2875 1183 malum
2908 1123 2966 1183 in
3003 1123 3740 1199 occulto,manifestabitur

2092 1206 2268 1266 etiam
2306 1209 2423 1289 hic,
2459 1221 2517 1271 et
2553 1212 2739 1272 multo
2775 1212 2958 1288 magis
2985 1212 3042 1272 in
3084 1212 3277 1272 futuro
3309 1215 3548 1278 saeculo.
3585 1216 3735 1287 Quid

2093 1301 2250 1357 enim
2284 1301 2689 1363 absconditius
2721 1303 2886 1365 Deo?
2914 1314 3171 1366 attamen
3218 1314 3274 1366 et
3303 1307 3428 1387 ipse
3455 1307 3737 1370 manifes-

2092 1393 2246 1447 tatns
2272 1398 2360 1450 est
2395 1391 2452 1452 in
2486 1411 2688 1452 carne.

2173 1479 2346 1568 erns,
2383 1480 2480 1560 2t,
2509 1485 2606 1544 25.
2638 1484 2741 1543 «Et
2766 1484 3001 1545 dicebat
3033 1486 3184 1549 illis:
3211 1486 3418 1548 Videte
3449 1487 3592 1568 quid
3626 1506 3738 1548 au-

349 1565 530 1642 μέτρῳ
590 1580 859 1645 μετρεῖτε,
917 1568 1311 1657 μετρηθήσεται
1359 1569 1511 1644 ὑμῖν,
1571 1569 1658 1624 καὶ
1701 1571 1997 1657 προστεθή-

2091 1566 2254 1657 iliatis
2309 1567 2433 1639 Qua
2466 1590 2743 1631 mensura
2767 1573 3117 1646 metiemini,
3154 1575 3253 1636 alii
3285 1565 3604 1637 metientur
3633 1595 3738 1636 vo-

350 1675 498 1710 σεται
543 1656 672 1730 ὑμῖν
711 1668 832 1722 τοῖς
890 1656 1183 1717 ἀνούουσιν.
1245 1647 1352 1722 ι’ος
1410 1657 1510 1735 γὰρ
1555 1655 1616 1712 ἂν
1661 1655 1793 1738 ἔχη,
1837 1655 1997 1726 δοθή-

2091 1654 2214 1745 bis:
2253 1667 2308 1716 et
2337 1657 2652 1738 adjicietur
2688 1661 2847 1721 vobis
2887 1662 2990 1741 qui
3024 1663 3396 1735 auditis.Qui
3430 1665 3589 1725 enim
3623 1665 3733 1724 ha-

352 1766 502 1801 σεται
552 1746 715 1822 αὐτῷ,
781 1750 870 1804 καὶ
911 1748 969 1812 ὃς
1019 1751 1113 1804 οὔκ
1154 1747 1296 1828 ἔχει,
1343 1748 1431 1804 καὶ
1474 1749 1502 1804 ὃ
1545 1745 1664 1828 ἔχει
1720 1749 1997 1826 ἀρθήσεται

2091 1743 2206 1817 bet,
2243 1745 2478 1808 dabitur
2506 1749 2588 1808 illi
2619 1768 2631 1810 :
2669 1758 2724 1810 et
2754 1751 2850 1830 qui
2888 1769 3004 1811 non
3039 1751 3420 1826 habet,etiam
3442 1753 3598 1832 quod
3623 1754 3733 1814 ha-

353 1831 448 1890 ἀπ’
505 1834 686 1898 αὔτοῦ.
740 1862 766 1892 ε
835 1837 972 1917 Πρός
1031 1836 1397 1917 νηφαλιότητα
1455 1835 1692 1916 διεγείρει
1734 1838 1857 1902 τοὺς
1891 1861 2001 1913 μα-

351 1922 542 1988 θητάς.
599 1923 821 2000 βλέπετε
865 1927 984 2004 γὰρ,
1045 1927 1195 2006 φησὶ,
1241 1925 1292 1982 τί
1346 1925 1584 1999 ἀκούετε,
1643 1924 1809 2001 μηδὲν
1866 1927 2002 2002 ὑμᾶς

349 2013 458 2066 τῶν
529 2011 830 2092 λεγομένων
897 2013 1023 2094 παρ’
1067 2015 1196 2090 ἐμοῦ
1237 2013 1587 2094 διαφευγέτω,
1637 2013 1728 2073 Ἐν
1786 2020 1831 2090 ᾧ
1903 2018 2003 2093 γὰρ

350 2099 530 2178 μέτρῳ
613 2116 883 2183 μετρεῖτε,
972 2105 1361 2183 μετρηθήσεται
1458 2105 1609 2179 ὑμῖν,
1703 2107 1990 2178 τουτέστιν,

347 2187 537 2255 ἡλίκον
580 2191 771 2270 μέτρον
846 2199 1128 2273 προσοχῆς
1207 2192 1492 2274 εἰσφέρετε,
1563 2193 1859 2262 τηλικαύτη
1909 2199 1996 2251 καὶ

346 2277 580 2357 ὠφέλεια
653 2278 928 2352 δοθήσεται
973 2284 1098 2356 ὑμῖν
1147 2281 1299 2362 (53).
1349 2275 1406 2340 Ὀ
1449 2283 1550 2361 γὰρ
1591 2283 1857 2362 ἀκροατὴς
1905 2284 1994 2340 ίαν

348 2368 447 2435 μὶν
506 2370 642 2426 πάνυ
686 2371 931 2451 προσέχῖ⁸
985 2373 1071 2428 καὶ
1115 2374 1188 2437 εἰς
1246 2371 1428 2448 ἄκρον,
1476 2371 1800 2429 ἀντιδίδωσιν
1858 2375 1996 2447 αὒτῴ

349 2457 378 2513 ὀ
439 2459 569 2524 Θεὸς
614 2463 700 2517 καὶ
741 2461 842 2528 τὴν
867 2459 1126 2541 ὠφέλειαν
1168 2461 1378 2533 πολλήν
1411 2479 1426 2494 ⁶
1473 2462 1564 2520 ἐὰν
1597 2461 1652 2519 δὲ
1698 2472 1898 2541 χαῦνος
1921 2470 2002 2544 fi,

350 2549 488 2604 κατὰ
542 2549 823 2629 ἀναλογίαν
871 2537 959 2608 καὶ
1019 2553 1078 2607 τὸ
1133 2549 1316 2630 κέρδος
1387 2557 1482 2620 τῆς
1549 2537 1832 2633 ὠφελείας,
1896 2537 2002 2618 θύέ

348 2637 450 2714 γὰρ
497 2638 562 2694 ἂν
617 2638 722 2719 ἔχη
761 2639 1052 2719 προθυμίαν
1079 2641 1167 2697 καὶ
1223 2639 1476 2715 σπουδὴν,
1531 2641 1803 2711 δοθήσεται
1860 2647 2002 2716 αὐτῷ

344 2728 435 2781 καὶ
486 2727 719 2807 ὠφέλεια
753 2746 766 2761 ’
824 2730 884 2792 ’ὁς
931 2727 978 2786 δ’
1028 2733 1122 2788 οὔκ
1148 2728 1266 2810 ἔχει
1297 2731 1585 2808 προθυμίαν
1628 2732 1714 2786 καὶ
1742 2730 1996 2808 σπουδὴν,

345 2815 433 2870 καὶ
494 2817 522 2872 ὃ
577 2814 726 2874 δοκεῖ
773 2817 946 2901 ἔχειν,
1003 2818 1282 2898 ἀρθήσεται
1349 2818 1445 2876 ἀπ’
1494 2819 1652 2877 αὐτοῦ
1713 2818 1862 2898 (54).
1900 2823 1998 2876 Δια

351 2904 451 2979 γὰρ
533 2912 633 2973 τῆς
713 2907 959 2985 ῥᾳθυμίας
1045 2907 1459 2966 κατασϐέννυται
1527 2909 1614 2965 καὶ
1698 2910 1726 2964 6
1810 2911 1996 2988 μικρὸς

349 2996 583 3074 σπινθὴρ
626 2997 683 3052 ὃν
726 2996 981 3076 πρότερον
1037 3001 1216 3076 εἶχεν,
1275 2996 1454 3076 ὥσπερ
1505 2998 1608 3054 ὑπὸ
1650 2997 1746 3065 τῆς
1803 2997 1996 3074 ἐπιμε-

342 3081 488 3146 λείας
518 3082 836 3144 ἀνάπτεται.

429 3194 452 3226 ε
495 3174 590 3231 Καὶ
633 3173 812 3253 ἔλεγεν
847 3195 860 3207 ·
925 3175 1103 3240 Οὕτως
1161 3175 1299 3232 εστὶν
1343 3177 1378 3244 ἡ
1421 3173 1673 3253 βασιλεία
1712 3185 1806 3234 τοῦ
1835 3184 1988 3248 Θεοῦ,

338 3261 417 3324 ὡς
461 3261 549 3317 ἰὰν
581 3263 847 3340 ἅνθρωπος
883 3263 1021 3342 βέλη
1075 3266 1166 3321 τὸν
1220 3264 1418 3344 σπόρον
1452 3264 1537 3322 ἐπὶ
1563 3270 1663 3332 τῆς
1716 3269 1846 3345 γῆς,
1903 3270 1991 3324 καὶ

339 3349 564 3429 καθεύδῇ
619 3355 706 3410 καὶ
775 3353 1066 3433 ἐγείρηται,
1140 3354 1300 3411 νύκτα
1355 3355 1444 3411 καὶ
1498 3353 1727 3434 ἡμέραν,
1789 3357 1878 3411 καὶ
1963 3358 1990 3412 6

337 3441 534 3517 σπόρος
587 3441 858 3520 βλαστάνῃ
916 3446 1004 3500 καὶ
1053 3444 1356 3519 μηκύνηται
1387 3445 1461 3507 ὡς
1492 3443 1588 3500 οὒκ
1617 3441 1761 3501 οἶδεν
1806 3442 1983 3510 αὒτός.

338 3530 623 3604 Αὖτομάτη
695 3533 796 3612 γὰρ
841 3535 876 3604 ἡ
935 3539 1006 3611 γῇ
1066 3545 1419 3614 καρποφορεῖ,
1497 3539 1704 3612 πρῶτον
1761 3535 1986 3615 χόρτον,

367 3619 424 3649 ν-
521 3620 598 3653 -l,
764 3622 817 3666 ,τ
1479 3629 1505 3640 ~
1626 3623 1637 3642 ι
1719 3634 1745 3646 ..
1806 3617 1842 3648 'I
1962 3643 1971 3654 ,

335 3637 461 3673 ει.α
489 3641 714 3700 σαιυν,
764 3645 886 3678 ι.τα
917 3621 1098 3702 πλήρη
1155 3635 1305 3680 σῖτον
1355 3621 1408 3678 ἐν
1439 3644 1514 3696 τῳ
1544 3644 1771 3703 σταχυι.
1850 3635 1986 3682 Οται

331 3705 392 3761 δὲ
443 3707 658 3784 παραδῷ
701 3713 728 3765 6
785 3713 1011 3792 καρπὸς,
1068 3711 1255 3776 εὖθέως
1299 3711 1616 3769 ἀποστέλλει
1673 3714 1736 3768 τὸ
1787 3711 1983 3792 δρέπα-

334 3816 449 3875 νον,
495 3795 576 3853 ὅτι
624 3799 954 3878 παρέστηκεν
1012 3803 1040 3858 6
1097 3800 1366 3880 θερισμός.
1431 3820 1459 3858 ι
1547 3799 1827 3858 Βασιλείαν
1893 3825 1984 3862 τον

335 3893 488 3966 Θεοῦ,
547 3888 644 3955 τὴν
700 3890 818 3967 περὶ
845 3891 990 3964 ἡμᾶς
1052 3891 1353 3966 οἰκονομίαν
1383 3912 1477 3948 του
1507 3898 1638 3949 Θεοῦ
1667 3890 1798 3954 νόει,
1831 3883 1981 3950 ’Ἅν-

331 3979 541 4054 θρωπος
571 3978 671 4051 μὲν
729 3978 829 4057 γάρ
885 3978 1026 4036 ἐστιν
1074 3978 1228 4041 αιῖντὸς
1259 3981 1287 4035 6
1319 3980 1474 4050 Θεὸς,
1507 3981 1534 4034 6
1567 3979 1854 4058 γενόμενος
1912 3981 1979 4039 δι’

2090 1834 2205 1893 bet.
2253 1838 2556 1899 auferetur
2605 1839 2677 1899 ab
2734 1858 2829 1903 eo.
2870 1865 2892 1893 ››
2934 1841 3019 1901 Ad
3076 1841 3431 1920 vigilantiam
3467 1844 3736 1903 hortatur

2089 1921 2428 2004 discipulos.
2461 1927 2668 1990 Videte
2699 1927 2881 2007 enim,
2915 1929 3128 2009 inquit,
3162 1930 3300 2010 quid
3322 1930 3734 2001 audiatis.nul-

2090 2013 2211 2074 lum
2266 2032 2337 2077 ex
2385 2016 2558 2077 dictis
2621 2019 2767 2078 meis
2817 2037 2914 2079 vos
2961 2018 3170 2098 fugiat.
3217 2019 3281 2080 In
3316 2039 3430 2100 qua
3458 2038 3735 2081 mensura

2086 2103 2271 2162 mensi
2296 2104 2948 2177 fueritis,remetientur
2983 2108 3082 2168 alii
3114 2109 3300 2181 vobis,
3337 2110 3447 2170 hoc
3481 2117 3569 2169 est
3595 2127 3737 2188 qua-

2083 2190 2196 2251 lem
2235 2211 2576 2255 mensuram
2613 2197 2957 2256 attentionis
3007 2197 3350 2277 attuleritis,
3389 2197 3520 2257 talis
3554 2198 3732 2259 etiam

2085 2278 2302 2341 utilitas
2332 2281 2497 2342 vobis
2553 2283 2807 2346 dabitur.
2863 2285 3110 2348 Auditor
3140 2288 3300 2348 enim
3337 2286 3385 2346 si
3415 2286 3736 2348 attenderit

2082 2380 2366 2445 quantum
2425 2380 2635 2449 potest,
2703 2391 2979 2449 maguum
3032 2373 3113 2435 illi
3166 2373 3541 2435 commodum
3579 2377 3737 2437 Deus

2086 2454 2246 2515 dabit
2273 2477 2286 2518 :
2321 2457 2411 2518 sin
2446 2463 2730 2520 remissus
2763 2461 3128 2540 t'uerit,juxta
3160 2463 3290 2541 ejus
3320 2461 3732 2523 remissionem

2085 2551 2142 2604 et
2171 2545 2398 2607 lucrum
2437 2549 2844 2612 ismn'nuetur.
2881 2549 2968 2611 llli
3003 2553 3160 2611 enim
3195 2552 3429 2612 dabitur
3473 2552 3569 2630 qui
3603 2551 3735 2614 ala-

2083 2649 2187 2692 cer
2213 2643 2382 2695 estet
2415 2637 2704 2716 diligens:
2740 2640 2812 2698 ab
2845 2658 2912 2698 eo
2936 2648 3128 2700 autem
3183 2641 3278 2718 qui
3321 2640 3504 2718 signis
3557 2641 3737 2702 fuerit

2079 2738 2148 2783 ac
2181 2723 2440 2800 ignavus.
2481 2730 2558 2787 tot
2588 2735 2718 2786 etur
2773 2727 2946 2788 etiam
3002 2730 3154 2806 quod
3211 2727 3442 2788 videtur
3487 2728 3730 2791 habere.

2084 2811 2330 2890 Propter
2361 2812 2649 2892 ignaviam
2709 2816 2866 2874 enim
2922 2816 3310 2894 exstinguitur
3343 2816 3519 2876 etiam
3555 2834 3734 2895 parva

2081 2901 2340 2962 scintilla
2389 2923 2563 2983 quam
2599 2903 2796 2975 habet,
2835 2922 2938 2982 pv-r
2987 2903 3349 2964 alacritatem
3401 2905 3729 2965 redaccen-

2083 2987 2262 3048 ditur.

2158 3165 2334 3229 Vens.
2365 3166 2618 3232 26-293:
2662 3169 2726 3230 Et
2764 3171 2997 3232 dicebat
3031 3194 3042 3229 :
3079 3171 3176 3231 Sic
3208 3178 3294 3230 est
3325 3190 3573 3249 regnum
3596 3170 3725 3252 Dei,

2074 3257 2574 3337 quemadmodum
2607 3260 2650 3319 si
2679 3259 2856 3319 homo
2870 3259 3051 3339 jar-iat
3071 3269 3398 3320 sementem
3424 3259 3481 3319 in
3511 3268 3726 3320 terram

2074 3364 2140 3406 ac
2163 3345 2419 3408 dormiat
2448 3357 2622 3428 atque
2660 3359 2936 3423 exsurgat
2972 3349 3066 3410 die
3095 3367 3164 3409 ac
3199 3357 3392 3424 nocte,
3437 3368 3728 3429 segesque

2073 3434 2384 3514 germinat,
2420 3455 2487 3498 ac
2519 3437 2798 3514 surgatin
2826 3438 3005 3498 altum
3043 3439 3179 3498 dum
3216 3438 3400 3500 uest-it
3431 3439 3727 3501 ille.Ultro

2073 3525 2230 3584 enim
2287 3534 2442 3587 terra
2491 3527 2827 3597 fructiﬁcat,
2889 3527 3140 3606 primum
3199 3527 3468 3606 herbam,
3510 3528 3728 3590 deinde

2071 3615 2626 3696 Spicampostremo
2658 3617 2898 3695 plenum
2931 3616 3284 3676 fermentum
3310 3618 3366 3677 in
3389 3618 3723 3695 Spica.Cum

2069 3713 2264 3765 autem
2316 3705 2634 3782 productus
2668 3705 2842 3764 fuerit
2895 3705 3139 3782 fructus,
3176 3706 3368 3764 statim
3408 3705 3581 3765 mittit
3612 3707 3720 3766 fal-

2069 3797 2521 3874 cem,quoniam
2559 3793 2725 3854 adest
2759 3793 2993 3854 messis.
3036 3817 3057 3849 ι)
3101 3794 3369 3872 Regnum
3410 3794 3515 3854 Uei
3542 3794 3723 3854 intel-

2067 3883 2180 3961 lige
2213 3884 2313 3944 Dei
2349 3893 2586 3964 prepter
2645 3903 2750 3943 nos
2811 3882 3303 3943 incarnationem.
3341 3882 3529 3942 Homo
3564 3884 3721 3943 enim

2077 3981 2166 4033 est
2213 3973 2341 4052 ipse
2393 3975 2571 4045 Deus,
2625 3974 2720 4052 qui
2785 3981 3025 4053 propter
3057 3990 3165 4032 nos
3209 3972 3394 4032 factus
3427 3981 3515 4032 est
3547 3972 3722 4032 homo

329 4065 476 4138 ἡμᾶς
535 4065 833 4146 ἅνθρωπος.
879 4069 1084 4143 Σπόρον
1135 4066 1190 4123 δὲ
1235 4065 1420 4124 ἕὸαλεν
1467 4067 1554 4126 ἐπὶ
1596 4070 1696 4135 τῆς
1728 4071 1852 4147 γῆς,
1899 4074 1996 4129 τοῦ

2091 4064 2292 4123 Semen
2325 4068 2518 4123 autem
2558 4062 2713 4122 misit
2741 4081 2919 4140 super
2947 4071 3187 4135 terram,
3225 4061 3528 4139 Evangelii
3564 4079 3718 4141 prte-

336 4154 660 4232 Εὖαγγελίου
707 4158 768 4213 τὸ
823 4157 1070 4235 κήρυγμα
1107 4173 1122 4190 ·
1166 4154 1348 4233 βαλὼν
1387 4154 1441 4212 δὲ
1486 4165 1700 4236 τοῦτον,
1731 4158 1988 4234 καθεύδει,

2091 4151 2398 4224 :ationem,
2425 4151 2643 4230 illoque
2673 4153 2933 4230 projecto
2967 4152 3203 4221 dormit,
3231 4151 3343 4211 hoc
3384 4161 3470 4210 est
3501 4169 3717 4211 ascen-

338 4241 636 4316 τουτέστιν,
697 4243 921 4311 ἀνῆλθεν
997 4246 1071 4307 εἷς
1156 4245 1423 4324 οὐρανούς·
1484 4243 1606 4301 ἀλλ’
1665 4246 1811 4322 ὅμως
1855 4247 1991 4327 ἐγεί-

2091 4240 2160 4300 lit
2194 4240 2251 4300 in
2285 4241 2468 4302 caelos
2501 4257 2514 4301 :
2548 4246 2807 4302 attamen
2867 4242 3050 4317 surgit
3105 4250 3272 4300 nocte
3307 4250 3362 4301 et
3418 4241 3533 4302 die.
3571 4244 3719 4301 Nam

334 4351 479 4405 ρεται
538 4333 697 4390 νύκτα
749 4335 836 4390 καὶ
886 4334 1114 4412 ἡμέραν.
1188 4335 1244 4392 Εἰ
1280 4335 1380 4413 γὰρ
1442 4335 1532 4390 καὶ
1591 4333 1856 4391 καθεύδειν
1912 4334 1993 4392 δο-

2091 4333 2344 4410 quamvis
2377 4330 2532 4391 Deas
2563 4329 2822 4389 dormire
2847 4329 3136 4407 videatur,
3167 4328 3353 4407 Sttl‘gll
3383 4337 3576 4389 tamen
3615 4346 3626 4389 :
3665 4337 3723 4389 et

334 4433 424 4475 κεῖ
480 4423 508 4477 6
553 4424 707 4496 Θεὸς,
753 4421 873 4478 ἀλλ’
903 4423 1156 4501 ἐγείρεται
1192 4437 1206 4453 ⁸
1257 4425 1417 4480 νύκτα
1461 4423 1582 4503 μὲν,
1615 4422 1740 4480 ὅταν
1766 4423 1850 4480 διὰ
1879 4431 1983 4482 τῶν

2091 4428 2251 4480 nocte
2284 4420 2545 4500 quidem,
2576 4419 2807 4498 quando
2841 4437 2946 4497 per
2979 4420 3333 4478 tentationes
3377 4419 3436 4478 in
3479 4420 3607 4477 t95
3630 4417 3722 4478 sui

335 4513 643 4586 πειρασμῶν
701 4513 775 4576 εἷς
818 4511 916 4579 τὴν
979 4511 1138 4570 αὐτοῦ
1191 4510 1472 4589 ἐπίγνωσιν
1543 4513 1687 4588 ἡμᾶς
1745 4513 1931 4587 ἀνιστᾷ
1965 4534 1976 4546 ⁸

2091 4509 2466 4586 :oguitionem
2503 4529 2607 4569 nos
2640 4507 2882 4569 suscitat
2922 4529 2933 4565 :
2979 4507 3074 4566 die
3126 4526 3288 4583 vero,
3341 4507 3575 4587 quando
3616 4526 3722 4587 per

332 4597 536 4675 ἡμέραν
591 4598 670 4671 δὲ,
738 4600 865 4658 ὅταν
909 4601 992 4656 διὰ
1033 4602 1138 4656 τῶν
1196 4597 1365 4668 ἡδέων
1422 4601 1513 4657 καὶ
1542 4602 1868 4680 εὖφροσύνων
1902 4605 1982 4661 οἱ-

2091 4598 2268 4659 ;uavia
2303 4599 2637 4677 etjucunila
2678 4607 2933 4657 nostram
2966 4597 3134 4656 vitam
3171 4598 3717 4658 modorelur.Cres-

334 4695 540 4764 κονομῇ
595 4689 694 4758 τήν
751 4689 1014 4768 ἡμετέραν
1067 4690 1235 4760 ζωήν.
1297 4690 1594 4757 Μηκύνεται
1640 4688 1695 4746 δὲ
1725 4694 1752 4747 6
1795 4694 1988 4772 σπόρος

2091 4689 2367 4750 :itautem
2398 4707 2600 4749 semen
2639 4687 2763 4767 ipso
2800 4687 3021 4757 nescio,
3059 4685 3230 4745 liberi
3265 4685 3423 4745 enim
3457 4685 3717 4746 arbitrrii

334 4776 408 4835 ὡς
465 4779 559 4833 οὒκ
619 4777 764 4835 οἶδεν
825 4779 978 4841 αὐτός
1015 4793 1028 4808 ⁸
1087 4776 1408 4844 αὖτεξούσιοι
1460 4779 1561 4857 γὰρ
1603 4778 1785 4855 ἐσμεν,
1823 4784 1909 4839 καὶ
1938 4782 1993 4839 ἐν

2091 4796 2188 4838 sun
2219 4797 2307 4845 us,
2346 4788 2403 4838 et
2433 4777 2491 4838 in
2518 4785 2716 4837 nostra
2750 4776 3039 4836 electione
3070 4775 3360 4853 Oportebit
3391 4793 3593 4834 semen
3628 4775 3716 4835 vel

334 4871 404 4940 τῇ
457 4865 690 4944 ἡμετέρᾳ
729 4867 1036 4947 προαιρέσει
1080 4879 1258 4923 κεῖται
1315 4869 1376 4924 τὸ
1426 4868 1517 4923 τὸν
1551 4867 1745 4941 σπόρον
1789 4869 1826 4938 ἢ
1885 4875 1979 4930 αὖ-

2091 4886 2367 4948 :rescere,
2408 4867 2490 4927 vel
2530 4885 2667 4927 non.
2696 4867 2900 4944 Neque
2933 4864 3090 4924 enim
3125 4865 3310 4924 coacti
3345 4874 3403 4924 et
3436 4881 3714 4924 necessa-

337 4951 574 5017 ξάνεσθαι
604 4956 638 5024 ἢ
683 4957 784 5031 μή,
844 4955 992 5014 Ἐπεὶ
1062 4955 1199 5032 μηδέ
1258 4955 1462 5034 ἀνάγκη
1521 4966 1979 5040 καρπνιροροῦμεν,

2091 4958 2155 5018 'io
2183 4959 2434 5018 fructum
2468 4955 2788 5027 aﬂ‘erimus,
2825 4954 2930 5014 sed
2983 4962 3216 5032 sponte,
3260 4954 3371 5014 hoc
3403 4962 3492 5014 est
3519 4973 3551 5012 (ι
3603 4972 3714 5014 no-

336 5041 453 5099 ἀλλ⁹
505 5045 776 5120 αὖτοματὶ,
837 5045 1126 5119 τουτέστιν,
1199 5044 1289 5126 ἀφ’
1365 5045 1566 5102 ἑαυτῶν
1619 5060 1981 5129 καρποφοροῦ-

2109 5047 2306 5127 ἱςὶρείε
2343 5065 2355 5108 :
2395 5047 2645 5125 primum
2703 5043 2941 5124 quidem
2997 5042 3240 5104 herbam
3296 5044 3604 5105 ﬂorentem
3648 5061 3714 5104 ac

2010 4477 2050 4526 D

1421 5179 1501 5243 Ex
1537 5181 1856 5246 collatione
1883 5180 2058 5244 codd.
2091 5184 2299 5242 Venet.
2327 5179 2387 5240 S.
2425 5178 2627 5240 Marci.

416 5312 554 5393 (53)
611 5313 756 5376 Cod.
805 5315 890 5379 26
940 5313 1102 5377 addit
1147 5332 1162 5377 ζ
1202 5317 1296 5372 Καὶ
1331 5316 1389 5372 οὐ
1432 5315 1591 5390 μόνον
1636 5314 1689 5371 ἐν
1733 5321 1809 5388 τῷ
1852 5319 1993 5388 αὖτῷ

339 5396 538 5471 μέτρῳ,
599 5394 737 5453 ἀλλὰ
791 5399 878 5453 καὶ
935 5397 1346 5474 προστεθήσεται
1382 5393 1592 5474 πλέον,
1658 5419 1695 5474 «γ
1744 5394 1815 5458 Et
1873 5413 1989 5457 non

341 5473 531 5617 solpm
563 5477 619 5536 in
653 5475 861 5539 eadem
915 5473 1234 5549 mensura;
1291 5473 1396 5538 sed
1448 5473 1586 5556 plus
1623 5473 1799 5538 etiam
1833 5475 1990 5556 adji-

345 5572 432 5616 (ιε
461 5573 551 5616 ur.
591 5579 614 5613 ιι

2155 5315 2278 5391 (54,
2316 5312 2476 5374 Idem
2511 5309 2668 5391 cogi”
2733 5309 2818 5364 ἐπ’
2874 5315 3048 5391 αὺτοῦ,
3083 5313 3221 5366 τουτ’
3257 5310 3386 5382 ἔστι,
3429 5317 3508 5369 ,εαὶ
3545 5317 3564 5367 ὗ
3599 5313 3712 5391 ἴχαει

2079 5397 2281 5469 σπέρμα
2314 5397 2551 5470 γνώσεω.
2588 5390 2866 5466 ἀρθιξςεκιι
2889 5389 2978 5444 ἀπ’
3007 5396 3179 5452 αὑτοῦ.
3211 5394 3304 5448 ,διὰ
3327 5394 3447 5471 γὰρ,
3483 5417 3515 5450 κ
3572 5416 3619 5454 τ,

2081 5499 2104 5527 α
2143 5472 2263 5533 Hoc
2295 5469 2400 5534 est.
2439 5483 2496 5534 et
2529 5469 2669 5531 illud
2705 5472 2857 5549 quod
2895 5469 3066 5531 habet
3097 5490 3297 5533 semen
3332 5469 3710 5551 Cognitionis,

2079 5552 2318 5614 tolletur
2346 5552 2419 5613 ab
2452 5570 2544 5612 eo.
2589 5577 2609 5602 ι
3545 5576 3547 5578 -
