4144 6212
337 336 454 408 537

1097 347 1536 413 ENARRATIO
1580 345 1652 409 IN
1700 344 2200 411 EVANGELIUM
2251 345 2508 405 MARCI.
2561 378 2636 388 —
2680 344 2844 407 CAP.
2894 348 2963 405 Υ.

3611 342 3727 407 538

334 482 535 560 γίνεται
611 480 808 557 λαίλαψ
865 482 1061 556 ἀνέμου
1116 478 1352 558 μεγάλη·
1426 502 1492 537 τα
1540 478 1594 536 δὲ
1624 479 1832 555 κύματα
1889 477 1982 535 ἱπ-

2077 474 2338 557 procella
2357 476 2516 540 venti
2539 493 2771 556 magna,
2781 484 2838 539 et
2858 477 3069 540 fluctus
3092 477 3401 543 irruebant
3419 478 3483 540 in
3502 480 3721 559 navim,

339 568 555 626 ὶϐαλλεν
628 572 700 636 εἷς
751 572 815 627 τὸ
870 569 1085 649 πλοῖον,
1146 569 1281 625 ὥστε
1348 571 1474 629 αὐτὸ
1529 568 1633 637 ἢδη
1664 571 1987 647 γεμίζεσθαι·

342 659 445 716 Καῖ
516 660 583 728 ἦν
644 662 799 724 αὐτὸς
843 660 927 717 ἰπὶ
955 666 1023 735 τῇ
1068 660 1279 737 πρύμνῃ
1332 659 1417 715 ἐπὶ
1459 661 1519 715 τὸ
1568 656 1990 737 προσκεφάλαιον

337 748 627 830 καθεύδων,
717 751 803 806 καὶ
880 748 1219 827 διεγείρουσιν
1300 749 1481 823 αὒτὸν,
1576 749 1664 806 καὶ
1745 746 1988 825 λέγουσιν

338 838 502 912 αὐτῷ·
571 839 887 915 Διδάσκαλε,
926 843 986 898 οὒ
1030 840 1179 915 μέλει
1212 863 1294 897 σοι
1328 839 1409 897 ὅτι
1442 838 1783 915 ἀπολλύμεθα
1818 860 1834 911 ;
1890 840 1989 896 Καὶ

335 925 638 1006 διεγερθεὶς,
701 928 987 1006 ἰπετίμησε
1044 938 1121 1005 τῷ
1180 929 1382 1005 ἀνέμῳ,
1445 930 1534 985 καὶ
1592 943 1727 985 εἶπει
1770 934 1839 1005 τῇ
1886 930 1986 983 θα-

334 1015 531 1093 λάσσῃ·
593 1018 803 1092 Σιώπα,
875 1019 1179 1100 πεφίμωσο.
1217 1020 1314 1077 Καὶ
1383 1018 1642 1075 ἐκόπασεν
1685 1020 1713 1075 6
1767 1016 1982 1093 ἄνεμος,

333 1106 426 1162 καὶ
482 1106 689 1185 ἐγένετο
746 1107 957 1186 γαλήνη
1020 1108 1254 1188 μεγάλη,
1317 1109 1403 1165 καὶ
1465 1107 1619 1164 εἶπεν
1672 1108 1879 1170 αὐτοῖς’
1928 1110 1988 1164 Τί

333 1192 498 1252 δειλοί
570 1195 684 1252 ἔστε
714 1197 852 1254 οὕτω
900 1218 915 1274 ;
967 1199 1086 1261 Πῶς
1120 1197 1401 1277 οὒκθὲχετε
1458 1198 1633 1253 πίστιν
1682 1218 1697 1272 ;
1736 1197 1833 1255 Καὶ
1863 1195 1993 1274 ἐφο-

332 1280 574 1353 ϐήθησαν
642 1284 803 1363 φόϐον
857 1285 1050 1365 μέγαν,
1109 1288 1197 1343 καὶ
1262 1285 1447 1364 ἔλεγον
1505 1285 1636 1364 πρὸς
1696 1282 1987 1353 ἀλλήλους·

334 1376 426 1436 Τίς
486 1374 585 1453 ἄρα
642 1373 792 1439 οὗτός
823 1374 987 1455 ἐστιν,
1021 1375 1100 1432 ὅτι
1145 1376 1231 1431 καὶ
1275 1377 1303 1431 6
1334 1373 1526 1450 ἄνεμος
1575 1374 1727 1449 καὶῆ
1755 1371 1993 1430 θάλασσα

329 1465 685 1520 ὑπακούουσιν
752 1468 893 1539 αύτῷ
928 1486 943 1540 ;
1024 1490 1045 1519 ε
1087 1464 1320 1528 ’Ἄλλως
1354 1464 1451 1541 μὲν
1480 1473 1645 1523 ταῦτα
1692 1462 1989 1542 διηγήσατο

332 1555 366 1609 6
423 1556 715 1632 Ματθαϊος,
751 1552 925 1617 ἄλλως
968 1553 1023 1610 δὲ
1054 1556 1081 1611 6
1127 1555 1363 1634 Μάρκος’
1411 1552 1448 1610 ἅ
1478 1555 1577 1633 γὰρ
1622 1552 1831 1617 ἰκεϊνος
1862 1552 1989 1609 εἶπε

2076 567 2153 628 ita
2185 574 2247 627 ut
2284 566 2383 627 illa
2418 567 2544 647 jam
2582 566 2957 647 impleretur.
3006 566 3078 628 Et
3110 576 3235 629 erat
3276 568 3405 648 ipse
3445 571 3504 631 in
3542 569 3723 652 puppi

2072 672 2255 735 super
2280 655 2531 718 cervical
2563 656 2897 732 dormiens,
2923 664 2981 717 et
3015 658 3266 721 excitant
3294 677 3453 733 eum,
3483 660 3722 723 dicunt-

2072 762 2187 824 que
2216 744 2302 807 illi
2336 763 2350 808 :
2390 747 2755 826 Praeceptor,
2790 765 2908 807 non
2940 754 3027 807 est
3059 746 3159 807 tibi
3190 765 3347 808 curae
3376 748 3529 828 quod
3559 748 3718 829 peri-

2072 833 2349 896 mus?Et
2400 835 2688 898 excitatus
2746 835 3076 917 increpavit
3145 844 3407 913 ventum,
3456 837 3723 919 dixitque

2072 923 2225 985 mari
2248 945 2268 984 :
2294 926 2471 1006 Tace,
2505 925 2874 988 obmutesce.
2909 927 2982 988 Et
3011 927 3349 1008 conquievit
3375 935 3609 1001 ventus,
3636 929 3720 990 fa-

2072 1021 2282 1095 ctaque
2314 1022 2403 1075 est
2455 1014 2853 1097 tranquillitas
2886 1034 3121 1096 magna,
3155 1027 3214 1077 et
3262 1018 3340 1078 ait
3377 1017 3536 1079 illis:
3569 1017 3719 1093 Quid

2072 1102 2263 1164 timidi
2287 1103 2430 1165 estis
2456 1104 2635 1167 adeo?
2654 1104 2764 1177 Qui
2796 1105 2860 1166 ﬁt
2888 1112 2951 1166 ut
2980 1124 3097 1166 non
3120 1106 3383 1169 habeatis
3413 1107 3724 1169 ﬁduciam?

2078 1189 2149 1253 Et
2180 1193 2501 1254 timuerunt
2558 1194 2773 1255 timore
2830 1212 3063 1273 magno.
3125 1195 3522 1277 dicebantque
3569 1197 3727 1260 inter

2078 1296 2211 1341 sese
2241 1301 2257 1341 :
2289 1280 2574 1353 Quisnam
2609 1282 2704 1343 hic
2737 1290 2849 1363 est,
2882 1283 3021 1364 quia
3053 1292 3264 1346 ventus
3293 1292 3353 1346 et
3380 1302 3541 1349 mare
3573 1284 3721 1348 obe-

2077 1368 2247 1430 diunt
2277 1369 2332 1431 ei
2354 1373 2383 1432 ἳ
2420 1394 2443 1429 ε
2479 1370 2667 1434 Aliter
2696 1372 2822 1434 haec
2862 1373 3152 1434 enarravit
3182 1375 3513 1447 Matthaeus,
3548 1376 3724 1438 aliter

2078 1460 2328 1519 Marcus.
2356 1460 2504 1522 Nam
2537 1478 2667 1541 quae
2699 1461 2797 1522 ille
2839 1461 2984 1523 dixit
3013 1462 3305 1536 diffusius,
3334 1464 3429 1524 hic
3461 1465 3519 1525 in
3551 1484 3719 1527 com-

2077 1548 2359 1629 pendium
2393 1552 2685 1611 contraxit
2718 1568 2731 1612 :
2768 1558 2827 1613 et
2860 1571 2892 1613 e
2922 1552 3155 1613 diverso
3186 1572 3320 1633 quae
3348 1553 3450 1615 ille
3481 1562 3720 1616 contra-

332 1642 681 1722 πλατύτερον,
762 1646 910 1708 οὗτος
995 1642 1315 1700 συνέστειλεο
1380 1644 1467 1700 καὶ
1576 1642 1895 1721 τούναντίον,
1955 1641 1982 1697 ἆ

2070 1636 2248 1713 ctius,
2277 1637 2373 1698 hic
2387 1638 2657 1700 diffusius
2674 1638 2820 1700 dicit
2866 1641 3134 1702 Assnmit
3157 1640 3336 1719 igitur
3364 1641 3523 1703 solos
3545 1642 3721 1704 disci-

333 1730 540 1796 ὶκεϊνος
606 1731 955 1805 συνέστειλεν,
1016 1735 1166 1797 οὗτος
1195 1730 1453 1789 ὶπλάτυνε
1489 1730 1637 1811 (57).
1690 1728 1982 1808 Παραλαμ-

2073 1725 2379 1806 pulos,qui
2400 1726 2580 1788 futuri
2614 1727 2881 1789 miraculi
2911 1738 3277 1809 spectatores
3305 1732 3717 1793 essent.Porro

331 1819 481 1878 ὃάνει
535 1822 621 1879 οὖν
676 1823 863 1898 μόνους
894 1824 1016 1886 τοὺς
1048 1823 1313 1897 μαθητὰς,
1360 1822 1551 1885 θεατὰς
1574 1830 1665 1880 τοῦ
1695 1818 1982 1897 μέλλοντος

2070 1833 2143 1876 ne
2175 1815 2603 1877 extollerentur
2632 1818 2786 1894 quod
2822 1817 2981 1898 ipsos
3012 1818 3272 1879 dimissis
3302 1818 3433 1880 aliis
3478 1837 3717 1884 assum-

332 1908 541 1967 ἕσεσθαι
597 1912 860 1987 θαύματος
916 1915 1104 1968 ποιῶν’
1164 1910 1258 1968 ’ίνα
1328 1909 1382 1966 δὲ
1420 1910 1497 1986 μη
1555 1910 1846 1985 ἔπαρθῶσιν
1904 1909 1983 1964 ὅτι

333 2001 458 2062 τοὺς
514 1998 706 2065 ἄλλους
767 2000 1046 2077 ἐκπέμψας
1081 2001 1267 2064 αὖτοὺς
1311 1999 1599 2079 κατέσχεν,
1631 1998 1816 2077 ἀφίησι
1847 1996 1982 2053 κλυ-

334 2086 675 2170 δωνισθῆναι,
733 2092 821 2147 καὶ
876 2090 987 2166 ἅμα
1044 2090 1126 2146 ἱνα
1183 2088 1359 2165 διδάξῃ
1412 2088 1734 2168 πειρασμοὺς
1782 2086 1978 2167 φέρειν,

339 2176 583 2235 Καθεύδει
653 2177 733 2253 δὲ,
796 2178 887 2235 ἵνα
920 2179 1106 2253 μεῖζον
1136 2184 1275 2259 φανῇ
1318 2180 1500 2243 αὐτοῖς
1532 2178 1591 2233 τὸ
1621 2180 1816 2251 θαῦμα,
1852 2176 1983 2255 πρό-

336 2288 486 2345 τερον
552 2268 938 2346 θορυϐηθεϊσιν·
1013 2271 1057 2325 εἷ
1086 2270 1185 2347 γὰρ
1216 2268 1568 2347 ἐγρηγορότος
1618 2275 1710 2324 τοῦ
1759 2272 1985 2345 Χριστοῦ

335 2358 362 2411 6
392 2355 592 2414 κλύδων
624 2356 857 2435 ἒγὲνετο,
891 2358 925 2425 ἧ
970 2358 1063 2415 οὒκ
1093 2356 1153 2413 ἄν
1179 2355 1540 2437 εφοϐήθησαν,
1572 2354 1607 2423 ἦ
1627 2356 1721 2413 οὒκ
1751 2353 1813 2410 ἂν
1842 2377 1983 2430 παρ-

337 2442 614 2505 εκάλεσαν.
643 2443 888 2527 Ἀφίησιν
944 2448 1032 2503 οὖν
1093 2446 1279 2509 αὐτοὺς
1314 2444 1462 2525 φοϐῳ
1491 2442 1728 2501 κινδύνου
1760 2465 1987 2523 περιπε-

536 2535 629 2591 ’ίνα
684 2538 755 2598 εἷς
809 2535 1056 2603 αἴσθησιν
1089 2543 1191 2600 τῶς
1238 2535 1395 2592 αὖτοῦ
1436 2532 1706 2610 δυνάμεως
1739 2532 1980 2597 ἔλθωσιν,

336 2622 484 2681 Ἐπεὶ
538 2625 641 2702 γὴρ
692 2626 812 2688 τοὺς
871 2626 968 2699 μὶν
1000 2623 1188 2690 ἄλλους
1220 2622 1439 2681 ἔϐλεπον
1488 2622 1979 2703 εύεργετουμὲνους,

333 2714 477 2769 αὐτοὶ
534 2711 587 2768 δὲ
617 2712 823 2777 οὔδενὸς
853 2716 1088 2771 τοιούτου
1118 2713 1457 2794 ἀπήλαυσαν,
1489 2711 1722 2776 κίνδυνις
1768 2713 1831 2779 ἦν
1882 2712 1981 2789 ῥᾳ-

331 2803 646 2881 θυμοτὲρους
717 2803 904 2868 αὐτοὺς
966 2804 1228 2882 γενέσθαι.
1292 2811 1581 2882 Συγχωρεϊ
1612 2800 1699 2857 οὖν
1734 2800 1980 2877 ἐπιγενέ-

333 2893 449 2947 σθαι
506 2894 597 2948 τὸν
653 2899 919 2971 χειμῶνα·
955 2891 1185 2949 καθεύδει
1244 2890 1297 2947 ὂὶ
1322 2891 1407 2948 ἰπὶ
1437 2893 1497 2947 τὸ
1557 2888 1980 2968 προσκεφάλαιον

332 2982 395 3035 τὸ
446 2988 538 3037 τοῦ
593 2980 799 3061 πλοίου,
874 2981 1076 3047 ξύλινον
1118 2980 1173 3037 δὲ
1203 3003 1412 3044 παντως
1444 2983 1513 3046 ἦν
1554 2989 1731 3041 τοῦτο.
1765 2988 1975 3035 Διυπνι-
2000 3008 2039 3060 C

332 3072 470 3135 σθεὶς
526 3069 605 3151 δὲ,
663 3071 883 3147 ἐπιτιμᾶ
966 3072 1215 3151 πρότερον
1271 3077 1346 3146 τῷ
1431 3069 1612 3144 ἀνέμῳ
1663 3067 1837 3139 (οὗτος
1882 3070 1981 3145 γὰρ

333 3159 475 3215 ἐστιν
546 3163 574 3217 6
602 3161 701 3228 τὴν
727 3158 991 3217 θάλασσαν
1022 3161 1304 3239 ἀγριαίνειν
1349 3158 1810 3237 παρασκευάζων),
1859 3157 1984 3213 εἶτα

331 3251 421 3304 καὶ
488 3248 749 3325 θαλάσσῃ.
813 3249 1073 3325 Ἐπιτιμᾷ
1125 3248 1178 3305 δὲ
1208 3250 1294 3305 καὶ
1326 3262 1443 3313 τοῖς
1472 3250 1764 3325 μαθηταῖς,
1800 3247 1872 3309 ὡς
1905 3247 1981 3321 μὴ

332 3337 519 3417 ἔχουσι
594 3339 787 3395 πίστιν·
854 3341 899 3395 εἰ
957 3340 1056 3418 γὰρ
1116 3339 1277 3418 εἶχον
1334 3336 1528 3410 πίστιν,
1583 3335 1890 3391 ἐπίστευσαν
1924 3333 1981 3389 ἅν

331 3425 415 3481 δτι
471 3427 558 3482 καὶ
615 3426 951 3503 κοιμώμενος
1009 3425 1221 3483 δᾷναται
1252 3423 1507 3490 ἀϐλαϐεῖς
1552 3424 1737 3485 αὖτοὺς
1787 3421 1981 3489 διατη-

328 3520 515 3594 ρῆσαι.
574 3514 823 3597 γ”Ελεγον
854 3516 907 3573 δὲ
951 3518 1080 3597 πρὸς
1112 3516 1399 3586 ἀλλήλους’
1436 3516 1523 3577 Τίς
1558 3511 1658 3591 ἄρα
1717 3511 1856 3569 ἆστὶν
1887 3512 1983 3569 οὗ·

330 3627 425 3670 τος
461 3621 478 3679 ;
542 3596 672 3663 ’Ἑτι
704 3607 802 3685 γὰρ
846 3596 1154 3687 ἀμφιϐόλως
1186 3606 1348 3685 εἶχον
1379 3605 1495 3681 περὶ
1517 3602 1696 3660 αὖτοῦ·
1730 3603 1857 3658 καθὸ
1887 3601 1985 3677 μὲν

327 3698 431 3773 γὰρ
483 3692 800 3772 ἰπιτάγματι
862 3697 1007 3772 μόνῳ
1046 3697 1145 3763 τὴν
1175 3693 1443 3751 θάλασσαν
1501 3690 1862 3765 κατεκοίμισε,
1888 3690 1986 3773 ⁸καὶ

328 3770 448 3841 οὔτε
527 3770 723 3862 ῥάϐδῳ,
776 3770 872 3849 ὼς
908 3788 936 3842 6
981 3786 1203 3856 Μωσῆς,
1264 3781 1379 3840 οὔτε
1411 3780 1690 3851 ἐπικλήσει
1720 3782 1793 3842 ὡς
1823 3782 1850 3835 6
1886 3770 1983 3837 Ἐ-

326 3871 574 3938 λισσαῐος
644 3876 734 3931 τὸν
792 3873 1081 3954 Ἰορδάνην,
1132 3875 1246 3931 οὔτε
1275 3880 1344 3949 τῇ
1392 3869 1601 3945 κιϐωτῷ
1644 3871 1716 3931 ὡς
1776 3868 1981 3935 Ἰησοῦς

328 3965 359 4018 6
388 3962 481 4019 τοῦ
514 3968 687 4037 Ναυῆ,
754 3961 839 4020 διὰ
886 3967 1041 4021 τοῦτο
1097 3964 1227 4042 ὑπὲρ
1283 3961 1559 4040 ἄνθρωπον
1620 3960 1802 4022 αὒτοϊς
1861 3954 2029 4013 ἆδόκει
2063 3971 2078 3986 ⁸

326 4074 474 4115 νετο.

949 4165 1197 4218 ΚΕΦΑΛ.
1270 4159 1345 4218 E’.

324 4247 451 4324 Περὶ
519 4254 611 4304 τοῦ
670 4247 955 4327 λεγεῶνος.
1032 4250 1152 4326 Περὶ
1210 4254 1308 4315 τῆς
1368 4246 1621 4327 θυγατρὸς
1690 4249 1781 4299 τοῦ
1810 4242 1977 4324 ἀρχι-

617 4326 947 4406 συναγώγου.
986 4331 1107 4407 Περὶ
1138 4335 1233 4395 τῆς
1280 4326 1684 4406 αἷμοῤῥοούσης.

408 4436 443 4475 ς
501 4418 597 4475 Καὶ
681 4416 843 4485 ἦλθον
894 4420 965 4483 είς
1037 4421 1097 4475 τὸ
1128 4420 1290 4496 πέραν
1321 4418 1418 4485 τῆς
1450 4414 1741 4485 θαλάσσης,
1776 4414 1848 4476 εἰς
1878 4413 1974 4481 τὴν

321 4506 510 4586 χώραν
581 4507 687 4563 τῶν
755 4505 1097 4587 Γαδαρηνων.
1162 4509 1257 4565 Καὶ
1301 4505 1556 4573 ἐξελθόντι
1601 4505 1744 4577 αὐτῷ
1794 4500 1855 4556 ἐκ
1882 4508 1973 4558 τοῦ

322 4594 531 4669 πλοίου,
595 4596 780 4660 εὒθέως
840 4596 1147 4667 ἀπήντησεν
1218 4601 1359 4671 αὐτῴ
1411 4595 1471 4651 ἐκ
1519 4601 1625 4651 τῶν
1697 4592 1970 4666 μνημε¹ων

323 4684 592 4758 ἄνθρωπος
648 4683 704 4741 ἐν
761 4686 1020 4762 πνεύματι
1082 4687 1359 4766 ἀκαθάρτῳ
1388 4685 1447 4749 ὅς
1508 4686 1605 4753 τὴν
1661 4701 1969 4766 κατοίκησιν

324 4774 483 4853 εἶχεν
543 4774 598 4831 ὲν
662 4788 779 4837 τοῖς
840 4777 1104 4851 μνήμασι,
1157 4765 1260 4833 καί
1295 4775 1411 4832 οὔτε
1490 4772 1733 4831 ἇὶλὺσεσιν
1808 4765 1970 4833 ούδεὶς

324 4861 534 4921 ἂδύνατο
594 4866 750 4921 ain-6v
822 4864 1006 4937 δῆσαι,
1080 4864 1165 4924 διὰ
1210 4867 1270 4921 τὸ
1302 4865 1456 4922 αὒτὸν
1488 4861 1746 4924 πολλάκις
1791 4856 1973 4923 πέδαις

322 4954 412 5010 καὶ
463 4952 675 5011 ἁλύσεσι
736 4952 989 5036 δεδέσθαι,
1047 4956 1134 5011 καὶ
1204 4953 1510 5011 διεσπάσθαι
1557 4950 1649 5007 ὁπ’
1696 4949 1851 5005 αὒτοῦ
1878 4947 1971 5009 τὰς

2068 1913 2287 1985 pserat,
2315 1913 2372 1966 et
2398 1914 2459 1968 ut
2483 1906 2694 1968 doceat
2723 1906 2999 1968 ferendas
3023 1907 3396 1983 tentationes,
3436 1909 3718 1990 relinquit

2067 2011 2170 2055 eos
2214 1995 2493 2075 procellis
2523 1996 2862 2076 periclitari.
2910 1995 3137 2058 Dormit
3180 2011 3402 2069 autem,
3433 2007 3496 2059 ut
3527 1999 3718 2079 majus

2065 2087 2351 2163 appareat
2396 2085 2772 2159 miraculum,
2808 2104 2941 2146 cum
2994 2087 3155 2165 prius
3185 2086 3408 2150 turbati
3440 2087 3715 2150 fuissent.

2067 2170 2213 2233 Nam
2247 2173 2299 2235 si
2330 2173 2630 2253 vigilasset
2659 2176 2954 2249 Christus,
2980 2184 3038 2237 et
3067 2176 3216 2237 facta
3246 2176 3452 2239 fuisset
3485 2187 3715 2258 tempe-

2068 2269 2211 2337 stas,
2243 2262 2334 2325 vel
2366 2282 2481 2325 non
2515 2263 2974 2338 timuissent,vel
3009 2284 3125 2326 non
3158 2274 3447 2327 orassent:
3472 2267 3720 2345 proinde

2071 2351 2338 2431 permisit
2372 2370 2474 2414 eos
2494 2352 2552 2413 in
2580 2362 2799 2414 metum
2827 2354 3077 2433 periculi
3125 2354 3411 2432 incidere,
3446 2373 3563 2435 quo
3592 2355 3714 2416 vir-

2070 2448 2253 2502 tutem
2278 2440 2465 2520 ipsius
2488 2442 2781 2503 sentirent
2806 2443 3350 2517 manifestius.Quia
3382 2444 3541 2506 enim
3563 2444 3718 2506 vide-

2069 2527 2210 2590 bant
2239 2530 2372 2592 aliis
2394 2530 2684 2593 beneficia
2700 2530 2850 2613 dari,
2887 2551 3020 2593 sese
3042 2541 3237 2594 autem
3275 2534 3435 2595 nullo
3456 2534 3551 2595 tali
3577 2534 3716 2609 frui,

2067 2619 2394 2699 periculum
2440 2628 2566 2681 erat
2612 2639 2687 2682 ne
2731 2622 2942 2683 tierent
2986 2622 3465 2700 negligentiores.
3518 2622 3721 2703 Itaque

2068 2716 2481 2789 tempestatem
2514 2708 2659 2770 oriri
2704 2710 3014 2789 permittit.
3047 2710 3229 2771 Porro
3260 2729 3439 2791 super
3468 2711 3717 2777 cervical

2065 2796 2469 2879 dormit,quod
2495 2798 2556 2858 iu
2585 2798 2719 2859 navi
2767 2808 2911 2879 erat,
2941 2799 3224 2859 nimirum
3259 2799 3717 2875 ligneumExci-

2066 2891 2217 2945 tatus
2257 2903 2417 2958 vero,
2447 2885 2703 2966 primum
2748 2885 3075 2966 increpavit
3120 2894 3356 2947 ventum
3402 2887 3525 2966 (hic
3556 2890 3713 2949 enim

2066 2973 2279 3053 estqui
2309 2975 2475 3036 ferox
2526 2974 2873 3036 reddiderat
2903 2976 3112 3057 mare),
3153 2975 3372 3037 deinde
3425 2984 3483 3037 et
3528 2995 3713 3040 mare.

2068 3060 2401 3142 Discipulos
2421 3072 2617 3125 autem
2633 3064 3057 3143 increpavit,eo
3074 3066 3229 3146 quod
3248 3084 3364 3126 non
3388 3066 3719 3130 habuerant

2066 3151 2422 3214 ﬁdem.Nam
2448 3152 2497 3213 si
2520 3154 2696 3215 fidem
2720 3153 3496 3236 habnissent,credidissent
3516 3157 3717 3236 utique

2068 3240 2223 3321 quod
2259 3248 2316 3302 et
2344 3242 2648 3305 dormiens
2680 3251 2881 3323 posset
2918 3243 3051 3303 illos
3082 3262 3320 3306 servare
3346 3244 3582 3306 illaesos.
3624 3246 3718 3306 Di-

2066 3331 2279 3392 cebant
2304 3339 2501 3393 autem
2532 3333 2689 3394 inter
2717 3351 2780 3394 se
2817 3355 2829 3396 :
2876 3332 3159 3405 Quisnam
3190 3343 3279 3397 est
3324 3334 3467 3399 hic?
3507 3335 3717 3397 Adhuc

2068 3419 2229 3480 enim
2262 3420 2338 3482 de
2368 3439 2441 3482 eo
2472 3420 2842 3484 dubitabant.
2877 3425 3166 3486 Caeterum
3199 3422 3526 3485 secundum
3559 3425 3714 3505 quod

2066 3507 2195 3569 solo
2242 3516 2539 3590 praecepto
2604 3528 2767 3571 mare
2824 3512 3072 3587 sedavit,
3136 3520 3195 3573 et
3248 3532 3363 3573 non
3424 3514 3613 3589 virga,
3655 3522 3719 3575 ut

2068 3601 2297 3678 Moyses
2352 3617 2514 3660 mare
2566 3618 2578 3661 :
2646 3618 2840 3680 neque
2902 3600 3292 3676 invocatione,
3351 3610 3414 3662 ut
3473 3600 3717 3663 Elisazus

2068 3688 2386 3750 Jordanem
2426 3707 2439 3751 :
2472 3708 2666 3771 neque
2695 3708 2852 3763 arca,
2886 3690 3147 3753 utJesus
3178 3689 3371 3752 Nave:
3402 3700 3717 3771 propterea

2068 3795 2249 3857 super
2278 3778 2581 3840 hominem
2614 3779 2733 3841 illis
2761 3778 3090 3842 videbatur.
3124 3779 3187 3840 In
3235 3797 3304 3839 eo
3332 3787 3524 3841 autem
3557 3780 3714 3860 quod

2066 3864 2368 3943 dormivit,
2397 3886 2633 3930 rursum
2668 3869 2751 3930 eis
2782 3869 2961 3930 homo
2992 3866 3318 3929 videbatur.

2140 3958 2268 4013 καθὸ
2326 3956 2379 4013 δὲ
2436 3958 2747 4034 ὕπνωττειν,
2805 3955 3073 4037 ἅνθρωπος
3126 3956 3286 4014 πάλιν
3330 3961 3513 4022 αὐτοῖς
3561 3957 3713 4037 ὶρίνᾶί-

2708 4154 2955 4220 CAPUT
2999 4157 3073 4217 V.

2189 4242 2277 4306 De
2306 4244 2542 4327 legioni:
2570 4245 2931 4327 daemonum1
2986 4244 3077 4306 De
3118 4244 3266 4327 ﬁlia,
3298 4245 3595 4325 principis

2384 4325 2748 4407 Synagogw.
2785 4327 2871 4386 De
2909 4324 3388 4387 hwmorrhoissa.

2139 4415 2319 4481 Vnus.
2357 4420 2525 4481 1-5..
2555 4421 2630 4480 Et
2659 4426 2949 4480 venerunt
2977 4419 3219 4496 trajecto
3255 4417 3402 4479 mari
3431 4418 3491 4479 in
3522 4417 3716 4497 regio-

2056 4524 2195 4568 nem
2227 4507 2698 4571 Gadarenorum.
2733 4509 3116 4589 Egrossoque
3147 4507 3203 4569 ei
3248 4507 3324 4569 de
3356 4508 3485 4569 navi
3516 4506 3711 4568 statim
3780 4512 3781 4515 “

2055 4598 2316 4659 occurrit
2374 4619 2407 4661 ο
2449 4599 2854 4661 monumentis
2911 4598 3090 4660 homo
3147 4598 3380 4679 spiritui
3426 4597 3715 4660 obnoxius

2054 4685 2389 4760 immundo,
2426 4688 2527 4769 qui
2557 4687 2923 4750 domicilium
2953 4685 3209 4749 habebat
3239 4687 3301 4748 in
3343 4704 3708 4748 monumen-

2056 4773 2225 4849 tis,et
2255 4795 2451 4859 neque
2480 4777 2704 4841 catenis
2726 4776 3036 4858 quisquam
3067 4783 3302 4857 poterat
3333 4794 3467 4837 eum
3501 4774 3706 4854 ligare,

2057 4874 2367 4945 propterea
2396 4866 2551 4947 quod
2584 4884 2718 4927 cum
2752 4883 2910 4946 saepe
2942 4863 3331 4945 compedibus
3382 4872 3441 4926 et
3484 4863 3711 4925 catenis

2058 4951 2290 5016 vinctus
2320 4955 2549 5037 fuisset,
2583 4953 2895 5036 discerptae
2945 4963 3144 5016 cssent
3196 4952 3268 5014 ab
3309 4953 3411 5016 illo
3459 4961 3707 5020 catenae.

1406 5083 1489 5147 Ex
1519 5082 1843 5147 collatione
1872 5085 2054 5148 codd.
2089 5088 2300 5154 Venet.
2335 5095 2399 5156 S.
2438 5094 2648 5156 Marci.

570 5213 731 5276 idem
764 5214 941 5289 C0d.,
978 5217 1138 5280 Οὗτος
1172 5214 1449 5279 ἐπλέτυνε,
1496 5214 1644 5271 Μετὰ
1674 5219 1765 5269 τοῦ
1794 5212 1982 5276 πλοίου

324 5291 552 5374 δοδλαδῆ,
616 5294 689 5374 ἰν
718 5299 764 5369 ᾧ
813 5297 879 5362 ἦν
924 5295 951 5351 6
991 5298 1235 5373 Χριστὸς,
1282 5298 1369 5352 καὶ
1401 5294 1536 5352 ἄλλα
1593 5294 1841 5374 πλοιάρια
1872 5295 1933 5363 ἦν
1962 5316 1975 5330 '

325 5372 617 5456 προσέθηκε
675 5373 730 5430 δὲ
780 5378 895 5455 περὶ
950 5372 1150 5456 τούτων
1202 5375 1311 5456 οὔχ
1352 5375 1581 5456 ἁπλῶς,Δ
1622 5372 1758 5429 ἀλλά
1807 5372 1973 5447 δεῖξαι

322 5453 487 5511 θέλων
534 5454 612 5511 ὅτι
641 5463 795 5511 τοῦτο
851 5453 1011 5531 μόνον
1069 5453 1419 5523 ἰκλυδωνίσθη
1468 5453 1584 5511 κατ’
1649 5456 1971 5529 οίκομονῖαν,

325 5534 729 5610 Παραλαμϐένει
774 5537 884 5609 οὖν,
938 5559 991 5598 κ.
1036 5558 1089 5600 τ,
1140 5536 1193 5599 λ.
1247 5559 1273 5592 ε
1330 5535 1435 5599 Hic
1490 5534 1761 5598 diffusius
1807 5533 1969 5605 dicit.

2065 5224 2355 5288 Cumnavi
2417 5226 2716 5288 videlicet.
2786 5226 2841 5286 in
2886 5241 3018 5303 qua
3069 5230 3196 5286 erat
3245 5222 3536 5303 Christus,
3582 5220 3713 5282 aliae

2066 5305 2241 5366 etiam
2284 5306 2568 5368 naviculae
2626 5312 2816 5367 erant.
2878 5301 2963 5364 De
3021 5302 3111 5364 his
3160 5320 3298 5364 vero
3345 5301 3707 5362 mentionem

2059 5384 2199 5447 facit
2243 5405 2360 5447 non
2388 5386 2727 5449 inconsulto
2757 5405 2773 5460 ;
2806 5384 2907 5446 sed
2940 5391 3003 5443 ut
3032 5384 3397 5456 ostenderet,
3431 5400 3560 5443 eam
3592 5399 3710 5443 non

2059 5466 2171 5548 nisi
2206 5465 2881 5548 divinagdispensatione
2914 5464 3189 5527 fluctibus
3204 5462 3479 5546 agitatam
3504 5462 3705 5525 fuisse.

2062 5545 2322 5608 Assumit
2353 5545 2548 5628 igitur,
2587 5573 2613 5603 ι)
2650 5554 2766 5609 etc.
