4144 6212
458 309 573 372 539
1422 309 2011 375 THEOPHYLACTI
2072 304 2480 371 BULGARI/E
2524 307 2877 373 ARCHIEP.
3724 308 3842 378 540

455 448 513 503 et
542 442 862 523 compedes
894 452 1093 505 essent
1120 444 1523 517 comminutae,
1557 462 1753 524 neque
1785 444 2088 525 quisquam

2185 437 2418 521 ἁλύσεις,
2480 444 2566 498 καὶ
2623 443 2717 507 τὰς
2789 442 2951 508 πέδας
3045 451 3436 530 συντετρίφθαιο
3508 450 3595 506 καὶ
3674 446 3839 512 οὖδεὶς

458 531 590 591 195
619 532 1042 594 valuisseteum
1067 534 1335 605 domare,
1373 542 1431 595 et
1453 551 1694 613 semper
1723 532 1821 595 die
1853 554 1919 595 ac
1941 543 2088 596 ηοοιι

2196 531 2352 586 αὐτὸν
2407 529 2569 609 ἴσχυε
2618 529 2875 606 δαμάσαι*
2944 536 3029 589 καὶ
3087 532 3170 589 διὰ
3221 529 3442 617 παντὸς,
3510 539 3693 600 νυκτὸς
3752 539 3843 592 καὶ

451 620 511 682 in
546 620 849 682 montibus
877 640 944 682 ac
969 624 1373 686 monumentis
1407 630 1540 685 erat
1559 622 1847 703 clamans,
1882 631 1940 683 et
1962 643 2088 684 coni

2189 618 2416 697 ἡμέρας,
2471 620 2526 674 ἐν
2583 635 2700 685 τοῖς
2730 622 2870 700 ὄρεσι
2900 623 2988 678 καὶ
3030 622 3084 677 ἐν
3128 640 3244 689 τοῖς
3289 628 3559 700 μνήμασιν
3593 629 3653 696 ἧν
3696 628 3829 704 κρά-

450 708 657 771 cidens
685 710 950 791 seipsum
975 710 1331 792 lapidibus.»
1366 710 1716 775 Probatiora
1745 714 2088 794 exemplaria

2184 712 2287 776 ζων
2361 710 2448 765 καὶ
2511 710 2863 766 κατακόπτων
2925 712 3107 769 ἑαυτὸν
3164 712 3344 781 λίθοις.
3382 738 3410 771 ι
3483 719 3559 776 τὰ
3616 714 3835 796 ἀκριϐέ-

448 799 687 874 habent,
722 800 782 862 in
837 802 1145 881 regionem
1189 804 1689 883 Gergesenorum.
1734 804 1911 864 Porro
1941 806 2088 867 Mat-

2182 817 2342 875 στερα
2400 804 2507 854 τῶν
2577 798 2939 885 ἀντιγράφων,
3006 802 3079 866 είς
3137 803 3235 870 τὴν
3295 805 3480 885 χὼραν
3512 808 3617 862 τῶν
3646 811 3847 884 Γεργε-

445 889 636 952 thaeus
665 888 817 951 duos
861 880 1003 958 dicit
1045 880 1339 953 daemonio
1370 890 1619 970 agitatas
1652 908 1667 953 :
1706 894 1933 953 Marcus
1956 912 2088 955 vero

2181 892 2381 962 σηνῶν,
2442 885 2583 967 ἔχει,
2648 880 2705 947 Ὀ
2764 889 2860 964 μὲν
2938 890 3026 947 οὖν
3077 896 3349 958 Ματθαϊος
3407 893 3495 952 δύο
3549 899 3685 952 εἶνοι
3717 895 3841 956 τοὺς

447 985 507 1041 et
548 977 735 1040 Lucas
771 998 981 1054 unum,
1028 980 1383 1042 atrociorem
1425 980 1699 1042 videlicet
1737 981 1796 1041 in
1830 982 2088 1044 medium

2180 970 2646 1052 δαιμονιζομένους
2699 976 2864 1056 λέγει*
2929 981 2957 1035 6
3027 978 3080 1036 δὲ
3113 982 3322 1061 Μάρκος
3370 984 3459 1040 καὶ
3532 985 3559 1040 6
3603 985 3829 1062 Λουκᾶς,

446 1068 838 1162 proferentes.
872 1071 1046 1132 Venit
1076 1070 1255 1162 igitur
1297 1069 1408 1162 qui_
1427 1068 1728 1162 daemonio
1746 1071 2088 1162 agitabatur,

2180 1060 2291 1118 ἕνα·
2349 1065 2441 1120 τὸν
2498 1066 2597 1145 γὰρ
2653 1063 3045 1162 ’χαλεπώτερον
3090 1060 3478 1146 ἒπιλεξάμενοι,
3524 1060 3827 1150 διηγοῦντιεί

442 1158 730 1219 conﬁtens
760 1157 927 1218 illum
961 1177 1093 1220 esse
1126 1158 1339 1221 Filium
1376 1158 1506 1221 Dei.
1539 1157 1829 1231 Quoniam
1874 1161 1933 1221 in
1975 1180 2088 1223 nav

2188 1154 2305 1231 περὶ
2377 1154 2555 1216 αὐτοῦ.
2623 1153 2898 1235 ’Ἐρχεται
2954 1159 3121 1215 τοίνυν
3153 1161 3180 1215 6
3222 1157 3674 1241 δαιμονιζόμενος,
3709 1161 3827 1217 Υἱὸν

442 1244 795 1307 dubitabant
833 1245 1110 1326 discipuli
1170 1255 1429 1327 quantus
1472 1245 1570 1307 hic
1619 1256 1797 1323 esset,
1862 1250 2088 1329 majori:

2188 1244 2340 1299 αὐτὸν
2398 1242 2673 1321 ὁμολοδῶν
2724 1245 2866 1301 εἶναι
2919 1252 3073 1310 Θεοῦ,
3146 1246 3299 1305 Ἐπεὶ
3382 1251 3481 1330 γὰρ
3539 1252 3587 1307 οἱ
3634 1249 3688 1307 ἐν
3753 1254 3829 1323 τῷ

443 1334 582 1395 ﬁdei
615 1334 678 1395 fit
700 1335 1103 1397 testimonium
1134 1336 1208 1397 ab
1248 1334 1509 1397 inimicis
1535 1354 1548 1398 :
1576 1352 1725 1416 quos
1751 1355 1865 1416 per
1889 1338 2105 1400 daemo-

442 1442 547 1485 nes
570 1422 855 1502 intelligo.
886 1422 1199 1486 Habitabat
1234 1432 1435 1486 autem
1461 1424 1522 1485 in
1553 1425 1871 1505 sepulcris,
1899 1428 2103 1490 volens

441 1511 783 1573 hominibus
833 1513 1046 1574 malam
1093 1513 1439 1593 opinionem
1485 1512 1730 1591 inferre,
1773 1517 1927 1594 quod
1968 1535 2102 1578 mo—

438 1602 724 1663 rientium
778 1602 997 1665 animm
1046 1603 1352 1665 daemones
1387 1603 1527 1664 [iant
1568 1625 1580 1666 :
1631 1605 1786 1683 quod
1837 1605 1989 1668 absit
2042 1616 2103 1669 ut

441 1691 579 1772 quis
609 1692 843 1755 credat.

524 1870 936 1935 VERS.6-10.«
965 1873 1110 1935 Cum
1133 1873 1377 1934 vidisset
1396 1883 1590 1935 autem
1617 1875 1817 1934 Jesum
1843 1875 2097 1958 eminus,

442 1960 710 2021 cucurrit
743 1970 800 2025 et
832 1962 1097 2023 adoravit
1129 1980 1288 2036 eum,
1322 1971 1382 2024 et
1412 1962 1675 2024 clamans
1704 1981 1847 2023 voce
1893 1983 2101 2044 magna

437 2047 587 2109 dixit
622 2068 634 2111 :
685 2049 840 2123 Quid
900 2050 1046 2111 mihi
1079 2058 1271 2112 tecum
1308 2061 1417 2128 est,
1451 2054 1611 2123 Jesu,
1646 2051 1754 2112 Fili
1788 2050 1895 2114 Dei
1925 2054 2097 2116 altis-

439 2138 616 2198 simi?
642 2139 852 2217 adiuro
875 2148 931 2199 to
964 2159 1072 2219 per
1093 2140 1390 2219 Deum,ne
1422 2160 1515 2201 me
1547 2141 2099 2222 torqueas.Dicebal

444 2226 604 2287 enim
652 2226 738 2287 illi
772 2246 784 2291 :
822 2227 951 2308 Exi,
986 2228 1229 2309 spiritus
1258 2228 1594 2300 immundo,
1626 2231 1698 2291 ab
1731 2231 1989 2293 homine.
2026 2226 2100 2295 Ει

443 2314 851 2391 interrogabat
910 2335 1095 2380 eum:
1160 2316 1329 2389 Quod
1391 2317 1495 2379 tibi
1562 2337 1780 2381 nomen
1839 2321 1976 2381 est?
2028 2326 2099 2385 Et

436 2403 745 2483 respondit
773 2403 980 2466 dicens
1012 2405 1065 2466 ei
1094 2426 1106 2468 :
1144 2406 1321 2483 Legio
1354 2407 1498 2466 mihi
1551 2426 1767 2468 nomen
1814 2416 1926 2490 est,
1958 2410 2096 2489 quia

443 2492 622 2555 multi
653 2512 879 2555 sumus.
913 2493 982 2555 Et
1012 2493 1443 2575 deprecabatur
1464 2512 1599 2555 eum
1633 2497 1902 2572 multum,
1934 2517 2007 2560 ue
2034 2518 2098 2561 se

437 2580 737 2643 emitteret
792 2590 960 2645 extra
1017 2585 1350 2662 regionem.
1397 2610 1416 2639 ι
1481 2583 1867 2648 Tormentum
1922 2607 2093 2649 suum

441 2677 651 2749 putant
683 2671 1011 2745 dmmones,
1060 2674 1110 2735 si
1162 2683 1450 2752 cogentur
1480 2676 1643 2738 exire
1690 2674 1763 2736 ab
1809 2677 2094 2743 homine;

440 2758 577 2821 ideo
611 2760 817 2823 dicunt
847 2781 861 2826 :
899 2763 983 2826 Ne
1015 2774 1313 2846 torqueas,
1352 2766 1463 2826 hoc
1488 2772 1602 2839 est,
1640 2784 1714 2828 ne
1746 2766 1963 2828 educas
1988 2788 2097 2829 nos

441 2866 510 2911 ex
543 2848 879 2915 habitaculo
908 2862 1133 2931 nostro,
1159 2854 1270 2916 hoc
1293 2862 1382 2915 est
1410 2854 1675 2918 homine.
1701 2854 1817 2918 Sed
1849 2864 1907 2917 et
1926 2858 2097 2919 aliter

2186 1327 2360 1403 πλοίῳ
2407 1330 2767 1412 ἀμφέϐαλλον,
2864 1337 3103 1399 ποταπὸς
3177 1336 3316 1394 ἑστιν
3365 1327 3539 1404 οὗτος.
3597 1340 3633 1408 ἡ
3690 1339 3829 1417 παρὰ

2186 1424 2291 1474 τῶν
2348 1419 2554 1501 ἐχθρῶν
2612 1423 2866 1503 μαρτυρία
2949 1425 3233 1506 πιστοτέρα
3284 1429 3507 1505 γίνεται·
3569 1426 3712 1506 λέγω
3763 1426 3829 1494 δὴ

2185 1514 2288 1563 τῶν
2353 1506 2641 1584 δαιμόνων,
2712 1512 2948 1585 Κατῲκει
2978 1511 3033 1568 δὲ
3090 1512 3144 1568 ἐν
3187 1528 3303 1579 τοῖς
3337 1516 3603 1595 μνήμασι,
3648 1538 3823 1582 πονη-

2185 1596 2278 1673 ρᾶν
2349 1597 2620 1674 ὑπόληψιν
2672 1598 2896 1657 ἐνθεῖναι
2966 1600 3288 1679 βουλόμενος
3345 1617 3462 1668 τοῖς
3508 1604 3821 1683 ἀνθρώποις,

2125 1685 2263 1777 Βὅτι
2326 1693 2431 1743 τῶν
2492 1688 2934 1755 ἀποθνησκόντων
2984 1692 3034 1747 αἱ
3093 1694 3263 1771 ψυχαὶ
3293 1690 3535 1769 δαίμονες
3569 1694 3823 1772 γίνονται,

2189 1764 2272 1832 t'0
2307 1775 2382 1851 μὴ
2412 1775 2617 1852 γένοιτο
2648 1778 2764 1833 τινὰ
2789 1782 3085 1838 πιστεῦσαι.

2270 1886 2292 1918 ε
2372 1861 2516 1921 Ἰδὼν
2571 1863 2625 1921 δὲ
2694 1867 2785 1922 τὸν
2834 1863 3040 1934 Ἰησοῦν
3074 1867 3177 1925 ἀπὸ
3207 1870 3489 1950 μακρόθεν,
3523 1868 3714 1949 ἔδραμε
3736 1872 3825 1928 καὶ

2181 1954 2576 2029 προσεκύνησεν
2629 1953 2792 2035 αὐτῷ,
2854 1958 2938 2013 καὶ
2993 1957 3186 2038 κράξας
3212 1966 3362 2041 (ρωνῇ
3394 1959 3627 2039 μεγάλῃ,
3671 1960 3822 2016 εἶπεν

2182 2041 2241 2098 Τί
2293 2041 2409 2117 ἐμοὶ
2462 2044 2549 2099 καὶ
2603 2045 2709 2124 σοὶ,
2743 2045 2939 2121 Ἰησοῦ,
3022 2047 3106 2103 Υἱὲ
3128 2048 3220 2105 τοῦ
3263 2055 3395 2105 Θεοῦ
3446 2048 3537 2105 τοῦ
3564 2050 3824 2125 ὑψίστους

2185 2120 2405 2210 Ὀρκίζω
2467 2153 2525 2187 σε
2596 2120 2704 2188 τὸν
2736 2135 2888 2214 Θεὸν,
2942 2136 3020 2209 μὴ
3052 2157 3118 2211 με
3149 2137 3462 2215 βασανίσῃς.
3488 2120 3699 2217 ’Ἔλεγε
3728 2120 3827 2218 γὰρ

2181 2221 2343 2293 αὐτῷ·
2406 2218 2653 2291 ’¹Εξελθε,
2727 2223 2786 2278 τὸ
2817 2230 3021 2297 πνεῦμα
3062 2225 3123 2281 τὰ
3151 2225 3464 2305 ἀκάθαρτον,
3502 2226 3562 2282 lx
3610 2234 3699 2283 τοῦ
3725 2227 3825 2283 ἆν-

2179 2310 2409 2387 θρώπνου.
2476 2311 2574 2368 Καὶ
2631 2308 2883 2390 ἐπηρώτα
2952 2315 3132 2388 αὐτὸν,
3206 2317 3264 2373 Τί
3314 2337 3398 2373 σοι
3455 2315 3671 2397 ὄνομα,
3730 2317 3826 2374 Καὶ

2180 2396 2459 2476 ἀπεκρίθη,
2526 2397 2724 2478 λέγων·
2787 2403 2993 2480 Αεγεὼν
3036 2403 3203 2479 ὃνομά
3234 2427 3351 2484 μοι,
3396 2403 3478 2461 ὅτι
3509 2396 3699 2463 πολλοί
3726 2405 3818 2461 ἑσ-

2182 2507 2303 2560 μεν,
2368 2488 2464 2544 Καὶ
2522 2488 2807 2567 παρεκάλει
2879 2491 3033 2547 αὐτὸν
3102 2491 3297 2573 πολλὰ,
3350 2494 3443 2550 ’ίνα
3501 2494 3577 2562 μὴ
3636 2497 3820 2559 αὖτοὺς

2181 2572 2470 2653 ἀποστείλῃ
2519 2574 2617 2641 ἔξω
2675 2582 2772 2643 τῆς
2831 2578 3037 2658 χώρας.
3101 2582 3335 2638 Βάσανον
3419 2584 3715 2657 νομίζουσιν
3770 2586 3819 2641 οἱ

2180 2659 2423 2737 δαίμονες
2477 2665 2538 2721 τὸ
2594 2663 2821 2730 ἐξελθεῖν
2881 2667 2940 2723 ἑκ
2980 2668 3072 2725 τοῦ
3099 2668 3393 2748 ἀνθρώπου,
3432 2671 3521 2727 Διό
3546 2694 3693 2753 φασι,
3730 2672 3818 2741 Μὴ

2179 2752 2490 2833 βασανίσῃς,
2565 2753 2822 2829 τουτέστι,
2898 2756 2974 2831 μὴ
3006 2755 3267 2837 ἰξαγὰγης
3290 2761 3435 2835 ἡμᾶς
3472 2758 3532 2817 ἐκ
3560 2770 3653 2820 τοῦ
3683 2783 3818 2818 κατ-

2177 2842 2484 2921 οικητηρίου
2553 2845 2735 2919 ἡμῶν,
2810 2842 2926 2911 ἤτοι
2979 2848 3070 2901 τοῦ
3133 2846 3426 2926 ἀνθρώπουο
3489 2850 3576 2905 καὶ
3644 2846 3819 2916 ἄλλως

440 2937 853 3041 existimabant
874 2942 1029 3023 quod
1052 2927 1297 3041 propter
1312 2943 1509 3021 gravia
1534 2963 1663 3041 quae
1683 2953 2088 3041 attentassent,

2176 2927 2252 3011 δὲ,
2326 2929 2567 3006 ἐνόμιζον
2624 2932 2704 2988 ὅτι
2762 2931 2846 2989 διὰ
2895 2934 2993 3001 τὴν
3054 2935 3346 3014 δπερϐολήν
3404 2945 3511 2994 τῶν
3540 2938 3630 2996 ὑπ’
3652 2944 3822 2999 αὐτῶν

2244 3019 2262 3041 Ἴ
2422 3021 2431 3037 '
2657 3024 2671 3041 θ
2780 3023 2794 3041 9
2849 3022 2887 3041 UP
3100 3024 3113 3041 θ
3127 3023 3145 3041 κ
3161 3023 3179 3041 λ
3201 3027 3213 3041 \
3428 3024 3451 3041 σι
3474 3026 3485 3041 Ι
3674 3031 3688 3041 α
3763 3029 3775 3041 ι

436 3046 553 3089 non
586 3028 740 3091 ultra
771 3019 1237 3111 passurus-esset
1269 3019 1454 3113 ipsos.
1487 3019 1590 3094 sed
1620 3053 1752 3095 mox
1785 3019 2088 3115 suppliciis

2176 3019 2564 3096 τολμωμένων,
2616 3024 2716 3079 οῦκ
2771 3022 3029 3089 ἀνέξεται*
3090 3023 3228 3081 ἆλλὰ
3279 3024 3577 3105 παραδώσει
3634 3029 3821 3094 αὐτοὺς

436 3107 785 3195 traditurus,
816 3119 1041 3184 idcirco
1074 3129 1133 3183 et
1163 3107 1332 3183 orant
1367 3141 1440 3183 ne
1470 3141 1535 3184 se
1564 3107 2085 3205 torqueat.'I'nter-

2175 3107 2406 3167 ἐντεῦθεν
2474 3109 2576 3179 ἤδη
2637 3118 2704 3189 τῇ
2752 3112 2992 3170 κολάσει·
3048 3112 3132 3170 διὰ
3187 3119 3340 3173 τοῦτο
3422 3117 3511 3172 καὶ
3565 3139 3815 3196 παρακα-

436 3213 603 3283 rogat
626 3214 824 3268 autem
870 3207 1037 3270 illum
1071 3209 1380 3285 Dominus,
1416 3230 1532 3272 non
1588 3195 1830 3292 ut'ipse
1872 3213 2083 3289 discat,

2174 3195 2347 3254 λοῦσιν
2408 3198 2469 3255 ’ία
2519 3204 2597 3267 μὴ
2665 3202 2926 3279 βασανισῃ
2985 3201 3195 3267 αὐτούς.
3260 3201 3462 3278 Ἐρωτᾷ
3494 3202 3548 3260 δὲ
3595 3195 3748 3261 αῦτὸν
3789 3208 3816 3263 6

437 3293 756 3389 sedptalii
788 3295 1019 3389 discant
1050 3300 1487 3362 multitudinem
1524 3286 1952 3364 daemoniorum
1986 3286 2087 3385 qui

2176 3286 2382 3360 Κύριος,
2434 3291 2535 3367 οὔχ
2605 3288 2699 3347 ’ίνα
2729 3292 2869 3367 μάθῃ
2900 3292 3076 3362 αὐτὸς,
3130 3290 3251 3349 ἀλλ’
3308 3292 3400 3350 ’ίνα
3430 3295 3477 3350 οἱ
3514 3291 3666 3351 ἄλλοι
3700 3294 3814 3369 μά-

436 3382 497 3443 ἱη
528 3383 642 3483 illo
661 3395 851 3483 erant.
883 3387 1371 3483 Quandoquidem
1400 3410 1559 3483 unus
1588 3393 1907 3483 apparebat
1929 3378 2083 3472 esse,

2174 3378 2299 3431 θωσι
2356 3379 2419 3433 τὸ
2481 3378 2680 3446 πλῆθος
2736 3386 2841 3434 τῶν
2898 3379 3238 3437 ἑνοικοόντων
3305 3383 3446 3457 αὖτῷ
3516 3380 3804 3459 δαιμόνων,

2174 3460 2227 3483 ἰε
2328 3463 2371 3483 δε
2488 3466 2499 3483 \
2628 3472 2645 3483 θ
2755 3467 2768 3483 9
2858 3468 2869 3483 1
3049 3466 3072 3483 ἢ
3109 3469 3119 3483 ο
3333 3472 3345 3483 ι
3394 3478 3429 3483 .-
3559 3473 3571 3483 ι
3662 3469 3688 3483 u

436 3474 696 3535 ostendit
724 3476 895 3537 Jesus
925 3496 1058 3539 cum
1086 3463 1228 3558 quot
1248 3479 1501 3541 inimicis
1532 3463 1889 3543 miserabilis
1910 3463 2087 3546 homo

2174 3463 2387 3532 Ἐπειδὴ
2445 3466 2544 3543 γὰρ
2599 3472 2679 3530 εἷς
2750 3467 3008 3548 ἐφαίνετο,
3044 3466 3296 3527 δείκνυσιν
3327 3472 3355 3527 6
3391 3473 3615 3549 Χριστὸς
3660 3469 3806 3537 ὅσοις

386 3594 391 3599 ο
435 3560 537 3623 ille
565 3570 841 3629 certaret.
1105 3550 1120 3558 ’
2170 3550 2385 3652 ἐχθροῖς
2417 3553 2667 3611 ἐπάλαιεν
2709 3558 2737 3613 6
2768 3555 2995 3621 ἐλεεινὸς
3026 3556 3230 3623 ἕκεῐνος
3273 3556 3569 3639 ἅνθρωπος,

515 3649 703 3715 Vsus.
730 3657 830 3717 11-
851 3658 1131 3722 Ι4.«Ει·ειι
1149 3666 1343 3720 autem
1369 3658 1448 3719 ibi
1469 3660 1637 3739 juxta
1661 3670 1917 3755 montem
1943 3680 2084 3740 grex

2258 3664 2279 3697 ε
2348 3642 2433 3699 Ἠν
2502 3642 2556 3699 δὲ
2586 3644 2701 3701 ἐκεῖ
2729 3646 2859 3724 πρὸς
2903 3653 2978 3721 τῷ
3009 3644 3121 3721 ὄρει
3151 3646 3318 3725 ἆγέλη
3350 3649 3549 3729 χοίρων
3601 3646 3814 3726 μεγάλη

435 3759 754 3822 porcorum
787 3766 1035 3826 magnus
1067 3767 1336 3829 pascens,
1364 3757 1421 3809 et
1451 3736 1930 3829 deprecabantur
1947 3736 2081 3814 eum

2174 3736 2502 3810 Βοσκομένη,
2561 3738 2656 3794 Καὶ
2711 3736 3075 3816 παρεκάλεσαν
3129 3740 3282 3794 αὐτὸν
3310 3740 3502 3803 πάντες
3546 3741 3594 3795 οἱ
3622 3737 3814 3813 δαίμο-

2208 3843 2217 3845 Α
2339 3823 2357 3845 ‘.
2385 3824 2394 3838 ¹
2694 3831 2736 3845 π
2754 3825 2763 3838 ⁹
2825 3831 2835 3845 ι
2978 3828 2990 3845 ρ
3056 3832 3079 3842 ν
3198 3828 3211 3845 9
3345 3827 3358 3843 κ
3516 3827 3527 3845 1
3726 3825 3751 3845 ν

432 3848 641 3892 omnes
670 3833 971 3899 daemones
993 3827 1263 3899 dicentes
1289 3858 1302 3899 :
1340 3837 1497 3898 Mitte
1523 3827 1632 3898 nos
1663 3838 1723 3899 in
1757 3858 1990 3918 porcos,
2026 3851 2088 3903 ut

2174 3843 2279 3896 νες,
2338 3827 2604 3903 λέγοντεςο
2694 3827 2913 3902 Πέμψον
2970 3828 3112 3902 ἡμᾶς
3171 3828 3243 3889 εἰς
3279 3827 3400 3890 τοὺς
3434 3827 3669 3907 χοίρους,
3726 3827 3816 3883 ἵνα

432 3918 492 3980 in
524 3938 624 3981 eos
653 3922 1043 3987 introeamus.
1100 3929 1167 3987 Et
1217 3926 1490 4006 permisit
1540 3926 1627 3988 eis
1657 3927 1854 3989 statim
1887 3928 2081 4005 Jesus,

433 4009 508 4097 Et
526 4012 749 4087 egressi
770 4014 1320 4093 spiritusimmundi
1344 4014 1592 4092 ingressi
1614 4024 1750 4076 sunt
1767 4017 1824 4077 in
1852 4037 2083 4097 porcos.

431 4096 498 4159 Et
534 4098 833 4163 ferebatur
886 4122 1026 4182 grex
1086 4123 1190 4183 per
1233 4122 1498 4184 praeceps
1552 4105 1611 4165 in
1664 4096 1861 4166 mare.
1903 4106 2087 4170 Erant

432 4196 626 4249 autem
660 4189 845 4253 ferme
878 4192 969 4254 bis
1013 4194 1199 4268 mille,
1234 4201 1293 4255 et
1321 4194 1589 4255 suilocati
1624 4204 1761 4256 sunt
1798 4195 1857 4256 in
1912 4199 2081 4262 mari.

433 4276 615 4339 Porro
647 4282 743 4358 qui
781 4281 1098 4361 pascebant
1119 4300 1352 4363 porcos,
1382 4283 1665 4363 fugerunt
1690 4290 1748 4345 et
1774 4286 2079 4347 renuntia-

431 4375 642 4428 verunt
671 4369 729 4430 in
762 4370 1081 4443 civitatem,
1118 4380 1173 4434 et
1204 4372 1263 4433 in
1291 4390 1485 4451 agros.
1521 4397 1540 4427 ι
1573 4372 1883 4436 Daemones
1915 4389 2087 4437 orant

434 4455 746 4518 Dominum
780 4478 855 4521 ne
886 4460 1147 4523 mitteret
1198 4480 1262 4522 se
1312 4468 1477 4522 extra
1508 4461 1837 4541 regionem,
1874 4464 1976 4524 sed
2023 4463 2085 4525 in

432 4564 672 4623 gregem
710 4566 1042 4627 porcorum.
1083 4548 1214 4630 Ipse
1246 4558 1443 4612 autem
1478 4550 1588 4611 hoc
1623 4550 1911 4631 permisit.
1939 4552 2086 4625 Quia

433 4635 592 4696 enim
617 4644 920 4700 certamen
937 4640 1152 4701 estvita
1177 4640 1900 4713 nostra,noluitDominus
1923 4651 2085 4704 extra

430 4724 584 4786 hanc
614 4725 782 4787 vitam
817 4736 1117 4790 daemones
1160 4747 1315 4809 esse,
1351 4738 1413 4790 ut
1444 4738 1740 4791 certantes
1769 4729 2081 4792 nobiscum

429 4831 537 4874 nos
568 4814 936 4893 probatiores
967 4825 1526 4879 commonstrarent.
1556 4817 1847 4879 Permittit
1882 4828 2078 4882 autem

429 4900 544 4964 illis
576 4903 795 4967 intrare
826 4907 885 4967 in
918 4926 1147 4987 porcos:
1179 4916 1243 4969 ut
1264 4907 1581 4980 discamus,
1608 4908 1763 4988 quod
1792 4910 1935 4970 sicut
1964 4928 2081 4972 non

431 5006 827 5072 pepercerunt
852 4997 1159 5076 porcis,ita
1184 5014 1375 5077 neque
1404 4996 1629 5057 homini
1656 4996 1739 5057 illi
1774 5002 2079 5077 pepercis-

427 5090 581 5156 sent,
616 5082 729 5144 nisi
760 5102 895 5145 eum
927 5084 1125 5146 divina
1154 5085 1338 5146 virtus
1363 5085 1749 5159 custodisset;
1776 5088 2077 5148 daemones

425 5169 587 5232 enim
614 5190 746 5233 cum
769 5172 995 5235 inimici
1015 5175 1195 5236 nostri
1219 5174 1361 5255 sint,
1384 5175 1650 5254 protinus
1674 5193 1780 5235 nos
1804 5175 2079 5238 concide-

426 5269 583 5334 rent,
607 5261 721 5322 nisi
746 5265 904 5325 Deus
926 5283 1031 5325 nos
1064 5273 1459 5327 conservaret.
1490 5263 1662 5325 Disce
1689 5273 1885 5325 autem
1920 5266 2073 5345 quod

429 5366 622 5431 neque
653 5349 711 5411 in
745 5370 957 5432 porcos
1007 5353 1226 5415 habent
1271 5362 1618 5435 potestatem
1650 5354 1973 5433 daemones,
2020 5364 2078 5415 et

431 5440 614 5498 multo
638 5438 835 5499 minus
859 5442 913 5501 in
942 5441 1232 5507 homines.
1264 5443 1373 5502 nisi
1410 5443 1709 5521 permittat
1744 5442 1899 5503 Deus
1948 5442 2075 5505 Ob-

426 5548 594 5591 serva
630 5530 757 5591 l06
787 5540 982 5591 autem
1020 5534 1173 5612 quod
1220 5533 1274 5592 in
1312 5534 1583 5593 homines
1624 5533 1720 5612 qui
1758 5551 2071 5613 porcorum

432 5636 597 5681 more
622 5620 843 5695 vivunt,
869 5630 925 5682 et
946 5621 1001 5681 in
1028 5621 1148 5683 Iulo
1177 5621 1489 5702 voluptatis
1513 5631 1842 5691 versantur,
1880 5622 2075 5700 ingre-

2172 3914 2243 3974 εἷς
2296 3913 2484 3977 αὐτοὺς
2516 3913 2850 3990 εἰσέλθωμεν·
2912 3917 2998 3971 καὶ
3045 3914 3330 3995 ἰπέτρεψεν
3388 3920 3571 3980 αὺτοῖς
3628 3915 3816 3980 εῦθὲως

2172 4004 2199 4057 6
2270 4001 2495 4069 Ἰησοῦς’
2570 4005 2658 4062 καὶ
2717 4001 2985 4069 ἐξελθόντα
3014 4004 3080 4059 τὰ
3109 4004 3382 4080 πνεόματα
3412 4005 3479 4064 τὰ
3523 4004 3811 4081 ἀκάθαρτα,

2170 4090 2411 4158 εἰσῆλθον
2484 4094 2555 4155 είς
2616 4094 2736 4156 τοὺς
2807 4093 3045 4173 χοίροός.
3107 4094 3203 4152 Καὶ
3258 4094 3508 4172 ὥρμησεν
3547 4095 3582 4162 ἡ
3644 4092 3811 4171 ἀγέλη

2168 4183 2303 4237 κατὰ
2388 4190 2478 4240 τοῦ
2547 4190 2784 4262 κρημνοῦ
2854 4185 2927 4245 εἰς
2957 4183 3052 4251 τὴν
3111 4182 3400 4242 θλλισσαν.
3454 4190 3600 4240 Ησαν
3648 4180 3703 4239 δὶ
3735 4184 3809 4247 ὡς

2168 4267 2439 4348 δισχίλιοι,
2503 4272 2590 4328 καὶ
2646 4270 2916 4349 ἒπνίγοντο
2970 4269 3025 4326 ἐν
3090 4276 3158 4348 τῇ
3183 4268 3446 4347 θαλάσσῃ,
3503 4272 3564 4340 οἱ
3591 4268 3645 4327 δὶ
3675 4270 3808 4347 βόσ-

2170 4380 2349 4424 κοντες
2406 4362 2526 4425 τοὺς
2584 4361 2823 4441 χοίρους,
2854 4359 3068 4440 ἔφυγον,
3099 4360 3189 4415 καὶ
3218 4358 3545 4438 ἆνήγγειλαν
3590 4360 3664 4421 εἰς
3710 4360 3809 4427 τὴν

2168 4448 2323 4504 πόλιν
2378 4452 2465 4506 καὶ
2527 4452 2599 4513 εἰς
2631 4451 2751 4513 τοὺς
2781 4450 2996 4529 ἀγροὺς.
3033 4469 3062 4509 ι
3114 4450 3173 4506 Οἱ
3203 4447 3301 4523 μὲν
3337 4446 3581 4524 δαίμονες
3612 4446 3809 4514 ἀξιοῦσι

2166 4541 2255 4595 τὸν
2309 4542 2495 4619 Κυριον
2548 4542 2625 4616 μὴ
2697 4539 3013 4598 ἀποστεῖλαι
3067 4539 3250 4603 αὖτοὺς
3323 4537 3421 4604 ἔξω
3449 4544 3549 4620 τῆς
3600 4540 3808 4620 χώρας,

2167 4628 2285 4684 ἀλλ’
2346 4618 2418 4695 εἰς
2490 4632 2587 4697 τὴν
2643 4630 2841 4709 ἀγέλην
2924 4636 3029 4685 τῶν
3086 4628 3285 4708 χοίρων
3342 4618 3639 4689 ἀπολῦσαιῖ
3755 4628 3807 4685 δὲ

2168 4732 2443 4799 συγχωρεῖ
2507 4726 2683 4780 τοῦτο.
2756 4717 2975 4787 Ἐπειδὴ
3036 4720 3135 4797 γὰρ
3222 4716 3519 4798 παλαίστρα
3576 4718 3714 4776 δστὶν
3780 4722 3809 4777 6

2166 4808 2276 4883 βίοις
2336 4811 2512 4883 ἡμῶν,
2573 4809 2666 4864 οῦκ
2723 4807 2981 4878 ἠθέλησεν
3055 4809 3081 4863 ὁ
3152 4806 3341 4884 Κύριος
3396 4805 3494 4874 ἔξω
3549 4815 3639 4864 τοῦ
3694 4807 3808 4884 βίου

2164 4899 2350 4956 τούτου
2433 4895 2691 4957 ἀπολῦσαι
2724 4898 2843 4963 τοὺς
2868 4894 3143 4976 δαίμονας,
3173 4897 3266 4951 ’ἱνα
3302 4894 3616 4963 παλαίοντες
3643 4899 3802 4976 ἡμῖν,

2165 4985 2549 5065 δοκιμωτέρους
2634 4988 2777 5062 ἡμᾶς
2866 4986 3209 5063 ἐγράζωνται,
3319 4986 3667 5067 Συνεχώρησε
3751 4982 3806 5042 δὲ

2166 5076 2347 5138 αὺτοῖς
2412 5077 2481 5139 εἰς
2536 5077 2654 5140 τοὺς
2712 5078 2926 5156 χοίρους
2986 5072 3261 5150 εἰσελθεῖν,
3295 5075 3368 5139 ὡς
3440 5073 3501 5130 ἄν
3559 5076 3808 5152 μάθωμεν

2160 5164 2241 5222 ὅτι
2293 5167 2472 5241 ὥσπερ
2530 5166 2635 5222 τῶν
2664 5167 2863 5246 χοίρων
2906 5163 3001 5221 οῦκ
3054 5162 3352 5243 ἔφείσαντο,
3405 5163 3573 5229 οὕτως
3607 5163 3714 5223 οὐδ’
3747 5163 3807 5221 ἂν

2160 5264 2253 5313 τοῦ
2325 5256 2595 5335 ἀνθρώπου
2646 5256 2843 5313 ἑκείνου
2899 5254 3200 5335 ὶφείσαντο,
3232 5253 3387 5330 εἰμὴ
3434 5254 3543 5311 θεία
3593 5252 3809 5330 δῦναμις

2160 5347 2225 5414 ἦν
2281 5349 2316 5415 ἦ
2371 5355 2696 5422 συντηροῦσα
2753 5346 2932 5402 αὐτόν’
3025 5346 3071 5400 οἶ
3149 5340 3391 5419 δαίμονες
3467 5345 3566 5425 γὰρ
3635 5340 3814 5425 ἒχθροὶ

2161 5435 2332 5513 ὅντες,
2390 5436 2689 5510 κατέκοψαν
2748 5434 2808 5491 ἄν
2857 5436 3004 5510 ἡμᾶς
3065 5433 3318 5512 αὖθωρὸν,
3377 5434 3420 5489 εἷ
3479 5434 3556 5509 μὴ
3601 5435 3630 5491 ό
3686 5434 3813 5497 Θεὸς

2163 5528 2431 5603 σμεργςρει
2492 5528 2656 5599 ἡμᾶς,
2721 5526 2956 5581 Μάνθανε
3032 5521 3087 5579 δὲ
3135 5524 3215 5580 ὅτι
3268 5521 3383 5582 οὐδὲ
3430 5524 3564 5579 κατὰ
3620 5523 3817 5604 χοίρων

3172 5614 3259 5668 καὶ
3336 5611 3519 5687 πολλῷ
3615 5611 3817 5689 μᾶλλον

2164 5617 2366 5695 ἔχωσιν
2419 5614 2647 5679 ἐξουσίαν
2709 5618 2753 5670 οἱ
2815 5612 3081 5694 δαίμονες,
