4144 6212
332 351 438 418 541

1074 358 1519 421 ENARRATIO
1562 358 1643 420 IN
1691 343 2194 419 EVANGELIUM
2245 353 2506 418 MARCI.
2556 387 2626 400 -
2673 355 2838 418 CAP.
2891 357 2963 414 ν.

3593 349 3713 415 542

328 492 462 548 κατά
517 492 824 573 ἀνθρώπων,
885 495 929 550 εἰ
986 494 1064 570 μὴ
1109 496 1446 574 συγχωρὴσει
1499 495 1526 550 6
1572 494 1725 558 Θεὸς⁹
1759 492 1865 548 νόει
1921 486 1974 544 δὲ

2068 487 2306 550 diuntur
2335 488 2657 563 daemones,
2693 496 2752 550 et
2798 487 3036 550 mittunt
3069 487 3203 550 illos
3250 484 3540 568 pracipiti
3569 503 3709 568 per-

328 580 407 636 an
461 584 554 637 καὶ
624 583 697 648 είς
747 583 868 647 τοὺς
934 583 1069 639 κατά
1136 585 1351 662 χοίρους
1396 586 1596 654 ζῶντας
1653 581 1982 662 ἀνθρώπους,

2069 576 2298 639 ditione
2327 577 2386 638 in
2425 596 2591 640 mare
2616 578 2796 657 hujus
2828 578 2978 657 vitae,
3012 586 3074 637 ut
3101 577 3492 638 suﬂ'ocentur.

332 672 417 727 καὶ
460 677 541 746 τῷ
571 669 810 750 βορϐόρῳ
839 674 936 740 τῆς
963 671 1160 740 ἡδονῆς
1193 671 1621 750 ὲγκυλιομένους,
1656 674 1729 736 εἷς
1759 672 1971 729 τούτους
2007 668 2336 747 εἰσέρχονται
2398 671 2443 726 οἱ
2503 666 2774 748 δαίμονες,
2819 670 2904 724 καὶ
2934 668 3195 744 ῥίπτουσιν
3225 667 3409 731 αὖτοὺς
3441 667 3582 722 κατά
3625 672 3712 720 τοῦ

338 768 579 840 κρημνοῦ
606 761 703 828 τῆς
733 760 1024 838 ἀπωλείας,
1063 760 1116 816 ἐν
1146 767 1212 837 τῇ
1240 759 1482 837 θαλάσσῃ
1511 761 1603 818 τοῦ
1633 762 1746 838 βίου
1770 759 1975 822 τούτου,
2011 758 2098 811 καὶ
2131 759 2535 835 ἀποπνίγονται,

413 873 436 904 ε
505 851 603 909 Καὶ
675 847 889 918 ἐξῆλθον
945 847 1076 905 ἰδεῖν
1149 851 1198 905 τί
1225 851 1338 905 ἔστι
1381 852 1442 905 τὸ
1495 850 1739 929 γεγονός.
1775 849 1874 907 Καὶ
1903 846 1983 926 ἕρ-

327 961 522 1020 χονται
580 940 712 1018 πρὸς
785 941 872 994 τὸν
924 938 1152 1018 Ἰησοῦν,
1228 940 1312 995 καὶ
1367 942 1618 1019 θεωροῦσι
1649 941 1740 996 τὶν
1786 936 1978 1005 δαιμο-

329 1030 600 1103 νιζόμενον
672 1029 993 1102 καθήμενον,
1052 1029 1140 1084 καὶ
1197 1027 1542 1104 ἱματισμένον
1611 1029 1698 1085 καὶ
1767 1049 1978 1107 σωφρο-

329 1127 534 1191 νοῦντα,
595 1119 685 1174 τὸν
757 1116 1035 1196 ἐσχηκότα
1064 1118 1153 1172 τὸν
1191 1115 1451 1195 λεγεῶνα,
1498 1119 1585 1174 καὶ
1615 1115 1975 1198 ἐφοϐήθησαν.

333 1208 668 1285 Διηγήσαντο
738 1203 791 1261 δὲ
848 1211 1028 1269 αὐτοῖς
1096 1209 1141 1263 οἱ
1195 1204 1420 1284 ἰδόντες,
1505 1212 1618 1273 πῶς
1653 1205 1859 1287 ἐγένετο
1904 1212 1979 1279 τῷ

327 1294 764 1374 δαιμονιζομένῳ,
823 1297 908 1351 καὶ
968 1299 1086 1371 περὶ
1144 1297 1248 1352 τῶν
1321 1297 1544 1374 χοίρων’
1603 1298 1692 1352 καὶ
1760 1293 1980 1375 ἤρξαντο

328 1384 661 1462 παρακαλεῖν
743 1386 898 1441 αύτὸν
955 1383 1206 1441 ἀπελθεῖν
1264 1385 1370 1441 ἀπὸ
1440 1390 1544 1441 τῶν
1577 1387 1729 1464 ὁρίων
1785 1387 1975 1442 αὐτῶνο

330 1474 426 1533 Καὶ
495 1471 752 1548 ὖμϐἀντος
815 1478 973 1532 αὺτοῦ
1017 1475 1090 1539 εἷς
1119 1475 1182 1530 τὸ
1225 1473 1444 1546 πλοῖον,
1493 1473 1780 1551 παρεκάλει
1826 1475 1978 1531 αὐτὸν

326 1563 355 1618 δ
406 1560 777 1632 δαιμονισθεὶς,
849 1562 941 1618 ’ίνα
989 1563 1024 1631 ἦ
1083 1562 1198 1638 μετ’
1265 1567 1442 1622 αὐτοῦ·
1503 1562 1610 1638 όδὲ
1649 1561 1856 1631 Ἰησοῦς
1887 1563 1979 1619 οῦκ

267 1675 272 1682 τ
327 1651 531 1730 ἀφῆκεν
589 1652 769 1729 αὺτὸν,
827 1650 964 1707 ἀλλά
1023 1651 1166 1730 λέγει
1245 1653 1412 1726 αὒτῷ-
1479 1635 1697 1732 ’ὶΐπαγε
1757 1655 1830 1717 εἰς
1889 1654 1978 1708 τὸν

328 1741 480 1798 οἶκόν
565 1763 659 1798 σου
703 1742 831 1819 πρὸς
875 1742 996 1806 τοὺς
1028 1743 1149 1804 σοὺς
1194 1743 1282 1798 καὶ
1319 1741 1634 1821 ἀνέγγειλον
1666 1747 1848 1805 αὐτοῖς
1879 1742 1978 1798 ὃσα

327 1852 411 1887 σοι
469 1831 496 1886 6
547 1831 732 1908 Κὺριος
789 1831 1073 1900 πετωίηκε,
1136 1833 1221 1887 καὶ
1251 1829 1454 1899 ἠλέησε
1483 1852 1565 1893 σε,
1601 1834 1695 1889 Καὶ
1748 1830 1976 1904 ἀπῆλθε,

2149 846 2325 908 Vens.
2360 846 2607 908 15-20”:
2635 845 2705 907 Et
2732 845 2954 926 egressi
2979 853 3113 906 sunt
3133 844 3202 906 ad
3224 843 3541 905 videndum
3570 841 3708 923 quid

2065 942 2221 996 esset
2265 935 2422 1015 quod
2472 935 2816 998 acciderat:
2869 942 2928 995 et
2976 933 3222 994 veniunt
3265 933 3336 993 ad
3388 931 3613 1004 Jesum,
3654 939 3711 992 et

2064 1022 2263 1085 vident
2295 1024 2458 1085 illum
2511 1025 2613 1104 qui
2645 1043 2677 1085 a
2705 1023 2998 1084 daemonio
3031 1022 3366 1101 vexabatur,
3402 1021 3706 1084 sedentem

2061 1131 2129 1174 ac
2153 1113 2424 1175 vestitum
2449 1122 2506 1174 et
2526 1132 2686 1175 sanae
2706 1113 2942 1186 mentis,
2965 1110 3364 1194 quihabuerat
3389 1109 3707 1188 legionem,

2063 1212 2118 1265 et
2153 1203 2494 1264 timuerunt.
2552 1203 2621 1265 Et
2675 1212 3060 1264 narraverunt
3111 1200 3231 1261 illis
3273 1200 3374 1280 qui
3418 1199 3705 1273 viderant,

2062 1291 2317 1371 qualiter
2346 1291 2659 1353 accidisset
2695 1301 2756 1354 et
2795 1291 2895 1370 qui
2926 1291 3285 1352 daemonium
3319 1287 3624 1367 habuerat,
3659 1295 3715 1348 et

2063 1381 2138 1442 de
2161 1381 2458 1462 porcis.Et
2481 1400 2692 1461 regare
2713 1390 3022 1461 coeperunt
3049 1399 3182 1441 eum
3205 1386 3266 1439 ut
3285 1377 3618 1439 discederet
3639 1377 3714 1438 de

2063 1469 2279 1531 finibus
2297 1470 2585 1551 ipsorum.
2622 1469 2845 1532 Etcum
2877 1471 3179 1549 ingressus
3201 1476 3357 1530 esset
3379 1466 3595 1540 navim,
3617 1483 3714 1527 ro-

2060 1558 2231 1638 gabat
2261 1559 2425 1621 illum
2479 1559 2580 1641 qui
2625 1560 2815 1621 fuerat
2861 1579 2896 1620 a
2938 1557 3232 1620 daemonio
3277 1563 3607 1636 correptus,
3649 1565 3712 1618 ut

2063 1656 2223 1710 esset
2246 1668 2378 1708 cum
2402 1648 2499 1710 illo
2526 1667 2539 1712 :
2572 1649 2745 1712 Jesus
2774 1657 2970 1709 autem
2997 1663 3115 1709 non
3144 1645 3417 1726 permisit
3437 1645 3709 1725 eum,sed

2061 1738 2142 1799 ait
2171 1737 2256 1799 illi
2292 1759 2304 1800 :
2355 1737 2463 1800 Abi
2499 1739 2553 1798 in
2580 1738 2821 1799 domum
2855 1745 3010 1798 tuam
3038 1737 3110 1797 ad
3141 1744 3293 1814 tuos,
3339 1741 3394 1795 et
3423 1733 3708 1794 annuntia

2061 1825 2179 1888 illis
2210 1835 2427 1907 quanta
2456 1826 2559 1888 tibi
2612 1827 2900 1888 Dominus
2950 1825 3183 1898 fecerit,
3236 1830 3294 1886 et
3334 1821 3609 1883 misertus
3639 1822 3712 1881 sit

326 1920 415 1975 καὶ
465 1917 658 1998 ἤρξατο
713 1919 992 1996 κηρύσσειν
1065 1918 1118 1974 ἐν
1149 1925 1218 1996 τῇ
1251 1919 1567 1990 Δεκαπόλει,
1605 1919 1703 1976 ὅσα
1730 1921 1980 1986 εποίησεν

2068 1915 2173 1979 tui.
2239 1917 2309 1978 Et
2356 1915 2519 1996 abiit,
2583 1925 2639 1977 et
2690 1915 2866 1996 rmpit
2925 1913 3252 1995 praedicare
3316 1911 3378 1972 in
3421 1909 3711 1998 ,Decapoli

328 2008 473 2082 αυτῷ
543 2009 570 2064 6
629 2006 860 2087 Ἰησοῦς,
925 2011 1010 2064 καὶ
1083 2009 1276 2073 πάντες
1308 2009 1620 2084 ἰθαύμαζον.
1659 2033 1686 2064 ι
1731 2006 1981 2076 Ἐξῆλθον

327 2098 427 2173 μὲν
482 2099 529 2152 οἱ
582 2102 680 2164 τῆς
737 2096 944 2161 πόλεως
981 2097 1186 2164 ἐκείνης
1231 2101 1363 2178 πρὸς
1393 2101 1484 2156 τὸν
1514 2099 1742 2173 Ἰησοῦν,
1774 2097 1980 2154 ἐκπλα-

327 2185 514 2263 γέντες
584 2187 645 2240 τὸ
692 2188 886 2260 θαῦμα·
948 2187 1267 2251 ἀκούσαντες
1323 2185 1400 2266 δὲ,
1431 2184 1764 2257 ἐφοϐήθησαν
1795 2185 1977 2243 πλέον·

332 2276 428 2331 Διὸ
510 2275 598 2330 καὶ
663 2274 1026 2353 παρακαλοῦσι
1074 2277 1165 2332 τὸν
1199 2273 1404 2344 Ἰησοῦν
1459 2277 1552 2332 ’ίνα
1575 2276 1756 2354 ἐξέλθῃ
1787 2279 1847 2332 ὲκ
1877 2283 1982 2332 τῶν

327 2363 485 2441 ὁρίων
568 2363 760 2424 αὖτῶν.
847 2363 962 2421 Ἐδε
994 2363 1252 2422 δοίκεισαν
1287 2367 1386 2444 γὰρ
1417 2367 1626 2441 μήποτε
1676 2368 1764 2422 καὶ
1794 2367 1979 2441 μεῖζόν

325 2476 378 2509 τι
437 2453 669 2513 πάθωσι.
730 2455 862 2517 Τοὺς
915 2454 1014 2531 γὰρ
1045 2455 1258 2533 χοίρους
1318 2453 1695 2528 ἀπολέσαντες,
1741 2457 1829 2512 καὶ
1882 2454 1980 2510 λυ-

328 2541 584 2609 πηθέντες
641 2543 725 2598 ὶπὶ
763 2548 831 2618 τῇ
874 2541 1134 2620 ἀπωλείᾳ,
1180 2550 1554 2621 παραιτοῦνται
1602 2546 1689 2601 καὶ
1721 2544 1818 2612 τὴν
1850 2565 1979 2623 παρ-

326 2631 504 2688 ουσίαν
561 2637 655 2687 τοῦ
726 2631 934 2708 Κυρίου⁶
997 2632 1024 2687 ὃ
1100 2629 1154 2687 δὲ
1254 2630 1609 2708 δαιμονισθεὶς
1696 2632 1980 2713 παρεκάλει

326 2722 508 2794 αὐτὸν,
566 2720 658 2776 ’ίνα
702 2719 886 2796 ᾗμετ⁹
931 2720 1106 2778 αὐτοῦ·
1147 2721 1392 2801 ἐοοϐεϊτο
1422 2724 1521 2802 γὰρ
1567 2725 1778 2798 μήποτε
1822 2725 1984 2798 μόνον

329 2810 566 2888 εὑρόντες
635 2809 790 2866 αὒτὸν
849 2812 895 2866 οἱ
959 2809 1225 2887 δαίμονες,
1272 2811 1432 2869 πάλιν
1476 2811 1764 2870 ἐπέλθωσιν
1816 2817 1978 2886 αὐτῷ.

333 2889 391 2958 Ὀ
450 2896 503 2955 δὲ
535 2899 723 2978 Κύριος
769 2899 987 2956 ἀπολύει
1019 2902 1174 2957 αύτὸν
1205 2903 1276 2966 εἰς
1310 2903 1400 2958 τὸν
1431 2903 1584 2958 οἶκον
1620 2905 1800 2982 αὒτοῦ,
1834 2900 1980 2958 δεικ-

329 2989 465 3044 νύων
520 2991 660 3062 αὒτῷ
712 2989 791 3044 ὃτι
848 2988 945 3044 κᾶίν
990 2990 1068 3064 μὴ
1118 2993 1271 3048 αὐτος
1330 2997 1494 3070 παρῇ,
1531 2989 1651 3046 ἀλλ’
1695 2990 1792 3068 ἥγε
1823 2989 1982 3045 δύνα-

332 3097 420 3150 μις
466 3078 620 3134 αὖτοῦ
647 3077 736 3132 καὶ
804 3078 838 3145 ἡ
898 3079 1162 3146 ἐπισκοπὴ
1233 3077 1445 3159 φυλάξει
1508 3079 1686 3152 αὑτὸν,
1746 3078 1855 3154 ἅμα
1900 3077 1977 3158 δέ,

329 3166 354 3185 ﬂ
543 3165 558 3186 \
681 3165 690 3182 ⁸
894 3166 917 3186 ν
1041 3168 1053 3186 ς
1146 3168 1158 3187 ν
1298 3168 1309 3188 1
1472 3165 1489 3188 9
1579 3169 1591 3185 ἢ
1705 3177 1726 3186 ν
1809 3167 1821 3185 \
1862 3163 1882 3188 Γ

339 3188 423 3220 ινα
475 3187 562 3221 και
611 3165 816 3244 ἐτερους
885 3170 1084 3245 οραθεις
1130 3166 1411 3247 ωφελησῃ,
1496 3165 1605 3247 Ιᾷου
1635 3191 1758 3246 γοῦν
1790 3170 1982 3244 ἢρςατο

329 3255 634 3334 κηρύσσειν,
702 3256 786 3312 καί
845 3255 1037 3320 πάντες
1095 3257 1410 3331 ἐθαὺμαζον,
1501 3238 1646 3336 "Op:
1679 3254 1733 3311 δὲ
1790 3256 1876 3311 καὶ
1924 3256 1983 3310 τὸ

332 3343 526 3425 ἄτυφον
565 3352 656 3402 τοῦ
687 3349 958 3424 Σωτῆρος.
995 3346 1101 3425 (ιῦκ
1135 3346 1288 3402 εἶπεν
1333 3344 1393 3402 ὅτ
1420 3393 1436 3425 ,
1501 3342 1856 3424 Ἀπάγγειλον
1887 3342 1984 3399 ὅσα

333 3457 416 3491 σοι
474 3435 767 3502 πεποίηκα,
837 3431 979 3509 ἀλλ’,
1058 3417 1205 3493 μΟσα
1236 3456 1318 3490 σοι
1364 3435 1655 3502 πεποίηκεν
1699 3436 1726 3490 ὁ
1773 3433 1981 3512 Κύριος.

332 3523 485 3582 Οὕτω
535 3524 622 3579 καὶ
690 3527 772 3597 σὺ,
833 3522 958 3579 ὅταν
991 3522 1184 3602 ἀγαθὸν
1231 3547 1282 3580 τι
1325 3525 1585 3605 ποιήσῃς,
1632 3524 1710 3600 μὴ
1755 3529 1981 3602 σεαυτῷ,

331 3611 467 3668 ἀλλά
493 3618 570 3686 τῷ
614 3619 729 3683 Θεῷ
770 3613 998 3668 ἀνατίθει
1029 3615 1088 3668 τὸ
1117 3612 1380 3692 πραχθέν,

421 3726 447 3755 ιι
515 3705 608 3759 Καὶ
665 3699 1078 3781 διαπεράσαντος
1110 3702 1203 3759 τοῦ
1233 3703 1434 3778 Ἰησοῦ,
1491 3701 1545 3757 ἰν
1583 3707 1657 3776 τῷ
1687 3700 1857 3776 πλοίῳ
1881 3703 1985 3758 πά-

295 3787 416 3848 ’λιιθ
472 3792 544 3856 εἷς
604 3793 668 3847 τὸ
724 3790 910 3870 πέραν,
958 3793 1201 3871 συνήχθη
1233 3791 1399 3871 ὁχλος
1457 3793 1622 3854 πολὺς
1684 3791 1776 3847 ἀπ’
1830 3790 1987 3848 αὖτὸν

331 3882 420 3936 καί
473 3881 538 3948 ἦν
568 3881 709 3956 παρά
763 3881 862 3947 τὴ,
921 3880 1213 3941 θάλασσαν.
1280 3883 1378 3938 Καὶ
1434 3878 1542 3936 ίδοῦ
1615 3880 1828 3961 ἔρχεται
1902 3882 1986 3946 εἷς

331 3977 439 4026 τῶν
510 3969 989 4049 ἀρχισυναγώγων,
1081 3969 1300 4044 ὀνόματι
1387 3969 1626 4050 Ἰάειρος.
1723 3971 1818 4029 Καὶ
1862 3968 1985 4026 ἰδὼν

332 4061 512 4130 αῦτὸν,
573 4061 752 4115 πίπτει
810 4061 939 4136 πρὸς
1001 4060 1119 4123 τοὺς
1195 4057 1359 4134 πόδας
1393 4061 1570 4138 αὖτοῦ,
1599 4061 1687 4116 καὶ
1741 4061 1980 4135 παρεκά-

332 4147 418 4204 λει
493 4149 648 4205 αὖτὸν
677 4145 875 4226 πολλὰ,
909 4146 1081 4226 λέγων
1125 4149 1227 4221 ὃτι,
1263 4150 1333 4205 Τὸ
1363 4148 1636 4227 θυγάτριόν
1680 4170 1781 4224 μου
1809 4148 1983 4227 ἐσχά-

334 4260 441 4299 τως
514 4237 654 4317 ’ἔχει’
727 4237 820 4293 ἵνα
851 4236 1012 4292 ἐλθὼν
1069 4237 1252 4314 ἐπιθῇς
1299 4237 1431 4313 αὒτῇ
1460 4228 1802 4318 τὰς’χεϊρας,
1837 4236 1982 4302 ὅπως

333 4331 481 4403 σωθῇ
539 4328 626 4383 καὶ
682 4327 921 4396 ζήσεται,
1001 4328 1094 4383 Καὶ
1153 4325 1356 4392 ἀπῆλθε
1442 4323 1559 4400 μετ’

330 4415 610 4485 ἠκολούθει
671 4417 811 4488 αὖτῷ
881 4415 1046 4495 ὄχλος
1102 4415 1290 4491 πολὺς,
1341 4416 1429 4471 καὶ
1460 4413 1756 4474 συνέθλιϐον
1802 4417 1980 4474 αὐτὸν.

335 4508 434 4566 Καὶ
491 4507 623 4584 γυνή
681 4527 760 4568 τις
834 4505 961 4561 οὖσα
991 4507 1046 4560 εν
1089 4505 1229 4581 ῥύσει
1253 4505 1484 4580 αἳματος
1515 4504 1610 4572 ἕτη
1642 4503 1865 4584 δώδεκα,
1898 4505 1984 4560 καὶ

1647 4329 1825 4384 αὐτοῦ·
1897 4336 1985 4388 καὶ

2065 2013 2282 2085 quanta
2304 2005 2416 2066 sibi
2437 2005 2669 2066 fecisset
2691 2003 2903 2074 Jesus;
2942 2013 2999 2064 et
3029 2021 3238 2064 omnes
3271 1997 3654 2060 mirabantur.
3682 2025 3703 2057 ι

2068 2095 2350 2156 Exierunt
2381 2094 2560 2173 igitur
2585 2094 2688 2154 viri
2725 2093 2884 2156 illius
2914 2092 3162 2154 civitatis
3185 2091 3255 2153 ad
3277 2091 3478 2150 Jesum
3503 2095 3703 2168 stupe-

2068 2184 2202 2245 facti
2227 2185 2540 2245 miraculo:
2570 2192 2778 2244 etcum
2808 2181 3133 2261 audissent,
3160 2181 3482 2241 timuerunt
3505 2177 3710 2255 magis.

2069 2273 2297 2336 Idcirco
2330 2281 2388 2334 et
2436 2275 2635 2332 Jesum
2682 2279 2890 2350 rogant
2938 2278 3000 2331 ut
3049 2268 3390 2349 egrediatur
3436 2283 3467 2324 a
3499 2265 3713 2326 finibus

2063 2361 2351 2442 ipsorum.
2373 2362 2724 2425 Timuerunt
2743 2361 2899 2422 enim
2923 2359 3237 2440 nequando
3261 2364 3319 2418 et
3341 2354 3531 2433 majus
3551 2354 3718 2435 quid-

2065 2450 2199 2511 dam
2238 2452 2552 2531 patiantur.
2602 2449 2711 2522 Qui
2760 2448 2919 2511 enim
2969 2447 3351 2529 perdiderant
3387 2460 3621 2525 porcos,
3658 2446 3714 2507 in

2068 2539 2402 2619 perditione
2433 2539 2702 2600 dolentes
2744 2547 3066 2620 precantur
3099 2546 3159 2596 nt
3199 2536 3372 2597 abeat
3400 2533 3709 2602 Dominus.

2067 2627 2352 2690 Caeterum
2387 2629 2437 2690 is
2483 2629 2583 2710 qui
2640 2627 2934 2689 daemonio
2982 2627 3226 2704 agitatus
3268 2626 3476 2702 fuerat,
3512 2625 3717 2688 orabat

2067 2717 2232 2778 illum
2289 2727 2351 2780 ut
2390 2738 2522 2780 cum
2577 2717 2706 2798 ipso
2758 2723 2960 2778 esset:
3017 2714 3260 2775 timebat
3290 2716 3476 2796 enim,
3537 2736 3609 2776 ne
3664 2716 3712 2778 si

2065 2807 2300 2890 quando
2327 2808 2628 2869 daemones
2649 2827 2782 2869 eum
2810 2804 3174 2867 invenissent
3192 2804 3626 2875 solum,iterum
3651 2821 3715 2865 se

2065 2896 2320 2958 adirent.
2348 2897 2421 2958 At
2444 2896 2728 2958 Dominus
2754 2893 2978 2956 dimisit
3013 2911 3146 2953 eum
3187 2892 3241 2951 in
3288 2891 3526 2953 domum
3559 2893 3710 2974 ejus,

2067 2986 2390 3048 ostendens
2414 2984 2468 3046 ei
2493 2985 2644 3063 quod
2678 2985 2815 3045 licet
2835 2983 2965 3062 ipse
2987 3001 3100 3042 non
3127 2979 3299 3053 adsit,
3321 2980 3714 3044 nihilominus

2066 3083 2261 3136 tamen
2288 3074 2470 3136 virtus
2485 3093 2591 3136 sua
2610 3083 2668 3136 et
2691 3072 2944 3133 visitatio
2969 3071 3259 3131 custodiet
3277 3089 3409 3130 eum
3429 3089 3442 3133 :
3470 3070 3718 3151 insuper

2065 3171 2129 3224 ut
2160 3175 2218 3226 et
2245 3164 2392 3228 alios
2425 3166 2706 3254 lucretur,
2762 3162 2858 3242 qui
2915 3161 3107 3241 ipsum
3152 3159 3333 3220 visuri
3377 3170 3599 3225 essent.
3643 3163 3717 3223 Et

2003 3285 2042 3336 ο
2069 3272 2209 3316 ecce
2239 3249 2791 3335 prtedicare'caapit,
2828 3258 2885 3312 et
2916 3267 3126 3312 omnes
3151 3249 3537 3313 mirabantur.
3565 3249 3715 3312 Vide

2071 3354 2265 3407 autem
2315 3365 2489 3426 quam
2537 3345 2767 3406 alienus
2819 3345 2893 3403 sit
2949 3360 2982 3402 a
3027 3340 3177 3403 fastu
3232 3338 3527 3404 Servator.
3584 3341 3713 3402 Non

2070 3434 2216 3495 dixit
2249 3455 2262 3494 :
2298 3434 2604 3497 Annuntia
2632 3452 2763 3510 quae
2793 3431 2906 3496 tibi
2938 3450 3068 3510 ego,
3106 3431 3235 3502 sed,
3265 3429 3408 3502 Quae
3435 3429 3541 3492 tibi
3584 3429 3719 3494 fecit

2069 3522 2376 3585 Dominus.
2414 3525 2512 3587 Sic
2561 3533 2616 3584 et
2650 3531 2706 3584 tu
2760 3521 2994 3602 quando
3029 3519 3246 3581 bonum
3282 3518 3422 3600 quid
3474 3519 3714 3595 feceris,

2072 3631 2146 3674 ne
2178 3613 2283 3674 tibi
2311 3613 2444 3694 ipsi.
2480 3613 2582 3674 sed
2617 3611 2870 3674 Domino
2905 3611 3122 3672 factum
3157 3606 3402 3669 tribuas.

2152 3704 2331 3766 Vens.
2364 3703 2559 3764 Ξι-εε)
2597 3725 2618 3756 α
2647 3700 2712 3762 Et
2747 3717 2880 3764 cum
2907 3695 3406 3760 transissetJesus
3426 3700 3554 3758 navi
3579 3716 3714 3759 rur-

2067 3812 2168 3855 sus
2197 3792 2256 3853 in
2286 3792 2630 3854 ulteriorem
2664 3791 2877 3870 ripam,
2914 3787 3186 3850 cenvenit
3226 3785 3408 3847 multa
3443 3787 3612 3847 turba
3643 3786 3712 3847 ad

2068 3900 2228 3956 eum,
2251 3891 2306 3942 et
2323 3890 2445 3943 erat
2473 3881 2632 3943 circa
2656 3897 2836 3942 mare.
2861 3877 2929 3940 Et
2951 3894 3092 3939 ecce
3119 3876 3280 3936 venit
3299 3875 3537 3952 quidam
3564 3876 3720 3955 prin-

2069 3972 2264 4052 cipum
2298 3962 2616 4051 Synagogte
2669 3968 2912 4031 nomine
2942 3968 3156 4040 Jairus,
3211 3973 3269 4026 et
3315 3983 3446 4026 cum
3478 3963 3721 4042 vidisset

2068 4079 2228 4136 eum,
2267 4061 2514 4140 procidit
2538 4061 2610 4122 ad
2645 4059 2828 4141 pedes
2858 4058 3009 4138 ejus,
3043 4065 3100 4117 et
3129 4054 3556 4135 deprecabatur
3581 4071 3715 4114 eum

2071 4150 2345 4224 multum,
2384 4149 2590 4212 dicens
2619 4169 2633 4213 :
2670 4147 2879 4213 Filiola
2912 4165 3041 4208 mea
3065 4146 3122 4208 in
3151 4144 3433 4207 extremis
3457 4151 3583 4206 est:
3615 4161 3719 4203 oro

2069 4250 2131 4300 ut
2172 4239 2372 4301 venias
2402 4247 2460 4302 et
2489 4239 2760 4320 imponas
2792 4237 2878 4299 illi
2938 4253 3171 4310 manus,
3225 4242 3287 4295 ut
3337 4232 3495 4294 salva
3546 4232 3619 4292 sit
3662 4236 3721 4292 et

2069 4328 2237 4391 vivet.
2269 4329 2342 4391 Et
2370 4329 2510 4391 abiit
2540 4347 2672 4392 cum
2707 4327 2832 4407 illo,
2869 4334 2925 4388 et
2969 4323 3327 4406 sequebatur
3355 4341 3491 4383 eum
3545 4320 3715 4382 turba

2071 4420 2274 4494 multa,
2309 4427 2366 4479 et
2397 4415 2872 4498 comprimebant
2909 4433 3066 4478 eum.
3101 4413 3172 4475 Et
3205 4411 3421 4474 mulier
3451 4409 3718 4492 quaedam

2070 4526 2198 4588 quaa
2219 4509 2406 4570 fuerat
2436 4505 2688 4569 obnoxia
2726 4504 3008 4585 profluvio
3045 4501 3347 4580 sanguinis
3368 4499 3539 4561 annis
3562 4499 3716 4560 duo-

331 4594 506 4652 πολλά
555 4597 791 4650 παθοῦσα
838 4596 938 4649 ὑπὸ
995 4593 1212 4649 πολλῶν
1265 4595 1481 4673 ἰατρῶν,
1534 4595 1620 4650 καὶ
1669 4591 1980 4662 δαπανήσα-

2070 4597 2604 4679 decim,fueratque
2628 4595 2810 4656 multa
2835 4588 3576 4674 perpessaacompluribus
3599 4606 3718 4649 me-

328 4707 401 4741 σα
457 4685 523 4739 τὰ
579 4683 702 4762 παρ’
761 4685 922 4749 αὐτῆς
987 4684 1180 4754 πάντα,
1237 4683 1324 4738 καὶ
1397 4682 1564 4757 μηδὲν
1621 4683 1980 4763 ὠφεληθεῖσα,

2069 4687 2237 4769 dicis,
2273 4677 2329 4750 et
2362 4688 2761 4765 insumpserat
2785 4681 2982 4743 omnia
3015 4699 3138 4753 sua,
3176 4697 3367 4769 neque
3397 4677 3716 4758 quidquam

330 4773 471 4831 ἀλλά
529 4772 734 4849 μᾶλλον
793 4774 864 4835 εἰς
903 4776 961 4828 τὸ
1005 4787 1194 4852 χε·’ρον
1253 4771 1495 4846 ἐλθοῦσα,
1555 4774 1826 4830 ἀκοῦσασα
1869 4773 1980 4851 περῖ

2068 4768 2394 4858 adjumenti
2417 4772 2822 4852 senserat,sed
2851 4774 3033 4849 magis
3058 4769 3116 4828 in
3141 4768 3401 4830 deterius
3421 4771 3666 4827 venerat
3702 4785 3714 4826 :

329 4874 426 4922 τοῦ
510 4860 709 4935 Ἰησοῦ,
758 4861 979 4920 ἒλθοῦσα
1007 4863 1060 4918 ἐν
1125 4869 1201 4935 τῷ
1233 4861 1388 4941 ὄχλῳ
1416 4861 1654 4939 ὄπισθεν,
1687 4861 1863 4938 ἥψατο
1894 4868 1980 4918 τοῦ

2068 4855 2203 4928 cum
2235 4865 2498 4927 audisset
2528 4864 2602 4924 de
2649 4863 2814 4934 Jesu,
2859 4861 3012 4920 venit
3049 4859 3106 4919 in
3141 4855 3310 4917 turba
3359 4875 3390 4915 τι
3445 4865 3629 4931 tergo,
3663 4862 3722 4912 rt

306 4953 540 5029 ’ἱματίου
588 4951 765 5008 αὒτοῦ⁶
802 4951 953 5028 ἔλεγε
983 4953 1082 5029 γὰρ
1125 4951 1227 5030 ὅτι,
1287 4950 1390 5009 Κόἱν
1453 4958 1558 5008 τῶν
1601 4953 1820 5028 ἱματίων
1889 4953 1977 5008 aii-

2071 4955 2256 5034 tetigit
2276 4956 2688 5016 vestimentum
2715 4949 2866 5030 ejus;
2893 4947 3124 5009 dicebat
3156 4944 3408 5018 enim,Si
3444 4945 3530 5034 vel
3553 4942 3720 5005 vesti-

332 5051 425 5100 τοῦ
478 5043 726 5118 ἀψωμαι,
831 5041 1161 5115 σωθήσομαι⁶
1241 5043 1327 5096 καὶ
1399 5040 1586 5104 εὒθέως
1645 5039 1902 5120 ἱξηράνθη
1951 5043 1980 5109 ἡ

2075 5033 2271 5105 menta
2294 5045 2420 5125 ejus
2440 5040 2876 5122 tetigero,salva
2899 5056 3021 5099 ero:
3052 5045 3108 5097 et
3131 5034 3442 5096 confestim
3468 5033 3723 5094 siccatus
3757 5088 3759 5090 .

334 5131 490 5210 πηγὴ
548 5137 637 5187 τοῦ
692 5133 924 5205 αἳματος
984 5129 1170 5206 αὒτῆς,
1208 5132 1296 5186 καὶ
1351 5129 1488 5209 ἔγνω
1535 5131 1612 5205 τῷ
1643 5131 1872 5205 σώματι,
1907 5129 1980 5187 ὅτι

2075 5142 2163 5194 est
2195 5121 2342 5196 fons—
2367 5121 2674 5212 sanguinis
2712 5129 2842 5206 ejus
2877 5147 2891 5190 :
2941 5135 2998 5190 et
3039 5123 3226 5187 sensit
3283 5141 3534 5203 corpore
3565 5121 3720 5212 quod

336 5222 485 5279 ἴαται
558 5223 663 5278 ἀπὸ
746 5221 847 5288 τῆς
905 5220 1190 5298 μάστιγος.
1231 5241 1254 5277 ι
1294 5221 1438 5277 Μετά
1467 5221 1527 5276 τὸ
1573 5219 1656 5276 ἐπὶ
1688 5228 1762 5295 τῷ
1793 5219 1980 5295 δαιμο-

2074 5231 2274 5284 sanata
2306 5207 2521 5284 esseta
2551 5219 2803 5299 flagello.
2852 5242 2874 5274 ιι
2929 5217 3066 5276 Post
3095 5213 3442 5275 miraculum
3476 5207 3630 5291 quod
3662 5207 3720 5270 in

336 5311 595 5387 vrCOpévrp
670 5314 864 5386 θαῦμα,
953 5307 1130 5388 ἕτερον
1181 5307 1454 5389 ἐργάζεται
1517 5311 1545 5365 6
1608 5310 1816 5389 Κύριος,
1889 5311 1980 5378 τὴν

2075 5313 2438 5374 daamoniaco
2488 5319 2706 5380 actum,
2759 5303 2916 5367 aliud
2951 5311 3228 5383 operatur
3279 5302 3405 5362 l97
3441 5299 3724 5360 Dominus

335 5403 593 5481 θυγατέρα
663 5408 753 5457 τοῦ
826 5400 1265 5480 ἀρχισυναγὼγου
1321 5402 1568 5455 ἆιισῖὠν⁹
1605 5398 1758 5478 Λέγει
1797 5399 1850 5455 δὲ
1895 5402 1980 5456 καὶ

2068 5400 2402 5463 suscitando
2422 5399 2600 5460 filiam
2625 5391 3504 5481 principisSynagoﬁgze._N_omen
3527 5395 3722 5481 autem

339 5493 398 5548 τὸ
448 5491 615 5566 ὄνομα
685 5497 777 5546 τοῦ
833 5488 1294 5569 ἀρχισυναγώγου,
1362 5487 1445 5544 διά
1531 5489 1649 5551 τοὺς
1705 5487 1980 5552 Ἰουδαίους

2070 5490 2256 5572 ipsius
2285 5489 2560 5570 exprimit
2583 5474 3165 5567 propterJudaeosqui
3192 5474 3724 5572 sciebantidquod

339 5581 460 5642 τοὺς
522 5579 721 5644 εἰδότας
797 5579 856 5636 τὰ
904 5579 1188 5655 γενόμενον
1245 5575 1332 5643 Ἐξ
1361 5579 1607 5654 ἣμισείας
1638 5577 1690 5633 δὲ
1742 5581 1980 5644 πιστὸςὸ

2068 5563 2281 5641 factum
2311 5563 2520 5642 fuerat.
2566 5563 2948 5638 'Dimidiatam
3005 5577 3200 5632 autem
3253 5567 3430 5630 fidem
3468 5563 3728 5655 habebat.

295 5670 496 5749 ’ἀνήρ’
554 5672 683 5728 καθὸ
723 5670 856 5746 ’μὲν
893 5669 991 5748 γὰρ
1049 5669 1234 5724 πίπτει
1289 5669 1430 5748 παρά
1477 5668 1594 5733 τοὺς
1654 5665 1840 5748 πόδας,
1900 5692 1980 5726 πι-

2070 5669 2157 5731 vir
2181 5668 2319 5745 ille;
2353 5664 2546 5731 ﬁdelis
2577 5664 2738 5730 enim
2773 5669 2922 5737 erat,
2958 5679 3028 5722 eo
3074 5657 3230 5741 quod
3271 5655 3622 5739 procidebat
3654 5651 3729 5716 ad
