4144 6212
314 330 438 393 549
1074 324 1514 390 ENARRATIO
1563 327 1639 388 IN
1687 317 2189 388 EVANGELIUM
2240 314 2493 377 MARCI.
2535 348 2611 358 —-
2656 314 2817 377 CAP.
2871 316 2971 377 VI.
3586 309 3704 376 550

313 459 375 517 δὲ
432 462 613 523 αὗτοτς
672 458 837 533 μηδὲν
884 458 1075 538 αἴρειν,
1124 460 1261 534 μήτε
1319 458 1517 537 πήραν,
1563 457 1702 531 μήτε
1745 455 1973 535 χαλκὸν,

2069 468 2279 531 panem
2293 447 2540 525 ,docens
2558 466 2663 529 per
2674 448 2799 510 hac
2814 448 2945 510 illos
2960 447 3337 511 adivitiarum
3360 448 3555 511 studio
3573 466 3703 510 esse

310 552 455 625 μήτε
512 546 689 627 ἄρτον,
757 536 1016 606 παιδεύων
1062 551 1247 612 αὖτοὺς
1293 549 1354 603 τὸ
1396 536 1841 626 ἀφιλοχρηματον
1890 544 1973 601 διὰ

2061 539 2282 601 debere
2315 537 2564 613 alienos,
2607 547 2667 600 et
2694 537 2851 619 quod
2883 536 2944 597 hi
2975 537 3079 627 qui
3105 538 3267 616 ipsos
3297 537 3514 617 vident,
3550 536 3703 599 bene

309 639 537 711 τούτων,
605 641 693 695 καὶ
736 641 809 697 ὡς
870 637 932 694 ἂν
991 641 1038 694 οἱ
1097 638 1320 715 ὁρῶντες
1381 637 1589 711 αὐτοὺς,
1630 634 1973 693 δυσωπὼνται

2061 628 2393 690 afﬁcientur
2414 645 2553 706 erga
2573 644 2678 688 eos
2698 628 2795 707 qui
2828 626 3270 715 possessionum
3295 635 3702 715 contemptum

313 726 529 806 αὐτοὺς,
583 729 681 794 τὴν
743 726 1119 803 ἀκτημοσύνην
1180 723 1518 790 διδάσκοντας
1566 722 1655 804 ἀφ’
1712 726 1785 782 ὧν
1830 726 1974 783 αὖτοὶ

320 815 493 893 μηδὲν
552 814 759 895 ἔχουσι.
819 818 905 881 Τίς
978 817 1077 895 γὰρ
1134 814 1257 873 ἰδὼν
1332 814 1425 870 τόν
1480 813 1777 871 ἀπόστολον
1837 816 1973 891 μήτε

321 906 523 983 πήραν,
572 907 709 980 μήτε
761 904 935 983 ἄρτον,
993 908 1053 960 τό
1093 904 1530 981 ἀναγκαιότατον,
1595 902 1835 983 αἴροντα,
1883 904 1975 959 οὒκ

324 995 391 1051 ἂν
487 994 927 1074 κατεδυσωπήθη,
1016 996 1104 1051 καὶ
1188 996 1319 1074 πρὸς
1407 994 1508 1060 την
1598 993 1973 1068 ἀκτημοσόνην

322 1082 619 1140 ἀπεδύσατο
904 1084 994 1143 Ἐν
1053 1089 1150 1159 μιᾷ
1206 1082 1261 1139 δὲ
1325 1084 1460 1156 οἰκίᾳ
1501 1083 1815 1158 καταμένειν
1875 1086 1973 1140 αὒ-

317 1174 445 1237 106;
487 1171 710 1247 κελεύει,
746 1174 838 1229 ἵνα
887 1175 965 1247 μὴ
1008 1171 1195 1239 δόξωσι
1239 1170 1325 1228 διὰ
1369 1173 1785 1251 γαστριμαργίαν
1844 1171 1972 1227 ἀκα-

312 1262 568 1318 τάστατοι
628 1262 797 1342 εἶναι,
855 1261 1047 1325 ἄλλους
1105 1259 1156 1327 ἐξ
1216 1259 1391 1317 ἄλλων
1450 1258 1781 1335 ἀμείϐοντες.
1836 1260 1971 1315 Ἀπὸ

313 1347 373 1404 δὲ
427 1356 530 1407 τῶν
601 1350 681 1425 μὴ
737 1348 1045 1430 δεχομένων
1088 1350 1273 1412 αὐτοὺς
1329 1349 1654 1405 ἕκτινάσσειν
1699 1347 1846 1425 λέγει
1878 1350 1968 1405 τὸν

313 1439 476 1518 χοῦν,
522 1436 853 1502 δεικνύοντας
910 1439 991 1495 ὅτι
1051 1439 1255 1514 μακρὰν
1299 1436 1417 1494 ὁδὸν
1475 1435 1717 1493 ἐδείδισαν
1747 1435 1813 1492 δι’
1871 1438 1965 1492 αὖα

314 1529 466 1608 τοὺς,
511 1530 598 1586 καὶ
640 1526 784 1585 οὒδὲν
841 1527 1145 1608 ὠφέλησαν,
1222 1527 1259 1595 ἢ
1315 1526 1395 1583 ὅτι
1447 1524 1589 1583 οὒδὶν
1662 1526 1753 1582 ἀπ’
1799 1526 1968 1583 αὒτῶν

2057 720 2330 790 doceant,
2367 734 2437 778 ex
2470 734 2539 777 eo
2566 716 2720 797 quod
2754 714 2867 797 ipsi
2898 715 3047 777 nihil
3074 714 3342 777 habeant.
3382 714 3525 788 Quis
3541 715 3701 778 enim

2055 807 2179 868 viso
2210 805 2479 887 apostolo
2509 806 2606 886 qui
2638 825 2827 886 neque
2856 823 3084 886 peram,
3110 824 3304 886 neque
3336 824 3575 886 panem,
3602 805 3703 887 qui

2060 896 2312 957 maxime
2335 896 2709 958 necessarius
2740 904 2852 967 est,
2887 894 3073 966 tollat,
3108 914 3223 955 non
3258 896 3407 956 bene
3437 895 3702 957 afﬁcere-

2060 993 2174 1059 tur,
2226 993 2285 1045 et
2332 1003 2395 1045 se
2442 984 2514 1045 ad
2568 983 2906 1045 divitiarum
2956 992 3361 1063 contemptum
3415 983 3702 1063 pararet?

2060 1075 2243 1135 Porro
2278 1074 2337 1133 in
2368 1092 2486 1134 una
2518 1073 2695 1134 domo
2728 1090 2830 1133 eos
2856 1091 3101 1134 manere
3124 1072 3318 1151 jubet,
3368 1091 3441 1134 ue
3468 1072 3704 1134 videan-

2060 1171 2154 1225 tur
2184 1173 2429 1243 propter
2474 1162 2946 1241 gastrimargiam
2996 1162 3401 1224 inconstantes
3442 1181 3595 1238 esse,
3628 1164 3701 1225 ab

2061 1252 2196 1313 aliis
2220 1251 2293 1312 ad
2315 1252 2459 1313 alios
2484 1260 2882 1314 transeuntes.
2911 1252 3082 1333 Apud
3104 1252 3236 1313 illos
3256 1262 3452 1315 autem
3471 1252 3571 1331 qui
3598 1272 3699 1315 eos

2060 1360 2177 1402 non
2211 1340 2528 1421 accipiunt,
2559 1340 2729 1421 jubet
2770 1351 2835 1401 ut
2881 1342 3175 1404 excutiant
3222 1342 3553 1424 pulverem,
3585 1343 3695 1404 de-

2053 1434 2459 1492 monstrantes
2493 1431 2651 1511 quod
2672 1430 2905 1509 longam
2925 1432 3075 1491 viam
3113 1438 3351 1510 propter
3371 1430 3503 1492 illos
3521 1450 3702 1495 vene-

2052 1519 2194 1595 rint,
2230 1524 2289 1579 et
2321 1519 2466 1580 nihil
2522 1518 2873 1598 profuerint,
2937 1518 3025 1579 vel
3086 1521 3241 1599 quod
3298 1520 3445 1582 nihil
3503 1521 3576 1582 ab
3618 1523 3705 1584 eis

319 1606 513 1698 ἴσχον,
574 1615 691 1675 οὖδὶ
740 1616 839 1674 κᾶν
888 1606 1045 1698 χοῦν,
1098 1615 1233 1673 ἀλλά
1275 1618 1362 1673 καὶ
1415 1624 1598 1673 τοῦτον
1657 1614 1969 1690 ἐξετίναξαν,

2061 1607 2419 1688 acceperint,
2454 1616 2514 1668 et
2543 1626 2618 1668 ne
2662 1608 2965 1687 pulverem
3009 1606 3275 1687 quidem,
3320 1626 3494 1688 quem
3527 1612 3701 1672 etiam

324 1706 463 1764 ὥστε
520 1708 662 1763 εἶναι
714 1712 871 1764 τοῦτο
946 1709 1018 1772 εἰς
1078 1708 1357 1786 μαρτύριον
1419 1708 1622 1785 αὐτοῖς,
1681 1706 1969 1782 τουτέστιν,

2061 1696 2252 1777 ipsum
2285 1697 2676 1767 excusserint,
2713 1698 2791 1757 ita
2821 1708 2886 1757 ut
2918 1697 3022 1756 hoc
3058 1696 3135 1756 sit
3185 1696 3244 1756 in
3298 1698 3701 1760 testimonium

325 1799 399 1859 εἷς
457 1796 704 1877 ἔλεγχον.
754 1794 929 1872 ’Δμὴν
984 1798 1083 1876 γὰρ
1143 1785 1284 1875 λέγω
1324 1798 1449 1872 ὑμῖν
1496 1794 1576 1852 ὅτι
1633 1795 1971 1876 ἀνεκτότερον

2061 1785 2200 1866 illis,
2236 1785 2347 1846 hoc
2377 1794 2466 1846 est
2496 1786 2555 1845 in
2579 1786 3133 1865 reprehensionem.
3158 1785 3346 1846 Amen
3378 1787 3537 1847 enim
3568 1789 3700 1851 dico

325 1885 471 1943 ἔσται
530 1872 791 1962 έοθόμοις
846 1886 883 1954 ἦ
931 1872 1226 1965 Γομόρῤοιςγ
1266 1886 1319 1942 ἓν
1359 1892 1427 1962 τῇ
1456 1888 1643 1964 κρίσει,
1676 1885 1713 1953 ἢ
1744 1872 1970 1961 τοϊς-μη

2061 1874 2220 1965 vobis
2250 1876 2406 1955 quod
2442 1874 2810 1938 tolerabilius
2842 1876 2951 1937 erit
2999 1872 3275 1965 Sodomis
3317 1886 3417 1937 aut
3446 1875 3701 1940 Gomor-

322 1974 769 2055 παραδεξαμένοις
827 1977 984 2052 ὑμᾶς.
1032 1964 1091 2034 Ol
1153 1977 1249 2052 μὲν
1302 1977 1402 2055 γὰρ
1453 1973 1743 2047 Σοδομῖται
1800 1975 1971 2032 κολα-

2061 1964 2180 2025 rhis
2212 1965 2272 2055 in
2306 1965 2404 2055 die
2426 1966 2635 2044 judicii
2680 1984 2860 2045 quam
2904 1965 2997 2027 his
3048 1964 3150 2045 qni
3182 1984 3299 2026 non
3331 1970 3703 2049 susceperint

321 2052 529 2129 σθέντες
597 2065 850 2139 ἐντεῦθεν,
884 2065 1235 2145 φορητότερον
1278 2052 1451 2121 ἐκεῒσε
1524 2064 1963 2135 κολασθήσονται.

2061 2071 2173 2116 vos.
2205 2052 2525 2116 Sodomita
2555 2056 2713 2115 enim
2747 2055 2934 2135 puniti
2984 2056 3042 2115 in
3094 2056 3203 2115 hoc
3243 2056 3483 2138 savulo,
3518 2059 3703 2120 levius

348 2166 363 2179 ,
412 2157 426 2177 ς
497 2156 520 2175 η
689 2159 703 2180 ,
1002 2157 1013 2175 ι
1316 2158 1327 2171 .
1455 2157 1469 2174 .
1544 2157 1556 2171 .
1642 2156 1654 2173 .
1724 2157 1734 2175 ,
1952 2175 1964 2189 .

328 2166 429 2213 hau
484 2176 619 2230 αμα,
654 2154 768 2214 ουδὲ
817 2154 1193 2222 ἀπεσταλησαν
1240 2177 1371 2234 προς
1417 2176 1600 2217 αυτυυς
1633 2156 1916 2212 αποστολοι

325 2247 373 2300 οἱ
427 2242 492 2299 δὶ-
532 2246 611 2320 μὴ
666 2241 1079 2324 παραδεξάμενοι
1141 2245 1261 2309 τοὺς
1313 2244 1662 2315 ἀποστόλους,
1718 2244 1972 2324 χαλεπώο

320 2355 450 2411 τερα
479 2333 692 2389 ἐκείνων
722 2335 1011 2396 πείσονται.

413 2442 439 2478 ε
491 2424 585 2480 Καὶ
629 2421 921 2488 ἐξελθόντες
971 2422 1263 2501 ἐκήρυσσον
1310 2422 1403 2479 ἵνα
1446 2424 1840 2503 μετανοήσωσι,

321 2509 567 2586 δαιμόνια
623 2510 799 2568 πολλά
840 2510 1141 2587 ἐξέϐαλλον,
1202 2514 1290 2568 καὶ
1339 2511 1563 2591 ἤλειφον
1614 2512 1774 2587 ἐλαίῴ
1833 2511 1973 2569 πυλ-

322 2598 449 2662 λοὺς
525 2598 849 2679 ἀρῤώστους,
919 2602 1008 2657 καὶ
1083 2599 1416 2678 ἕθεράπευον.
1470 2626 1496 2657 ι
1558 2591 1688 2659 ’Ὁτι
1758 2601 1973 2681 ἤλειφον

322 2688 487 2764 ἐλαίῳ
535 2693 582 2746 οἱ
634 2689 944 2763 ἀπόστολοι,
1005 2691 1165 2765 μόνος
1223 2692 1251 2745 6
1306 2690 1521 2768 Μάρκος
1578 2689 1868 2768 διηγεῖται,
1945 2692 1973 2745 ὃ

321 2780 411 2835 καὶ
468 2776 717 2844 Ἰάκωϐος
748 2782 776 2835 6
819 2778 1157 2859 ἀδελφόθεος,
1188 2782 1243 2835 iv
1299 2785 1367 2855 τῇ
1411 2778 1670 2856 καθολικῇ
1715 2781 1970 2837 Ἐπιστο-

321 2866 396 2943 λῇ
463 2890 624 2948 φησιν
657 2882 673 2899 ⁹
738 2869 978 2925 Ἀσθενεϊ
1034 2890 1113 2934 τις
1168 2869 1221 2925 ἐν
1291 2870 1419 2943 ὑμῖν
1452 2917 1468 2944 ,
1526 2868 1972 2948 προσκαλέσασθω

320 2958 447 3020 τοὺς
516 2955 895 3037 πρεσϐυτέρους
978 2962 1077 3025 τῆς
1163 2956 1508 3033 Ἐκκλησίας,
1595 2960 1684 3015 καὶ
1738 2980 1967 3031 προσευ-

324 3047 599 3113 ξάσθωσαν
642 3045 726 3106 ἐπ’
758 3048 937 3128 αὐτὸν,
981 3047 1294 3123 ἀλείψαντες
1340 3049 1496 3105 αὐτὸν
1541 3047 1719 3121 ἐλαίῳ.
1779 3039 1971 3104 ’Ἔστιν

1851 2423 1975 2500 fatui

324 3138 416 3193 οὖν
484 3138 546 3195 τὸ
588 3136 767 3195 ’ἔλαιον
824 3108 937 3193 καὶ,
980 3108 1125 3216 πρὸς.
1183 3143 1381 3199 κόπους
1421 3108 1713 3218 ὀφέλιμον,
1754 3138 1841 3193 καὶ
1866 3108 2036 3216 «pm-6

327 3247 422 3290 τος
479 3226 679 3307 αἴτιον,
726 3228 813 3283 καί
855 3225 1170 3306 ἱλαρότητος
1247 3224 1517 3295 πρόξενον,
1586 3228 1673 3282 καὶ
1731 3226 1976 3301 σημαίνει

326 3316 392 3370 τὸ
431 3314 579 3379 ἕλεος
609 3323 702 3372 τοῦ
746 3322 898 3390 Θεού,
959 3316 1047 3371 ναὶ
1077 3315 1176 3383 τὴν
1218 3316 1378 3394 χάριν
1428 3321 1519 3371 τοῦ
1550 3315 1877 3390 Πνεὺματος,
1910 3313 1976 3371 δι’

324 3403 397 3469 ἧς
454 3405 542 3460 καὶ
590 3405 773 3461 κόπων
830 3403 1294 3479 ἀπαλλαττόμεθα,
1354 3405 1442 3459 καὶ
1497 3410 1609 3483 φῶς
1647 3406 1735 3461 καὶ
1778 3406 1973 3485 χαρὰν,

326 3492 418 3549 καὶ
446 3491 734 3573 ἱλαρότητα
777 3493 1139 3570 πνευματικὴν
1169 3491 1459 3573 δεχόμεθα,

412 3604 441 3637 α
478 3584 575 3640 Καὶ
616 3582 843 3651 ἤκουσεν
895 3585 923 3639 6
973 3580 1220 3659 βασιλεὺς
1273 3573 1511 3660 Ἠρώδης
1574 3584 1818 3664 ,θρίνερὸν
1874 3584 1975 3663 γὰρ

322 3671 534 3751 ιγένετο
588 3675 651 3730 τὸ
709 3671 878 3749 ὄνομα
924 3675 1107 3752 αὐτοῦ,
1174 3673 1263 3729 καὶ
1344 3670 1526 3751 ἔλεγεν
1583 3672 1664 3729 ὅτι
1722 3672 1973 3741 Ἰωάννης

322 3763 354 3817 6
438 3762 728 3838 βαπτίζων,
828 3761 889 3819 ἔκ
957 3764 1151 3841 νεκρῶν
1218 3760 1441 3840 ἠγέρθη,
1528 3763 1616 3818 καὶ
1672 3760 1753 3817 διὰ
1820 3773 1973 3822 τοῦτο

321 3850 622 3931 ἂνεργοῧσιν
717 3854 769 3908 αἱ
846 3850 1091 3927 δυνάμεις
1171 3852 1231 3906 ἓν
1312 3854 1475 3925 αὐτῷ.
1555 3848 1763 3907 ’Ἄλλοι
1852 3851 1972 3908 ἕλε-

321 3961 418 4018 γον
478 3939 557 3997 ὅτι
613 3931 798 4005 Ἠλίας
850 3941 1012 4017 ἐστὶν,
1074 3938 1226 3996 ἄλλοι
1286 3938 1341 3995 δὲ
1385 3938 1569 4018 ἔλεγον
1625 3938 1707 3997 ὅτι
1754 3944 1974 4019 Προφή-

320 4052 424 4112 της
484 4030 648 4112 ἐστὶν,
705 4033 779 4096 ὡς
838 4031 923 4093 εἷς
992 4036 1098 4087 τῶν
1150 4031 1463 4110 προφητῶν.
1544 4026 1800 4091 Ἀκούσας
1843 4029 1898 4085 δὲ
1946 4033 1974 4087 ὁ

326 4110 591 4199 Ἦρὼδης,
632 4110 793 4178 εἶπεν
837 4120 941 4197 ὅτι,
1004 4112 1113 4178 ’λον
1168 4119 1277 4197 ἐγὼ
1346 4117 1711 4197 ἀπεκεφάλισα
1784 4118 1970 4177 Ἰωάν-

323 4232 444 4291 νην,
489 4210 641 4274 οὗτός
712 4210 879 4291 ἆστιν,
937 4209 1094 4275 αὐτὸς
1144 4208 1343 4288 ἠγέρθη
1395 4208 1455 4265 ἐκ
1485 4208 1705 4287 νεκρῶν.
1746 4230 1769 4265 ε
1808 4211 1972 4274 Οὗτος

324 4300 353 4355 ό
403 4289 665 4380 Ἡρώδης,
726 4302 835 4364 υἱὸς
865 4289 872 4291 ⁷
902 4300 971 4365 ἦν
1024 4307 1119 4357 τοῦ
1185 4298 1251 4354 τὰ
1306 4296 1475 4378 βρέφη
1534 4296 1967 4361 ἀποκτείναντος.

322 4388 636 4469 Τετράρχην
688 4387 740 4445 δὲ
785 4388 935 4468 ὅντα,
988 4385 1210 4464 βασιλέα
1254 4385 1410 4444 αὐτὸν
1465 4388 1493 4441 6
1530 4385 1743 4464 Μάρκος
1800 4383 1967 4466 λέγει,

324 4475 621 4559 ἀδιαφόρως
680 4477 961 4559 χρώμενος
1016 4482 1095 4551 τῷ
1142 4476 1382 4553 ὀνόματι.
1432 4477 1597 4539 Οὗτος
1647 4474 1735 4530 οὖν
1765 4474 1970 4532 ἀκούων

325 4572 420 4622 τοῦ
478 4566 664 4646 Κυρίου
695 4569 760 4624 τά
812 4567 1075 4645 θαύματα,
1133 4566 1222 4623 καὶ
1264 4562 1413 4628 εἰδὼς
1474 4566 1548 4628 ὡς
1592 4561 1790 4621 δίκαιον
1845 4562 1972 4623 ὄντα

406 4725 470 4777 a0
495 4725 619 4789 Jac.
649 4740 709 4803 v,
746 4727 844 4789 14.

2055 2142 2115 2204 in
2146 2143 2262 2204 alio
2295 2144 2512 2205 saculo
2548 2145 2889 2225 punientur.
2942 2143 3189 2224 Insuper
3232 2144 3349 2206 illis
3392 2164 3510 2207 non
3565 2152 3707 2211 sunt

2056 2231 2219 2292 missi
2252 2232 2531 2310 apostoli,
2565 2233 2624 2294 hi
2646 2251 2786 2294 vero
2812 2233 3111 2311 apostolos
3145 2252 3262 2293 non
3284 2246 3700 2315 susceperunt,

2060 2324 2270 2381 merito
2305 2320 2485 2398 igitur
2514 2322 2749 2399 gravius
2780 2322 2839 2382 hi
2870 2340 3044 2401 quam
3075 2321 3159 2382 illi
3194 2322 3539 2402 punientur.

2140 2412 2321 2472 Vens.
2384 2410 2481 2485 12,
2546 2410 2638 2473 13.
2704 2434 2726 2466 α
2790 2414 2861 2473 Ει
2916 2410 3141 2489 egressi
3195 2412 3593 2491 pradicabaut
3643 2424 3707 2477 ut

2056 2501 2501 2581 resipiscerent,
2558 2510 2618 2565 et
2674 2503 2962 2564 damonia
3027 2502 3213 2565 multa
3265 2505 3611 2584 ejiciebant,
3647 2516 3707 2568 et

2058 2591 2353 2668 ungebant
2383 2592 2767 2671 oleo;,multos
2795 2610 3005 2671 agros,
3042 2601 3099 2654 et
3127 2596 3417 2655 sanabant
3474 2620 3501 2650 »
3537 2596 3703 2668 Quod

2058 2679 2337 2740 unxcriut
2367 2681 2500 2741 oleo
2533 2682 2807 2761 apostoli,
2839 2682 3001 2741 solus
3024 2684 3258 2743 Marcus
3282 2687 3702 2764 narrat,-quod

2057 2780 2115 2832 et
2161 2771 2342 2834 frater
2396 2772 2631 2834 Domini
2682 2772 2938 2833 Jacobus
2984 2772 3045 2832 in
3103 2774 3395 2835 catbolica
3442 2775 3702 2855 Epistola

2055 2860 2199 2921 dicit
2232 2878 2245 2922 :
2279 2859 2618 2923 Intirmatur
2647 2862 2777 2942 quis
2808 2861 2964 2921 inter
2993 2880 3091 2921 vos
3117 2862 3141 2923 ?
3172 2862 3420 2924 advocet
3451 2864 3700 2943 presby—

2056 2959 2215 3010 teros
2240 2948 2550 3024 Ecclesia,
2606 2959 2667 3011 et
2716 2958 2889 3011 orent
2937 2968 3118 3030 super
3167 2950 3359 3031 illum,
3414 2964 3703 3031 ungentes

2060 3056 2194 3099 eum
2228 3039 2361 3100 oleo
2382 3040 2467 3103 80.
2503 3038 2604 3101 Est
2632 3039 2810 3118 igitur
2835 3040 3033 3101 oleum
3074 3048 3133 3102 et
3161 3041 3233 3103 ad
3260 3040 3496 3104 labores
3536 3044 3701 3118 utile,

2061 3135 2120 3189 et
2146 3128 2299 3190 lucis
2330 3130 2684 3209 fomentum,
2714 3138 2773 3191 et
2795 3129 3110 3191 hilaritatis
3141 3130 3501 3207 eﬂ‘ectivum,
3523 3133 3706 3211 signi-

2060 3218 2196 3279 ﬁcat
2225 3238 2338 3299 que
2371 3218 2840 3280 misericordiam
2872 3218 3003 3301 Dei,
3037 3220 3093 3282 ei
3140 3220 3387 3300 gratiam
3421 3220 3699 3303 Spiritus,

2063 3325 2168 3387 per
2190 3327 2362 3387 quam
2389 3327 2423 3369 a
2452 3308 2653 3370 labore
2677 3308 3087 3387 liberamur,et
3105 3311 3295 3373 lucem
3325 3329 3393 3374 ac
3423 3312 3700 3392 gaudium

2059 3397 2531 3480 hilaritatemque
2561 3398 2931 3478 spiritualem
2962 3399 3311 3479 accipimus.

2138 3578 2324 3641 VERS.
2366 3577 2562 3642 Ili-l6.
2596 3600 2625 3637 ι
2644 3576 2713 3639 Et
2736 3577 3073 3639 audivitrex
3098 3577 3394 3657 Herodes,
3423 3582 3701 3645 innotue-

2055 3676 2146 3730 rat
2194 3670 2353 3730 enim
2408 3686 2623 3730 nomen
2684 3668 2835 3748 ejus,
2882 3668 3573 3750 dicebatquezJoannes
3601 3673 3704 3735 ille

2056 3758 2157 3839 qui
2180 3757 2531 3839 baptizabat,
2568 3757 2893 3819 resurrexit
2930 3777 2964 3819 a
2999 3759 3270 3834 mortuis,
3298 3770 3355 3821 et
3391 3770 3706 3842 propterea

2055 3847 2307 3910 virtutes
2331 3856 2511 3926 agunt
2541 3848 2601 3907 in
2634 3847 2757 3907 illo.
2791 3846 2907 3909 Alii
2933 3846 3233 3929 dicebant,
3257 3850 3415 3910 Elias
3437 3861 3529 3911 est
3557 3871 3573 3932 ;
3600 3852 3701 3912 alii

2056 3954 2197 3998 vero
2228 3935 2531 3998 dicebant.
2563 3937 2861 4017 Propheta
2889 3946 3001 4013 est,
3039 3937 3129 3999 vel
3164 3946 3439 4019 tanquam
3468 3958 3617 4001 unus
3632 3958 3703 4002 ex

2060 4024 2387 4105 prophetis.
2423 4024 2569 4087 Cum
2603 4025 2867 4088 audisset
2886 4035 3083 4088 autem
3119 4026 3412 4109 Herodes,
3446 4031 3529 4089 ait
3559 4049 3573 4089 :
3598 4031 3703 4091 Cui

2057 4132 2166 4193 ego
2199 4113 2441 4192 pracidi
2471 4123 2667 4195 caput,
2698 4114 2963 4177 Joannes
2992 4117 3105 4177 iste
3135 4124 3247 4191 est,
3297 4118 3421 4197 ipse
3450 4117 3706 4180 surrexit

2055 4221 2091 4265 a
2123 4203 2428 4265 mortuis.»
2456 4202 2567 4265 Hic
2598 4204 2865 4267 Herodes
2894 4204 3003 4266 fuit
3031 4205 3187 4267 ﬁlius
3205 4208 3332 4284 ejus
3353 4206 3454 4287 qui
3488 4224 3706 4285 pueros

2056 4293 2356 4355 occiderat
2392 4313 2405 4353 :
2453 4303 2515 4354 et
2542 4292 2682 4354 licet
2714 4295 3011 4357 tetrarcha
3039 4302 3204 4355 esset
3245 4292 3537 4376 Herodes,
3564 4313 3701 4358 eum

2056 4394 2257 4445 tamen
2278 4400 2479 4461 regem
2496 4382 3029 4458 dicitMareus,sim
3040 4383 3270 4464 pliciter
3280 4403 3423 4446 usus
3437 4386 3703 4447 nomine.

2054 4471 2239 4551 Igitur
2280 4471 2380 4533 ille
2412 4490 2548 4533 cum
2592 4472 2827 4535 audiret
2871 4473 3160 4536 miracula
3204 4474 3465 4546 Domini,
3507 4476 3706 4536 sciens

2056 4562 2215 4643 quod
2248 4560 2548 4623 immerito
2583 4570 2642 4625 et
2668 4560 2893 4642 absque
2941 4581 3117 4625 causa
3159 4564 3385 4643 justum
3415 4566 3704 4627 Joannem

1394 4830 1483 4893 Ex
1510 4826 1834 4891 collatione
1866 4830 2042 4893 codd.
2076 4830 2287 4893 Venet.
2312 4828 2375 4893 S.
2410 4829 2615 4894 Marci.

411 4967 536 5049 (60)
572 4968 719 5032 Cod.
753 4969 832 5031 26
878 4967 1041 5031 addit
1074 4990 1089 5028 :
1142 4973 1261 5032 Πῶς
1311 4965 1368 5049 δὶ
1410 4970 1704 5049 ματθατος
1736 4965 1975 5049 μὲν-καὶ

327 5044 530 5116 Λουκᾶς
545 5049 888 5118 κελευσθῆναι
908 5051 1119 5113 τούτοῦς
1136 5050 1273 5126 μήτε
1301 5046 1617 5123 ὑποδήματα
1632 5048 1769 5122 μήτε
1789 5044 1975 5123 ῥάϐδον

325 5129 499 5211 ἶχειν,
531 5132 559 5186 6
613 5128 667 5186 δὲ
702 5132 909 5209 Μάρκος
969 5129 1135 5209 λέγει.
1185 5130 1598 5208 συγχωρηθῆναι
1624 5129 1809 5211 ’ταῦτα
1838 5128 1975 5211 μόνα

325 5205 558 5286 uia-tots;
602 5212 660 5269 Τὶ
709 5205 800 5267 οὖν
830 5211 969 5267 ἱστιν
1027 5205 1199 5266 έίπεϊν
1234 5205 1520 5287 [Πρῶτον
1579 5207 1678 5281 μὲν
1709 5206 1797 5261 οὖν
1842 5205 1977 5287 οὕτω

323 5289 663 5371 προσέταξεν,
711 5294 785 5354 ὡς
829 5294 857 5348 6
929 5293 1196 5354 Ματθαῐος
1268 5286 1363 5345 καὶ
1425 5291 1461 5371 ὁ,
1523 5292 1729 5371 ῥουκᾶς
1793 5286 1975 5371 εἶπον,

324 5365 541 5451 ὕστερον
606 5365 661 5427 δέ
732 5371 1119 5451 παρεχώρησεν
1186 5373 1387 5451 εὔτοτς
1445 5365 1780 5451 ὑποδεδόσθαι
1838 5366 1975 5442 μόνα

328 5446 604 5531 σανδάλια,
666 5453 753 5507 καὶ
808 5446 1059 5531 κατέχειν
1109 5446 1322 5529 ράιτδον,
1351 5450 1427 5531 εἷς
1456 5446 1695 5527 φυλακήν
1754 5468 1811 5502 τε
1857 5452 1975 5531 δῶν

325 5528 501 5587 ποδῶν
560 5524 648 5589 καὶ
689 5524 1237 5610 ὖποστηριίξμὸνίτοῦ
1292 5524 1563 5610 σώματος,
1587 5524 1973 5610 ,συαριαταϐαι-

326 5634 431 5666 νων
479 5616 548 5688 τῇ
594 5612 832 5684 ἀσθενείᾳ
878 5605 1073 5687 αὐτῶν,
1126 5608 1211 5666 διὰ
1257 5609 1355 5677 τήν
1406 5609 1511 5664 ἀπὸ
1545 5609 1643 5688 τῆς
1675 5605 1972 5688 ὁδοιπορίας

321 5686 708 5771 ταλαιπωρίαν,
766 5693 840 5755 ὡς
904 5694 933 5747 6
992 5686 1200 5771 ,παρών
1262 5687 1687 5771 εὖαγγελιστὴςῌ
1721 5686 1969 5771 ἔγραψεν,

325 5712 525 5747 ταλαιπ
606 5713 685 5748 ιαν
766 5712 840 5755 ως
904 5712 933 5747 ο
1015 5712 1200 5770 παρων
1262 5712 1644 5767 ευαγγυιιστης
1721 5712 1781 5764 εγ
1814 5712 1967 5763 αψεν,

325 5768 415 5829 Ἐν
438 5712 609 5848 me?
633 5740 793 5845 οἰιίιᾳ,
825 5794 876 5831 κ.
907 5793 959 5831 τ.
991 5769 1046 5833 λ.
1087 5791 1110 5829 ι
1136 5767 1447 5843 Quomodo
1465 5784 1605 5829 vero
1640 5712 1967 5842 Mattheus,

2059 4969 2118 5023 et
2144 4961 2333 5051 Lucas
2362 4960 2867 5051 referuntjussos
2883 4979 3019 5051 esse
3048 4960 3581 5051 apostolos,neque_
3594 4964 3708 5027 cal-

2059 5050 2385 5123 ceamenta,
2406 5060 2599 5123 neque
2614 5041 2832 5123 virgam
2852 5041 3100 5123 habere,
3114 5060 3250 5123 cum
3272 5041 3504 5103 Marcus
3523 5044 3703 5119 dicat,

2060 5123 2188 5203 hac
2210 5122 2463 5184 solaillis
2481 5121 3147 5203 permissal'uisse?Quid
3168 5121 3710 5203 igiturdicendum‘!

2062 5201 2323 5276 Scilicet,
2360 5201 2613 5282 primum
2646 5202 2886 5282 quidem
2918 5203 2997 5262 ita
3028 5202 3346 5276 mandavit,
3378 5202 3530 5264 sicut
3551 5206 3706 5268 Mat-

2063 5283 2251 5344 thaus
2281 5291 2338 5343 et
2359 5285 2548 5344 Lucas
2565 5282 3082 5344 scribuntzdeinde
3102 5300 3244 5344 vero
3269 5283 3540 5362 permisit
3560 5285 3703 5359 illis,

2064 5374 2127 5425 ut
2146 5362 2287 5424 solis
2304 5363 2587 5425 sandaliis
2613 5381 2671 5423 se
2694 5364 3120 5437 calcearent,ac
3142 5362 3363 5440 virgam
3387 5364 3705 5441 haberent,

2060 5450 2183 5505 tum
2215 5444 2290 5525 ad
2318 5446 2537 5525 pedum
2564 5444 2916 5517 custodiam,
2952 5451 3074 5525 tum
3102 5442 3707 5525 ad__sustentatiouem

2057 5522 2335 5603 corporis
2358 5523 2660 5602 (videlicet
2717 5542 2923 5584 eorum
2976 5522 3346 5584 imbecilitati
3394 5524 3707 5603 indulgere

2055 5604 2236 5685 voluit
2266 5613 2509 5685 propter
2536 5603 2856 5685 itinerandi
2878 5603 3308 5685 difficultatem)
3336 5612 3399 5685 ut
3422 5603 3517 5667 hic
3536 5623 3709 5667 evan-

2055 5683 2570 5764 gelista—scriptum
2602 5683 2866 5765 reliquit.
2889 5683 3072 5747 Porro
3097 5683 3158 5744 in
3178 5701 3295 5745 una
3327 5683 3530 5761 domo,
3548 5693 3702 5749 etc.»
