  <div class='ocr_page' id='page_1' title='image "/cluster/home/n/w/nwhite01/storage/ocr_20150623/123/hvd.32044073502445/293.png"; bbox 0 0 4144 6212; ppageno 0'>
   <div class='ocr_carea' id='block_1_1' title="bbox 461 253 3835 355">
    <p class='ocr_par' dir='ltr' id='par_1_1' title="bbox 461 253 3835 355">
     <span class='ocr_line' id='line_1_1' title="bbox 461 253 3835 355; baseline -0.012 0"><span class='ocrx_word' id='word_1_1' title='bbox 461 292 567 355; x_wconf 77' lang='grc'><strong>551</strong></span> <span class='ocrx_word' id='word_1_2' title='bbox 1436 280 1977 347; x_wconf 81' lang='lat' dir='ltr'><strong>THOPHYLACTI</strong></span> <span class='ocrx_word' id='word_1_3' title='bbox 2022 273 2114 335; x_wconf 94' lang='lat' dir='ltr'><strong>BU</strong></span> <span class='ocrx_word' id='word_1_4' title='bbox 2126 266 2430 332; x_wconf 70' lang='lat' dir='ltr'><strong>LGARIE</strong></span> <span class='ocrx_word' id='word_1_5' title='bbox 2473 265 2827 328; x_wconf 80' lang='lat' dir='ltr'><strong>ARCHIEP.</strong></span> <span class='ocrx_word' id='word_1_6' title='bbox 3714 253 3835 316; x_wconf 78' lang='lat'><strong>552</strong></span> 
     </span>
    </p>
   </div>
   <div class='ocr_carea' id='block_1_2' title="bbox 461 388 2117 498">
    <p class='ocr_par' dir='ltr' id='par_1_2' title="bbox 461 408 2095 498">
     <span class='ocr_line' id='line_1_2' title="bbox 461 408 2095 498; baseline -0.009 -18"><span class='ocrx_word' id='word_1_7' title='bbox 461 417 797 492; x_wconf 88' lang='lat' dir='ltr'><strong>occidlsset,</strong></span> <span class='ocrx_word' id='word_1_8' title='bbox 832 415 1164 498; x_wconf 79' lang='lat' dir='ltr'><strong>suspicatus</strong></span> <span class='ocrx_word' id='word_1_9' title='bbox 1191 425 1284 493; x_wconf 83' lang='lat' dir='ltr'><strong>est</strong></span> <span class='ocrx_word' id='word_1_10' title='bbox 1310 413 1465 496; x_wconf 87' lang='lat' dir='ltr'><strong>quod</strong></span> <span class='ocrx_word' id='word_1_11' title='bbox 1497 408 1851 473; x_wconf 80' lang='lat' dir='ltr'><strong>surrexisset</strong></span> <span class='ocrx_word' id='word_1_12' title='bbox 1878 425 1913 469; x_wconf 90' lang='lat' dir='ltr'><strong>a</strong></span> <span class='ocrx_word' id='word_1_13' title='bbox 1934 423 2095 467; x_wconf 91' lang='lat' dir='ltr'><strong>mor-</strong></span> 
     </span>
    </p>
   </div>
   <div class='ocr_carea' id='block_1_3' title="bbox 2202 388 3834 498">
    <p class='ocr_par' dir='ltr' id='par_1_3' title="bbox 2202 388 3834 498">
     <span class='ocr_line' id='line_1_3' title="bbox 2202 388 3834 468; baseline -0.009 -11"><span class='ocrx_word' id='word_1_14' title='bbox 2202 402 2356 468; x_wconf 85' lang='grc' dir='ltr'>ιάτην</span> <span class='ocrx_word' id='word_1_15' title='bbox 2412 398 2589 456; x_wconf 77' lang='grc' dir='ltr'>ἀνεῖλε</span> <span class='ocrx_word' id='word_1_16' title='bbox 2648 400 2740 453; x_wconf 81' lang='grc' dir='ltr'>τὸν</span> <span class='ocrx_word' id='word_1_17' title='bbox 2806 395 3087 468; x_wconf 77' lang='grc' dir='ltr'>Ἰωάννην,</span> <span class='ocrx_word' id='word_1_18' title='bbox 3161 390 3420 449; x_wconf 71' lang='grc' dir='ltr'>ὑπέλαϐεν</span> <span class='ocrx_word' id='word_1_19' title='bbox 3480 391 3561 446; x_wconf 83' lang='grc' dir='ltr'>ὄτι</span> <span class='ocrx_word' id='word_1_20' title='bbox 3634 388 3834 457; x_wconf 77' lang='grc' dir='ltr'>ἀνέστη</span> 
     </span>
     <span class='ocr_line' id='line_1_4' title="bbox 2434 476 3825 498; baseline 0 0"><span class='ocrx_word' id='word_1_21' title='bbox 2434 492 2458 498; x_wconf 74' lang='lat'><strong>-</strong></span> <span class='ocrx_word' id='word_1_22' title='bbox 2650 489 2660 498; x_wconf 92' lang='lat'><strong>.</strong></span> <span class='ocrx_word' id='word_1_23' title='bbox 2728 486 2741 498; x_wconf 89' lang='lat'><strong>.</strong></span> <span class='ocrx_word' id='word_1_24' title='bbox 2871 491 2898 498; x_wconf 83' lang='lat'>_</span> <span class='ocrx_word' id='word_1_25' title='bbox 3011 485 3025 498; x_wconf 82' lang='lat'><strong>.</strong></span> <span class='ocrx_word' id='word_1_26' title='bbox 3187 483 3198 498; x_wconf 85' lang='lat'><strong>.</strong></span> <span class='ocrx_word' id='word_1_27' title='bbox 3558 477 3593 498; x_wconf 62' lang='grc' dir='ltr'>Α</span> <span class='ocrx_word' id='word_1_28' title='bbox 3645 476 3677 498; x_wconf 77' lang='grc' dir='ltr'><strong>ρ</strong></span> <span class='ocrx_word' id='word_1_29' title='bbox 3808 479 3825 498; x_wconf 61' lang='grc' dir='ltr'><strong>ς</strong></span> 
     </span>
    </p>
   </div>
   <div class='ocr_carea' id='block_1_4' title="bbox 463 476 2117 587">
    <p class='ocr_par' dir='ltr' id='par_1_4' title="bbox 463 476 2101 587">
     <span class='ocr_line' id='line_1_5' title="bbox 463 476 2101 587; baseline -0.009 -18"><span class='ocrx_word' id='word_1_30' title='bbox 463 507 602 579; x_wconf 85' lang='lat' dir='ltr'><strong>tuis,</strong></span> <span class='ocrx_word' id='word_1_31' title='bbox 637 514 694 569; x_wconf 90' lang='lat' dir='ltr'><strong>et</strong></span> <span class='ocrx_word' id='word_1_32' title='bbox 724 524 832 587; x_wconf 92' lang='lat' dir='ltr'><strong>per</strong></span> <span class='ocrx_word' id='word_1_33' title='bbox 860 476 1362 568; x_wconf 67' lang='lat' dir='ltr'><strong>resurrectionem</strong></span> <span class='ocrx_word' id='word_1_34' title='bbox 1412 503 1472 563; x_wconf 92' lang='lat' dir='ltr'><strong>in</strong></span> <span class='ocrx_word' id='word_1_35' title='bbox 1503 519 1567 562; x_wconf 93' lang='lat' dir='ltr'><strong>se</strong></span> <span class='ocrx_word' id='word_1_36' title='bbox 1598 499 1873 587; x_wconf 76' lang='lat' dir='ltr'><strong>virtutem</strong></span> <span class='ocrx_word' id='word_1_37' title='bbox 1925 513 2101 587; x_wconf 79' lang='lat' dir='ltr'><strong>acce-</strong></span> 
     </span>
    </p>
   </div>
   <div class='ocr_carea' id='block_1_5' title="bbox 2202 476 3835 587">
    <p class='ocr_par' dir='ltr' id='par_1_5' title="bbox 2202 476 3835 587">
     <span class='ocr_line' id='line_1_6' title="bbox 2202 476 3835 568; baseline -0.008 -23"><span class='ocrx_word' id='word_1_38' title='bbox 2202 514 2242 548; x_wconf 76' lang='lat' dir='ltr'><strong>:x</strong></span> <span class='ocrx_word' id='word_1_39' title='bbox 2299 492 2521 568; x_wconf 81' lang='grc' dir='ltr'>νεκρῶν,</span> <span class='ocrx_word' id='word_1_40' title='bbox 2578 489 2666 543; x_wconf 83' lang='grc' dir='ltr'>καὶ</span> <span class='ocrx_word' id='word_1_41' title='bbox 2724 486 2783 541; x_wconf 68' lang='grc' dir='ltr'>ἐκ</span> <span class='ocrx_word' id='word_1_42' title='bbox 2836 491 2936 553; x_wconf 76' lang='grc' dir='ltr'>τῆς</span> <span class='ocrx_word' id='word_1_43' title='bbox 3002 483 3341 547; x_wconf 74' lang='grc' dir='ltr'><strong>ἀναστάσεως</strong></span> <span class='ocrx_word' id='word_1_44' title='bbox 3408 476 3701 558; x_wconf 80' lang='grc' dir='ltr'>προσέλαϐε</span> <span class='ocrx_word' id='word_1_45' title='bbox 3750 479 3835 533; x_wconf 51' lang='grc' dir='ltr'><strong>κτὸ</strong></span> 
     </span>
     <span class='ocr_line' id='line_1_7' title="bbox 2676 561 3645 587; baseline -0.001 0"><span class='ocrx_word' id='word_1_46' title='bbox 2676 581 2719 587; x_wconf 91' lang='lat'><em>_</em></span> <span class='ocrx_word' id='word_1_47' title='bbox 2771 576 2781 587; x_wconf 76' lang='grc' dir='ltr'><em>ο</em></span> <span class='ocrx_word' id='word_1_48' title='bbox 3032 574 3044 587; x_wconf 70' lang='grc' dir='ltr'><strong>ε</strong></span> <span class='ocrx_word' id='word_1_49' title='bbox 3143 574 3156 587; x_wconf 74' lang='grc' dir='ltr'><strong>ο</strong></span> <span class='ocrx_word' id='word_1_50' title='bbox 3226 561 3260 587; x_wconf 66' lang='grc'><strong>9-</strong></span> <span class='ocrx_word' id='word_1_51' title='bbox 3330 572 3341 587; x_wconf 78' lang='grc'><strong><em>1</em></strong></span> <span class='ocrx_word' id='word_1_52' title='bbox 3570 565 3645 587; x_wconf 51' lang='grc' dir='ltr'><strong>’θλ</strong></span> 
     </span>
    </p>
   </div>
   <div class='ocr_carea' id='block_1_6' title="bbox 465 584 2104 678">
    <p class='ocr_par' dir='ltr' id='par_1_6' title="bbox 465 584 2104 678">
     <span class='ocr_line' id='line_1_8' title="bbox 465 584 2104 678; baseline -0.009 -19"><span class='ocrx_word' id='word_1_53' title='bbox 465 597 646 678; x_wconf 94' lang='lat' dir='ltr'><strong>pisset</strong></span> <span class='ocrx_word' id='word_1_54' title='bbox 696 584 985 677; x_wconf 38' lang='lat' dir='ltr'><strong>o&#39;perandi</strong></span> <span class='ocrx_word' id='word_1_55' title='bbox 1040 593 1348 656; x_wconf 84' lang='lat' dir='ltr'><strong>miracula.</strong></span> <span class='ocrx_word' id='word_1_56' title='bbox 1411 593 1668 655; x_wconf 86' lang='lat' dir='ltr'><strong>Joannes</strong></span> <span class='ocrx_word' id='word_1_57' title='bbox 1727 586 1885 649; x_wconf 89' lang='lat' dir='ltr'><strong>enim</strong></span> <span class='ocrx_word' id='word_1_58' title='bbox 1940 584 2104 678; x_wconf 81' lang='lat' dir='ltr'><strong>prius</strong></span> 
     </span>
    </p>
   </div>
   <div class='ocr_carea' id='block_1_7' title="bbox 465 673 2105 756">
    <p class='ocr_par' dir='ltr' id='par_1_7' title="bbox 465 673 2105 756">
     <span class='ocr_line' id='line_1_9' title="bbox 465 673 2105 756; baseline -0.007 -10"><span class='ocrx_word' id='word_1_59' title='bbox 465 673 690 747; x_wconf 82' lang='lat' dir='ltr'><strong>nullum</strong></span> <span class='ocrx_word' id='word_1_60' title='bbox 717 673 1070 747; x_wconf 85' lang='lat' dir='ltr'><strong>miraculum</strong></span> <span class='ocrx_word' id='word_1_61' title='bbox 1093 684 1335 753; x_wconf 87' lang='lat' dir='ltr'><strong>fecerat;</strong></span> <span class='ocrx_word' id='word_1_62' title='bbox 1360 679 1626 745; x_wconf 83' lang='lat' dir='ltr'><strong>Herodes</strong></span> <span class='ocrx_word' id='word_1_63' title='bbox 1643 685 1838 739; x_wconf 89' lang='lat' dir='ltr'><strong>autem</strong></span> <span class='ocrx_word' id='word_1_64' title='bbox 1867 673 2105 756; x_wconf 89' lang='lat' dir='ltr'><strong>putabat</strong></span> 
     </span>
    </p>
   </div>
   <div class='ocr_carea' id='block_1_8' title="bbox 464 771 2104 864">
    <p class='ocr_par' dir='ltr' id='par_1_8' title="bbox 464 771 2104 864">
     <span class='ocr_line' id='line_1_10' title="bbox 464 771 2104 864; baseline -0.008 -19"><span class='ocrx_word' id='word_1_65' title='bbox 464 784 765 863; x_wconf 83' lang='lat' dir='ltr'><strong>signorum</strong></span> <span class='ocrx_word' id='word_1_66' title='bbox 807 784 1206 864; x_wconf 90' lang='lat' dir='ltr'><strong>oporationem</strong></span> <span class='ocrx_word' id='word_1_67' title='bbox 1234 782 1287 845; x_wconf 91' lang='lat' dir='ltr'><strong>ei</strong></span> <span class='ocrx_word' id='word_1_68' title='bbox 1320 800 1391 843; x_wconf 83' lang='lat' dir='ltr'><strong>ex</strong></span> <span class='ocrx_word' id='word_1_69' title='bbox 1418 774 1871 859; x_wconf 59' lang='lat' dir='ltr'><strong>qesurrectionis</strong></span> <span class='ocrx_word' id='word_1_70' title='bbox 1892 771 2104 864; x_wconf 86' lang='lat' dir='ltr'><strong>virtute</strong></span> 
     </span>
    </p>
   </div>
   <div class='ocr_carea' id='block_1_9' title="bbox 460 860 2103 951">
    <p class='ocr_par' dir='ltr' id='par_1_9' title="bbox 460 860 2103 951">
     <span class='ocr_line' id='line_1_11' title="bbox 460 860 2103 951; baseline -0.008 -16"><span class='ocrx_word' id='word_1_71' title='bbox 460 860 861 935; x_wconf 44' lang='lat' dir='ltr'><strong>advenissea</strong></span> <span class='ocrx_word' id='word_1_72' title='bbox 876 881 895 933; x_wconf 96' lang='lat' dir='ltr'><strong>t</strong></span> <span class='ocrx_word' id='word_1_73' title='bbox 916 871 1019 934; x_wconf 90' lang='lat' dir='ltr'><strong>alii</strong></span> <span class='ocrx_word' id='word_1_74' title='bbox 1040 870 1340 951; x_wconf 83' lang='lat' dir='ltr'><strong>dicebant,</strong></span> <span class='ocrx_word' id='word_1_75' title='bbox 1367 869 1526 931; x_wconf 90' lang='lat' dir='ltr'><strong>Elias</strong></span> <span class='ocrx_word' id='word_1_76' title='bbox 1552 875 1641 928; x_wconf 93' lang='lat' dir='ltr'><strong>est</strong></span> <span class='ocrx_word' id='word_1_77' title='bbox 1666 886 1680 924; x_wconf 88' lang='lat'><strong>:</strong></span> <span class='ocrx_word' id='word_1_78' title='bbox 1713 860 2103 951; x_wconf 81' lang='lat' dir='ltr'><strong>reprehendit</strong></span> 
     </span>
    </p>
   </div>
   <div class='ocr_carea' id='block_1_10' title="bbox 466 950 2097 1038">
    <p class='ocr_par' dir='ltr' id='par_1_10' title="bbox 466 950 2097 1038">
     <span class='ocr_line' id='line_1_12' title="bbox 466 950 2097 1038; baseline -0.008 -15"><span class='ocrx_word' id='word_1_79' title='bbox 466 962 624 1023; x_wconf 89' lang='lat' dir='ltr'><strong>enim</strong></span> <span class='ocrx_word' id='word_1_80' title='bbox 655 960 895 1035; x_wconf 91' lang='lat' dir='ltr'><strong>multos,</strong></span> <span class='ocrx_word' id='word_1_81' title='bbox 929 969 991 1022; x_wconf 92' lang='lat' dir='ltr'><strong>ut</strong></span> <span class='ocrx_word' id='word_1_82' title='bbox 1022 979 1154 1022; x_wconf 92' lang='lat' dir='ltr'><strong>eum</strong></span> <span class='ocrx_word' id='word_1_83' title='bbox 1190 950 1439 1038; x_wconf 82' lang='lat' dir='ltr'><strong>diceret,</strong></span> <span class='ocrx_word' id='word_1_84' title='bbox 1481 955 1527 1019; x_wconf 94' lang='grc' dir='ltr'><strong>Ο</strong></span> <span class='ocrx_word' id='word_1_85' title='bbox 1561 952 1864 1016; x_wconf 90' lang='lat' dir='ltr'><strong>incredulo</strong></span> <span class='ocrx_word' id='word_1_86' title='bbox 1897 950 2055 1013; x_wconf 89' lang='lat' dir='ltr'><strong>natio</strong></span> <span class='ocrx_word' id='word_1_87' title='bbox 2084 950 2097 1010; x_wconf 88' lang='lat'><strong>!</strong></span> 
     </span>
    </p>
   </div>
   <div class='ocr_carea' id='block_1_11' title="bbox 466 1048 2104 1114">
    <p class='ocr_par' dir='ltr' id='par_1_11' title="bbox 466 1048 2104 1114">
     <span class='ocr_line' id='line_1_13' title="bbox 466 1048 2104 1114; baseline -0.007 -1"><span class='ocrx_word' id='word_1_88' title='bbox 466 1050 734 1113; x_wconf 85' lang='lat' dir='ltr'><strong>Herodes</strong></span> <span class='ocrx_word' id='word_1_89' title='bbox 763 1060 959 1112; x_wconf 90' lang='lat' dir='ltr'><strong>autem</strong></span> <span class='ocrx_word' id='word_1_90' title='bbox 992 1049 1277 1112; x_wconf 86' lang='lat' dir='ltr'><strong>timebat:</strong></span> <span class='ocrx_word' id='word_1_91' title='bbox 1325 1048 1476 1111; x_wconf 91' lang='lat' dir='ltr'><strong>adeo</strong></span> <span class='ocrx_word' id='word_1_92' title='bbox 1511 1052 1694 1109; x_wconf 89' lang='lat' dir='ltr'><strong>mtser</strong></span> <span class='ocrx_word' id='word_1_93' title='bbox 1741 1051 1891 1114; x_wconf 87' lang='lat' dir='ltr'><strong>erat,</strong></span> <span class='ocrx_word' id='word_1_94' title='bbox 1936 1049 2003 1102; x_wconf 93' lang='lat' dir='ltr'><strong>ut</strong></span> <span class='ocrx_word' id='word_1_95' title='bbox 2046 1048 2104 1101; x_wconf 94' lang='lat' dir='ltr'><strong>et</strong></span> 
     </span>
    </p>
   </div>
   <div class='ocr_carea' id='block_1_12' title="bbox 466 1138 1055 1201">
    <p class='ocr_par' dir='ltr' id='par_1_12' title="bbox 466 1138 1055 1201">
     <span class='ocr_line' id='line_1_14' title="bbox 466 1138 1055 1201; baseline -0.005 0"><span class='ocrx_word' id='word_1_96' title='bbox 466 1149 758 1201; x_wconf 90' lang='lat' dir='ltr'><strong>mortuum</strong></span> <span class='ocrx_word' id='word_1_97' title='bbox 792 1138 1055 1201; x_wconf 80' lang='lat' dir='ltr'><strong>timeret.</strong></span> 
     </span>
    </p>
   </div>
   <div class='ocr_carea' id='block_1_13' title="bbox 542 1218 2105 1308">
    <p class='ocr_par' dir='ltr' id='par_1_13' title="bbox 542 1218 2105 1308">
     <span class='ocr_line' id='line_1_15' title="bbox 542 1218 2105 1308; baseline -0.008 -18"><span class='ocrx_word' id='word_1_98' title='bbox 542 1231 724 1291; x_wconf 65' lang='lat' dir='ltr'><strong>Vens.</strong></span> <span class='ocrx_word' id='word_1_99' title='bbox 761 1228 976 1291; x_wconf 69' lang='lat'><strong>17-96.</strong></span> <span class='ocrx_word' id='word_1_100' title='bbox 1010 1226 1153 1290; x_wconf 89' lang='lat' dir='ltr'><strong>Nam</strong></span> <span class='ocrx_word' id='word_1_101' title='bbox 1183 1229 1307 1308; x_wconf 92' lang='lat' dir='ltr'><strong>ipse</strong></span> <span class='ocrx_word' id='word_1_102' title='bbox 1337 1222 1626 1301; x_wconf 89' lang='lat' dir='ltr'><strong>Herodes,</strong></span> <span class='ocrx_word' id='word_1_103' title='bbox 1659 1222 1852 1284; x_wconf 89' lang='lat' dir='ltr'><strong>missis</strong></span> <span class='ocrx_word' id='word_1_104' title='bbox 1877 1218 2105 1308; x_wconf 83' lang='lat' dir='ltr'><strong>satelli-</strong></span> 
     </span>
    </p>
   </div>
   <div class='ocr_carea' id='block_1_14' title="bbox 464 1307 2104 1397">
    <p class='ocr_par' dir='ltr' id='par_1_14' title="bbox 464 1307 2104 1397">
     <span class='ocr_line' id='line_1_16' title="bbox 464 1307 2104 1397; baseline -0.007 -18"><span class='ocrx_word' id='word_1_105' title='bbox 464 1317 645 1395; x_wconf 89' lang='lat' dir='ltr'><strong>tibus,</strong></span> <span class='ocrx_word' id='word_1_106' title='bbox 692 1336 903 1379; x_wconf 88' lang='lat' dir='ltr'><strong>manus</strong></span> <span class='ocrx_word' id='word_1_107' title='bbox 932 1307 1221 1397; x_wconf 84' lang='lat' dir='ltr'><strong>injecerat</strong></span> <span class='ocrx_word' id='word_1_108' title='bbox 1252 1316 1313 1376; x_wconf 92' lang='lat' dir='ltr'><strong>in</strong></span> <span class='ocrx_word' id='word_1_109' title='bbox 1347 1314 1478 1375; x_wconf 76' lang='grc'><strong>201</strong></span> <span class='ocrx_word' id='word_1_110' title='bbox 1524 1315 1837 1384; x_wconf 79' lang='lat' dir='ltr'><strong>Joannem,</strong></span> <span class='ocrx_word' id='word_1_111' title='bbox 1874 1318 1932 1370; x_wconf 89' lang='lat' dir='ltr'><strong>et</strong></span> <span class='ocrx_word' id='word_1_112' title='bbox 1970 1307 2104 1368; x_wconf 90' lang='lat' dir='ltr'><strong>vin-</strong></span> 
     </span>
    </p>
   </div>
   <div class='ocr_carea' id='block_1_15' title="bbox 465 1402 2105 1485">
    <p class='ocr_par' dir='ltr' id='par_1_15' title="bbox 465 1402 2105 1485">
     <span class='ocr_line' id='line_1_17' title="bbox 465 1402 2105 1485; baseline -0.008 -16"><span class='ocrx_word' id='word_1_113' title='bbox 465 1416 628 1469; x_wconf 82' lang='lat' dir='ltr'><strong>xerat</strong></span> <span class='ocrx_word' id='word_1_114' title='bbox 650 1426 782 1468; x_wconf 91' lang='lat' dir='ltr'><strong>eum</strong></span> <span class='ocrx_word' id='word_1_115' title='bbox 808 1407 865 1468; x_wconf 91' lang='lat' dir='ltr'><strong>in</strong></span> <span class='ocrx_word' id='word_1_116' title='bbox 895 1423 1135 1468; x_wconf 85' lang='lat' dir='ltr'><strong>carcere</strong></span> <span class='ocrx_word' id='word_1_117' title='bbox 1157 1413 1397 1485; x_wconf 86' lang='lat' dir='ltr'><strong>propter</strong></span> <span class='ocrx_word' id='word_1_118' title='bbox 1417 1402 1812 1465; x_wconf 87' lang='lat' dir='ltr'><strong>Herodiadem</strong></span> <span class='ocrx_word' id='word_1_119' title='bbox 1839 1416 2105 1460; x_wconf 86' lang='lat' dir='ltr'><strong>uxorem.</strong></span> 
     </span>
    </p>
   </div>
   <div class='ocr_carea' id='block_1_16' title="bbox 466 1484 2112 1558">
    <p class='ocr_par' dir='ltr' id='par_1_16' title="bbox 466 1484 2112 1558">
     <span class='ocr_line' id='line_1_18' title="bbox 466 1484 2112 1558; baseline -0.008 0"><span class='ocrx_word' id='word_1_120' title='bbox 466 1494 715 1558; x_wconf 87' lang='lat' dir='ltr'><strong>Dicebat</strong></span> <span class='ocrx_word' id='word_1_121' title='bbox 760 1496 918 1557; x_wconf 90' lang='lat' dir='ltr'><strong>enim</strong></span> <span class='ocrx_word' id='word_1_122' title='bbox 971 1484 1229 1558; x_wconf 77' lang='lat' dir='ltr'><strong>Joannes</strong></span> <span class='ocrx_word' id='word_1_123' title='bbox 1278 1492 1494 1555; x_wconf 86' lang='lat' dir='ltr'><strong>Herodi</strong></span> <span class='ocrx_word' id='word_1_124' title='bbox 1542 1512 1554 1553; x_wconf 92' lang='lat'><strong>:</strong></span> <span class='ocrx_word' id='word_1_125' title='bbox 1613 1493 1745 1555; x_wconf 89' lang='lat' dir='ltr'><strong>Non</strong></span> <span class='ocrx_word' id='word_1_126' title='bbox 1806 1488 1941 1548; x_wconf 91' lang='lat' dir='ltr'><strong>licet</strong></span> <span class='ocrx_word' id='word_1_127' title='bbox 2003 1484 2112 1548; x_wconf 88' lang='lat' dir='ltr'><strong>tibi</strong></span> 
     </span>
    </p>
   </div>
   <div class='ocr_carea' id='block_1_17' title="bbox 466 1573 2109 1647">
    <p class='ocr_par' dir='ltr' id='par_1_17' title="bbox 466 1573 2109 1647">
     <span class='ocr_line' id='line_1_19' title="bbox 466 1573 2109 1647; baseline -0.008 0"><span class='ocrx_word' id='word_1_128' title='bbox 466 1584 688 1647; x_wconf 89' lang='lat' dir='ltr'><strong>habere</strong></span> <span class='ocrx_word' id='word_1_129' title='bbox 725 1603 968 1646; x_wconf 87' lang='lat' dir='ltr'><strong>uxorem</strong></span> <span class='ocrx_word' id='word_1_130' title='bbox 1000 1584 1197 1647; x_wconf 81' lang='lat' dir='ltr'><strong>fratris</strong></span> <span class='ocrx_word' id='word_1_131' title='bbox 1227 1582 1330 1644; x_wconf 89' lang='lat' dir='ltr'><strong>tui.</strong></span> <span class='ocrx_word' id='word_1_132' title='bbox 1383 1579 1674 1644; x_wconf 87' lang='lat' dir='ltr'><strong>Herodias</strong></span> <span class='ocrx_word' id='word_1_133' title='bbox 1714 1587 1909 1640; x_wconf 88' lang='lat' dir='ltr'><strong>autem</strong></span> <span class='ocrx_word' id='word_1_134' title='bbox 1956 1573 2109 1636; x_wconf 87' lang='lat' dir='ltr'><strong>insi-</strong></span> 
     </span>
    </p>
   </div>
   <div class='ocr_carea' id='block_1_18' title="bbox 2181 561 3841 658">
    <p class='ocr_par' dir='ltr' id='par_1_18' title="bbox 2181 561 3841 658">
     <span class='ocr_line' id='line_1_20' title="bbox 2181 561 3841 658; baseline -0.009 -22"><span class='ocrx_word' id='word_1_135' title='bbox 2181 561 2627 658; x_wconf 75' lang='grc' dir='ltr'>θαυματουργεῖν.</span> <span class='ocrx_word' id='word_1_136' title='bbox 2676 576 2936 654; x_wconf 76' lang='grc' dir='ltr'><strong>Πρότερον</strong></span> <span class='ocrx_word' id='word_1_137' title='bbox 2989 574 3089 652; x_wconf 81' lang='grc' dir='ltr'><strong>γὰρ</strong></span> <span class='ocrx_word' id='word_1_138' title='bbox 3138 574 3165 627; x_wconf 90' lang='lat'><strong>6</strong></span> <span class='ocrx_word' id='word_1_139' title='bbox 3226 561 3475 636; x_wconf 81' lang='grc' dir='ltr'>Ἰωάννης</span> <span class='ocrx_word' id='word_1_140' title='bbox 3534 565 3679 624; x_wconf 72' lang='grc' dir='ltr'>οὐδὲν</span> <span class='ocrx_word' id='word_1_141' title='bbox 3730 588 3841 633; x_wconf 83' lang='grc' dir='ltr'>ση-</span> 
     </span>
    </p>
   </div>
   <div class='ocr_carea' id='block_1_19' title="bbox 2186 657 3839 742">
    <p class='ocr_par' dir='ltr' id='par_1_19' title="bbox 2186 657 3839 742">
     <span class='ocr_line' id='line_1_21' title="bbox 2186 657 3839 742; baseline -0.01 -17"><span class='ocrx_word' id='word_1_142' title='bbox 2186 683 2339 742; x_wconf 78' lang='grc' dir='ltr'>μεῖον</span> <span class='ocrx_word' id='word_1_143' title='bbox 2399 667 2649 732; x_wconf 72' lang='grc' dir='ltr'>ἐποίησεν</span> <span class='ocrx_word' id='word_1_144' title='bbox 2683 680 2698 695; x_wconf 83' lang='lat'><strong>&#39;</strong></span> <span class='ocrx_word' id='word_1_145' title='bbox 2732 664 2837 719; x_wconf 81' lang='grc' dir='ltr'>ἀπὸ</span> <span class='ocrx_word' id='word_1_146' title='bbox 2869 661 2924 718; x_wconf 77' lang='grc' dir='ltr'><strong>δί</strong></span> <span class='ocrx_word' id='word_1_147' title='bbox 2982 669 3082 728; x_wconf 81' lang='grc' dir='ltr'>τῆς</span> <span class='ocrx_word' id='word_1_148' title='bbox 3122 660 3458 723; x_wconf 72' lang='grc' dir='ltr'><strong>ἀναστάσεως</strong></span> <span class='ocrx_word' id='word_1_149' title='bbox 3509 657 3750 730; x_wconf 74' lang='grc' dir='ltr'>ὶνόμισεν</span> <span class='ocrx_word' id='word_1_150' title='bbox 3811 658 3839 710; x_wconf 78' lang='lat'><strong>6</strong></span> 
     </span>
    </p>
   </div>
   <div class='ocr_carea' id='block_1_20' title="bbox 2189 745 3841 837">
    <p class='ocr_par' dir='ltr' id='par_1_20' title="bbox 2189 745 3841 837">
     <span class='ocr_line' id='line_1_22' title="bbox 2189 745 3841 837; baseline -0.009 -24"><span class='ocrx_word' id='word_1_151' title='bbox 2189 751 2429 837; x_wconf 76' lang='grc' dir='ltr'>Ἡρώδης</span> <span class='ocrx_word' id='word_1_152' title='bbox 2489 751 2813 834; x_wconf 69' lang='grc' dir='ltr'>προσὶαὸεϊν</span> <span class='ocrx_word' id='word_1_153' title='bbox 2883 753 3040 837; x_wconf 67' lang='grc' dir='ltr'>αὐτὸν</span> <span class='ocrx_word' id='word_1_154' title='bbox 3094 757 3200 805; x_wconf 80' lang='grc' dir='ltr'><strong>τῶν</strong></span> <span class='ocrx_word' id='word_1_155' title='bbox 3256 748 3493 823; x_wconf 82' lang='grc' dir='ltr'>σημείων</span> <span class='ocrx_word' id='word_1_156' title='bbox 3545 746 3632 801; x_wconf 75' lang='grc' dir='ltr'>τὶν</span> <span class='ocrx_word' id='word_1_157' title='bbox 3686 745 3841 823; x_wconf 80' lang='grc' dir='ltr'>ἐργα-</span> 
     </span>
    </p>
   </div>
   <div class='ocr_carea' id='block_1_21' title="bbox 2185 830 3841 918">
    <p class='ocr_par' dir='ltr' id='par_1_21' title="bbox 2185 830 3841 918">
     <span class='ocr_line' id='line_1_23' title="bbox 2185 830 3841 918; baseline -0.009 -17"><span class='ocrx_word' id='word_1_158' title='bbox 2185 830 2325 908; x_wconf 73' lang='grc' dir='ltr'>σίαν,</span> <span class='ocrx_word' id='word_1_159' title='bbox 2364 830 2575 902; x_wconf 80' lang='grc' dir='ltr'>”Αλλοι</span> <span class='ocrx_word' id='word_1_160' title='bbox 2604 840 2659 897; x_wconf 75' lang='grc' dir='ltr'>δὲ</span> <span class='ocrx_word' id='word_1_161' title='bbox 2684 840 2867 918; x_wconf 74' lang='grc' dir='ltr'>ἔλεγον</span> <span class='ocrx_word' id='word_1_162' title='bbox 2899 837 2979 896; x_wconf 76' lang='grc' dir='ltr'>ὅτι</span> <span class='ocrx_word' id='word_1_163' title='bbox 3014 830 3195 901; x_wconf 70' lang='grc' dir='ltr'>Ἠλίας</span> <span class='ocrx_word' id='word_1_164' title='bbox 3233 840 3377 918; x_wconf 43' lang='grc' dir='ltr'>εστίν</span> <span class='ocrx_word' id='word_1_165' title='bbox 3406 855 3422 870; x_wconf 81' lang='grc'><strong>⁸</strong></span> <span class='ocrx_word' id='word_1_166' title='bbox 3480 833 3684 912; x_wconf 68' lang='grc' dir='ltr'>ἤλεγχε</span> <span class='ocrx_word' id='word_1_167' title='bbox 3739 834 3841 918; x_wconf 76' lang='grc' dir='ltr'><strong>γὰρ</strong></span> 
     </span>
    </p>
   </div>
   <div class='ocr_carea' id='block_1_22' title="bbox 2189 905 3837 1013">
    <p class='ocr_par' dir='ltr' id='par_1_22' title="bbox 2189 905 3837 1013">
     <span class='ocr_line' id='line_1_24' title="bbox 2189 905 3837 1013; baseline -0.01 -20"><span class='ocrx_word' id='word_1_168' title='bbox 2189 938 2305 1000; x_wconf 78' lang='grc' dir='ltr'>τοὺς</span> <span class='ocrx_word' id='word_1_169' title='bbox 2363 933 2616 1013; x_wconf 75' lang='grc' dir='ltr'>πολλοὺς,</span> <span class='ocrx_word' id='word_1_170' title='bbox 2651 934 2722 994; x_wconf 86' lang='grc' dir='ltr'>ὡς</span> <span class='ocrx_word' id='word_1_171' title='bbox 2782 930 2905 987; x_wconf 82' lang='grc' dir='ltr'>ὅταν</span> <span class='ocrx_word' id='word_1_172' title='bbox 2963 928 3164 1008; x_wconf 75' lang='grc' dir='ltr'>ἔλεγεν,</span> <span class='ocrx_word' id='word_1_173' title='bbox 3231 905 3310 981; x_wconf 73' lang='grc' dir='ltr'><strong>”Ω</strong></span> <span class='ocrx_word' id='word_1_174' title='bbox 3359 926 3512 1004; x_wconf 80' lang='grc' dir='ltr'>γενεὰ</span> <span class='ocrx_word' id='word_1_175' title='bbox 3562 916 3837 985; x_wconf 74' lang='grc' dir='ltr'>ἄπιστοςί</span> 
     </span>
    </p>
   </div>
   <div class='ocr_carea' id='block_1_23' title="bbox 2188 1012 3842 1103">
    <p class='ocr_par' dir='ltr' id='par_1_23' title="bbox 2188 1012 3842 1103">
     <span class='ocr_line' id='line_1_25' title="bbox 2188 1012 3842 1103; baseline -0.01 -21"><span class='ocrx_word' id='word_1_176' title='bbox 2188 1016 2426 1103; x_wconf 77' lang='grc' dir='ltr'>Ἡρώδης</span> <span class='ocrx_word' id='word_1_177' title='bbox 2486 1021 2541 1079; x_wconf 76' lang='grc' dir='ltr'>δὲ</span> <span class='ocrx_word' id='word_1_178' title='bbox 2573 1020 2804 1078; x_wconf 70' lang='grc' dir='ltr'>δέδοικεν</span> <span class='ocrx_word' id='word_1_179' title='bbox 2841 1038 2855 1051; x_wconf 90' lang='lat'><strong>&#39;</strong></span> <span class='ocrx_word' id='word_1_180' title='bbox 2928 1018 3094 1083; x_wconf 75' lang='grc' dir='ltr'>οὕτως</span> <span class='ocrx_word' id='word_1_181' title='bbox 3151 1017 3238 1073; x_wconf 81' lang='grc' dir='ltr'><strong>οὗν</strong></span> <span class='ocrx_word' id='word_1_182' title='bbox 3281 1014 3533 1094; x_wconf 77' lang='grc' dir='ltr'>ἐλεεινὸς,</span> <span class='ocrx_word' id='word_1_183' title='bbox 3568 1012 3704 1070; x_wconf 79' lang='grc' dir='ltr'>ὥστε</span> <span class='ocrx_word' id='word_1_184' title='bbox 3746 1014 3842 1067; x_wconf 80' lang='grc' dir='ltr'><strong>τὸν</strong></span> 
     </span>
    </p>
   </div>
   <div class='ocr_carea' id='block_1_24' title="bbox 2187 1110 2699 1194">
    <p class='ocr_par' dir='ltr' id='par_1_24' title="bbox 2187 1110 2699 1194">
     <span class='ocr_line' id='line_1_26' title="bbox 2187 1110 2699 1194; baseline -0.01 -24"><span class='ocrx_word' id='word_1_185' title='bbox 2187 1116 2367 1192; x_wconf 79' lang='grc' dir='ltr'>νεκρὸν</span> <span class='ocrx_word' id='word_1_186' title='bbox 2399 1110 2699 1194; x_wconf 78' lang='grc' dir='ltr'>φοϐεῖσθαι,</span> 
     </span>
    </p>
   </div>
   <div class='ocr_carea' id='block_1_25' title="bbox 2277 1188 3841 1279">
    <p class='ocr_par' dir='ltr' id='par_1_25' title="bbox 2277 1188 3841 1279">
     <span class='ocr_line' id='line_1_27' title="bbox 2277 1188 3841 1279; baseline -0.008 -23"><span class='ocrx_word' id='word_1_187' title='bbox 2277 1188 2299 1256; x_wconf 78' lang='grc' dir='ltr'><strong>ε</strong></span> <span class='ocrx_word' id='word_1_188' title='bbox 2339 1188 2494 1258; x_wconf 71' lang='grc' dir='ltr'>Ἀύτὸ</span> <span class='ocrx_word' id='word_1_189' title='bbox 2524 1201 2624 1279; x_wconf 73' lang='grc' dir='ltr'><strong>γὰρ</strong></span> <span class='ocrx_word' id='word_1_190' title='bbox 2656 1200 2684 1254; x_wconf 81' lang='lat'><strong>6</strong></span> <span class='ocrx_word' id='word_1_191' title='bbox 2736 1195 2982 1275; x_wconf 85' lang='grc' dir='ltr'>Ηρώδης,</span> <span class='ocrx_word' id='word_1_192' title='bbox 3044 1192 3360 1255; x_wconf 75' lang='grc' dir='ltr'><strong>ἀποστείλας</strong></span> <span class='ocrx_word' id='word_1_193' title='bbox 3419 1190 3677 1279; x_wconf 69' lang='grc' dir='ltr'>ἐκράτησε</span> <span class='ocrx_word' id='word_1_194' title='bbox 3748 1188 3841 1244; x_wconf 73' lang='grc' dir='ltr'><strong>ὗδν</strong></span> 
     </span>
    </p>
   </div>
   <div class='ocr_carea' id='block_1_26' title="bbox 2189 1271 3845 1370">
    <p class='ocr_par' dir='ltr' id='par_1_26' title="bbox 2189 1271 3845 1370">
     <span class='ocr_line' id='line_1_28' title="bbox 2189 1271 3845 1370; baseline -0.011 -21"><span class='ocrx_word' id='word_1_195' title='bbox 2189 1289 2466 1370; x_wconf 77' lang='grc' dir='ltr'>Ἰωάννην,</span> <span class='ocrx_word' id='word_1_196' title='bbox 2539 1271 2627 1343; x_wconf 68' lang='grc' dir='ltr'><strong>καὶ</strong></span> <span class='ocrx_word' id='word_1_197' title='bbox 2683 1271 2869 1352; x_wconf 78' lang='grc' dir='ltr'>ἔδησεν</span> <span class='ocrx_word' id='word_1_198' title='bbox 2925 1286 3082 1341; x_wconf 75' lang='grc' dir='ltr'>αὐτὸν</span> <span class='ocrx_word' id='word_1_199' title='bbox 3138 1283 3190 1340; x_wconf 69' lang='grc' dir='ltr'>ἓν</span> <span class='ocrx_word' id='word_1_200' title='bbox 3261 1280 3472 1361; x_wconf 74' lang='grc' dir='ltr'>φυλακῇ</span> <span class='ocrx_word' id='word_1_201' title='bbox 3535 1278 3619 1334; x_wconf 83' lang='grc' dir='ltr'>διὰ</span> <span class='ocrx_word' id='word_1_202' title='bbox 3664 1271 3845 1356; x_wconf 76' lang='grc' dir='ltr'>Ἡρω-</span> 
     </span>
    </p>
   </div>
   <div class='ocr_carea' id='block_1_27' title="bbox 2191 1366 3841 1454">
    <p class='ocr_par' dir='ltr' id='par_1_27' title="bbox 2191 1366 3841 1454">
     <span class='ocr_line' id='line_1_29' title="bbox 2191 1366 3841 1454; baseline -0.01 -18"><span class='ocrx_word' id='word_1_203' title='bbox 2191 1378 2341 1435; x_wconf 86' lang='grc' dir='ltr'>διάδα</span> <span class='ocrx_word' id='word_1_204' title='bbox 2393 1366 2493 1445; x_wconf 66' lang='grc' dir='ltr'><strong>την</strong></span> <span class='ocrx_word' id='word_1_205' title='bbox 2542 1388 2771 1454; x_wconf 77' lang='grc' dir='ltr'>γυναῖκα</span> <span class='ocrx_word' id='word_1_206' title='bbox 2799 1372 3067 1430; x_wconf 80' lang='grc' dir='ltr'>Φιλίππου</span> <span class='ocrx_word' id='word_1_207' title='bbox 3124 1382 3215 1430; x_wconf 78' lang='grc' dir='ltr'>τοὺ</span> <span class='ocrx_word' id='word_1_208' title='bbox 3269 1368 3495 1449; x_wconf 74' lang='grc' dir='ltr'>ἀδελφοῦ</span> <span class='ocrx_word' id='word_1_209' title='bbox 3538 1371 3716 1441; x_wconf 67' lang='grc' dir='ltr'>αὐτοῦ,</span> <span class='ocrx_word' id='word_1_210' title='bbox 3753 1366 3841 1422; x_wconf 80' lang='grc' dir='ltr'>ὅτι</span> 
     </span>
    </p>
   </div>
   <div class='ocr_carea' id='block_1_28' title="bbox 2192 1447 3847 1545">
    <p class='ocr_par' dir='ltr' id='par_1_28' title="bbox 2192 1447 3847 1545">
     <span class='ocr_line' id='line_1_30' title="bbox 2192 1447 3847 1545; baseline 0.021 -20"><span class='ocrx_word' id='word_1_211' title='bbox 2192 1470 2354 1536; x_wconf 72' lang='grc' dir='ltr'>αὐτὴν</span> <span class='ocrx_word' id='word_1_212' title='bbox 2409 1447 2699 1545; x_wconf 64' lang='grc' dir='ltr'>δγάμῆσενα</span> <span class='ocrx_word' id='word_1_213' title='bbox 2760 1462 2971 1540; x_wconf 76' lang='grc' dir='ltr'>’Ἔλεγε</span> <span class='ocrx_word' id='word_1_214' title='bbox 3028 1462 3127 1542; x_wconf 67' lang='grc' dir='ltr'><strong>γὰρ</strong></span> <span class='ocrx_word' id='word_1_215' title='bbox 3184 1463 3212 1517; x_wconf 76' lang='grc' dir='ltr'><strong>δ</strong></span> <span class='ocrx_word' id='word_1_216' title='bbox 3241 1447 3493 1524; x_wconf 40' lang='grc' dir='ltr'><strong>’ίωένθλε</strong></span> <span class='ocrx_word' id='word_1_217' title='bbox 3522 1463 3599 1530; x_wconf 69' lang='grc' dir='ltr'><strong>τῷ</strong></span> <span class='ocrx_word' id='word_1_218' title='bbox 3631 1447 3847 1545; x_wconf 60' lang='grc' dir='ltr'><strong>ᾟΡώδῃ</strong></span> 
     </span>
    </p>
   </div>
   <div class='ocr_carea' id='block_1_29' title="bbox 2193 1543 3847 1637">
    <p class='ocr_par' dir='ltr' id='par_1_29' title="bbox 2193 1543 3847 1637">
     <span class='ocr_line' id='line_1_31' title="bbox 2193 1543 3847 1637; baseline -0.009 -24"><span class='ocrx_word' id='word_1_219' title='bbox 2193 1556 2296 1637; x_wconf 64' lang='grc' dir='ltr'>ὃτι,</span> <span class='ocrx_word' id='word_1_220' title='bbox 2336 1543 2459 1613; x_wconf 71' lang='grc' dir='ltr'><strong>Οὔκ</strong></span> <span class='ocrx_word' id='word_1_221' title='bbox 2499 1553 2663 1619; x_wconf 77' lang='grc' dir='ltr'>ἒξεστί</span> <span class='ocrx_word' id='word_1_222' title='bbox 2717 1575 2801 1609; x_wconf 91' lang='grc' dir='ltr'><strong>σοι</strong></span> <span class='ocrx_word' id='word_1_223' title='bbox 2857 1551 3007 1631; x_wconf 74' lang='grc' dir='ltr'>ἔχειν</span> <span class='ocrx_word' id='word_1_224' title='bbox 3054 1552 3151 1617; x_wconf 77' lang='grc' dir='ltr'>τὴν</span> <span class='ocrx_word' id='word_1_225' title='bbox 3210 1561 3439 1627; x_wconf 77' lang='grc' dir='ltr'>γυναῖκα</span> <span class='ocrx_word' id='word_1_226' title='bbox 3469 1545 3562 1601; x_wconf 77' lang='grc' dir='ltr'>τοῦ</span> <span class='ocrx_word' id='word_1_227' title='bbox 3619 1543 3847 1622; x_wconf 78' lang='grc' dir='ltr'>ἀδελφοῦ</span> 
     </span>
    </p>
   </div>
   <div class='ocr_carea' id='block_1_30' title="bbox 466 1632 2117 1754">
    <p class='ocr_par' dir='ltr' id='par_1_30' title="bbox 466 1669 2106 1754">
     <span class='ocr_line' id='line_1_32' title="bbox 466 1669 2106 1754; baseline -0.005 -17"><span class='ocrx_word' id='word_1_228' title='bbox 466 1673 739 1737; x_wconf 88' lang='lat' dir='ltr'><strong>diabatur</strong></span> <span class='ocrx_word' id='word_1_229' title='bbox 768 1672 1234 1754; x_wconf 87' lang='lat' dir='ltr'><strong>illi,volebatque</strong></span> <span class='ocrx_word' id='word_1_230' title='bbox 1260 1669 1534 1733; x_wconf 90' lang='lat' dir='ltr'><strong>occidere</strong></span> <span class='ocrx_word' id='word_1_231' title='bbox 1554 1685 1833 1742; x_wconf 74' lang='lat' dir='ltr'><strong>eum,nec</strong></span> <span class='ocrx_word' id='word_1_232' title='bbox 1858 1672 2106 1745; x_wconf 89' lang='lat' dir='ltr'><strong>poterat.</strong></span> 
     </span>
    </p>
   </div>
   <div class='ocr_carea' id='block_1_31' title="bbox 2202 1632 3845 1754">
    <p class='ocr_par' dir='ltr' id='par_1_31' title="bbox 2202 1632 3845 1754">
     <span class='ocr_line' id='line_1_33' title="bbox 2202 1632 3845 1720; baseline -0.011 -17"><span class='ocrx_word' id='word_1_233' title='bbox 2202 1632 2308 1708; x_wconf 72' lang='grc' dir='ltr'>που,</span> <span class='ocrx_word' id='word_1_234' title='bbox 2360 1638 2421 1700; x_wconf 68' lang='grc' dir='ltr'><strong><em>Ἠ</em></strong></span> <span class='ocrx_word' id='word_1_235' title='bbox 2454 1642 2508 1699; x_wconf 72' lang='grc' dir='ltr'>δὲ</span> <span class='ocrx_word' id='word_1_236' title='bbox 2566 1634 2822 1720; x_wconf 77' lang='grc' dir='ltr'>Ἡρωδιὰς</span> <span class='ocrx_word' id='word_1_237' title='bbox 2880 1640 3093 1718; x_wconf 71' lang='grc' dir='ltr'>ἐνεῖχεν</span> <span class='ocrx_word' id='word_1_238' title='bbox 3142 1641 3306 1711; x_wconf 72' lang='grc' dir='ltr'>αὐτῷ,</span> <span class='ocrx_word' id='word_1_239' title='bbox 3359 1636 3446 1692; x_wconf 81' lang='grc' dir='ltr'><strong>καὶ</strong></span> <span class='ocrx_word' id='word_1_240' title='bbox 3476 1632 3662 1702; x_wconf 64' lang='grc' dir='ltr'>ἤθελεν</span> <span class='ocrx_word' id='word_1_241' title='bbox 3687 1635 3845 1691; x_wconf 70' lang='grc' dir='ltr'>αὖτὸν</span> 
     </span>
     <span class='ocr_line' id='line_1_34' title="bbox 2202 1714 3826 1754; baseline 0 0"><span class='ocrx_word' id='word_1_242' title='bbox 2202 1734 2211 1753; x_wconf 72' lang='grc' dir='ltr'><strong>ν</strong></span> <span class='ocrx_word' id='word_1_243' title='bbox 2395 1746 2419 1754; x_wconf 87' lang='grc'><strong>..</strong></span> <span class='ocrx_word' id='word_1_244' title='bbox 2634 1732 2649 1754; x_wconf 63' lang='grc' dir='ltr'><strong>ι</strong></span> <span class='ocrx_word' id='word_1_245' title='bbox 2707 1730 2790 1754; x_wconf 32' lang='grc' dir='ltr'>μ’.-</span> <span class='ocrx_word' id='word_1_246' title='bbox 2855 1727 3064 1754; x_wconf 57' lang='lat'><strong>111..----</strong></span> <span class='ocrx_word' id='word_1_247' title='bbox 3155 1717 3212 1754; x_wconf 71' lang='lat' dir='ltr'><strong>&#39;n</strong></span> <span class='ocrx_word' id='word_1_248' title='bbox 3271 1726 3366 1754; x_wconf 59' lang='grc' dir='ltr'>μὶ.-</span> <span class='ocrx_word' id='word_1_249' title='bbox 3415 1714 3654 1754; x_wconf 59' lang='lat' dir='ltr'><strong>‘u-.&#39;.2..-</strong></span> <span class='ocrx_word' id='word_1_250' title='bbox 3711 1722 3826 1754; x_wconf 47' lang='grc' dir='ltr'><strong>ι..-’</strong></span> 
     </span>
    </p>
   </div>
   <div class='ocr_carea' id='block_1_32' title="bbox 465 1757 2105 1831">
    <p class='ocr_par' dir='ltr' id='par_1_32' title="bbox 465 1757 2105 1831">
     <span class='ocr_line' id='line_1_35' title="bbox 465 1757 2105 1831; baseline -0.007 -6"><span class='ocrx_word' id='word_1_251' title='bbox 465 1763 731 1825; x_wconf 82' lang='lat' dir='ltr'><strong>Herodes</strong></span> <span class='ocrx_word' id='word_1_252' title='bbox 788 1763 943 1824; x_wconf 86' lang='lat' dir='ltr'><strong>enim</strong></span> <span class='ocrx_word' id='word_1_253' title='bbox 1005 1760 1305 1824; x_wconf 84' lang='lat' dir='ltr'><strong>metuebat</strong></span> <span class='ocrx_word' id='word_1_254' title='bbox 1362 1761 1678 1831; x_wconf 84' lang='lat' dir='ltr'><strong>Joannem,</strong></span> <span class='ocrx_word' id='word_1_255' title='bbox 1736 1757 1930 1817; x_wconf 89' lang='lat' dir='ltr'><strong>sciens</strong></span> <span class='ocrx_word' id='word_1_256' title='bbox 1972 1772 2105 1815; x_wconf 90' lang='lat' dir='ltr'><strong>eum</strong></span> 
     </span>
    </p>
   </div>
   <div class='ocr_carea' id='block_1_33' title="bbox 466 1845 2108 1933">
    <p class='ocr_par' dir='ltr' id='par_1_33' title="bbox 466 1845 2108 1933">
     <span class='ocr_line' id='line_1_36' title="bbox 466 1845 2108 1933; baseline -0.007 -18"><span class='ocrx_word' id='word_1_257' title='bbox 466 1854 655 1915; x_wconf 88' lang='lat' dir='ltr'><strong>virum</strong></span> <span class='ocrx_word' id='word_1_258' title='bbox 682 1853 907 1933; x_wconf 90' lang='lat' dir='ltr'><strong>justum</strong></span> <span class='ocrx_word' id='word_1_259' title='bbox 968 1871 1036 1912; x_wconf 84' lang='lat' dir='ltr'><strong>ac</strong></span> <span class='ocrx_word' id='word_1_260' title='bbox 1093 1859 1391 1929; x_wconf 86' lang='lat' dir='ltr'><strong>sanctum,</strong></span> <span class='ocrx_word' id='word_1_261' title='bbox 1448 1856 1506 1909; x_wconf 89' lang='lat' dir='ltr'><strong>et</strong></span> <span class='ocrx_word' id='word_1_262' title='bbox 1550 1845 1902 1908; x_wconf 87' lang='lat' dir='ltr'><strong>observabat</strong></span> <span class='ocrx_word' id='word_1_263' title='bbox 1947 1861 2108 1923; x_wconf 90' lang='lat' dir='ltr'><strong>eum,</strong></span> 
     </span>
    </p>
   </div>
   <div class='ocr_carea' id='block_1_34' title="bbox 466 1934 2109 2023">
    <p class='ocr_par' dir='ltr' id='par_1_34' title="bbox 466 1934 2109 2023">
     <span class='ocr_line' id='line_1_37' title="bbox 466 1934 2109 2023; baseline -0.008 -19"><span class='ocrx_word' id='word_1_264' title='bbox 466 1942 785 2023; x_wconf 85' lang='lat' dir='ltr'><strong>auditoque</strong></span> <span class='ocrx_word' id='word_1_265' title='bbox 841 1959 937 2016; x_wconf 93' lang='lat' dir='ltr'><strong>eo,</strong></span> <span class='ocrx_word' id='word_1_266' title='bbox 986 1940 1168 2001; x_wconf 90' lang='lat' dir='ltr'><strong>multa</strong></span> <span class='ocrx_word' id='word_1_267' title='bbox 1214 1938 1488 2012; x_wconf 86' lang='lat' dir='ltr'><strong>faciebat,</strong></span> <span class='ocrx_word' id='word_1_268' title='bbox 1543 1945 1601 1998; x_wconf 95' lang='lat' dir='ltr'><strong>et</strong></span> <span class='ocrx_word' id='word_1_269' title='bbox 1661 1934 1919 1997; x_wconf 76' lang='lat' dir='ltr'><strong>libenter</strong></span> <span class='ocrx_word' id='word_1_270' title='bbox 1975 1950 2109 2023; x_wconf 84' lang='lat' dir='ltr'><strong>eum</strong></span> 
     </span>
    </p>
   </div>
   <div class='ocr_carea' id='block_1_35' title="bbox 470 2020 2111 2093">
    <p class='ocr_par' dir='ltr' id='par_1_35' title="bbox 470 2020 2111 2093">
     <span class='ocr_line' id='line_1_38' title="bbox 470 2020 2111 2093; baseline -0.007 -1"><span class='ocrx_word' id='word_1_271' title='bbox 470 2020 769 2093; x_wconf 78' lang='lat' dir='ltr'><strong>audiebat.</strong></span> <span class='ocrx_word' id='word_1_272' title='bbox 806 2056 833 2087; x_wconf 70' lang='grc' dir='ltr'><strong>ι</strong></span> <span class='ocrx_word' id='word_1_273' title='bbox 870 2028 1179 2092; x_wconf 86' lang='lat' dir='ltr'><strong>Interserit</strong></span> <span class='ocrx_word' id='word_1_274' title='bbox 1226 2029 1338 2090; x_wconf 90' lang='lat' dir='ltr'><strong>hoc</strong></span> <span class='ocrx_word' id='word_1_275' title='bbox 1379 2028 1508 2091; x_wconf 91' lang='lat' dir='ltr'><strong>loco</strong></span> <span class='ocrx_word' id='word_1_276' title='bbox 1543 2024 1769 2087; x_wconf 87' lang='lat' dir='ltr'><strong>Marcus</strong></span> <span class='ocrx_word' id='word_1_277' title='bbox 1817 2020 2111 2083; x_wconf 86' lang='lat' dir='ltr'><strong>narratio--</strong></span> 
     </span>
    </p>
   </div>
   <div class='ocr_carea' id='block_1_36' title="bbox 471 2114 2110 2198">
    <p class='ocr_par' dir='ltr' id='par_1_36' title="bbox 471 2114 2110 2198">
     <span class='ocr_line' id='line_1_39' title="bbox 471 2114 2110 2198; baseline -0.005 -17"><span class='ocrx_word' id='word_1_278' title='bbox 471 2139 605 2181; x_wconf 79' lang='lat' dir='ltr'><strong>nem</strong></span> <span class='ocrx_word' id='word_1_279' title='bbox 637 2120 712 2181; x_wconf 90' lang='lat' dir='ltr'><strong>de</strong></span> <span class='ocrx_word' id='word_1_280' title='bbox 744 2128 934 2181; x_wconf 90' lang='lat' dir='ltr'><strong>morte</strong></span> <span class='ocrx_word' id='word_1_281' title='bbox 947 2118 1191 2180; x_wconf 83' lang='lat' dir='ltr'><strong>Joannis</strong></span> <span class='ocrx_word' id='word_1_282' title='bbox 1209 2114 1828 2198; x_wconf 67' lang='lat' dir='ltr'><strong>Baptistaa,occasione</strong></span> <span class='ocrx_word' id='word_1_283' title='bbox 1850 2118 2110 2190; x_wconf 90' lang='lat' dir='ltr'><strong>sumpta.</strong></span> 
     </span>
    </p>
   </div>
   <div class='ocr_carea' id='block_1_37' title="bbox 468 2198 2116 2288">
    <p class='ocr_par' dir='ltr' id='par_1_37' title="bbox 468 2198 2116 2288">
     <span class='ocr_line' id='line_1_40' title="bbox 468 2198 2116 2288; baseline -0.007 -19"><span class='ocrx_word' id='word_1_284' title='bbox 468 2203 684 2270; x_wconf 90' lang='lat' dir='ltr'><strong>Dicunt</strong></span> <span class='ocrx_word' id='word_1_285' title='bbox 744 2216 939 2269; x_wconf 89' lang='lat' dir='ltr'><strong>autem</strong></span> <span class='ocrx_word' id='word_1_286' title='bbox 1015 2208 1253 2288; x_wconf 91' lang='lat' dir='ltr'><strong>quidam</strong></span> <span class='ocrx_word' id='word_1_287' title='bbox 1314 2209 1472 2287; x_wconf 92' lang='lat' dir='ltr'><strong>quod</strong></span> <span class='ocrx_word' id='word_1_288' title='bbox 1530 2202 1797 2266; x_wconf 90' lang='lat' dir='ltr'><strong>Herodes</strong></span> <span class='ocrx_word' id='word_1_289' title='bbox 1854 2198 2116 2280; x_wconf 88' lang='lat' dir='ltr'><strong>rapuerit</strong></span> 
     </span>
    </p>
   </div>
   <div class='ocr_carea' id='block_1_38' title="bbox 469 2288 2112 2375">
    <p class='ocr_par' dir='ltr' id='par_1_38' title="bbox 469 2288 2112 2375">
     <span class='ocr_line' id='line_1_41' title="bbox 469 2288 2112 2375; baseline -0.007 -18"><span class='ocrx_word' id='word_1_290' title='bbox 469 2296 892 2371; x_wconf 86' lang='lat' dir='ltr'><strong>Herodiadem,</strong></span> <span class='ocrx_word' id='word_1_291' title='bbox 928 2298 1157 2357; x_wconf 84' lang='lat' dir='ltr'><strong>vivente</strong></span> <span class='ocrx_word' id='word_1_292' title='bbox 1190 2294 1483 2375; x_wconf 89' lang='lat' dir='ltr'><strong>Philippo,</strong></span> <span class='ocrx_word' id='word_1_293' title='bbox 1519 2292 1749 2372; x_wconf 84' lang='lat' dir='ltr'><strong>etquod</strong></span> <span class='ocrx_word' id='word_1_294' title='bbox 1774 2288 2112 2375; x_wconf 88' lang='lat' dir='ltr'><strong>reprehen-</strong></span> 
     </span>
    </p>
   </div>
   <div class='ocr_carea' id='block_1_39' title="bbox 470 2374 2113 2465">
    <p class='ocr_par' dir='ltr' id='par_1_39' title="bbox 470 2374 2113 2465">
     <span class='ocr_line' id='line_1_42' title="bbox 470 2374 2113 2465; baseline -0.007 -19"><span class='ocrx_word' id='word_1_295' title='bbox 470 2404 570 2446; x_wconf 88' lang='lat' dir='ltr'><strong>sus</strong></span> <span class='ocrx_word' id='word_1_296' title='bbox 601 2384 779 2446; x_wconf 90' lang='lat' dir='ltr'><strong>fuerit</strong></span> <span class='ocrx_word' id='word_1_297' title='bbox 822 2393 883 2446; x_wconf 94' lang='lat' dir='ltr'><strong>ut</strong></span> <span class='ocrx_word' id='word_1_298' title='bbox 914 2385 1353 2465; x_wconf 69' lang='lat' dir='ltr'><strong>praevaricator,</strong></span> <span class='ocrx_word' id='word_1_299' title='bbox 1388 2374 1489 2460; x_wconf 87' lang='lat' dir='ltr'><strong>qui</strong></span> <span class='ocrx_word' id='word_1_300' title='bbox 1521 2378 1832 2442; x_wconf 84' lang='lat' dir='ltr'><strong>abduxerit</strong></span> <span class='ocrx_word' id='word_1_301' title='bbox 1866 2374 2113 2465; x_wconf 87' lang='lat' dir='ltr'><strong>viventis</strong></span> 
     </span>
    </p>
   </div>
   <div class='ocr_carea' id='block_1_40' title="bbox 470 2464 2113 2552">
    <p class='ocr_par' dir='ltr' id='par_1_40' title="bbox 470 2464 2113 2552">
     <span class='ocr_line' id='line_1_43' title="bbox 470 2464 2113 2552; baseline -0.005 -19"><span class='ocrx_word' id='word_1_302' title='bbox 470 2474 669 2535; x_wconf 87' lang='lat' dir='ltr'><strong>fratris</strong></span> <span class='ocrx_word' id='word_1_303' title='bbox 697 2464 943 2536; x_wconf 86' lang='lat' dir='ltr'><strong>uxorem</strong></span> <span class='ocrx_word' id='word_1_304' title='bbox 970 2490 989 2547; x_wconf 91' lang='lat'><strong><em>;</em></strong></span> <span class='ocrx_word' id='word_1_305' title='bbox 1020 2473 1118 2534; x_wconf 87' lang='lat' dir='ltr'><strong>alii</strong></span> <span class='ocrx_word' id='word_1_306' title='bbox 1149 2483 1343 2533; x_wconf 81' lang='lat' dir='ltr'><strong>autem</strong></span> <span class='ocrx_word' id='word_1_307' title='bbox 1372 2471 1528 2552; x_wconf 91' lang='lat' dir='ltr'><strong>quod</strong></span> <span class='ocrx_word' id='word_1_308' title='bbox 1571 2476 1838 2531; x_wconf 87' lang='lat' dir='ltr'><strong>mortuus</strong></span> <span class='ocrx_word' id='word_1_309' title='bbox 1869 2464 2113 2545; x_wconf 89' lang='lat' dir='ltr'><strong>quidem</strong></span> 
     </span>
    </p>
   </div>
   <div class='ocr_carea' id='block_1_41' title="bbox 469 2557 2111 2643">
    <p class='ocr_par' dir='ltr' id='par_1_41' title="bbox 469 2557 2111 2643">
     <span class='ocr_line' id='line_1_44' title="bbox 469 2557 2111 2643; baseline -0.008 -18"><span class='ocrx_word' id='word_1_310' title='bbox 469 2562 650 2625; x_wconf 86' lang='lat' dir='ltr'><strong>fuerit</strong></span> <span class='ocrx_word' id='word_1_311' title='bbox 674 2562 1007 2643; x_wconf 81' lang='lat' dir='ltr'><strong>Philippus,</strong></span> <span class='ocrx_word' id='word_1_312' title='bbox 1036 2560 1560 2643; x_wconf 86' lang='lat' dir='ltr'><strong>reliqueritautem</strong></span> <span class='ocrx_word' id='word_1_313' title='bbox 1583 2557 1822 2618; x_wconf 75' lang='lat' dir='ltr'><strong>filiolam</strong></span> <span class='ocrx_word' id='word_1_314' title='bbox 1859 2573 1872 2617; x_wconf 90' lang='lat'>:</span> <span class='ocrx_word' id='word_1_315' title='bbox 1900 2562 1957 2616; x_wconf 89' lang='lat' dir='ltr'><strong>et</strong></span> <span class='ocrx_word' id='word_1_316' title='bbox 1978 2571 2111 2614; x_wconf 89' lang='lat' dir='ltr'><strong>cum</strong></span> 
     </span>
    </p>
   </div>
   <div class='ocr_carea' id='block_1_42' title="bbox 471 2646 2113 2732">
    <p class='ocr_par' dir='ltr' id='par_1_42' title="bbox 471 2646 2113 2732">
     <span class='ocr_line' id='line_1_45' title="bbox 471 2646 2113 2732; baseline -0.007 -19"><span class='ocrx_word' id='word_1_317' title='bbox 471 2652 648 2713; x_wconf 82' lang='lat' dir='ltr'><strong>filiam</strong></span> <span class='ocrx_word' id='word_1_318' title='bbox 700 2652 1027 2732; x_wconf 88' lang='lat' dir='ltr'><strong>reliquerit,</strong></span> <span class='ocrx_word' id='word_1_319' title='bbox 1087 2670 1203 2712; x_wconf 93' lang='lat' dir='ltr'><strong>non</strong></span> <span class='ocrx_word' id='word_1_320' title='bbox 1256 2648 1510 2711; x_wconf 90' lang='lat' dir='ltr'><strong>debebat</strong></span> <span class='ocrx_word' id='word_1_321' title='bbox 1558 2646 1825 2708; x_wconf 87' lang='lat' dir='ltr'><strong>Herodes</strong></span> <span class='ocrx_word' id='word_1_322' title='bbox 1868 2658 2113 2705; x_wconf 83' lang='lat' dir='ltr'><strong>uxorem</strong></span> 
     </span>
    </p>
   </div>
   <div class='ocr_carea' id='block_1_43' title="bbox 470 2733 2119 2821">
    <p class='ocr_par' dir='ltr' id='par_1_43' title="bbox 470 2733 2119 2821">
     <span class='ocr_line' id='line_1_46' title="bbox 470 2733 2119 2821; baseline -0.007 -18"><span class='ocrx_word' id='word_1_323' title='bbox 470 2741 667 2803; x_wconf 90' lang='lat' dir='ltr'><strong>fratris</strong></span> <span class='ocrx_word' id='word_1_324' title='bbox 697 2741 917 2805; x_wconf 89' lang='lat' dir='ltr'><strong>ducere</strong></span> <span class='ocrx_word' id='word_1_325' title='bbox 948 2740 1124 2803; x_wconf 88' lang='lat' dir='ltr'><strong>etiam</strong></span> <span class='ocrx_word' id='word_1_326' title='bbox 1166 2747 1297 2821; x_wconf 92' lang='lat' dir='ltr'><strong>post</strong></span> <span class='ocrx_word' id='word_1_327' title='bbox 1329 2747 1604 2799; x_wconf 85' lang='lat' dir='ltr'><strong>mortem.</strong></span> <span class='ocrx_word' id='word_1_328' title='bbox 1643 2736 1755 2797; x_wconf 86' lang='lat' dir='ltr'><strong>Lex</strong></span> <span class='ocrx_word' id='word_1_329' title='bbox 1786 2733 1943 2795; x_wconf 89' lang='lat' dir='ltr'><strong>enim</strong></span> <span class='ocrx_word' id='word_1_330' title='bbox 1979 2742 2119 2792; x_wconf 91' lang='lat' dir='ltr'><strong>tunc</strong></span> 
     </span>
    </p>
   </div>
   <div class='ocr_carea' id='block_1_44' title="bbox 465 2823 2119 2910">
    <p class='ocr_par' dir='ltr' id='par_1_44' title="bbox 465 2823 2119 2910">
     <span class='ocr_line' id='line_1_47' title="bbox 465 2823 2119 2910; baseline -0.007 -18"><span class='ocrx_word' id='word_1_331' title='bbox 465 2830 713 2910; x_wconf 82' lang='lat' dir='ltr'><strong>jubebat</strong></span> <span class='ocrx_word' id='word_1_332' title='bbox 741 2832 979 2892; x_wconf 83' lang='lat' dir='ltr'><strong>fratrem</strong></span> <span class='ocrx_word' id='word_1_333' title='bbox 1005 2829 1200 2891; x_wconf 88' lang='lat' dir='ltr'><strong>fratris</strong></span> <span class='ocrx_word' id='word_1_334' title='bbox 1232 2847 1475 2889; x_wconf 90' lang='lat' dir='ltr'><strong>uxorem</strong></span> <span class='ocrx_word' id='word_1_335' title='bbox 1501 2827 1718 2887; x_wconf 89' lang='lat' dir='ltr'><strong>ducere</strong></span> <span class='ocrx_word' id='word_1_336' title='bbox 1736 2823 1819 2904; x_wconf 68' lang='lat'><strong>81,</strong></span> <span class='ocrx_word' id='word_1_337' title='bbox 1844 2840 1977 2883; x_wconf 91' lang='lat' dir='ltr'><strong>cum</strong></span> <span class='ocrx_word' id='word_1_338' title='bbox 2000 2839 2119 2882; x_wconf 88' lang='lat' dir='ltr'><strong>non</strong></span> 
     </span>
    </p>
   </div>
   <div class='ocr_carea' id='block_1_45' title="bbox 471 2911 2121 3002">
    <p class='ocr_par' dir='ltr' id='par_1_45' title="bbox 471 2911 2121 3002">
     <span class='ocr_line' id='line_1_48' title="bbox 471 2911 2121 3002; baseline -0.006 -21"><span class='ocrx_word' id='word_1_339' title='bbox 471 2931 807 3002; x_wconf 87' lang='lat' dir='ltr'><strong>superesset</strong></span> <span class='ocrx_word' id='word_1_340' title='bbox 835 2938 1022 3001; x_wconf 91' lang='lat' dir='ltr'><strong>puer:</strong></span> <span class='ocrx_word' id='word_1_341' title='bbox 1056 2917 1549 3002; x_wconf 22' lang='lat' dir='ltr'><strong>nunc‘autemilli</strong></span> <span class='ocrx_word' id='word_1_342' title='bbox 1580 2924 1703 2978; x_wconf 89' lang='lat' dir='ltr'><strong>erat</strong></span> <span class='ocrx_word' id='word_1_343' title='bbox 1735 2914 1860 3002; x_wconf 81' lang='lat' dir='ltr'><strong>filia</strong></span> <span class='ocrx_word' id='word_1_344' title='bbox 1887 2935 1901 3002; x_wconf 67' lang='grc' dir='ltr'><em>ε</em></span> <span class='ocrx_word' id='word_1_345' title='bbox 1932 2911 2121 3002; x_wconf 66' lang='lat' dir='ltr'><strong>illegi-</strong></span> 
     </span>
    </p>
   </div>
   <div class='ocr_carea' id='block_1_46' title="bbox 471 2993 2176 3080">
    <p class='ocr_par' dir='ltr' id='par_1_46' title="bbox 471 2993 2176 3080">
     <span class='ocr_line' id='line_1_49' title="bbox 471 2993 2176 3080; baseline -0.002 -19"><span class='ocrx_word' id='word_1_346' title='bbox 471 2993 631 3062; x_wconf 69' lang='lat' dir='ltr'><strong>timze</strong></span> <span class='ocrx_word' id='word_1_347' title='bbox 658 2993 1034 3080; x_wconf 54' lang='lat' dir='ltr'><strong>igitur&#39;erant</strong></span> <span class='ocrx_word' id='word_1_348' title='bbox 1065 2999 1305 3080; x_wconf 60' lang='lat' dir='ltr'><strong>nuptiae.</strong></span> <span class='ocrx_word' id='word_1_349' title='bbox 1345 2997 1493 3060; x_wconf 88' lang='lat' dir='ltr'><strong>Vide</strong></span> <span class='ocrx_word' id='word_1_350' title='bbox 1524 3004 1719 3058; x_wconf 90' lang='lat' dir='ltr'><strong>autem</strong></span> <span class='ocrx_word' id='word_1_351' title='bbox 1765 2994 1905 3075; x_wconf 88' lang='lat' dir='ltr'><strong>quid</strong></span> <span class='ocrx_word' id='word_1_352' title='bbox 1941 2993 2176 3058; x_wconf 85' lang='lat' dir='ltr'><strong>faciatc</strong></span> 
     </span>
    </p>
   </div>
   <div class='ocr_carea' id='block_1_47' title="bbox 471 3080 2115 3170">
    <p class='ocr_par' dir='ltr' id='par_1_47' title="bbox 471 3080 2115 3170">
     <span class='ocr_line' id='line_1_50' title="bbox 471 3080 2115 3170; baseline -0.007 -18"><span class='ocrx_word' id='word_1_353' title='bbox 471 3091 691 3152; x_wconf 87' lang='lat' dir='ltr'><strong>amoris</strong></span> <span class='ocrx_word' id='word_1_354' title='bbox 710 3089 926 3165; x_wconf 87' lang='lat' dir='ltr'><strong>rabies,</strong></span> <span class='ocrx_word' id='word_1_355' title='bbox 956 3098 1014 3151; x_wconf 93' lang='lat' dir='ltr'><strong>et</strong></span> <span class='ocrx_word' id='word_1_356' title='bbox 1035 3096 1315 3170; x_wconf 90' lang='lat' dir='ltr'><strong>quantum</strong></span> <span class='ocrx_word' id='word_1_357' title='bbox 1334 3088 1541 3148; x_wconf 88' lang='lat' dir='ltr'><strong>valeat.</strong></span> <span class='ocrx_word' id='word_1_358' title='bbox 1574 3087 1729 3148; x_wconf 88' lang='lat' dir='ltr'><strong>Ecce</strong></span> <span class='ocrx_word' id='word_1_359' title='bbox 1752 3083 1910 3145; x_wconf 90' lang='lat' dir='ltr'><strong>enim</strong></span> <span class='ocrx_word' id='word_1_360' title='bbox 1932 3080 2115 3143; x_wconf 87' lang='lat' dir='ltr'><strong>Hero-</strong></span> 
     </span>
    </p>
   </div>
   <div class='ocr_carea' id='block_1_48' title="bbox 472 3172 2120 3259">
    <p class='ocr_par' dir='ltr' id='par_1_48' title="bbox 472 3172 2120 3259">
     <span class='ocr_line' id='line_1_51' title="bbox 472 3172 2120 3259; baseline -0.005 -18"><span class='ocrx_word' id='word_1_361' title='bbox 472 3181 579 3241; x_wconf 91' lang='lat' dir='ltr'><strong>des</strong></span> <span class='ocrx_word' id='word_1_362' title='bbox 608 3182 922 3256; x_wconf 89' lang='lat' dir='ltr'><strong>Joannem,</strong></span> <span class='ocrx_word' id='word_1_363' title='bbox 955 3196 1131 3259; x_wconf 91' lang='lat' dir='ltr'><strong>quem</strong></span> <span class='ocrx_word' id='word_1_364' title='bbox 1165 3178 1228 3239; x_wconf 88' lang='lat' dir='ltr'><strong>in</strong></span> <span class='ocrx_word' id='word_1_365' title='bbox 1259 3185 1415 3238; x_wconf 89' lang='lat' dir='ltr'><strong>tanto</strong></span> <span class='ocrx_word' id='word_1_366' title='bbox 1446 3177 1673 3238; x_wconf 87' lang='lat' dir='ltr'><strong>honore</strong></span> <span class='ocrx_word' id='word_1_367' title='bbox 1700 3182 1757 3235; x_wconf 93' lang='lat' dir='ltr'><strong>et</strong></span> <span class='ocrx_word' id='word_1_368' title='bbox 1786 3172 2120 3234; x_wconf 89' lang='lat' dir='ltr'><strong>reverentia</strong></span> 
     </span>
    </p>
   </div>
   <div class='ocr_carea' id='block_1_49' title="bbox 476 3262 1887 3343">
    <p class='ocr_par' dir='ltr' id='par_1_49' title="bbox 476 3262 1887 3343">
     <span class='ocr_line' id='line_1_52' title="bbox 476 3262 1887 3343; baseline -0.003 -14"><span class='ocrx_word' id='word_1_369' title='bbox 476 3268 845 3340; x_wconf 84' lang='lat' dir='ltr'><strong>observabat,</strong></span> <span class='ocrx_word' id='word_1_370' title='bbox 880 3275 943 3328; x_wconf 92' lang='lat' dir='ltr'><strong>ut</strong></span> <span class='ocrx_word' id='word_1_371' title='bbox 976 3266 1207 3328; x_wconf 91' lang='lat' dir='ltr'><strong>libidini</strong></span> <span class='ocrx_word' id='word_1_372' title='bbox 1239 3266 1505 3343; x_wconf 84' lang='lat' dir='ltr'><strong>satisﬁat,</strong></span> <span class='ocrx_word' id='word_1_373' title='bbox 1539 3262 1887 3328; x_wconf 88' lang='lat' dir='ltr'><strong>contemnit.</strong></span> 
     </span>
    </p>
   </div>
   <div class='ocr_carea' id='block_1_50' title="bbox 556 3531 2119 3616">
    <p class='ocr_par' dir='ltr' id='par_1_50' title="bbox 556 3531 2119 3616">
     <span class='ocr_line' id='line_1_53' title="bbox 556 3531 2119 3616; baseline -0.003 -20"><span class='ocrx_word' id='word_1_374' title='bbox 556 3532 818 3597; x_wconf 61' lang='lat' dir='ltr'><strong>Vnus?!</strong></span> <span class='ocrx_word' id='word_1_375' title='bbox 835 3533 961 3597; x_wconf 64' lang='lat'><strong>~29.</strong></span> <span class='ocrx_word' id='word_1_376' title='bbox 976 3537 1080 3597; x_wconf 74' lang='lat' dir='ltr'><strong>uEt</strong></span> <span class='ocrx_word' id='word_1_377' title='bbox 1100 3552 1233 3607; x_wconf 82' lang='lat' dir='ltr'><strong>cum</strong></span> <span class='ocrx_word' id='word_1_378' title='bbox 1255 3533 1385 3596; x_wconf 88' lang='lat' dir='ltr'><strong>dies</strong></span> <span class='ocrx_word' id='word_1_379' title='bbox 1397 3541 1763 3616; x_wconf 90' lang='lat' dir='ltr'><strong>opportunus</strong></span> <span class='ocrx_word' id='word_1_380' title='bbox 1783 3531 2119 3605; x_wconf 88' lang='lat' dir='ltr'><strong>accidisset,</strong></span> 
     </span>
    </p>
   </div>
   <div class='ocr_carea' id='block_1_51' title="bbox 477 3620 2124 3703">
    <p class='ocr_par' dir='ltr' id='par_1_51' title="bbox 477 3620 2124 3703">
     <span class='ocr_line' id='line_1_54' title="bbox 477 3620 2124 3703; baseline -0.004 -16"><span class='ocrx_word' id='word_1_381' title='bbox 477 3622 886 3687; x_wconf 88' lang='lat' dir='ltr'><strong>cumHerodes</strong></span> <span class='ocrx_word' id='word_1_382' title='bbox 908 3622 969 3684; x_wconf 91' lang='lat' dir='ltr'><strong>in</strong></span> <span class='ocrx_word' id='word_1_383' title='bbox 993 3622 1270 3685; x_wconf 85' lang='lat' dir='ltr'><strong>natalitiis</strong></span> <span class='ocrx_word' id='word_1_384' title='bbox 1292 3641 1520 3685; x_wconf 85' lang='lat' dir='ltr'><strong>coenam</strong></span> <span class='ocrx_word' id='word_1_385' title='bbox 1535 3624 1750 3685; x_wconf 90' lang='lat' dir='ltr'><strong>faceret</strong></span> <span class='ocrx_word' id='word_1_386' title='bbox 1773 3620 2124 3703; x_wconf 88' lang='lat' dir='ltr'><strong>primatibus</strong></span> 
     </span>
    </p>
   </div>
   <div class='ocr_carea' id='block_1_52' title="bbox 475 3709 2118 3794">
    <p class='ocr_par' dir='ltr' id='par_1_52' title="bbox 475 3709 2118 3794">
     <span class='ocr_line' id='line_1_55' title="bbox 475 3709 2118 3794; baseline -0.005 -17"><span class='ocrx_word' id='word_1_387' title='bbox 475 3730 546 3777; x_wconf 78' lang='lat' dir='ltr'><strong>ac</strong></span> <span class='ocrx_word' id='word_1_388' title='bbox 565 3711 818 3776; x_wconf 85' lang='lat' dir='ltr'><strong>tribunis</strong></span> <span class='ocrx_word' id='word_1_389' title='bbox 842 3721 899 3774; x_wconf 91' lang='lat' dir='ltr'><strong>et</strong></span> <span class='ocrx_word' id='word_1_390' title='bbox 919 3711 1279 3793; x_wconf 89' lang='lat' dir='ltr'><strong>primoribus</strong></span> <span class='ocrx_word' id='word_1_391' title='bbox 1293 3712 1569 3794; x_wconf 71' lang='lat' dir='ltr'><strong>Galilaeae,</strong></span> <span class='ocrx_word' id='word_1_392' title='bbox 1598 3730 1850 3793; x_wconf 92' lang='lat' dir='ltr'><strong>cumque</strong></span> <span class='ocrx_word' id='word_1_393' title='bbox 1873 3709 2118 3771; x_wconf 87' lang='lat' dir='ltr'><strong>introis-</strong></span> 
     </span>
    </p>
   </div>
   <div class='ocr_carea' id='block_1_53' title="bbox 474 3799 2121 3883">
    <p class='ocr_par' dir='ltr' id='par_1_53' title="bbox 474 3799 2121 3883">
     <span class='ocr_line' id='line_1_56' title="bbox 474 3799 2121 3883; baseline -0.005 -17"><span class='ocrx_word' id='word_1_394' title='bbox 474 3811 566 3866; x_wconf 72' lang='lat' dir='ltr'><strong>let</strong></span> <span class='ocrx_word' id='word_1_395' title='bbox 586 3801 714 3864; x_wconf 85' lang='lat' dir='ltr'><strong>ﬁlia</strong></span> <span class='ocrx_word' id='word_1_396' title='bbox 735 3801 922 3883; x_wconf 89' lang='lat' dir='ltr'><strong>ipsius</strong></span> <span class='ocrx_word' id='word_1_397' title='bbox 948 3802 1324 3878; x_wconf 86' lang='lat' dir='ltr'><strong>Herodiadis,</strong></span> <span class='ocrx_word' id='word_1_398' title='bbox 1352 3820 1420 3863; x_wconf 90' lang='lat' dir='ltr'><strong>ac</strong></span> <span class='ocrx_word' id='word_1_399' title='bbox 1451 3802 1741 3877; x_wconf 88' lang='lat' dir='ltr'><strong>saltasset,</strong></span> <span class='ocrx_word' id='word_1_400' title='bbox 1767 3799 2121 3879; x_wconf 52' lang='lat' dir='ltr'><strong>placuisset-</strong></span> 
     </span>
    </p>
   </div>
   <div class='ocr_carea' id='block_1_54' title="bbox 478 3887 2118 3974">
    <p class='ocr_par' dir='ltr' id='par_1_54' title="bbox 478 3887 2118 3974">
     <span class='ocr_line' id='line_1_57' title="bbox 478 3887 2118 3974; baseline -0.002 -21"><span class='ocrx_word' id='word_1_401' title='bbox 478 3906 592 3974; x_wconf 81' lang='lat' dir='ltr'><strong>que</strong></span> <span class='ocrx_word' id='word_1_402' title='bbox 615 3890 933 3968; x_wconf 83' lang='lat' dir='ltr'><strong>Herodi,ac</strong></span> <span class='ocrx_word' id='word_1_403' title='bbox 953 3892 1129 3954; x_wconf 88' lang='lat' dir='ltr'><strong>simul</strong></span> <span class='ocrx_word' id='word_1_404' title='bbox 1149 3891 1772 3955; x_wconf 85' lang='lat' dir='ltr'><strong>accumbentibus.rex</strong></span> <span class='ocrx_word' id='word_1_405' title='bbox 1790 3889 1871 3950; x_wconf 91' lang='lat' dir='ltr'><strong>ait</strong></span> <span class='ocrx_word' id='word_1_406' title='bbox 1886 3887 2118 3969; x_wconf 85' lang='lat' dir='ltr'><strong>puellae:</strong></span> 
     </span>
    </p>
   </div>
   <div class='ocr_carea' id='block_1_55' title="bbox 481 3976 2123 4062">
    <p class='ocr_par' dir='ltr' id='par_1_55' title="bbox 481 3976 2123 4062">
     <span class='ocr_line' id='line_1_58' title="bbox 481 3976 2123 4062; baseline -0.004 -17"><span class='ocrx_word' id='word_1_407' title='bbox 481 3984 625 4047; x_wconf 81' lang='lat' dir='ltr'><strong>Pete</strong></span> <span class='ocrx_word' id='word_1_408' title='bbox 655 4000 689 4042; x_wconf 92' lang='lat' dir='ltr'><strong>a</strong></span> <span class='ocrx_word' id='word_1_409' title='bbox 718 3999 814 4042; x_wconf 89' lang='lat' dir='ltr'><strong>me</strong></span> <span class='ocrx_word' id='word_1_410' title='bbox 844 3981 999 4062; x_wconf 90' lang='lat' dir='ltr'><strong>quod</strong></span> <span class='ocrx_word' id='word_1_411' title='bbox 1033 3981 1140 4062; x_wconf 90' lang='lat' dir='ltr'><strong>vis,</strong></span> <span class='ocrx_word' id='word_1_412' title='bbox 1192 3988 1251 4042; x_wconf 92' lang='lat' dir='ltr'><strong>et</strong></span> <span class='ocrx_word' id='word_1_413' title='bbox 1303 3981 1455 4042; x_wconf 90' lang='lat' dir='ltr'><strong>dabo</strong></span> <span class='ocrx_word' id='word_1_414' title='bbox 1496 3979 1623 4041; x_wconf 89' lang='lat' dir='ltr'><strong>tibi.</strong></span> <span class='ocrx_word' id='word_1_415' title='bbox 1666 3977 1737 4041; x_wconf 89' lang='lat' dir='ltr'><strong>Et</strong></span> <span class='ocrx_word' id='word_1_416' title='bbox 1766 3976 1987 4059; x_wconf 87' lang='lat' dir='ltr'><strong>juravit</strong></span> <span class='ocrx_word' id='word_1_417' title='bbox 2012 3976 2123 4038; x_wconf 90' lang='lat' dir='ltr'><strong>illi.</strong></span> 
     </span>
    </p>
   </div>
   <div class='ocr_carea' id='block_1_56' title="bbox 482 4064 2124 4151">
    <p class='ocr_par' dir='ltr' id='par_1_56' title="bbox 482 4064 2124 4151">
     <span class='ocr_line' id='line_1_59' title="bbox 482 4064 2124 4151; baseline -0.004 -19"><span class='ocrx_word' id='word_1_418' title='bbox 482 4069 781 4151; x_wconf 87' lang='lat' dir='ltr'><strong>Quidquid</strong></span> <span class='ocrx_word' id='word_1_419' title='bbox 803 4088 837 4131; x_wconf 84' lang='lat' dir='ltr'><strong>a</strong></span> <span class='ocrx_word' id='word_1_420' title='bbox 860 4088 955 4131; x_wconf 91' lang='lat' dir='ltr'><strong>me</strong></span> <span class='ocrx_word' id='word_1_421' title='bbox 970 4071 1229 4151; x_wconf 81' lang='lat' dir='ltr'><strong>petieris,</strong></span> <span class='ocrx_word' id='word_1_422' title='bbox 1243 4069 1390 4131; x_wconf 76' lang='lat' dir='ltr'><strong>dabo</strong></span> <span class='ocrx_word' id='word_1_423' title='bbox 1407 4068 1714 4149; x_wconf 88' lang='lat' dir='ltr'><strong>tibiusque</strong></span> <span class='ocrx_word' id='word_1_424' title='bbox 1725 4070 1795 4129; x_wconf 92' lang='lat' dir='ltr'><strong>ad</strong></span> <span class='ocrx_word' id='word_1_425' title='bbox 1811 4064 2124 4129; x_wconf 87' lang='lat' dir='ltr'><strong>dimidium</strong></span> 
     </span>
    </p>
   </div>
   <div class='ocr_carea' id='block_1_57' title="bbox 476 4154 2124 4240">
    <p class='ocr_par' dir='ltr' id='par_1_57' title="bbox 476 4154 2124 4240">
     <span class='ocr_line' id='line_1_60' title="bbox 476 4154 2124 4240; baseline -0.005 -17"><span class='ocrx_word' id='word_1_426' title='bbox 476 4158 646 4240; x_wconf 75' lang='lat' dir='ltr'><strong>regni</strong></span> <span class='ocrx_word' id='word_1_427' title='bbox 678 4159 818 4221; x_wconf 88' lang='lat' dir='ltr'><strong>mei.</strong></span> <span class='ocrx_word' id='word_1_428' title='bbox 855 4160 931 4221; x_wconf 80' lang='lat' dir='ltr'><strong>At</strong></span> <span class='ocrx_word' id='word_1_429' title='bbox 970 4159 1069 4220; x_wconf 88' lang='lat' dir='ltr'><strong>illa</strong></span> <span class='ocrx_word' id='word_1_430' title='bbox 1104 4176 1342 4238; x_wconf 82' lang='lat' dir='ltr'><strong>egressa</strong></span> <span class='ocrx_word' id='word_1_431' title='bbox 1373 4158 1517 4219; x_wconf 82' lang='lat' dir='ltr'><strong>dixit</strong></span> <span class='ocrx_word' id='word_1_432' title='bbox 1555 4157 1728 4219; x_wconf 85' lang='lat' dir='ltr'><strong>matri</strong></span> <span class='ocrx_word' id='word_1_433' title='bbox 1757 4176 1879 4219; x_wconf 68' lang='lat' dir='ltr'><strong>suae</strong></span> <span class='ocrx_word' id='word_1_434' title='bbox 1910 4175 1924 4219; x_wconf 90' lang='lat'><strong>:</strong></span> <span class='ocrx_word' id='word_1_435' title='bbox 1973 4154 2124 4227; x_wconf 88' lang='lat' dir='ltr'><strong>Quid</strong></span> 
     </span>
    </p>
   </div>
   <div class='ocr_carea' id='block_1_58' title="bbox 478 4241 2129 4331">
    <p class='ocr_par' dir='ltr' id='par_1_58' title="bbox 478 4241 2129 4331">
     <span class='ocr_line' id='line_1_61' title="bbox 478 4241 2129 4331; baseline -0.005 -20"><span class='ocrx_word' id='word_1_436' title='bbox 478 4254 706 4331; x_wconf 68' lang='lat' dir='ltr'><strong>petam?</strong></span> <span class='ocrx_word' id='word_1_437' title='bbox 724 4246 829 4311; x_wconf 73' lang='lat' dir='ltr'><strong>Ilia</strong></span> <span class='ocrx_word' id='word_1_438' title='bbox 855 4264 992 4310; x_wconf 84' lang='lat' dir='ltr'><strong>vero</strong></span> <span class='ocrx_word' id='word_1_439' title='bbox 1024 4247 1175 4309; x_wconf 87' lang='lat' dir='ltr'><strong>dixit</strong></span> <span class='ocrx_word' id='word_1_440' title='bbox 1202 4268 1216 4311; x_wconf 90' lang='lat'>:</span> <span class='ocrx_word' id='word_1_441' title='bbox 1251 4250 1439 4329; x_wconf 89' lang='lat' dir='ltr'><strong>Caput</strong></span> <span class='ocrx_word' id='word_1_442' title='bbox 1465 4248 1710 4309; x_wconf 88' lang='lat' dir='ltr'><strong>Joannis</strong></span> <span class='ocrx_word' id='word_1_443' title='bbox 1733 4245 2031 4327; x_wconf 74' lang='lat' dir='ltr'><strong>Baptistae.</strong></span> <span class='ocrx_word' id='word_1_444' title='bbox 2056 4241 2129 4304; x_wconf 89' lang='lat' dir='ltr'><strong>Et</strong></span> 
     </span>
    </p>
   </div>
   <div class='ocr_carea' id='block_1_59' title="bbox 478 4308 2117 4418">
    <p class='ocr_par' dir='ltr' id='par_1_59' title="bbox 478 4308 2117 4418">
     <span class='ocr_line' id='line_1_62' title="bbox 478 4308 2117 4418; baseline -0.004 -19"><span class='ocrx_word' id='word_1_445' title='bbox 478 4308 745 4418; x_wconf 66' lang='lat' dir='ltr'><strong>ingressa</strong></span> <span class='ocrx_word' id='word_1_446' title='bbox 768 4338 968 4399; x_wconf 84' lang='lat' dir='ltr'><strong>statim</strong></span> <span class='ocrx_word' id='word_1_447' title='bbox 990 4355 1124 4400; x_wconf 87' lang='lat' dir='ltr'><strong>cum</strong></span> <span class='ocrx_word' id='word_1_448' title='bbox 1164 4308 1891 4415; x_wconf 65' lang='lat' dir='ltr'><strong>festinationeadregem,</strong></span> <span class='ocrx_word' id='word_1_449' title='bbox 1926 4332 2117 4415; x_wconf 87' lang='lat' dir='ltr'><strong>petivit</strong></span> 
     </span>
    </p>
   </div>
   <div class='ocr_carea' id='block_1_60' title="bbox 2202 4308 3266 4418">
    <p class='ocr_par' dir='ltr' id='par_1_60' title="bbox 2207 4308 3266 4390">
     <span class='ocr_line' id='line_1_63' title="bbox 2207 4308 3266 4390; baseline -0.008 -21"><span class='ocrx_word' id='word_1_450' title='bbox 2207 4334 2273 4369; x_wconf 91' lang='grc' dir='ltr'><strong>πε</strong></span> <span class='ocrx_word' id='word_1_451' title='bbox 2323 4319 2392 4389; x_wconf 82' lang='grc' dir='ltr'><strong>τῇ</strong></span> <span class='ocrx_word' id='word_1_452' title='bbox 2437 4312 2595 4390; x_wconf 84' lang='grc' dir='ltr'>μητρὶ</span> <span class='ocrx_word' id='word_1_453' title='bbox 2651 4310 2840 4384; x_wconf 81' lang='grc' dir='ltr'>αὒτῆς,</span> <span class='ocrx_word' id='word_1_454' title='bbox 2888 4308 2948 4365; x_wconf 87' lang='grc' dir='ltr'>Τί</span> <span class='ocrx_word' id='word_1_455' title='bbox 2977 4309 3266 4383; x_wconf 74' lang='grc' dir='ltr'>αἰτήσομαι</span> 
     </span>
    </p>
   </div>
   <div class='ocr_carea' id='block_1_61' title="bbox 481 4425 2130 4507">
    <p class='ocr_par' dir='ltr' id='par_1_61' title="bbox 481 4425 2130 4507">
     <span class='ocr_line' id='line_1_64' title="bbox 481 4425 2130 4507; baseline -0.004 -18"><span class='ocrx_word' id='word_1_456' title='bbox 481 4428 729 4490; x_wconf 87' lang='lat' dir='ltr'><strong>dicens:</strong></span> <span class='ocrx_word' id='word_1_457' title='bbox 763 4425 912 4489; x_wconf 85' lang='lat' dir='ltr'><strong>Volo</strong></span> <span class='ocrx_word' id='word_1_458' title='bbox 946 4434 1011 4488; x_wconf 91' lang='lat' dir='ltr'><strong>ut</strong></span> <span class='ocrx_word' id='word_1_459' title='bbox 1045 4428 1310 4507; x_wconf 86' lang='lat' dir='ltr'><strong>protinus</strong></span> <span class='ocrx_word' id='word_1_460' title='bbox 1348 4427 1456 4489; x_wconf 91' lang='lat' dir='ltr'><strong>des</strong></span> <span class='ocrx_word' id='word_1_461' title='bbox 1486 4426 1630 4487; x_wconf 88' lang='lat' dir='ltr'><strong>mihi</strong></span> <span class='ocrx_word' id='word_1_462' title='bbox 1659 4425 1721 4487; x_wconf 92' lang='lat' dir='ltr'><strong>in</strong></span> <span class='ocrx_word' id='word_1_463' title='bbox 1753 4425 1923 4487; x_wconf 91' lang='lat' dir='ltr'><strong>lance</strong></span> <span class='ocrx_word' id='word_1_464' title='bbox 1953 4429 2130 4503; x_wconf 91' lang='lat' dir='ltr'><strong>caput</strong></span> 
     </span>
    </p>
   </div>
   <div class='ocr_carea' id='block_1_62' title="bbox 479 4506 2130 4588">
    <p class='ocr_par' dir='ltr' id='par_1_62' title="bbox 479 4506 2130 4588">
     <span class='ocr_line' id='line_1_65' title="bbox 479 4506 2130 4588; baseline -0.005 -16"><span class='ocrx_word' id='word_1_465' title='bbox 479 4507 723 4572; x_wconf 82' lang='lat' dir='ltr'><strong>Joannis</strong></span> <span class='ocrx_word' id='word_1_466' title='bbox 753 4506 1059 4588; x_wconf 69' lang='lat' dir='ltr'><strong>Baptistae.</strong></span> <span class='ocrx_word' id='word_1_467' title='bbox 1103 4506 1171 4568; x_wconf 89' lang='lat' dir='ltr'><strong>Et</strong></span> <span class='ocrx_word' id='word_1_468' title='bbox 1201 4508 1407 4569; x_wconf 83' lang='lat' dir='ltr'><strong>dolore</strong></span> <span class='ocrx_word' id='word_1_469' title='bbox 1434 4509 1677 4569; x_wconf 82' lang='lat' dir='ltr'><strong>aﬂ‘ectus</strong></span> <span class='ocrx_word' id='word_1_470' title='bbox 1716 4524 1843 4586; x_wconf 84' lang='lat' dir='ltr'><strong>rex,</strong></span> <span class='ocrx_word' id='word_1_471' title='bbox 1888 4511 2130 4584; x_wconf 84' lang='lat' dir='ltr'><strong>propter</strong></span> 
     </span>
    </p>
   </div>
   <div class='ocr_carea' id='block_1_63' title="bbox 475 4592 2129 4679">
    <p class='ocr_par' dir='ltr' id='par_1_63' title="bbox 475 4592 2129 4679">
     <span class='ocr_line' id='line_1_66' title="bbox 475 4592 2129 4679; baseline -0.005 -19"><span class='ocrx_word' id='word_1_472' title='bbox 475 4597 1148 4679; x_wconf 77' lang='lat' dir='ltr'><strong>jusjurandum,eosque</strong></span> <span class='ocrx_word' id='word_1_473' title='bbox 1165 4597 1264 4677; x_wconf 91' lang='lat' dir='ltr'><strong>qui</strong></span> <span class='ocrx_word' id='word_1_474' title='bbox 1282 4596 1458 4659; x_wconf 87' lang='lat' dir='ltr'><strong>simul</strong></span> <span class='ocrx_word' id='word_1_475' title='bbox 1480 4592 2129 4665; x_wconf 85' lang='lat' dir='ltr'><strong>accumbebant,noluit</strong></span> 
     </span>
    </p>
   </div>
   <div class='ocr_carea' id='block_1_64' title="bbox 481 4684 2124 4768">
    <p class='ocr_par' dir='ltr' id='par_1_64' title="bbox 481 4684 2124 4768">
     <span class='ocr_line' id='line_1_67' title="bbox 481 4684 2124 4768; baseline -0.006 -16"><span class='ocrx_word' id='word_1_476' title='bbox 481 4708 613 4752; x_wconf 90' lang='lat' dir='ltr'><strong>eam</strong></span> <span class='ocrx_word' id='word_1_477' title='bbox 648 4688 927 4768; x_wconf 89' lang='lat' dir='ltr'><strong>rejicere.</strong></span> <span class='ocrx_word' id='word_1_478' title='bbox 953 4687 1023 4749; x_wconf 88' lang='lat' dir='ltr'><strong>Et</strong></span> <span class='ocrx_word' id='word_1_479' title='bbox 1046 4688 1358 4749; x_wconf 86' lang='lat' dir='ltr'><strong>confestim</strong></span> <span class='ocrx_word' id='word_1_480' title='bbox 1388 4706 1513 4762; x_wconf 84' lang='lat' dir='ltr'><strong>rex,</strong></span> <span class='ocrx_word' id='word_1_481' title='bbox 1541 4686 1720 4749; x_wconf 84' lang='lat' dir='ltr'><strong>misso</strong></span> <span class='ocrx_word' id='word_1_482' title='bbox 1743 4684 2124 4766; x_wconf 88' lang='lat' dir='ltr'><strong>spiculatore,</strong></span> 
     </span>
    </p>
   </div>
   <div class='ocr_carea' id='block_1_65' title="bbox 478 4770 2129 4860">
    <p class='ocr_par' dir='ltr' id='par_1_65' title="bbox 478 4770 2129 4860">
     <span class='ocr_line' id='line_1_68' title="bbox 478 4770 2129 4860; baseline -0.007 -18"><span class='ocrx_word' id='word_1_483' title='bbox 478 4778 658 4860; x_wconf 86' lang='lat' dir='ltr'><strong>jussit</strong></span> <span class='ocrx_word' id='word_1_484' title='bbox 689 4776 898 4839; x_wconf 90' lang='lat' dir='ltr'><strong>inferri</strong></span> <span class='ocrx_word' id='word_1_485' title='bbox 929 4784 1103 4857; x_wconf 88' lang='lat' dir='ltr'><strong>caput</strong></span> <span class='ocrx_word' id='word_1_486' title='bbox 1124 4777 1358 4857; x_wconf 84' lang='lat' dir='ltr'><strong>ejus.At</strong></span> <span class='ocrx_word' id='word_1_487' title='bbox 1387 4776 1488 4837; x_wconf 90' lang='lat' dir='ltr'><strong>ille</strong></span> <span class='ocrx_word' id='word_1_488' title='bbox 1518 4775 1683 4851; x_wconf 91' lang='lat' dir='ltr'><strong>abiit,</strong></span> <span class='ocrx_word' id='word_1_489' title='bbox 1717 4793 1785 4836; x_wconf 91' lang='lat' dir='ltr'><strong>ac</strong></span> <span class='ocrx_word' id='word_1_490' title='bbox 1812 4770 2129 4835; x_wconf 89' lang='lat' dir='ltr'><strong>decollavit</strong></span> 
     </span>
    </p>
   </div>
   <div class='ocr_carea' id='block_1_66' title="bbox 483 4864 2127 4947">
    <p class='ocr_par' dir='ltr' id='par_1_66' title="bbox 483 4864 2127 4947">
     <span class='ocr_line' id='line_1_69' title="bbox 483 4864 2127 4947; baseline -0.005 -17"><span class='ocrx_word' id='word_1_491' title='bbox 483 4887 621 4932; x_wconf 91' lang='lat' dir='ltr'><strong>eum</strong></span> <span class='ocrx_word' id='word_1_492' title='bbox 647 4868 709 4929; x_wconf 87' lang='lat' dir='ltr'><strong>in</strong></span> <span class='ocrx_word' id='word_1_493' title='bbox 740 4883 1006 4947; x_wconf 90' lang='lat' dir='ltr'><strong>carcere,</strong></span> <span class='ocrx_word' id='word_1_494' title='bbox 1043 4874 1103 4928; x_wconf 94' lang='lat' dir='ltr'><strong>et</strong></span> <span class='ocrx_word' id='word_1_495' title='bbox 1129 4866 1321 4927; x_wconf 90' lang='lat' dir='ltr'><strong>attulit</strong></span> <span class='ocrx_word' id='word_1_496' title='bbox 1368 4873 1543 4947; x_wconf 88' lang='lat' dir='ltr'><strong>caput</strong></span> <span class='ocrx_word' id='word_1_497' title='bbox 1582 4865 1712 4944; x_wconf 91' lang='lat' dir='ltr'><strong>ejus</strong></span> <span class='ocrx_word' id='word_1_498' title='bbox 1748 4864 1809 4924; x_wconf 91' lang='lat' dir='ltr'><strong>in</strong></span> <span class='ocrx_word' id='word_1_499' title='bbox 1843 4864 2035 4937; x_wconf 90' lang='lat' dir='ltr'><strong>lance,</strong></span> <span class='ocrx_word' id='word_1_500' title='bbox 2068 4868 2127 4923; x_wconf 91' lang='lat' dir='ltr'><strong>et</strong></span> 
     </span>
    </p>
   </div>
   <div class='ocr_carea' id='block_1_67' title="bbox 483 4952 2122 5037">
    <p class='ocr_par' dir='ltr' id='par_1_67' title="bbox 483 4952 2122 5037">
     <span class='ocr_line' id='line_1_70' title="bbox 483 4952 2122 5037; baseline -0.006 -17"><span class='ocrx_word' id='word_1_501' title='bbox 483 4955 812 5021; x_wconf 89' lang='lat' dir='ltr'><strong>deditillud</strong></span> <span class='ocrx_word' id='word_1_502' title='bbox 835 4956 1073 5037; x_wconf 70' lang='lat' dir='ltr'><strong>puellm,</strong></span> <span class='ocrx_word' id='word_1_503' title='bbox 1110 4964 1169 5016; x_wconf 91' lang='lat' dir='ltr'><strong>et</strong></span> <span class='ocrx_word' id='word_1_504' title='bbox 1200 4955 1398 5036; x_wconf 91' lang='lat' dir='ltr'><strong>puella</strong></span> <span class='ocrx_word' id='word_1_505' title='bbox 1419 4954 1581 5016; x_wconf 91' lang='lat' dir='ltr'><strong>dedit</strong></span> <span class='ocrx_word' id='word_1_506' title='bbox 1610 4952 1755 5014; x_wconf 88' lang='lat' dir='ltr'><strong>illud</strong></span> <span class='ocrx_word' id='word_1_507' title='bbox 1790 4952 1958 5014; x_wconf 87' lang='lat' dir='ltr'><strong>matri</strong></span> <span class='ocrx_word' id='word_1_508' title='bbox 1981 4967 2122 5011; x_wconf 63' lang='lat' dir='ltr'><strong>sua).</strong></span> 
     </span>
    </p>
   </div>
   <div class='ocr_carea' id='block_1_68' title="bbox 483 5039 2131 5125">
    <p class='ocr_par' dir='ltr' id='par_1_68' title="bbox 483 5039 2131 5125">
     <span class='ocr_line' id='line_1_71' title="bbox 483 5039 2131 5125; baseline -0.004 -18"><span class='ocrx_word' id='word_1_509' title='bbox 483 5044 609 5119; x_wconf 87' lang='lat' dir='ltr'><strong>Quo</strong></span> <span class='ocrx_word' id='word_1_510' title='bbox 641 5044 861 5119; x_wconf 85' lang='lat' dir='ltr'><strong>audito,</strong></span> <span class='ocrx_word' id='word_1_511' title='bbox 892 5043 1169 5125; x_wconf 85' lang='lat' dir='ltr'><strong>discipuli</strong></span> <span class='ocrx_word' id='word_1_512' title='bbox 1200 5045 1333 5123; x_wconf 85' lang='lat' dir='ltr'><strong>ejus</strong></span> <span class='ocrx_word' id='word_1_513' title='bbox 1360 5050 1657 5106; x_wconf 89' lang='lat' dir='ltr'><strong>venerunt</strong></span> <span class='ocrx_word' id='word_1_514' title='bbox 1685 5050 1746 5105; x_wconf 88' lang='lat' dir='ltr'><strong>et</strong></span> <span class='ocrx_word' id='word_1_515' title='bbox 1763 5039 2131 5103; x_wconf 75' lang='lat' dir='ltr'><strong>sustulerunt</strong></span> 
     </span>
    </p>
   </div>
   <div class='ocr_carea' id='block_1_69' title="bbox 2192 1714 3843 1808">
    <p class='ocr_par' dir='ltr' id='par_1_69' title="bbox 2192 1714 3843 1808">
     <span class='ocr_line' id='line_1_72' title="bbox 2192 1714 3843 1808; baseline -0.01 -16"><span class='ocrx_word' id='word_1_516' title='bbox 2192 1734 2530 1808; x_wconf 74' lang='grc' dir='ltr'>ἀποκτεῖναι,</span> <span class='ocrx_word' id='word_1_517' title='bbox 2564 1714 2652 1787; x_wconf 79' lang='grc' dir='ltr'><strong>καί</strong></span> <span class='ocrx_word' id='word_1_518' title='bbox 2701 1730 2795 1785; x_wconf 72' lang='grc' dir='ltr'><strong>οὒκ</strong></span> <span class='ocrx_word' id='word_1_519' title='bbox 2855 1714 3091 1789; x_wconf 66' lang='grc' dir='ltr'>ὶδύνατο,</span> <span class='ocrx_word' id='word_1_520' title='bbox 3155 1717 3212 1783; x_wconf 64' lang='grc' dir='ltr'><strong>Ὀ</strong></span> <span class='ocrx_word' id='word_1_521' title='bbox 3270 1726 3368 1804; x_wconf 82' lang='grc' dir='ltr'><strong>γὰρ</strong></span> <span class='ocrx_word' id='word_1_522' title='bbox 3415 1714 3654 1802; x_wconf 70' lang='grc' dir='ltr'>Ἡρώδης</span> <span class='ocrx_word' id='word_1_523' title='bbox 3711 1722 3843 1799; x_wconf 53' lang='lat' dir='ltr'><strong>Ergo-’-</strong></span> 
     </span>
    </p>
   </div>
   <div class='ocr_carea' id='block_1_70' title="bbox 2192 1808 3847 1896">
    <p class='ocr_par' dir='ltr' id='par_1_70' title="bbox 2192 1808 3847 1896">
     <span class='ocr_line' id='line_1_73' title="bbox 2192 1808 3847 1896; baseline -0.009 -17"><span class='ocrx_word' id='word_1_524' title='bbox 2192 1821 2340 1879; x_wconf 77' lang='grc' dir='ltr'>ϐεττο</span> <span class='ocrx_word' id='word_1_525' title='bbox 2411 1822 2500 1877; x_wconf 79' lang='grc' dir='ltr'><strong>τὸν</strong></span> <span class='ocrx_word' id='word_1_526' title='bbox 2555 1817 2832 1896; x_wconf 75' lang='grc' dir='ltr'>Ἰωάννην,</span> <span class='ocrx_word' id='word_1_527' title='bbox 2889 1815 3036 1879; x_wconf 85' lang='grc' dir='ltr'>εἰδὼς</span> <span class='ocrx_word' id='word_1_528' title='bbox 3084 1814 3239 1872; x_wconf 71' lang='grc' dir='ltr'>αὐτὸν</span> <span class='ocrx_word' id='word_1_529' title='bbox 3297 1810 3454 1892; x_wconf 75' lang='grc' dir='ltr'>ἄνδρα</span> <span class='ocrx_word' id='word_1_530' title='bbox 3510 1808 3707 1867; x_wconf 84' lang='grc' dir='ltr'>δίκαιον</span> <span class='ocrx_word' id='word_1_531' title='bbox 3756 1809 3847 1865; x_wconf 76' lang='grc' dir='ltr'><strong>καὶ</strong></span> 
     </span>
    </p>
   </div>
   <div class='ocr_carea' id='block_1_71' title="bbox 2192 1896 3843 1991">
    <p class='ocr_par' dir='ltr' id='par_1_71' title="bbox 2192 1896 3843 1991">
     <span class='ocr_line' id='line_1_74' title="bbox 2192 1896 3843 1991; baseline -0.008 -24"><span class='ocrx_word' id='word_1_532' title='bbox 2192 1912 2366 1991; x_wconf 76' lang='grc' dir='ltr'>ἅγιον,</span> <span class='ocrx_word' id='word_1_533' title='bbox 2427 1911 2514 1966; x_wconf 87' lang='grc' dir='ltr'><strong>καὶ</strong></span> <span class='ocrx_word' id='word_1_534' title='bbox 2541 1909 2811 1985; x_wconf 64' lang='grc' dir='ltr'>σονετήρει</span> <span class='ocrx_word' id='word_1_535' title='bbox 2863 1907 3043 1978; x_wconf 66' lang='grc' dir='ltr'>αὺτὸν,</span> <span class='ocrx_word' id='word_1_536' title='bbox 3092 1906 3178 1960; x_wconf 86' lang='grc' dir='ltr'><strong>καὶ</strong></span> <span class='ocrx_word' id='word_1_537' title='bbox 3208 1902 3436 1963; x_wconf 76' lang='grc' dir='ltr'>ἀκούσας</span> <span class='ocrx_word' id='word_1_538' title='bbox 3470 1902 3648 1978; x_wconf 71' lang='grc' dir='ltr'>αὐτοῦ,</span> <span class='ocrx_word' id='word_1_539' title='bbox 3695 1896 3843 1955; x_wconf 89' lang='grc' dir='ltr'>πολ-</span> 
     </span>
    </p>
   </div>
   <div class='ocr_carea' id='block_1_72' title="bbox 2195 1990 3845 2071">
    <p class='ocr_par' dir='ltr' id='par_1_72' title="bbox 2195 1990 3845 2071">
     <span class='ocr_line' id='line_1_75' title="bbox 2195 1990 3845 2071; baseline -0.01 -13"><span class='ocrx_word' id='word_1_540' title='bbox 2195 1990 2262 2058; x_wconf 77' lang='grc' dir='ltr'><strong>λὰ</strong></span> <span class='ocrx_word' id='word_1_541' title='bbox 2319 2000 2506 2071; x_wconf 78' lang='grc' dir='ltr'><strong>ἐποίει,</strong></span> <span class='ocrx_word' id='word_1_542' title='bbox 2566 1998 2653 2054; x_wconf 85' lang='grc' dir='ltr'><strong>καὶ</strong></span> <span class='ocrx_word' id='word_1_543' title='bbox 2710 1993 2877 2064; x_wconf 78' lang='grc' dir='ltr'>ἡδέως</span> <span class='ocrx_word' id='word_1_544' title='bbox 2937 1996 3093 2051; x_wconf 76' lang='grc' dir='ltr'>αὐτοῦ</span> <span class='ocrx_word' id='word_1_545' title='bbox 3136 1991 3349 2059; x_wconf 72' lang='grc' dir='ltr'>ἤκουεν.</span> <span class='ocrx_word' id='word_1_546' title='bbox 3401 2011 3425 2046; x_wconf 72' lang='grc' dir='ltr'>ι</span> <span class='ocrx_word' id='word_1_547' title='bbox 3465 1990 3845 2066; x_wconf 85' lang='grc' dir='ltr'>Παρεντίθησιν</span> 
     </span>
    </p>
   </div>
   <div class='ocr_carea' id='block_1_73' title="bbox 2195 2075 3845 2164">
    <p class='ocr_par' dir='ltr' id='par_1_73' title="bbox 2195 2075 3845 2164">
     <span class='ocr_line' id='line_1_76' title="bbox 2195 2075 3845 2164; baseline -0.009 -19"><span class='ocrx_word' id='word_1_548' title='bbox 2195 2089 2413 2146; x_wconf 69' lang='grc' dir='ltr'>ενταῦθα</span> <span class='ocrx_word' id='word_1_549' title='bbox 2466 2089 2565 2155; x_wconf 76' lang='grc' dir='ltr'>τὴν</span> <span class='ocrx_word' id='word_1_550' title='bbox 2623 2086 2740 2164; x_wconf 86' lang='grc' dir='ltr'>περὶ</span> <span class='ocrx_word' id='word_1_551' title='bbox 2805 2093 2898 2142; x_wconf 74' lang='grc' dir='ltr'>τοῦ</span> <span class='ocrx_word' id='word_1_552' title='bbox 2967 2082 3188 2139; x_wconf 81' lang='grc' dir='ltr'>θανάτου</span> <span class='ocrx_word' id='word_1_553' title='bbox 3262 2087 3353 2136; x_wconf 77' lang='grc' dir='ltr'>τοῦ</span> <span class='ocrx_word' id='word_1_554' title='bbox 3410 2084 3705 2135; x_wconf 82' lang='grc' dir='ltr'>Βαπτιστοῦ</span> <span class='ocrx_word' id='word_1_555' title='bbox 3759 2075 3845 2131; x_wconf 85' lang='grc' dir='ltr'>δι-</span> 
     </span>
    </p>
   </div>
   <div class='ocr_carea' id='block_1_74' title="bbox 2194 2164 3847 2257">
    <p class='ocr_par' dir='ltr' id='par_1_74' title="bbox 2194 2164 3847 2257">
     <span class='ocr_line' id='line_1_77' title="bbox 2194 2164 3847 2257; baseline -0.01 -22"><span class='ocrx_word' id='word_1_556' title='bbox 2194 2180 2392 2257; x_wconf 75' lang='grc' dir='ltr'>ήγησιν</span> <span class='ocrx_word' id='word_1_557' title='bbox 2445 2179 2473 2233; x_wconf 97' lang='lat'><strong>6</strong></span> <span class='ocrx_word' id='word_1_558' title='bbox 2541 2176 2779 2248; x_wconf 76' lang='grc' dir='ltr'>Μάρκος,</span> <span class='ocrx_word' id='word_1_559' title='bbox 2866 2172 3107 2253; x_wconf 72' lang='grc' dir='ltr'>ἀφορμῆς</span> <span class='ocrx_word' id='word_1_560' title='bbox 3181 2166 3521 2249; x_wconf 81' lang='grc' dir='ltr'>δραξάμενος.</span> <span class='ocrx_word' id='word_1_561' title='bbox 3620 2167 3727 2233; x_wconf 82' lang='grc' dir='ltr'><strong>Τὴν</strong></span> <span class='ocrx_word' id='word_1_562' title='bbox 3791 2164 3847 2219; x_wconf 71' lang='grc' dir='ltr'>δὲ</span> 
     </span>
    </p>
   </div>
   <div class='ocr_carea' id='block_1_75' title="bbox 2198 2255 3849 2347">
    <p class='ocr_par' dir='ltr' id='par_1_75' title="bbox 2198 2255 3849 2347">
     <span class='ocr_line' id='line_1_78' title="bbox 2198 2255 3849 2347; baseline -0.008 -23"><span class='ocrx_word' id='word_1_563' title='bbox 2198 2255 2508 2347; x_wconf 70' lang='grc' dir='ltr'>Ἦρωδίαδα,</span> <span class='ocrx_word' id='word_1_564' title='bbox 2557 2268 2604 2320; x_wconf 81' lang='grc' dir='ltr'>οἱ</span> <span class='ocrx_word' id='word_1_565' title='bbox 2648 2265 2770 2347; x_wconf 75' lang='grc' dir='ltr'>μὲν,</span> <span class='ocrx_word' id='word_1_566' title='bbox 2816 2264 3011 2333; x_wconf 61' lang='grc' dir='ltr'>ζῶντος</span> <span class='ocrx_word' id='word_1_567' title='bbox 3068 2258 3473 2347; x_wconf 15' lang='grc' dir='ltr'>τοῦῨΦιλίππου</span> <span class='ocrx_word' id='word_1_568' title='bbox 3530 2256 3684 2336; x_wconf 78' lang='grc' dir='ltr'>φασὶν</span> <span class='ocrx_word' id='word_1_569' title='bbox 3713 2255 3849 2311; x_wconf 78' lang='grc' dir='ltr'>ἀπο-</span> 
     </span>
    </p>
   </div>
   <div class='ocr_carea' id='block_1_76' title="bbox 2198 2344 3844 2431">
    <p class='ocr_par' dir='ltr' id='par_1_76' title="bbox 2198 2344 3844 2431">
     <span class='ocr_line' id='line_1_79' title="bbox 2198 2344 3844 2431; baseline -0.009 -18"><span class='ocrx_word' id='word_1_570' title='bbox 2198 2344 2395 2414; x_wconf 79' lang='grc' dir='ltr'>σπάσαι</span> <span class='ocrx_word' id='word_1_571' title='bbox 2479 2356 2569 2410; x_wconf 82' lang='grc' dir='ltr'>τὸν</span> <span class='ocrx_word' id='word_1_572' title='bbox 2672 2345 2933 2431; x_wconf 79' lang='grc' dir='ltr'>Ἡρώδην,</span> <span class='ocrx_word' id='word_1_573' title='bbox 3007 2351 3109 2406; x_wconf 79' lang='grc' dir='ltr'>καὶ-</span> <span class='ocrx_word' id='word_1_574' title='bbox 3177 2346 3261 2404; x_wconf 78' lang='grc' dir='ltr'>διὰ</span> <span class='ocrx_word' id='word_1_575' title='bbox 3318 2356 3470 2406; x_wconf 80' lang='grc' dir='ltr'>τοῦτο</span> <span class='ocrx_word' id='word_1_576' title='bbox 3531 2344 3844 2425; x_wconf 70' lang='grc' dir='ltr'>ἱλεγχεσθαι</span> 
     </span>
    </p>
   </div>
   <div class='ocr_carea' id='block_1_77' title="bbox 2198 2433 3849 2521">
    <p class='ocr_par' dir='ltr' id='par_1_77' title="bbox 2198 2433 3849 2521">
     <span class='ocr_line' id='line_1_80' title="bbox 2198 2433 3849 2521; baseline -0.008 -20"><span class='ocrx_word' id='word_1_577' title='bbox 2198 2445 2354 2501; x_wconf 75' lang='grc' dir='ltr'>αὐτὸν</span> <span class='ocrx_word' id='word_1_578' title='bbox 2412 2445 2484 2506; x_wconf 84' lang='grc' dir='ltr'>ὡς</span> <span class='ocrx_word' id='word_1_579' title='bbox 2542 2446 2971 2521; x_wconf 66' lang='grc' dir='ltr'>παρανομοῦντα,</span> <span class='ocrx_word' id='word_1_580' title='bbox 3044 2445 3135 2494; x_wconf 82' lang='grc' dir='ltr'>τοῦ</span> <span class='ocrx_word' id='word_1_581' title='bbox 3194 2443 3389 2507; x_wconf 81' lang='grc' dir='ltr'>ζῶντος</span> <span class='ocrx_word' id='word_1_582' title='bbox 3441 2434 3662 2513; x_wconf 75' lang='grc' dir='ltr'>ἀδελφοῦ</span> <span class='ocrx_word' id='word_1_583' title='bbox 3716 2433 3849 2490; x_wconf 74' lang='grc' dir='ltr'>ἁπο-</span> 
     </span>
    </p>
   </div>
   <div class='ocr_carea' id='block_1_78' title="bbox 2196 2524 3847 2612">
    <p class='ocr_par' dir='ltr' id='par_1_78' title="bbox 2196 2524 3847 2612">
     <span class='ocr_line' id='line_1_81' title="bbox 2196 2524 3847 2612; baseline -0.007 -23"><span class='ocrx_word' id='word_1_584' title='bbox 2196 2533 2476 2612; x_wconf 84' lang='grc' dir='ltr'>ζευγνύντα</span> <span class='ocrx_word' id='word_1_585' title='bbox 2531 2532 2629 2598; x_wconf 72' lang='grc' dir='ltr'>τὴν</span> <span class='ocrx_word' id='word_1_586' title='bbox 2686 2530 2915 2609; x_wconf 76' lang='grc' dir='ltr'>γυναῖκα</span> <span class='ocrx_word' id='word_1_587' title='bbox 2949 2544 2962 2558; x_wconf 88' lang='grc'><strong>⁸</strong></span> <span class='ocrx_word' id='word_1_588' title='bbox 3011 2530 3059 2583; x_wconf 79' lang='grc' dir='ltr'>οἱ</span> <span class='ocrx_word' id='word_1_589' title='bbox 3111 2524 3188 2602; x_wconf 68' lang='grc' dir='ltr'><strong>δί,</strong></span> <span class='ocrx_word' id='word_1_590' title='bbox 3242 2525 3321 2581; x_wconf 71' lang='grc' dir='ltr'>ὅτι</span> <span class='ocrx_word' id='word_1_591' title='bbox 3373 2524 3596 2612; x_wconf 69' lang='grc' dir='ltr'>ἀπεθανε</span> <span class='ocrx_word' id='word_1_592' title='bbox 3659 2524 3757 2612; x_wconf 66' lang='grc' dir='ltr'>μὲν</span> <span class='ocrx_word' id='word_1_593' title='bbox 3818 2526 3847 2579; x_wconf 92' lang='lat'><strong>6</strong></span> 
     </span>
    </p>
   </div>
   <div class='ocr_carea' id='block_1_79' title="bbox 2197 2610 3846 2696">
    <p class='ocr_par' dir='ltr' id='par_1_79' title="bbox 2197 2610 3846 2696">
     <span class='ocr_line' id='line_1_82' title="bbox 2197 2610 3846 2696; baseline -0.005 -21"><span class='ocrx_word' id='word_1_594' title='bbox 2197 2610 2483 2696; x_wconf 82' lang='grc' dir='ltr'>Φίλιππος,</span> <span class='ocrx_word' id='word_1_595' title='bbox 2543 2619 2684 2687; x_wconf 72' lang='grc' dir='ltr'>πλὴν</span> <span class='ocrx_word' id='word_1_596' title='bbox 2731 2618 2818 2674; x_wconf 68' lang='grc' dir='ltr'>ἐπὶ</span> <span class='ocrx_word' id='word_1_597' title='bbox 2882 2615 3145 2695; x_wconf 78' lang='grc' dir='ltr'>θυγατρί·</span> <span class='ocrx_word' id='word_1_598' title='bbox 3224 2615 3476 2692; x_wconf 80' lang='grc' dir='ltr'>θυγατρὸς</span> <span class='ocrx_word' id='word_1_599' title='bbox 3534 2610 3588 2668; x_wconf 71' lang='grc' dir='ltr'>δὲ</span> <span class='ocrx_word' id='word_1_600' title='bbox 3656 2611 3846 2691; x_wconf 64' lang='grc' dir='ltr'>οὔσης,</span> 
     </span>
    </p>
   </div>
   <div class='ocr_carea' id='block_1_80' title="bbox 2199 2698 3849 2785">
    <p class='ocr_par' dir='ltr' id='par_1_80' title="bbox 2199 2698 3849 2785">
     <span class='ocr_line' id='line_1_83' title="bbox 2199 2698 3849 2785; baseline -0.005 -20"><span class='ocrx_word' id='word_1_601' title='bbox 2199 2712 2295 2767; x_wconf 78' lang='grc' dir='ltr'><strong>οὒκ</strong></span> <span class='ocrx_word' id='word_1_602' title='bbox 2353 2707 2456 2764; x_wconf 61' lang='grc' dir='ltr'>ἔδει</span> <span class='ocrx_word' id='word_1_603' title='bbox 2514 2710 2604 2763; x_wconf 78' lang='grc' dir='ltr'>τὸν</span> <span class='ocrx_word' id='word_1_604' title='bbox 2692 2698 2929 2785; x_wconf 76' lang='grc' dir='ltr'>Ἡρώδην</span> <span class='ocrx_word' id='word_1_605' title='bbox 3012 2706 3112 2773; x_wconf 74' lang='grc' dir='ltr'><strong>τὴν</strong></span> <span class='ocrx_word' id='word_1_606' title='bbox 3165 2716 3396 2785; x_wconf 78' lang='grc' dir='ltr'>γυναῖκα</span> <span class='ocrx_word' id='word_1_607' title='bbox 3459 2708 3544 2759; x_wconf 79' lang='grc' dir='ltr'>τοῦ</span> <span class='ocrx_word' id='word_1_608' title='bbox 3625 2699 3849 2780; x_wconf 70' lang='grc' dir='ltr'>ἀδελφοῦ</span> 
     </span>
    </p>
   </div>
   <div class='ocr_carea' id='block_1_81' title="bbox 2200 2783 3846 2877">
    <p class='ocr_par' dir='ltr' id='par_1_81' title="bbox 2200 2783 3846 2877">
     <span class='ocr_line' id='line_1_84' title="bbox 2200 2783 3846 2877; baseline -0.005 -24"><span class='ocrx_word' id='word_1_609' title='bbox 2200 2798 2468 2877; x_wconf 77' lang='grc' dir='ltr'><strong>γαμῆσαι,</strong></span> <span class='ocrx_word' id='word_1_610' title='bbox 2528 2797 2643 2853; x_wconf 68' lang='grc' dir='ltr'>οὐδὲ</span> <span class='ocrx_word' id='word_1_611' title='bbox 2723 2797 2857 2872; x_wconf 78' lang='grc' dir='ltr'>μετὰ</span> <span class='ocrx_word' id='word_1_612' title='bbox 2925 2796 3170 2855; x_wconf 76' lang='grc' dir='ltr'>θάνατον.</span> <span class='ocrx_word' id='word_1_613' title='bbox 3236 2783 3292 2849; x_wconf 69' lang='grc' dir='ltr'>Ὀ</span> <span class='ocrx_word' id='word_1_614' title='bbox 3371 2793 3472 2870; x_wconf 80' lang='grc' dir='ltr'><strong>γὰρ</strong></span> <span class='ocrx_word' id='word_1_615' title='bbox 3514 2791 3671 2867; x_wconf 78' lang='grc' dir='ltr'>νόμος</span> <span class='ocrx_word' id='word_1_616' title='bbox 3728 2789 3846 2846; x_wconf 81' lang='grc' dir='ltr'>τότε</span> 
     </span>
    </p>
   </div>
   <div class='ocr_carea' id='block_1_82' title="bbox 2199 2874 3849 2964">
    <p class='ocr_par' dir='ltr' id='par_1_82' title="bbox 2199 2874 3849 2964">
     <span class='ocr_line' id='line_1_85' title="bbox 2199 2874 3849 2964; baseline -0.006 -21"><span class='ocrx_word' id='word_1_617' title='bbox 2199 2874 2407 2943; x_wconf 57' lang='grc' dir='ltr'>ἐκέλευε</span> <span class='ocrx_word' id='word_1_618' title='bbox 2464 2888 2554 2941; x_wconf 81' lang='grc' dir='ltr'>τὸν</span> <span class='ocrx_word' id='word_1_619' title='bbox 2609 2883 2830 2964; x_wconf 78' lang='grc' dir='ltr'>ἀδελφὸν</span> <span class='ocrx_word' id='word_1_620' title='bbox 2888 2884 2987 2951; x_wconf 76' lang='grc' dir='ltr'><strong>τὴν</strong></span> <span class='ocrx_word' id='word_1_621' title='bbox 3039 2885 3131 2939; x_wconf 71' lang='grc' dir='ltr'>τοῦ</span> <span class='ocrx_word' id='word_1_622' title='bbox 3187 2878 3412 2959; x_wconf 71' lang='grc' dir='ltr'>ἀδελφοῦ</span> <span class='ocrx_word' id='word_1_623' title='bbox 3442 2874 3670 2958; x_wconf 77' lang='grc' dir='ltr'>γυναῖκα</span> <span class='ocrx_word' id='word_1_624' title='bbox 3710 2877 3849 2954; x_wconf 87' lang='grc' dir='ltr'>λαμ-</span> 
     </span>
    </p>
   </div>
   <div class='ocr_carea' id='block_1_83' title="bbox 2200 2966 3848 3055">
    <p class='ocr_par' dir='ltr' id='par_1_83' title="bbox 2200 2966 3848 3055">
     <span class='ocr_line' id='line_1_86' title="bbox 2200 2966 3848 3055; baseline -0.006 -24"><span class='ocrx_word' id='word_1_625' title='bbox 2200 2974 2400 3055; x_wconf 85' lang='grc' dir='ltr'>ϐάνειν,</span> <span class='ocrx_word' id='word_1_626' title='bbox 2455 2972 2541 3030; x_wconf 67' lang='grc' dir='ltr'>ὀίτε</span> <span class='ocrx_word' id='word_1_627' title='bbox 2590 2974 2668 3049; x_wconf 77' lang='grc' dir='ltr'>μὴ</span> <span class='ocrx_word' id='word_1_628' title='bbox 2724 2975 2864 3038; x_wconf 80' lang='grc' dir='ltr'>ὑπῆν</span> <span class='ocrx_word' id='word_1_629' title='bbox 2914 2970 3118 3028; x_wconf 80' lang='grc' dir='ltr'>παιδίον</span> <span class='ocrx_word' id='word_1_630' title='bbox 3154 2985 3167 3000; x_wconf 84' lang='grc'><strong><em>⁸</em></strong></span> <span class='ocrx_word' id='word_1_631' title='bbox 3221 2969 3446 3055; x_wconf 44' lang='grc' dir='ltr'>ὶνταῦθα.</span> <span class='ocrx_word' id='word_1_632' title='bbox 3491 2966 3546 3023; x_wconf 76' lang='grc' dir='ltr'>δὲ</span> <span class='ocrx_word' id='word_1_633' title='bbox 3604 2968 3848 3047; x_wconf 78' lang='grc' dir='ltr'>ὑπῆρχεν</span> 
     </span>
    </p>
   </div>
   <div class='ocr_carea' id='block_1_84' title="bbox 2199 3047 3849 3143">
    <p class='ocr_par' dir='ltr' id='par_1_84' title="bbox 2199 3047 3849 3143">
     <span class='ocr_line' id='line_1_87' title="bbox 2199 3047 3849 3143; baseline -0.007 -20"><span class='ocrx_word' id='word_1_634' title='bbox 2199 3068 2233 3135; x_wconf 81' lang='grc' dir='ltr'>ἠ</span> <span class='ocrx_word' id='word_1_635' title='bbox 2278 3047 2533 3143; x_wconf 75' lang='grc' dir='ltr'><strong>θυγάτηρ,</strong></span> <span class='ocrx_word' id='word_1_636' title='bbox 2580 3047 2887 3140; x_wconf 85' lang='grc' dir='ltr'>παράνομος</span> <span class='ocrx_word' id='word_1_637' title='bbox 2946 3059 3044 3139; x_wconf 83' lang='grc' dir='ltr'>ἄρα</span> <span class='ocrx_word' id='word_1_638' title='bbox 3093 3061 3120 3114; x_wconf 89' lang='lat'><strong>6</strong></span> <span class='ocrx_word' id='word_1_639' title='bbox 3178 3060 3374 3135; x_wconf 79' lang='grc' dir='ltr'>γάμος.</span> <span class='ocrx_word' id='word_1_640' title='bbox 3411 3047 3556 3135; x_wconf 75' lang='grc' dir='ltr'><strong>υΟρα</strong></span> <span class='ocrx_word' id='word_1_641' title='bbox 3600 3053 3653 3111; x_wconf 73' lang='grc' dir='ltr'>δί</span> <span class='ocrx_word' id='word_1_642' title='bbox 3682 3057 3849 3112; x_wconf 87' lang='grc' dir='ltr'>πόσον</span> 
     </span>
    </p>
   </div>
   <div class='ocr_carea' id='block_1_85' title="bbox 2198 3143 3850 3234">
    <p class='ocr_par' dir='ltr' id='par_1_85' title="bbox 2198 3143 3850 3234">
     <span class='ocr_line' id='line_1_88' title="bbox 2198 3143 3850 3234; baseline -0.007 -24"><span class='ocrx_word' id='word_1_643' title='bbox 2198 3156 2374 3234; x_wconf 83' lang='grc' dir='ltr'>ἰσχύει</span> <span class='ocrx_word' id='word_1_644' title='bbox 2431 3153 2469 3219; x_wconf 79' lang='grc' dir='ltr'><strong>ἡ</strong></span> <span class='ocrx_word' id='word_1_645' title='bbox 2521 3152 2684 3208; x_wconf 84' lang='grc' dir='ltr'>λύσσα</span> <span class='ocrx_word' id='word_1_646' title='bbox 2742 3153 2835 3208; x_wconf 76' lang='grc' dir='ltr'>τοῦ</span> <span class='ocrx_word' id='word_1_647' title='bbox 2877 3150 3093 3229; x_wconf 75' lang='grc' dir='ltr'>ἔρωτες,</span> <span class='ocrx_word' id='word_1_648' title='bbox 3138 3146 3274 3203; x_wconf 76' lang='grc' dir='ltr'>ὥστε</span> <span class='ocrx_word' id='word_1_649' title='bbox 3321 3147 3408 3202; x_wconf 87' lang='grc' dir='ltr'>καὶ</span> <span class='ocrx_word' id='word_1_650' title='bbox 3461 3148 3553 3202; x_wconf 83' lang='grc' dir='ltr'>τὸν</span> <span class='ocrx_word' id='word_1_651' title='bbox 3605 3143 3850 3224; x_wconf 82' lang='grc' dir='ltr'>Ἡρώδην</span> 
     </span>
    </p>
   </div>
   <div class='ocr_carea' id='block_1_86' title="bbox 2198 3233 3843 3319">
    <p class='ocr_par' dir='ltr' id='par_1_86' title="bbox 2198 3233 3843 3319">
     <span class='ocr_line' id='line_1_89' title="bbox 2198 3233 3843 3319; baseline -0.007 -19"><span class='ocrx_word' id='word_1_652' title='bbox 2198 3244 2465 3310; x_wconf 80' lang='grc' dir='ltr'>τοσαύτην</span> <span class='ocrx_word' id='word_1_653' title='bbox 2524 3239 2651 3298; x_wconf 83' lang='grc' dir='ltr'>αἰδῶ</span> <span class='ocrx_word' id='word_1_654' title='bbox 2678 3242 2767 3297; x_wconf 87' lang='grc' dir='ltr'><strong>καὶ</strong></span> <span class='ocrx_word' id='word_1_655' title='bbox 2823 3238 2985 3319; x_wconf 75' lang='grc' dir='ltr'>φόϐον</span> <span class='ocrx_word' id='word_1_656' title='bbox 3035 3238 3166 3316; x_wconf 80' lang='grc' dir='ltr'>πρὸς</span> <span class='ocrx_word' id='word_1_657' title='bbox 3193 3237 3285 3293; x_wconf 76' lang='grc' dir='ltr'><strong>τὸν</strong></span> <span class='ocrx_word' id='word_1_658' title='bbox 3331 3233 3583 3301; x_wconf 82' lang='grc' dir='ltr'>Ἰωάννην</span> <span class='ocrx_word' id='word_1_659' title='bbox 3622 3234 3843 3314; x_wconf 74' lang='grc' dir='ltr'>ἔχοντα,</span> 
     </span>
    </p>
   </div>
   <div class='ocr_carea' id='block_1_87' title="bbox 2201 3324 3847 3413">
    <p class='ocr_par' dir='ltr' id='par_1_87' title="bbox 2201 3324 3847 3413">
     <span class='ocr_line' id='line_1_90' title="bbox 2201 3324 3847 3413; baseline -0.006 -22"><span class='ocrx_word' id='word_1_660' title='bbox 2201 3337 2599 3413; x_wconf 76' lang='grc' dir='ltr'>καταφρονῆσαι</span> <span class='ocrx_word' id='word_1_661' title='bbox 2671 3331 2881 3406; x_wconf 88' lang='grc' dir='ltr'>τούτου,</span> <span class='ocrx_word' id='word_1_662' title='bbox 2957 3330 3091 3407; x_wconf 80' lang='grc' dir='ltr'>πρὸς</span> <span class='ocrx_word' id='word_1_663' title='bbox 3166 3328 3228 3382; x_wconf 78' lang='grc' dir='ltr'>τὸ</span> <span class='ocrx_word' id='word_1_664' title='bbox 3306 3328 3615 3404; x_wconf 78' lang='grc' dir='ltr'>θεραπεῦσαι</span> <span class='ocrx_word' id='word_1_665' title='bbox 3687 3324 3847 3399; x_wconf 86' lang='grc' dir='ltr'>μόνον</span> 
     </span>
    </p>
   </div>
   <div class='ocr_carea' id='block_1_88' title="bbox 2202 3414 3489 3481">
    <p class='ocr_par' dir='ltr' id='par_1_88' title="bbox 2202 3414 3489 3481">
     <span class='ocr_line' id='line_1_91' title="bbox 2202 3414 3489 3481; baseline -0.004 -3"><span class='ocrx_word' id='word_1_666' title='bbox 2202 3420 2509 3481; x_wconf 76' lang='grc' dir='ltr'>ἀκολασίαν.</span> <span class='ocrx_word' id='word_1_667' title='bbox 3486 3414 3489 3419; x_wconf 59' lang='grc'><em>’</em></span> 
     </span>
    </p>
   </div>
   <div class='ocr_carea' id='block_1_89' title="bbox 2292 3493 3848 3588">
    <p class='ocr_par' dir='ltr' id='par_1_89' title="bbox 2292 3493 3848 3588">
     <span class='ocr_line' id='line_1_92' title="bbox 2292 3493 3848 3588; baseline -0.006 -21"><span class='ocrx_word' id='word_1_668' title='bbox 2292 3532 2315 3567; x_wconf 85' lang='grc' dir='ltr'><strong>ε</strong></span> <span class='ocrx_word' id='word_1_669' title='bbox 2373 3511 2471 3568; x_wconf 84' lang='grc' dir='ltr'><strong>Καὶ</strong></span> <span class='ocrx_word' id='word_1_670' title='bbox 2527 3508 2817 3588; x_wconf 77' lang='grc' dir='ltr'>γενομένης</span> <span class='ocrx_word' id='word_1_671' title='bbox 2874 3506 3075 3587; x_wconf 78' lang='grc' dir='ltr'>ἡμέρας</span> <span class='ocrx_word' id='word_1_672' title='bbox 3149 3503 3409 3582; x_wconf 72' lang='grc' dir='ltr'>εὐκαίρου,</span> <span class='ocrx_word' id='word_1_673' title='bbox 3473 3503 3561 3559; x_wconf 81' lang='grc' dir='ltr'><strong>ὅτε</strong></span> <span class='ocrx_word' id='word_1_674' title='bbox 3607 3493 3848 3581; x_wconf 76' lang='grc' dir='ltr'>Ἡρώδης</span> 
     </span>
    </p>
   </div>
   <div class='ocr_carea' id='block_1_90' title="bbox 2203 3593 3851 3678">
    <p class='ocr_par' dir='ltr' id='par_1_90' title="bbox 2203 3593 3851 3678">
     <span class='ocr_line' id='line_1_93' title="bbox 2203 3593 3851 3678; baseline -0.008 -22"><span class='ocrx_word' id='word_1_675' title='bbox 2203 3613 2321 3663; x_wconf 76' lang='grc' dir='ltr'>τοῖς</span> <span class='ocrx_word' id='word_1_676' title='bbox 2385 3600 2641 3678; x_wconf 78' lang='grc' dir='ltr'>γενεσίοις</span> <span class='ocrx_word' id='word_1_677' title='bbox 2702 3599 2860 3654; x_wconf 74' lang='grc' dir='ltr'>αὐτοῦ</span> <span class='ocrx_word' id='word_1_678' title='bbox 2915 3594 3130 3652; x_wconf 74' lang='grc' dir='ltr'>δεῖπνον</span> <span class='ocrx_word' id='word_1_679' title='bbox 3179 3593 3341 3649; x_wconf 73' lang='grc' dir='ltr'>εποίει</span> <span class='ocrx_word' id='word_1_680' title='bbox 3388 3603 3510 3657; x_wconf 73' lang='grc' dir='ltr'>τοῖς</span> <span class='ocrx_word' id='word_1_681' title='bbox 3540 3596 3851 3669; x_wconf 83' lang='grc' dir='ltr'>μεγιστᾶσιν</span> 
     </span>
    </p>
   </div>
   <div class='ocr_carea' id='block_1_91' title="bbox 2206 3680 3847 3768">
    <p class='ocr_par' dir='ltr' id='par_1_91' title="bbox 2206 3680 3847 3768">
     <span class='ocr_line' id='line_1_94' title="bbox 2206 3680 3847 3768; baseline -0.007 -22"><span class='ocrx_word' id='word_1_682' title='bbox 2206 3690 2387 3768; x_wconf 71' lang='grc' dir='ltr'>αὐτοῦ,</span> <span class='ocrx_word' id='word_1_683' title='bbox 2417 3689 2505 3744; x_wconf 86' lang='grc' dir='ltr'><strong>καὶ</strong></span> <span class='ocrx_word' id='word_1_684' title='bbox 2562 3700 2681 3749; x_wconf 74' lang='grc' dir='ltr'>τοῖς</span> <span class='ocrx_word' id='word_1_685' title='bbox 2739 3684 3044 3765; x_wconf 83' lang='grc' dir='ltr'>χιλίάρχοις</span> <span class='ocrx_word' id='word_1_686' title='bbox 3073 3684 3160 3739; x_wconf 80' lang='grc' dir='ltr'><strong>καὶ</strong></span> <span class='ocrx_word' id='word_1_687' title='bbox 3189 3694 3308 3745; x_wconf 78' lang='grc' dir='ltr'>τοῖς</span> <span class='ocrx_word' id='word_1_688' title='bbox 3332 3680 3564 3759; x_wconf 86' lang='grc' dir='ltr'>πρώτοις</span> <span class='ocrx_word' id='word_1_689' title='bbox 3594 3681 3694 3747; x_wconf 77' lang='grc' dir='ltr'>τῆς</span> <span class='ocrx_word' id='word_1_690' title='bbox 3737 3685 3847 3735; x_wconf 81' lang='grc' dir='ltr'><strong>Γα-</strong></span> 
     </span>
    </p>
   </div>
   <div class='ocr_carea' id='block_1_92' title="bbox 2207 3768 3850 3848">
    <p class='ocr_par' dir='ltr' id='par_1_92' title="bbox 2207 3768 3850 3848">
     <span class='ocr_line' id='line_1_95' title="bbox 2207 3768 3850 3848; baseline -0.004 -15"><span class='ocrx_word' id='word_1_691' title='bbox 2207 3777 2412 3840; x_wconf 75' lang='grc' dir='ltr'>λιλαίας</span> <span class='ocrx_word' id='word_1_692' title='bbox 2447 3792 2461 3807; x_wconf 81' lang='grc'><strong><em>⁸</em></strong></span> <span class='ocrx_word' id='word_1_693' title='bbox 2518 3777 2605 3832; x_wconf 86' lang='grc' dir='ltr'><strong>καὶ</strong></span> <span class='ocrx_word' id='word_1_694' title='bbox 2660 3774 2997 3840; x_wconf 80' lang='grc' dir='ltr'>εἰσελθούσης</span> <span class='ocrx_word' id='word_1_695' title='bbox 3055 3776 3156 3838; x_wconf 75' lang='grc' dir='ltr'>τῆς</span> <span class='ocrx_word' id='word_1_696' title='bbox 3224 3770 3477 3848; x_wconf 79' lang='grc' dir='ltr'>θυγατρὸς</span> <span class='ocrx_word' id='word_1_697' title='bbox 3533 3773 3698 3836; x_wconf 73' lang='grc' dir='ltr'>αὐτῆς</span> <span class='ocrx_word' id='word_1_698' title='bbox 3751 3768 3850 3836; x_wconf 73' lang='grc' dir='ltr'><strong>τῆς</strong></span> 
     </span>
    </p>
   </div>
   <div class='ocr_carea' id='block_1_93' title="bbox 2211 3857 3851 3944">
    <p class='ocr_par' dir='ltr' id='par_1_93' title="bbox 2211 3857 3851 3944">
     <span class='ocr_line' id='line_1_96' title="bbox 2211 3857 3851 3944; baseline -0.007 -21"><span class='ocrx_word' id='word_1_699' title='bbox 2211 3860 2553 3944; x_wconf 75' lang='grc' dir='ltr'>Ἡρωδιάδος,</span> <span class='ocrx_word' id='word_1_700' title='bbox 2652 3866 2739 3920; x_wconf 81' lang='grc' dir='ltr'><strong>καὶ</strong></span> <span class='ocrx_word' id='word_1_701' title='bbox 2809 3862 3193 3942; x_wconf 77' lang='grc' dir='ltr'>ὀρχησαμένης</span> <span class='ocrx_word' id='word_1_702' title='bbox 3264 3861 3352 3916; x_wconf 81' lang='grc' dir='ltr'><strong>καὶ</strong></span> <span class='ocrx_word' id='word_1_703' title='bbox 3428 3857 3693 3938; x_wconf 83' lang='grc' dir='ltr'>ἀρεσάσης</span> <span class='ocrx_word' id='word_1_704' title='bbox 3774 3863 3851 3930; x_wconf 83' lang='grc' dir='ltr'>τῷ</span> 
     </span>
    </p>
   </div>
   <div class='ocr_carea' id='block_1_94' title="bbox 2211 3945 3845 4036">
    <p class='ocr_par' dir='ltr' id='par_1_94' title="bbox 2211 3945 3845 4036">
     <span class='ocr_line' id='line_1_97' title="bbox 2211 3945 3845 4036; baseline -0.007 -24"><span class='ocrx_word' id='word_1_705' title='bbox 2211 3949 2445 4036; x_wconf 73' lang='grc' dir='ltr'>Ἡρώδῃ,</span> <span class='ocrx_word' id='word_1_706' title='bbox 2476 3956 2563 4011; x_wconf 80' lang='grc' dir='ltr'><strong>καὶ</strong></span> <span class='ocrx_word' id='word_1_707' title='bbox 2619 3966 2738 4016; x_wconf 75' lang='grc' dir='ltr'>τοῖς</span> <span class='ocrx_word' id='word_1_708' title='bbox 2795 3950 3275 4026; x_wconf 83' lang='grc' dir='ltr'>συνανακειμένοις,</span> <span class='ocrx_word' id='word_1_709' title='bbox 3327 3949 3483 4005; x_wconf 79' lang='grc' dir='ltr'>εἶπεν</span> <span class='ocrx_word' id='word_1_710' title='bbox 3530 3950 3559 4004; x_wconf 86' lang='lat'><strong>6</strong></span> <span class='ocrx_word' id='word_1_711' title='bbox 3597 3945 3845 4022; x_wconf 83' lang='grc' dir='ltr'>βασιλεὺς</span> 
     </span>
    </p>
   </div>
   <div class='ocr_carea' id='block_1_95' title="bbox 2206 4035 3840 4122">
    <p class='ocr_par' dir='ltr' id='par_1_95' title="bbox 2206 4035 3840 4122">
     <span class='ocr_line' id='line_1_98' title="bbox 2206 4035 3840 4122; baseline -0.004 -21"><span class='ocrx_word' id='word_1_712' title='bbox 2206 4053 2283 4121; x_wconf 82' lang='grc' dir='ltr'><strong>τῷ</strong></span> <span class='ocrx_word' id='word_1_713' title='bbox 2340 4035 2567 4122; x_wconf 81' lang='grc' dir='ltr'>κορασίῳ</span> <span class='ocrx_word' id='word_1_714' title='bbox 2590 4063 2607 4081; x_wconf 76' lang='grc' dir='ltr'><strong>ο</strong></span> <span class='ocrx_word' id='word_1_715' title='bbox 2660 4041 2897 4109; x_wconf 72' lang='grc' dir='ltr'>Αἴτησόν</span> <span class='ocrx_word' id='word_1_716' title='bbox 2929 4060 3011 4122; x_wconf 14' lang='grc' dir='ltr'><strong>,με</strong></span> <span class='ocrx_word' id='word_1_717' title='bbox 3050 4040 3078 4094; x_wconf 78' lang='grc' dir='ltr'><strong>ὃ</strong></span> <span class='ocrx_word' id='word_1_718' title='bbox 3108 4039 3198 4095; x_wconf 70' lang='grc' dir='ltr'>ἐὰν</span> <span class='ocrx_word' id='word_1_719' title='bbox 3226 4036 3407 4114; x_wconf 65' lang='grc' dir='ltr'>θέλῃς,</span> <span class='ocrx_word' id='word_1_720' title='bbox 3442 4038 3527 4092; x_wconf 84' lang='grc' dir='ltr'><strong>καὶ</strong></span> <span class='ocrx_word' id='word_1_721' title='bbox 3554 4035 3711 4092; x_wconf 83' lang='grc' dir='ltr'>δώσω</span> <span class='ocrx_word' id='word_1_722' title='bbox 3739 4057 3840 4095; x_wconf 91' lang='grc' dir='ltr'>σοι.</span> 
     </span>
    </p>
   </div>
   <div class='ocr_carea' id='block_1_96' title="bbox 2213 4121 3847 4210">
    <p class='ocr_par' dir='ltr' id='par_1_96' title="bbox 2213 4121 3847 4210">
     <span class='ocr_line' id='line_1_99' title="bbox 2213 4121 3847 4210; baseline -0.008 -18"><span class='ocrx_word' id='word_1_723' title='bbox 2213 4137 2314 4193; x_wconf 80' lang='grc' dir='ltr'>Καὶ</span> <span class='ocrx_word' id='word_1_724' title='bbox 2365 4134 2574 4210; x_wconf 76' lang='grc' dir='ltr'>ὤμοσεν</span> <span class='ocrx_word' id='word_1_725' title='bbox 2604 4134 2738 4207; x_wconf 66' lang='grc' dir='ltr'>αὐτῇ</span> <span class='ocrx_word' id='word_1_726' title='bbox 2780 4129 2885 4204; x_wconf 80' lang='grc' dir='ltr'>ὅτι,</span> <span class='ocrx_word' id='word_1_727' title='bbox 2924 4121 2937 4141; x_wconf 65' lang='grc'><strong>’</strong></span> <span class='ocrx_word' id='word_1_728' title='bbox 2960 4139 3000 4187; x_wconf 92' lang='lat'>0</span> <span class='ocrx_word' id='word_1_729' title='bbox 3030 4128 3119 4185; x_wconf 72' lang='grc' dir='ltr'>ἐάν</span> <span class='ocrx_word' id='word_1_730' title='bbox 3151 4149 3216 4203; x_wconf 89' lang='grc' dir='ltr'><strong>με</strong></span> <span class='ocrx_word' id='word_1_731' title='bbox 3265 4128 3491 4210; x_wconf 76' lang='grc' dir='ltr'>αἰτήσῃς</span> <span class='ocrx_word' id='word_1_732' title='bbox 3532 4123 3686 4181; x_wconf 81' lang='grc' dir='ltr'>δώσω</span> <span class='ocrx_word' id='word_1_733' title='bbox 3739 4146 3847 4199; x_wconf 89' lang='grc' dir='ltr'>σοι,</span> 
     </span>
    </p>
   </div>
   <div class='ocr_carea' id='block_1_97' title="bbox 2209 4208 3855 4299">
    <p class='ocr_par' dir='ltr' id='par_1_97' title="bbox 2209 4208 3855 4299">
     <span class='ocr_line' id='line_1_100' title="bbox 2209 4208 3855 4299; baseline -0.005 -20"><span class='ocrx_word' id='word_1_734' title='bbox 2209 4223 2309 4288; x_wconf 68' lang='grc' dir='ltr'>ἕως</span> <span class='ocrx_word' id='word_1_735' title='bbox 2353 4208 2574 4299; x_wconf 83' lang='grc' dir='ltr'>ἡμίσους</span> <span class='ocrx_word' id='word_1_736' title='bbox 2632 4224 2728 4290; x_wconf 78' lang='grc' dir='ltr'>τῆς</span> <span class='ocrx_word' id='word_1_737' title='bbox 2784 4218 3053 4297; x_wconf 81' lang='grc' dir='ltr'>βασιλείας</span> <span class='ocrx_word' id='word_1_738' title='bbox 3086 4240 3209 4294; x_wconf 81' lang='grc' dir='ltr'>μου.</span> <span class='ocrx_word' id='word_1_739' title='bbox 3268 4208 3437 4299; x_wconf 62' lang='grc' dir='ltr'><strong>Ἠδὶ.</strong></span> <span class='ocrx_word' id='word_1_740' title='bbox 3470 4214 3744 4280; x_wconf 74' lang='grc' dir='ltr'>ξξελθοῦσα</span> <span class='ocrx_word' id='word_1_741' title='bbox 3773 4215 3855 4271; x_wconf 75' lang='grc' dir='ltr'><strong>εἶ-</strong></span> 
     </span>
    </p>
   </div>
   <div class='ocr_carea' id='block_1_98' title="bbox 3304 4296 3854 4381">
    <p class='ocr_par' dir='ltr' id='par_1_98' title="bbox 3304 4296 3854 4381">
     <span class='ocr_line' id='line_1_101' title="bbox 3304 4296 3854 4381; baseline -0.004 -20"><span class='ocrx_word' id='word_1_742' title='bbox 3304 4325 3321 4381; x_wconf 84' lang='lat'><strong>;</strong></span> <span class='ocrx_word' id='word_1_743' title='bbox 3357 4296 3421 4361; x_wconf 76' lang='grc' dir='ltr'><em>Ἠ</em></span> <span class='ocrx_word' id='word_1_744' title='bbox 3452 4304 3507 4360; x_wconf 77' lang='grc' dir='ltr'>δὲ</span> <span class='ocrx_word' id='word_1_745' title='bbox 3539 4306 3667 4362; x_wconf 75' lang='grc' dir='ltr'>εἶπε</span> <span class='ocrx_word' id='word_1_746' title='bbox 3699 4320 3714 4334; x_wconf 80' lang='grc'><strong><em>⁸</em></strong></span> <span class='ocrx_word' id='word_1_747' title='bbox 3748 4306 3854 4372; x_wconf 78' lang='grc' dir='ltr'><strong>Τὴν</strong></span> 
     </span>
    </p>
   </div>
   <div class='ocr_carea' id='block_1_99' title="bbox 2209 4393 3855 4482">
    <p class='ocr_par' dir='ltr' id='par_1_99' title="bbox 2209 4393 3855 4482">
     <span class='ocr_line' id='line_1_102' title="bbox 2209 4393 3855 4482; baseline -0.006 -24"><span class='ocrx_word' id='word_1_748' title='bbox 2209 4400 2446 4482; x_wconf 75' lang='grc' dir='ltr'>κεφαλὴν</span> <span class='ocrx_word' id='word_1_749' title='bbox 2505 4399 2747 4459; x_wconf 75' lang='grc' dir='ltr'>Ἰωάννου</span> <span class='ocrx_word' id='word_1_750' title='bbox 2822 4404 2915 4455; x_wconf 82' lang='grc' dir='ltr'><strong>τοῦ</strong></span> <span class='ocrx_word' id='word_1_751' title='bbox 2984 4401 3308 4453; x_wconf 76' lang='grc' dir='ltr'>Βαπτιστοῦ.</span> <span class='ocrx_word' id='word_1_752' title='bbox 3386 4396 3484 4452; x_wconf 79' lang='grc' dir='ltr'><strong>Καὶ</strong></span> <span class='ocrx_word' id='word_1_753' title='bbox 3553 4393 3855 4452; x_wconf 77' lang='grc' dir='ltr'>εἰσελθοῦσα</span> 
     </span>
    </p>
   </div>
   <div class='ocr_carea' id='block_1_100' title="bbox 2209 4483 3852 4566">
    <p class='ocr_par' dir='ltr' id='par_1_100' title="bbox 2209 4483 3852 4566">
     <span class='ocr_line' id='line_1_103' title="bbox 2209 4483 3852 4566; baseline -0.005 -19"><span class='ocrx_word' id='word_1_754' title='bbox 2209 4492 2398 4553; x_wconf 57' lang='lat' dir='ltr'><strong>coetu):</strong></span> <span class='ocrx_word' id='word_1_755' title='bbox 2455 4491 2589 4566; x_wconf 82' lang='grc' dir='ltr'>μετὰ</span> <span class='ocrx_word' id='word_1_756' title='bbox 2651 4485 2885 4554; x_wconf 75' lang='grc' dir='ltr'>σπουδῆς</span> <span class='ocrx_word' id='word_1_757' title='bbox 2943 4488 3075 4564; x_wconf 79' lang='grc' dir='ltr'>πρὸς</span> <span class='ocrx_word' id='word_1_758' title='bbox 3133 4487 3221 4541; x_wconf 87' lang='grc' dir='ltr'>τὸν</span> <span class='ocrx_word' id='word_1_759' title='bbox 3278 4483 3527 4561; x_wconf 77' lang='grc' dir='ltr'>βασιλέα,</span> <span class='ocrx_word' id='word_1_760' title='bbox 3590 4484 3852 4561; x_wconf 72' lang='grc' dir='ltr'>ᾐτήσατο,</span> 
     </span>
    </p>
   </div>
   <div class='ocr_carea' id='block_1_101' title="bbox 2208 4573 3856 4659">
    <p class='ocr_par' dir='ltr' id='par_1_101' title="bbox 2208 4573 3856 4659">
     <span class='ocr_line' id='line_1_104' title="bbox 2208 4573 3856 4659; baseline -0.007 -21"><span class='ocrx_word' id='word_1_761' title='bbox 2208 4580 2436 4659; x_wconf 80' lang='grc' dir='ltr'>λέγουσα</span> <span class='ocrx_word' id='word_1_762' title='bbox 2473 4600 2484 4612; x_wconf 91' lang='grc'><strong>·</strong></span> <span class='ocrx_word' id='word_1_763' title='bbox 2522 4578 2673 4635; x_wconf 81' lang='grc' dir='ltr'>Θέλω</span> <span class='ocrx_word' id='word_1_764' title='bbox 2700 4577 2793 4633; x_wconf 74' lang='grc' dir='ltr'>ἵνα</span> <span class='ocrx_word' id='word_1_765' title='bbox 2824 4600 2916 4652; x_wconf 88' lang='grc' dir='ltr'><strong>μοι</strong></span> <span class='ocrx_word' id='word_1_766' title='bbox 2963 4575 3066 4651; x_wconf 83' lang='grc' dir='ltr'><strong>δῷς</strong></span> <span class='ocrx_word' id='word_1_767' title='bbox 3126 4575 3177 4640; x_wconf 79' lang='grc' dir='ltr'><strong>ἐξ</strong></span> <span class='ocrx_word' id='word_1_768' title='bbox 3208 4575 3370 4642; x_wconf 74' lang='grc' dir='ltr'>αὐτῆς</span> <span class='ocrx_word' id='word_1_769' title='bbox 3396 4574 3480 4631; x_wconf 73' lang='grc' dir='ltr'><strong>ἰπὶ</strong></span> <span class='ocrx_word' id='word_1_770' title='bbox 3520 4574 3698 4629; x_wconf 85' lang='grc' dir='ltr'>πίνακι</span> <span class='ocrx_word' id='word_1_771' title='bbox 3755 4573 3856 4640; x_wconf 74' lang='grc' dir='ltr'><strong>τὴν</strong></span> 
     </span>
    </p>
   </div>
   <div class='ocr_carea' id='block_1_102' title="bbox 2207 4661 3852 4750">
    <p class='ocr_par' dir='ltr' id='par_1_102' title="bbox 2207 4661 3852 4750">
     <span class='ocr_line' id='line_1_105' title="bbox 2207 4661 3852 4750; baseline -0.005 -24"><span class='ocrx_word' id='word_1_772' title='bbox 2207 4669 2445 4750; x_wconf 66' lang='grc' dir='ltr'>κεφαλὴν</span> <span class='ocrx_word' id='word_1_773' title='bbox 2493 4668 2734 4729; x_wconf 83' lang='grc' dir='ltr'>Ἰωάννου</span> <span class='ocrx_word' id='word_1_774' title='bbox 2788 4672 2883 4722; x_wconf 82' lang='grc' dir='ltr'>τοῦ</span> <span class='ocrx_word' id='word_1_775' title='bbox 2939 4674 3261 4723; x_wconf 79' lang='grc' dir='ltr'>Βαπτιστοῦ.</span> <span class='ocrx_word' id='word_1_776' title='bbox 3316 4665 3415 4721; x_wconf 82' lang='grc' dir='ltr'><strong>Καὶ</strong></span> <span class='ocrx_word' id='word_1_777' title='bbox 3442 4661 3728 4743; x_wconf 87' lang='grc' dir='ltr'>περίλυπος</span> <span class='ocrx_word' id='word_1_778' title='bbox 3757 4683 3852 4740; x_wconf 86' lang='grc' dir='ltr'>γε-</span> 
     </span>
    </p>
   </div>
   <div class='ocr_carea' id='block_1_103' title="bbox 2208 4750 3855 4833">
    <p class='ocr_par' dir='ltr' id='par_1_103' title="bbox 2208 4750 3855 4833">
     <span class='ocr_line' id='line_1_106' title="bbox 2208 4750 3855 4833; baseline -0.005 -19"><span class='ocrx_word' id='word_1_779' title='bbox 2208 4758 2429 4833; x_wconf 88' lang='grc' dir='ltr'>νόμενος</span> <span class='ocrx_word' id='word_1_780' title='bbox 2487 4758 2514 4811; x_wconf 82' lang='lat'><strong>6</strong></span> <span class='ocrx_word' id='word_1_781' title='bbox 2565 4754 2833 4832; x_wconf 81' lang='grc' dir='ltr'>βασιλεὺς,</span> <span class='ocrx_word' id='word_1_782' title='bbox 2891 4752 2975 4809; x_wconf 83' lang='grc' dir='ltr'><strong>διὰ</strong></span> <span class='ocrx_word' id='word_1_783' title='bbox 3021 4754 3141 4818; x_wconf 85' lang='grc' dir='ltr'>τοὺς</span> <span class='ocrx_word' id='word_1_784' title='bbox 3173 4750 3357 4831; x_wconf 78' lang='grc' dir='ltr'>ὅρκους</span> <span class='ocrx_word' id='word_1_785' title='bbox 3387 4754 3475 4808; x_wconf 84' lang='grc' dir='ltr'><strong>καὶ</strong></span> <span class='ocrx_word' id='word_1_786' title='bbox 3518 4752 3641 4814; x_wconf 84' lang='grc' dir='ltr'>τοὺς</span> <span class='ocrx_word' id='word_1_787' title='bbox 3689 4772 3855 4806; x_wconf 90' lang='grc' dir='ltr'>συνα-</span> 
     </span>
    </p>
   </div>
   <div class='ocr_carea' id='block_1_104' title="bbox 2209 4841 3855 4923">
    <p class='ocr_par' dir='ltr' id='par_1_104' title="bbox 2209 4841 3855 4923">
     <span class='ocr_line' id='line_1_107' title="bbox 2209 4841 3855 4923; baseline -0.005 -20"><span class='ocrx_word' id='word_1_788' title='bbox 2209 4845 2570 4923; x_wconf 75' lang='grc' dir='ltr'>νακειμένους,</span> <span class='ocrx_word' id='word_1_789' title='bbox 2622 4846 2716 4901; x_wconf 69' lang='grc' dir='ltr'><strong>οὐκ</strong></span> <span class='ocrx_word' id='word_1_790' title='bbox 2765 4842 3016 4910; x_wconf 65' lang='grc' dir='ltr'>ὶθέλησεν</span> <span class='ocrx_word' id='word_1_791' title='bbox 3072 4843 3234 4910; x_wconf 73' lang='grc' dir='ltr'>αὑτὴν</span> <span class='ocrx_word' id='word_1_792' title='bbox 3276 4842 3550 4909; x_wconf 77' lang='grc' dir='ltr'>ἀθετῆσαι.</span> <span class='ocrx_word' id='word_1_793' title='bbox 3606 4842 3703 4898; x_wconf 82' lang='grc' dir='ltr'><strong>Καὶ</strong></span> <span class='ocrx_word' id='word_1_794' title='bbox 3763 4841 3855 4895; x_wconf 73' lang='grc' dir='ltr'><strong>εὑ-</strong></span> 
     </span>
    </p>
   </div>
   <div class='ocr_carea' id='block_1_105' title="bbox 2207 4927 3856 5011">
    <p class='ocr_par' dir='ltr' id='par_1_105' title="bbox 2207 4927 3856 5011">
     <span class='ocr_line' id='line_1_108' title="bbox 2207 4927 3856 5011; baseline -0.006 -17"><span class='ocrx_word' id='word_1_795' title='bbox 2207 4938 2338 5001; x_wconf 74' lang='grc' dir='ltr'>θὲως</span> <span class='ocrx_word' id='word_1_796' title='bbox 2370 4934 2686 4998; x_wconf 84' lang='grc' dir='ltr'>ἀποστείλας</span> <span class='ocrx_word' id='word_1_797' title='bbox 2744 4937 2773 4991; x_wconf 92' lang='lat'><strong>6</strong></span> <span class='ocrx_word' id='word_1_798' title='bbox 2828 4931 3074 5011; x_wconf 79' lang='grc' dir='ltr'>βασιλεὺς</span> <span class='ocrx_word' id='word_1_799' title='bbox 3123 4929 3557 5008; x_wconf 82' lang='grc' dir='ltr'>σπεκουλάτωρα,</span> <span class='ocrx_word' id='word_1_800' title='bbox 3610 4927 3856 4993; x_wconf 70' lang='grc' dir='ltr'>ἰπὲταξεν</span> 
     </span>
    </p>
   </div>
   <div class='ocr_carea' id='block_1_106' title="bbox 2209 5011 3856 5105">
    <p class='ocr_par' dir='ltr' id='par_1_106' title="bbox 2209 5011 3856 5105">
     <span class='ocr_line' id='line_1_109' title="bbox 2209 5011 3856 5105; baseline -0.005 -23"><span class='ocrx_word' id='word_1_801' title='bbox 2209 5026 2499 5105; x_wconf 79' lang='grc' dir='ltr'>ὰνεχθῆναι</span> <span class='ocrx_word' id='word_1_802' title='bbox 2556 5025 2654 5082; x_wconf 54' lang='grc' dir='ltr'>τὶν</span> <span class='ocrx_word' id='word_1_803' title='bbox 2707 5021 2947 5103; x_wconf 74' lang='grc' dir='ltr'>κεφαλὴν</span> <span class='ocrx_word' id='word_1_804' title='bbox 2989 5023 3167 5081; x_wconf 75' lang='grc' dir='ltr'>αὑτοῦ.</span> <span class='ocrx_word' id='word_1_805' title='bbox 3217 5011 3273 5078; x_wconf 66' lang='grc' dir='ltr'>Ὀ</span> <span class='ocrx_word' id='word_1_806' title='bbox 3320 5018 3394 5094; x_wconf 70' lang='grc' dir='ltr'>δὲ,</span> <span class='ocrx_word' id='word_1_807' title='bbox 3445 5018 3688 5076; x_wconf 80' lang='grc' dir='ltr'>ἀπελθὼν</span> <span class='ocrx_word' id='word_1_808' title='bbox 3743 5019 3856 5075; x_wconf 82' lang='grc' dir='ltr'><strong>ἀπ-</strong></span> 
     </span>
    </p>
   </div>
   <div class='ocr_carea' id='block_1_107' title="bbox 486 5107 2117 5214">
    <p class='ocr_par' dir='ltr' id='par_1_107' title="bbox 486 5107 2117 5214">
     <span class='ocr_line' id='line_1_110' title="bbox 486 5107 2117 5214; baseline -0.004 -16"><span class='ocrx_word' id='word_1_809' title='bbox 486 5135 737 5198; x_wconf 80' lang='lat' dir='ltr'><strong>cadaver</strong></span> <span class='ocrx_word' id='word_1_810' title='bbox 761 5134 914 5213; x_wconf 84' lang='lat' dir='ltr'><strong>ejus,</strong></span> <span class='ocrx_word' id='word_1_811' title='bbox 942 5107 1382 5214; x_wconf 55' lang='lat' dir='ltr'><strong>posberun&#39;tque</strong></span> <span class='ocrx_word' id='word_1_812' title='bbox 1402 5132 1549 5194; x_wconf 91' lang='lat' dir='ltr'><strong>illud</strong></span> <span class='ocrx_word' id='word_1_813' title='bbox 1579 5133 1641 5194; x_wconf 93' lang='lat' dir='ltr'><strong>in</strong></span> <span class='ocrx_word' id='word_1_814' title='bbox 1673 5140 2117 5193; x_wconf 71' lang='lat' dir='ltr'><strong>monumento.»</strong></span> 
     </span>
    </p>
   </div>
   <div class='ocr_carea' id='block_1_108' title="bbox 2202 5107 3857 5214">
    <p class='ocr_par' dir='ltr' id='par_1_108' title="bbox 2212 5107 3857 5196">
     <span class='ocr_line' id='line_1_111' title="bbox 2212 5107 3857 5196; baseline -0.005 -23"><span class='ocrx_word' id='word_1_815' title='bbox 2212 5114 2518 5196; x_wconf 72' lang='grc' dir='ltr'>εκεφάλισεν</span> <span class='ocrx_word' id='word_1_816' title='bbox 2563 5114 2718 5171; x_wconf 75' lang='grc' dir='ltr'>αὐτὸν</span> <span class='ocrx_word' id='word_1_817' title='bbox 2773 5112 2829 5168; x_wconf 69' lang='grc' dir='ltr'>ἐν</span> <span class='ocrx_word' id='word_1_818' title='bbox 2884 5116 2952 5179; x_wconf 79' lang='grc' dir='ltr'>τῆ</span> <span class='ocrx_word' id='word_1_819' title='bbox 3009 5109 3237 5190; x_wconf 74' lang='grc' dir='ltr'>φυλακῇ,</span> <span class='ocrx_word' id='word_1_820' title='bbox 3298 5111 3387 5167; x_wconf 85' lang='grc' dir='ltr'><strong>καὶ</strong></span> <span class='ocrx_word' id='word_1_821' title='bbox 3413 5107 3605 5187; x_wconf 73' lang='grc' dir='ltr'>ἤνεγκε</span> <span class='ocrx_word' id='word_1_822' title='bbox 3632 5109 3731 5176; x_wconf 82' lang='grc' dir='ltr'><strong>τὴν</strong></span> <span class='ocrx_word' id='word_1_823' title='bbox 3759 5129 3857 5165; x_wconf 80' lang='grc' dir='ltr'>κε-</span> 
     </span>
    </p>
   </div>
   <div class='ocr_carea' id='block_1_109' title="bbox 487 5197 2117 5304">
    <p class='ocr_par' dir='ltr' id='par_1_109' title="bbox 487 5197 2117 5304">
     <span class='ocr_line' id='line_1_112' title="bbox 487 5197 2117 5304; baseline -0.006 -15"><span class='ocrx_word' id='word_1_824' title='bbox 487 5197 832 5289; x_wconf 68' lang='lat' dir='ltr'><strong>Comivium</strong></span> <span class='ocrx_word' id='word_1_825' title='bbox 858 5197 1213 5287; x_wconf 66' lang='lat' dir='ltr'><strong>ceiebratur.</strong></span> <span class='ocrx_word' id='word_1_826' title='bbox 1236 5197 1418 5285; x_wconf 73' lang='lat' dir='ltr'><strong>saltat</strong></span> <span class='ocrx_word' id='word_1_827' title='bbox 1430 5239 1538 5304; x_wconf 90' lang='lat' dir='ltr'><strong>per</strong></span> <span class='ocrx_word' id='word_1_828' title='bbox 1559 5221 1817 5303; x_wconf 87' lang='lat' dir='ltr'><strong>puellam</strong></span> <span class='ocrx_word' id='word_1_829' title='bbox 1835 5218 2117 5293; x_wconf 74' lang='lat' dir='ltr'><strong>diabolus,</strong></span> 
     </span>
    </p>
   </div>
   <div class='ocr_carea' id='block_1_110' title="bbox 2202 5197 3860 5304">
    <p class='ocr_par' dir='ltr' id='par_1_110' title="bbox 2214 5197 3860 5287">
     <span class='ocr_line' id='line_1_113' title="bbox 2214 5197 3860 5287; baseline -0.006 -26"><span class='ocrx_word' id='word_1_830' title='bbox 2214 5203 2385 5287; x_wconf 62' lang='grc' dir='ltr'>φαλὴν</span> <span class='ocrx_word' id='word_1_831' title='bbox 2427 5206 2584 5261; x_wconf 80' lang='grc' dir='ltr'>αὑτοῦ</span> <span class='ocrx_word' id='word_1_832' title='bbox 2626 5202 2712 5259; x_wconf 73' lang='grc' dir='ltr'><strong>ἐπὶ</strong></span> <span class='ocrx_word' id='word_1_833' title='bbox 2765 5202 2947 5258; x_wconf 67' lang='grc' dir='ltr'>πίνακι</span> <span class='ocrx_word' id='word_1_834' title='bbox 3002 5200 3091 5256; x_wconf 84' lang='grc' dir='ltr'>καὶ</span> <span class='ocrx_word' id='word_1_835' title='bbox 3147 5197 3341 5256; x_wconf 64' lang='grc' dir='ltr'>ἔδωκεν</span> <span class='ocrx_word' id='word_1_836' title='bbox 3383 5198 3548 5265; x_wconf 74' lang='grc' dir='ltr'>αὐτὴν</span> <span class='ocrx_word' id='word_1_837' title='bbox 3576 5203 3654 5271; x_wconf 84' lang='grc' dir='ltr'>τῷ</span> <span class='ocrx_word' id='word_1_838' title='bbox 3696 5216 3860 5276; x_wconf 81' lang='grc' dir='ltr'>κορα-</span> 
     </span>
    </p>
   </div>
   <div class='ocr_carea' id='block_1_111' title="bbox 485 5288 2117 5393">
    <p class='ocr_par' dir='ltr' id='par_1_111' title="bbox 485 5288 2117 5393">
     <span class='ocr_line' id='line_1_114' title="bbox 485 5288 2117 5393; baseline -0.005 -18"><span class='ocrx_word' id='word_1_839' title='bbox 485 5288 555 5375; x_wconf 82' lang='lat' dir='ltr'><strong>ﬁt</strong></span> <span class='ocrx_word' id='word_1_840' title='bbox 574 5310 991 5392; x_wconf 81' lang='lat' dir='ltr'><strong>jusjurandum</strong></span> <span class='ocrx_word' id='word_1_841' title='bbox 1010 5311 1264 5393; x_wconf 90' lang='lat' dir='ltr'><strong>impium</strong></span> <span class='ocrx_word' id='word_1_842' title='bbox 1288 5320 1345 5375; x_wconf 91' lang='lat' dir='ltr'><strong>et</strong></span> <span class='ocrx_word' id='word_1_843' title='bbox 1370 5288 1687 5387; x_wconf 66' lang='lat' dir='ltr'><strong>nefariitm,</strong></span> <span class='ocrx_word' id='word_1_844' title='bbox 1712 5311 1833 5372; x_wconf 88' lang='lat' dir='ltr'><strong>imo</strong></span> <span class='ocrx_word' id='word_1_845' title='bbox 1858 5288 2117 5372; x_wconf 34' lang='lat' dir='ltr'><strong>stultum:</strong></span> 
     </span>
    </p>
   </div>
   <div class='ocr_carea' id='block_1_112' title="bbox 2202 5288 3854 5393">
    <p class='ocr_par' dir='ltr' id='par_1_112' title="bbox 2213 5288 3854 5373">
     <span class='ocr_line' id='line_1_115' title="bbox 2213 5288 3854 5373; baseline -0.004 -22"><span class='ocrx_word' id='word_1_846' title='bbox 2213 5301 2331 5371; x_wconf 83' lang='grc' dir='ltr'>σίῳ,</span> <span class='ocrx_word' id='word_1_847' title='bbox 2365 5298 2452 5351; x_wconf 84' lang='grc' dir='ltr'><strong>καὶ</strong></span> <span class='ocrx_word' id='word_1_848' title='bbox 2508 5296 2570 5350; x_wconf 80' lang='grc' dir='ltr'>τὸ</span> <span class='ocrx_word' id='word_1_849' title='bbox 2618 5293 2864 5373; x_wconf 81' lang='grc' dir='ltr'>κοράσιον</span> <span class='ocrx_word' id='word_1_850' title='bbox 2897 5288 3090 5347; x_wconf 68' lang='grc' dir='ltr'>ἔδωκεν</span> <span class='ocrx_word' id='word_1_851' title='bbox 3138 5290 3300 5357; x_wconf 74' lang='grc' dir='ltr'>αὐτὴν</span> <span class='ocrx_word' id='word_1_852' title='bbox 3350 5294 3419 5366; x_wconf 77' lang='grc' dir='ltr'><strong>τῇ</strong></span> <span class='ocrx_word' id='word_1_853' title='bbox 3446 5290 3608 5368; x_wconf 78' lang='grc' dir='ltr'>μητρὶ</span> <span class='ocrx_word' id='word_1_854' title='bbox 3662 5289 3854 5353; x_wconf 71' lang='grc' dir='ltr'>αὐτῆς.</span> 
     </span>
    </p>
   </div>
   <div class='ocr_carea' id='block_1_113' title="bbox 485 5378 2117 5484">
    <p class='ocr_par' dir='ltr' id='par_1_113' title="bbox 485 5378 2117 5484">
     <span class='ocr_line' id='line_1_116' title="bbox 485 5378 2117 5484; baseline -0.007 -17"><span class='ocrx_word' id='word_1_855' title='bbox 485 5378 755 5484; x_wconf 68' lang='lat' dir='ltr'><strong>Nequam</strong></span> <span class='ocrx_word' id='word_1_856' title='bbox 787 5406 983 5463; x_wconf 78' lang='lat' dir='ltr'><strong>autem</strong></span> <span class='ocrx_word' id='word_1_857' title='bbox 1000 5378 1224 5465; x_wconf 66' lang='lat' dir='ltr'><strong>mulier</strong></span> <span class='ocrx_word' id='word_1_858' title='bbox 1248 5402 1411 5467; x_wconf 89' lang='lat' dir='ltr'><strong>dicit.</strong></span> <span class='ocrx_word' id='word_1_859' title='bbox 1443 5403 1531 5466; x_wconf 88' lang='lat' dir='ltr'><strong>Da</strong></span> <span class='ocrx_word' id='word_1_860' title='bbox 1553 5378 1701 5463; x_wconf 82' lang='lat' dir='ltr'><strong>mihi</strong></span> <span class='ocrx_word' id='word_1_861' title='bbox 1723 5396 2117 5481; x_wconf 80' lang='lat' dir='ltr'><strong>protinus,b0t</strong></span> 
     </span>
    </p>
   </div>
   <div class='ocr_carea' id='block_1_114' title="bbox 2202 5378 3855 5484">
    <p class='ocr_par' dir='ltr' id='par_1_114' title="bbox 2218 5378 3855 5460">
     <span class='ocr_line' id='line_1_117' title="bbox 2218 5378 3855 5460; baseline -0.007 -16"><span class='ocrx_word' id='word_1_862' title='bbox 2218 5389 2313 5444; x_wconf 79' lang='grc' dir='ltr'>Καὶ</span> <span class='ocrx_word' id='word_1_863' title='bbox 2369 5385 2686 5447; x_wconf 84' lang='grc' dir='ltr'>ἀκούσαντες</span> <span class='ocrx_word' id='word_1_864' title='bbox 2745 5384 2792 5439; x_wconf 69' lang='grc' dir='ltr'>οἱ</span> <span class='ocrx_word' id='word_1_865' title='bbox 2845 5382 3076 5458; x_wconf 85' lang='grc' dir='ltr'>μαθηταί</span> <span class='ocrx_word' id='word_1_866' title='bbox 3123 5381 3304 5460; x_wconf 66' lang='grc' dir='ltr'>αὑτοῦ,</span> <span class='ocrx_word' id='word_1_867' title='bbox 3369 5378 3526 5446; x_wconf 77' lang='grc' dir='ltr'>ἦλθον</span> <span class='ocrx_word' id='word_1_868' title='bbox 3584 5378 3674 5433; x_wconf 82' lang='grc' dir='ltr'><strong>καὶ</strong></span> <span class='ocrx_word' id='word_1_869' title='bbox 3724 5378 3855 5457; x_wconf 76' lang='grc' dir='ltr'>ἦραν</span> 
     </span>
    </p>
   </div>
   <div class='ocr_carea' id='block_1_115' title="bbox 560 5564 1077 5641">
    <p class='ocr_par' dir='ltr' id='par_1_115' title="bbox 560 5564 1077 5641">
     <span class='ocr_line' id='line_1_118' title="bbox 560 5564 1077 5641; baseline 0 -15"><span class='ocrx_word' id='word_1_870' title='bbox 560 5567 617 5615; x_wconf 56' lang='grc' dir='ltr'>ἐί</span> <span class='ocrx_word' id='word_1_871' title='bbox 656 5564 824 5628; x_wconf 87' lang='lat' dir='ltr'><strong>Dcut.</strong></span> <span class='ocrx_word' id='word_1_872' title='bbox 855 5585 987 5641; x_wconf 82' lang='lat' dir='ltr'><strong>xxv,</strong></span> <span class='ocrx_word' id='word_1_873' title='bbox 1021 5570 1077 5630; x_wconf 84' lang='lat'><strong>5.</strong></span> 
     </span>
    </p>
   </div>
  </div>
