4144 6212
484 305 603 369 555
1459 302 2057 367 THEOPHYLACTI
2099 299 2507 366 BULGARIJ
2550 294 2908 367 ARCHIEP.
3762 296 3881 360 556

566 441 975 505 Vens.34-40.
1008 466 1035 497 α
1060 442 1135 504 Et
1165 458 1442 519 egressus
1463 437 1606 500 vidit
1632 435 1858 499 turbam
1890 434 2130 497 multam

2304 458 2329 488 ε
2370 436 2467 493 Καὶ
2514 433 2732 501 ἐξελθὼν
2790 437 2819 492 δ
2873 431 3106 509 Ἰησοῦς,
3152 431 3265 489 εἶδε
3323 427 3488 489 πολὺν
3541 428 3733 519 ὄχλον,
3779 457 3879 519 ως.

485 535 678 612 Jcsus,
714 539 772 593 et
800 531 1015 593 aﬂ'ectu
1046 517 1478 592 misericordiae
1508 536 1693 589 tactus
1724 536 1811 588 est
1839 543 1977 605 erga
2006 542 2129 595 eos,

2231 523 2617 612 tardandum}
2669 522 2755 581 ἐπ’
2807 525 3011 603 αὑτοῖς,
3057 520 3147 612 ὅτιΔ
3179 520 3315 590 ἦσαν
3369 523 3442 585 ὡς
3489 518 3726 600 πρόϐατα
3751 604 3763 612 Δ
3785 517 3883 591 μήὶ

488 621 628 702 quia
664 604 837 682 erant
879 620 1034 682 velut
1082 638 1220 682 oves
1250 637 1371 680 non
1403 616 1690 679 habentes
1713 604 2025 696 pastorem.
2058 613 2137 675 Et

2231 609 2413 695 ἔχοντα
2469 614 2720 692 ποιμένα.
2783 616 2881 673 Καὶ
2908 613 3102 694 ἤρξατο
3124 607 3394 672 διδάσκειν
3439 614 3625 676 αὐτοὺς
3673 604 3852 668 πολλὰ

489 710 814 792 οωρὶῐίιιοε
837 709 1057 771 docere
1086 709 1303 770 multa:
1336 716 1395 769 et
1418 725 1550 768 eum
1574 706 1699 785 jam
1724 704 1973 766 multum
1994 711 2138 764 tem-

2231 706 2310 760 καὶ
2338 702 2442 771 ἤδη
2491 704 2630 782 ὥρας
2687 703 2896 772 πολλῆς
2954 704 3270 783 γενομένης,
3322 702 3701 781 προσελθόντες
3733 702 3876 775 αὗτῷ

490 801 649 882 poris
672 795 1520 880 praeterisset,accesseruntad
1540 813 1674 857 eum
1690 792 1967 874 discipuli
1986 792 2138 871 ejus,

491 889 760 951 dicentes
792 905 805 950 :
834 887 1115 949 Desertus
1150 897 1238 948 est
1267 887 1523 961 locus,et
1544 884 1670 964 jam
1703 883 1953 944 multum
1987 890 2141 942 tem-

493 978 656 1060 poris
705 986 830 1038 est:
859 976 1089 1037 dimitte
1127 975 1287 1052 illos,
1330 983 1394 1036 ut
1438 973 1698 1035 habeant
1727 972 1789 1033 in
1830 969 2144 1048 circumja-

2226 795 2273 850 οἱ
2316 794 2549 868 μαθηταὶ
2591 795 2768 865 αὑτοῦ,
2801 791 3043 871 λέγουσιν
3074 794 3238 868 αὑτῷ,
3292 793 3397 869 ὅτι,
3432 791 3692 872 ’Ἔρημός
3732 792 3876 846 ἔστιν

2226 884 2254 939 δ
2311 883 2498 962 τόπος,
2531 884 2618 939 καὶ
2648 881 2749 951 ἤδη
2782 883 2893 962 ὥρα
2936 881 3141 953 πολλή.
3190 882 3486 940 Ἀπόλυσον
3541 881 3749 952 αὐτοὺς,
3783 878 3873 936 ἷια

2227 970 2542 1035 ἀπελθόντες
2599 973 2670 1036 εἷς
2716 973 2835 1035 τοὺς
2893 970 3075 1047 κύκλῳ
3127 971 3317 1050 ἀγροὺς
3367 972 3455 1027 καὶ
3489 969 3700 1045 κώμας,
3774 969 3875 1047 ἀγο

494 1075 698 1129 centes
725 1066 892 1128 villas
914 1084 983 1126 ac
1028 1064 1205 1139 vicos,
1238 1073 1556 1143 emantque
1582 1062 1698 1123 sibi
1749 1078 1932 1142 panes
1960 1077 1974 1122 :
2009 1075 2144 1119 nam

2231 1060 2458 1143 péowa‘w
2508 1061 2719 1124 ὗαυτοῖς
2762 1059 2975 1140 ἄρτους.
3034 1063 3093 1118 Τί
3150 1061 3249 1138 γὰρ
3303 1060 3542 1141 φάγωσιν
3597 1060 3691 1115 οὑκ
3715 1061 3876 1139 ἔχου-

493 1155 651 1236 quod
686 1155 861 1217 edant
894 1174 1010 1216 non
1033 1153 1283 1216 habent.
1319 1156 1391 1213 At
1420 1140 1521 1214 ille
1566 1140 1939 1230 respondens
1968 1147 2051 1210 ait

2231 1172 2334 1210 σιν.
2399 1140 2457 1207 Ὀ
2529 1147 2583 1205 δὲ
2642 1151 2941 1229 ἀποκριθεὶς
3001 1151 3156 1206 εἶπεν
3215 1148 3396 1214 αὺτοῖς
3425 1163 3439 1178 ⁸
3508 1148 3637 1204 Δότε
3696 1147 3877 1212 αὖτοϊς

494 1234 781 1307 liszDate
827 1242 946 1304 illis
997 1260 1102 1303 vos
1154 1242 1311 1322 quod
1365 1240 1564 1302 edant.
1615 1240 1690 1302 Et
1744 1237 2019 1299 dixerunt
2047 1234 2142 1299 ei:

2231 1240 2382 1313 ὑμεῖς
2463 1253 2680 1319 φαγεῖν.
2757 1240 2855 1297 Καὶ
2942 1238 3184 1317 λέγουσιν
3257 1242 3399 1312 αύτῷ
3441 1255 3459 1272 ⁶
3536 1235 3878 1300 Ἀπελθόντες

495 1333 721 1395 Euntes
753 1350 1019 1394 emamus
1051 1332 1329 1393 ducentis
1357 1328 1621 1391 denariis
1652 1325 2144 1407 panes.etdemus

2231 1327 2579 1406 ἀγοράσωμεν
2635 1326 2915 1386 διακοσίων
2971 1326 3232 1405 δηναρίων
3302 1326 3511 1406 ἄρτους,
3569 1328 3657 1383 καὶ
3705 1323 3879 1401 δῶμεν

494 1423 615 1485 illis
648 1422 804 1503 quod
828 1422 1035 1483 edant?
1066 1423 1141 1483 At
1171 1421 1272 1481 ille
1296 1420 1440 1482 dicit
1469 1419 1591 1481 eis:
1624 1417 1777 1489 Quot
1826 1435 2010 1498 panes
2040 1415 2144 1476 ha-

2233 1418 2411 1481 αὒτοῖς
2464 1430 2655 1495 φαγεῖν
2692 1437 2710 1493 ;
2770 1407 2827 1474 Ὀ
2870 1413 2925 1472 δὲ
2969 1416 3113 1495 λέγει
3172 1417 3358 1481 ατότοῖς
3394 1436 3405 1448 ·
3465 1416 3661 1481 Πόσους
3690 1414 3876 1485 ἄρτους

495 1498 682 1574 ὺοῐὶεῗ
701 1514 783 1574 Ite
818 1523 877 1574 et
908 1512 1123 1573 videte.
1156 1511 1228 1572 Et
1255 1529 1389 1571 cum
1422 1507 1855 1587 cognovissent,
1885 1505 2092 1567 dicunt
2123 1520 2137 1565 :

2231 1505 2377 1585 ἔχετε
2415 1525 2432 1587 ς
2491 1498 2750 1585 Ὑπάγετε
2808 1508 2897 1562 καὶ
2946 1504 3112 1565 ἴδετε.
3162 1508 3260 1564 Καὶ
3316 1506 3555 1584 γνόντες,
3612 1503 3825 1584 λέγουσι
3856 1521 3868 1534 ·

497 1601 769 1681 Quinque
788 1611 846 1663 et
874 1602 1025 1662 duos
1049 1601 1353 1681 pisces.Et
1385 1596 1665 1679 praecepit
1689 1596 1806 1658 illis
1829 1605 2141 1657 utaccum-

2231 1596 2410 1674 Πέντε,
2468 1596 2555 1652 καὶ
2598 1593 2685 1652 δύο
2714 1595 2921 1674 ἰχθύας.
2971 1598 3067 1653 Καὶ
3126 1593 3371 1660 ἐπέταξεν
3422 1593 3607 1659 αὐτοῖς
3638 1591 3871 1650 ἀνακλῖ-

496 1691 640 1753 bere
668 1691 933 1752 facerent
954 1709 1183 1766 omnes,
1210 1689 1542 1750 distributis
1576 1686 1861 1749 conviviis
1882 1685 1945 1745 in
1965 1683 2140 1747 viridi

2231 1708 2306 1741 ναι
2342 1686 2564 1759 πάντας,
2600 1685 2869 1758 συμπόσια
2898 1684 3189 1764 συμπόσια,
3219 1683 3305 1740 ἐπὶ
3333 1687 3411 1754 τῷ
3438 1682 3641 1764 χλωρῷ
3664 1683 3870 1762 χόρτῳ.

494 1781 782 1861 gramine.
808 1779 1333 1841 Etdiscubuerunt
1376 1776 1609 1839 divisim
1640 1776 1701 1837 in
1729 1775 1961 1838 areolas
2005 1774 2144 1835 205

2231 1776 2326 1833 Καὶ
2371 1774 2625 1831 ἀνέπεσον
2684 1774 2899 1853 πρασιαὶ
2956 1775 3193 1853 πρασιαὶ,
3244 1773 3343 1828 ἀνὰ
3390 1773 3579 1829 ἑκατὸν
3632 1774 3721 1829 καὶ
3775 1772 3874 1827 ἆνά

492 1859 730 1933 centeni
778 1877 837 1930 et
895 1868 1315 1949 quinquageni.
1352 1892 1379 1923 ε
1419 1865 1703 1928 Pharisaei
1761 1884 1892 1926 cum
1945 1875 2144 1928 essent

2231 1866 2578 1933 πεντήκοντα,
2619 1885 2643 1917 ε
2697 1865 2757 1920 Οἱ
2789 1870 3097 1943 Φαρισαῖοι,
3131 1862 3281 1919 λύκοι
3310 1859 3457 1927 ὄντος
3488 1862 3748 1941 ἅρπαγες,
3781 1862 3877 1918 οὑκ

496 1960 619 2040 lupi
654 1976 921 2039 rapaces,
959 1977 1075 2019 non
1109 1957 1437 2037 pascebant
1490 1951 1796 2036 pOpulum,
1829 1953 1934 2015 sed
1971 1953 2144 2016 devo-

2231 1953 2536 2028 ἒποίμαινον
2595 1954 2686 2008 τὸν
2716 1950 2867 2027 λαὸν,
2901 1951 3038 2008 ἀλλά
3065 1952 3376 2021 κατήσθιον.
3425 1953 3521 2008 Διά
3564 1961 3716 2011 τοῦτο
3745 1953 3881 2029 πρὸς

498 2048 747 2110 rabant:
787 2055 1102 2127 prOpterea
1131 2047 1356 2107 relictis
1390 2046 1529 2119 illis,
1588 2044 1661 2105 ad
1718 2042 2018 2105 Christum
2049 2060 2146 2103 ve-

496 2156 627 2199 rum
664 2144 961 2216 pastorem
998 2134 1183 2197 turbae
1211 2143 1673 2216 congregantur,
1730 2132 1888 2194 unde
1919 2142 1978 2195 et
2016 2132 2142 2214 ipse

499 2225 839 2287 alimoniam
873 2223 961 2286 eis
990 2224 1349 2305 suppeditat,
1384 2232 1442 2286 et
1476 2223 1729 2304 primum
1762 2223 2063 2291 utiliorem
2087 2230 2146 2283 et

500 2314 926 2385 honestiorem,
954 2331 1168 2391 nempe
1196 2312 1438 2374 verbum
1465 2330 1663 2385 suum,
1698 2311 1916 2374 deinde
1947 2321 2145 2373 etcor—

501 2399 956 2483 poralem.Vide
984 2408 1179 2462 autem
1206 2400 1532 2480 discipulos
1560 2399 1855 2480 quomodo
1881 2400 1940 2461 in
1965 2399 2143 2461 mise-

498 2490 757 2553 ricordia
787 2489 1117 2570 proﬁciant.
1154 2489 1564 2553 Misericordia
1618 2490 1776 2550 enim
1821 2489 1964 2550 moti
2004 2507 2144 2568 erga

501 2580 724 2655 turbas,
757 2578 1051 2640 accedunt
1097 2578 1169 2639 ad
1202 2578 1519 2658 Christum,
1557 2587 1614 2639 et
1655 2596 1760 2658 pro
1810 2577 1926 2639 illis
1949 2585 2138 2640 orant.

502 2669 791 2731 Dominus
836 2677 1030 2730 autem
1084 2675 1317 2729 tentans
1376 2677 1433 2729 et
1492 2667 1748 2749 probans
1798 2687 1940 2728 num
1973 2685 2142 2729 suam

501 2764 895 2837 agnoscerent
914 2758 1183 2819 virtutem
1216 2756 1370 2837 quod
1412 2756 1596 2837 possit
1626 2756 1755 2819 illas
1804 2758 1985 2838 alere,
2017 2757 2140 2819 ait:

506 2850 651 2911 Date
700 2847 817 2909 illis
853 2865 957 2907 vos
1000 2854 1063 2908 ut
1110 2846 1307 2908 edant.
1361 2846 1453 2909 Illi
1502 2856 1697 2908 autem
1733 2853 1791 2908 et
1832 2855 2152 2926 arguerunt

504 2956 664 3009 eum,
698 2944 760 2998 ut
792 2936 1160 3014 ignorantem
1195 2944 1413 3016 quanta
1438 2934 1710 2998 laborent
1738 2954 1937 2998 rerum
1971 2954 2152 3016 penu-

504 3029 615 3099 ria,
674 3035 733 3088 et
778 3033 996 3105 quanta
1034 3024 1436 3106 populiesset
1476 3024 1814 3086 multitudo.
1868 3024 2151 3089 Nonnulli

2228 2045 2319 2100 τὸν
2376 2044 2623 2122 Χριστὸν,
2682 2043 2772 2097 τὸν
2815 2040 3065 2109 ἀληθινὸν
3092 2042 3342 2118 ποιμένα,
3371 2041 3704 2120 συνάγονται,
3734 2040 3877 2096 εκεί-

2229 2154 2346 2196 νους
2394 2131 2806 2211 ἀποφεύγοντες,
2871 2129 2986 2186 ὅθεν
3045 2132 3194 2195 οὗτος
3224 2130 3423 2210 τροφὴν
3455 2129 3642 2193 αὐτοῖς
3672 2126 3872 2206 δίδωσι,

2226 2220 2645 2300 προηγουμένως
2705 2219 2800 2287 τὴν
2876 2218 3307 2299 ἔπωγελεστέραν
3387 2220 3475 2275 καὶ
3532 2216 3871 2300 τιμιωτέραν,

2224 2298 2320 2377 τὴν
2392 2308 2477 2368 διὰ
2531 2306 2719 2387 λόγου,
2773 2308 2897 2365 εἶτα
2946 2298 3034 2365 καὶ
3084 2309 3182 2377 τὴν
3220 2298 3570 2384 σωματικήν,
3635 2298 3786 2385 ’Ὅρα
3817 2304 3869 2361 δὲ

2224 2400 2344 2461 τοὺς
2390 2399 2659 2474 μαθητὰς,
2708 2402 2823 2461 πῶς
2897 2399 3286 2477 προκὸπτουσιν
3342 2396 3428 2453 ἐπὶ
3470 2399 3529 2453 τὸ
3571 2394 3869 2477 φιλανθρωο

2226 2494 2468 2568 πότερον,
2551 2485 2901 2559 Ἐλεήσαντες
2976 2488 3076 2567 γὰρ
3157 2488 3277 2550 τοὺς
3347 2485 3567 2566 ὄχλους,
3650 2485 3871 2568 προσέρ⁸

2224 2566 2416 2656 χοντνιι
2467 2583 2544 2652 τῷ
2601 2584 2831 2656 Χριστῷ,
2877 2578 2965 2633 καὶ
3007 2566 3124 2657 περὶ
3184 2581 3355 2637 αὐτῶν
3396 2575 3645 2642 ἀξιοῦσιν.
3704 2566 3762 2634 ι0
3814 2573 3867 2630 Si

2230 2666 2416 2745 Κύριος
2479 2666 2739 2744 πειράζων
2794 2667 3005 2741 αὐτοὺς,
3061 2666 3149 2723 καὶ
3195 2663 3492 2741 δοκιμάζων
3522 2666 3566 2721 εἰ
3594 2666 3689 2733 τὴν
3721 2666 3878 2720 αὒτοῦ

2232 2754 2538 2833 ἐπέγνωσαν
2606 2754 2858 2836 δύναμιν,
2915 2756 2996 2812 δτι
3067 2755 3279 2813 δύναται
3351 2755 3536 2818 αὐτοὺς
3582 2752 3876 2834 διαθρέψαι,

2234 2842 2378 2921 λέγει
2416 2864 2430 2879 ο
2492 2844 2622 2901 Δότε
2679 2848 2861 2909 αὐτοῖς
2910 2847 3066 2921 ὑμεῖς
3124 2856 3318 2926 φαγεῖν
3352 2860 3365 2875 ⁸
3429 2846 3477 2901 οἱ
3507 2841 3561 2900 δὲ
3592 2845 3681 2900 καὶ
3709 2863 3877 2900 κατα-

2237 2932 2535 3012 μέμφονται
2593 2935 2774 3013 αὐτὸν,
2842 2936 2914 2999 ὡς
2973 2934 3050 3010 μή
3104 2934 3293 3014 γνόντα
3348 2933 3493 3001 πόση
3544 2933 3641 3009 μὲν
3700 2936 3884 2995 αὐτοῖς

2236 3023 2270 3090 ἡ
2316 3021 2507 3097 ἔνδεια,
2543 3022 2710 3079 πόσον
2740 3020 2792 3077 δὲ
2820 3023 2909 3079 καὶ
2936 3024 2997 3079 τὸ
3021 3024 3083 3079 τὸ
3130 3030 3219 3080 τοῦ
3247 3022 3416 3104 ὄχλου
3443 3019 3675 3090 πλῆθος.
3712 3029 3886 3101 Βαρυ-

506 3114 665 3177 enim
714 3113 934 3194 gravati
985 3114 1185 3175 animo
1217 3112 1495 3175 dicebant
1524 3131 1537 3175 :
1572 3113 1850 3177 Emamus
1877 3115 2144 3177 ducentis

2238 3110 2447 3186 νόμενοι
2654 3110 2999 3204 λέγουσιλτὸ.
3044 3112 3399 3192 Δγοράσωμεν
3461 3112 3721 3190 δηναρίων
3763 3109 3880 3204 δια-

504 3202 764 3265 denariis
794 3220 996 3282 panes,
1031 3210 1090 3264 et
1119 3201 1329 3263 demus
1361 3202 1478 3264 illis
1510 3210 1572 3263 ut
1619 3202 1833 3265 edant?
1881 3204 2144 3285 Denique

2231 3202 2421 3257 κοσίων
2474 3197 2686 3279 ἄρτους,
2739 3203 2826 3257 καὶ
2874 3198 3128 3277 δώσωμεν
3182 3200 3365 3267 αὺτοῖς
3419 3215 3660 3282 γαγεῖνς
3716 3198 3877 3265 Τέλος

466 3320 467 3329 ι
502 3290 855 3354 recumbere
886 3290 1024 3373 facit
1053 3309 1261 3352 omnes
1290 3292 1347 3353 in
1379 3291 1513 3354 feno
1544 3301 1845 3374 separatos
1881 3315 1894 3357 :
1927 3295 2041 3356 hoc
2061 3302 2149 3356 est

504 3380 666 3442 enim
698 3378 1039 3440 Distributis
1072 3378 1380 3452 conviviis,
1416 3380 1475 3441 id
1506 3390 1594 3442 est
1624 3382 1873 3444 diversis
1895 3382 2142 3457 mensis,

503 3470 659 3549 quod
685 3470 901 3530 iterum
932 3467 1199 3548 designat
1234 3469 1374 3530 dum
1395 3469 1559 3545 dicit,
1587 3471 2027 3535 Discubuerunt
2057 3472 2146 3533 di-

498 3557 670 3619 visim
713 3557 775 3618 in
809 3557 1057 3631 areolas,
1108 3559 1219 3620 hoc
1248 3566 1337 3620 est
1365 3559 1583 3621 multas
1610 3565 1894 3641 partes;et
1924 3562 2142 3623 sectio-

2229 3290 2409 3365 μέντοι
2470 3288 2734 3347 ἀνακλίνει
2792 3291 2990 3357 πάντας
3051 3289 3137 3348 επὶ
3190 3297 3270 3366 τῷ
3325 3291 3510 3371 χόρτῳ
3550 3289 3875 3370 διακεχωρι-

2230 3379 2473 3455 σμένους.
2509 3387 2673 3438 Τοῦτο
2701 3380 2804 3460 γάρ
2828 3382 2943 3437 ἔστι
2984 3382 3066 3456 τὸ,
3129 3380 3408 3457 Συμπόσια
3441 3379 3731 3457 συμπόσια,
3764 3379 3875 3436 ἀντὶ

2227 3476 2317 3526 τοῦ
2358 3467 2619 3540 τραπέζας
2662 3466 2964 3549 διαφόρους,
3026 3477 3192 3527 Τοῦτο
3256 3468 3312 3525 δὲ
3364 3470 3616 3547 σημαίνει
3660 3471 3747 3525 καὶ
3788 3470 3874 3547 τὸ,

2227 3558 2449 3637 Πρασιαὶ
2517 3556 2795 3633 ἀνέπεσον,
2868 3557 3128 3634 τουτέστι,
3205 3555 3429 3639 διάφορα
3485 3558 3738 3635 κόμματα
3789 3579 3858 3614 κα

500 3667 631 3710 nes.
683 3648 912 3710 Areolae
961 3647 1119 3709 enim
1168 3648 1449 3710 dicuntur
1502 3618 1677 3713 variae
1731 3620 2030 3713 sectiones
2074 3651 2137 3713 in

2231 3618 2377 3727 μέρη.
2430 3647 2650 3727 Πρασιαὶ
2706 3618 2806 3725 γὰρ
2858 3618 3219 3726 λέγονταιιλτά
3260 3618 3318 3703 ξύ
3356 3618 3474 3714 ¹Ιτοῖς
3517 3618 3710 3719 agitat:
3740 3618 3881 3703 διεί-ὶ

500 3735 686 3798 hortis
758 3735 816 3798 in
897 3736 1112 3817 quibus
1172 3737 1507 3819 plantantur
1552 3740 1709 3801 varia
1792 3739 2143 3822 plerumque

2231 3759 2357 3817 popa:
2398 3736 2676 3812 κόμματα,
2729 3736 2784 3793 έν
2827 3740 2914 3802 οἷς
2976 3736 3283 3817 φυτεύονται
3341 3734 3565 3818 διάφορα
3620 3734 3879 3800 πολλάκις

500 3825 684 3888 olera.
1173 3863 1179 3869 -

578 3913 762 3978 Vens.
797 3915 1012 3977 41-44.
1053 3940 1079 3969 (ι
1114 3913 1185 3975 Et
1213 3934 1350 3977 cum
1382 3917 1711 3996 accepirset
1740 3918 2004 4000 quinque
2035 3940 2145 4001 pa-

498 4022 605 4066 nes
629 4011 686 4064 et
709 4003 858 4064 duos
891 4003 1363 4084 pisces,sublatis
1393 4005 1451 4065 in
1476 4005 1690 4066 coelum
1723 4008 1936 4085 oculis,
1954 4008 2145 4072 bene-

502 4094 650 4156 dixit
680 4111 748 4154 ac
795 4092 972 4171 fregit
1003 4109 1208 4172 panes,
1236 4093 1521 4173 deditque
1550 4093 1862 4176 discipulis
1905 4098 2051 4176 suis,
2085 4107 2149 4160 ut

497 4189 869 4263 apponerent
899 4181 1015 4241 illis
1049 4201 1062 4241 :
1100 4188 1159 4242 et
1195 4182 1346 4243 duos
1380 4182 1573 4262 pisces
1605 4183 1801 4247 divisit
1845 4187 2144 4251 omnibus.

495 4272 567 4334 Et
596 4269 985 4334 comederunt
1013 4289 1243 4352 omnes,
1277 4289 1345 4333 ac
1374 4274 1617 4334 saturati
1642 4284 1868 4349 sunt,et
1896 4277 2141 4340 sustule»

2230 3825 2334 3887 λάγ
2346 3847 2465 3887 ανα.

2300 3849 2465 3906 χανα.

2313 3936 2345 3973 ε
2392 3916 2489 3973 Καὶ
2567 3913 2744 3973 λαϐὼν
2799 3915 2921 3981 τοὺς
3006 3915 3162 3974 πέντε
3216 3913 3403 3995 ἄρτους
3473 3917 3562 3973 καὶ
3616 3917 3737 3979 τοὺς
3793 3913 3881 3972 δύο

2229 4006 2440 4085 ἰχθύας,
2516 4003 2821 4082 ἀναϐλέψας
2882 4007 2956 4071 εἰς
3012 4006 3104 4061 τὸν
3174 4004 3423 4084 οὐρανὸν,
3467 4003 3748 4085 εὖλόγησε⁶
3793 4008 3881 4062 xii

2227 4095 2521 4151 κατέκλασε
2577 4095 2699 4158 τοὺς
2756 4093 2965 4174 ἄρτους,
3038 4095 3126 4151 καὶ
3202 4092 3365 4151 ἰδίδου
3433 4109 3551 4158 τοῖς
3608 4097 3877 4171 μαθηταῖς

2229 4184 2408 4259 abte},
2468 4182 2564 4241 ¹ίνα
2621 4187 2925 4258 παραθῶσιν
2974 4186 3159 4246 αὐτοῖς
3191 4202 3207 4217 ⁸
3253 4186 3343 4241 καὶ
3393 4186 3513 4249 τοὺς
3563 4182 3650 4241 δύο
3690 4184 3877 4264 ἰχθύας

2228 4274 2439 4351 ἐμέρισε
2501 4279 2657 4336 πᾶσι.
2720 4273 2819 4331 Καὶ
2873 4272 3069 4354 ἔφαγον
3125 4274 3343 4354 πάντες,
3406 4275 3494 4331 καὶ
3539 4274 3876 4354 ἐχορτάσθη-

496 4368 638 4423 runt
661 4360 1124 4438 fragmentorum
1156 4360 1473 4424 duodecim
1496 4361 1781 4442 c0phinos
1826 4367 2056 4446 plenos,
2093 4377 2144 4429 et

2231 4384 2350 4442 σαν,
2412 4364 2499 4418 καὶ
2541 4363 2676 4441 ἦραν
2720 4361 3042 4437 κλασμάτων
3083 4359 3283 4420 δώδεκα
3330 4365 3573 4444 κοφίνους
3629 4362 3876 4443 πλήρεις,

500 4451 575 4512 de
605 4448 995 4559 piscibus..Et
1024 4459 1192 4510 erant
1223 4449 1324 4559 qui
1354 4450 1737 4551 comederam
1771 4456 2144 4537 panes,quin-

2232 4454 2319 4508 καὶ
2375 4453 2482 4509 ἀπὸ
2539 4458 2646 4509 τῶν
2692 4452 2916 4533 ἰχθύων.
2979 4453 3076 4511 Καὶ
3132 4452 3271 4521 ἦσαν
3347 4454 3395 4509 οί
3449 4454 3705 4533 φαγὸντες
3759 4454 3880 4516 τοὺς

502 4558 617 4621 que
650 4537 836 4598 millia
865 4538 1147 4599 virorum.
1183 4559 1211 4598 ›
1249 4538 1507 4619 Suspicit
1555 4540 1617 4602 in
1660 4541 1902 4625 caelum,
1936 4545 2144 4625 partim

2234 4541 2452 4621 ἄρτους,
2496 4540 2927 4622 πεντακισχίλιοι
2974 4538 3177 4620 ἄνδρες.
3225 4566 3255 4599 ε
3309 4539 3622 4600 ’Λναόλέπει
3677 4543 3751 4607 εἰς
3791 4544 3883 4599 τὸν

499 4646 609 4693 nos
632 4627 858 4689 docens
887 4645 921 4687 a
941 4625 1064 4687 Deo
1096 4634 1304 4707 petere
1324 4628 1550 4710 cibum,
1587 4648 1704 4692 non
1736 4650 1771 4693 a
1799 4632 2066 4696 diabolo:
2091 4635 2144 4697 id

2234 4633 2476 4711 οὐρανὸν,
2536 4631 2648 4706 ἅμα
2693 4632 2792 4708 μὶν
2832 4633 2921 4697 καὶ
2961 4633 3107 4708 ἡμᾶς
3133 4629 3392 4689 διδάσκων
3436 4632 3580 4710 παρὰ
3620 4638 3714 4689 τοῦ
3756 4639 3887 4691 Θεοῦ

499 4716 918 4799 quodfaciunt
946 4716 1050 4795 qui
1104 4716 1345 4796 injustis
1394 4718 1609 4798 praedis
1658 4723 1903 4785 vivunt:
1940 4724 2144 4805 partim

2234 4720 2499 4777 αἰτεῖσθαι
2557 4720 2657 4788 τὴν
2724 4721 2948 4800 τροφὴν,
2994 4722 3083 4779 καὶ
3136 4720 3215 4798 μὴ
3278 4722 3422 4800 παρὰ
3475 4731 3569 4781 τοῦ
3614 4719 3882 4780 διαϐόλου·

501 4815 841 4869 monstrans
871 4805 1058 4895 turbis
1104 4823 1169 4869 se
1220 4826 1339 4868 non
1387 4825 1518 4869 esse
1557 4808 1958 4874 adversarium
2003 4813 2144 4895 Deo,

2235 4806 2364 4887 ὅπερ
2415 4810 2656 4865 ποιοῦσιν
2710 4812 2758 4866 οἱ
2827 4808 2878 4874 ἕξ
2936 4806 3129 4866 ἀδίκων
3187 4809 3368 4887 πόρων
3436 4807 3829 4890 διατρεφόμενοι
3864 4826 3879 4840 ’

499 4915 675 4977 quem
709 4894 1037 4959 invocabat.
1077 4897 1256 4957 Porro
1279 4896 1594 4977 discipulis
1620 4897 1742 4972 dat,
1772 4918 1848 4962 ne
1871 4894 2144 4966 miraculi

2231 4896 2365 4975 ἅμα
2401 4897 2456 4953 δὲ
2511 4899 2602 4956 καὶ
2656 4911 2773 4963 τοῖς
2827 4896 3014 4979 ὄχλοις
3056 4901 3177 4956 τότε
3219 4897 3468 4957 δεικνύων
3516 4901 3588 4965 ὡς
3619 4903 3713 4959 οὐκ
3742 4899 3883 4957 ἔστιν

500 4984 944 5060 obliviscantur,
980 4985 1115 5066 quia
1136 4985 1257 5046 suis
1290 4987 1561 5048 manibus
1592 4989 2133 5072 tenuissentpanes.

2231 4988 2475 5069 ὶντίθεος,
2534 4986 2669 5044 ἀλλά
2724 4990 2815 5044 τὸν
2864 4991 2996 5045 Θεὸν
3038 4987 3385 5050 ἐπικαλεῖται.
3427 4987 3616 5046 Δίδωσι
3658 4988 3712 5046 δὲ
3743 5005 3860 5055 τοῖς

498 5074 743 5137 Residui
776 5083 969 5135 autem
1013 5082 1149 5135 sunt
1174 5074 1487 5138 duodecim
1519 5077 1783 5158 c0phini,
1820 5081 2032 5144 eadem
2063 5083 2137 5146 de

2231 5080 2507 5154 ιαθηταῖς,
2568 5078 2660 5136 ’ίνα
2715 5086 2807 5137 τοῦ
2871 5079 3135 5155 θαύματος
3207 5079 3285 5155 μὴ
3341 5078 3715 5155 ἐπιλάθωνται,
3784 5083 3859 5146 ὡς

498 5170 766 5243 causa,ut
794 5163 917 5225 suis
946 5164 1164 5244 quique
1193 5164 1461 5227 humeris
1479 5185 1660 5227 unum
1691 5177 2141 5247 gestantes,me-

2231 5169 2345 5231 ταῖς
2405 5168 2616 5233 οἰκείαις
2657 5171 2812 5249 χερσὶ
2858 5166 3126 5245 δεξάμενοι
3173 5170 3294 5233 τοὺς
3351 5168 3562 5249 ἄρτους.
3612 5173 3709 5231 Καὶ
3751 5169 3861 5229 δώ-

495 5252 688 5312 moria
738 5270 865 5313 rem
919 5262 1247 5317 servarent.
1276 5254 1525 5315 Virtutis
1557 5263 1752 5317 autem
1805 5261 2139 5337 magnitudo

2238 5255 2362 5314 δέκα
2423 5256 2477 5314 δὲ
2531 5258 2739 5338 κόφινοι
2769 5258 3150 5335 περιττεύουσι,
3182 5255 3248 5313 δι’
3279 5261 3408 5317 αὐτὸ
3459 5266 3641 5343 τοῦτο,
3683 5258 3776 5317 ἵνα
3806 5261 3873 5319 ἰπ

499 5339 1161 5434 indicatur,_quodunon
1184 5343 1373 5404 solum
1418 5352 1542 5434 tam;
1581 5345 1748 5434 multi
1801 5359 2144 5434 pascuntur,

2232 5348 2398 5426 ὤμων
2458 5348 2679 5415 ἕκαστος
2737 5349 2867 5430 ἄρας
2938 5347 3178 5429 κόφινον,
3236 5347 3591 5417 ἀνεπίληστον
3623 5339 3786 5430 ⁷τηρῇ
3826 5353 3890 5407 τὸ

498 5428 607 5491 sed
632 5437 690 5491 et
720 5430 901 5493 multa
934 5431 1354 5511 relinquuntur
1389 5432 1649 5498 residua.
1700 5433 1971 5498 Moses”
1989 5428 2144 5505 enim

2235 5445 2433 5516 θαῦμα.
2479 5428 2782 5519 Περιουσίαή
2807 5440 2862 5496 ὂὶ
2913 5439 3209 5515 δυνάμεως,
3267 5439 3329 5495 τὸ
3371 5440 3451 5514 μὴ
3497 5441 3660 5516 μόνον
3700 5428 3893 5521 θρέψαι

579 5598 639 5650 8³
669 5598 858 5663 Exod.
890 5617 953 5683 ι,
988 5601 1089 5661 12.
