4144 6212
502 300 623 366 559

1467 296 2060 365 ΤΗΕΟΡΗηΑοΤΙ
2111 273 2521 356 IiULeARnE
2563 294 2915 359 ARCHIEP.

3760 283 3883 347 560

583 436 767 497 Vens.
792 433 1012 497 53-56.
1054 456 1079 493 ι
1108 434 1181 495 Et
1203 452 1335 495 cum
1369 429 2146 513 trajecissent,veneruntin

2318 451 2346 483 ι
2396 432 2493 489 Καὶ
2547 429 2981 510 διαπεράσαντες,
3036 428 3200 496 ἦλθον
3253 427 3339 484 ἰπὶ
3378 426 3477 494 τὴν
3527 425 3632 503 γῆν
3683 429 3884 489 Γεννη-

506 536 721 588 terram
763 528 1155 601 Genezareth,
1220 533 1277 586 et
1315 525 1728 605 applicuerunt
1780 526 1834 585 in
1894 529 2152 602 portum.

507 616 771 696 Cumque
790 617 1013 695 egressi
1036 623 1234 677 essent
1257 634 1289 676 e
1312 615 1466 690 navi,
1494 616 1773 676 continuo
1793 617 2156 691 agnoverunt

506 723 667 766 eum:
695 724 762 767 ac
785 713 1205 786 percurrentes
1233 712 1416 764 totam
1459 705 1723 784 undique
1748 701 2051 780 regionem
2075 697 2153 757 il-

508 794 647 874 lam,
681 803 992 875 cceperunt
1022 795 1081 854 in
1106 794 1277 856 lectis
1304 811 1405 855 eos
1424 793 1523 874 qui
1547 793 1698 854 male
1718 788 2013 855 habebant
2033 787 2153 849 cir«

509 882 970 963 cumferre,cum
993 882 1299 944 audissent
1319 900 1451 944 eum
1480 882 1600 943 illic
1628 888 1848 943 esse2et
1877 896 2151 959 quocun-

508 990 623 1052 que
652 971 1216 1034 introissetinvicos
1258 979 1357 1032 aut
1404 970 1695 1044 civitates,
1744 978 1843 1030 aut
1872 968 1932 1028 in
1962 966 2151 1044 villas,

507 1062 569 1122 in
593 1060 805 1140 plateis
828 1061 1124 1140 ponebant
1141 1059 1979 1139 iutirmos,etdeprecabantur
1991 1073 2149 1128 eum,

511 1156 575 1209 ut
630 1151 722 1211 vel
779 1148 1075 1210 fimbriam
1142 1148 1471 1210 vestimenti
1529 1150 1658 1228 ejus
1715 1153 2153 1226 tangerentzet

512 1247 800 1321 quotquot
830 1238 1324 1315 tangebanteum,
1362 1238 1503 1299 salvi
1535 1236 1777 1298 fiebant.
1810 1262 1834 1291 ιι
1863 1233 2003 1296 2οὃ
2026 1233 2153 1295 Ali—

513 1335 728 1407 quanto
743 1326 1376 1407 tempore,utvidetur,
1400 1330 1813 1405 peregrinatus
1832 1334 1921 1386 est
1950 1322 2155 1385 Domi-

2237 518 2395 598 σαρέτ
2424 535 2439 550 ⁸
2502 522 2590 577 καὶ
2644 520 3147 600 προσωρμίσθησαν,
3190 519 3287 579 καὶ
3349 514 3680 594 ἆξελθόντωνξ
3714 515 3885 571 αὑτῶν

2237 606 2298 663 ἐκ
2350 616 2442 665 τοῦ
2511 608 2720 685 πλοίου,
2775 609 2961 675 εὐθέως
3018 608 3324 687 ἐπιγνόντες
3391 606 3569 680 αὒτὸν,
3631 602 3885 684 περιδρα-

2237 696 2427 772 μόντες
2488 697 2621 766 ὅλην
2692 699 2793 766 τὴν
2847 698 3147 777 περίχωρον
3232 696 3461 775 ἐκείνην,
3526 693 3747 773 ἤρξαντο
3804 691 3889 748 ἰπὶ

2236 800 2353 850 τοῖς
2410 786 2725 866 κραϐϐάτοις
2808 788 2927 853 τοὺς
3011 786 3188 851 κακῶς
3266 785 3491 865 ἔχοντας
3559 783 3883 864 περιφέρειν,

2236 873 2369 933 ὅπου
2422 876 2615 945 ἤκουον
2675 876 2757 933 ὅτι
2804 875 2920 934 ἐκεῖ
2946 879 3059 933 ἔστι
3092 894 3108 911 '
3155 877 3242 933 καὶ
3271 875 3405 933 ὅπου
3439 873 3500 930 ἂν
3531 874 3892 951 εἰσεπορεύετο

2237 966 2310 1030 εἷς
2354 966 2539 1042 κώμας
2596 966 2632 1035 ἢ
2668 965 2852 1031 πόλεις
2895 966 2931 1035 ἢ
2975 966 3187 1047 ἀγροὺς,
3234 968 3290 1021 iv
3332 976 3454 1028 ταῖς
3517 963 3742 1042 ἀγοραῖς
3776 961 3891 1017 ἐτί-

2234 1059 2353 1112 θουν
2405 1058 2526 1121 τοὺς
2584 1056 2948 1131 ἀσθενοῦντας,
3022 1056 3111 1112 καὶ
3187 1053 3517 1133 παρεκάλουν
3574 1054 3733 1109 αὖτον
3798 1050 3894 1106 ’ἵνα

2234 1143 2333 1199 κᾶν
2387 1151 2479 1200 τοῦ
2533 1143 2826 1221 κρασπέδου
2880 1152 2973 1202 τοῦ
3027 1144 3236 1221 ἱματίου
3294 1147 3451 1202 αὐτοῦ
3506 1142 3770 1221 ἅψωνται,
3805 1146 3895 1201 καὶ

2235 1230 2351 1288 ὅσοι
2409 1231 2470 1289 ἂν
2527 1232 2759 1300 ἥπτοντο
2813 1238 2997 1309 αὐτοῦ,
3047 1235 3328 1306 ἐσώζοντο.
3378 1234 3477 1290 Διᾶ
3531 1232 3755 1314 χρόνου,
3819 1232 3893 1293 ὣς

2236 1320 2432 1397 ἔοικεν,
2493 1321 2831 1399 ἐπεδήμησεν
2887 1326 2915 1381 ὃ
2983 1326 3168 1403 Κύριος
3251 1331 3331 1399 τῷ
3406 1325 3581 1397 τόπῳ.
3638 1324 3733 1378 Διὸ
3808 1323 3897 1377 καὶ

513 1404 624 1478 rius
665 1416 725 1476 in
754 1404 885 1477 loco
943 1415 1068 1495 illo,
1103 1433 1173 1477 eo
1204 1414 1359 1495 quod
1393 1404 1756 1492 evangelista
1785 1413 1930 1475 dicit
1962 1435 1975 1471 :
2009 1414 2152 1473 Cum

2240 1413 2268 1466 ὁ
2301 1410 2681 1489 εὖαγγελιστὴς
2712 1410 2855 1491 λέγει
2890 1429 2904 1443 ⁹
2970 1404 3307 1492 Ἐπιγνόντες
3357 1413 3537 1493 αὐτὸν,
3570 1410 3896 1491 προσέφερον

513 1504 1106 1583 agnovissentillum,
1135 1504 1456 1565 attulerunt
1484 1504 1777 1565 inﬁrmos.
1824 1502 1954 1563 Non
1998 1502 2152 1562 enim

2240 1501 2360 1565 τοὺς
2417 1500 2681 1565 ἀσθενεῖς.
2743 1504 2850 1560 Οὐκ
2891 1502 2967 1559 ἔτι
3010 1505 3109 1582 γὰρ
3167 1503 3240 1568 εἷς
3290 1504 3385 1566 τὰς
3418 1502 3587 1566 οἰκίας
3643 1499 3893 1577 έκάλουν,

513 1595 573 1656 in
607 1593 815 1655 domos
836 1594 1026 1673 ipsum
1060 1593 1369 1669 vocabant,
1406 1594 1510 1655 sed
1558 1593 1672 1673 ipsi
1702 1591 2029 1655 afferebant
2059 1608 2152 1651 eos

2241 1588 2363 1647 ἀλλ’
2420 1590 2565 1646 αὒτοὶ
2620 1588 2821 1666 μᾶλλον
2882 1592 3203 1673 προσέφερον
3241 1594 3364 1656 τοὺς
3414 1597 3593 1656 κακῶς
3637 1590 3893 1669 ἔχοντας,

514 1683 617 1763 qui
637 1684 790 1744 male
810 1683 1526 1765 babebant,obsecrantes
1542 1692 1605 1744 ut
1618 1684 1732 1743 illis
1747 1683 1834 1743 vel
1859 1680 2152 1743 ﬁmbriam

2242 1678 2665 1758 παρακαλοῦντες
2736 1681 2829 1737 ἵνα
2913 1680 3008 1738 κᾶν
3088 1684 3183 1739 τοῦ
3257 1678 3550 1761 κρασπέδου
3626 1679 3899 1754 ἅψωνται.

513 1772 856 1833 vestimenti
893 1783 1136 1850 tangere
1172 1771 1364 1833 liceat.
1402 1774 1550 1834 Nam
1593 1771 1943 1833 miraculum
1999 1768 2152 1849 quod

2243 1770 2315 1826 Τὸ
2372 1769 2471 1847 γὰρ
2552 1771 2671 1849 περὶ
2740 1771 2834 1838 τὴν
2905 1770 3181 1849 αἱμόῤῥουν
3256 1774 3449 1847 θαῦμα,
3533 1769 3746 1826 πάντων
3802 1767 3903 1829 τὰς

512 1860 575 1921 in
606 1863 853 1923 muliere
872 1872 1147 1941 Operatus
1163 1862 1371 1942 fuerat,
1400 1881 1527 1942 qua:
1545 1860 1851 1941 sanguinis
1874 1858 2152 1938 proﬂuvio

2243 1858 2406 1920 ἀκοὰς
2440 1858 2734 1939 ἕκατέσχε,
2796 1860 2882 1916 καὶ
2954 1860 3171 1918 πλείονα
3227 1861 3402 1917 πίστιν
3473 1863 3657 1922 αὐτοῖς
3706 1856 3904 1923 ἰνέθηο

514 1949 838 2027 laborabnt,
873 1950 944 2010 ad
975 1950 1245 2012 omnium
1277 1969 1452 2013 aures
1491 1963 1838 2031 pervenerat
1862 1948 2161 2028 ﬁdemque
2243 1967 2357 2009 κεν.

515 2048 782 2101 auxerat.

1140 2127 1386 2192 CAPUT
1419 2128 1544 2193 VII.

2877 2138 3130 2192 ΚΕΦΛΛ.
3177 2133 3256 2193 z’.

520 2216 612 2279 De
658 2217 989 2299 discipulis
1041 2217 1228 2280 illatis
1250 2220 1535 2281 manibus
1584 2216 2045 2307 comedeutibus.
2085 2214 2152 2277 De

2249 2224 2371 2301 Περὶ
2423 2230 2529 2282 τῶν
2582 2228 2833 2307 μαθητῶν
2882 2226 3129 2307 ἀνιπτοῖς
3174 2227 3358 2307 χερσὶν
3410 2225 3709 2283 ἰσθιόντων.
3772 2230 3876 2307 Περ

597 2310 1072 2385 transgressione
1129 2308 1564 2370 mandatorum
1618 2306 1752 2369 Dei.
1822 2306 1912 2367 De
1973 2304 2152 2386 Syro-

2328 2309 2435 2368 τῶς
2464 2302 2813 2384 παραϐάσεως
2866 2312 2958 2373 τῆς
3001 2302 3221 2374 ἂντολῆξ
3247 2302 3355 2365 ’τοῦ
3413 2312 3566 2369 Θεοῦ,
3618 2306 3740 2386 Περὶ
3794 2302 3899 2369 τῆς

572 2398 931 2475 phoenissa.
973 2398 1054 2457 De
1086 2395 1364 2460 Sabbalo.

2332 2388 2819 2465 Συροφοινικίσσης,
2853 2388 2975 2465 Περὶ
3006 2394 3097 2444 τοῦ
3124 2386 3424 2452 Σαϐϐάτου,

604 2488 785 2547 Vens.
811 2486 935 2548 1-5.
967 2510 993 2540 α
1027 2484 1100 2547 Et
1127 2485 1487 2547 conveniunt
1507 2484 1579 2546 ad
1601 2502 1737 2547 eum
1763 2484 2059 2553 Pharisaei,
2113 2501 2152 2544 e‘

2336 2503 2363 2534 α
2406 2480 2500 2536 Καὶ
2556 2480 2869 2558 συνάγονται
2939 2482 3068 2560 πρὸς
3139 2481 3299 2538 αὐτὸν
3339 2481 3386 2537 οἱ
3448 2487 3759 2559 Φαρισαῖοι,
3807 2479 3902 2536 καί

452 2566 453 2569 “
520 2573 758 2654 quidam
782 2574 855 2635 de
878 2573 1104 2636 Scribis
1126 2573 1228 2654 qui
1247 2581 1534 2634 venerant
1563 2592 1596 2634 a
1622 2571 2048 2654 Hierosolymis
2076 2590 2088 2634 :
2114 2590 2152 2632 e‘

2250 2589 2388 2631 τινες
2448 2573 2553 2624 τῶν
2610 2570 2972 2648 Γραμματέων
3030 2569 3267 2633 ἐλθόντες
3323 2570 3431 2627 ἀπὸ
3488 2561 3898 2647 Ἱεροσολύμων,

521 2682 653 2724 cum
678 2662 964 2724 vidissent
981 2662 1266 2743 quosdam
1287 2682 1355 2724 ex
1370 2662 1680 2742 discipulis
1701 2661 2152 2742 ejuscommuni.

2250 2660 2339 2714 καὶ
2380 2654 2578 2722 ίδοντες
2632 2660 2779 2723 τινὰς
2828 2665 2934 2717 τῶν
2986 2661 3239 2735 μαθητῶν
3268 2662 3427 2719 αὐτοῦ
3453 2673 3660 2720 κοιναῖς
3716 2659 3898 2738 χερσὶ,

522 2750 1123 2830 busmanibus,id_est
1145 2751 1539 2821 illotis,edere
1564 2770 1767 2833 panes,
1795 2751 2165 2812 incusabant.
2248 2746 2518 2803 τουτέστιν
2600 2747 2861 2824 ἀνίπτοις,
2948 2748 3210 2815 ἐσθίοντας
3289 2745 3499 2829 ἄρτους,
3558 2746 3897 2824 ἒμέμψαντο.

521 2837 664 2901 Nam
688 2840 972 2902 Pharisaei
997 2848 1055 2901 et
1084 2859 1292 2902 omnes
1308 2839 1522 2914 Judaei,
1550 2841 1663 2901 nisi
1711 2840 2047 2902 cubitaliter
2078 2840 2152 2900 la-

2253 2838 2313 2893 Οἱ
2371 2836 2470 2914 γὰρ
2537 2838 2824 2915 Φαρισαῖοι
2892 2840 2981 2895 καὶ
3052 2840 3243 2903 πάντες
3297 2841 3342 2896 οἱ
3399 2835 3670 2913 Ἰουδαῖοι,
3696 2836 3789 2893 ἰὰ]
3818 2838 3900 2911 μὴ

523 2930 717 2990 varint
738 2949 974 3011 manus,
1020 2949 1140 2990 non
1168 2930 1407 3010 capiunt
1437 2930 1662 3004 cibum,
1701 2938 1970 2991 tenentes
1997 2928 2152 2990 insti-

2253 2933 2442 3004 πυγμῇ
2498 2928 2752 3003 νίψωνται
2808 2930 2903 2992 τὰς
2946 2942 3164 3010 χεῖρας,
3199 2929 3295 2987 οὒκ
3340 2928 3586 3000 ἐσθίουσι,
3635 2933 3893 3004 κρατοῦν-

522 3026 643 3079 tuta
669 3021 983 3099 majorum:
1021 3029 1077 3081 et
1110 3039 1143 3080 a
1173 3020 1297 3080 foro
1321 3019 1773 3095 venientes,nisi
1804 3019 1905 3081 loti
1932 3020 2146 3080 fuerint

2253 3037 2343 3080 τες
2397 3016 2496 3084 τὴν
2542 3014 2827 3095 παράδοσιν
2875 3024 2979 3075 τῶν
3033 3016 3396 3099 πρεσϐυτέρων
3428 3033 3443 3048 ⁸
3503 3016 3591 3073 καὶ
3620 3015 3727 3072 ἀπὸ
3757 3015 3897 3094 ἀγο-

523 3126 642 3168 non
676 3108 997 3169 comedunt
1026 3128 1042 3185 ;
1077 3117 1134 3171 et
1163 3109 1276 3169 alia
1310 3109 1496 3169 multa
1520 3116 1658 3170 sunt
1687 3127 1819 3189 qua:
1881 3127 2152 3188 suscepe-

2253 3111 2367 3182 ρᾶς,
2425 3104 2515 3163 ἐὰν
2573 3106 2647 3181 μὴ
2700 3106 3080 3183 βαπτῖσωνται,
3141 3107 3236 3165 οὒκ
3305 3106 3526 3164 ἂσθίουσι
3563 3124 3578 3139 ·
3629 3106 3716 3161 καὶ
3760 3103 3897 3161 ἄλλα

522 3205 661 3256 runt
702 3196 1010 3271 servanda,
1046 3216 1264 3276 nempe
1299 3197 1553 3259 lotiones
1584 3199 1926 3277 poculorum
1976 3204 2033 3257 et
2060 3216 2152 3257 ur-

2248 3194 2607 3270 πολλάξέστιν
2663 3193 2697 3251 ἃ
2756 3194 3054 3276 παρέλαϐον
3098 3210 3339 3277 κρατεῖν,
3397 3194 3727 3272 βαπτισμοὺς
3788 3213 3893 3249 πο-

523 3301 786 3357 ceorum,
820 3294 876 3345 et
926 3294 1403 3359 mramentorum,
1464 3295 1523 3346 et
1579 3286 1888 3347 lectorum.
1940 3285 2152 3347 Deinde

2252 3285 2444 3363 τηρίων
2471 3285 2785 3364 καὶλξεστῶν
2820 3287 2909 3343 καὶ
2956 3285 3227 3366 χαλκείων
3284 3287 3371 3342 καὶ
3418 3282 3635 3347 κλινῶν,
3683 3283 3699 3307 ’
3726 3291 3892 3340 Επει-

521 3372 884 3451 interrogant
909 3393 1045 3435 eum
1078 3373 1357 3434 Pharisaei
1383 3382 1440 3435 et
1472 3374 1719 3437 Scribae:
1754 3373 1949 3446 Quare
1980 3374 2152 3435 ilisci-

2248 3395 2314 3429 τα
2356 3375 2691 3452 ἓπερωτῶσιν
2748 3374 2904 3433 αὐτὸν
2955 3378 3002 3433 οἱ
3044 3382 3328 3455 Φαρισαῖοι
3383 3374 3472 3431 καὶ
3527 3374 3576 3429 οἱ
3634 3377 3888 3452 Γραμμα-

524 3462 645 3540 puli
680 3463 897 3523 tuinon
921 3462 1407 3543 ambulantjuxta
1425 3465 1797 3528 traditionem
1831 3464 2152 3537 seniorum1

2248 3476 2387 3537 τεϊς,
2447 3464 2596 3519 Διατί
2666 3465 2713 3521 οἱ
2770 3468 2999 3541 μαθηταί
3054 3486 3148 3522 σου
3221 3464 3280 3522 οὗ
3342 3468 3689 3542 περιπατοῦσι
3760 3461 3895 3518 κατὰ

520 3550 625 3611 sed
655 3549 835 3611 illotis
867 3552 1141 3614 manibus
1171 3552 1355 3613 edunt
1389 3572 1597 3633 panem
1625 3559 1653 3615 ?
1690 3578 1714 3608 ι
1742 3551 2152 3631 DiscipuliDo-

2247 3552 2344 3618 τὴν
2442 3550 2727 3629 παράδοσιν
2823 3557 2929 3611 τῶν
3015 3551 3399 3634 πρεσϐυτέρων,
3477 3549 3595 3608 ἀλλ’
3654 3550 3893 3612 ἀνίπτοις

523 3638 666 3699 mini
699 3639 857 3700 docti
887 3641 1071 3701 solam
1114 3645 1387 3703 virtutem
1413 3643 1767 3723 amplexari,
1802 3650 1859 3702 et
1916 3640 1976 3700 in
2033 3640 2152 3701 aliis

2247 3641 2429 3720 χερσὶν
2485 3642 2706 3699 ἐσθίουσι
2760 3644 2851 3700 τὸν
2898 3642 3101 3724 ἄρτον;
3165 3666 3187 3699 ε
3252 3646 3313 3703 Οἱ
3347 3650 3441 3699 τοῦ
3497 3642 3681 3718 Κυρίου
3711 3642 3891 3716 μαθη-

521 3746 637 3788 non
673 3747 805 3789 esse
825 3730 1218 3810 superstitiosi
1235 3732 1430 3801 ,illotis
1452 3730 1723 3792 manibus
1745 3729 2152 3803 comedebant,

2244 3732 2329 3787 ταὶ
2380 3729 2714 3811 διδαχθέντες
2757 3733 2932 3809 μόνης
2987 3732 3304 3813 ἀντέχεσθαι
3372 3736 3471 3798 τῆς
3517 3728 3733 3809 ἀρετῆς,
3793 3726 3887 3785 καὶ

520 3817 870 3897 simpliciter
918 3828 973 3879 et
1021 3820 1242 3900 absque
1291 3821 1652 3882 curiositate.
1689 3816 1970 3881 Pharisrei
2024 3836 2152 3897 ergc

2248 3817 2416 3895 μηδὲν
2514 3818 2645 3877 ἄλλο
2737 3822 3324 3902 προσπεριεργάζεσθάι,
3401 3818 3638 3881 ἃνίπτοις
3707 3819 3889 3898 χερσὶν

518 3915 853 3987 quaerentes
922 3910 1173 3970 convicii
1217 3909 1618 3988 occasionem,
1656 3908 1800 3969 illud
1832 3908 2152 3987 reprehen—

2245 3906 2425 3975 ἤσθιον
2506 3909 2828 3992 ἀπεριέργως
2911 3914 2998 3970 καὶ
3054 3909 3260 3986 ἁπλῶς
3348 3911 3408 3967 Οἱ
3459 3908 3549 3965 οὗν
3602 3914 3886 3987 Φαρισαῖοι

517 3995 684 4056 dunt:
721 4014 913 4077 neque
938 3998 1394 4077 reprehendunt
1419 3998 1552 4058 illos
1582 3994 2152 4075 uttransgredientes

2245 3997 2483 4062 θέλοντες
2567 4002 2737 4080 εὑρεῖν
2821 4000 3143 4077 σκώμματος
3213 3998 3498 4079 πρόφασιν,
3577 3995 3887 4073 δράσσονται

518 4084 733 4164 legem,
766 4087 870 4147 sed
902 4086 1252 4148 traditiones
1314 4088 1643 4149 seniorum.
1696 4084 1823 4145 Non
1882 4085 2041 4146 enim
2098 4085 2152 4145 in

2242 4086 2428 4143 τούτου
2464 4107 2477 4121 ·
2520 4090 2608 4145 καὶ
2660 4091 2720 4146 οὒ
2770 4088 3067 4170 μέμφονται
3115 4089 3304 4153 αὖτοὺς
3345 4089 3418 4152 ὡς
3471 4083 3886 4166 παραϐαίνοντας

517 4172 647 4251 lege
692 4174 980 4255 scriptum
1022 4183 1151 4236 erat
1183 4196 1195 4209 ·
1232 4175 1542 4235 lavandum
1569 4174 2045 4248 cubitaliter,hoc
2075 4184 2152 4236 est

2244 4176 2333 4232 τὸν
2391 4178 2574 4254 νόμον,
2633 4176 2771 4235 ἀλλὰ
2832 4176 3118 4258 παράδυσιν
3184 4183 3292 4234 τῶν
3365 4173 3752 4256 πρεσϐυτέρων.
3815 4177 3886 4234 Οὖ

515 4280 706 4342 usque
737 4263 809 4324 ad
842 4264 1103 4325 cubitum
1142 4264 1400 4344 (cubitus
1429 4266 1588 4327 enim
1644 4264 1861 4325 dicitur
1916 4282 1950 4323 a
2005 4265 2152 4325 ﬂexu

2245 4265 2343 4344 γὰρ
2387 4266 2441 4322 ἐν
2495 4273 2573 4341 τῷ
2615 4267 2763 4344 νόμῳ
2808 4267 3099 4347 γέγραπται
3148 4267 3414 4326 νίπτεσθαι
3456 4271 3668 4345 πυγμῇ,
3727 4286 3886 4322 τουτ-

515 4348 743 4412 brachii
777 4371 963 4432 usque
982 4355 1053 4413 ad
1083 4361 1381 4416 extremos
1413 4355 1681 4433 digitos).
1718 4353 1820 4413 sed
1864 4353 1977 4413 hoc
2035 4363 2152 4414 erat

2244 4354 2406 4436 ἐστιν,
2480 4355 2608 4435 ἄχρι
2661 4358 2755 4413 τοῦ
2823 4358 3061 4435 ἀγκῶνος
3119 4356 3330 4436 (πυγμὴ
3390 4354 3491 4435 γὰρ
3558 4353 3769 4433 λέγεται
3822 4354 3884 4410 τὸ

512 4456 546 4498 a
571 4439 912 4501 senioribus
947 4442 1244 4503 traditum.

2242 4442 2348 4499 ἂπὸ
2402 4450 2494 4501 τοῦ
2538 4445 2775 4525 ἂγκῶνος
2830 4445 2957 4527 ἄχρι
3022 4447 3111 4504 καὶ
3164 4451 3273 4504 τῶν
3327 4443 3503 4525 ἄκρων
3560 4442 3878 4524 δακτύλων),

2243 4530 2361 4588 ἀλλ’
2416 4534 2524 4591 ἀπὸ
2580 4542 2686 4593 τῶν
2734 4534 3095 4618 πρεσϐυτέρων
3153 4536 3320 4618 εἶχον
3386 4540 3541 4592 τοῦτο
3596 4529 3883 4613 παραδεδοο

2241 4643 2423 4695 μενον.

592 4710 772 4772 Vens.
798 4709 964 4771 6-13.
1000 4733 1026 4763 α
1052 4708 1124 4770 At
1142 4708 1241 4770 ille
1262 4710 1632 4788 respondens
1658 4711 1809 4773 dixit
1832 4715 1919 4778 eis
1952 4735 1967 4780 :
1995 4716 2152 4778 Bene

2327 4732 2350 4766 ε
2405 4702 2462 4769 ’0
2519 4710 2589 4794 δὲ,
2625 4713 2922 4794 ἀποκριθεὶς
2952 4715 3107 4774 εἶπεν
3137 4718 3341 4791 αὐτοῖς,
3393 4715 3497 4791 ὅτι,
3535 4712 3725 4779 καλῶς
3753 4734 3878 4792 προ-

507 4799 852 4860 vaticinatus
884 4808 973 4859 est
1015 4797 1194 4860 Isaias
1257 4798 1331 4861 de
1384 4798 1548 4860 vobis
1604 4801 1950 4882 liypocritis,
2005 4807 2152 4867 sicut

2237 4802 2520 4880 εφήτευσεν
2579 4793 2804 4867 Ἠσαίας
2854 4807 2970 4887 περὶ
3023 4807 3170 4883 ὑμῶν
3235 4812 3341 4863 τῶν
3399 4807 3716 4887 ὑποκριτῶν,
3804 4806 3878 4867 ὥς

507 4888 795 4969 scriptum
830 4897 917 4950 est
947 4911 959 4951 :
994 4887 1254 4968 Populus
1285 4889 1381 4950 hic
1413 4888 1591 4951 labiis
1622 4910 1714 4950 me
1745 4892 2019 4971 honorat,
2054 4912 2152 4955 cor

2237 4888 2531 4968 γέγραπται
2570 4914 2582 4926 ·
2629 4893 2792 4956 Οὗτος
2836 4896 2865 4950 ὁ
2923 4884 3052 4960 λαὸς
3082 4909 3200 4960 τοῖς
3230 4895 3436 4977 χείλεσί
3464 4916 3531 4971 με
3559 4884 3713 4970 τιμᾷ,
3758 4893 3795 4962 ἠ
3823 4890 3877 4949 δδ

504 4985 698 5038 autem
735 4996 938 5038 eorum
968 4978 1140 5056 longe
1169 4986 1258 5040 est
1286 4996 1319 5038 a
1350 4998 1466 5041 me:
1494 4979 1551 5039 in
1583 4997 1797 5043 vanum
1831 4991 2025 5045 autem
2062 5002 2152 5045 me

2240 4977 2420 5058 καρδία
2473 4983 2643 5040 αὐτῶν
2714 4982 2891 5062 πόῤῥω
2945 4984 3141 5067 ἀπέχει
3214 4983 3309 5043 ἀπ’
3382 4984 3537 5066 ἐμοῦ,
3589 4984 3767 5061 μάτην
3821 4980 3877 5039 δὲ

501 5065 704 5143 colunt
724 5066 1007 5129 docentes
1022 5066 1340 5143 doctrinas,
1355 5078 1646 5149 praecepta
1663 5070 1970 5134 hominum
1989 5071 2148 5134 .Nam

2236 5067 2475 5127 σέϐονταί
2550 5093 2642 5148 με,
2722 5065 3087 5139 διδάσκοντες
3137 5073 3495 5151 διδασκαλίας,
3575 5072 3877 5152 ἐντάλματα

500 5153 721 5215 omisso
747 5166 1041 5236 praecepto
1064 5155 1193 5232 Dei,
1220 5157 1431 5217 tenetis
1452 5159 1929 5222 constitutionem
1950 5162 2147 5224 homi-

2236 5160 2538 5239 ἆκθρώπων.
2626 5161 2875 5245 ’Λφέντες
2955 5165 3056 5244 γὰρ
3130 5164 3230 5233 τὴν
3285 5163 3506 5233 έντολὴν
3571 5171 3671 5222 τοῦ
3720 5155 3873 5243 Θεοῦ,

501 5260 686 5334 n_um_:
713 5243 1046 5306 ablutiones
1078 5264 1392 5307 urceorum
1419 5254 1477 5308 et
1509 5252 1877 5328 poculorum,
1915 5250 2148 5331 aliaque

2236 5264 2474 5330 κρατεῖτε
2527 5252 2625 5321 τὴν
2689 5243 2978 5333 παράδοσιν
3032 5260 3139 5311 τῶν
3189 5253 3499 5334 ἀνθρώπων,
3545 5254 3874 5332 βαπτισμοὺς

497 5328 718 5431 similia
765 5333 856 5393 his
887 5334 1081 5395 facitis
1113 5335 1317 5431 multa.
1356 5337 1428 5397 Et
1485 5336 1722 5431 dicebat
1772 5340 1927 5402 illis:
1977 5328 2142 5401 Bene

2236 5340 2422 5405 Ξεστῶν
2477 5343 2563 5399 καὶ
2620 5343 2910 5422 ποτηρίων,
2972 5344 3060 5400 καὶ
3143 5340 3278 5399 ἄλλα
3335 5343 3604 5421 παρόμοια
3658 5351 3875 5401 τοιαῦτα

493 5423 742 5513 rejicitis
773 5432 1138 5513 praceptum
1172 5423 1275 5513 Dei
1301 5428 1865 5491 ut‘constitutionem
1888 5436 2138 5490 vestram

2236 5428 2400 5487 πολλὰ
2453 5445 2682 5496 ποιεῖτε.
2746 5434 2845 5492 Καὶ
2900 5431 3079 5513 ἔλεγεν
3137 5434 3320 5498 αὐτοῖς
3355 5453 3373 5471 υ
3410 5432 3600 5497 Καλῶς
3636 5432 3872 5489 ἀθετεῖτε

492 5508 958 5571 servetis.Moses
988 5512 1148 5572 enim
1176 5512 1345 5574 dixit:
1374 5512 1611 5576 Honora
1633 5525 1856 5597 patrem
1887 5526 2046 5579 tuum
2080 5527 2136 5579 et

2236 5521 2317 5587 τὴν
2373 5521 2589 5589 ἦντολὴν
2629 5524 2721 5578 τοῦ
2764 5530 2916 5602 Θεοῦ,
2973 5508 3065 5580 ’ἱνα
3108 5524 3208 5592 τὴν
3249 5522 3539 5603 παράδοσιν
3586 5525 3735 5600 ὑμῶν
3763 5544 3871 5592 τη-
